  <div class='ocr_page' id='page_1' title='image "/cluster/home/n/w/nwhite01/storage/ocr_20150623/124/njp.32101010942728/524.png"; bbox 0 0 1867 3081; ppageno 0'>
   <div class='ocr_carea' id='block_1_1' title="bbox 7 146 51 171">
    <p class='ocr_par' dir='ltr' id='par_1_1' title="bbox 7 146 51 171">
     <span class='ocr_line' id='line_1_1' title="bbox 7 146 51 171; baseline 0 0"><span class='ocrx_word' id='word_1_1' title='bbox 7 146 51 171; x_wconf 79' lang='grc'><strong>777</strong></span> 
     </span>
    </p>
   </div>
   <div class='ocr_carea' id='block_1_2' title="bbox 437 141 1212 171">
    <p class='ocr_par' dir='ltr' id='par_1_2' title="bbox 437 141 1212 171">
     <span class='ocr_line' id='line_1_2' title="bbox 437 141 1212 171; baseline 0.003 -2"><span class='ocrx_word' id='word_1_2' title='bbox 437 141 613 171; x_wconf 85' lang='lat' dir='ltr'><strong>EXPOSITIO</strong></span> <span class='ocrx_word' id='word_1_3' title='bbox 633 142 667 170; x_wconf 81' lang='lat' dir='ltr'><strong>IN</strong></span> <span class='ocrx_word' id='word_1_4' title='bbox 687 142 790 170; x_wconf 84' lang='lat' dir='ltr'><strong>EPIST.</strong></span> <span class='ocrx_word' id='word_1_5' title='bbox 811 143 821 170; x_wconf 86' lang='grc' dir='ltr'><strong>Ι</strong></span> <span class='ocrx_word' id='word_1_6' title='bbox 840 143 886 170; x_wconf 82' lang='lat' dir='ltr'><strong>AD</strong></span> <span class='ocrx_word' id='word_1_7' title='bbox 906 143 986 171; x_wconf 80' lang='lat' dir='ltr'><strong>COR.</strong></span> <span class='ocrx_word' id='word_1_8' title='bbox 1008 159 1041 164; x_wconf 94' lang='lat'>—</span> <span class='ocrx_word' id='word_1_9' title='bbox 1062 144 1138 171; x_wconf 77' lang='lat' dir='ltr'><strong>CAP.</strong></span> <span class='ocrx_word' id='word_1_10' title='bbox 1157 144 1212 171; x_wconf 82' lang='lat' dir='ltr'><strong>XV.</strong></span> 
     </span>
    </p>
   </div>
   <div class='ocr_carea' id='block_1_3' title="bbox 1583 145 1635 172">
    <p class='ocr_par' dir='ltr' id='par_1_3' title="bbox 1583 145 1635 172">
     <span class='ocr_line' id='line_1_3' title="bbox 1583 145 1635 172; baseline 0.019 -1"><span class='ocrx_word' id='word_1_11' title='bbox 1583 145 1635 172; x_wconf 86' lang='lat'><strong>778</strong></span> 
     </span>
    </p>
   </div>
   <div class='ocr_carea' id='block_1_4' title="bbox 7 203 795 246">
    <p class='ocr_par' dir='ltr' id='par_1_4' title="bbox 7 203 783 246">
     <span class='ocr_line' id='line_1_4' title="bbox 7 203 783 246; baseline -0.001 -11"><span class='ocrx_word' id='word_1_12' title='bbox 7 209 60 245; x_wconf 73' lang='grc' dir='ltr'>φθαι</span> <span class='ocrx_word' id='word_1_13' title='bbox 76 203 185 246; x_wconf 68' lang='grc' dir='ltr'>φῃσίνθθ</span> <span class='ocrx_word' id='word_1_14' title='bbox 204 204 293 244; x_wconf 73' lang='grc' dir='ltr'>ὥσπερ</span> <span class='ocrx_word' id='word_1_15' title='bbox 314 204 359 234; x_wconf 82' lang='grc' dir='ltr'>καὶ</span> <span class='ocrx_word' id='word_1_16' title='bbox 381 206 396 234; x_wconf 85' lang='lat'><strong>6</strong></span> <span class='ocrx_word' id='word_1_17' title='bbox 416 203 553 245; x_wconf 75' lang='grc' dir='ltr'><strong>προφήτης</strong></span> <span class='ocrx_word' id='word_1_18' title='bbox 573 206 621 242; x_wconf 79' lang='grc' dir='ltr'><strong>τὴν</strong></span> <span class='ocrx_word' id='word_1_19' title='bbox 643 204 783 246; x_wconf 76' lang='grc' dir='ltr'>Ἰερουσα-</span> 
     </span>
    </p>
   </div>
   <div class='ocr_carea' id='block_1_5' title="bbox 886 203 1639 246">
    <p class='ocr_par' dir='ltr' id='par_1_5' title="bbox 886 205 1639 241">
     <span class='ocr_line' id='line_1_5' title="bbox 886 205 1639 241; baseline 0.003 -7"><span class='ocrx_word' id='word_1_20' title='bbox 886 205 1073 234; x_wconf 71' lang='grc' dir='ltr'><strong>ιωδιιιιιοάυιη</strong></span> <span class='ocrx_word' id='word_1_21' title='bbox 1105 206 1237 241; x_wconf 83' lang='lat' dir='ltr'><strong>propheta</strong></span> <span class='ocrx_word' id='word_1_22' title='bbox 1260 205 1332 233; x_wconf 88' lang='lat' dir='ltr'><strong>dixit</strong></span> <span class='ocrx_word' id='word_1_23' title='bbox 1357 206 1507 234; x_wconf 74' lang='lat' dir='ltr'><strong>Jerusalem</strong></span> <span class='ocrx_word' id='word_1_24' title='bbox 1537 214 1639 236; x_wconf 82' lang='lat' dir='ltr'><strong>vocan-</strong></span> 
     </span>
    </p>
   </div>
   <div class='ocr_carea' id='block_1_6' title="bbox 7 245 787 289">
    <p class='ocr_par' dir='ltr' id='par_1_6' title="bbox 7 245 787 289">
     <span class='ocr_line' id='line_1_6' title="bbox 7 245 787 289; baseline -0.001 -9"><span class='ocrx_word' id='word_1_25' title='bbox 7 250 55 288; x_wconf 81' lang='grc' dir='ltr'>λὴμ.</span> <span class='ocrx_word' id='word_1_26' title='bbox 80 245 133 279; x_wconf 76' lang='grc' dir='ltr'>εἷπε</span> <span class='ocrx_word' id='word_1_27' title='bbox 155 249 334 286; x_wconf 76' lang='grc' dir='ltr'><strong>κληθήσεσθαι</strong></span> <span class='ocrx_word' id='word_1_28' title='bbox 355 248 432 279; x_wconf 87' lang='grc' dir='ltr'>πόλιν</span> <span class='ocrx_word' id='word_1_29' title='bbox 457 249 644 289; x_wconf 72' lang='grc' dir='ltr'><strong>δικαιοσύνης,</strong></span> <span class='ocrx_word' id='word_1_30' title='bbox 670 245 716 279; x_wconf 79' lang='grc' dir='ltr'>καὶ</span> <span class='ocrx_word' id='word_1_31' title='bbox 739 251 787 280; x_wconf 90' lang='grc' dir='ltr'>οὖκ</span> 
     </span>
    </p>
   </div>
   <div class='ocr_carea' id='block_1_7' title="bbox 7 293 786 334">
    <p class='ocr_par' dir='ltr' id='par_1_7' title="bbox 7 293 786 334">
     <span class='ocr_line' id='line_1_7' title="bbox 7 293 786 334; baseline 0 -9"><span class='ocrx_word' id='word_1_32' title='bbox 7 295 92 331; x_wconf 64' lang='grc' dir='ltr'>ἐκλήθη</span> <span class='ocrx_word' id='word_1_33' title='bbox 107 296 205 334; x_wconf 75' lang='grc' dir='ltr'>ῥητῶς·</span> <span class='ocrx_word' id='word_1_34' title='bbox 220 293 266 324; x_wconf 84' lang='grc' dir='ltr'><strong>καὶ</strong></span> <span class='ocrx_word' id='word_1_35' title='bbox 284 293 330 323; x_wconf 85' lang='grc' dir='ltr'><strong>τὸν</strong></span> <span class='ocrx_word' id='word_1_36' title='bbox 351 294 451 334; x_wconf 84' lang='grc' dir='ltr'><strong>Κύριον</strong></span> <span class='ocrx_word' id='word_1_37' title='bbox 467 295 497 325; x_wconf 82' lang='grc' dir='ltr'><strong>τὸ</strong></span> <span class='ocrx_word' id='word_1_38' title='bbox 520 295 683 334; x_wconf 79' lang='grc' dir='ltr'>Εὖαγγέλιον</span> <span class='ocrx_word' id='word_1_39' title='bbox 693 317 701 331; x_wconf 88' lang='grc'><strong>,</strong></span> <span class='ocrx_word' id='word_1_40' title='bbox 718 294 786 333; x_wconf 80' lang='grc' dir='ltr'><strong>Ἐμ-</strong></span> 
     </span>
    </p>
   </div>
   <div class='ocr_carea' id='block_1_8' title="bbox 9 338 788 378">
    <p class='ocr_par' dir='ltr' id='par_1_8' title="bbox 9 338 788 378">
     <span class='ocr_line' id='line_1_8' title="bbox 9 338 788 378; baseline -0.001 -9"><span class='ocrx_word' id='word_1_41' title='bbox 9 339 128 378; x_wconf 83' lang='grc' dir='ltr'>μανουήλ·</span> <span class='ocrx_word' id='word_1_42' title='bbox 149 339 196 368; x_wconf 77' lang='grc' dir='ltr'>καὶ</span> <span class='ocrx_word' id='word_1_43' title='bbox 218 339 267 369; x_wconf 78' lang='grc' dir='ltr'>οὐκ</span> <span class='ocrx_word' id='word_1_44' title='bbox 275 338 297 356; x_wconf 74' lang='grc'><em>⁸⁸</em></span> <span class='ocrx_word' id='word_1_45' title='bbox 323 339 401 373; x_wconf 80' lang='grc' dir='ltr'>αὐτὸς</span> <span class='ocrx_word' id='word_1_46' title='bbox 424 338 506 373; x_wconf 74' lang='grc' dir='ltr'>οὕτως</span> <span class='ocrx_word' id='word_1_47' title='bbox 529 339 644 376; x_wconf 71' lang='grc' dir='ltr'>ἐκλήθη,</span> <span class='ocrx_word' id='word_1_48' title='bbox 665 338 734 369; x_wconf 77' lang='grc' dir='ltr'>ἀλλὰ</span> <span class='ocrx_word' id='word_1_49' title='bbox 754 339 788 368; x_wconf 83' lang='grc' dir='ltr'><strong>τὰ</strong></span> 
     </span>
    </p>
   </div>
   <div class='ocr_carea' id='block_1_9' title="bbox 9 379 787 425">
    <p class='ocr_par' dir='ltr' id='par_1_9' title="bbox 9 379 787 425">
     <span class='ocr_line' id='line_1_9' title="bbox 9 379 787 425; baseline 0 -12"><span class='ocrx_word' id='word_1_50' title='bbox 9 384 139 424; x_wconf 75' lang='grc' dir='ltr'>πράγματα</span> <span class='ocrx_word' id='word_1_51' title='bbox 165 383 265 420; x_wconf 81' lang='grc' dir='ltr'>ταύτην</span> <span class='ocrx_word' id='word_1_52' title='bbox 292 384 397 425; x_wconf 52' lang='grc' dir='ltr'>ἀφῆκαν</span> <span class='ocrx_word' id='word_1_53' title='bbox 419 383 467 420; x_wconf 74' lang='grc' dir='ltr'>τὴν</span> <span class='ocrx_word' id='word_1_54' title='bbox 488 385 587 425; x_wconf 75' lang='grc' dir='ltr'>φωνήν.</span> <span class='ocrx_word' id='word_1_55' title='bbox 612 383 647 413; x_wconf 89' lang='grc' dir='ltr'>Ὁ</span> <span class='ocrx_word' id='word_1_56' title='bbox 672 383 720 422; x_wconf 76' lang='grc' dir='ltr'><strong>μὲν</strong></span> <span class='ocrx_word' id='word_1_57' title='bbox 743 379 787 413; x_wconf 63' lang='grc' dir='ltr'><strong>οὖν</strong></span> 
     </span>
    </p>
   </div>
   <div class='ocr_carea' id='block_1_10' title="bbox 10 423 788 469">
    <p class='ocr_par' dir='ltr' id='par_1_10' title="bbox 10 423 788 469">
     <span class='ocr_line' id='line_1_10' title="bbox 10 423 788 469; baseline -0.001 -11"><span class='ocrx_word' id='word_1_58' title='bbox 10 423 97 468; x_wconf 76' lang='grc' dir='ltr'>πρῶτος</span> <span class='ocrx_word' id='word_1_59' title='bbox 114 428 199 467; x_wconf 74' lang='grc' dir='ltr'>Ἀδὰμ.</span> <span class='ocrx_word' id='word_1_60' title='bbox 220 423 331 468; x_wconf 82' lang='grc' dir='ltr'>ψυχικὸς</span> <span class='ocrx_word' id='word_1_61' title='bbox 353 423 386 464; x_wconf 77' lang='grc' dir='ltr'>ἦν</span> <span class='ocrx_word' id='word_1_62' title='bbox 411 423 567 469; x_wconf 68' lang='grc' dir='ltr'>ἄνθρώπρς,</span> <span class='ocrx_word' id='word_1_63' title='bbox 583 428 721 465; x_wconf 75' lang='grc' dir='ltr'>τουτέστι,</span> <span class='ocrx_word' id='word_1_64' title='bbox 735 431 788 469; x_wconf 82' lang='grc' dir='ltr'>ψυ-</span> 
     </span>
    </p>
   </div>
   <div class='ocr_carea' id='block_1_11' title="bbox 10 468 787 513">
    <p class='ocr_par' dir='ltr' id='par_1_11' title="bbox 10 468 787 513">
     <span class='ocr_line' id='line_1_11' title="bbox 10 468 787 513; baseline -0.001 -11"><span class='ocrx_word' id='word_1_65' title='bbox 10 474 83 513; x_wconf 78' lang='grc' dir='ltr'>χικαῖς</span> <span class='ocrx_word' id='word_1_66' title='bbox 93 472 218 511; x_wconf 83' lang='grc' dir='ltr'>δυνάμεσι</span> <span class='ocrx_word' id='word_1_67' title='bbox 230 472 406 511; x_wconf 75' lang='grc' dir='ltr'><strong>διοικούμενον</strong></span> <span class='ocrx_word' id='word_1_68' title='bbox 417 474 497 511; x_wconf 83' lang='grc' dir='ltr'>σῶμα</span> <span class='ocrx_word' id='word_1_69' title='bbox 510 468 579 512; x_wconf 73' lang='grc' dir='ltr'>εἶχεν</span> <span class='ocrx_word' id='word_1_70' title='bbox 592 484 600 492; x_wconf 76' lang='grc' dir='ltr'>ο</span> <span class='ocrx_word' id='word_1_71' title='bbox 617 485 631 500; x_wconf 78' lang='grc' dir='ltr'><strong>α</strong></span> <span class='ocrx_word' id='word_1_72' title='bbox 643 475 658 502; x_wconf 77' lang='lat'><strong>6</strong></span> <span class='ocrx_word' id='word_1_73' title='bbox 667 473 694 502; x_wconf 80' lang='grc' dir='ltr'><strong>δὲ</strong></span> <span class='ocrx_word' id='word_1_74' title='bbox 706 468 787 512; x_wconf 76' lang='grc' dir='ltr'>ἔσχα-</span> 
     </span>
    </p>
   </div>
   <div class='ocr_carea' id='block_1_12' title="bbox 11 516 790 557">
    <p class='ocr_par' dir='ltr' id='par_1_12' title="bbox 11 516 790 557">
     <span class='ocr_line' id='line_1_12' title="bbox 11 516 790 557; baseline 0.001 -11"><span class='ocrx_word' id='word_1_75' title='bbox 11 530 45 551; x_wconf 78' lang='grc' dir='ltr'><strong>τος</strong></span> <span class='ocrx_word' id='word_1_76' title='bbox 56 517 150 555; x_wconf 79' lang='grc' dir='ltr'>Ἀδὰμ,</span> <span class='ocrx_word' id='word_1_77' title='bbox 164 531 175 543; x_wconf 87' lang='lat'><strong><em>-</em></strong></span> <span class='ocrx_word' id='word_1_78' title='bbox 192 519 206 546; x_wconf 91' lang='lat'><strong>6</strong></span> <span class='ocrx_word' id='word_1_79' title='bbox 218 516 328 557; x_wconf 74' lang='grc' dir='ltr'><strong>Κύριος⁷</strong></span> <span class='ocrx_word' id='word_1_80' title='bbox 342 531 353 544; x_wconf 86' lang='grc' dir='ltr'><strong>ι</strong></span> <span class='ocrx_word' id='word_1_81' title='bbox 368 518 404 551; x_wconf 78' lang='grc' dir='ltr'>εἷς</span> <span class='ocrx_word' id='word_1_82' title='bbox 417 519 522 556; x_wconf 73' lang='grc' dir='ltr'>πνεῦμα</span> <span class='ocrx_word' id='word_1_83' title='bbox 534 519 689 552; x_wconf 73' lang='grc' dir='ltr'>ζωοποιοῦν.</span> <span class='ocrx_word' id='word_1_84' title='bbox 702 530 718 546; x_wconf 66' lang='grc' dir='ltr'>ι</span> <span class='ocrx_word' id='word_1_85' title='bbox 731 518 790 548; x_wconf 79' lang='grc' dir='ltr'><strong>Οὖκ</strong></span> 
     </span>
    </p>
   </div>
   <div class='ocr_carea' id='block_1_13' title="bbox 12 557 789 601">
    <p class='ocr_par' dir='ltr' id='par_1_13' title="bbox 12 557 789 601">
     <span class='ocr_line' id='line_1_13' title="bbox 12 557 789 601; baseline -0.001 -9"><span class='ocrx_word' id='word_1_86' title='bbox 12 557 78 599; x_wconf 66' lang='lat' dir='ltr'><strong>tit-ru,</strong></span> <span class='ocrx_word' id='word_1_87' title='bbox 88 563 133 595; x_wconf 80' lang='grc' dir='ltr'><strong>Εἰς</strong></span> <span class='ocrx_word' id='word_1_88' title='bbox 142 564 248 600; x_wconf 70' lang='grc' dir='ltr'>πνεῦμα</span> <span class='ocrx_word' id='word_1_89' title='bbox 260 563 322 598; x_wconf 82' lang='grc' dir='ltr'>ζῶν,</span> <span class='ocrx_word' id='word_1_90' title='bbox 333 561 414 598; x_wconf 79' lang='grc' dir='ltr'>ἀλλὰ,</span> <span class='ocrx_word' id='word_1_91' title='bbox 429 572 443 590; x_wconf 82' lang='grc' dir='ltr'><strong>(ι</strong></span> <span class='ocrx_word' id='word_1_92' title='bbox 453 563 618 601; x_wconf 79' lang='grc' dir='ltr'>Ζωοποιοῦν,</span> <span class='ocrx_word' id='word_1_93' title='bbox 631 574 646 592; x_wconf 81' lang='grc'><strong>»</strong></span> <span class='ocrx_word' id='word_1_94' title='bbox 659 563 691 593; x_wconf 81' lang='grc' dir='ltr'><strong>τὸ</strong></span> <span class='ocrx_word' id='word_1_95' title='bbox 701 563 789 601; x_wconf 75' lang='grc' dir='ltr'>μεῖζον</span> 
     </span>
    </p>
   </div>
   <div class='ocr_carea' id='block_1_14' title="bbox 12 601 789 648">
    <p class='ocr_par' dir='ltr' id='par_1_14' title="bbox 12 601 789 648">
     <span class='ocr_line' id='line_1_14' title="bbox 12 601 789 648; baseline -0.001 -12"><span class='ocrx_word' id='word_1_96' title='bbox 12 606 86 638; x_wconf 75' lang='grc' dir='ltr'>εἰπών.</span> <span class='ocrx_word' id='word_1_97' title='bbox 102 607 157 637; x_wconf 85' lang='grc' dir='ltr'>Καὶ</span> <span class='ocrx_word' id='word_1_98' title='bbox 167 606 220 646; x_wconf 80' lang='grc' dir='ltr'>γὰρ</span> <span class='ocrx_word' id='word_1_99' title='bbox 236 608 250 635; x_wconf 91' lang='lat'><strong>6</strong></span> <span class='ocrx_word' id='word_1_100' title='bbox 267 606 364 647; x_wconf 80' lang='grc' dir='ltr'>Κύριος</span> <span class='ocrx_word' id='word_1_101' title='bbox 376 601 439 648; x_wconf 3' lang='grc' dir='ltr'>εἶχε,</span> <span class='ocrx_word' id='word_1_102' title='bbox 447 606 477 636; x_wconf 83' lang='grc' dir='ltr'><strong>τὸ</strong></span> <span class='ocrx_word' id='word_1_103' title='bbox 491 608 624 641; x_wconf 77' lang='grc' dir='ltr'>οὖσιωδῶς</span> <span class='ocrx_word' id='word_1_104' title='bbox 639 609 711 648; x_wconf 82' lang='grc' dir='ltr'><strong>αὖτῷ</strong></span> <span class='ocrx_word' id='word_1_105' title='bbox 726 619 789 637; x_wconf 82' lang='grc' dir='ltr'>συν-</span> 
     </span>
    </p>
   </div>
   <div class='ocr_carea' id='block_1_15' title="bbox 12 647 790 692">
    <p class='ocr_par' dir='ltr' id='par_1_15' title="bbox 12 647 790 692">
     <span class='ocr_line' id='line_1_15' title="bbox 12 647 790 692; baseline 0 -11"><span class='ocrx_word' id='word_1_106' title='bbox 12 653 33 681; x_wconf 76' lang='grc' dir='ltr'>ὸν</span> <span class='ocrx_word' id='word_1_107' title='bbox 52 651 78 681; x_wconf 82' lang='grc' dir='ltr'><strong>τὸ</strong></span> <span class='ocrx_word' id='word_1_108' title='bbox 100 651 171 690; x_wconf 75' lang='grc' dir='ltr'>ἅγιον</span> <span class='ocrx_word' id='word_1_109' title='bbox 196 652 326 690; x_wconf 76' lang='grc' dir='ltr'>Πνεῦμα,</span> <span class='ocrx_word' id='word_1_110' title='bbox 351 652 384 681; x_wconf 87' lang='grc' dir='ltr'><strong>δι’</strong></span> <span class='ocrx_word' id='word_1_111' title='bbox 410 647 439 682; x_wconf 64' lang='grc' dir='ltr'><strong>οδ</strong></span> <span class='ocrx_word' id='word_1_112' title='bbox 464 651 511 682; x_wconf 81' lang='grc' dir='ltr'><strong>καὶ</strong></span> <span class='ocrx_word' id='word_1_113' title='bbox 539 651 588 688; x_wconf 83' lang='grc' dir='ltr'>τὴν</span> <span class='ocrx_word' id='word_1_114' title='bbox 613 652 680 682; x_wconf 82' lang='grc' dir='ltr'>ἰδίαν</span> <span class='ocrx_word' id='word_1_115' title='bbox 704 653 790 692; x_wconf 79' lang='grc' dir='ltr'>σάρκα</span> 
     </span>
    </p>
   </div>
   <div class='ocr_carea' id='block_1_16' title="bbox 12 694 790 737">
    <p class='ocr_par' dir='ltr' id='par_1_16' title="bbox 12 694 790 737">
     <span class='ocr_line' id='line_1_16' title="bbox 12 694 790 737; baseline -0.001 -11"><span class='ocrx_word' id='word_1_116' title='bbox 12 695 142 732; x_wconf 77' lang='grc' dir='ltr'>ἐζωοποίει,</span> <span class='ocrx_word' id='word_1_117' title='bbox 162 694 209 725; x_wconf 85' lang='grc' dir='ltr'><strong>καὶ</strong></span> <span class='ocrx_word' id='word_1_118' title='bbox 227 698 294 734; x_wconf 84' lang='grc' dir='ltr'><strong>ἡμῖν</strong></span> <span class='ocrx_word' id='word_1_119' title='bbox 315 696 348 725; x_wconf 86' lang='grc' dir='ltr'><strong>δι’</strong></span> <span class='ocrx_word' id='word_1_120' title='bbox 379 697 461 726; x_wconf 79' lang='grc' dir='ltr'>αὐτοῦ</span> <span class='ocrx_word' id='word_1_121' title='bbox 478 697 526 732; x_wconf 82' lang='grc' dir='ltr'><strong>τὴν</strong></span> <span class='ocrx_word' id='word_1_122' title='bbox 551 696 701 737; x_wconf 76' lang='grc' dir='ltr'>ἀφθαρσίαν</span> <span class='ocrx_word' id='word_1_123' title='bbox 725 697 790 737; x_wconf 77' lang='grc' dir='ltr'>ἐχα-</span> 
     </span>
    </p>
   </div>
   <div class='ocr_carea' id='block_1_17' title="bbox 14 739 791 782">
    <p class='ocr_par' dir='ltr' id='par_1_17' title="bbox 14 739 791 782">
     <span class='ocr_line' id='line_1_17' title="bbox 14 739 791 782; baseline -0.001 -11"><span class='ocrx_word' id='word_1_124' title='bbox 14 741 98 780; x_wconf 78' lang='grc' dir='ltr'>ρίσατο.</span> <span class='ocrx_word' id='word_1_125' title='bbox 111 739 194 771; x_wconf 79' lang='grc' dir='ltr'>Ὥστε</span> <span class='ocrx_word' id='word_1_126' title='bbox 212 743 260 777; x_wconf 60' lang='lat' dir='ltr'><strong>Tn&quot;:</strong></span> <span class='ocrx_word' id='word_1_127' title='bbox 283 739 330 779; x_wconf 68' lang='grc' dir='ltr'><strong>μὶν</strong></span> <span class='ocrx_word' id='word_1_128' title='bbox 346 743 464 782; x_wconf 80' lang='grc' dir='ltr'>φθαρτῆς</span> <span class='ocrx_word' id='word_1_129' title='bbox 487 741 586 777; x_wconf 81' lang='grc' dir='ltr'><strong>ταύτης</strong></span> <span class='ocrx_word' id='word_1_130' title='bbox 606 743 674 777; x_wconf 77' lang='grc' dir='ltr'>ζωῆς</span> <span class='ocrx_word' id='word_1_131' title='bbox 697 740 732 771; x_wconf 74' lang='grc' dir='ltr'><strong>τὰ</strong></span> <span class='ocrx_word' id='word_1_132' title='bbox 747 743 791 770; x_wconf 71' lang='grc' dir='ltr'><strong>ἐν-</strong></span> 
     </span>
    </p>
   </div>
   <div class='ocr_carea' id='block_1_18' title="bbox 13 785 788 827">
    <p class='ocr_par' dir='ltr' id='par_1_18' title="bbox 13 785 788 827">
     <span class='ocr_line' id='line_1_18' title="bbox 13 785 788 827; baseline 0.001 -12"><span class='ocrx_word' id='word_1_133' title='bbox 13 786 79 825; x_wconf 77' lang='grc' dir='ltr'>έχυρα</span> <span class='ocrx_word' id='word_1_134' title='bbox 102 787 127 816; x_wconf 81' lang='grc' dir='ltr'>ἐν</span> <span class='ocrx_word' id='word_1_135' title='bbox 149 787 187 825; x_wconf 79' lang='grc' dir='ltr'><strong>τῷ</strong></span> <span class='ocrx_word' id='word_1_136' title='bbox 214 785 314 827; x_wconf 82' lang='grc' dir='ltr'>πρώτῳ</span> <span class='ocrx_word' id='word_1_137' title='bbox 337 785 421 825; x_wconf 77' lang='grc' dir='ltr'><strong>Ἀδὰμ</strong></span> <span class='ocrx_word' id='word_1_138' title='bbox 450 785 580 826; x_wconf 77' lang='grc' dir='ltr'>ἔσχομεν,</span> <span class='ocrx_word' id='word_1_139' title='bbox 603 788 652 823; x_wconf 79' lang='grc' dir='ltr'>τῆς</span> <span class='ocrx_word' id='word_1_140' title='bbox 674 786 702 817; x_wconf 86' lang='grc' dir='ltr'><strong>δὲ</strong></span> <span class='ocrx_word' id='word_1_141' title='bbox 724 787 788 826; x_wconf 81' lang='grc' dir='ltr'>μελ-</span> 
     </span>
    </p>
   </div>
   <div class='ocr_carea' id='block_1_19' title="bbox 13 829 284 870">
    <p class='ocr_par' dir='ltr' id='par_1_19' title="bbox 13 829 284 870">
     <span class='ocr_line' id='line_1_19' title="bbox 13 829 284 870; baseline 0.007 -11"><span class='ocrx_word' id='word_1_142' title='bbox 13 829 92 866; x_wconf 79' lang='grc' dir='ltr'><strong>λούσης</strong></span> <span class='ocrx_word' id='word_1_143' title='bbox 98 853 106 866; x_wconf 85' lang='grc'><strong>,</strong></span> <span class='ocrx_word' id='word_1_144' title='bbox 120 830 146 859; x_wconf 72' lang='grc' dir='ltr'><strong>ἐν</strong></span> <span class='ocrx_word' id='word_1_145' title='bbox 160 830 284 870; x_wconf 81' lang='grc' dir='ltr'><strong>Χριστῷ.</strong></span> 
     </span>
    </p>
   </div>
   <div class='ocr_carea' id='block_1_20' title="bbox 839 250 1638 286">
    <p class='ocr_par' dir='ltr' id='par_1_20' title="bbox 839 250 1638 286">
     <span class='ocr_line' id='line_1_20' title="bbox 839 250 1638 286; baseline 0.004 -8"><span class='ocrx_word' id='word_1_146' title='bbox 839 250 905 278; x_wconf 84' lang='lat' dir='ltr'><strong>dam</strong></span> <span class='ocrx_word' id='word_1_147' title='bbox 920 262 933 275; x_wconf 77' lang='grc' dir='ltr'>σι</span> <span class='ocrx_word' id='word_1_148' title='bbox 947 251 1044 278; x_wconf 85' lang='lat' dir='ltr'><strong>urbem</strong></span> <span class='ocrx_word' id='word_1_149' title='bbox 1055 250 1169 286; x_wconf 83' lang='lat' dir='ltr'><strong>justitiae</strong></span> <span class='ocrx_word' id='word_1_150' title='bbox 1184 256 1206 271; x_wconf 73' lang='grc' dir='ltr'><strong>πη</strong></span> <span class='ocrx_word' id='word_1_151' title='bbox 1219 262 1232 275; x_wconf 74' lang='grc' dir='ltr'><strong>ιι</strong></span> <span class='ocrx_word' id='word_1_152' title='bbox 1249 259 1256 278; x_wconf 89' lang='lat'><strong>:</strong></span> <span class='ocrx_word' id='word_1_153' title='bbox 1271 257 1322 278; x_wconf 84' lang='lat' dir='ltr'><strong>nec</strong></span> <span class='ocrx_word' id='word_1_154' title='bbox 1336 254 1431 279; x_wconf 85' lang='lat' dir='ltr'><strong>tamen</strong></span> <span class='ocrx_word' id='word_1_155' title='bbox 1440 255 1532 286; x_wconf 81' lang='lat' dir='ltr'><strong>aperte</strong></span> <span class='ocrx_word' id='word_1_156' title='bbox 1541 257 1638 281; x_wconf 80' lang='lat' dir='ltr'><strong>vocata</strong></span> 
     </span>
    </p>
   </div>
   <div class='ocr_carea' id='block_1_21' title="bbox 840 295 1632 331">
    <p class='ocr_par' dir='ltr' id='par_1_21' title="bbox 840 295 1632 331">
     <span class='ocr_line' id='line_1_21' title="bbox 840 295 1632 331; baseline 0.001 -8"><span class='ocrx_word' id='word_1_157' title='bbox 840 299 891 323; x_wconf 87' lang='lat' dir='ltr'><strong>est.</strong></span> <span class='ocrx_word' id='word_1_158' title='bbox 917 297 958 323; x_wconf 81' lang='lat' dir='ltr'><strong>Ac</strong></span> <span class='ocrx_word' id='word_1_159' title='bbox 981 295 1158 331; x_wconf 80' lang='lat' dir='ltr'><strong>Evangelium</strong></span> <span class='ocrx_word' id='word_1_160' title='bbox 1178 295 1331 323; x_wconf 91' lang='lat' dir='ltr'><strong>Dominum</strong></span> <span class='ocrx_word' id='word_1_161' title='bbox 1357 303 1372 321; x_wconf 78' lang='grc' dir='ltr'>ιι</span> <span class='ocrx_word' id='word_1_162' title='bbox 1395 296 1632 324; x_wconf 74' lang='lat' dir='ltr'><strong>Emmanuelem-</strong></span> 
     </span>
    </p>
   </div>
   <div class='ocr_carea' id='block_1_22' title="bbox 841 339 1637 376">
    <p class='ocr_par' dir='ltr' id='par_1_22' title="bbox 841 339 1637 376">
     <span class='ocr_line' id='line_1_22' title="bbox 841 339 1637 376; baseline 0.001 -8"><span class='ocrx_word' id='word_1_163' title='bbox 841 340 995 368; x_wconf 87' lang='lat' dir='ltr'><strong>vocandum</strong></span> <span class='ocrx_word' id='word_1_164' title='bbox 1010 340 1058 374; x_wconf 89' lang='lat' dir='ltr'><strong>ait,</strong></span> <span class='ocrx_word' id='word_1_165' title='bbox 1073 347 1136 368; x_wconf 91' lang='lat' dir='ltr'><strong>cum</strong></span> <span class='ocrx_word' id='word_1_166' title='bbox 1154 344 1245 368; x_wconf 90' lang='lat' dir='ltr'><strong>tamen</strong></span> <span class='ocrx_word' id='word_1_167' title='bbox 1258 339 1314 376; x_wconf 89' lang='lat' dir='ltr'><strong>ipse</strong></span> <span class='ocrx_word' id='word_1_168' title='bbox 1339 341 1375 367; x_wconf 90' lang='lat' dir='ltr'><strong>ita</strong></span> <span class='ocrx_word' id='word_1_169' title='bbox 1398 347 1455 368; x_wconf 89' lang='lat' dir='ltr'><strong>non</strong></span> <span class='ocrx_word' id='word_1_170' title='bbox 1469 340 1505 368; x_wconf 89' lang='lat' dir='ltr'><strong>sit</strong></span> <span class='ocrx_word' id='word_1_171' title='bbox 1517 341 1637 376; x_wconf 87' lang='lat' dir='ltr'><strong>appella-</strong></span> 
     </span>
    </p>
   </div>
   <div class='ocr_carea' id='block_1_23' title="bbox 842 384 1640 421">
    <p class='ocr_par' dir='ltr' id='par_1_23' title="bbox 842 384 1640 421">
     <span class='ocr_line' id='line_1_23' title="bbox 842 384 1640 421; baseline 0.001 -9"><span class='ocrx_word' id='word_1_172' title='bbox 842 389 896 419; x_wconf 88' lang='lat' dir='ltr'><strong>tus,</strong></span> <span class='ocrx_word' id='word_1_173' title='bbox 907 384 954 413; x_wconf 87' lang='lat' dir='ltr'><strong>sed</strong></span> <span class='ocrx_word' id='word_1_174' title='bbox 967 393 1011 413; x_wconf 90' lang='lat' dir='ltr'><strong>res</strong></span> <span class='ocrx_word' id='word_1_175' title='bbox 1022 385 1087 421; x_wconf 64' lang='lat' dir='ltr'><strong>ipsa;</strong></span> <span class='ocrx_word' id='word_1_176' title='bbox 1105 384 1175 412; x_wconf 86' lang='lat' dir='ltr'><strong>hanc</strong></span> <span class='ocrx_word' id='word_1_177' title='bbox 1191 392 1288 412; x_wconf 87' lang='lat' dir='ltr'><strong>vocem</strong></span> <span class='ocrx_word' id='word_1_178' title='bbox 1301 384 1451 412; x_wconf 82' lang='lat' dir='ltr'><strong>emiserint.</strong></span> <span class='ocrx_word' id='word_1_179' title='bbox 1468 385 1576 413; x_wconf 79' lang='lat' dir='ltr'><strong>Primus</strong></span> <span class='ocrx_word' id='word_1_180' title='bbox 1589 385 1640 414; x_wconf 86' lang='lat' dir='ltr'><strong>ita-</strong></span> 
     </span>
    </p>
   </div>
   <div class='ocr_carea' id='block_1_24' title="bbox 841 429 1639 466">
    <p class='ocr_par' dir='ltr' id='par_1_24' title="bbox 841 429 1639 466">
     <span class='ocr_line' id='line_1_24' title="bbox 841 429 1639 466; baseline 0 -8"><span class='ocrx_word' id='word_1_181' title='bbox 841 437 894 466; x_wconf 86' lang='lat' dir='ltr'><strong>que</strong></span> <span class='ocrx_word' id='word_1_182' title='bbox 918 429 1007 458; x_wconf 81' lang='lat' dir='ltr'><strong>Adam</strong></span> <span class='ocrx_word' id='word_1_183' title='bbox 1031 429 1158 458; x_wconf 81' lang='lat' dir='ltr'><strong>animalis</strong></span> <span class='ocrx_word' id='word_1_184' title='bbox 1172 434 1232 458; x_wconf 87' lang='lat' dir='ltr'><strong>erat</strong></span> <span class='ocrx_word' id='word_1_185' title='bbox 1244 429 1338 463; x_wconf 90' lang='lat' dir='ltr'><strong>homo,</strong></span> <span class='ocrx_word' id='word_1_186' title='bbox 1355 429 1383 458; x_wconf 87' lang='lat' dir='ltr'><strong>id</strong></span> <span class='ocrx_word' id='word_1_187' title='bbox 1395 433 1448 463; x_wconf 85' lang='lat' dir='ltr'><strong>est,</strong></span> <span class='ocrx_word' id='word_1_188' title='bbox 1463 431 1566 458; x_wconf 68' lang='lat' dir='ltr'><strong>anima:</strong></span> <span class='ocrx_word' id='word_1_189' title='bbox 1579 430 1639 458; x_wconf 89' lang='lat' dir='ltr'><strong>viri-</strong></span> 
     </span>
    </p>
   </div>
   <div class='ocr_carea' id='block_1_25' title="bbox 843 474 1637 511">
    <p class='ocr_par' dir='ltr' id='par_1_25' title="bbox 843 474 1637 511">
     <span class='ocr_line' id='line_1_25' title="bbox 843 474 1637 511; baseline 0.001 -9"><span class='ocrx_word' id='word_1_190' title='bbox 843 475 895 502; x_wconf 86' lang='lat' dir='ltr'><strong>bus</strong></span> <span class='ocrx_word' id='word_1_191' title='bbox 905 474 1089 511; x_wconf 79' lang='lat' dir='ltr'><strong>gubernatum</strong></span> <span class='ocrx_word' id='word_1_192' title='bbox 1113 482 1212 510; x_wconf 87' lang='lat' dir='ltr'><strong>corpus</strong></span> <span class='ocrx_word' id='word_1_193' title='bbox 1229 474 1350 502; x_wconf 78' lang='lat' dir='ltr'><strong>habebat</strong></span> <span class='ocrx_word' id='word_1_194' title='bbox 1370 484 1376 502; x_wconf 92' lang='lat'>:</span> <span class='ocrx_word' id='word_1_195' title='bbox 1398 479 1555 511; x_wconf 90' lang='lat' dir='ltr'><strong>postremus</strong></span> <span class='ocrx_word' id='word_1_196' title='bbox 1569 483 1637 503; x_wconf 86' lang='lat' dir='ltr'><strong>vero</strong></span> 
     </span>
    </p>
   </div>
   <div class='ocr_carea' id='block_1_26' title="bbox 843 519 1639 556">
    <p class='ocr_par' dir='ltr' id='par_1_26' title="bbox 843 519 1639 556">
     <span class='ocr_line' id='line_1_26' title="bbox 843 519 1639 556; baseline 0.001 -9"><span class='ocrx_word' id='word_1_197' title='bbox 843 519 946 554; x_wconf 83' lang='lat' dir='ltr'><strong>Adam,</strong></span> <span class='ocrx_word' id='word_1_198' title='bbox 960 519 1017 556; x_wconf 86' lang='lat' dir='ltr'><strong>ipse</strong></span> <span class='ocrx_word' id='word_1_199' title='bbox 1038 519 1170 548; x_wconf 90' lang='lat' dir='ltr'><strong>nimirum</strong></span> <span class='ocrx_word' id='word_1_200' title='bbox 1194 519 1342 553; x_wconf 81' lang='lat' dir='ltr'><strong>Dominus,</strong></span> <span class='ocrx_word' id='word_1_201' title='bbox 1358 519 1384 547; x_wconf 93' lang='lat' dir='ltr'><strong>in</strong></span> <span class='ocrx_word' id='word_1_202' title='bbox 1400 519 1533 555; x_wconf 79' lang='lat' dir='ltr'><strong>Spiritum</strong></span> <span class='ocrx_word' id='word_1_203' title='bbox 1549 520 1639 549; x_wconf 75' lang='lat' dir='ltr'><strong>viviti-</strong></span> 
     </span>
    </p>
   </div>
   <div class='ocr_carea' id='block_1_27' title="bbox 843 564 1640 601">
    <p class='ocr_par' dir='ltr' id='par_1_27' title="bbox 843 564 1640 601">
     <span class='ocr_line' id='line_1_27' title="bbox 843 564 1640 601; baseline 0.001 -9"><span class='ocrx_word' id='word_1_204' title='bbox 843 569 959 593; x_wconf 82' lang='lat' dir='ltr'><strong>cantem.</strong></span> <span class='ocrx_word' id='word_1_205' title='bbox 974 565 1038 592; x_wconf 89' lang='lat' dir='ltr'><strong>Non</strong></span> <span class='ocrx_word' id='word_1_206' title='bbox 1050 564 1129 598; x_wconf 83' lang='lat' dir='ltr'><strong>dixit,</strong></span> <span class='ocrx_word' id='word_1_207' title='bbox 1151 564 1179 592; x_wconf 92' lang='lat' dir='ltr'><strong>in</strong></span> <span class='ocrx_word' id='word_1_208' title='bbox 1189 564 1323 600; x_wconf 80' lang='lat' dir='ltr'><strong>Spiritum</strong></span> <span class='ocrx_word' id='word_1_209' title='bbox 1334 564 1484 599; x_wconf 78' lang='lat' dir='ltr'><strong>viventem,</strong></span> <span class='ocrx_word' id='word_1_210' title='bbox 1499 564 1549 593; x_wconf 90' lang='lat' dir='ltr'><strong>sed</strong></span> <span class='ocrx_word' id='word_1_211' title='bbox 1563 564 1640 601; x_wconf 90' lang='lat' dir='ltr'><strong>quod</strong></span> 
     </span>
    </p>
   </div>
   <div class='ocr_carea' id='block_1_28' title="bbox 844 609 1640 645">
    <p class='ocr_par' dir='ltr' id='par_1_28' title="bbox 844 609 1640 645">
     <span class='ocr_line' id='line_1_28' title="bbox 844 609 1640 645; baseline 0.001 -8"><span class='ocrx_word' id='word_1_212' title='bbox 844 610 936 645; x_wconf 81' lang='lat' dir='ltr'><strong>majus</strong></span> <span class='ocrx_word' id='word_1_213' title='bbox 949 613 1001 642; x_wconf 88' lang='lat' dir='ltr'><strong>est,</strong></span> <span class='ocrx_word' id='word_1_214' title='bbox 1021 621 1034 634; x_wconf 84' lang='grc' dir='ltr'><strong>‹ι</strong></span> <span class='ocrx_word' id='word_1_215' title='bbox 1050 609 1253 638; x_wconf 82' lang='lat' dir='ltr'><strong>Vivilicantem.</strong></span> <span class='ocrx_word' id='word_1_216' title='bbox 1265 621 1279 634; x_wconf 74' lang='grc' dir='ltr'>ι</span> <span class='ocrx_word' id='word_1_217' title='bbox 1291 609 1402 637; x_wconf 87' lang='lat' dir='ltr'><strong>Etenim</strong></span> <span class='ocrx_word' id='word_1_218' title='bbox 1417 609 1555 638; x_wconf 89' lang='lat' dir='ltr'><strong>Dominus</strong></span> <span class='ocrx_word' id='word_1_219' title='bbox 1574 610 1640 638; x_wconf 90' lang='lat' dir='ltr'><strong>sub-</strong></span> 
     </span>
    </p>
   </div>
   <div class='ocr_carea' id='block_1_29' title="bbox 843 653 1640 690">
    <p class='ocr_par' dir='ltr' id='par_1_29' title="bbox 843 653 1640 690">
     <span class='ocr_line' id='line_1_29' title="bbox 843 653 1640 690; baseline 0.001 -8"><span class='ocrx_word' id='word_1_220' title='bbox 843 654 1003 682; x_wconf 86' lang='lat' dir='ltr'><strong>stantialiter</strong></span> <span class='ocrx_word' id='word_1_221' title='bbox 1016 653 1135 682; x_wconf 86' lang='lat' dir='ltr'><strong>habebat</strong></span> <span class='ocrx_word' id='word_1_222' title='bbox 1155 654 1287 690; x_wconf 85' lang='lat' dir='ltr'><strong>Spiritum</strong></span> <span class='ocrx_word' id='word_1_223' title='bbox 1306 658 1434 682; x_wconf 84' lang='lat' dir='ltr'><strong>sanctum</strong></span> <span class='ocrx_word' id='word_1_224' title='bbox 1451 654 1504 682; x_wconf 85' lang='lat' dir='ltr'><strong>sibi</strong></span> <span class='ocrx_word' id='word_1_225' title='bbox 1523 654 1640 689; x_wconf 88' lang='lat' dir='ltr'><strong>unitum,</strong></span> 
     </span>
    </p>
   </div>
   <div class='ocr_carea' id='block_1_30' title="bbox 845 699 1639 736">
    <p class='ocr_par' dir='ltr' id='par_1_30' title="bbox 845 699 1639 736">
     <span class='ocr_line' id='line_1_30' title="bbox 845 699 1639 736; baseline 0.001 -9"><span class='ocrx_word' id='word_1_226' title='bbox 845 707 892 735; x_wconf 90' lang='lat' dir='ltr'><strong>per</strong></span> <span class='ocrx_word' id='word_1_227' title='bbox 905 707 989 735; x_wconf 86' lang='lat' dir='ltr'><strong>quem</strong></span> <span class='ocrx_word' id='word_1_228' title='bbox 999 703 1028 727; x_wconf 89' lang='lat' dir='ltr'><strong>et</strong></span> <span class='ocrx_word' id='word_1_229' title='bbox 1043 699 1183 735; x_wconf 83' lang='lat' dir='ltr'><strong>propriam</strong></span> <span class='ocrx_word' id='word_1_230' title='bbox 1196 707 1309 727; x_wconf 89' lang='lat' dir='ltr'><strong>carnem</strong></span> <span class='ocrx_word' id='word_1_231' title='bbox 1318 699 1484 731; x_wconf 83' lang='lat' dir='ltr'><strong>viviﬁcabat,</strong></span> <span class='ocrx_word' id='word_1_232' title='bbox 1500 699 1639 736; x_wconf 76' lang='lat' dir='ltr'><strong>nobisque</strong></span> 
     </span>
    </p>
   </div>
   <div class='ocr_carea' id='block_1_31' title="bbox 845 743 1641 780">
    <p class='ocr_par' dir='ltr' id='par_1_31' title="bbox 845 743 1641 780">
     <span class='ocr_line' id='line_1_31' title="bbox 845 743 1641 780; baseline 0.003 -9"><span class='ocrx_word' id='word_1_233' title='bbox 845 751 892 779; x_wconf 88' lang='lat' dir='ltr'><strong>per</strong></span> <span class='ocrx_word' id='word_1_234' title='bbox 924 743 1015 780; x_wconf 86' lang='lat' dir='ltr'><strong>ipsum</strong></span> <span class='ocrx_word' id='word_1_235' title='bbox 1047 743 1335 780; x_wconf 77' lang='lat' dir='ltr'><strong>incorruptibilitatem</strong></span> <span class='ocrx_word' id='word_1_236' title='bbox 1368 743 1490 772; x_wconf 87' lang='lat' dir='ltr'><strong>donavit.</strong></span> <span class='ocrx_word' id='word_1_237' title='bbox 1520 744 1641 773; x_wconf 84' lang='lat' dir='ltr'><strong>Proinde</strong></span> 
     </span>
    </p>
   </div>
   <div class='ocr_carea' id='block_1_32' title="bbox 839 788 1642 825">
    <p class='ocr_par' dir='ltr' id='par_1_32' title="bbox 839 788 1642 825">
     <span class='ocr_line' id='line_1_32' title="bbox 839 788 1642 825; baseline 0.002 -9"><span class='ocrx_word' id='word_1_238' title='bbox 839 788 1025 824; x_wconf 84' lang='lat' dir='ltr'><strong>corruptibilis</strong></span> <span class='ocrx_word' id='word_1_239' title='bbox 1036 788 1118 825; x_wconf 83' lang='lat' dir='ltr'><strong>hujus</strong></span> <span class='ocrx_word' id='word_1_240' title='bbox 1139 789 1201 817; x_wconf 67' lang='lat' dir='ltr'><strong>vitae</strong></span> <span class='ocrx_word' id='word_1_241' title='bbox 1212 789 1326 825; x_wconf 75' lang='lat' dir='ltr'><strong>pignora</strong></span> <span class='ocrx_word' id='word_1_242' title='bbox 1337 788 1367 816; x_wconf 88' lang='lat' dir='ltr'><strong>in</strong></span> <span class='ocrx_word' id='word_1_243' title='bbox 1382 788 1471 825; x_wconf 88' lang='lat' dir='ltr'><strong>primo</strong></span> <span class='ocrx_word' id='word_1_244' title='bbox 1483 788 1574 818; x_wconf 79' lang='lat' dir='ltr'><strong>Adam</strong></span> <span class='ocrx_word' id='word_1_245' title='bbox 1591 788 1642 818; x_wconf 81' lang='lat' dir='ltr'><strong>ha-</strong></span> 
     </span>
    </p>
   </div>
   <div class='ocr_carea' id='block_1_33' title="bbox 845 832 1365 868">
    <p class='ocr_par' dir='ltr' id='par_1_33' title="bbox 845 832 1365 868">
     <span class='ocr_line' id='line_1_33' title="bbox 845 832 1365 868; baseline 0.002 -8"><span class='ocrx_word' id='word_1_246' title='bbox 845 832 966 868; x_wconf 90' lang='lat' dir='ltr'><strong>buimus,</strong></span> <span class='ocrx_word' id='word_1_247' title='bbox 980 833 1082 862; x_wconf 67' lang='lat' dir='ltr'><strong>futurae</strong></span> <span class='ocrx_word' id='word_1_248' title='bbox 1097 838 1191 862; x_wconf 89' lang='lat' dir='ltr'><strong>autem</strong></span> <span class='ocrx_word' id='word_1_249' title='bbox 1205 834 1233 861; x_wconf 92' lang='lat' dir='ltr'><strong>in</strong></span> <span class='ocrx_word' id='word_1_250' title='bbox 1247 833 1365 862; x_wconf 82' lang='lat' dir='ltr'><strong>Christo.</strong></span> 
     </span>
    </p>
   </div>
   <div class='ocr_carea' id='block_1_34' title="bbox 45 865 795 916">
    <p class='ocr_par' dir='ltr' id='par_1_34' title="bbox 45 865 789 916">
     <span class='ocr_line' id='line_1_34' title="bbox 45 865 789 916; baseline 0.003 -12"><span class='ocrx_word' id='word_1_251' title='bbox 45 888 54 900; x_wconf 77' lang='grc' dir='ltr'><strong>ι</strong></span> <span class='ocrx_word' id='word_1_252' title='bbox 75 865 138 905; x_wconf 77' lang='grc' dir='ltr'>Ἀλλ’</span> <span class='ocrx_word' id='word_1_253' title='bbox 152 865 311 915; x_wconf 42' lang='grc' dir='ltr'>οὖΙπρὶἶλτον</span> <span class='ocrx_word' id='word_1_254' title='bbox 332 875 362 905; x_wconf 79' lang='grc' dir='ltr'><strong>τὸ</strong></span> <span class='ocrx_word' id='word_1_255' title='bbox 381 876 576 915; x_wconf 82' lang='grc' dir='ltr'>πνευματικὸν,</span> <span class='ocrx_word' id='word_1_256' title='bbox 601 875 671 906; x_wconf 79' lang='grc' dir='ltr'>ἀλλὰ</span> <span class='ocrx_word' id='word_1_257' title='bbox 696 875 727 906; x_wconf 78' lang='grc' dir='ltr'><strong>τὸ</strong></span> <span class='ocrx_word' id='word_1_258' title='bbox 741 878 789 916; x_wconf 83' lang='grc' dir='ltr'>ψυ-</span> 
     </span>
    </p>
   </div>
   <div class='ocr_carea' id='block_1_35' title="bbox 886 865 1642 916">
    <p class='ocr_par' dir='ltr' id='par_1_35' title="bbox 886 865 1642 914">
     <span class='ocr_line' id='line_1_35' title="bbox 886 865 1642 914; baseline 0 -8"><span class='ocrx_word' id='word_1_259' title='bbox 886 865 972 907; x_wconf 71' lang='lat' dir='ltr'><strong>Vsus.</strong></span> <span class='ocrx_word' id='word_1_260' title='bbox 987 880 1033 906; x_wconf 70' lang='lat'><strong>46.</strong></span> <span class='ocrx_word' id='word_1_261' title='bbox 1051 888 1066 905; x_wconf 72' lang='grc' dir='ltr'>ιι</span> <span class='ocrx_word' id='word_1_262' title='bbox 1078 877 1132 906; x_wconf 91' lang='lat' dir='ltr'><strong>Sed</strong></span> <span class='ocrx_word' id='word_1_263' title='bbox 1144 886 1200 906; x_wconf 94' lang='lat' dir='ltr'><strong>non</strong></span> <span class='ocrx_word' id='word_1_264' title='bbox 1209 878 1331 914; x_wconf 89' lang='lat' dir='ltr'><strong>primum</strong></span> <span class='ocrx_word' id='word_1_265' title='bbox 1342 877 1418 914; x_wconf 89' lang='lat' dir='ltr'><strong>quod</strong></span> <span class='ocrx_word' id='word_1_266' title='bbox 1432 878 1584 914; x_wconf 86' lang='lat' dir='ltr'><strong>spirituale,</strong></span> <span class='ocrx_word' id='word_1_267' title='bbox 1595 878 1642 907; x_wconf 85' lang='lat' dir='ltr'><strong>sed</strong></span> 
     </span>
    </p>
   </div>
   <div class='ocr_carea' id='block_1_36' title="bbox 15 918 790 962">
    <p class='ocr_par' dir='ltr' id='par_1_36' title="bbox 15 918 790 962">
     <span class='ocr_line' id='line_1_36' title="bbox 15 918 790 962; baseline 0.003 -14"><span class='ocrx_word' id='word_1_268' title='bbox 15 918 84 959; x_wconf 69' lang='grc' dir='ltr'>χιιιὸν,</span> <span class='ocrx_word' id='word_1_269' title='bbox 97 919 186 950; x_wconf 79' lang='grc' dir='ltr'>ἔπειτα</span> <span class='ocrx_word' id='word_1_270' title='bbox 207 919 240 949; x_wconf 77' lang='grc' dir='ltr'><strong>τὸ</strong></span> <span class='ocrx_word' id='word_1_271' title='bbox 264 921 453 960; x_wconf 85' lang='grc' dir='ltr'>πνευματικόν.</span> <span class='ocrx_word' id='word_1_272' title='bbox 471 931 486 950; x_wconf 77' lang='lat' dir='ltr'><strong>n</strong></span> <span class='ocrx_word' id='word_1_273' title='bbox 508 919 569 951; x_wconf 83' lang='grc' dir='ltr'>Ἵνα</span> <span class='ocrx_word' id='word_1_274' title='bbox 593 921 631 959; x_wconf 88' lang='grc' dir='ltr'><strong>μή</strong></span> <span class='ocrx_word' id='word_1_275' title='bbox 655 933 694 954; x_wconf 83' lang='grc' dir='ltr'><strong>τις</strong></span> <span class='ocrx_word' id='word_1_276' title='bbox 713 921 790 962; x_wconf 84' lang='grc' dir='ltr'>εἴπῃ·</span> 
     </span>
    </p>
   </div>
   <div class='ocr_carea' id='block_1_37' title="bbox 14 963 792 1006">
    <p class='ocr_par' dir='ltr' id='par_1_37' title="bbox 14 963 792 1006">
     <span class='ocr_line' id='line_1_37' title="bbox 14 963 792 1006; baseline 0.003 -13"><span class='ocrx_word' id='word_1_277' title='bbox 14 963 55 993; x_wconf 82' lang='grc' dir='ltr'><strong>Διὰ</strong></span> <span class='ocrx_word' id='word_1_278' title='bbox 72 963 96 994; x_wconf 89' lang='grc' dir='ltr'><strong>τί</strong></span> <span class='ocrx_word' id='word_1_279' title='bbox 116 964 145 994; x_wconf 79' lang='grc' dir='ltr'><strong>τὸ</strong></span> <span class='ocrx_word' id='word_1_280' title='bbox 162 964 277 1005; x_wconf 77' lang='grc' dir='ltr'>ψυχικὸν</span> <span class='ocrx_word' id='word_1_281' title='bbox 301 967 381 1003; x_wconf 77' lang='grc' dir='ltr'>σῶμα</span> <span class='ocrx_word' id='word_1_282' title='bbox 404 965 449 995; x_wconf 81' lang='grc' dir='ltr'>καὶ</span> <span class='ocrx_word' id='word_1_283' title='bbox 466 966 555 1005; x_wconf 82' lang='grc' dir='ltr'>χεῖρον</span> <span class='ocrx_word' id='word_1_284' title='bbox 571 967 616 995; x_wconf 71' lang='grc' dir='ltr'>νῦν</span> <span class='ocrx_word' id='word_1_285' title='bbox 632 966 744 1006; x_wconf 67' lang='grc' dir='ltr'>ἔχομεν,</span> <span class='ocrx_word' id='word_1_286' title='bbox 761 966 792 996; x_wconf 79' lang='grc' dir='ltr'><strong>τὸ</strong></span> 
     </span>
    </p>
   </div>
   <div class='ocr_carea' id='block_1_38' title="bbox 14 1008 792 1050">
    <p class='ocr_par' dir='ltr' id='par_1_38' title="bbox 14 1008 792 1050">
     <span class='ocr_line' id='line_1_38' title="bbox 14 1008 792 1050; baseline 0.003 -12"><span class='ocrx_word' id='word_1_287' title='bbox 14 1008 35 1037; x_wconf 80' lang='grc' dir='ltr'><strong>δὲ</strong></span> <span class='ocrx_word' id='word_1_288' title='bbox 48 1010 213 1047; x_wconf 74' lang='grc' dir='ltr'>πνευματικὸν</span> <span class='ocrx_word' id='word_1_289' title='bbox 241 1008 349 1048; x_wconf 53' lang='lat' dir='ltr'><strong>pillei;</strong></span> <span class='ocrx_word' id='word_1_290' title='bbox 362 1011 454 1050; x_wconf 83' lang='grc' dir='ltr'>φησὶν,</span> <span class='ocrx_word' id='word_1_291' title='bbox 467 1009 508 1039; x_wconf 79' lang='grc' dir='ltr'><strong>ὅτι</strong></span> <span class='ocrx_word' id='word_1_292' title='bbox 522 1010 569 1040; x_wconf 80' lang='grc' dir='ltr'>καὶ</span> <span class='ocrx_word' id='word_1_293' title='bbox 586 1011 613 1040; x_wconf 79' lang='grc' dir='ltr'>αἱ</span> <span class='ocrx_word' id='word_1_294' title='bbox 635 1010 718 1050; x_wconf 78' lang='grc' dir='ltr'>ἀρχαὶ</span> <span class='ocrx_word' id='word_1_295' title='bbox 733 1012 792 1040; x_wconf 75' lang='grc' dir='ltr'>ἑκα-</span> 
     </span>
    </p>
   </div>
   <div class='ocr_carea' id='block_1_39' title="bbox 13 1053 791 1095">
    <p class='ocr_par' dir='ltr' id='par_1_39' title="bbox 13 1053 791 1095">
     <span class='ocr_line' id='line_1_39' title="bbox 13 1053 791 1095; baseline 0.004 -13"><span class='ocrx_word' id='word_1_296' title='bbox 13 1053 79 1092; x_wconf 80' lang='grc' dir='ltr'>τέρων</span> <span class='ocrx_word' id='word_1_297' title='bbox 100 1054 165 1083; x_wconf 74' lang='grc' dir='ltr'>οὕτω</span> <span class='ocrx_word' id='word_1_298' title='bbox 191 1054 365 1094; x_wconf 80' lang='grc' dir='ltr'>διετᾶγησαν,</span> <span class='ocrx_word' id='word_1_299' title='bbox 392 1054 448 1085; x_wconf 78' lang='grc' dir='ltr'>Καὶ</span> <span class='ocrx_word' id='word_1_300' title='bbox 471 1056 486 1084; x_wconf 96' lang='lat'><strong>6</strong></span> <span class='ocrx_word' id='word_1_301' title='bbox 512 1055 560 1094; x_wconf 65' lang='grc' dir='ltr'><strong>μὲν</strong></span> <span class='ocrx_word' id='word_1_302' title='bbox 585 1054 670 1094; x_wconf 77' lang='grc' dir='ltr'><strong>Ἀδὰμ</strong></span> <span class='ocrx_word' id='word_1_303' title='bbox 694 1055 791 1095; x_wconf 82' lang='grc' dir='ltr'>πρότε-</span> 
     </span>
    </p>
   </div>
   <div class='ocr_carea' id='block_1_40' title="bbox 15 1099 789 1140">
    <p class='ocr_par' dir='ltr' id='par_1_40' title="bbox 15 1099 789 1140">
     <span class='ocr_line' id='line_1_40' title="bbox 15 1099 789 1140; baseline 0.001 -12"><span class='ocrx_word' id='word_1_304' title='bbox 15 1109 59 1138; x_wconf 84' lang='grc' dir='ltr'>ρος,</span> <span class='ocrx_word' id='word_1_305' title='bbox 79 1099 92 1128; x_wconf 87' lang='lat'><strong>6</strong></span> <span class='ocrx_word' id='word_1_306' title='bbox 118 1099 144 1129; x_wconf 75' lang='grc' dir='ltr'><strong>δὲ</strong></span> <span class='ocrx_word' id='word_1_307' title='bbox 170 1099 286 1140; x_wconf 75' lang='grc' dir='ltr'>Χριστὸς</span> <span class='ocrx_word' id='word_1_308' title='bbox 310 1099 427 1139; x_wconf 72' lang='grc' dir='ltr'>ὕστερος.</span> <span class='ocrx_word' id='word_1_309' title='bbox 450 1099 536 1130; x_wconf 79' lang='grc' dir='ltr'>Ὥστε</span> <span class='ocrx_word' id='word_1_310' title='bbox 562 1099 606 1130; x_wconf 78' lang='grc' dir='ltr'>ἐπὶ</span> <span class='ocrx_word' id='word_1_311' title='bbox 628 1099 658 1129; x_wconf 85' lang='grc' dir='ltr'><strong>τὸ</strong></span> <span class='ocrx_word' id='word_1_312' title='bbox 687 1099 789 1140; x_wconf 76' lang='grc' dir='ltr'>βέλτιον</span> 
     </span>
    </p>
   </div>
   <div class='ocr_carea' id='block_1_41' title="bbox 15 1143 790 1185">
    <p class='ocr_par' dir='ltr' id='par_1_41' title="bbox 15 1143 790 1185">
     <span class='ocr_line' id='line_1_41' title="bbox 15 1143 790 1185; baseline 0.003 -13"><span class='ocrx_word' id='word_1_313' title='bbox 15 1143 48 1172; x_wconf 74' lang='grc' dir='ltr'>ἀεὶ</span> <span class='ocrx_word' id='word_1_314' title='bbox 67 1143 97 1173; x_wconf 75' lang='grc' dir='ltr'><strong>τὰ</strong></span> <span class='ocrx_word' id='word_1_315' title='bbox 116 1143 232 1183; x_wconf 79' lang='grc' dir='ltr'>ἡμέτερα</span> <span class='ocrx_word' id='word_1_316' title='bbox 256 1143 379 1185; x_wconf 81' lang='grc' dir='ltr'><strong>πρόεισι·</strong></span> <span class='ocrx_word' id='word_1_317' title='bbox 405 1145 452 1174; x_wconf 74' lang='grc' dir='ltr'><strong>καὶ</strong></span> <span class='ocrx_word' id='word_1_318' title='bbox 477 1144 602 1180; x_wconf 72' lang='grc' dir='ltr'>πίστευε,</span> <span class='ocrx_word' id='word_1_319' title='bbox 625 1144 665 1173; x_wconf 76' lang='grc' dir='ltr'><strong>ὅτι</strong></span> <span class='ocrx_word' id='word_1_320' title='bbox 690 1144 734 1174; x_wconf 80' lang='grc' dir='ltr'><strong>καὶ</strong></span> <span class='ocrx_word' id='word_1_321' title='bbox 756 1145 790 1175; x_wconf 83' lang='grc' dir='ltr'><strong>τὰ</strong></span> 
     </span>
    </p>
   </div>
   <div class='ocr_carea' id='block_1_42' title="bbox 15 1189 790 1230">
    <p class='ocr_par' dir='ltr' id='par_1_42' title="bbox 15 1189 790 1230">
     <span class='ocr_line' id='line_1_42' title="bbox 15 1189 790 1230; baseline 0.001 -12"><span class='ocrx_word' id='word_1_322' title='bbox 15 1190 50 1217; x_wconf 75' lang='grc' dir='ltr'>νῦν</span> <span class='ocrx_word' id='word_1_323' title='bbox 64 1189 88 1218; x_wconf 74' lang='grc' dir='ltr'>ἐν</span> <span class='ocrx_word' id='word_1_324' title='bbox 110 1189 149 1218; x_wconf 79' lang='grc' dir='ltr'><strong>σοὶ</strong></span> <span class='ocrx_word' id='word_1_325' title='bbox 169 1189 276 1230; x_wconf 80' lang='grc' dir='ltr'>φθαρτὰ</span> <span class='ocrx_word' id='word_1_326' title='bbox 301 1189 347 1219; x_wconf 77' lang='grc' dir='ltr'><strong>καὶ</strong></span> <span class='ocrx_word' id='word_1_327' title='bbox 371 1189 454 1229; x_wconf 84' lang='grc' dir='ltr'>χείρω</span> <span class='ocrx_word' id='word_1_328' title='bbox 475 1189 519 1219; x_wconf 79' lang='grc' dir='ltr'><strong>ἐπὶ</strong></span> <span class='ocrx_word' id='word_1_329' title='bbox 541 1190 570 1219; x_wconf 80' lang='grc' dir='ltr'><strong>τὸ</strong></span> <span class='ocrx_word' id='word_1_330' title='bbox 592 1189 722 1230; x_wconf 71' lang='grc' dir='ltr'>ἄφθαρτον</span> <span class='ocrx_word' id='word_1_331' title='bbox 744 1190 790 1220; x_wconf 83' lang='grc' dir='ltr'>καὶ</span> 
     </span>
    </p>
   </div>
   <div class='ocr_carea' id='block_1_43' title="bbox 16 1233 455 1274">
    <p class='ocr_par' dir='ltr' id='par_1_43' title="bbox 16 1233 455 1274">
     <span class='ocr_line' id='line_1_43' title="bbox 16 1233 455 1274; baseline 0.005 -12"><span class='ocrx_word' id='word_1_332' title='bbox 16 1237 114 1271; x_wconf 77' lang='grc' dir='ltr'>κρεῖττον</span> <span class='ocrx_word' id='word_1_333' title='bbox 127 1233 455 1274; x_wconf 65' lang='grc' dir='ltr'>μιταστοιχειωθήσονται.</span> 
     </span>
    </p>
   </div>
   <div class='ocr_carea' id='block_1_44' title="bbox 47 1322 791 1364">
    <p class='ocr_par' dir='ltr' id='par_1_44' title="bbox 47 1322 791 1364">
     <span class='ocr_line' id='line_1_44' title="bbox 47 1322 791 1364; baseline 0 -11"><span class='ocrx_word' id='word_1_334' title='bbox 47 1336 58 1348; x_wconf 86' lang='lat' dir='ltr'><strong>I</strong></span> <span class='ocrx_word' id='word_1_335' title='bbox 77 1322 106 1353; x_wconf 89' lang='grc' dir='ltr'>Ὁ</span> <span class='ocrx_word' id='word_1_336' title='bbox 125 1325 227 1364; x_wconf 76' lang='grc' dir='ltr'>πρῶτος</span> <span class='ocrx_word' id='word_1_337' title='bbox 251 1323 388 1364; x_wconf 80' lang='grc' dir='ltr'>ἄνθρωπος</span> <span class='ocrx_word' id='word_1_338' title='bbox 404 1325 434 1353; x_wconf 84' lang='grc' dir='ltr'>ἐκ</span> <span class='ocrx_word' id='word_1_339' title='bbox 448 1326 496 1364; x_wconf 83' lang='grc' dir='ltr'><strong>γῆς</strong></span> <span class='ocrx_word' id='word_1_340' title='bbox 516 1323 622 1364; x_wconf 83' lang='grc' dir='ltr'>χοῑκός·</span> <span class='ocrx_word' id='word_1_341' title='bbox 637 1325 651 1353; x_wconf 94' lang='lat'><strong>6</strong></span> <span class='ocrx_word' id='word_1_342' title='bbox 674 1322 791 1364; x_wconf 78' lang='grc' dir='ltr'>δεύτερος</span> 
     </span>
    </p>
   </div>
   <div class='ocr_carea' id='block_1_45' title="bbox 16 1365 791 1409">
    <p class='ocr_par' dir='ltr' id='par_1_45' title="bbox 16 1365 791 1409">
     <span class='ocr_line' id='line_1_45' title="bbox 16 1365 791 1409; baseline 0.004 -13"><span class='ocrx_word' id='word_1_343' title='bbox 16 1365 141 1407; x_wconf 76' lang='grc' dir='ltr'>ἄνθρωπος,</span> <span class='ocrx_word' id='word_1_344' title='bbox 157 1370 171 1398; x_wconf 89' lang='lat'><strong>6</strong></span> <span class='ocrx_word' id='word_1_345' title='bbox 187 1368 287 1408; x_wconf 84' lang='grc' dir='ltr'>Κύριος</span> <span class='ocrx_word' id='word_1_346' title='bbox 305 1369 333 1403; x_wconf 78' lang='grc' dir='ltr'><strong>ἐξ</strong></span> <span class='ocrx_word' id='word_1_347' title='bbox 352 1370 475 1409; x_wconf 79' lang='grc' dir='ltr'>οὐρανοῦ.</span> <span class='ocrx_word' id='word_1_348' title='bbox 492 1382 504 1396; x_wconf 78' lang='grc' dir='ltr'><strong>σι</strong></span> <span class='ocrx_word' id='word_1_349' title='bbox 523 1369 585 1399; x_wconf 84' lang='grc' dir='ltr'>Ἰνα</span> <span class='ocrx_word' id='word_1_350' title='bbox 601 1369 638 1408; x_wconf 82' lang='grc' dir='ltr'>μὴ</span> <span class='ocrx_word' id='word_1_351' title='bbox 656 1370 791 1407; x_wconf 82' lang='grc' dir='ltr'><strong>ἀμελῶσιν</strong></span> 
     </span>
    </p>
   </div>
   <div class='ocr_carea' id='block_1_46' title="bbox 18 1411 789 1454">
    <p class='ocr_par' dir='ltr' id='par_1_46' title="bbox 18 1411 789 1454">
     <span class='ocr_line' id='line_1_46' title="bbox 18 1411 789 1454; baseline 0.003 -13"><span class='ocrx_word' id='word_1_352' title='bbox 18 1411 107 1450; x_wconf 76' lang='grc' dir='ltr'>ἀρίστου</span> <span class='ocrx_word' id='word_1_353' title='bbox 130 1412 201 1453; x_wconf 83' lang='grc' dir='ltr'>βίου,</span> <span class='ocrx_word' id='word_1_354' title='bbox 225 1414 320 1452; x_wconf 79' lang='grc' dir='ltr'><strong>μέλλει</strong></span> <span class='ocrx_word' id='word_1_355' title='bbox 347 1418 486 1454; x_wconf 77' lang='grc' dir='ltr'>παραινεῖν</span> <span class='ocrx_word' id='word_1_356' title='bbox 506 1414 598 1444; x_wconf 75' lang='grc' dir='ltr'>λοιπὸν</span> <span class='ocrx_word' id='word_1_357' title='bbox 622 1413 684 1454; x_wconf 73' lang='grc' dir='ltr'>περὶ</span> <span class='ocrx_word' id='word_1_358' title='bbox 710 1414 789 1443; x_wconf 90' lang='grc' dir='ltr'>πολι-</span> 
     </span>
    </p>
   </div>
   <div class='ocr_carea' id='block_1_47' title="bbox 17 1456 830 1499">
    <p class='ocr_par' dir='ltr' id='par_1_47' title="bbox 17 1456 830 1499">
     <span class='ocr_line' id='line_1_47' title="bbox 17 1456 830 1499; baseline 0.006 -14"><span class='ocrx_word' id='word_1_359' title='bbox 17 1456 73 1499; x_wconf 62' lang='lat' dir='ltr'><strong>Elia;</strong></span> <span class='ocrx_word' id='word_1_360' title='bbox 89 1458 239 1498; x_wconf 83' lang='grc' dir='ltr'>θεαρέστου,</span> <span class='ocrx_word' id='word_1_361' title='bbox 254 1458 302 1488; x_wconf 82' lang='grc' dir='ltr'><strong>καί</strong></span> <span class='ocrx_word' id='word_1_362' title='bbox 322 1470 417 1499; x_wconf 74' lang='grc' dir='ltr'>φησιν,</span> <span class='ocrx_word' id='word_1_363' title='bbox 433 1458 472 1488; x_wconf 73' lang='grc' dir='ltr'>ὅτι</span> <span class='ocrx_word' id='word_1_364' title='bbox 497 1469 511 1488; x_wconf 80' lang='grc' dir='ltr'><strong>ι(</strong></span> <span class='ocrx_word' id='word_1_365' title='bbox 532 1457 565 1489; x_wconf 88' lang='grc' dir='ltr'>Ὁ</span> <span class='ocrx_word' id='word_1_366' title='bbox 585 1458 672 1497; x_wconf 75' lang='grc' dir='ltr'>Ἀδὰμ</span> <span class='ocrx_word' id='word_1_367' title='bbox 697 1460 727 1489; x_wconf 78' lang='grc' dir='ltr'><strong>ἐκ</strong></span> <span class='ocrx_word' id='word_1_368' title='bbox 741 1460 790 1497; x_wconf 78' lang='grc' dir='ltr'>γῆς</span> <span class='ocrx_word' id='word_1_369' title='bbox 808 1459 830 1490; x_wconf 82' lang='lat' dir='ltr'><strong>C</strong></span> 
     </span>
    </p>
   </div>
   <div class='ocr_carea' id='block_1_48' title="bbox 17 1495 787 1543">
    <p class='ocr_par' dir='ltr' id='par_1_48' title="bbox 17 1495 787 1543">
     <span class='ocr_line' id='line_1_48' title="bbox 17 1495 787 1543; baseline 0.001 -12"><span class='ocrx_word' id='word_1_370' title='bbox 17 1495 58 1535; x_wconf 72' lang='grc' dir='ltr'><strong>ἧν·</strong></span> <span class='ocrx_word' id='word_1_371' title='bbox 81 1515 92 1528; x_wconf 75' lang='grc' dir='ltr'><strong><em>ι</em></strong></span> <span class='ocrx_word' id='word_1_372' title='bbox 115 1495 251 1543; x_wconf 78' lang='grc' dir='ltr'>τοιγαροῦν</span> <span class='ocrx_word' id='word_1_373' title='bbox 283 1495 334 1533; x_wconf 36' lang='grc' dir='ltr'>καὶ.</span> <span class='ocrx_word' id='word_1_374' title='bbox 359 1503 442 1537; x_wconf 76' lang='grc' dir='ltr'>οὕτως</span> <span class='ocrx_word' id='word_1_375' title='bbox 465 1503 636 1542; x_wconf 81' lang='grc' dir='ltr'>ὠνόμασται·</span> <span class='ocrx_word' id='word_1_376' title='bbox 652 1495 688 1533; x_wconf 65' lang='grc' dir='ltr'><strong>⁷τὸ</strong></span> <span class='ocrx_word' id='word_1_377' title='bbox 717 1495 787 1543; x_wconf 55' lang='grc' dir='ltr'>γάρ,</span> 
     </span>
    </p>
   </div>
   <div class='ocr_carea' id='block_1_49' title="bbox 19 1544 792 1588">
    <p class='ocr_par' dir='ltr' id='par_1_49' title="bbox 19 1544 792 1588">
     <span class='ocr_line' id='line_1_49' title="bbox 19 1544 792 1588; baseline 0.004 -13"><span class='ocrx_word' id='word_1_378' title='bbox 19 1556 31 1572; x_wconf 77' lang='grc' dir='ltr'>ι</span> <span class='ocrx_word' id='word_1_379' title='bbox 45 1544 131 1585; x_wconf 73' lang='grc' dir='ltr'>Ἀδὰμ,</span> <span class='ocrx_word' id='word_1_380' title='bbox 145 1561 156 1573; x_wconf 76' lang='grc' dir='ltr'>ι</span> <span class='ocrx_word' id='word_1_381' title='bbox 171 1548 263 1587; x_wconf 85' lang='grc' dir='ltr'><strong>γήῑνον</strong></span> <span class='ocrx_word' id='word_1_382' title='bbox 285 1547 330 1577; x_wconf 68' lang='grc' dir='ltr'>καὶ</span> <span class='ocrx_word' id='word_1_383' title='bbox 346 1547 438 1588; x_wconf 80' lang='grc' dir='ltr'>χοῖκὸν</span> <span class='ocrx_word' id='word_1_384' title='bbox 461 1548 546 1584; x_wconf 86' lang='grc' dir='ltr'>δηλοῖ.</span> <span class='ocrx_word' id='word_1_385' title='bbox 567 1559 583 1576; x_wconf 78' lang='grc' dir='ltr'><strong>α</strong></span> <span class='ocrx_word' id='word_1_386' title='bbox 599 1547 634 1578; x_wconf 60' lang='grc' dir='ltr'>ίΟ</span> <span class='ocrx_word' id='word_1_387' title='bbox 654 1547 682 1577; x_wconf 78' lang='grc' dir='ltr'><strong>δὲ</strong></span> <span class='ocrx_word' id='word_1_388' title='bbox 704 1548 792 1578; x_wconf 82' lang='grc' dir='ltr'>δεύτε-</span> 
     </span>
    </p>
   </div>
   <div class='ocr_carea' id='block_1_50' title="bbox 19 1588 792 1633">
    <p class='ocr_par' dir='ltr' id='par_1_50' title="bbox 19 1588 792 1633">
     <span class='ocr_line' id='line_1_50' title="bbox 19 1588 792 1633; baseline 0.003 -13"><span class='ocrx_word' id='word_1_389' title='bbox 19 1601 51 1628; x_wconf 70' lang='grc' dir='ltr'>ρος</span> <span class='ocrx_word' id='word_1_390' title='bbox 65 1590 208 1631; x_wconf 80' lang='grc' dir='ltr'>ἄνθρωπος,</span> <span class='ocrx_word' id='word_1_391' title='bbox 232 1594 248 1621; x_wconf 89' lang='lat'><strong>6</strong></span> <span class='ocrx_word' id='word_1_392' title='bbox 273 1592 369 1633; x_wconf 77' lang='grc' dir='ltr'>Κύριος</span> <span class='ocrx_word' id='word_1_393' title='bbox 392 1593 418 1627; x_wconf 77' lang='grc' dir='ltr'><strong>ἐξ</strong></span> <span class='ocrx_word' id='word_1_394' title='bbox 442 1594 552 1633; x_wconf 79' lang='grc' dir='ltr'>οὐρανοῦ</span> <span class='ocrx_word' id='word_1_395' title='bbox 571 1607 584 1619; x_wconf 77' lang='grc' dir='ltr'><strong>ι</strong></span> <span class='ocrx_word' id='word_1_396' title='bbox 603 1588 647 1628; x_wconf 64' lang='grc' dir='ltr'>ἦν.</span> <span class='ocrx_word' id='word_1_397' title='bbox 674 1593 728 1622; x_wconf 79' lang='grc' dir='ltr'>Καὶ</span> <span class='ocrx_word' id='word_1_398' title='bbox 749 1594 792 1622; x_wconf 76' lang='grc' dir='ltr'><strong>τὸν</strong></span> 
     </span>
    </p>
   </div>
   <div class='ocr_carea' id='block_1_51' title="bbox 19 1634 793 1678">
    <p class='ocr_par' dir='ltr' id='par_1_51' title="bbox 19 1634 793 1678">
     <span class='ocr_line' id='line_1_51' title="bbox 19 1634 793 1678; baseline 0 -12"><span class='ocrx_word' id='word_1_399' title='bbox 19 1634 100 1676; x_wconf 69' lang='grc' dir='ltr'>μένίὶκ</span> <span class='ocrx_word' id='word_1_400' title='bbox 120 1639 163 1666; x_wconf 78' lang='grc' dir='ltr'><strong>τοῦ</strong></span> <span class='ocrx_word' id='word_1_401' title='bbox 183 1637 300 1678; x_wconf 82' lang='grc' dir='ltr'>χείρονος</span> <span class='ocrx_word' id='word_1_402' title='bbox 324 1637 466 1674; x_wconf 78' lang='grc' dir='ltr'>ὀνομάζει⁸</span> <span class='ocrx_word' id='word_1_403' title='bbox 490 1637 535 1667; x_wconf 85' lang='grc' dir='ltr'><strong>τὸν</strong></span> <span class='ocrx_word' id='word_1_404' title='bbox 550 1637 578 1666; x_wconf 84' lang='grc' dir='ltr'><strong>δὲ</strong></span> <span class='ocrx_word' id='word_1_405' title='bbox 603 1637 736 1677; x_wconf 79' lang='grc' dir='ltr'>δεύτερον,</span> <span class='ocrx_word' id='word_1_406' title='bbox 764 1640 793 1668; x_wconf 76' lang='grc' dir='ltr'>ἐκ</span> 
     </span>
    </p>
   </div>
   <div class='ocr_carea' id='block_1_52' title="bbox 19 1680 791 1721">
    <p class='ocr_par' dir='ltr' id='par_1_52' title="bbox 19 1680 791 1721">
     <span class='ocr_line' id='line_1_52' title="bbox 19 1680 791 1721; baseline 0.004 -13"><span class='ocrx_word' id='word_1_407' title='bbox 19 1681 54 1708; x_wconf 71' lang='grc' dir='ltr'>τῶ</span> <span class='ocrx_word' id='word_1_408' title='bbox 66 1680 216 1720; x_wconf 77' lang='grc' dir='ltr'>κρείττονος·</span> <span class='ocrx_word' id='word_1_409' title='bbox 232 1683 283 1721; x_wconf 85' lang='grc' dir='ltr'><strong>οὐχ</strong></span> <span class='ocrx_word' id='word_1_410' title='bbox 297 1681 337 1711; x_wconf 79' lang='grc' dir='ltr'><strong>ὅτι</strong></span> <span class='ocrx_word' id='word_1_411' title='bbox 357 1683 385 1711; x_wconf 83' lang='grc' dir='ltr'><strong>δὲ</strong></span> <span class='ocrx_word' id='word_1_412' title='bbox 404 1683 418 1710; x_wconf 88' lang='lat'><strong>6</strong></span> <span class='ocrx_word' id='word_1_413' title='bbox 439 1681 590 1721; x_wconf 78' lang='grc' dir='ltr'>ἄνθρωπος,</span> <span class='ocrx_word' id='word_1_414' title='bbox 612 1680 671 1718; x_wconf 78' lang='grc' dir='ltr'>ἢτοι</span> <span class='ocrx_word' id='word_1_415' title='bbox 694 1682 724 1711; x_wconf 81' lang='grc' dir='ltr'><strong>τὸ</strong></span> <span class='ocrx_word' id='word_1_416' title='bbox 739 1683 791 1711; x_wconf 81' lang='grc' dir='ltr'><strong>ἆν-</strong></span> 
     </span>
    </p>
   </div>
   <div class='ocr_carea' id='block_1_53' title="bbox 19 1722 793 1767">
    <p class='ocr_par' dir='ltr' id='par_1_53' title="bbox 19 1722 793 1767">
     <span class='ocr_line' id='line_1_53' title="bbox 19 1722 793 1767; baseline 0.001 -13"><span class='ocrx_word' id='word_1_417' title='bbox 19 1724 128 1762; x_wconf 80' lang='grc' dir='ltr'>θρώπινον</span> <span class='ocrx_word' id='word_1_418' title='bbox 146 1727 326 1766; x_wconf 84' lang='grc' dir='ltr'>πρόσλημμα,</span> <span class='ocrx_word' id='word_1_419' title='bbox 351 1726 378 1761; x_wconf 79' lang='grc' dir='ltr'><strong>ἐξ</strong></span> <span class='ocrx_word' id='word_1_420' title='bbox 404 1727 516 1766; x_wconf 77' lang='grc' dir='ltr'>οὐρανοῦ</span> <span class='ocrx_word' id='word_1_421' title='bbox 545 1722 589 1767; x_wconf 70' lang='grc' dir='ltr'><strong>ἦν,</strong></span> <span class='ocrx_word' id='word_1_422' title='bbox 615 1729 650 1760; x_wconf 84' lang='grc' dir='ltr'><strong>ὡς</strong></span> <span class='ocrx_word' id='word_1_423' title='bbox 670 1729 684 1756; x_wconf 89' lang='lat'><strong>6</strong></span> <span class='ocrx_word' id='word_1_424' title='bbox 704 1727 793 1767; x_wconf 69' lang='grc' dir='ltr'>ἄφρων</span> 
     </span>
    </p>
   </div>
   <div class='ocr_carea' id='block_1_54' title="bbox 20 1767 793 1812">
    <p class='ocr_par' dir='ltr' id='par_1_54' title="bbox 20 1767 793 1812">
     <span class='ocr_line' id='line_1_54' title="bbox 20 1767 793 1812; baseline 0.006 -16"><span class='ocrx_word' id='word_1_425' title='bbox 20 1767 193 1811; x_wconf 80' lang='grc' dir='ltr'>Ἀπολλινιίριος</span> <span class='ocrx_word' id='word_1_426' title='bbox 227 1771 338 1811; x_wconf 70' lang='grc' dir='ltr'>ἐλήρειο</span> <span class='ocrx_word' id='word_1_427' title='bbox 372 1772 432 1802; x_wconf 76' lang='grc' dir='ltr'>ἀλλ’</span> <span class='ocrx_word' id='word_1_428' title='bbox 457 1771 499 1801; x_wconf 80' lang='grc' dir='ltr'><strong>ὅτι</strong></span> <span class='ocrx_word' id='word_1_429' title='bbox 526 1771 554 1801; x_wconf 76' lang='grc' dir='ltr'><strong>ἓν</strong></span> <span class='ocrx_word' id='word_1_430' title='bbox 581 1772 723 1812; x_wconf 70' lang='grc' dir='ltr'>πρόσοικον</span> <span class='ocrx_word' id='word_1_431' title='bbox 743 1775 793 1812; x_wconf 19' lang='grc' dir='ltr'><strong>γτοῦ</strong></span> 
     </span>
    </p>
   </div>
   <div class='ocr_carea' id='block_1_55' title="bbox 19 1811 795 1857">
    <p class='ocr_par' dir='ltr' id='par_1_55' title="bbox 19 1811 795 1857">
     <span class='ocr_line' id='line_1_55' title="bbox 19 1811 795 1857; baseline 0 -12"><span class='ocrx_word' id='word_1_432' title='bbox 19 1813 63 1847; x_wconf 61' lang='lat' dir='ltr'><strong>ivi):</strong></span> <span class='ocrx_word' id='word_1_433' title='bbox 86 1815 213 1854; x_wconf 75' lang='grc' dir='ltr'>Χριστοῦ,</span> <span class='ocrx_word' id='word_1_434' title='bbox 248 1816 294 1846; x_wconf 83' lang='grc' dir='ltr'><strong>καὶ</strong></span> <span class='ocrx_word' id='word_1_435' title='bbox 326 1817 341 1845; x_wconf 87' lang='lat'><strong>6</strong></span> <span class='ocrx_word' id='word_1_436' title='bbox 370 1816 506 1857; x_wconf 78' lang='grc' dir='ltr'>ἄνθρωπος</span> <span class='ocrx_word' id='word_1_437' title='bbox 535 1817 562 1851; x_wconf 74' lang='grc' dir='ltr'><strong>ἐξ</strong></span> <span class='ocrx_word' id='word_1_438' title='bbox 591 1811 702 1857; x_wconf 76' lang='grc' dir='ltr'>οὖρανοῦ</span> <span class='ocrx_word' id='word_1_439' title='bbox 727 1811 795 1846; x_wconf 71' lang='grc' dir='ltr'>εἶναι</span> 
     </span>
    </p>
   </div>
   <div class='ocr_carea' id='block_1_56' title="bbox 20 1857 796 1901">
    <p class='ocr_par' dir='ltr' id='par_1_56' title="bbox 20 1857 796 1901">
     <span class='ocr_line' id='line_1_56' title="bbox 20 1857 796 1901; baseline 0.005 -16"><span class='ocrx_word' id='word_1_440' title='bbox 20 1857 54 1886; x_wconf 74' lang='grc' dir='ltr'>διὰ</span> <span class='ocrx_word' id='word_1_441' title='bbox 72 1858 114 1895; x_wconf 82' lang='grc' dir='ltr'>τὴν</span> <span class='ocrx_word' id='word_1_442' title='bbox 138 1859 227 1891; x_wconf 72' lang='grc' dir='ltr'>ἕνωσιν</span> <span class='ocrx_word' id='word_1_443' title='bbox 255 1860 377 1900; x_wconf 73' lang='grc' dir='ltr'>λέγεται,</span> <span class='ocrx_word' id='word_1_444' title='bbox 400 1862 446 1891; x_wconf 81' lang='grc' dir='ltr'>καὶ</span> <span class='ocrx_word' id='word_1_445' title='bbox 470 1864 484 1891; x_wconf 87' lang='lat'><strong>6</strong></span> <span class='ocrx_word' id='word_1_446' title='bbox 509 1862 578 1895; x_wconf 79' lang='grc' dir='ltr'>Θεὸς</span> <span class='ocrx_word' id='word_1_447' title='bbox 597 1863 796 1901; x_wconf 75' lang='grc' dir='ltr'>σταυρωθῆναι,</span> 
     </span>
    </p>
   </div>
   <div class='ocr_carea' id='block_1_57' title="bbox 21 1902 318 1941">
    <p class='ocr_par' dir='ltr' id='par_1_57' title="bbox 21 1902 318 1941">
     <span class='ocr_line' id='line_1_57' title="bbox 21 1902 318 1941; baseline 0.017 -10"><span class='ocrx_word' id='word_1_448' title='bbox 21 1902 55 1931; x_wconf 75' lang='grc' dir='ltr'>διὰ</span> <span class='ocrx_word' id='word_1_449' title='bbox 67 1902 109 1939; x_wconf 81' lang='grc' dir='ltr'>τὴν</span> <span class='ocrx_word' id='word_1_450' title='bbox 122 1906 200 1941; x_wconf 73' lang='grc' dir='ltr'>αὐτὴν</span> <span class='ocrx_word' id='word_1_451' title='bbox 217 1905 318 1936; x_wconf 81' lang='grc' dir='ltr'>αἰτίαν.</span> 
     </span>
    </p>
   </div>
   <div class='ocr_carea' id='block_1_58' title="bbox 57 1944 796 1991">
    <p class='ocr_par' dir='ltr' id='par_1_58' title="bbox 57 1944 796 1991">
     <span class='ocr_line' id='line_1_58' title="bbox 57 1944 796 1991; baseline 0.004 -14"><span class='ocrx_word' id='word_1_452' title='bbox 57 1957 68 1975; x_wconf 81' lang='grc' dir='ltr'>ιι</span> <span class='ocrx_word' id='word_1_453' title='bbox 86 1944 144 1983; x_wconf 75' lang='grc' dir='ltr'><strong>Οἶος</strong></span> <span class='ocrx_word' id='word_1_454' title='bbox 157 1951 171 1978; x_wconf 83' lang='lat'><strong>6</strong></span> <span class='ocrx_word' id='word_1_455' title='bbox 193 1951 301 1990; x_wconf 81' lang='grc' dir='ltr'>χοῑκὸς,</span> <span class='ocrx_word' id='word_1_456' title='bbox 317 1953 431 1981; x_wconf 76' lang='grc' dir='ltr'>τοιοῦτοι</span> <span class='ocrx_word' id='word_1_457' title='bbox 449 1951 495 1981; x_wconf 83' lang='grc' dir='ltr'>καὶ</span> <span class='ocrx_word' id='word_1_458' title='bbox 518 1952 542 1981; x_wconf 79' lang='grc' dir='ltr'>οἱ</span> <span class='ocrx_word' id='word_1_459' title='bbox 557 1950 654 1991; x_wconf 80' lang='grc' dir='ltr'><strong>χοϊκοί.</strong></span> <span class='ocrx_word' id='word_1_460' title='bbox 679 1963 694 1979; x_wconf 71' lang='grc' dir='ltr'><strong>ο</strong></span> <span class='ocrx_word' id='word_1_461' title='bbox 711 1951 796 1980; x_wconf 88' lang='grc' dir='ltr'>Τουτ-</span> 
     </span>
    </p>
   </div>
   <div class='ocr_carea' id='block_1_59' title="bbox 22 1989 796 2032">
    <p class='ocr_par' dir='ltr' id='par_1_59' title="bbox 22 1989 796 2032">
     <span class='ocr_line' id='line_1_59' title="bbox 22 1989 796 2032; baseline 0.008 -14"><span class='ocrx_word' id='word_1_462' title='bbox 22 1989 92 2028; x_wconf 69' lang='lat' dir='ltr'><strong>iam,</strong></span> <span class='ocrx_word' id='word_1_463' title='bbox 105 1993 170 2024; x_wconf 78' lang='grc' dir='ltr'>οὕτω</span> <span class='ocrx_word' id='word_1_464' title='bbox 181 1996 344 2025; x_wconf 78' lang='grc' dir='ltr'>ἀπολοῦνται</span> <span class='ocrx_word' id='word_1_465' title='bbox 361 1996 407 2026; x_wconf 75' lang='grc' dir='ltr'>καὶ</span> <span class='ocrx_word' id='word_1_466' title='bbox 421 1996 623 2032; x_wconf 82' lang='grc' dir='ltr'>τελιυτήσουσιν</span> <span class='ocrx_word' id='word_1_467' title='bbox 635 2008 642 2014; x_wconf 88' lang='grc'><strong>·</strong></span> <span class='ocrx_word' id='word_1_468' title='bbox 659 1995 687 2032; x_wconf 86' lang='grc' dir='ltr'>ἢ,</span> <span class='ocrx_word' id='word_1_469' title='bbox 698 1996 737 2025; x_wconf 69' lang='grc' dir='ltr'>ὅτι</span> <span class='ocrx_word' id='word_1_470' title='bbox 751 1994 796 2025; x_wconf 78' lang='grc' dir='ltr'>τὸν</span> 
     </span>
    </p>
   </div>
   <div class='ocr_carea' id='block_1_60' title="bbox 22 2036 796 2109">
    <p class='ocr_par' dir='ltr' id='par_1_60' title="bbox 22 2036 796 2109">
     <span class='ocr_line' id='line_1_60' title="bbox 22 2036 796 2109; baseline 0.003 -41"><span class='ocrx_word' id='word_1_471' title='bbox 22 2036 191 2109; x_wconf 41' lang='grc' dir='ltr'>ῆλὶὶᾶμαρτίας</span> <span class='ocrx_word' id='word_1_472' title='bbox 213 2039 327 2070; x_wconf 80' lang='grc' dir='ltr'>θάνατον</span> <span class='ocrx_word' id='word_1_473' title='bbox 346 2041 541 2071; x_wconf 74' lang='grc' dir='ltr'>ἀποθανοῦνται</span> <span class='ocrx_word' id='word_1_474' title='bbox 557 2042 582 2071; x_wconf 73' lang='grc' dir='ltr'>οἱ</span> <span class='ocrx_word' id='word_1_475' title='bbox 657 2042 693 2080; x_wconf 85' lang='grc' dir='ltr'><strong>γῇ</strong></span> <span class='ocrx_word' id='word_1_476' title='bbox 711 2052 796 2081; x_wconf 88' lang='grc' dir='ltr'>προσ-</span> 
     </span>
     <span class='ocr_line' id='line_1_61' title="bbox 23 2082 144 2109; baseline 0 0"><span class='ocrx_word' id='word_1_477' title='bbox 23 2091 35 2109; x_wconf 84' lang='grc' dir='ltr'><strong>η</strong></span> <span class='ocrx_word' id='word_1_478' title='bbox 69 2082 144 2109; x_wconf 38' lang='grc' dir='ltr'>μένοι.</span> 
     </span>
    </p>
   </div>
   <div class='ocr_carea' id='block_1_61' title="bbox 23 2082 145 2119">
    <p class='ocr_par' dir='ltr' id='par_1_61' title="bbox 23 2082 145 2119">
     <span class='ocr_line' id='line_1_62' title="bbox 23 2082 145 2119; baseline 0.033 -10"><span class='ocrx_word' id='word_1_479' title='bbox 23 2082 145 2119; x_wconf 77' lang='grc' dir='ltr'>ηλωμένοι.</span> 
     </span>
    </p>
   </div>
   <div class='ocr_carea' id='block_1_62' title="bbox 59 2123 796 2171">
    <p class='ocr_par' dir='ltr' id='par_1_62' title="bbox 59 2123 796 2171">
     <span class='ocr_line' id='line_1_63' title="bbox 59 2123 796 2171; baseline 0.004 -14"><span class='ocrx_word' id='word_1_480' title='bbox 59 2137 71 2154; x_wconf 72' lang='grc' dir='ltr'><strong>α</strong></span> <span class='ocrx_word' id='word_1_481' title='bbox 90 2128 138 2158; x_wconf 80' lang='grc' dir='ltr'><strong>Καὶ</strong></span> <span class='ocrx_word' id='word_1_482' title='bbox 155 2123 205 2163; x_wconf 79' lang='grc' dir='ltr'>οἶος</span> <span class='ocrx_word' id='word_1_483' title='bbox 221 2131 237 2159; x_wconf 85' lang='lat'><strong>6</strong></span> <span class='ocrx_word' id='word_1_484' title='bbox 251 2129 423 2170; x_wconf 69' lang='grc' dir='ltr'>ἐπουράνιος,</span> <span class='ocrx_word' id='word_1_485' title='bbox 444 2133 557 2161; x_wconf 75' lang='grc' dir='ltr'>τοιοῦτοι</span> <span class='ocrx_word' id='word_1_486' title='bbox 575 2130 622 2160; x_wconf 73' lang='grc' dir='ltr'>καὶ</span> <span class='ocrx_word' id='word_1_487' title='bbox 641 2131 665 2160; x_wconf 73' lang='grc' dir='ltr'><strong>οἳ</strong></span> <span class='ocrx_word' id='word_1_488' title='bbox 680 2131 796 2171; x_wconf 75' lang='grc' dir='ltr'>ἐπουρά-</span> 
     </span>
    </p>
   </div>
   <div class='ocr_carea' id='block_1_63' title="bbox 25 2168 836 2214">
    <p class='ocr_par' dir='ltr' id='par_1_63' title="bbox 25 2168 836 2214">
     <span class='ocr_line' id='line_1_64' title="bbox 25 2168 836 2214; baseline 0.005 -13"><span class='ocrx_word' id='word_1_489' title='bbox 25 2179 71 2200; x_wconf 72' lang='grc' dir='ltr'>νιοι.</span> <span class='ocrx_word' id='word_1_490' title='bbox 93 2185 104 2198; x_wconf 81' lang='grc' dir='ltr'><strong>ιι</strong></span> <span class='ocrx_word' id='word_1_491' title='bbox 121 2174 275 2212; x_wconf 81' lang='grc' dir='ltr'>Τουτέστιν,</span> <span class='ocrx_word' id='word_1_492' title='bbox 293 2174 363 2204; x_wconf 76' lang='grc' dir='ltr'>οὕτω</span> <span class='ocrx_word' id='word_1_493' title='bbox 378 2178 500 2213; x_wconf 74' lang='grc' dir='ltr'>μενοῦσιν</span> <span class='ocrx_word' id='word_1_494' title='bbox 521 2175 648 2205; x_wconf 77' lang='grc' dir='ltr'>ἀθάνατοι</span> <span class='ocrx_word' id='word_1_495' title='bbox 661 2175 707 2205; x_wconf 78' lang='grc' dir='ltr'>καὶ</span> <span class='ocrx_word' id='word_1_496' title='bbox 724 2175 796 2214; x_wconf 81' lang='grc' dir='ltr'>λάμ.-</span> <span class='ocrx_word' id='word_1_497' title='bbox 811 2168 836 2199; x_wconf 83' lang='grc' dir='ltr'><strong>Ῑ)</strong></span> 
     </span>
    </p>
   </div>
   <div class='ocr_carea' id='block_1_64' title="bbox 25 2219 799 2261">
    <p class='ocr_par' dir='ltr' id='par_1_64' title="bbox 25 2219 799 2261">
     <span class='ocr_line' id='line_1_65' title="bbox 25 2219 799 2261; baseline 0.005 -15"><span class='ocrx_word' id='word_1_498' title='bbox 25 2224 108 2261; x_wconf 47' lang='lat' dir='ltr'><strong>fama</strong></span> <span class='ocrx_word' id='word_1_499' title='bbox 124 2219 155 2248; x_wconf 82' lang='grc' dir='ltr'>Εἰ</span> <span class='ocrx_word' id='word_1_500' title='bbox 170 2219 219 2260; x_wconf 78' lang='grc' dir='ltr'>γὰρ</span> <span class='ocrx_word' id='word_1_501' title='bbox 241 2219 288 2249; x_wconf 76' lang='grc' dir='ltr'>καὶ</span> <span class='ocrx_word' id='word_1_502' title='bbox 302 2222 317 2249; x_wconf 88' lang='lat'><strong>6</strong></span> <span class='ocrx_word' id='word_1_503' title='bbox 334 2220 453 2261; x_wconf 80' lang='grc' dir='ltr'>δεύτερος</span> <span class='ocrx_word' id='word_1_504' title='bbox 472 2219 557 2259; x_wconf 77' lang='grc' dir='ltr'><strong>Ἀδὰμ</strong></span> <span class='ocrx_word' id='word_1_505' title='bbox 577 2220 721 2257; x_wconf 80' lang='grc' dir='ltr'>ἀπέθανεν,</span> <span class='ocrx_word' id='word_1_506' title='bbox 737 2220 799 2250; x_wconf 76' lang='grc' dir='ltr'>ἀλλ’</span> 
     </span>
    </p>
   </div>
   <div class='ocr_carea' id='block_1_65' title="bbox 24 2255 798 2303">
    <p class='ocr_par' dir='ltr' id='par_1_65' title="bbox 24 2255 798 2303">
     <span class='ocr_line' id='line_1_66' title="bbox 24 2255 798 2303; baseline 0.006 -13"><span class='ocrx_word' id='word_1_507' title='bbox 24 2255 58 2287; x_wconf 66' lang='grc' dir='ltr'>ἵνα</span> <span class='ocrx_word' id='word_1_508' title='bbox 76 2263 203 2303; x_wconf 76' lang='grc' dir='ltr'>καταλύσῃ</span> <span class='ocrx_word' id='word_1_509' title='bbox 226 2264 271 2294; x_wconf 79' lang='grc' dir='ltr'>τὸν</span> <span class='ocrx_word' id='word_1_510' title='bbox 294 2265 406 2295; x_wconf 80' lang='grc' dir='ltr'>θάνατον</span> <span class='ocrx_word' id='word_1_511' title='bbox 417 2277 423 2284; x_wconf 93' lang='grc'><strong>·</strong></span> <span class='ocrx_word' id='word_1_512' title='bbox 445 2265 464 2301; x_wconf 86' lang='grc' dir='ltr'>ἣ</span> <span class='ocrx_word' id='word_1_513' title='bbox 483 2263 523 2295; x_wconf 74' lang='grc' dir='ltr'>ὅτι</span> <span class='ocrx_word' id='word_1_514' title='bbox 537 2264 607 2295; x_wconf 71' lang='grc' dir='ltr'><strong>οὕτω</strong></span> <span class='ocrx_word' id='word_1_515' title='bbox 623 2265 798 2302; x_wconf 77' lang='grc' dir='ltr'>δοξασθήσον-</span> 
     </span>
    </p>
   </div>
   <div class='ocr_carea' id='block_1_66' title="bbox 26 2306 798 2351">
    <p class='ocr_par' dir='ltr' id='par_1_66' title="bbox 26 2306 798 2351">
     <span class='ocr_line' id='line_1_67' title="bbox 26 2306 798 2351; baseline 0.012 -20"><span class='ocrx_word' id='word_1_516' title='bbox 26 2313 60 2331; x_wconf 80' lang='grc' dir='ltr'><strong>ται</strong></span> <span class='ocrx_word' id='word_1_517' title='bbox 77 2306 117 2334; x_wconf 83' lang='lat' dir='ltr'><strong>xui</strong></span> <span class='ocrx_word' id='word_1_518' title='bbox 139 2309 210 2338; x_wconf 78' lang='grc' dir='ltr'>αὐτοὶ</span> <span class='ocrx_word' id='word_1_519' title='bbox 239 2310 359 2344; x_wconf 79' lang='grc' dir='ltr'>θεοειδῶς</span> <span class='ocrx_word' id='word_1_520' title='bbox 388 2309 550 2351; x_wconf 81' lang='grc' dir='ltr'>βιώσαντες,</span> <span class='ocrx_word' id='word_1_521' title='bbox 571 2311 608 2344; x_wconf 80' lang='grc' dir='ltr'><strong>ὥς</strong></span> <span class='ocrx_word' id='word_1_522' title='bbox 629 2310 663 2340; x_wconf 75' lang='grc' dir='ltr'>τὰ</span> <span class='ocrx_word' id='word_1_523' title='bbox 689 2310 798 2350; x_wconf 76' lang='grc' dir='ltr'>οὐράνια</span> 
     </span>
    </p>
   </div>
   <div class='ocr_carea' id='block_1_67' title="bbox 28 2352 167 2386">
    <p class='ocr_par' dir='ltr' id='par_1_67' title="bbox 28 2352 167 2386">
     <span class='ocr_line' id='line_1_68' title="bbox 28 2352 167 2386; baseline 0.029 -8"><span class='ocrx_word' id='word_1_524' title='bbox 28 2352 167 2386; x_wconf 71' lang='grc' dir='ltr'>φρονοῦντες.</span> 
     </span>
    </p>
   </div>
   <div class='ocr_carea' id='block_1_68' title="bbox 59 2395 798 2440">
    <p class='ocr_par' dir='ltr' id='par_1_68' title="bbox 59 2395 798 2440">
     <span class='ocr_line' id='line_1_69' title="bbox 59 2395 798 2440; baseline 0.007 -16"><span class='ocrx_word' id='word_1_525' title='bbox 59 2395 136 2440; x_wconf 45' lang='grc' dir='ltr'>ι-Καὶ</span> <span class='ocrx_word' id='word_1_526' title='bbox 157 2397 242 2432; x_wconf 82' lang='grc' dir='ltr'>καθὼς</span> <span class='ocrx_word' id='word_1_527' title='bbox 261 2399 423 2440; x_wconf 74' lang='grc' dir='ltr'>ἐφορίσαμεν</span> <span class='ocrx_word' id='word_1_528' title='bbox 446 2399 495 2436; x_wconf 83' lang='grc' dir='ltr'><strong>τὴν</strong></span> <span class='ocrx_word' id='word_1_529' title='bbox 517 2399 606 2430; x_wconf 78' lang='grc' dir='ltr'>εἰκόνα</span> <span class='ocrx_word' id='word_1_530' title='bbox 622 2402 667 2429; x_wconf 73' lang='grc' dir='ltr'><strong>τοῦ</strong></span> <span class='ocrx_word' id='word_1_531' title='bbox 688 2401 798 2440; x_wconf 70' lang='grc' dir='ltr'>χοϊκοῦ,</span> 
     </span>
    </p>
   </div>
   <div class='ocr_carea' id='block_1_69' title="bbox 29 2437 800 2483">
    <p class='ocr_par' dir='ltr' id='par_1_69' title="bbox 29 2437 800 2483">
     <span class='ocr_line' id='line_1_70' title="bbox 29 2437 800 2483; baseline 0.001 -11"><span class='ocrx_word' id='word_1_532' title='bbox 29 2437 151 2478; x_wconf 67' lang='grc' dir='ltr'>φορέσομεν</span> <span class='ocrx_word' id='word_1_533' title='bbox 163 2441 190 2461; x_wconf 75' lang='grc'><strong>⁸³</strong></span> <span class='ocrx_word' id='word_1_534' title='bbox 204 2443 250 2473; x_wconf 79' lang='grc' dir='ltr'>καὶ</span> <span class='ocrx_word' id='word_1_535' title='bbox 268 2437 317 2481; x_wconf 69' lang='grc' dir='ltr'><strong>τὴν</strong></span> <span class='ocrx_word' id='word_1_536' title='bbox 337 2437 426 2475; x_wconf 74' lang='grc' dir='ltr'>εἷκόνα</span> <span class='ocrx_word' id='word_1_537' title='bbox 439 2447 485 2474; x_wconf 78' lang='grc' dir='ltr'><strong>τοῦ</strong></span> <span class='ocrx_word' id='word_1_538' title='bbox 501 2444 670 2483; x_wconf 78' lang='grc' dir='ltr'>ἐπουρανίου.</span> <span class='ocrx_word' id='word_1_539' title='bbox 688 2437 713 2473; x_wconf 46' lang='lat' dir='ltr'><strong>ns</strong></span> <span class='ocrx_word' id='word_1_540' title='bbox 738 2443 800 2474; x_wconf 85' lang='lat' dir='ltr'><strong>’Ev-</strong></span> 
     </span>
    </p>
   </div>
   <div class='ocr_carea' id='block_1_70' title="bbox 29 2484 802 2530">
    <p class='ocr_par' dir='ltr' id='par_1_70' title="bbox 29 2484 802 2530">
     <span class='ocr_line' id='line_1_71' title="bbox 29 2484 802 2530; baseline 0.001 -13"><span class='ocrx_word' id='word_1_541' title='bbox 29 2484 97 2530; x_wconf 61' lang='grc' dir='ltr'><strong>ταῗξθα</strong></span> <span class='ocrx_word' id='word_1_542' title='bbox 125 2487 279 2528; x_wconf 78' lang='grc' dir='ltr'>γυμνότερον</span> <span class='ocrx_word' id='word_1_543' title='bbox 311 2489 495 2519; x_wconf 81' lang='grc' dir='ltr'>ἀποκαλύπτει</span> <span class='ocrx_word' id='word_1_544' title='bbox 506 2489 533 2508; x_wconf 79' lang='grc'><strong>⁸³</strong></span> <span class='ocrx_word' id='word_1_545' title='bbox 558 2489 589 2519; x_wconf 80' lang='grc' dir='ltr'><strong>τὸ</strong></span> <span class='ocrx_word' id='word_1_546' title='bbox 615 2489 802 2530; x_wconf 78' lang='grc' dir='ltr'>παραινετικὸν</span> 
     </span>
    </p>
   </div>
   <div class='ocr_carea' id='block_1_71' title="bbox 30 2527 804 2575">
    <p class='ocr_par' dir='ltr' id='par_1_71' title="bbox 30 2527 804 2575">
     <span class='ocr_line' id='line_1_72' title="bbox 30 2527 804 2575; baseline 0.001 -13"><span class='ocrx_word' id='word_1_547' title='bbox 30 2527 157 2575; x_wconf 19' lang='lat' dir='ltr'><strong>{Ligur-toﬁ</strong></span> <span class='ocrx_word' id='word_1_548' title='bbox 170 2527 259 2572; x_wconf 86' lang='grc' dir='ltr'>λόγου.</span> <span class='ocrx_word' id='word_1_549' title='bbox 275 2547 286 2559; x_wconf 77' lang='grc' dir='ltr'><strong>ι</strong></span> <span class='ocrx_word' id='word_1_550' title='bbox 296 2534 395 2564; x_wconf 85' lang='grc' dir='ltr'>Εἰκόνα</span> <span class='ocrx_word' id='word_1_551' title='bbox 405 2534 431 2565; x_wconf 84' lang='grc' dir='ltr'><strong>δὲ</strong></span> <span class='ocrx_word' id='word_1_552' title='bbox 442 2537 533 2575; x_wconf 77' lang='grc' dir='ltr'><strong>χοϊκοῦ</strong></span> <span class='ocrx_word' id='word_1_553' title='bbox 544 2546 557 2564; x_wconf 77' lang='grc'><strong>»</strong></span> <span class='ocrx_word' id='word_1_554' title='bbox 570 2534 617 2568; x_wconf 79' lang='grc' dir='ltr'>τὰς</span> <span class='ocrx_word' id='word_1_555' title='bbox 627 2527 728 2575; x_wconf 79' lang='grc' dir='ltr'>φαύλας</span> <span class='ocrx_word' id='word_1_556' title='bbox 738 2535 804 2574; x_wconf 84' lang='grc' dir='ltr'><strong>προί-</strong></span> 
     </span>
    </p>
   </div>
   <div class='ocr_carea' id='block_1_72' title="bbox 32 2568 802 2623">
    <p class='ocr_par' dir='ltr' id='par_1_72' title="bbox 32 2568 802 2623">
     <span class='ocr_line' id='line_1_73' title="bbox 32 2568 802 2623; baseline 0.006 -20"><span class='ocrx_word' id='word_1_557' title='bbox 32 2568 72 2623; x_wconf 47' lang='grc' dir='ltr'><strong>ξξξς</strong></span> <span class='ocrx_word' id='word_1_558' title='bbox 86 2574 167 2623; x_wconf 54' lang='lat' dir='ltr'><strong>Mysi.-</strong></span> <span class='ocrx_word' id='word_1_559' title='bbox 187 2568 299 2608; x_wconf 47' lang='grc' dir='ltr'>ιι-εἶκόνα</span> <span class='ocrx_word' id='word_1_560' title='bbox 311 2579 339 2608; x_wconf 79' lang='grc' dir='ltr'><strong>δὲ</strong></span> <span class='ocrx_word' id='word_1_561' title='bbox 356 2582 402 2609; x_wconf 81' lang='grc' dir='ltr'>τοῦ</span> <span class='ocrx_word' id='word_1_562' title='bbox 420 2568 584 2620; x_wconf 73' lang='grc' dir='ltr'>ἐπουρανίου,</span> <span class='ocrx_word' id='word_1_563' title='bbox 598 2590 613 2609; x_wconf 75' lang='grc' dir='ltr'><strong>ο</strong></span> <span class='ocrx_word' id='word_1_564' title='bbox 631 2568 678 2612; x_wconf 67' lang='grc' dir='ltr'><strong>τὰς</strong></span> <span class='ocrx_word' id='word_1_565' title='bbox 692 2568 802 2618; x_wconf 59' lang='grc' dir='ltr'>ἀγαθοίς.</span> 
     </span>
    </p>
   </div>
   <div class='ocr_carea' id='block_1_73' title="bbox 43 2614 804 2665">
    <p class='ocr_par' dir='ltr' id='par_1_73' title="bbox 43 2614 804 2665">
     <span class='ocr_line' id='line_1_74' title="bbox 43 2614 804 2665; baseline 0.003 -15"><span class='ocrx_word' id='word_1_566' title='bbox 43 2614 122 2656; x_wconf 57' lang='lat' dir='ltr'><strong>ante</strong></span> <span class='ocrx_word' id='word_1_567' title='bbox 135 2615 177 2651; x_wconf 68' lang='grc' dir='ltr'>οὖν</span> <span class='ocrx_word' id='word_1_568' title='bbox 194 2623 220 2652; x_wconf 77' lang='grc' dir='ltr'>ἐν</span> <span class='ocrx_word' id='word_1_569' title='bbox 236 2623 317 2664; x_wconf 68' lang='grc' dir='ltr'>κακία</span> <span class='ocrx_word' id='word_1_570' title='bbox 331 2614 491 2665; x_wconf 69' lang='grc' dir='ltr'>διεζήσαμεν</span> <span class='ocrx_word' id='word_1_571' title='bbox 507 2626 543 2660; x_wconf 84' lang='grc' dir='ltr'>ὡς</span> <span class='ocrx_word' id='word_1_572' title='bbox 557 2627 602 2655; x_wconf 79' lang='grc' dir='ltr'><strong>τοῦ</strong></span> <span class='ocrx_word' id='word_1_573' title='bbox 625 2626 717 2665; x_wconf 69' lang='grc' dir='ltr'>χοϊκοῦ</span> <span class='ocrx_word' id='word_1_574' title='bbox 736 2623 804 2663; x_wconf 80' lang='grc' dir='ltr'>υἱοὶ,</span> 
     </span>
    </p>
   </div>
   <div class='ocr_carea' id='block_1_74' title="bbox 61 2686 541 2732">
    <p class='ocr_par' dir='ltr' id='par_1_74' title="bbox 61 2686 541 2732">
     <span class='ocr_line' id='line_1_75' title="bbox 61 2686 541 2732; baseline 0.021 -17"><span class='ocrx_word' id='word_1_575' title='bbox 61 2686 79 2702; x_wconf 89' lang='grc'>¹¹¹</span> <span class='ocrx_word' id='word_1_576' title='bbox 90 2688 164 2717; x_wconf 84' lang='lat' dir='ltr'><strong>Zach.</strong></span> <span class='ocrx_word' id='word_1_577' title='bbox 178 2697 248 2726; x_wconf 81' lang='lat' dir='ltr'><strong>vm,</strong></span> <span class='ocrx_word' id='word_1_578' title='bbox 260 2699 286 2721; x_wconf 68' lang='grc' dir='ltr'><strong>ο.</strong></span> <span class='ocrx_word' id='word_1_579' title='bbox 324 2700 338 2715; x_wconf 76' lang='grc' dir='ltr'>ι</span> <span class='ocrx_word' id='word_1_580' title='bbox 352 2695 441 2725; x_wconf 84' lang='lat' dir='ltr'><strong>Math.</strong></span> <span class='ocrx_word' id='word_1_581' title='bbox 456 2704 480 2732; x_wconf 64' lang='grc' dir='ltr'><strong>ις</strong></span> <span class='ocrx_word' id='word_1_582' title='bbox 496 2699 541 2724; x_wconf 79' lang='lat'><strong>25.</strong></span> 
     </span>
    </p>
   </div>
   <div class='ocr_carea' id='block_1_75' title="bbox 844 922 1643 960">
    <p class='ocr_par' dir='ltr' id='par_1_75' title="bbox 844 922 1643 960">
     <span class='ocr_line' id='line_1_76' title="bbox 844 922 1643 960; baseline 0.001 -9"><span class='ocrx_word' id='word_1_583' title='bbox 844 922 918 959; x_wconf 90' lang='lat' dir='ltr'><strong>quod</strong></span> <span class='ocrx_word' id='word_1_584' title='bbox 936 923 1063 957; x_wconf 83' lang='lat' dir='ltr'><strong>animale,</strong></span> <span class='ocrx_word' id='word_1_585' title='bbox 1087 923 1187 952; x_wconf 90' lang='lat' dir='ltr'><strong>deinde</strong></span> <span class='ocrx_word' id='word_1_586' title='bbox 1210 922 1285 960; x_wconf 90' lang='lat' dir='ltr'><strong>quod</strong></span> <span class='ocrx_word' id='word_1_587' title='bbox 1305 923 1458 959; x_wconf 86' lang='lat' dir='ltr'><strong>spirituale.</strong></span> <span class='ocrx_word' id='word_1_588' title='bbox 1485 935 1498 948; x_wconf 75' lang='grc' dir='ltr'><strong>ι</strong></span> <span class='ocrx_word' id='word_1_589' title='bbox 1520 924 1562 952; x_wconf 82' lang='lat' dir='ltr'><strong>Ne</strong></span> <span class='ocrx_word' id='word_1_590' title='bbox 1582 923 1643 959; x_wconf 87' lang='lat' dir='ltr'><strong>quis</strong></span> 
     </span>
    </p>
   </div>
   <div class='ocr_carea' id='block_1_76' title="bbox 845 967 1643 1004">
    <p class='ocr_par' dir='ltr' id='par_1_76' title="bbox 845 967 1643 1004">
     <span class='ocr_line' id='line_1_77' title="bbox 845 967 1643 1004; baseline 0 -8"><span class='ocrx_word' id='word_1_591' title='bbox 845 967 929 1003; x_wconf 86' lang='lat' dir='ltr'><strong>dicat,</strong></span> <span class='ocrx_word' id='word_1_592' title='bbox 943 968 999 996; x_wconf 89' lang='lat' dir='ltr'><strong>Cur</strong></span> <span class='ocrx_word' id='word_1_593' title='bbox 1017 968 1076 1004; x_wconf 91' lang='lat' dir='ltr'><strong>jam</strong></span> <span class='ocrx_word' id='word_1_594' title='bbox 1100 968 1216 996; x_wconf 85' lang='lat' dir='ltr'><strong>animale</strong></span> <span class='ocrx_word' id='word_1_595' title='bbox 1235 975 1335 1004; x_wconf 83' lang='lat' dir='ltr'><strong>corpus</strong></span> <span class='ocrx_word' id='word_1_596' title='bbox 1355 968 1497 1003; x_wconf 87' lang='lat' dir='ltr'><strong>habemus,</strong></span> <span class='ocrx_word' id='word_1_597' title='bbox 1518 968 1643 1004; x_wconf 86' lang='lat' dir='ltr'><strong>adeoque</strong></span> 
     </span>
    </p>
   </div>
   <div class='ocr_carea' id='block_1_77' title="bbox 845 1011 1643 1049">
    <p class='ocr_par' dir='ltr' id='par_1_77' title="bbox 845 1011 1643 1049">
     <span class='ocr_line' id='line_1_78' title="bbox 845 1011 1643 1049; baseline -0.001 -7"><span class='ocrx_word' id='word_1_598' title='bbox 845 1012 976 1047; x_wconf 80' lang='lat' dir='ltr'><strong>deterius,</strong></span> <span class='ocrx_word' id='word_1_599' title='bbox 992 1013 1130 1049; x_wconf 85' lang='lat' dir='ltr'><strong>spirituale</strong></span> <span class='ocrx_word' id='word_1_600' title='bbox 1151 1020 1216 1041; x_wconf 86' lang='lat' dir='ltr'><strong>vero</strong></span> <span class='ocrx_word' id='word_1_601' title='bbox 1231 1011 1322 1041; x_wconf 87' lang='lat' dir='ltr'><strong>adhuc</strong></span> <span class='ocrx_word' id='word_1_602' title='bbox 1336 1012 1463 1041; x_wconf 85' lang='lat' dir='ltr'><strong>futurum</strong></span> <span class='ocrx_word' id='word_1_603' title='bbox 1482 1014 1544 1041; x_wconf 80' lang='lat' dir='ltr'><strong>est?</strong></span> <span class='ocrx_word' id='word_1_604' title='bbox 1565 1014 1643 1049; x_wconf 85' lang='lat' dir='ltr'><strong>Quo-</strong></span> 
     </span>
    </p>
   </div>
   <div class='ocr_carea' id='block_1_78' title="bbox 846 1056 1642 1094">
    <p class='ocr_par' dir='ltr' id='par_1_78' title="bbox 846 1056 1642 1094">
     <span class='ocr_line' id='line_1_79' title="bbox 846 1056 1642 1094; baseline 0 -9"><span class='ocrx_word' id='word_1_605' title='bbox 846 1057 934 1090; x_wconf 86' lang='lat' dir='ltr'><strong>niam,</strong></span> <span class='ocrx_word' id='word_1_606' title='bbox 960 1057 1059 1094; x_wconf 88' lang='lat' dir='ltr'><strong>inquit,</strong></span> <span class='ocrx_word' id='word_1_607' title='bbox 1087 1056 1218 1094; x_wconf 88' lang='lat' dir='ltr'><strong>principia</strong></span> <span class='ocrx_word' id='word_1_608' title='bbox 1242 1060 1424 1093; x_wconf 88' lang='lat' dir='ltr'><strong>utrorumque</strong></span> <span class='ocrx_word' id='word_1_609' title='bbox 1451 1056 1490 1085; x_wconf 85' lang='lat' dir='ltr'><strong>sic</strong></span> <span class='ocrx_word' id='word_1_610' title='bbox 1518 1056 1642 1085; x_wconf 88' lang='lat' dir='ltr'><strong>ordinata</strong></span> 
     </span>
    </p>
   </div>
   <div class='ocr_carea' id='block_1_79' title="bbox 843 1101 1640 1138">
    <p class='ocr_par' dir='ltr' id='par_1_79' title="bbox 843 1101 1640 1138">
     <span class='ocr_line' id='line_1_80' title="bbox 843 1101 1640 1138; baseline 0 -8"><span class='ocrx_word' id='word_1_611' title='bbox 843 1101 966 1131; x_wconf 87' lang='lat' dir='ltr'><strong>fuerunt.</strong></span> <span class='ocrx_word' id='word_1_612' title='bbox 983 1104 1054 1130; x_wconf 83' lang='lat' dir='ltr'><strong>Nam</strong></span> <span class='ocrx_word' id='word_1_613' title='bbox 1075 1102 1166 1131; x_wconf 80' lang='lat' dir='ltr'><strong>Adam</strong></span> <span class='ocrx_word' id='word_1_614' title='bbox 1187 1105 1230 1129; x_wconf 88' lang='lat' dir='ltr'><strong>est</strong></span> <span class='ocrx_word' id='word_1_615' title='bbox 1243 1101 1328 1137; x_wconf 91' lang='lat' dir='ltr'><strong>prior,</strong></span> <span class='ocrx_word' id='word_1_616' title='bbox 1348 1101 1475 1130; x_wconf 81' lang='lat' dir='ltr'><strong>Christus</strong></span> <span class='ocrx_word' id='word_1_617' title='bbox 1494 1101 1640 1138; x_wconf 85' lang='lat' dir='ltr'><strong>posterior.</strong></span> 
     </span>
    </p>
   </div>
   <div class='ocr_carea' id='block_1_80' title="bbox 845 1146 1639 1183">
    <p class='ocr_par' dir='ltr' id='par_1_80' title="bbox 845 1146 1639 1183">
     <span class='ocr_line' id='line_1_81' title="bbox 845 1146 1639 1183; baseline 0 -9"><span class='ocrx_word' id='word_1_618' title='bbox 845 1146 935 1182; x_wconf 86' lang='lat' dir='ltr'><strong>Quare</strong></span> <span class='ocrx_word' id='word_1_619' title='bbox 949 1155 992 1175; x_wconf 89' lang='lat' dir='ltr'><strong>res</strong></span> <span class='ocrx_word' id='word_1_620' title='bbox 1007 1150 1111 1175; x_wconf 64' lang='lat' dir='ltr'><strong>nostra:</strong></span> <span class='ocrx_word' id='word_1_621' title='bbox 1125 1154 1234 1183; x_wconf 84' lang='lat' dir='ltr'><strong>semper</strong></span> <span class='ocrx_word' id='word_1_622' title='bbox 1250 1146 1278 1174; x_wconf 92' lang='lat' dir='ltr'><strong>in</strong></span> <span class='ocrx_word' id='word_1_623' title='bbox 1292 1146 1392 1174; x_wconf 89' lang='lat' dir='ltr'><strong>melius</strong></span> <span class='ocrx_word' id='word_1_624' title='bbox 1414 1146 1639 1182; x_wconf 83' lang='lat' dir='ltr'><strong>progrediuntur.</strong></span> 
     </span>
    </p>
   </div>
   <div class='ocr_carea' id='block_1_81' title="bbox 845 1191 1643 1228">
    <p class='ocr_par' dir='ltr' id='par_1_81' title="bbox 845 1191 1643 1228">
     <span class='ocr_line' id='line_1_82' title="bbox 845 1191 1643 1228; baseline -0.001 -8"><span class='ocrx_word' id='word_1_625' title='bbox 845 1192 931 1220; x_wconf 90' lang='lat' dir='ltr'><strong>Crede</strong></span> <span class='ocrx_word' id='word_1_626' title='bbox 947 1192 1038 1228; x_wconf 85' lang='lat' dir='ltr'><strong>itaque</strong></span> <span class='ocrx_word' id='word_1_627' title='bbox 1052 1191 1126 1228; x_wconf 89' lang='lat' dir='ltr'><strong>quod</strong></span> <span class='ocrx_word' id='word_1_628' title='bbox 1138 1195 1165 1219; x_wconf 87' lang='lat' dir='ltr'><strong>et</strong></span> <span class='ocrx_word' id='word_1_629' title='bbox 1186 1199 1249 1228; x_wconf 63' lang='lat' dir='ltr'><strong>qua;</strong></span> <span class='ocrx_word' id='word_1_630' title='bbox 1275 1199 1350 1220; x_wconf 88' lang='lat' dir='ltr'><strong>nunc</strong></span> <span class='ocrx_word' id='word_1_631' title='bbox 1368 1191 1396 1219; x_wconf 91' lang='lat' dir='ltr'><strong>in</strong></span> <span class='ocrx_word' id='word_1_632' title='bbox 1416 1195 1445 1219; x_wconf 86' lang='lat' dir='ltr'><strong>te</strong></span> <span class='ocrx_word' id='word_1_633' title='bbox 1462 1195 1527 1220; x_wconf 91' lang='lat' dir='ltr'><strong>sunt</strong></span> <span class='ocrx_word' id='word_1_634' title='bbox 1545 1199 1643 1220; x_wconf 90' lang='lat' dir='ltr'><strong>corru-</strong></span> 
     </span>
    </p>
   </div>
   <div class='ocr_carea' id='block_1_82' title="bbox 845 1235 1643 1273">
    <p class='ocr_par' dir='ltr' id='par_1_82' title="bbox 845 1235 1643 1273">
     <span class='ocr_line' id='line_1_83' title="bbox 845 1235 1643 1273; baseline 0 -9"><span class='ocrx_word' id='word_1_635' title='bbox 845 1236 947 1273; x_wconf 86' lang='lat' dir='ltr'><strong>ptibilia</strong></span> <span class='ocrx_word' id='word_1_636' title='bbox 973 1236 1178 1273; x_wconf 84' lang='lat' dir='ltr'><strong>deterioraque,</strong></span> <span class='ocrx_word' id='word_1_637' title='bbox 1210 1237 1241 1264; x_wconf 88' lang='lat' dir='ltr'><strong>in</strong></span> <span class='ocrx_word' id='word_1_638' title='bbox 1269 1236 1489 1272; x_wconf 88' lang='lat' dir='ltr'><strong>incorruptibilia</strong></span> <span class='ocrx_word' id='word_1_639' title='bbox 1520 1235 1643 1273; x_wconf 86' lang='lat' dir='ltr'><strong>adeoque</strong></span> 
     </span>
    </p>
   </div>
   <div class='ocr_carea' id='block_1_83' title="bbox 845 1281 1307 1310">
    <p class='ocr_par' dir='ltr' id='par_1_83' title="bbox 845 1281 1307 1310">
     <span class='ocr_line' id='line_1_84' title="bbox 845 1281 1307 1310; baseline -0.002 0"><span class='ocrx_word' id='word_1_640' title='bbox 845 1282 960 1310; x_wconf 88' lang='lat' dir='ltr'><strong>meliora</strong></span> <span class='ocrx_word' id='word_1_641' title='bbox 978 1281 1307 1310; x_wconf 85' lang='lat' dir='ltr'><strong>transelementabuntur.</strong></span> 
     </span>
    </p>
   </div>
   <div class='ocr_carea' id='block_1_84' title="bbox 880 1326 1641 1361">
    <p class='ocr_par' dir='ltr' id='par_1_84' title="bbox 880 1326 1641 1361">
     <span class='ocr_line' id='line_1_85' title="bbox 880 1326 1641 1361; baseline 0 -6"><span class='ocrx_word' id='word_1_642' title='bbox 880 1328 969 1355; x_wconf 75' lang='lat' dir='ltr'><strong>Vsus.</strong></span> <span class='ocrx_word' id='word_1_643' title='bbox 993 1329 1039 1354; x_wconf 82' lang='lat'><strong>47.</strong></span> <span class='ocrx_word' id='word_1_644' title='bbox 1072 1338 1084 1351; x_wconf 84' lang='grc' dir='ltr'><strong>ι</strong></span> <span class='ocrx_word' id='word_1_645' title='bbox 1110 1327 1219 1355; x_wconf 91' lang='lat' dir='ltr'><strong>Primus</strong></span> <span class='ocrx_word' id='word_1_646' title='bbox 1243 1326 1327 1354; x_wconf 90' lang='lat' dir='ltr'><strong>homo</strong></span> <span class='ocrx_word' id='word_1_647' title='bbox 1350 1326 1384 1355; x_wconf 91' lang='lat' dir='ltr'><strong>de</strong></span> <span class='ocrx_word' id='word_1_648' title='bbox 1410 1330 1481 1355; x_wconf 88' lang='lat' dir='ltr'><strong>terra</strong></span> <span class='ocrx_word' id='word_1_649' title='bbox 1506 1329 1641 1361; x_wconf 86' lang='lat' dir='ltr'><strong>terrenus,</strong></span> 
     </span>
    </p>
   </div>
   <div class='ocr_carea' id='block_1_85' title="bbox 845 1370 1642 1408">
    <p class='ocr_par' dir='ltr' id='par_1_85' title="bbox 845 1370 1642 1408">
     <span class='ocr_line' id='line_1_86' title="bbox 845 1370 1642 1408; baseline -0.001 -8"><span class='ocrx_word' id='word_1_650' title='bbox 845 1371 983 1401; x_wconf 86' lang='lat' dir='ltr'><strong>secundus</strong></span> <span class='ocrx_word' id='word_1_651' title='bbox 997 1371 1082 1400; x_wconf 91' lang='lat' dir='ltr'><strong>homo</strong></span> <span class='ocrx_word' id='word_1_652' title='bbox 1101 1371 1239 1399; x_wconf 90' lang='lat' dir='ltr'><strong>Dominus</strong></span> <span class='ocrx_word' id='word_1_653' title='bbox 1254 1379 1288 1400; x_wconf 84' lang='lat' dir='ltr'><strong>ex</strong></span> <span class='ocrx_word' id='word_1_654' title='bbox 1301 1370 1387 1400; x_wconf 61' lang='lat' dir='ltr'><strong>caelis.</strong></span> <span class='ocrx_word' id='word_1_655' title='bbox 1405 1383 1419 1396; x_wconf 75' lang='grc' dir='ltr'>ι</span> <span class='ocrx_word' id='word_1_656' title='bbox 1446 1373 1486 1400; x_wconf 77' lang='lat' dir='ltr'><strong>Ne</strong></span> <span class='ocrx_word' id='word_1_657' title='bbox 1503 1371 1642 1408; x_wconf 82' lang='lat' dir='ltr'><strong>optimum</strong></span> 
     </span>
    </p>
   </div>
   <div class='ocr_carea' id='block_1_86' title="bbox 846 1416 1642 1454">
    <p class='ocr_par' dir='ltr' id='par_1_86' title="bbox 846 1416 1642 1454">
     <span class='ocr_line' id='line_1_87' title="bbox 846 1416 1642 1454; baseline -0.001 -9"><span class='ocrx_word' id='word_1_658' title='bbox 846 1416 953 1445; x_wconf 83' lang='lat' dir='ltr'><strong>vivendi</strong></span> <span class='ocrx_word' id='word_1_659' title='bbox 967 1424 1053 1454; x_wconf 82' lang='lat' dir='ltr'><strong>genus</strong></span> <span class='ocrx_word' id='word_1_660' title='bbox 1066 1416 1215 1453; x_wconf 84' lang='lat' dir='ltr'><strong>negligant,</strong></span> <span class='ocrx_word' id='word_1_661' title='bbox 1239 1416 1267 1444; x_wconf 91' lang='lat' dir='ltr'><strong>in</strong></span> <span class='ocrx_word' id='word_1_662' title='bbox 1281 1420 1424 1452; x_wconf 89' lang='lat' dir='ltr'><strong>posterum</strong></span> <span class='ocrx_word' id='word_1_663' title='bbox 1447 1424 1495 1445; x_wconf 86' lang='lat' dir='ltr'><strong>eos</strong></span> <span class='ocrx_word' id='word_1_664' title='bbox 1509 1416 1642 1445; x_wconf 84' lang='lat' dir='ltr'><strong>adhorta-</strong></span> 
     </span>
    </p>
   </div>
   <div class='ocr_carea' id='block_1_87' title="bbox 845 1461 1647 1497">
    <p class='ocr_par' dir='ltr' id='par_1_87' title="bbox 845 1461 1647 1497">
     <span class='ocr_line' id='line_1_88' title="bbox 845 1461 1647 1497; baseline -0.002 -7"><span class='ocrx_word' id='word_1_665' title='bbox 845 1466 924 1491; x_wconf 88' lang='lat' dir='ltr'><strong>turus</strong></span> <span class='ocrx_word' id='word_1_666' title='bbox 938 1465 980 1490; x_wconf 86' lang='lat' dir='ltr'><strong>est</strong></span> <span class='ocrx_word' id='word_1_667' title='bbox 992 1461 1027 1490; x_wconf 85' lang='lat' dir='ltr'><strong>ad</strong></span> <span class='ocrx_word' id='word_1_668' title='bbox 1038 1461 1124 1490; x_wconf 70' lang='lat' dir='ltr'><strong>vitam</strong></span> <span class='ocrx_word' id='word_1_669' title='bbox 1136 1463 1198 1490; x_wconf 91' lang='lat' dir='ltr'><strong>Deo</strong></span> <span class='ocrx_word' id='word_1_670' title='bbox 1213 1461 1384 1497; x_wconf 85' lang='lat' dir='ltr'><strong>placentem;</strong></span> <span class='ocrx_word' id='word_1_671' title='bbox 1403 1472 1416 1486; x_wconf 75' lang='grc' dir='ltr'>ι</span> <span class='ocrx_word' id='word_1_672' title='bbox 1440 1461 1541 1496; x_wconf 80' lang='lat' dir='ltr'><strong>Adam,</strong></span> <span class='ocrx_word' id='word_1_673' title='bbox 1568 1470 1584 1488; x_wconf 71' lang='grc' dir='ltr'><strong>ι</strong></span> <span class='ocrx_word' id='word_1_674' title='bbox 1606 1461 1647 1489; x_wconf 90' lang='lat' dir='ltr'><strong>in-</strong></span> 
     </span>
    </p>
   </div>
   <div class='ocr_carea' id='block_1_88' title="bbox 845 1506 1646 1544">
    <p class='ocr_par' dir='ltr' id='par_1_88' title="bbox 845 1506 1646 1544">
     <span class='ocr_line' id='line_1_89' title="bbox 845 1506 1646 1544; baseline -0.001 -9"><span class='ocrx_word' id='word_1_675' title='bbox 845 1507 951 1544; x_wconf 84' lang='lat' dir='ltr'><strong>quiens,</strong></span> <span class='ocrx_word' id='word_1_676' title='bbox 969 1517 983 1532; x_wconf 90' lang='lat'>«</span> <span class='ocrx_word' id='word_1_677' title='bbox 998 1506 1033 1535; x_wconf 88' lang='lat' dir='ltr'><strong>de</strong></span> <span class='ocrx_word' id='word_1_678' title='bbox 1047 1511 1122 1534; x_wconf 84' lang='lat' dir='ltr'><strong>terra</strong></span> <span class='ocrx_word' id='word_1_679' title='bbox 1142 1510 1217 1541; x_wconf 85' lang='lat' dir='ltr'><strong>erat;</strong></span> <span class='ocrx_word' id='word_1_680' title='bbox 1233 1517 1246 1530; x_wconf 73' lang='grc' dir='ltr'><strong>ν</strong></span> <span class='ocrx_word' id='word_1_681' title='bbox 1269 1510 1412 1542; x_wconf 84' lang='lat' dir='ltr'><strong>propterea</strong></span> <span class='ocrx_word' id='word_1_682' title='bbox 1431 1510 1459 1534; x_wconf 87' lang='lat' dir='ltr'><strong>et</strong></span> <span class='ocrx_word' id='word_1_683' title='bbox 1471 1506 1511 1534; x_wconf 80' lang='lat' dir='ltr'><strong>sic</strong></span> <span class='ocrx_word' id='word_1_684' title='bbox 1527 1506 1646 1542; x_wconf 85' lang='lat' dir='ltr'><strong>appella-</strong></span> 
     </span>
    </p>
   </div>
   <div class='ocr_carea' id='block_1_89' title="bbox 846 1550 1647 1586">
    <p class='ocr_par' dir='ltr' id='par_1_89' title="bbox 846 1550 1647 1586">
     <span class='ocr_line' id='line_1_90' title="bbox 846 1550 1647 1586; baseline -0.002 -6"><span class='ocrx_word' id='word_1_685' title='bbox 846 1557 890 1581; x_wconf 89' lang='lat' dir='ltr'><strong>tus</strong></span> <span class='ocrx_word' id='word_1_686' title='bbox 902 1555 944 1580; x_wconf 84' lang='lat' dir='ltr'><strong>est</strong></span> <span class='ocrx_word' id='word_1_687' title='bbox 966 1560 973 1580; x_wconf 94' lang='lat'>:</span> <span class='ocrx_word' id='word_1_688' title='bbox 997 1550 1088 1580; x_wconf 81' lang='lat' dir='ltr'><strong>Adam</strong></span> <span class='ocrx_word' id='word_1_689' title='bbox 1102 1551 1178 1579; x_wconf 90' lang='lat' dir='ltr'><strong>enim</strong></span> <span class='ocrx_word' id='word_1_690' title='bbox 1194 1553 1310 1579; x_wconf 74' lang='lat' dir='ltr'><strong>(meum</strong></span> <span class='ocrx_word' id='word_1_691' title='bbox 1332 1555 1360 1579; x_wconf 89' lang='lat' dir='ltr'><strong>et</strong></span> <span class='ocrx_word' id='word_1_692' title='bbox 1369 1550 1529 1586; x_wconf 78' lang='lat' dir='ltr'><strong>pulvereum</strong></span> <span class='ocrx_word' id='word_1_693' title='bbox 1543 1550 1647 1586; x_wconf 85' lang='lat' dir='ltr'><strong>signiﬁ-</strong></span> 
     </span>
    </p>
   </div>
   <div class='ocr_carea' id='block_1_90' title="bbox 846 1595 1648 1632">
    <p class='ocr_par' dir='ltr' id='par_1_90' title="bbox 846 1595 1648 1632">
     <span class='ocr_line' id='line_1_91' title="bbox 846 1595 1648 1632; baseline -0.004 -6"><span class='ocrx_word' id='word_1_694' title='bbox 846 1601 899 1626; x_wconf 85' lang='lat' dir='ltr'><strong>cat.</strong></span> <span class='ocrx_word' id='word_1_695' title='bbox 916 1608 930 1622; x_wconf 80' lang='grc' dir='ltr'><strong>ι</strong></span> <span class='ocrx_word' id='word_1_696' title='bbox 947 1597 1041 1625; x_wconf 83' lang='lat' dir='ltr'><strong>Homo</strong></span> <span class='ocrx_word' id='word_1_697' title='bbox 1060 1604 1124 1625; x_wconf 87' lang='lat' dir='ltr'><strong>vero</strong></span> <span class='ocrx_word' id='word_1_698' title='bbox 1137 1596 1285 1630; x_wconf 86' lang='lat' dir='ltr'><strong>secundus,</strong></span> <span class='ocrx_word' id='word_1_699' title='bbox 1306 1596 1366 1632; x_wconf 88' lang='lat' dir='ltr'><strong>ipse</strong></span> <span class='ocrx_word' id='word_1_700' title='bbox 1378 1596 1515 1624; x_wconf 88' lang='lat' dir='ltr'><strong>Dominus</strong></span> <span class='ocrx_word' id='word_1_701' title='bbox 1530 1603 1563 1624; x_wconf 88' lang='lat' dir='ltr'><strong>ex</strong></span> <span class='ocrx_word' id='word_1_702' title='bbox 1577 1595 1648 1624; x_wconf 74' lang='lat' dir='ltr'><strong>cmlo</strong></span> 
     </span>
    </p>
   </div>
   <div class='ocr_carea' id='block_1_91' title="bbox 847 1640 1648 1678">
    <p class='ocr_par' dir='ltr' id='par_1_91' title="bbox 847 1640 1648 1678">
     <span class='ocr_line' id='line_1_92' title="bbox 847 1640 1648 1678; baseline -0.002 -8"><span class='ocrx_word' id='word_1_703' title='bbox 847 1647 915 1670; x_wconf 85' lang='lat' dir='ltr'><strong>erat.</strong></span> <span class='ocrx_word' id='word_1_704' title='bbox 931 1653 945 1668; x_wconf 71' lang='grc' dir='ltr'><strong>ο</strong></span> <span class='ocrx_word' id='word_1_705' title='bbox 970 1644 1012 1670; x_wconf 85' lang='lat' dir='ltr'><strong>Ac</strong></span> <span class='ocrx_word' id='word_1_706' title='bbox 1032 1641 1109 1670; x_wconf 86' lang='lat' dir='ltr'><strong>alteri</strong></span> <span class='ocrx_word' id='word_1_707' title='bbox 1124 1641 1236 1678; x_wconf 89' lang='lat' dir='ltr'><strong>quidem</strong></span> <span class='ocrx_word' id='word_1_708' title='bbox 1259 1649 1275 1670; x_wconf 90' lang='lat' dir='ltr'><strong>a</strong></span> <span class='ocrx_word' id='word_1_709' title='bbox 1298 1640 1429 1669; x_wconf 89' lang='lat' dir='ltr'><strong>deteriori</strong></span> <span class='ocrx_word' id='word_1_710' title='bbox 1446 1648 1550 1669; x_wconf 90' lang='lat' dir='ltr'><strong>nomen</strong></span> <span class='ocrx_word' id='word_1_711' title='bbox 1564 1640 1648 1674; x_wconf 87' lang='lat' dir='ltr'><strong>indit,</strong></span> 
     </span>
    </p>
   </div>
   <div class='ocr_carea' id='block_1_92' title="bbox 848 1685 1649 1722">
    <p class='ocr_par' dir='ltr' id='par_1_92' title="bbox 848 1685 1649 1722">
     <span class='ocr_line' id='line_1_93' title="bbox 848 1685 1649 1722; baseline -0.002 -7"><span class='ocrx_word' id='word_1_712' title='bbox 848 1687 925 1715; x_wconf 87' lang='lat' dir='ltr'><strong>alteri</strong></span> <span class='ocrx_word' id='word_1_713' title='bbox 946 1694 1011 1716; x_wconf 87' lang='lat' dir='ltr'><strong>vero</strong></span> <span class='ocrx_word' id='word_1_714' title='bbox 1042 1695 1057 1715; x_wconf 93' lang='lat' dir='ltr'><strong>a</strong></span> <span class='ocrx_word' id='word_1_715' title='bbox 1079 1686 1273 1722; x_wconf 75' lang='lat' dir='ltr'><strong>praestantiori:</strong></span> <span class='ocrx_word' id='word_1_716' title='bbox 1302 1694 1358 1714; x_wconf 90' lang='lat' dir='ltr'><strong>non</strong></span> <span class='ocrx_word' id='word_1_717' title='bbox 1384 1685 1461 1722; x_wconf 90' lang='lat' dir='ltr'><strong>quod</strong></span> <span class='ocrx_word' id='word_1_718' title='bbox 1486 1685 1582 1719; x_wconf 87' lang='lat' dir='ltr'><strong>homo,</strong></span> <span class='ocrx_word' id='word_1_719' title='bbox 1607 1686 1649 1713; x_wconf 86' lang='lat' dir='ltr'><strong>vel</strong></span> 
     </span>
    </p>
   </div>
   <div class='ocr_carea' id='block_1_93' title="bbox 848 1729 1650 1766">
    <p class='ocr_par' dir='ltr' id='par_1_93' title="bbox 848 1729 1650 1766">
     <span class='ocr_line' id='line_1_94' title="bbox 848 1729 1650 1766; baseline -0.002 -7"><span class='ocrx_word' id='word_1_720' title='bbox 848 1731 1005 1760; x_wconf 80' lang='lat' dir='ltr'><strong>humanitas</strong></span> <span class='ocrx_word' id='word_1_721' title='bbox 1018 1739 1034 1759; x_wconf 89' lang='lat' dir='ltr'><strong>a</strong></span> <span class='ocrx_word' id='word_1_722' title='bbox 1053 1731 1162 1759; x_wconf 85' lang='lat' dir='ltr'><strong>Christo</strong></span> <span class='ocrx_word' id='word_1_723' title='bbox 1182 1734 1334 1766; x_wconf 86' lang='lat' dir='ltr'><strong>assumpta,</strong></span> <span class='ocrx_word' id='word_1_724' title='bbox 1354 1729 1390 1758; x_wconf 88' lang='lat' dir='ltr'><strong>de</strong></span> <span class='ocrx_word' id='word_1_725' title='bbox 1413 1730 1490 1758; x_wconf 70' lang='lat' dir='ltr'><strong>caelis</strong></span> <span class='ocrx_word' id='word_1_726' title='bbox 1513 1733 1594 1764; x_wconf 85' lang='lat' dir='ltr'><strong>esset,</strong></span> <span class='ocrx_word' id='word_1_727' title='bbox 1618 1734 1650 1757; x_wconf 91' lang='lat' dir='ltr'><strong>ut</strong></span> 
     </span>
    </p>
   </div>
   <div class='ocr_carea' id='block_1_94' title="bbox 848 1774 1650 1812">
    <p class='ocr_par' dir='ltr' id='par_1_94' title="bbox 848 1774 1650 1812">
     <span class='ocr_line' id='line_1_95' title="bbox 848 1774 1650 1812; baseline -0.002 -8"><span class='ocrx_word' id='word_1_728' title='bbox 848 1775 965 1804; x_wconf 87' lang='lat' dir='ltr'><strong>demens</strong></span> <span class='ocrx_word' id='word_1_729' title='bbox 978 1776 1164 1812; x_wconf 80' lang='lat' dir='ltr'><strong>Apollinarius</strong></span> <span class='ocrx_word' id='word_1_730' title='bbox 1186 1775 1328 1808; x_wconf 84' lang='lat' dir='ltr'><strong>delirabat,</strong></span> <span class='ocrx_word' id='word_1_731' title='bbox 1353 1779 1487 1803; x_wconf 65' lang='lat' dir='ltr'><strong>caeterum</strong></span> <span class='ocrx_word' id='word_1_732' title='bbox 1506 1774 1582 1810; x_wconf 91' lang='lat' dir='ltr'><strong>quod</strong></span> <span class='ocrx_word' id='word_1_733' title='bbox 1595 1782 1650 1802; x_wconf 84' lang='lat' dir='ltr'><strong>una</strong></span> 
     </span>
    </p>
   </div>
   <div class='ocr_carea' id='block_1_95' title="bbox 849 1818 1649 1856">
    <p class='ocr_par' dir='ltr' id='par_1_95' title="bbox 849 1818 1649 1856">
     <span class='ocr_line' id='line_1_96' title="bbox 849 1818 1649 1856; baseline -0.004 -7"><span class='ocrx_word' id='word_1_734' title='bbox 849 1828 965 1856; x_wconf 86' lang='lat' dir='ltr'><strong>persona</strong></span> <span class='ocrx_word' id='word_1_735' title='bbox 979 1820 1062 1849; x_wconf 88' lang='lat' dir='ltr'><strong>unius</strong></span> <span class='ocrx_word' id='word_1_736' title='bbox 1078 1820 1190 1854; x_wconf 87' lang='lat' dir='ltr'><strong>Christi,</strong></span> <span class='ocrx_word' id='word_1_737' title='bbox 1205 1823 1232 1848; x_wconf 86' lang='lat' dir='ltr'><strong>et</strong></span> <span class='ocrx_word' id='word_1_738' title='bbox 1253 1819 1339 1847; x_wconf 92' lang='lat' dir='ltr'><strong>homo</strong></span> <span class='ocrx_word' id='word_1_739' title='bbox 1355 1827 1388 1846; x_wconf 85' lang='lat' dir='ltr'><strong>ex</strong></span> <span class='ocrx_word' id='word_1_740' title='bbox 1410 1819 1482 1847; x_wconf 72' lang='lat' dir='ltr'><strong>cmlo</strong></span> <span class='ocrx_word' id='word_1_741' title='bbox 1501 1826 1561 1846; x_wconf 85' lang='lat' dir='ltr'><strong>esse</strong></span> <span class='ocrx_word' id='word_1_742' title='bbox 1574 1818 1649 1846; x_wconf 89' lang='lat' dir='ltr'><strong>dica-</strong></span> 
     </span>
    </p>
   </div>
   <div class='ocr_carea' id='block_1_96' title="bbox 849 1862 1646 1901">
    <p class='ocr_par' dir='ltr' id='par_1_96' title="bbox 849 1862 1646 1901">
     <span class='ocr_line' id='line_1_97' title="bbox 849 1862 1646 1901; baseline -0.004 -8"><span class='ocrx_word' id='word_1_743' title='bbox 849 1869 894 1894; x_wconf 93' lang='lat' dir='ltr'><strong>tur</strong></span> <span class='ocrx_word' id='word_1_744' title='bbox 917 1869 1028 1901; x_wconf 87' lang='lat' dir='ltr'><strong>propter</strong></span> <span class='ocrx_word' id='word_1_745' title='bbox 1051 1864 1193 1898; x_wconf 89' lang='lat' dir='ltr'><strong>unionem,</strong></span> <span class='ocrx_word' id='word_1_746' title='bbox 1218 1871 1251 1891; x_wconf 85' lang='lat' dir='ltr'><strong>ac</strong></span> <span class='ocrx_word' id='word_1_747' title='bbox 1276 1865 1352 1891; x_wconf 88' lang='lat' dir='ltr'><strong>Deus</strong></span> <span class='ocrx_word' id='word_1_748' title='bbox 1366 1863 1440 1891; x_wconf 87' lang='lat' dir='ltr'><strong>cruci</strong></span> <span class='ocrx_word' id='word_1_749' title='bbox 1459 1862 1560 1891; x_wconf 78' lang='lat' dir='ltr'><strong>afﬁxus</strong></span> <span class='ocrx_word' id='word_1_750' title='bbox 1574 1870 1646 1897; x_wconf 86' lang='lat' dir='ltr'><strong>esse,</strong></span> 
     </span>
    </p>
   </div>
   <div class='ocr_carea' id='block_1_97' title="bbox 850 1909 1163 1938">
    <p class='ocr_par' dir='ltr' id='par_1_97' title="bbox 850 1909 1163 1938">
     <span class='ocr_line' id='line_1_98' title="bbox 850 1909 1163 1938; baseline -0.006 0"><span class='ocrx_word' id='word_1_751' title='bbox 850 1909 886 1938; x_wconf 93' lang='lat' dir='ltr'><strong>ob</strong></span> <span class='ocrx_word' id='word_1_752' title='bbox 900 1909 1026 1938; x_wconf 88' lang='lat' dir='ltr'><strong>eamdem</strong></span> <span class='ocrx_word' id='word_1_753' title='bbox 1040 1916 1163 1937; x_wconf 86' lang='lat' dir='ltr'><strong>causam.</strong></span> 
     </span>
    </p>
   </div>
   <div class='ocr_carea' id='block_1_98' title="bbox 886 1952 1648 1989">
    <p class='ocr_par' dir='ltr' id='par_1_98' title="bbox 886 1952 1648 1989">
     <span class='ocr_line' id='line_1_99' title="bbox 886 1952 1648 1989; baseline -0.004 -6"><span class='ocrx_word' id='word_1_754' title='bbox 886 1956 964 1984; x_wconf 77' lang='lat' dir='ltr'><strong>Vsus</strong></span> <span class='ocrx_word' id='word_1_755' title='bbox 984 1957 1029 1982; x_wconf 81' lang='grc'><strong>48.</strong></span> <span class='ocrx_word' id='word_1_756' title='bbox 1055 1965 1068 1978; x_wconf 73' lang='grc' dir='ltr'><strong>α</strong></span> <span class='ocrx_word' id='word_1_757' title='bbox 1094 1953 1191 1989; x_wconf 86' lang='lat' dir='ltr'><strong>Qualis</strong></span> <span class='ocrx_word' id='word_1_758' title='bbox 1206 1957 1342 1986; x_wconf 84' lang='lat' dir='ltr'><strong>terrenus,</strong></span> <span class='ocrx_word' id='word_1_759' title='bbox 1363 1952 1431 1981; x_wconf 84' lang='lat' dir='ltr'><strong>tales</strong></span> <span class='ocrx_word' id='word_1_760' title='bbox 1453 1956 1481 1980; x_wconf 86' lang='lat' dir='ltr'><strong>et</strong></span> <span class='ocrx_word' id='word_1_761' title='bbox 1500 1952 1610 1980; x_wconf 85' lang='lat' dir='ltr'><strong>terreni.</strong></span> <span class='ocrx_word' id='word_1_762' title='bbox 1635 1963 1648 1975; x_wconf 74' lang='grc' dir='ltr'><strong>ι</strong></span> 
     </span>
    </p>
   </div>
   <div class='ocr_carea' id='block_1_99' title="bbox 852 1996 1650 2036">
    <p class='ocr_par' dir='ltr' id='par_1_99' title="bbox 852 1996 1650 2036">
     <span class='ocr_line' id='line_1_100' title="bbox 852 1996 1650 2036; baseline -0.004 -8"><span class='ocrx_word' id='word_1_763' title='bbox 852 2001 911 2028; x_wconf 81' lang='lat' dir='ltr'><strong>Hoc</strong></span> <span class='ocrx_word' id='word_1_764' title='bbox 922 2003 974 2034; x_wconf 87' lang='lat' dir='ltr'><strong>est,</strong></span> <span class='ocrx_word' id='word_1_765' title='bbox 989 1999 1028 2028; x_wconf 88' lang='lat' dir='ltr'><strong>sic</strong></span> <span class='ocrx_word' id='word_1_766' title='bbox 1048 1999 1175 2036; x_wconf 88' lang='lat' dir='ltr'><strong>peribunt</strong></span> <span class='ocrx_word' id='word_1_767' title='bbox 1197 2002 1226 2027; x_wconf 91' lang='lat' dir='ltr'><strong>et</strong></span> <span class='ocrx_word' id='word_1_768' title='bbox 1246 1998 1402 2026; x_wconf 87' lang='lat' dir='ltr'><strong>morientur</strong></span> <span class='ocrx_word' id='word_1_769' title='bbox 1415 2008 1422 2026; x_wconf 84' lang='lat'>:</span> <span class='ocrx_word' id='word_1_770' title='bbox 1439 1997 1480 2025; x_wconf 87' lang='lat' dir='ltr'><strong>vel</strong></span> <span class='ocrx_word' id='word_1_771' title='bbox 1495 1996 1572 2034; x_wconf 88' lang='lat' dir='ltr'><strong>quod</strong></span> <span class='ocrx_word' id='word_1_772' title='bbox 1587 2005 1650 2033; x_wconf 88' lang='lat' dir='ltr'><strong>pec-</strong></span> 
     </span>
    </p>
   </div>
   <div class='ocr_carea' id='block_1_100' title="bbox 851 2041 1513 2080">
    <p class='ocr_par' dir='ltr' id='par_1_100' title="bbox 851 2041 1513 2080">
     <span class='ocr_line' id='line_1_101' title="bbox 851 2041 1513 2080; baseline -0.005 -7"><span class='ocrx_word' id='word_1_773' title='bbox 851 2045 903 2073; x_wconf 88' lang='lat' dir='ltr'><strong>cati</strong></span> <span class='ocrx_word' id='word_1_774' title='bbox 916 2048 1006 2073; x_wconf 90' lang='lat' dir='ltr'><strong>morte</strong></span> <span class='ocrx_word' id='word_1_775' title='bbox 1019 2044 1182 2079; x_wconf 91' lang='lat' dir='ltr'><strong>morientur,</strong></span> <span class='ocrx_word' id='word_1_776' title='bbox 1197 2043 1245 2080; x_wconf 91' lang='lat' dir='ltr'><strong>qui</strong></span> <span class='ocrx_word' id='word_1_777' title='bbox 1258 2047 1337 2072; x_wconf 58' lang='lat' dir='ltr'><strong>terra:</strong></span> <span class='ocrx_word' id='word_1_778' title='bbox 1351 2046 1416 2071; x_wconf 87' lang='lat' dir='ltr'><strong>sunt</strong></span> <span class='ocrx_word' id='word_1_779' title='bbox 1429 2041 1513 2070; x_wconf 82' lang='lat' dir='ltr'><strong>afﬁxi.</strong></span> 
     </span>
    </p>
   </div>
   <div class='ocr_carea' id='block_1_101' title="bbox 889 2129 1651 2167">
    <p class='ocr_par' dir='ltr' id='par_1_101' title="bbox 889 2129 1651 2167">
     <span class='ocr_line' id='line_1_102' title="bbox 889 2129 1651 2167; baseline -0.004 -6"><span class='ocrx_word' id='word_1_780' title='bbox 889 2143 903 2157; x_wconf 79' lang='grc' dir='ltr'><strong>ι</strong></span> <span class='ocrx_word' id='word_1_781' title='bbox 918 2131 1014 2167; x_wconf 88' lang='lat' dir='ltr'><strong>Qualis</strong></span> <span class='ocrx_word' id='word_1_782' title='bbox 1028 2131 1159 2165; x_wconf 79' lang='lat' dir='ltr'><strong>caelestis,</strong></span> <span class='ocrx_word' id='word_1_783' title='bbox 1180 2131 1248 2160; x_wconf 89' lang='lat' dir='ltr'><strong>tal</strong></span> <span class='ocrx_word' id='word_1_784' title='bbox 1270 2135 1300 2159; x_wconf 89' lang='lat' dir='ltr'><strong>et</strong></span> <span class='ocrx_word' id='word_1_785' title='bbox 1317 2131 1452 2165; x_wconf 66' lang='lat' dir='ltr'><strong>caelestes,</strong></span> <span class='ocrx_word' id='word_1_786' title='bbox 1468 2141 1481 2155; x_wconf 75' lang='grc' dir='ltr'>ι</span> <span class='ocrx_word' id='word_1_787' title='bbox 1498 2129 1532 2158; x_wconf 88' lang='lat' dir='ltr'><strong>Id</strong></span> <span class='ocrx_word' id='word_1_788' title='bbox 1549 2133 1600 2165; x_wconf 86' lang='lat' dir='ltr'><strong>est,</strong></span> <span class='ocrx_word' id='word_1_789' title='bbox 1614 2131 1651 2158; x_wconf 85' lang='lat' dir='ltr'><strong>ita</strong></span> 
     </span>
    </p>
   </div>
   <div class='ocr_carea' id='block_1_102' title="bbox 851 2175 1651 2213">
    <p class='ocr_par' dir='ltr' id='par_1_102' title="bbox 851 2175 1651 2213">
     <span class='ocr_line' id='line_1_103' title="bbox 851 2175 1651 2213; baseline -0.004 -7"><span class='ocrx_word' id='word_1_790' title='bbox 851 2177 1053 2213; x_wconf 84' lang='lat' dir='ltr'><strong>permanebunt</strong></span> <span class='ocrx_word' id='word_1_791' title='bbox 1076 2176 1245 2204; x_wconf 87' lang='lat' dir='ltr'><strong>immortales</strong></span> <span class='ocrx_word' id='word_1_792' title='bbox 1279 2180 1308 2204; x_wconf 86' lang='lat' dir='ltr'><strong>et</strong></span> <span class='ocrx_word' id='word_1_793' title='bbox 1329 2175 1475 2212; x_wconf 79' lang='lat' dir='ltr'><strong>fulgentes.</strong></span> <span class='ocrx_word' id='word_1_794' title='bbox 1497 2175 1554 2203; x_wconf 86' lang='lat' dir='ltr'><strong>Etsi</strong></span> <span class='ocrx_word' id='word_1_795' title='bbox 1578 2175 1651 2203; x_wconf 86' lang='lat' dir='ltr'><strong>enim</strong></span> 
     </span>
    </p>
   </div>
   <div class='ocr_carea' id='block_1_103' title="bbox 851 2220 1653 2254">
    <p class='ocr_par' dir='ltr' id='par_1_103' title="bbox 851 2220 1653 2254">
     <span class='ocr_line' id='line_1_104' title="bbox 851 2220 1653 2254; baseline -0.004 -4"><span class='ocrx_word' id='word_1_796' title='bbox 851 2222 988 2251; x_wconf 87' lang='lat' dir='ltr'><strong>secundus</strong></span> <span class='ocrx_word' id='word_1_797' title='bbox 1001 2222 1090 2250; x_wconf 82' lang='lat' dir='ltr'><strong>Adam</strong></span> <span class='ocrx_word' id='word_1_798' title='bbox 1108 2225 1236 2250; x_wconf 88' lang='lat' dir='ltr'><strong>mortuus</strong></span> <span class='ocrx_word' id='word_1_799' title='bbox 1255 2225 1308 2254; x_wconf 84' lang='lat' dir='ltr'><strong>est,</strong></span> <span class='ocrx_word' id='word_1_800' title='bbox 1327 2220 1390 2248; x_wconf 90' lang='lat' dir='ltr'><strong>ideo</strong></span> <span class='ocrx_word' id='word_1_801' title='bbox 1412 2224 1539 2248; x_wconf 89' lang='lat' dir='ltr'><strong>mortuus</strong></span> <span class='ocrx_word' id='word_1_802' title='bbox 1556 2224 1606 2254; x_wconf 84' lang='lat' dir='ltr'><strong>est,</strong></span> <span class='ocrx_word' id='word_1_803' title='bbox 1622 2223 1653 2248; x_wconf 89' lang='lat' dir='ltr'><strong>ut</strong></span> 
     </span>
    </p>
   </div>
   <div class='ocr_carea' id='block_1_104' title="bbox 852 2265 1653 2302">
    <p class='ocr_par' dir='ltr' id='par_1_104' title="bbox 852 2265 1653 2302">
     <span class='ocr_line' id='line_1_105' title="bbox 852 2265 1653 2302; baseline -0.005 -6"><span class='ocrx_word' id='word_1_804' title='bbox 852 2272 973 2295; x_wconf 84' lang='lat' dir='ltr'><strong>mortem</strong></span> <span class='ocrx_word' id='word_1_805' title='bbox 993 2267 1156 2296; x_wconf 83' lang='lat' dir='ltr'><strong>dissolveret</strong></span> <span class='ocrx_word' id='word_1_806' title='bbox 1176 2274 1182 2293; x_wconf 95' lang='lat'>:</span> <span class='ocrx_word' id='word_1_807' title='bbox 1207 2265 1247 2294; x_wconf 87' lang='lat' dir='ltr'><strong>vel</strong></span> <span class='ocrx_word' id='word_1_808' title='bbox 1268 2265 1344 2302; x_wconf 88' lang='lat' dir='ltr'><strong>quod</strong></span> <span class='ocrx_word' id='word_1_809' title='bbox 1371 2265 1409 2293; x_wconf 91' lang='lat' dir='ltr'><strong>ita</strong></span> <span class='ocrx_word' id='word_1_810' title='bbox 1428 2265 1653 2302; x_wconf 78' lang='lat' dir='ltr'><strong>gloriﬁcabuntur</strong></span> 
     </span>
    </p>
   </div>
   <div class='ocr_carea' id='block_1_105' title="bbox 853 2309 1653 2348">
    <p class='ocr_par' dir='ltr' id='par_1_105' title="bbox 853 2309 1653 2348">
     <span class='ocr_line' id='line_1_106' title="bbox 853 2309 1653 2348; baseline -0.004 -8"><span class='ocrx_word' id='word_1_811' title='bbox 853 2312 939 2348; x_wconf 69' lang='lat'><strong>229</strong></span> <span class='ocrx_word' id='word_1_812' title='bbox 952 2312 989 2340; x_wconf 90' lang='lat' dir='ltr'><strong>illi</strong></span> <span class='ocrx_word' id='word_1_813' title='bbox 1011 2311 1056 2348; x_wconf 89' lang='lat' dir='ltr'><strong>qui</strong></span> <span class='ocrx_word' id='word_1_814' title='bbox 1076 2311 1162 2340; x_wconf 88' lang='lat' dir='ltr'><strong>vitam</strong></span> <span class='ocrx_word' id='word_1_815' title='bbox 1181 2310 1306 2339; x_wconf 90' lang='lat' dir='ltr'><strong>divinam</strong></span> <span class='ocrx_word' id='word_1_816' title='bbox 1329 2309 1471 2344; x_wconf 88' lang='lat' dir='ltr'><strong>duxerint,</strong></span> <span class='ocrx_word' id='word_1_817' title='bbox 1494 2309 1576 2338; x_wconf 85' lang='lat' dir='ltr'><strong>veluti</strong></span> <span class='ocrx_word' id='word_1_818' title='bbox 1598 2317 1653 2338; x_wconf 84' lang='lat' dir='ltr'><strong>cce-</strong></span> 
     </span>
    </p>
   </div>
   <div class='ocr_carea' id='block_1_106' title="bbox 852 2356 1456 2393">
    <p class='ocr_par' dir='ltr' id='par_1_106' title="bbox 852 2356 1456 2393">
     <span class='ocr_line' id='line_1_107' title="bbox 852 2356 1456 2393; baseline -0.013 -8"><span class='ocrx_word' id='word_1_819' title='bbox 852 2356 931 2385; x_wconf 81' lang='lat' dir='ltr'><strong>lestia</strong></span> <span class='ocrx_word' id='word_1_820' title='bbox 940 2361 1079 2393; x_wconf 83' lang='lat' dir='ltr'><strong>saperent.</strong></span> <span class='ocrx_word' id='word_1_821' title='bbox 1442 2358 1456 2377; x_wconf 21' lang='lat'><strong>7:</strong></span> 
     </span>
    </p>
   </div>
   <div class='ocr_carea' id='block_1_107' title="bbox 889 2399 1654 2437">
    <p class='ocr_par' dir='ltr' id='par_1_107' title="bbox 889 2399 1654 2437">
     <span class='ocr_line' id='line_1_108' title="bbox 889 2399 1654 2437; baseline -0.005 -6"><span class='ocrx_word' id='word_1_822' title='bbox 889 2403 980 2431; x_wconf 73' lang='lat' dir='ltr'><strong>Vsus.</strong></span> <span class='ocrx_word' id='word_1_823' title='bbox 994 2404 1040 2429; x_wconf 81' lang='grc'>49.</span> <span class='ocrx_word' id='word_1_824' title='bbox 1056 2411 1071 2427; x_wconf 78' lang='grc' dir='ltr'>ιι</span> <span class='ocrx_word' id='word_1_825' title='bbox 1091 2403 1127 2429; x_wconf 90' lang='lat' dir='ltr'><strong>Et</strong></span> <span class='ocrx_word' id='word_1_826' title='bbox 1147 2400 1384 2437; x_wconf 89' lang='lat' dir='ltr'><strong>quemadmodum</strong></span> <span class='ocrx_word' id='word_1_827' title='bbox 1398 2399 1566 2436; x_wconf 77' lang='lat' dir='ltr'><strong>gestavimus</strong></span> <span class='ocrx_word' id='word_1_828' title='bbox 1580 2399 1654 2428; x_wconf 88' lang='lat' dir='ltr'><strong>ima-</strong></span> 
     </span>
    </p>
   </div>
   <div class='ocr_carea' id='block_1_108' title="bbox 854 2445 1654 2484">
    <p class='ocr_par' dir='ltr' id='par_1_108' title="bbox 854 2445 1654 2484">
     <span class='ocr_line' id='line_1_109' title="bbox 854 2445 1654 2484; baseline -0.003 -9"><span class='ocrx_word' id='word_1_829' title='bbox 854 2447 948 2484; x_wconf 77' lang='lat' dir='ltr'><strong>ginem</strong></span> <span class='ocrx_word' id='word_1_830' title='bbox 971 2446 1084 2480; x_wconf 82' lang='lat' dir='ltr'><strong>terreni,</strong></span> <span class='ocrx_word' id='word_1_831' title='bbox 1116 2445 1285 2483; x_wconf 77' lang='lat' dir='ltr'><strong>gestabimus</strong></span> <span class='ocrx_word' id='word_1_832' title='bbox 1314 2445 1398 2474; x_wconf 86' lang='lat' dir='ltr'><strong>etiam</strong></span> <span class='ocrx_word' id='word_1_833' title='bbox 1425 2445 1576 2481; x_wconf 81' lang='lat' dir='ltr'><strong>imaginem</strong></span> <span class='ocrx_word' id='word_1_834' title='bbox 1596 2451 1654 2473; x_wconf 69' lang='lat' dir='ltr'><strong>coa-</strong></span> 
     </span>
    </p>
   </div>
   <div class='ocr_carea' id='block_1_109' title="bbox 857 2489 1656 2520">
    <p class='ocr_par' dir='ltr' id='par_1_109' title="bbox 857 2489 1656 2520">
     <span class='ocr_line' id='line_1_110' title="bbox 857 2489 1656 2520; baseline -0.004 0"><span class='ocrx_word' id='word_1_835' title='bbox 857 2492 941 2520; x_wconf 86' lang='lat' dir='ltr'><strong>lestis.</strong></span> <span class='ocrx_word' id='word_1_836' title='bbox 969 2503 983 2517; x_wconf 69' lang='grc' dir='ltr'><strong>ι</strong></span> <span class='ocrx_word' id='word_1_837' title='bbox 1008 2491 1121 2520; x_wconf 86' lang='lat' dir='ltr'><strong>Planius</strong></span> <span class='ocrx_word' id='word_1_838' title='bbox 1141 2491 1187 2519; x_wconf 88' lang='lat' dir='ltr'><strong>hic</strong></span> <span class='ocrx_word' id='word_1_839' title='bbox 1208 2490 1429 2519; x_wconf 85' lang='lat' dir='ltr'><strong>adhortatorium</strong></span> <span class='ocrx_word' id='word_1_840' title='bbox 1452 2489 1589 2518; x_wconf 81' lang='lat' dir='ltr'><strong>sermonis</strong></span> <span class='ocrx_word' id='word_1_841' title='bbox 1607 2489 1656 2517; x_wconf 86' lang='lat' dir='ltr'><strong>ha-</strong></span> 
     </span>
    </p>
   </div>
   <div class='ocr_carea' id='block_1_110' title="bbox 857 2534 1656 2572">
    <p class='ocr_par' dir='ltr' id='par_1_110' title="bbox 857 2534 1656 2572">
     <span class='ocr_line' id='line_1_111' title="bbox 857 2534 1656 2572; baseline -0.004 -7"><span class='ocrx_word' id='word_1_842' title='bbox 857 2536 947 2565; x_wconf 89' lang='lat' dir='ltr'><strong>bitum</strong></span> <span class='ocrx_word' id='word_1_843' title='bbox 959 2537 1071 2565; x_wconf 86' lang='lat' dir='ltr'><strong>revelat.</strong></span> <span class='ocrx_word' id='word_1_844' title='bbox 1085 2535 1238 2572; x_wconf 77' lang='lat' dir='ltr'><strong>Imaginem</strong></span> <span class='ocrx_word' id='word_1_845' title='bbox 1253 2539 1347 2563; x_wconf 88' lang='lat' dir='ltr'><strong>autem</strong></span> <span class='ocrx_word' id='word_1_846' title='bbox 1360 2534 1462 2562; x_wconf 89' lang='lat' dir='ltr'><strong>terreni</strong></span> <span class='ocrx_word' id='word_1_847' title='bbox 1476 2542 1555 2571; x_wconf 87' lang='lat' dir='ltr'><strong>prava</strong></span> <span class='ocrx_word' id='word_1_848' title='bbox 1570 2541 1656 2570; x_wconf 85' lang='lat' dir='ltr'><strong>opera</strong></span> 
     </span>
    </p>
   </div>
   <div class='ocr_carea' id='block_1_111' title="bbox 857 2578 1655 2618">
    <p class='ocr_par' dir='ltr' id='par_1_111' title="bbox 857 2578 1655 2618">
     <span class='ocr_line' id='line_1_112' title="bbox 857 2578 1655 2618; baseline -0.005 -8"><span class='ocrx_word' id='word_1_849' title='bbox 857 2581 925 2611; x_wconf 87' lang='lat' dir='ltr'><strong>dicit</strong></span> <span class='ocrx_word' id='word_1_850' title='bbox 941 2590 948 2610; x_wconf 91' lang='lat'><strong>:</strong></span> <span class='ocrx_word' id='word_1_851' title='bbox 966 2581 1114 2618; x_wconf 83' lang='lat' dir='ltr'><strong>imaginem</strong></span> <span class='ocrx_word' id='word_1_852' title='bbox 1136 2588 1201 2609; x_wconf 85' lang='lat' dir='ltr'><strong>vero</strong></span> <span class='ocrx_word' id='word_1_853' title='bbox 1222 2580 1350 2613; x_wconf 66' lang='lat' dir='ltr'><strong>caelestis,</strong></span> <span class='ocrx_word' id='word_1_854' title='bbox 1370 2579 1443 2608; x_wconf 83' lang='lat' dir='ltr'><strong>bona</strong></span> <span class='ocrx_word' id='word_1_855' title='bbox 1463 2581 1505 2608; x_wconf 94' lang='lat' dir='ltr'><strong>Ut</strong></span> <span class='ocrx_word' id='word_1_856' title='bbox 1525 2579 1611 2615; x_wconf 81' lang='lat' dir='ltr'><strong>igitur</strong></span> <span class='ocrx_word' id='word_1_857' title='bbox 1627 2578 1655 2605; x_wconf 92' lang='lat' dir='ltr'><strong>in</strong></span> 
     </span>
    </p>
   </div>
   <div class='ocr_carea' id='block_1_112' title="bbox 859 2623 1657 2661">
    <p class='ocr_par' dir='ltr' id='par_1_112' title="bbox 859 2623 1657 2661">
     <span class='ocr_line' id='line_1_113' title="bbox 859 2623 1657 2661; baseline -0.008 -5"><span class='ocrx_word' id='word_1_858' title='bbox 859 2627 931 2656; x_wconf 87' lang='lat' dir='ltr'><strong>vitiis</strong></span> <span class='ocrx_word' id='word_1_859' title='bbox 958 2626 1092 2661; x_wconf 80' lang='lat' dir='ltr'><strong>viximus,</strong></span> <span class='ocrx_word' id='word_1_860' title='bbox 1121 2633 1172 2654; x_wconf 86' lang='lat' dir='ltr'><strong>ceu</strong></span> <span class='ocrx_word' id='word_1_861' title='bbox 1202 2625 1303 2654; x_wconf 87' lang='lat' dir='ltr'><strong>terreni</strong></span> <span class='ocrx_word' id='word_1_862' title='bbox 1326 2624 1447 2653; x_wconf 86' lang='lat' dir='ltr'><strong>hominis</strong></span> <span class='ocrx_word' id='word_1_863' title='bbox 1467 2623 1526 2658; x_wconf 85' lang='lat' dir='ltr'><strong>ﬁlii,</strong></span> <span class='ocrx_word' id='word_1_864' title='bbox 1549 2626 1577 2652; x_wconf 88' lang='lat' dir='ltr'><strong>et</strong></span> <span class='ocrx_word' id='word_1_865' title='bbox 1595 2629 1657 2658; x_wconf 66' lang='lat' dir='ltr'><strong>quae</strong></span> 
     </span>
    </p>
   </div>
   <div class='ocr_carea' id='block_1_113' title="bbox 699 2745 963 2776">
    <p class='ocr_par' dir='ltr' id='par_1_113' title="bbox 699 2745 963 2776">
     <span class='ocr_line' id='line_1_114' title="bbox 699 2745 963 2776; baseline -0.004 -1"><span class='ocrx_word' id='word_1_866' title='bbox 699 2745 792 2775; x_wconf 68' lang='lat' dir='ltr'><strong>Varia:</strong></span> <span class='ocrx_word' id='word_1_867' title='bbox 813 2746 963 2776; x_wconf 84' lang='lat' dir='ltr'><strong>lectiones.</strong></span> 
     </span>
    </p>
   </div>
   <div class='ocr_carea' id='block_1_114' title="bbox 62 2797 903 2843">
    <p class='ocr_par' dir='ltr' id='par_1_114' title="bbox 62 2797 903 2843">
     <span class='ocr_line' id='line_1_115' title="bbox 62 2797 903 2843; baseline -0.004 -6"><span class='ocrx_word' id='word_1_868' title='bbox 62 2797 80 2814; x_wconf 59' lang='grc' dir='ltr'>ω</span> <span class='ocrx_word' id='word_1_869' title='bbox 94 2798 154 2837; x_wconf 69' lang='grc' dir='ltr'><strong>λέγει</strong></span> <span class='ocrx_word' id='word_1_870' title='bbox 168 2810 196 2831; x_wconf 78' lang='grc' dir='ltr'><strong>ο·</strong></span> <span class='ocrx_word' id='word_1_871' title='bbox 234 2804 253 2821; x_wconf 80' lang='grc'>³¹</span> <span class='ocrx_word' id='word_1_872' title='bbox 266 2804 322 2832; x_wconf 65' lang='grc' dir='ltr'>οὐδὲ</span> <span class='ocrx_word' id='word_1_873' title='bbox 336 2813 362 2834; x_wconf 90' lang='lat' dir='ltr'><strong>o.</strong></span> <span class='ocrx_word' id='word_1_874' title='bbox 401 2807 424 2824; x_wconf 72' lang='grc'><strong>⁸⁸</strong></span> <span class='ocrx_word' id='word_1_875' title='bbox 433 2808 575 2843; x_wconf 79' lang='grc' dir='ltr'>φορέσωμεν</span> <span class='ocrx_word' id='word_1_876' title='bbox 590 2816 617 2836; x_wconf 89' lang='lat'><strong>0.</strong></span> <span class='ocrx_word' id='word_1_877' title='bbox 657 2808 679 2825; x_wconf 78' lang='grc'><strong>⁸³</strong></span> <span class='ocrx_word' id='word_1_878' title='bbox 694 2807 861 2835; x_wconf 79' lang='grc' dir='ltr'>ἀνακαλύπτει</span> <span class='ocrx_word' id='word_1_879' title='bbox 876 2816 903 2835; x_wconf 92' lang='grc' dir='ltr'><strong>ο.</strong></span> 
     </span>
    </p>
   </div>
   <div class='ocr_carea' id='block_1_115' title="bbox 155 2847 464 2880">
    <p class='ocr_par' dir='ltr' id='par_1_115' title="bbox 155 2847 464 2880">
     <span class='ocr_line' id='line_1_116' title="bbox 155 2847 464 2880; baseline 0.016 -5"><span class='ocrx_word' id='word_1_880' title='bbox 155 2847 267 2878; x_wconf 65' lang='lat' dir='ltr'><strong>Parnm.</strong></span> <span class='ocrx_word' id='word_1_881' title='bbox 282 2851 334 2879; x_wconf 77' lang='lat' dir='ltr'><strong>Gn.</strong></span> <span class='ocrx_word' id='word_1_882' title='bbox 355 2851 464 2880; x_wconf 83' lang='lat' dir='ltr'><strong>CXXIV.</strong></span> 
     </span>
    </p>
   </div>
   <div class='ocr_carea' id='block_1_116' title="bbox 1485 2848 1517 2873">
    <p class='ocr_par' dir='ltr' id='par_1_116' title="bbox 1485 2848 1517 2873">
     <span class='ocr_line' id='line_1_117' title="bbox 1485 2848 1517 2873; baseline 0 0"><span class='ocrx_word' id='word_1_883' title='bbox 1485 2848 1517 2873; x_wconf 84' lang='grc'><strong>25</strong></span> 
     </span>
    </p>
   </div>
  </div>
