1867 3081
239 140 292 166 779

236 205 318 229 teme
344 204 410 230 sunt
444 199 607 228 aifectantes
637 209 644 228 :

236 254 319 274 cuam
334 253 407 274 nunc
420 245 505 274 vitam
526 245 658 279 vivamus,
683 249 816 282 tanquam
829 246 948 274 caelestis
968 245 1037 274 ima-

235 291 329 327 ginem
343 295 372 319 et
392 290 576 319 imitationem
599 295 802 319 conservantes.
828 292 924 328 Imago
953 292 1036 319 etiam

235 336 336 364 terreni
359 335 478 370 esthoc,
495 347 508 361 ι
532 337 616 364 Terra
637 343 678 372 es,
692 340 719 364 et
739 335 767 363 in
788 340 889 364 terram
906 336 1002 364 abibis.
1020 347 1034 361 υ

236 381 333 415 Imago
357 385 450 409 autem
481 380 609 415 caelestis,
636 389 651 408 a
675 381 792 409 mortuis
811 381 977 410 resurrectio
1010 385 1036 409 et

235 425 490 462 incorruptibilitas.
513 425 635 454 Proinde
655 426 679 454 si
703 425 763 454 haec
788 425 961 463 intelligenda
980 426 1036 454 sint

236 478 287 498 ceu
301 470 334 498 de
353 471 550 498 resurrectione
561 470 699 505 dicantur,
717 474 744 498 et
755 479 813 499 non
825 471 859 499 de
877 471 935 499 vita
950 471 1035 499 mori-

235 515 332 549 busve,
354 515 435 543 etiam
454 515 521 544 illud
536 515 610 551 quod
627 515 712 550 addit,
733 525 747 542 (ι
766 515 945 544 Gestabimus
966 516 1034 543 ima-

234 559 326 596 ginem
346 560 476 594 caelestis,
499 571 513 584 ι
531 568 588 588 non
614 564 656 588 est
672 561 876 597 intelligendum
900 564 949 588 aut
964 560 1034 588 scri-

234 604 355 633 bendum
366 607 502 641 tanquam
513 605 693 638 consulentis,
704 605 760 633 sive
772 605 942 633 adhortantis
954 613 1033 633 more

231 649 269 677 sit
290 649 411 683 dictum,
422 650 470 678 sed
486 654 515 678 ut
529 651 689 678 obventurae
706 650 786 678 nobis
798 650 835 678 rei
846 650 881 678 sit
889 649 1032 685 indicium,

233 693 264 722 id
277 698 319 722 est
333 694 410 731 quod
426 693 550 723 futurum
566 695 603 722 sit
615 699 645 723 ut
658 699 807 730 gestemus.

269 740 360 768 Vens.
372 742 416 767 50.
431 751 443 764 α
455 740 517 768 Hoc
528 744 619 768 autem
633 739 706 774 dico,
716 739 821 775 fratres,
833 738 909 776 quod
921 747 985 768 caro
1004 743 1033 767 et

232 783 344 820 sanguis
358 792 472 821 regnum
494 784 547 812 Dei
566 783 707 821 possidere
727 793 785 812 non
797 788 920 820 possunt.
934 796 947 808 ν
961 784 1032 820 Quia

232 827 349 863 dixerat,
375 839 388 853 ι
413 829 559 865 imaginem
582 829 697 864 terreni,
715 841 728 854 ι
748 829 826 866 quasi
843 829 902 866 jam
917 829 976 858 hinc
992 829 1032 857 in-

231 877 405 909 terpretetur,
425 874 473 907 ait,
494 875 564 903 Caro
590 878 618 902 et
631 874 740 911 sanguis
751 879 792 902 est
806 875 898 910 imago
918 873 1028 908 terreni,
1043 865 1067 897 Β

231 917 284 947 hoc
298 923 350 954 est,
370 919 489 947 carnales
511 919 692 955 operationes,
711 920 832 955 corporis
853 919 937 947 etiam
956 926 1030 946 cras-

231 963 303 992 sitiei
332 964 461 1000 propriae,
477 971 540 1000 quae
565 964 642 1001 regni
665 964 718 993 Dei
737 964 931 993 hereditatem
956 963 1030 992 adire

232 1015 287 1036 non
302 1012 427 1043 possunt.

270 1063 283 1078 ι
296 1053 391 1090 Neque
402 1054 542 1090 corruptio
552 1053 838 1090 incorruptibilitatem
847 1053 1003 1082 haereditat.
1012 1062 1027 1079 »

232 1098 294 1126 Hoc
302 1102 353 1133 est,
371 1098 475 1126 malitia
489 1098 587 1127 animae
599 1099 768 1127 nobilitatem
780 1106 963 1135 corrumpens
972 1106 1029 1126 non

231 1147 322 1179 potest
347 1150 407 1171 esse
425 1143 514 1172 haeres
532 1144 625 1180 gloriae
646 1144 719 1172 illius
737 1148 764 1172 et
780 1143 1028 1180 incorruptibilium

229 1186 378 1216 bonorum.
404 1188 508 1217 Poteris
531 1193 626 1217 autem
641 1189 700 1217 haec
715 1189 808 1218 omnia
829 1196 884 1217 non
907 1189 981 1216 velut
995 1188 1029 1216 de

229 1232 286 1261 vita
306 1232 379 1261 dicta
400 1233 466 1266 sint,
492 1233 540 1262 sed
558 1233 592 1262 de
611 1234 822 1268 resurrectione,
846 1234 977 1270 accipere,
999 1236 1030 1261 ut

228 1277 306 1312 illud,
318 1278 387 1306 Caro
403 1282 431 1306 et
446 1279 575 1314 sanguis;
591 1279 668 1315 quasi
684 1279 766 1314 dicat,
781 1278 966 1315 Corruptibile
979 1277 1030 1306 bu-

223 1321 350 1358 jusmodi
368 1330 479 1359 corpus,
501 1331 534 1351 ex
553 1331 635 1352 carne
657 1328 684 1352 et
709 1324 843 1361 sanguine
861 1323 1026 1357 consistens,

226 1365 255 1394 in
268 1366 361 1396 futuro
373 1369 473 1396 saeculo
487 1367 560 1396 haud
581 1368 686 1397 fruetur
701 1376 796 1406 regno.
809 1369 872 1396 Non
892 1372 934 1396 est
952 1367 1027 1396 enim

227 1411 281 1440 illic
299 1411 377 1441 cibus
389 1417 418 1441 et
437 1417 528 1448 potus,
541 1413 641 1449 quibus
661 1414 777 1442 omnino
793 1412 952 1449 hujusmodi
966 1420 1026 1440 cor-

225 1463 278 1492 pus
287 1457 416 1485 nutritur.
432 1466 447 1484 ι(
457 1458 551 1493 Neque
563 1458 715 1493 corruptio,
726 1467 740 1485 ι)
753 1458 779 1486 id
795 1462 837 1486 est
851 1456 1028 1493 corruptibile

225 1508 337 1538 corpus,
367 1501 616 1538 incorruptibilium
649 1502 838 1530 hmrcditatem
857 1501 952 1530 adibit.
974 1502 1027 1529 Ne-

224 1553 300 1574 cesse
322 1550 364 1574 est
384 1547 469 1582 igitur
489 1546 630 1582 spirituale
651 1546 712 1574 fore
734 1555 833 1582 corpus
853 1550 980 1574 nostrum
1000 1550 1027 1574 et

223 1590 441 1627 incorruptibile.
460 1591 572 1619 No'veris
595 1596 687 1619 autem
712 1591 788 1627 quod
811 1591 1024 1628 Chrysostomus

224 1633 284 1663 hac
300 1635 335 1663 ab
357 1636 488 1672 Apostolo
506 1643 555 1671 per
579 1636 781 1664 adhortationis
799 1635 915 1664 modum
927 1636 1022 1672 .dicta,

223 1686 278 1715 qua
294 1680 329 1707 ad
347 1679 482 1715 optimam
494 1679 580 1708 vitam
599 1679 770 1714 adhortetur,
789 1680 933 1716 acceperit.

259 1724 350 1753 Vnus.
378 1726 424 1752 δι.
448 1736 460 1749 α
478 1725 548 1753 Ecce
568 1725 732 1762 mysterium
757 1725 836 1754 vobis
856 1725 926 1753 dico.
951 1736 964 1750 ω
978 1725 1023 1754 Ad

222 1776 379 1798 sermonem
391 1770 425 1798 de
437 1770 636 1798 resurrectione
647 1770 728 1804 redit,
742 1770 834 1806 aitque
847 1769 1022 1799 tremendum

220 1813 332 1850 quidem
348 1819 377 1843 et
390 1819 528 1843 secretum
543 1823 572 1843 se
591 1815 644 1843 illis
665 1822 724 1844 esse
745 1814 895 1843 dicturum.
914 1815 1022 1844 Indicat

220 1863 314 1888 autem
326 1867 375 1896 per
388 1859 443 1888 hoc
453 1868 482 1888 se
496 1868 597 1897 magno
607 1860 668 1889 illos
678 1860 786 1889 honore
796 1859 915 1897 dignari,
924 1864 956 1888 ut
973 1860 1020 1896 qui

220 1907 325 1932 secreta
337 1903 376 1932 eis
389 1904 500 1933 revelet.

256 1959 270 1973 α
284 1950 348 1977 Non
368 1956 465 1977 omnes
483 1949 595 1985 quidem
611 1949 792 1984 dormiemus,
811 1957 906 1978 omnes
925 1953 1019 1978 tamen

219 1993 440 2022 immutabimur.
466 2005 479 2018 ι
505 1995 568 2022 Non
593 2001 691 2022 omnes
721 1994 833 2030 quidem
853 1994 1017 2029 morientur,

219 2037 317 2074 inquit,
332 2046 429 2066 omnes
448 2041 542 2066 tamen
556 2037 788 2072 immutabuntur,
804 2039 888 2067 etiam
900 2039 947 2075 qui
961 2047 1017 2068 non

219 2083 383 2117 moriuntur,
399 2082 453 2110 hoc
467 2087 517 2116 est,
533 2082 568 2110 ad
590 2083 885 2119 incorruptibilitatem
899 2083 1015 2112 transfe-

218 2130 326 2155 rentur.
341 2128 383 2155 Ne
395 2127 486 2163 igitur,
501 2127 633 2164 quoniam
658 2128 794 2163 moriaris,
816 2133 922 2156 metuas
942 2128 1016 2164 quod

217 2179 274 2199 non
285 2179 422 2208 resurgas.
437 2173 507 2200 Ecce
522 2172 594 2200 enim
606 2172 667 2201 dico
681 2174 766 2209 230
786 2173 845 2206 tibi,
861 2173 935 2210 quod
946 2181 1017 2202 non-

217 2216 287 2244 nulli
301 2224 360 2245 non
379 2216 542 2252 morientur,
561 2221 685 2246 attamen
697 2218 750 2246 hoc
768 2226 827 2246 non
841 2218 907 2247 satis
924 2222 967 2247 est
980 2218 1018 2247 eis

216 2261 251 2290 ad
274 2262 508 2290 resurrectionem
534 2262 620 2297 illam,
643 2263 694 2291 nisi
718 2263 903 2292 immutentur
922 2263 1016 2297 etiam,

218 2310 247 2334 et
257 2306 297 2334 sic
313 2306 348 2335 ad
363 2306 606 2336 immortalitatem
626 2307 739 2336 veniant
754 2316 770 2336 a
785 2308 952 2336 mortalitate
971 2308 1016 2337 illa

216 2358 301 2387 quam
319 2351 434 2386 habent,
456 2360 614 2388 corporum.
637 2353 678 2381 Ut
691 2353 772 2390 igitur
786 2353 846 2382 illos
869 2361 925 2382 non
937 2353 1017 2390 juvat

214 2394 291 2432 quod
308 2403 366 2424 non
387 2397 555 2432 moriantur,
575 2397 614 2425 sic
632 2397 713 2426 nobis
736 2405 792 2425 non
810 2398 922 2426 nocebit
941 2397 1015 2434 quod

215 2441 380 2470 moriamur.
405 2443 477 2470 Nam
501 2446 529 2473 et
552 2442 606 2470 illis
632 2442 748 2471 mutatio
773 2450 850 2471 mors
872 2446 924 2471 est.
956 2444 1016 2472 Mo-

213 2485 283 2513 ritur
297 2485 372 2514 enim
387 2485 416 2515 in
436 2486 501 2523 ipsis
514 2487 653 2523 corruptio
676 2491 830 2524 permutata
844 2487 872 2516 in
890 2487 1014 2517 incorru-

214 2530 402 2567 ptibilitatem.

249 2577 337 2605 Vnus.
351 2579 395 2606 52.
411 2587 426 2602 «
443 2578 476 2605 In
494 2581 649 2613 momento,
669 2577 700 2606 in
713 2577 772 2606 ictu
783 2578 867 2613 oculi,
883 2577 912 2606 in
923 2578 1012 2608 novis-

212 2621 281 2650 sima
291 2621 369 2651 tuba.
384 2631 399 2649 ν
412 2623 445 2650 In
463 2622 650 2652 minutissima
664 2627 692 2652 et
704 2622 863 2651 indivisibili
879 2624 1011 2659 temporis

211 2667 314 2703 spatio,
329 2675 362 2696 ac
372 2667 457 2698 veluti
468 2667 608 2705 palpebra
627 2672 719 2704 motu,
739 2672 815 2698 tanta
827 2668 896 2698 ﬁent
920 2677 927 2697 :
944 2676 1008 2705 quae

747 137 1006 166 THEOPHYLACTI
1024 137 1202 166 BULGARLE
1221 138 1380 167 ARCHIEP.
1811 142 1842 170 780

673 200 774 229 virtute
806 208 902 229 rursus
929 208 1007 237 cons;

1092 200 1137 230 καὶ
1154 201 1186 230 τὰ
1209 201 1320 242 τῆξγῆς
1341 203 1513 242 φρονοῦντες·
1533 201 1603 231 οὕτω
1625 202 1672 232 καὶ
1691 203 1716 233 ἐν
1731 203 1798 243 ἀρετῇ
1813 201 1843 233 αὖ·

1089 248 1128 279 θις
1143 246 1281 285 ζήσωμεν,
1305 248 1342 280 ὣς
1357 248 1402 276 τοῦ
1423 246 1580 287 ἐπουρανίου
1596 246 1646 283 τὴν
1665 247 1748 277 εἰκόνα
1766 248 1802 277 καὶ
1814 248 1843 283 τὴν

1090 291 1203 332 μίμησιν
1213 295 1362 332 τηροῦντες.
1381 291 1467 321 Εἰκὼν
1483 291 1510 320 δὲ
1530 294 1576 321 τοῦ
1588 295 1684 332 χοϊκοῦ
1696 292 1738 322 καὶ
1751 292 1785 328 τὸ,
1800 307 1809 319 ι
1819 294 1844 328 Γῆ

1089 331 1127 373 εἰ,
1143 336 1188 366 καὶ
1209 331 1315 376 εἶςνγῆν
1339 335 1474 376 ἀπελεύσῃ
1487 347 1495 355 ·
1519 349 1532 363 ι
1557 331 1636 366 εἰκὼν
1658 336 1686 366 δὲ
1706 340 1747 367 τοῦ
1765 338 1842 377 ἐπουρα-

1089 380 1158 418 νίου,
1175 383 1191 418 ἡ
1212 382 1241 411 ἐκ
1261 383 1361 422 νεκρῶν
1376 381 1521 416 ἀνάστασις
1537 381 1583 412 καὶ
1598 382 1739 422 ἀφθαρσία.
1748 380 1817 412 Ὥστε
1832 384 1844 412 ti

1088 427 1124 459 ὡς
1152 426 1212 466 περὶ
1245 426 1416 459 ἀναστάσεως
1440 426 1584 466 λεγόμενα,
1609 427 1640 457 οὖ
1669 427 1727 467 περὶ
1748 427 1844 461 πολιτείας

1087 474 1172 500 ταῦτα
1197 471 1236 500 δεῖ
1256 473 1369 508 νοῆσαι,
1384 470 1492 508 καὶτὸ,
1520 482 1534 500 ε
1554 471 1711 511 Φορέσομεν
1729 471 1770 508 τὴν
1785 472 1843 502 εἰκόνα

1086 519 1132 545 τοῦ
1155 515 1330 557 ἐπουρανίου,
1354 526 1369 545 υ
1389 516 1439 556 οὐχ
1461 517 1498 550 ὥς
1519 515 1745 555 συμϐουλευτικῐκ
1763 517 1843 556 λεγόμε-

1087 571 1131 589 νον
1157 561 1196 590 δεῖ
1217 562 1309 597 νοῆσαι
1334 559 1352 596 ἢ
1377 560 1498 601 γράψαι,
1520 561 1580 590 ἀλλ’
1594 562 1632 594 ὡς
1657 560 1783 600 μέλλοντος
1796 561 1844 600 πρέ-

1086 617 1187 645 γματος
1218 604 1396 643 ἐνδεικτικὸν,
1428 604 1580 644 τουτέστιν,
1608 604 1651 636 ὅτι
1681 606 1793 645 μέλλομεν
1811 617 1844 646 γο-

1087 649 1172 690 ρέσαι.

1126 753 1139 766 ι
1160 741 1245 770 Τοῦτο
1261 739 1290 769 δέ
1302 751 1390 781 φημι⁷
1413 739 1532 781 ἀδελφοὶ,
1548 739 1590 770 ὅτι
1605 739 1672 781 σὰρξ
1684 739 1728 770 καὶ
1740 734 1795 779 αἷμα

1085 783 1186 825 σιλείαν
1211 785 1281 814 Θεοῦ
1304 785 1506 825 κληρονομῆσαι
1527 785 1557 814 οὐ
1577 784 1712 816 δύνανται,
1736 796 1750 813 ι
1763 784 1842 820 Ἐπειδὴ

1085 824 1174 866 εἶπεν,
1194 839 1209 859 ι(
1224 829 1324 860 Εἰκόνα
1338 824 1384 859 τοῦ
1406 831 1518 869 χοϊκοῦ,
1541 841 1558 858 ι
1581 828 1682 860 ὡσανεὶ
1702 828 1842 869 ἔφερμηνεύων

1083 873 1202 910 ταύτην,
1218 875 1298 915 φησὶν
1320 874 1360 904 ὅτι
1377 873 1444 915 σὰρξ
1462 874 1509 904 καὶ
1528 869 1599 913 αἷμά
1621 875 1716 910 εἰσινὴ
1737 873 1799 903 εἰκὼν
1814 877 1843 903 τοῦ

1084 923 1177 958 χοϊκοῦ
1189 931 1197 938 ο
1212 919 1347 949 τουτέστιν
1357 942 1365 958 ,
1393 921 1421 949 αῖ
1437 919 1565 960 σαρκικαὶ
1588 919 1696 960 πράξεις
1713 918 1753 948 καὶ
1810 931 1844 947 πα-

1083 963 1180 1004 χύτητι
1195 967 1241 995 τοῦ
1256 964 1379 1002 σώματος
1391 965 1499 1003 οἰκεῖαι,
1514 963 1612 999 αἵτινες
1633 975 1648 994 (ι
1663 964 1787 1005 βασιλείαν
1795 964 1842 994 Θεσῖ

1083 1009 1285 1048 κληρονομῆσαι
1301 1010 1332 1038 οὖ
1346 1009 1482 1040 δύνανται.
1498 1020 1512 1038 ιι

1124 1067 1137 1080 α
1152 1054 1223 1084 Οὐδὲ
1239 1056 1255 1090 ἡ
1271 1053 1354 1095 φθορὰ
1368 1053 1417 1090 τὴν
1432 1053 1582 1094 ἀφθαρσίαν
1592 1055 1777 1095 κληρονομεῖ.»
1787 1054 1841 1083 Τουτ-

1083 1097 1170 1136 έστιν,
1189 1101 1207 1135 ἡ
1233 1099 1332 1134 κακία,
1361 1100 1379 1135 ἡ
1409 1099 1627 1139 καταφθείρουσα
1646 1100 1694 1136 τήν
1721 1101 1763 1135 τῆς
1783 1099 1841 1138 ψυχῆς

1083 1143 1229 1183 εὐγένειαν,
1254 1145 1283 1173 οὗ
1308 1142 1420 1173 δύναται
1443 1144 1621 1184 κληρονομεῖν
1644 1143 1691 1180 τὴν
1717 1143 1783 1178 δόξαν
1799 1142 1842 1172 ἐκεί-

1082 1199 1130 1224 νην
1164 1187 1211 1218 καὶ
1239 1188 1274 1217 τὰ
1310 1188 1433 1229 ἄφθαρτα
1460 1188 1560 1227 ἀγαθά.
1591 1188 1710 1219 Δύνασαι
1736 1187 1761 1217 δὲ
1784 1189 1842 1217 ταῦτα

1086 1210 1128 1224 τι..
1164 1210 1211 1218 η...
1245 1210 1274 1217 η.
1310 1210 1433 1229 “fur...
1460 1210 1560 1227 ην...
1591 1210 1710 1219 mum.-.
1737 1210 1760 1217 ..ε
1788 1210 1842 1217 .-.η

1082 1232 1191 1269 πάντα,
1216 1234 1266 1273 οὔχ
1288 1234 1324 1266 ὡς
1347 1233 1409 1273 περὶ
1437 1233 1574 1274 πολιτείας
1603 1233 1743 1274 εἰρημένα,
1822 1210 1858 1269 ixi

1082 1277 1143 1318 περὶ
1154 1272 1324 1311 ἀναστάσεως
1335 1272 1470 1315 ἐκλαϐεῖν,
1480 1273 1535 1308 οἶον
1547 1277 1588 1316 τὸ,
1602 1289 1617 1308 σ
1630 1272 1703 1318 Σᾶρξ
1713 1277 1755 1307 καὶ
1762 1272 1840 1316 αἷμα-ι

1082 1316 1136 1351 οἶον
1147 1344 1155 1358 ,
1181 1321 1222 1351 ὅτι
1236 1323 1277 1352 Οὔ
1293 1324 1372 1361 σῶμα
1389 1325 1509 1352 τοιοῦτον
1524 1323 1554 1352 ἐκ
1580 1316 1681 1363 σαρκὸξ
1700 1322 1742 1352 καὶ
1762 1321 1841 1358 aluum

1083 1367 1224 1406 συνεστὼς,
1248 1367 1276 1396 ἐν
1299 1368 1337 1406 τῷ
1360 1367 1484 1406 μέλλοντι
1501 1368 1577 1397 αἰῶνι
1593 1366 1738 1398 ἀπολαύσει
1756 1369 1794 1402 τῆς
1810 1368 1841 1406 βα·
1857 1380 1858 1418 ἦ

1082 1410 1190 1452 σιλείας.
1211 1412 1272 1442 Οὐκ
1301 1411 1358 1442 ἔστι
1386 1411 1438 1452 γὰρ
1463 1413 1518 1442 ἐκεῖ
1545 1413 1646 1452 βρῶσις
1667 1412 1712 1442 καὶ
1734 1410 1858 1452 πόσις,

1081 1450 1118 1486 ὧν
1143 1456 1250 1490 πάντως
1273 1455 1303 1486 τὸ
1326 1449 1443 1486 τοιοῦτον
1470 1449 1550 1495 σῶμα
1564 1449 1707 1498 τρέφεται.
1732 1467 1746 1486 α
1763 1455 1818 1487 Οὐδὲ
1833 1449 1858 1501 ἦῆ

1082 1500 1181 1541 φθορὰ,
1201 1514 1213 1527 ι
1238 1501 1368 1538 τουτέστι,
1386 1501 1417 1531 τὸ
1438 1501 1553 1542 φθαρτὸν
1576 1503 1670 1541 σῶμα,
1687 1500 1842 1542 κληρονομήσιι

1080 1545 1114 1575 τὰ
1139 1545 1279 1586 ἄφθαρτα·
1305 1545 1374 1576 ὥστε
1398 1546 1501 1586 ἀνάγκη
1526 1546 1707 1585 πνευματικὸν
1727 1547 1792 1584 ἡμῶν
1804 1544 1842 1574 ἔσε-

1079 1592 1139 1619 σθαι
1159 1590 1189 1620 τὸ
1206 1593 1286 1629 σῶμα
1306 1590 1352 1620 καὶ
1370 1591 1512 1632 ἄφθαρτον.
1529 1589 1602 1621 Ἶσθι
1618 1591 1707 1630 μέντοι
1722 1592 1753 1624 ὡς
1765 1589 1840 1630 Χρυσό-

1080 1646 1176 1673 στομος
1197 1636 1392 1674 παρσινετικῶς
1415 1638 1501 1665 ταῦτα
1521 1636 1646 1676 εἰρῆσθαι
1671 1638 1708 1676 τῷ
1722 1634 1840 1673 Ἀποστολῳ

1078 1679 1140 1720 περὶ
1153 1679 1210 1719 βίου
1225 1679 1333 1720 ἀρίστου
1345 1679 1462 1714 ἐδέξατο.

1122 1734 1136 1753 (ι
1157 1724 1225 1755 Ἰδοὺ
1250 1725 1394 1765 μυστήριον
1419 1727 1481 1764 ὑμῖν
1509 1725 1589 1764 λέγω.
1614 1736 1630 1755 ι)
1659 1725 1744 1757 Πάλιν
1766 1722 1838 1758 εἰςτὸν

1077 1768 1137 1808 περὶ
1169 1769 1340 1803 ἀναστάσεως
1367 1769 1443 1809 λόγον
1472 1769 1608 1807 ἐπάνεισι,
1635 1770 1682 1800 καί
1706 1781 1790 1811 φησιν,
1812 1767 1838 1795 ὅτι

1075 1813 1220 1861 φρικτιξνω
1244 1826 1269 1844 τι
1285 1813 1339 1861 ’καὶ
1359 1814 1517 1861 *ἀπόρρητον
1545 1815 1636 1861 αὐτοῖς
1655 1815 1749 1861 ,μέλλει
1857 1843 1858 1861 ἦ

1075 1857 1257 1888 Ἐνδείκνυται
1282 1859 1309 1889 δὲ
1331 1858 1373 1888 διὰ
1396 1859 1488 1889 τούτου
1509 1859 1555 1889 καὶ
1579 1860 1682 1896 πολλὴν
1704 1859 1748 1897 τὴν
1764 1860 1793 1892 εἰς
1807 1857 1838 1886 αὖ·

1073 1903 1131 1936 τοὺς
1146 1902 1240 1941 τιμὴν,
1254 1905 1290 1937 ὡς
1304 1903 1339 1932 τὰ
1354 1904 1492 1944 ἀπόρῤητα
1509 1905 1598 1937 αὐτοῖς
1614 1905 1710 1944 λέγων.

1117 1958 1133 1977 σ
1155 1948 1259 1982 Πάντες
1275 1947 1322 1986 μὲν
1338 1948 1367 1977 οὗ
1382 1948 1614 1989 κοιμηθησόμεθα,
1631 1950 1726 1984 πάντες
1737 1948 1761 1978 δὲ
1775 1947 1836 1978 ἄλλα·
1857 1974 1858 1984 ι

1072 1992 1219 2033 γησόμεθα.
1244 2006 1256 2019 ι·
1271 1994 1312 2023 Οὖ
1335 1993 1433 2028 πάντες
1452 1993 1515 2033 μὲν,
1539 1994 1634 2034 φησὶν,
1655 1995 1836 2026 ἀποθανοῦνται,

1070 2037 1141 2075 ὅμως
1163 2037 1253 2076 μέντοι
1275 2037 1370 2072 πάντες
1391 2039 1606 2077 ἀλλαγήσονται,
1623 2040 1668 2070 καὶ
1690 2041 1713 2069 οἱ
1733 2037 1766 2078 μὴ
1786 2037 1836 2066 ἄπο-

1070 2082 1237 2122 θνήσκοντες,
1253 2082 1402 2119 τουτέστιν,
1419 2084 1456 2117 εἰς
1477 2083 1627 2123 ἀφθαρσίαν
1648 2084 1838 2123 μεταπισοῦνταιι
1857 2111 1858 2115 η

1071 2126 1117 2162 Μὴ
1141 2127 1240 2164 τοίνυν,
1269 2126 1361 2163 ἐπειδὴ
1387 2126 1580 2166 ἀποθνήσκεις,
1606 2129 1722 2170 φοϐηθῇς
1746 2126 1781 2158 ὅτι
1803 2124 1836 2170 Nix
1857 2155 1858 2158 η

1072 2172 1221 2212 ἀναστήσῃ.
1237 2171 1307 2202 Ἰδοὺ
1331 2171 1382 2212 γὰρ
1407 2173 1478 2211 λέγω
1491 2183 1547 2210 σοι,
1571 2168 1617 2203 ὅτι
1635 2168 1702 2207 τινὲέ
1723 2173 1749 2202 οὗ
1763 2168 1836 2203 τεθνή-

1072 2215 1176 2255 ξονται,
1191 2216 1237 2246 καὶ
1261 2215 1334 2256 ὅμως
1354 2218 1402 2246 οὐκ
1424 2218 1502 2257 ἀρκεῖ
1524 2218 1614 2252 αὐτοῖς
1634 2221 1710 2249 τοῦτο
1729 2216 1785 2257 πρὸς
1802 2213 1835 2247 τὴν

1072 2260 1217 2290 ἀνάστασιν
1233 2261 1348 2299 ἐκείνην,
1373 2261 1418 2291 ἐὰν
1444 2262 1482 2301 μὴ
1502 2263 1651 2302 ἀλλαγῶσι,
1668 2262 1712 2292 καὶ
1731 2261 1800 2292 οὕτως
1811 2258 1836 2302 εί(

1072 2305 1216 2335 ἀθανασίαν
1244 2297 1355 2335 ἔλθωσιν
1380 2297 1506 2342 cineri];
1530 2297 1688 2344 θνητότητος
1707 2306 1792 2340 tam:
1809 2297 1833 2330 ὧν

1070 2349 1160 2390 ἔχουσι
1174 2350 1318 2389 σωμάτων.
1331 2349 1439 2391 Ὥσπερ
1460 2346 1504 2380 οὖν
1521 2352 1568 2380 οὐκ
1590 2352 1686 2390 ὠφελεῖ
1707 2348 1803 2380 ἐκείνους
1814 2344 1834 2373 τί)

1071 2395 1108 2432 μή
1124 2396 1264 2425 ἀποθανεῖν
1274 2407 1280 2414 ·
1297 2394 1379 2429 οὕτως
1394 2394 1454 2425 οὐδὲ
1469 2398 1540 2435 ἡμᾶς
1557 2396 1653 2437 βλάψει
1667 2396 1695 2425 τὸ
1712 2391 1832 2423 ἀποθανεῖν-

1071 2439 1124 2470 Καὶ
1147 2439 1198 2481 γὰρ
1219 2439 1348 2474 κάκείνοις
1368 2443 1385 2478 ἡ
1407 2440 1512 2480 ἀλλαγὴ
1544 2440 1654 2474 θάνατός
1678 2441 1759 2470 ἐστιν·
1780 2437 1831 2481 ἀπν-

1068 2479 1251 2525 θνήσκείγὰρ
1277 2486 1304 2515 ἐν
1329 2485 1417 2519 αὐτοῖς
1440 2487 1457 2522 ἡ
1486 2484 1590 2526 φθορὰ,
1615 2482 1787 2523 ἀλλαττομένη
1806 2479 1832 2510 εἷς

1069 2529 1231 2570 ἀφθαρσίαν.

1110 2585 1126 2604 (ι
1143 2568 1196 2604 ”Εν
1213 2575 1322 2615 ἀτόμῳ,
1346 2575 1373 2604 ἐν
1481 2575 1636 2615 ὀφθαλμοῦ,
1657 2575 1683 2605 ἕν
1751 2568 1829 2616 ἐσχάτῃ

1066 2620 1204 2660 σάλπιγγι.
1232 2630 1247 2649 ι)
1349 2610 1480 2660 ἆκάρισίίῳ
1501 2610 1589 2660 χρόνίιρ
1613 2610 1658 2650 καὶ
1683 2610 1774 2658 ἀμεριῗ,
1792 2610 1826 2640 καὶ

1063 2664 1125 2694 ὅσον
1159 2663 1242 2703 μύσαι
1275 2664 1421 2705 βλέφαρον,
1445 2663 1602 2704 γενήσονται
1626 2663 1659 2694 τὰ
1692 2660 1825 2696 τηλικαῦτα·

899 2748 996 2778 Variae
1017 2749 1167 2779 lectiones.

245 2795 267 2812 ⁸⁸
280 2797 395 2833 φορτικὸν
411 2806 440 2827 ο.
