  <div class='ocr_page' id='page_1' title='image "/cluster/home/n/w/nwhite01/storage/ocr_20150623/124/njp.32101010942728/527.png"; bbox 0 0 1867 3081; ppageno 0'>
   <div class='ocr_carea' id='block_1_1' title="bbox 246 167 296 194">
    <p class='ocr_par' dir='ltr' id='par_1_1' title="bbox 246 167 296 194">
     <span class='ocr_line' id='line_1_1' title="bbox 246 167 296 194; baseline 0 -1"><span class='ocrx_word' id='word_1_1' title='bbox 246 167 296 194; x_wconf 89' lang='lat'><strong>783</strong></span> 
     </span>
    </p>
   </div>
   <div class='ocr_carea' id='block_1_2' title="bbox 243 226 556 263">
    <p class='ocr_par' dir='ltr' id='par_1_2' title="bbox 243 226 556 263">
     <span class='ocr_line' id='line_1_2' title="bbox 243 226 556 263; baseline -0.006 -7"><span class='ocrx_word' id='word_1_2' title='bbox 243 229 293 263; x_wconf 87' lang='lat' dir='ltr'><strong>ait,</strong></span> <span class='ocrx_word' id='word_1_3' title='bbox 311 240 324 253; x_wconf 79' lang='grc' dir='ltr'><strong>ιι</strong></span> <span class='ocrx_word' id='word_1_4' title='bbox 348 227 377 255; x_wconf 91' lang='lat' dir='ltr'><strong>in</strong></span> <span class='ocrx_word' id='word_1_5' title='bbox 402 226 556 260; x_wconf 80' lang='lat' dir='ltr'><strong>victoriam,</strong></span> 
     </span>
    </p>
   </div>
   <div class='ocr_carea' id='block_1_3' title="bbox 243 270 1040 309">
    <p class='ocr_par' dir='ltr' id='par_1_3' title="bbox 243 270 1040 309">
     <span class='ocr_line' id='line_1_3' title="bbox 243 270 1040 309; baseline -0.005 -8"><span class='ocrx_word' id='word_1_6' title='bbox 243 273 314 301; x_wconf 88' lang='lat' dir='ltr'><strong>victa</strong></span> <span class='ocrx_word' id='word_1_7' title='bbox 327 272 445 309; x_wconf 83' lang='lat' dir='ltr'><strong>perfecte</strong></span> <span class='ocrx_word' id='word_1_8' title='bbox 459 271 669 305; x_wconf 77' lang='lat' dir='ltr'><strong>exterminetur,</strong></span> <span class='ocrx_word' id='word_1_9' title='bbox 686 278 718 302; x_wconf 90' lang='lat' dir='ltr'><strong>ut</strong></span> <span class='ocrx_word' id='word_1_10' title='bbox 731 272 808 301; x_wconf 88' lang='lat' dir='ltr'><strong>nulla</strong></span> <span class='ocrx_word' id='word_1_11' title='bbox 820 279 882 308; x_wconf 82' lang='lat' dir='ltr'><strong>spes</strong></span> <span class='ocrx_word' id='word_1_12' title='bbox 894 271 919 299; x_wconf 94' lang='lat' dir='ltr'><strong>ei</strong></span> <span class='ocrx_word' id='word_1_13' title='bbox 934 270 962 298; x_wconf 92' lang='lat' dir='ltr'><strong>in</strong></span> <span class='ocrx_word' id='word_1_14' title='bbox 976 277 1040 306; x_wconf 89' lang='lat' dir='ltr'><strong>pos-</strong></span> 
     </span>
    </p>
   </div>
   <div class='ocr_carea' id='block_1_4' title="bbox 243 318 777 354">
    <p class='ocr_par' dir='ltr' id='par_1_4' title="bbox 243 318 777 354">
     <span class='ocr_line' id='line_1_4' title="bbox 243 318 777 354; baseline 0 -8"><span class='ocrx_word' id='word_1_15' title='bbox 243 322 337 346; x_wconf 92' lang='lat' dir='ltr'><strong>terum</strong></span> <span class='ocrx_word' id='word_1_16' title='bbox 352 318 432 346; x_wconf 87' lang='lat' dir='ltr'><strong>ullius</strong></span> <span class='ocrx_word' id='word_1_17' title='bbox 453 319 584 354; x_wconf 80' lang='lat' dir='ltr'><strong>potentiae</strong></span> <span class='ocrx_word' id='word_1_18' title='bbox 599 319 777 354; x_wconf 84' lang='lat' dir='ltr'><strong>relinquatur.</strong></span> 
     </span>
    </p>
   </div>
   <div class='ocr_carea' id='block_1_5' title="bbox 282 360 1041 397">
    <p class='ocr_par' dir='ltr' id='par_1_5' title="bbox 282 360 1041 397">
     <span class='ocr_line' id='line_1_5' title="bbox 282 360 1041 397; baseline -0.005 -6"><span class='ocrx_word' id='word_1_19' title='bbox 282 364 371 392; x_wconf 72' lang='lat' dir='ltr'><strong>Vnus.</strong></span> <span class='ocrx_word' id='word_1_20' title='bbox 389 366 433 391; x_wconf 86' lang='lat'><strong>55.</strong></span> <span class='ocrx_word' id='word_1_21' title='bbox 451 374 463 386; x_wconf 76' lang='lat'><strong><em>~</em></strong></span> <span class='ocrx_word' id='word_1_22' title='bbox 476 363 544 396; x_wconf 89' lang='lat' dir='ltr'><strong>Ubi,</strong></span> <span class='ocrx_word' id='word_1_23' title='bbox 561 371 577 391; x_wconf 94' lang='grc' dir='ltr'><strong>ο</strong></span> <span class='ocrx_word' id='word_1_24' title='bbox 597 371 683 397; x_wconf 89' lang='lat' dir='ltr'><strong>mors,</strong></span> <span class='ocrx_word' id='word_1_25' title='bbox 708 363 835 392; x_wconf 88' lang='lat' dir='ltr'><strong>stimulus</strong></span> <span class='ocrx_word' id='word_1_26' title='bbox 855 361 937 390; x_wconf 74' lang='lat' dir='ltr'><strong>tuus?</strong></span> <span class='ocrx_word' id='word_1_27' title='bbox 952 360 1011 395; x_wconf 88' lang='lat' dir='ltr'><strong>ubi,</strong></span> <span class='ocrx_word' id='word_1_28' title='bbox 1025 368 1041 387; x_wconf 94' lang='grc' dir='ltr'><strong>ο</strong></span> 
     </span>
    </p>
   </div>
   <div class='ocr_carea' id='block_1_6' title="bbox 245 407 1043 443">
    <p class='ocr_par' dir='ltr' id='par_1_6' title="bbox 245 407 1043 443">
     <span class='ocr_line' id='line_1_6' title="bbox 245 407 1043 443; baseline -0.004 -8"><span class='ocrx_word' id='word_1_29' title='bbox 245 407 359 443; x_wconf 82' lang='lat' dir='ltr'><strong>inferne,</strong></span> <span class='ocrx_word' id='word_1_30' title='bbox 375 407 490 436; x_wconf 81' lang='lat' dir='ltr'><strong>victoria</strong></span> <span class='ocrx_word' id='word_1_31' title='bbox 511 409 576 436; x_wconf 84' lang='lat' dir='ltr'><strong>tua?</strong></span> <span class='ocrx_word' id='word_1_32' title='bbox 591 421 603 433; x_wconf 74' lang='grc' dir='ltr'><strong>ιι</strong></span> <span class='ocrx_word' id='word_1_33' title='bbox 621 408 737 437; x_wconf 80' lang='lat' dir='ltr'><strong>Perinde</strong></span> <span class='ocrx_word' id='word_1_34' title='bbox 758 416 790 436; x_wconf 90' lang='lat' dir='ltr'><strong>ac</strong></span> <span class='ocrx_word' id='word_1_35' title='bbox 812 415 856 435; x_wconf 91' lang='lat' dir='ltr'><strong>res</strong></span> <span class='ocrx_word' id='word_1_36' title='bbox 877 410 964 443; x_wconf 79' lang='lat' dir='ltr'><strong>gestas</strong></span> <span class='ocrx_word' id='word_1_37' title='bbox 974 413 1043 433; x_wconf 88' lang='lat' dir='ltr'><strong>con-</strong></span> 
     </span>
    </p>
   </div>
   <div class='ocr_carea' id='block_1_7' title="bbox 245 449 1044 489">
    <p class='ocr_par' dir='ltr' id='par_1_7' title="bbox 245 449 1044 489">
     <span class='ocr_line' id='line_1_7' title="bbox 245 449 1044 489; baseline -0.005 -9"><span class='ocrx_word' id='word_1_38' title='bbox 245 452 391 488; x_wconf 89' lang='lat' dir='ltr'><strong>spexisset,</strong></span> <span class='ocrx_word' id='word_1_39' title='bbox 415 452 519 488; x_wconf 83' lang='lat' dir='ltr'><strong>impetu</strong></span> <span class='ocrx_word' id='word_1_40' title='bbox 540 453 633 481; x_wconf 89' lang='lat' dir='ltr'><strong>divino</strong></span> <span class='ocrx_word' id='word_1_41' title='bbox 653 454 782 489; x_wconf 86' lang='lat' dir='ltr'><strong>agitatus,</strong></span> <span class='ocrx_word' id='word_1_42' title='bbox 804 451 948 480; x_wconf 78' lang='lat' dir='ltr'><strong>victoriam</strong></span> <span class='ocrx_word' id='word_1_43' title='bbox 969 449 1044 478; x_wconf 83' lang='lat' dir='ltr'><strong>canit</strong></span> 
     </span>
    </p>
   </div>
   <div class='ocr_carea' id='block_1_8' title="bbox 246 495 1042 534">
    <p class='ocr_par' dir='ltr' id='par_1_8' title="bbox 246 495 1042 534">
     <span class='ocr_line' id='line_1_8' title="bbox 246 495 1042 534; baseline -0.003 -10"><span class='ocrx_word' id='word_1_44' title='bbox 246 501 275 525; x_wconf 88' lang='lat' dir='ltr'><strong>et</strong></span> <span class='ocrx_word' id='word_1_45' title='bbox 307 497 435 531; x_wconf 80' lang='lat' dir='ltr'><strong>exsultat,</strong></span> <span class='ocrx_word' id='word_1_46' title='bbox 466 497 550 526; x_wconf 87' lang='lat' dir='ltr'><strong>veluti</strong></span> <span class='ocrx_word' id='word_1_47' title='bbox 590 502 750 534; x_wconf 72' lang='lat' dir='ltr'><strong>prostratrze</strong></span> <span class='ocrx_word' id='word_1_48' title='bbox 781 496 864 525; x_wconf 84' lang='lat' dir='ltr'><strong>morti</strong></span> <span class='ocrx_word' id='word_1_49' title='bbox 898 495 1042 529; x_wconf 85' lang='lat' dir='ltr'><strong>insultans,</strong></span> 
     </span>
    </p>
   </div>
   <div class='ocr_carea' id='block_1_9' title="bbox 248 542 1046 578">
    <p class='ocr_par' dir='ltr' id='par_1_9' title="bbox 248 542 1046 578">
     <span class='ocr_line' id='line_1_9' title="bbox 248 542 1046 578; baseline -0.004 -8"><span class='ocrx_word' id='word_1_50' title='bbox 248 549 361 578; x_wconf 87' lang='lat' dir='ltr'><strong>eamque</strong></span> <span class='ocrx_word' id='word_1_51' title='bbox 375 542 492 578; x_wconf 88' lang='lat' dir='ltr'><strong>pedibus</strong></span> <span class='ocrx_word' id='word_1_52' title='bbox 513 543 688 571; x_wconf 84' lang='lat' dir='ltr'><strong>conculcans.</strong></span> <span class='ocrx_word' id='word_1_53' title='bbox 704 542 831 570; x_wconf 84' lang='lat' dir='ltr'><strong>Invenire</strong></span> <span class='ocrx_word' id='word_1_54' title='bbox 852 545 945 570; x_wconf 88' lang='lat' dir='ltr'><strong>autem</strong></span> <span class='ocrx_word' id='word_1_55' title='bbox 959 547 1046 576; x_wconf 85' lang='lat' dir='ltr'><strong>queas</strong></span> 
     </span>
    </p>
   </div>
   <div class='ocr_carea' id='block_1_10' title="bbox 248 586 1043 623">
    <p class='ocr_par' dir='ltr' id='par_1_10' title="bbox 248 586 1043 623">
     <span class='ocr_line' id='line_1_10' title="bbox 248 586 1043 623; baseline -0.003 -9"><span class='ocrx_word' id='word_1_56' title='bbox 248 586 396 615; x_wconf 86' lang='lat' dir='ltr'><strong>discrimen</strong></span> <span class='ocrx_word' id='word_1_57' title='bbox 414 586 558 623; x_wconf 87' lang='lat' dir='ltr'><strong>quoddam</strong></span> <span class='ocrx_word' id='word_1_58' title='bbox 583 588 656 616; x_wconf 84' lang='lat' dir='ltr'><strong>inter</strong></span> <span class='ocrx_word' id='word_1_59' title='bbox 676 587 814 616; x_wconf 86' lang='lat' dir='ltr'><strong>infernum</strong></span> <span class='ocrx_word' id='word_1_60' title='bbox 842 590 869 614; x_wconf 92' lang='lat' dir='ltr'><strong>et</strong></span> <span class='ocrx_word' id='word_1_61' title='bbox 892 589 1011 614; x_wconf 91' lang='lat' dir='ltr'><strong>mortem</strong></span> <span class='ocrx_word' id='word_1_62' title='bbox 1037 595 1043 612; x_wconf 90' lang='lat'><strong>:</strong></span> 
     </span>
    </p>
   </div>
   <div class='ocr_carea' id='block_1_11' title="bbox 248 631 1045 667">
    <p class='ocr_par' dir='ltr' id='par_1_11' title="bbox 248 631 1045 667">
     <span class='ocr_line' id='line_1_11' title="bbox 248 631 1045 667; baseline -0.001 -9"><span class='ocrx_word' id='word_1_63' title='bbox 248 631 384 660; x_wconf 88' lang='lat' dir='ltr'><strong>nimirum</strong></span> <span class='ocrx_word' id='word_1_64' title='bbox 394 631 468 667; x_wconf 89' lang='lat' dir='ltr'><strong>quod</strong></span> <span class='ocrx_word' id='word_1_65' title='bbox 479 631 603 660; x_wconf 82' lang='lat' dir='ltr'><strong>infernus</strong></span> <span class='ocrx_word' id='word_1_66' title='bbox 613 632 720 660; x_wconf 87' lang='lat' dir='ltr'><strong>animas</strong></span> <span class='ocrx_word' id='word_1_67' title='bbox 732 632 880 665; x_wconf 81' lang='lat' dir='ltr'><strong>contineat,</strong></span> <span class='ocrx_word' id='word_1_68' title='bbox 890 637 966 659; x_wconf 85' lang='lat' dir='ltr'><strong>mors</strong></span> <span class='ocrx_word' id='word_1_69' title='bbox 977 636 1045 657; x_wconf 86' lang='lat' dir='ltr'><strong>vero</strong></span> 
     </span>
    </p>
   </div>
   <div class='ocr_carea' id='block_1_12' title="bbox 249 676 854 712">
    <p class='ocr_par' dir='ltr' id='par_1_12' title="bbox 249 676 854 712">
     <span class='ocr_line' id='line_1_12' title="bbox 249 676 854 712; baseline 0 -8"><span class='ocrx_word' id='word_1_70' title='bbox 249 683 380 712; x_wconf 84' lang='lat' dir='ltr'><strong>corpora;</strong></span> <span class='ocrx_word' id='word_1_71' title='bbox 395 684 462 705; x_wconf 87' lang='lat' dir='ltr'><strong>nam</strong></span> <span class='ocrx_word' id='word_1_72' title='bbox 475 677 577 706; x_wconf 62' lang='lat' dir='ltr'><strong>anima</strong></span> <span class='ocrx_word' id='word_1_73' title='bbox 592 682 658 705; x_wconf 90' lang='lat' dir='ltr'><strong>sunt</strong></span> <span class='ocrx_word' id='word_1_74' title='bbox 671 676 854 705; x_wconf 73' lang='lat' dir='ltr'><strong>immortales.</strong></span> 
     </span>
    </p>
   </div>
   <div class='ocr_carea' id='block_1_13' title="bbox 286 722 1045 757">
    <p class='ocr_par' dir='ltr' id='par_1_13' title="bbox 286 722 1045 757">
     <span class='ocr_line' id='line_1_13' title="bbox 286 722 1045 757; baseline -0.003 -8"><span class='ocrx_word' id='word_1_75' title='bbox 286 723 376 751; x_wconf 74' lang='lat' dir='ltr'><strong>Vsus.</strong></span> <span class='ocrx_word' id='word_1_76' title='bbox 392 723 436 750; x_wconf 85' lang='lat'><strong>56.</strong></span> <span class='ocrx_word' id='word_1_77' title='bbox 452 733 464 746; x_wconf 75' lang='grc' dir='ltr'><strong>ε</strong></span> <span class='ocrx_word' id='word_1_78' title='bbox 477 722 609 750; x_wconf 84' lang='lat' dir='ltr'><strong>Stimulus</strong></span> <span class='ocrx_word' id='word_1_79' title='bbox 620 730 685 750; x_wconf 84' lang='lat' dir='ltr'><strong>vero</strong></span> <span class='ocrx_word' id='word_1_80' title='bbox 698 722 796 750; x_wconf 86' lang='lat' dir='ltr'><strong>mortis</strong></span> <span class='ocrx_word' id='word_1_81' title='bbox 807 724 949 757; x_wconf 88' lang='lat' dir='ltr'><strong>peccatum</strong></span> <span class='ocrx_word' id='word_1_82' title='bbox 962 723 1016 748; x_wconf 87' lang='lat' dir='ltr'><strong>est.</strong></span> <span class='ocrx_word' id='word_1_83' title='bbox 1032 731 1045 743; x_wconf 69' lang='grc' dir='ltr'>ι»</span> 
     </span>
    </p>
   </div>
   <div class='ocr_carea' id='block_1_14' title="bbox 250 764 1047 803">
    <p class='ocr_par' dir='ltr' id='par_1_14' title="bbox 250 764 1047 803">
     <span class='ocr_line' id='line_1_14' title="bbox 250 764 1047 803; baseline -0.003 -9"><span class='ocrx_word' id='word_1_84' title='bbox 250 767 305 794; x_wconf 90' lang='lat' dir='ltr'><strong>Per</strong></span> <span class='ocrx_word' id='word_1_85' title='bbox 313 766 382 794; x_wconf 90' lang='lat' dir='ltr'><strong>illud</strong></span> <span class='ocrx_word' id='word_1_86' title='bbox 391 767 465 794; x_wconf 89' lang='lat' dir='ltr'><strong>enim</strong></span> <span class='ocrx_word' id='word_1_87' title='bbox 477 771 574 803; x_wconf 87' lang='lat' dir='ltr'><strong>potens</strong></span> <span class='ocrx_word' id='word_1_88' title='bbox 584 766 647 801; x_wconf 84' lang='lat' dir='ltr'><strong>fuit,</strong></span> <span class='ocrx_word' id='word_1_89' title='bbox 658 766 716 803; x_wconf 89' lang='lat' dir='ltr'><strong>ipso</strong></span> <span class='ocrx_word' id='word_1_90' title='bbox 729 774 779 795; x_wconf 88' lang='lat' dir='ltr'><strong>ceu</strong></span> <span class='ocrx_word' id='word_1_91' title='bbox 788 765 873 794; x_wconf 91' lang='lat' dir='ltr'><strong>armis</strong></span> <span class='ocrx_word' id='word_1_92' title='bbox 882 764 1047 802; x_wconf 87' lang='lat' dir='ltr'><strong>quibusdam</strong></span> 
     </span>
    </p>
   </div>
   <div class='ocr_carea' id='block_1_15' title="bbox 252 809 1045 848">
    <p class='ocr_par' dir='ltr' id='par_1_15' title="bbox 252 809 1045 848">
     <span class='ocr_line' id='line_1_15' title="bbox 252 809 1045 848; baseline -0.004 -9"><span class='ocrx_word' id='word_1_93' title='bbox 252 815 280 839; x_wconf 92' lang='lat' dir='ltr'><strong>et</strong></span> <span class='ocrx_word' id='word_1_94' title='bbox 294 811 405 840; x_wconf 86' lang='lat' dir='ltr'><strong>stimulo</strong></span> <span class='ocrx_word' id='word_1_95' title='bbox 428 815 515 840; x_wconf 87' lang='lat' dir='ltr'><strong>utens.</strong></span> <span class='ocrx_word' id='word_1_96' title='bbox 532 811 650 840; x_wconf 87' lang='lat' dir='ltr'><strong>Perinde</strong></span> <span class='ocrx_word' id='word_1_97' title='bbox 665 819 785 848; x_wconf 85' lang='lat' dir='ltr'><strong>namque</strong></span> <span class='ocrx_word' id='word_1_98' title='bbox 802 815 834 839; x_wconf 90' lang='lat' dir='ltr'><strong>ut</strong></span> <span class='ocrx_word' id='word_1_99' title='bbox 847 811 972 846; x_wconf 86' lang='lat' dir='ltr'><strong>scorpius</strong></span> <span class='ocrx_word' id='word_1_100' title='bbox 986 809 1045 837; x_wconf 90' lang='lat' dir='ltr'><strong>ani-</strong></span> 
     </span>
    </p>
   </div>
   <div class='ocr_carea' id='block_1_16' title="bbox 253 854 1047 893">
    <p class='ocr_par' dir='ltr' id='par_1_16' title="bbox 253 854 1047 893">
     <span class='ocr_line' id='line_1_16' title="bbox 253 854 1047 893; baseline -0.004 -8"><span class='ocrx_word' id='word_1_101' title='bbox 253 857 400 885; x_wconf 87' lang='lat' dir='ltr'><strong>malculum</strong></span> <span class='ocrx_word' id='word_1_102' title='bbox 409 861 449 885; x_wconf 88' lang='lat' dir='ltr'><strong>est</strong></span> <span class='ocrx_word' id='word_1_103' title='bbox 459 857 598 893; x_wconf 85' lang='lat' dir='ltr'><strong>exiguum,</strong></span> <span class='ocrx_word' id='word_1_104' title='bbox 609 857 635 885; x_wconf 92' lang='lat' dir='ltr'><strong>in</strong></span> <span class='ocrx_word' id='word_1_105' title='bbox 646 857 739 885; x_wconf 88' lang='lat' dir='ltr'><strong>aculeo</strong></span> <span class='ocrx_word' id='word_1_106' title='bbox 751 860 845 884; x_wconf 88' lang='lat' dir='ltr'><strong>autem</strong></span> <span class='ocrx_word' id='word_1_107' title='bbox 852 856 938 884; x_wconf 86' lang='lat' dir='ltr'><strong>robur</strong></span> <span class='ocrx_word' id='word_1_108' title='bbox 947 854 1030 883; x_wconf 80' lang='lat' dir='ltr'><strong>habet</strong></span> <span class='ocrx_word' id='word_1_109' title='bbox 1040 863 1047 882; x_wconf 86' lang='lat'><strong>:</strong></span> 
     </span>
    </p>
   </div>
   <div class='ocr_carea' id='block_1_17' title="bbox 739 157 1850 189">
    <p class='ocr_par' dir='ltr' id='par_1_17' title="bbox 739 157 1850 189">
     <span class='ocr_line' id='line_1_17' title="bbox 739 157 1850 189; baseline -0.005 0"><span class='ocrx_word' id='word_1_110' title='bbox 739 161 996 189; x_wconf 81' lang='lat' dir='ltr'><strong>THEOPHYLACTI</strong></span> <span class='ocrx_word' id='word_1_111' title='bbox 1016 160 1192 189; x_wconf 64' lang='lat' dir='ltr'><strong>BULGARM‘]</strong></span> <span class='ocrx_word' id='word_1_112' title='bbox 1211 160 1368 188; x_wconf 79' lang='lat' dir='ltr'><strong>ARCHIEP.</strong></span> <span class='ocrx_word' id='word_1_113' title='bbox 1821 157 1850 183; x_wconf 72' lang='grc' dir='ltr'><strong>7δί</strong></span> 
     </span>
    </p>
   </div>
   <div class='ocr_carea' id='block_1_18' title="bbox 583 218 1050 263">
    <p class='ocr_par' dir='ltr' id='par_1_18' title="bbox 583 224 1040 261">
     <span class='ocr_line' id='line_1_18' title="bbox 583 224 1040 261; baseline 0 -10"><span class='ocrx_word' id='word_1_114' title='bbox 583 237 596 250; x_wconf 73' lang='grc' dir='ltr'><strong>ι</strong></span> <span class='ocrx_word' id='word_1_115' title='bbox 621 228 662 253; x_wconf 86' lang='lat' dir='ltr'><strong>est</strong></span> <span class='ocrx_word' id='word_1_116' title='bbox 682 225 713 252; x_wconf 89' lang='lat' dir='ltr'><strong>in</strong></span> <span class='ocrx_word' id='word_1_117' title='bbox 731 224 816 253; x_wconf 82' lang='lat' dir='ltr'><strong>ﬁnem</strong></span> <span class='ocrx_word' id='word_1_118' title='bbox 838 228 867 253; x_wconf 90' lang='lat' dir='ltr'><strong>et</strong></span> <span class='ocrx_word' id='word_1_119' title='bbox 890 224 984 261; x_wconf 89' lang='lat' dir='ltr'><strong>plene,</strong></span> <span class='ocrx_word' id='word_1_120' title='bbox 1011 228 1040 251; x_wconf 86' lang='lat' dir='ltr'><strong>ut</strong></span> 
     </span>
    </p>
   </div>
   <div class='ocr_carea' id='block_1_19' title="bbox 1110 218 1851 263">
    <p class='ocr_par' dir='ltr' id='par_1_19' title="bbox 1110 218 1851 263">
     <span class='ocr_line' id='line_1_19' title="bbox 1110 218 1851 263; baseline -0.009 -9"><span class='ocrx_word' id='word_1_121' title='bbox 1110 223 1175 254; x_wconf 60' lang='lat' dir='ltr'><strong>‘5’th</strong></span> <span class='ocrx_word' id='word_1_122' title='bbox 1199 223 1305 257; x_wconf 80' lang='grc' dir='ltr'><strong>τελείως</strong></span> <span class='ocrx_word' id='word_1_123' title='bbox 1327 223 1521 263; x_wconf 78' lang='grc' dir='ltr'>ἀφανισθῆναι,</span> <span class='ocrx_word' id='word_1_124' title='bbox 1546 219 1591 250; x_wconf 73' lang='grc' dir='ltr'>καὶ</span> <span class='ocrx_word' id='word_1_125' title='bbox 1615 219 1686 259; x_wconf 80' lang='grc' dir='ltr'>μηδὲ</span> <span class='ocrx_word' id='word_1_126' title='bbox 1711 218 1794 249; x_wconf 74' lang='grc' dir='ltr'>ἐλπίδα</span> <span class='ocrx_word' id='word_1_127' title='bbox 1812 220 1851 247; x_wconf 59' lang='grc' dir='ltr'>ὕπο-</span> 
     </span>
    </p>
   </div>
   <div class='ocr_carea' id='block_1_20' title="bbox 1095 264 1792 309">
    <p class='ocr_par' dir='ltr' id='par_1_20' title="bbox 1095 264 1792 309">
     <span class='ocr_line' id='line_1_20' title="bbox 1095 264 1792 309; baseline -0.006 -11"><span class='ocrx_word' id='word_1_128' title='bbox 1095 270 1234 309; x_wconf 77' lang='grc' dir='ltr'>λειφθῆναι</span> <span class='ocrx_word' id='word_1_129' title='bbox 1245 267 1271 287; x_wconf 87' lang='grc'><strong>⁹⁰</strong></span> <span class='ocrx_word' id='word_1_130' title='bbox 1286 269 1359 308; x_wconf 81' lang='grc' dir='ltr'>αὐτῷ</span> <span class='ocrx_word' id='word_1_131' title='bbox 1374 269 1420 297; x_wconf 78' lang='grc' dir='ltr'>τοῦ</span> <span class='ocrx_word' id='word_1_132' title='bbox 1433 267 1500 300; x_wconf 75' lang='grc' dir='ltr'>ὅλως</span> <span class='ocrx_word' id='word_1_133' title='bbox 1510 267 1623 305; x_wconf 76' lang='grc' dir='ltr'>ἰσχῦσαι</span> <span class='ocrx_word' id='word_1_134' title='bbox 1636 266 1684 294; x_wconf 78' lang='grc' dir='ltr'>τοῦ</span> <span class='ocrx_word' id='word_1_135' title='bbox 1699 264 1792 295; x_wconf 77' lang='grc' dir='ltr'>λοιποῦ.</span> 
     </span>
    </p>
   </div>
   <div class='ocr_carea' id='block_1_21' title="bbox 1141 355 1850 396">
    <p class='ocr_par' dir='ltr' id='par_1_21' title="bbox 1141 355 1850 396">
     <span class='ocr_line' id='line_1_21' title="bbox 1141 355 1850 396; baseline -0.004 -8"><span class='ocrx_word' id='word_1_136' title='bbox 1141 371 1156 388; x_wconf 78' lang='grc' dir='ltr'>(ί</span> <span class='ocrx_word' id='word_1_137' title='bbox 1178 361 1236 390; x_wconf 77' lang='grc' dir='ltr'>Ποῦ</span> <span class='ocrx_word' id='word_1_138' title='bbox 1251 371 1313 395; x_wconf 88' lang='grc' dir='ltr'>σου,</span> <span class='ocrx_word' id='word_1_139' title='bbox 1330 357 1440 393; x_wconf 84' lang='grc' dir='ltr'><strong>θάνατε,</strong></span> <span class='ocrx_word' id='word_1_140' title='bbox 1454 357 1484 386; x_wconf 78' lang='grc' dir='ltr'><strong>τὸ</strong></span> <span class='ocrx_word' id='word_1_141' title='bbox 1500 356 1626 396; x_wconf 81' lang='grc' dir='ltr'>κίντρον;</span> <span class='ocrx_word' id='word_1_142' title='bbox 1641 358 1694 386; x_wconf 76' lang='grc' dir='ltr'>ποῦ</span> <span class='ocrx_word' id='word_1_143' title='bbox 1707 366 1766 393; x_wconf 84' lang='grc' dir='ltr'>σου,</span> <span class='ocrx_word' id='word_1_144' title='bbox 1777 355 1824 396; x_wconf 72' lang='grc' dir='ltr'>ᾇδη,</span> <span class='ocrx_word' id='word_1_145' title='bbox 1834 357 1850 385; x_wconf 68' lang='grc' dir='ltr'>τὲ</span> 
     </span>
    </p>
   </div>
   <div class='ocr_carea' id='block_1_22' title="bbox 1096 400 1852 441">
    <p class='ocr_par' dir='ltr' id='par_1_22' title="bbox 1096 400 1852 441">
     <span class='ocr_line' id='line_1_22' title="bbox 1096 400 1852 441; baseline -0.007 -7"><span class='ocrx_word' id='word_1_146' title='bbox 1096 405 1179 441; x_wconf 62' lang='grc' dir='ltr'>νῖκος</span> <span class='ocrx_word' id='word_1_147' title='bbox 1202 417 1214 430; x_wconf 78' lang='grc' dir='ltr'><strong><em>ι</em></strong></span> <span class='ocrx_word' id='word_1_148' title='bbox 1234 402 1347 434; x_wconf 73' lang='grc' dir='ltr'>Ὠσανεὶ</span> <span class='ocrx_word' id='word_1_149' title='bbox 1371 402 1500 441; x_wconf 85' lang='grc' dir='ltr'>γενόμενα</span> <span class='ocrx_word' id='word_1_150' title='bbox 1523 401 1585 430; x_wconf 82' lang='grc' dir='ltr'>ἰδὼν</span> <span class='ocrx_word' id='word_1_151' title='bbox 1608 400 1645 430; x_wconf 73' lang='grc' dir='ltr'><strong>τὰ</strong></span> <span class='ocrx_word' id='word_1_152' title='bbox 1668 400 1815 440; x_wconf 75' lang='grc' dir='ltr'>πράγματα,</span> <span class='ocrx_word' id='word_1_153' title='bbox 1829 402 1852 429; x_wconf 77' lang='grc' dir='ltr'><strong>ὲν·</strong></span> 
     </span>
    </p>
   </div>
   <div class='ocr_carea' id='block_1_23' title="bbox 1097 444 1851 490">
    <p class='ocr_par' dir='ltr' id='par_1_23' title="bbox 1097 444 1851 490">
     <span class='ocr_line' id='line_1_23' title="bbox 1097 444 1851 490; baseline -0.005 -11"><span class='ocrx_word' id='word_1_154' title='bbox 1097 452 1206 490; x_wconf 80' lang='grc' dir='ltr'>θουσιᾷ,</span> <span class='ocrx_word' id='word_1_155' title='bbox 1222 449 1267 479; x_wconf 84' lang='grc' dir='ltr'><strong>καὶ</strong></span> <span class='ocrx_word' id='word_1_156' title='bbox 1289 446 1415 477; x_wconf 81' lang='grc' dir='ltr'>ἐπινίκιον</span> <span class='ocrx_word' id='word_1_157' title='bbox 1430 449 1496 487; x_wconf 80' lang='grc' dir='ltr'>βοᾷ,</span> <span class='ocrx_word' id='word_1_158' title='bbox 1512 446 1559 475; x_wconf 85' lang='grc' dir='ltr'><strong>καὶ</strong></span> <span class='ocrx_word' id='word_1_159' title='bbox 1580 444 1725 490; x_wconf 81' lang='grc' dir='ltr'>ἀλαλάζει,</span> <span class='ocrx_word' id='word_1_160' title='bbox 1738 445 1803 474; x_wconf 78' lang='grc' dir='ltr'>οἱονεὶ</span> <span class='ocrx_word' id='word_1_161' title='bbox 1818 457 1851 475; x_wconf 74' lang='grc' dir='ltr'>ιιι-</span> 
     </span>
    </p>
   </div>
   <div class='ocr_carea' id='block_1_24' title="bbox 1099 489 1852 534">
    <p class='ocr_par' dir='ltr' id='par_1_24' title="bbox 1099 489 1852 534">
     <span class='ocr_line' id='line_1_24' title="bbox 1099 489 1852 534; baseline -0.007 -11"><span class='ocrx_word' id='word_1_162' title='bbox 1099 493 1170 534; x_wconf 78' lang='grc' dir='ltr'>μένῳ</span> <span class='ocrx_word' id='word_1_163' title='bbox 1192 495 1231 533; x_wconf 79' lang='grc' dir='ltr'>τῷ</span> <span class='ocrx_word' id='word_1_164' title='bbox 1253 492 1359 532; x_wconf 80' lang='grc' dir='ltr'><strong>θανάτῳ</strong></span> <span class='ocrx_word' id='word_1_165' title='bbox 1381 491 1569 530; x_wconf 78' lang='grc' dir='ltr'>ἐπεμϐαίνων,</span> <span class='ocrx_word' id='word_1_166' title='bbox 1593 489 1642 520; x_wconf 74' lang='grc' dir='ltr'>καὶ</span> <span class='ocrx_word' id='word_1_167' title='bbox 1665 491 1808 519; x_wconf 78' lang='grc' dir='ltr'>καταπατῶν</span> <span class='ocrx_word' id='word_1_168' title='bbox 1825 492 1852 518; x_wconf 66' lang='grc' dir='ltr'><strong>αὖ·</strong></span> 
     </span>
    </p>
   </div>
   <div class='ocr_carea' id='block_1_25' title="bbox 1097 534 1853 579">
    <p class='ocr_par' dir='ltr' id='par_1_25' title="bbox 1097 534 1853 579">
     <span class='ocr_line' id='line_1_25' title="bbox 1097 534 1853 579; baseline -0.007 -11"><span class='ocrx_word' id='word_1_169' title='bbox 1097 538 1154 570; x_wconf 86' lang='grc' dir='ltr'>τόν.</span> <span class='ocrx_word' id='word_1_170' title='bbox 1174 538 1269 579; x_wconf 81' lang='grc' dir='ltr'>Εὕροις</span> <span class='ocrx_word' id='word_1_171' title='bbox 1289 536 1313 566; x_wconf 81' lang='grc' dir='ltr'><strong>δ’</strong></span> <span class='ocrx_word' id='word_1_172' title='bbox 1330 537 1361 567; x_wconf 88' lang='grc' dir='ltr'><strong>ἂν</strong></span> <span class='ocrx_word' id='word_1_173' title='bbox 1383 535 1510 577; x_wconf 80' lang='grc' dir='ltr'>διαφοράν</span> <span class='ocrx_word' id='word_1_174' title='bbox 1524 547 1584 565; x_wconf 86' lang='grc' dir='ltr'>τινα</span> <span class='ocrx_word' id='word_1_175' title='bbox 1606 534 1674 576; x_wconf 74' lang='grc' dir='ltr'>ᾅδου</span> <span class='ocrx_word' id='word_1_176' title='bbox 1695 534 1738 564; x_wconf 77' lang='grc' dir='ltr'><strong>καὶ</strong></span> <span class='ocrx_word' id='word_1_177' title='bbox 1759 534 1853 570; x_wconf 70' lang='grc' dir='ltr'>Θανάτου,</span> 
     </span>
    </p>
   </div>
   <div class='ocr_carea' id='block_1_26' title="bbox 1099 580 1854 625">
    <p class='ocr_par' dir='ltr' id='par_1_26' title="bbox 1099 580 1854 625">
     <span class='ocr_line' id='line_1_26' title="bbox 1099 580 1854 625; baseline -0.005 -12"><span class='ocrx_word' id='word_1_178' title='bbox 1099 586 1137 625; x_wconf 79' lang='grc' dir='ltr'><strong>τῷ</strong></span> <span class='ocrx_word' id='word_1_179' title='bbox 1156 583 1200 613; x_wconf 79' lang='grc' dir='ltr'><strong>τὸν</strong></span> <span class='ocrx_word' id='word_1_180' title='bbox 1227 581 1275 622; x_wconf 81' lang='grc' dir='ltr'><strong>μὲν</strong></span> <span class='ocrx_word' id='word_1_181' title='bbox 1297 583 1362 623; x_wconf 73' lang='grc' dir='ltr'>ᾅδην</span> <span class='ocrx_word' id='word_1_182' title='bbox 1378 581 1424 616; x_wconf 85' lang='grc' dir='ltr'><strong>τὰς</strong></span> <span class='ocrx_word' id='word_1_183' title='bbox 1439 581 1526 622; x_wconf 79' lang='grc' dir='ltr'>ψυχὰς</span> <span class='ocrx_word' id='word_1_184' title='bbox 1542 580 1669 620; x_wconf 79' lang='grc' dir='ltr'><strong>κατέχειν</strong></span> <span class='ocrx_word' id='word_1_185' title='bbox 1683 591 1690 599; x_wconf 81' lang='grc'><em>’</em></span> <span class='ocrx_word' id='word_1_186' title='bbox 1705 580 1746 610; x_wconf 80' lang='grc' dir='ltr'><strong>τὸν</strong></span> <span class='ocrx_word' id='word_1_187' title='bbox 1763 580 1785 609; x_wconf 80' lang='grc' dir='ltr'>δὲ</span> <span class='ocrx_word' id='word_1_188' title='bbox 1802 580 1854 609; x_wconf 70' lang='grc' dir='ltr'>θάνα-</span> 
     </span>
    </p>
   </div>
   <div class='ocr_carea' id='block_1_27' title="bbox 1099 626 1717 668">
    <p class='ocr_par' dir='ltr' id='par_1_27' title="bbox 1099 626 1717 668">
     <span class='ocr_line' id='line_1_27' title="bbox 1099 626 1717 668; baseline -0.005 -10"><span class='ocrx_word' id='word_1_189' title='bbox 1099 640 1144 658; x_wconf 86' lang='grc' dir='ltr'><strong>τον</strong></span> <span class='ocrx_word' id='word_1_190' title='bbox 1154 652 1162 668; x_wconf 80' lang='grc'><strong>,</strong></span> <span class='ocrx_word' id='word_1_191' title='bbox 1177 628 1212 658; x_wconf 82' lang='grc' dir='ltr'><strong>τὰ</strong></span> <span class='ocrx_word' id='word_1_192' title='bbox 1226 627 1350 666; x_wconf 82' lang='grc' dir='ltr'>σώματα·</span> <span class='ocrx_word' id='word_1_193' title='bbox 1367 628 1394 656; x_wconf 77' lang='grc' dir='ltr'>αἱ</span> <span class='ocrx_word' id='word_1_194' title='bbox 1408 626 1459 666; x_wconf 76' lang='grc' dir='ltr'><strong>γὰρ</strong></span> <span class='ocrx_word' id='word_1_195' title='bbox 1475 626 1560 666; x_wconf 70' lang='grc' dir='ltr'>ψυχαὶ</span> <span class='ocrx_word' id='word_1_196' title='bbox 1577 626 1717 655; x_wconf 78' lang='grc' dir='ltr'>ἀθάνατοι.</span> 
     </span>
    </p>
   </div>
   <div class='ocr_carea' id='block_1_28' title="bbox 1140 715 1854 757">
    <p class='ocr_par' dir='ltr' id='par_1_28' title="bbox 1140 715 1854 757">
     <span class='ocr_line' id='line_1_28' title="bbox 1140 715 1854 757; baseline -0.003 -10"><span class='ocrx_word' id='word_1_197' title='bbox 1140 733 1153 747; x_wconf 73' lang='grc' dir='ltr'><strong>α</strong></span> <span class='ocrx_word' id='word_1_198' title='bbox 1175 719 1216 750; x_wconf 86' lang='grc' dir='ltr'><strong>Τὸ</strong></span> <span class='ocrx_word' id='word_1_199' title='bbox 1239 718 1266 748; x_wconf 80' lang='grc' dir='ltr'><strong>δὲ</strong></span> <span class='ocrx_word' id='word_1_200' title='bbox 1289 717 1396 757; x_wconf 78' lang='grc' dir='ltr'>κέντρον</span> <span class='ocrx_word' id='word_1_201' title='bbox 1412 719 1458 747; x_wconf 69' lang='grc' dir='ltr'><strong>τοῦ</strong></span> <span class='ocrx_word' id='word_1_202' title='bbox 1478 716 1610 756; x_wconf 80' lang='grc' dir='ltr'><strong>Θανάτου,</strong></span> <span class='ocrx_word' id='word_1_203' title='bbox 1627 718 1646 752; x_wconf 80' lang='grc' dir='ltr'><strong>ἡ</strong></span> <span class='ocrx_word' id='word_1_204' title='bbox 1669 715 1787 756; x_wconf 74' lang='grc' dir='ltr'>ἁμαρτία.</span> <span class='ocrx_word' id='word_1_205' title='bbox 1805 728 1815 741; x_wconf 78' lang='grc' dir='ltr'>ι</span> <span class='ocrx_word' id='word_1_206' title='bbox 1830 717 1854 746; x_wconf 84' lang='grc' dir='ltr'><strong>Δι’</strong></span> 
     </span>
    </p>
   </div>
   <div class='ocr_carea' id='block_1_29' title="bbox 1102 760 1852 804">
    <p class='ocr_par' dir='ltr' id='par_1_29' title="bbox 1102 760 1852 804">
     <span class='ocr_line' id='line_1_29' title="bbox 1102 760 1852 804; baseline -0.007 -10"><span class='ocrx_word' id='word_1_207' title='bbox 1102 766 1184 800; x_wconf 73' lang='grc' dir='ltr'>αὐτῆς</span> <span class='ocrx_word' id='word_1_208' title='bbox 1207 762 1258 804; x_wconf 80' lang='grc' dir='ltr'><strong>γὰρ</strong></span> <span class='ocrx_word' id='word_1_209' title='bbox 1283 762 1376 803; x_wconf 73' lang='grc' dir='ltr'>ἴσχυεν</span> <span class='ocrx_word' id='word_1_210' title='bbox 1385 762 1424 800; x_wconf 77' lang='grc'><strong>⁹⁴,</strong></span> <span class='ocrx_word' id='word_1_211' title='bbox 1447 762 1522 802; x_wconf 80' lang='grc' dir='ltr'>ὅπλῳ</span> <span class='ocrx_word' id='word_1_212' title='bbox 1544 761 1596 791; x_wconf 82' lang='grc' dir='ltr'>τινὶ</span> <span class='ocrx_word' id='word_1_213' title='bbox 1618 761 1665 791; x_wconf 76' lang='grc' dir='ltr'>καὶ</span> <span class='ocrx_word' id='word_1_214' title='bbox 1689 761 1780 801; x_wconf 78' lang='grc' dir='ltr'>κέντρῳ</span> <span class='ocrx_word' id='word_1_215' title='bbox 1797 760 1852 797; x_wconf 61' lang='lat' dir='ltr'><strong>min</strong></span> 
     </span>
    </p>
   </div>
   <div class='ocr_carea' id='block_1_30' title="bbox 1101 805 1855 851">
    <p class='ocr_par' dir='ltr' id='par_1_30' title="bbox 1101 805 1855 851">
     <span class='ocr_line' id='line_1_30' title="bbox 1101 805 1855 851; baseline -0.008 -12"><span class='ocrx_word' id='word_1_216' title='bbox 1101 809 1249 851; x_wconf 85' lang='grc' dir='ltr'>χρώμενος.</span> <span class='ocrx_word' id='word_1_217' title='bbox 1275 807 1382 848; x_wconf 82' lang='grc' dir='ltr'>Ὠσπερ</span> <span class='ocrx_word' id='word_1_218' title='bbox 1398 807 1458 848; x_wconf 75' lang='grc' dir='ltr'>’γὰρ</span> <span class='ocrx_word' id='word_1_219' title='bbox 1485 809 1499 836; x_wconf 85' lang='grc' dir='ltr'><strong>ὁ</strong></span> <span class='ocrx_word' id='word_1_220' title='bbox 1525 806 1654 847; x_wconf 77' lang='grc' dir='ltr'><strong>σκορπίος</strong></span> <span class='ocrx_word' id='word_1_221' title='bbox 1677 805 1748 840; x_wconf 72' lang='grc' dir='ltr'>αὐτὸς</span> <span class='ocrx_word' id='word_1_222' title='bbox 1765 805 1855 851; x_wconf 34' lang='lat' dir='ltr'><strong>ninia:</strong></span> 
     </span>
    </p>
   </div>
   <div class='ocr_carea' id='block_1_31' title="bbox 1103 850 1856 894">
    <p class='ocr_par' dir='ltr' id='par_1_31' title="bbox 1103 850 1856 894">
     <span class='ocr_line' id='line_1_31' title="bbox 1103 850 1856 894; baseline -0.023 -10"><span class='ocrx_word' id='word_1_223' title='bbox 1103 850 1216 894; x_wconf 63' lang='grc' dir='ltr'>ζωύφιόν</span> <span class='ocrx_word' id='word_1_224' title='bbox 1230 865 1256 883; x_wconf 87' lang='grc' dir='ltr'><strong>τι</strong></span> <span class='ocrx_word' id='word_1_225' title='bbox 1273 853 1383 892; x_wconf 81' lang='grc' dir='ltr'>μικρὸν,</span> <span class='ocrx_word' id='word_1_226' title='bbox 1402 853 1429 882; x_wconf 76' lang='grc' dir='ltr'><strong>εν</strong></span> <span class='ocrx_word' id='word_1_227' title='bbox 1446 852 1473 882; x_wconf 80' lang='grc' dir='ltr'><strong>δὲ</strong></span> <span class='ocrx_word' id='word_1_228' title='bbox 1487 853 1526 892; x_wconf 80' lang='grc' dir='ltr'><strong>τῷ</strong></span> <span class='ocrx_word' id='word_1_229' title='bbox 1540 852 1646 891; x_wconf 78' lang='grc' dir='ltr'>κέντρῳ</span> <span class='ocrx_word' id='word_1_230' title='bbox 1664 851 1711 887; x_wconf 70' lang='grc' dir='ltr'><strong>τὴν</strong></span> <span class='ocrx_word' id='word_1_231' title='bbox 1726 850 1791 890; x_wconf 51' lang='grc' dir='ltr'><strong>ιιι-ιδ,</strong></span> <span class='ocrx_word' id='word_1_232' title='bbox 1809 850 1856 889; x_wconf 60' lang='grc' dir='ltr'><strong>ἔχει.</strong></span> 
     </span>
    </p>
   </div>
   <div class='ocr_carea' id='block_1_32' title="bbox 251 895 1050 938">
    <p class='ocr_par' dir='ltr' id='par_1_32' title="bbox 251 899 1050 938">
     <span class='ocr_line' id='line_1_32' title="bbox 251 899 1050 938; baseline -0.004 -9"><span class='ocrx_word' id='word_1_233' title='bbox 251 901 424 930; x_wconf 86' lang='lat' dir='ltr'><strong>consimilem</strong></span> <span class='ocrx_word' id='word_1_234' title='bbox 432 901 466 930; x_wconf 87' lang='lat' dir='ltr'><strong>ad</strong></span> <span class='ocrx_word' id='word_1_235' title='bbox 472 902 606 930; x_wconf 86' lang='lat' dir='ltr'><strong>rationem</strong></span> <span class='ocrx_word' id='word_1_236' title='bbox 616 909 692 929; x_wconf 87' lang='lat' dir='ltr'><strong>mors</strong></span> <span class='ocrx_word' id='word_1_237' title='bbox 698 909 746 938; x_wconf 89' lang='lat' dir='ltr'><strong>per</strong></span> <span class='ocrx_word' id='word_1_238' title='bbox 757 904 932 937; x_wconf 89' lang='lat' dir='ltr'><strong>peccatorum</strong></span> <span class='ocrx_word' id='word_1_239' title='bbox 938 899 1050 928; x_wconf 89' lang='lat' dir='ltr'><strong>robusta</strong></span> 
     </span>
    </p>
   </div>
   <div class='ocr_carea' id='block_1_33' title="bbox 1110 895 1856 938">
    <p class='ocr_par' dir='ltr' id='par_1_33' title="bbox 1110 895 1856 936">
     <span class='ocr_line' id='line_1_33' title="bbox 1110 895 1856 936; baseline -0.008 -7"><span class='ocrx_word' id='word_1_240' title='bbox 1110 899 1173 930; x_wconf 77' lang='grc' dir='ltr'><strong>&gt;ῧτω</strong></span> <span class='ocrx_word' id='word_1_241' title='bbox 1193 899 1241 929; x_wconf 74' lang='grc' dir='ltr'>καὶ</span> <span class='ocrx_word' id='word_1_242' title='bbox 1254 900 1267 927; x_wconf 84' lang='grc' dir='ltr'>ὁ</span> <span class='ocrx_word' id='word_1_243' title='bbox 1284 898 1395 931; x_wconf 78' lang='grc' dir='ltr'>θάνατος</span> <span class='ocrx_word' id='word_1_244' title='bbox 1410 897 1454 927; x_wconf 79' lang='grc' dir='ltr'><strong>διὰ</strong></span> <span class='ocrx_word' id='word_1_245' title='bbox 1468 899 1515 933; x_wconf 79' lang='grc' dir='ltr'><strong>τῆς</strong></span> <span class='ocrx_word' id='word_1_246' title='bbox 1535 896 1673 936; x_wconf 77' lang='grc' dir='ltr'>ἁμαρτίας</span> <span class='ocrx_word' id='word_1_247' title='bbox 1691 895 1787 936; x_wconf 80' lang='grc' dir='ltr'>ἴσχυεν,</span> <span class='ocrx_word' id='word_1_248' title='bbox 1801 895 1856 926; x_wconf 74' lang='grc' dir='ltr'>ἄλλως</span> 
     </span>
    </p>
   </div>
   <div class='ocr_carea' id='block_1_34' title="bbox 252 945 1049 984">
    <p class='ocr_par' dir='ltr' id='par_1_34' title="bbox 252 945 1049 984">
     <span class='ocr_line' id='line_1_34' title="bbox 252 945 1049 984; baseline -0.004 -10"><span class='ocrx_word' id='word_1_249' title='bbox 252 946 316 982; x_wconf 80' lang='lat' dir='ltr'><strong>fuit,</strong></span> <span class='ocrx_word' id='word_1_250' title='bbox 335 946 402 974; x_wconf 89' lang='lat' dir='ltr'><strong>alias</strong></span> <span class='ocrx_word' id='word_1_251' title='bbox 423 945 562 975; x_wconf 81' lang='lat' dir='ltr'><strong>inefﬁcax.</strong></span> <span class='ocrx_word' id='word_1_252' title='bbox 584 948 758 984; x_wconf 81' lang='lat' dir='ltr'><strong>Argumento</strong></span> <span class='ocrx_word' id='word_1_253' title='bbox 777 950 819 974; x_wconf 90' lang='lat' dir='ltr'><strong>est</strong></span> <span class='ocrx_word' id='word_1_254' title='bbox 841 945 978 973; x_wconf 91' lang='lat' dir='ltr'><strong>Dominus</strong></span> <span class='ocrx_word' id='word_1_255' title='bbox 995 952 1049 972; x_wconf 92' lang='lat' dir='ltr'><strong>no-</strong></span> 
     </span>
    </p>
   </div>
   <div class='ocr_carea' id='block_1_35' title="bbox 251 988 1049 1027">
    <p class='ocr_par' dir='ltr' id='par_1_35' title="bbox 251 988 1049 1027">
     <span class='ocr_line' id='line_1_35' title="bbox 251 988 1049 1027; baseline -0.004 -8"><span class='ocrx_word' id='word_1_256' title='bbox 251 995 308 1019; x_wconf 89' lang='lat' dir='ltr'><strong>ster</strong></span> <span class='ocrx_word' id='word_1_257' title='bbox 322 1000 329 1020; x_wconf 94' lang='lat'><strong>:</strong></span> <span class='ocrx_word' id='word_1_258' title='bbox 342 999 405 1019; x_wconf 92' lang='lat' dir='ltr'><strong>cum</strong></span> <span class='ocrx_word' id='word_1_259' title='bbox 419 992 492 1019; x_wconf 89' lang='lat' dir='ltr'><strong>enim</strong></span> <span class='ocrx_word' id='word_1_260' title='bbox 505 999 581 1020; x_wconf 90' lang='lat' dir='ltr'><strong>mors</strong></span> <span class='ocrx_word' id='word_1_261' title='bbox 595 991 624 1019; x_wconf 91' lang='lat' dir='ltr'><strong>in</strong></span> <span class='ocrx_word' id='word_1_262' title='bbox 638 992 697 1027; x_wconf 89' lang='lat' dir='ltr'><strong>ipso</strong></span> <span class='ocrx_word' id='word_1_263' title='bbox 712 995 854 1027; x_wconf 86' lang='lat' dir='ltr'><strong>peccatum</strong></span> <span class='ocrx_word' id='word_1_264' title='bbox 868 997 924 1018; x_wconf 89' lang='lat' dir='ltr'><strong>non</strong></span> <span class='ocrx_word' id='word_1_265' title='bbox 943 988 1049 1017; x_wconf 88' lang='lat' dir='ltr'><strong>inveni-</strong></span> 
     </span>
    </p>
   </div>
   <div class='ocr_carea' id='block_1_36' title="bbox 252 1035 573 1070">
    <p class='ocr_par' dir='ltr' id='par_1_36' title="bbox 252 1035 573 1070">
     <span class='ocr_line' id='line_1_36' title="bbox 252 1035 573 1070; baseline 0.003 -7"><span class='ocrx_word' id='word_1_266' title='bbox 252 1040 306 1070; x_wconf 87' lang='lat' dir='ltr'><strong>ret,</strong></span> <span class='ocrx_word' id='word_1_267' title='bbox 320 1035 446 1064; x_wconf 82' lang='lat' dir='ltr'><strong>inefiicax</strong></span> <span class='ocrx_word' id='word_1_268' title='bbox 459 1037 573 1064; x_wconf 85' lang='lat' dir='ltr'><strong>mansit.</strong></span> 
     </span>
    </p>
   </div>
   <div class='ocr_carea' id='block_1_37' title="bbox 290 1078 1049 1117">
    <p class='ocr_par' dir='ltr' id='par_1_37' title="bbox 290 1078 1049 1117">
     <span class='ocr_line' id='line_1_37' title="bbox 290 1078 1049 1117; baseline -0.003 -9"><span class='ocrx_word' id='word_1_269' title='bbox 290 1092 303 1105; x_wconf 75' lang='grc' dir='ltr'><strong>ε</strong></span> <span class='ocrx_word' id='word_1_270' title='bbox 316 1081 411 1109; x_wconf 84' lang='lat' dir='ltr'><strong>Virtus</strong></span> <span class='ocrx_word' id='word_1_271' title='bbox 423 1085 517 1109; x_wconf 85' lang='lat' dir='ltr'><strong>autem</strong></span> <span class='ocrx_word' id='word_1_272' title='bbox 525 1081 627 1117; x_wconf 87' lang='lat' dir='ltr'><strong>peccati</strong></span> <span class='ocrx_word' id='word_1_273' title='bbox 642 1081 697 1109; x_wconf 87' lang='lat' dir='ltr'><strong>lex.</strong></span> <span class='ocrx_word' id='word_1_274' title='bbox 714 1093 726 1106; x_wconf 79' lang='grc'><strong>1</strong></span> <span class='ocrx_word' id='word_1_275' title='bbox 739 1080 901 1116; x_wconf 82' lang='lat' dir='ltr'><strong>Quomodo?</strong></span> <span class='ocrx_word' id='word_1_276' title='bbox 914 1078 1049 1114; x_wconf 88' lang='lat' dir='ltr'><strong>Quoniam</strong></span> 
     </span>
    </p>
   </div>
   <div class='ocr_carea' id='block_1_38' title="bbox 253 1125 1050 1162">
    <p class='ocr_par' dir='ltr' id='par_1_38' title="bbox 253 1125 1050 1162">
     <span class='ocr_line' id='line_1_38' title="bbox 253 1125 1050 1162; baseline -0.003 -10"><span class='ocrx_word' id='word_1_277' title='bbox 253 1125 276 1153; x_wconf 88' lang='lat' dir='ltr'><strong>si</strong></span> <span class='ocrx_word' id='word_1_278' title='bbox 291 1125 336 1153; x_wconf 90' lang='lat' dir='ltr'><strong>lex</strong></span> <span class='ocrx_word' id='word_1_279' title='bbox 361 1133 418 1154; x_wconf 91' lang='lat' dir='ltr'><strong>non</strong></span> <span class='ocrx_word' id='word_1_280' title='bbox 446 1130 528 1160; x_wconf 86' lang='lat' dir='ltr'><strong>esset,</strong></span> <span class='ocrx_word' id='word_1_281' title='bbox 553 1134 600 1162; x_wconf 91' lang='lat' dir='ltr'><strong>per</strong></span> <span class='ocrx_word' id='word_1_282' title='bbox 619 1126 804 1162; x_wconf 79' lang='lat' dir='ltr'><strong>ignorantiam</strong></span> <span class='ocrx_word' id='word_1_283' title='bbox 826 1128 971 1161; x_wconf 85' lang='lat' dir='ltr'><strong>peccantes</strong></span> <span class='ocrx_word' id='word_1_284' title='bbox 994 1131 1050 1151; x_wconf 90' lang='lat' dir='ltr'><strong>non</strong></span> 
     </span>
    </p>
   </div>
   <div class='ocr_carea' id='block_1_39' title="bbox 253 1168 1048 1206">
    <p class='ocr_par' dir='ltr' id='par_1_39' title="bbox 253 1168 1048 1206">
     <span class='ocr_line' id='line_1_39' title="bbox 253 1168 1048 1206; baseline -0.001 -9"><span class='ocrx_word' id='word_1_285' title='bbox 253 1170 292 1197; x_wconf 86' lang='lat' dir='ltr'><strong>sic</strong></span> <span class='ocrx_word' id='word_1_286' title='bbox 306 1170 564 1199; x_wconf 90' lang='lat' dir='ltr'><strong>condemnaremur.</strong></span> <span class='ocrx_word' id='word_1_287' title='bbox 579 1172 637 1199; x_wconf 85' lang='lat' dir='ltr'><strong>Lex</strong></span> <span class='ocrx_word' id='word_1_288' title='bbox 650 1174 741 1198; x_wconf 88' lang='lat' dir='ltr'><strong>autem</strong></span> <span class='ocrx_word' id='word_1_289' title='bbox 757 1170 848 1206; x_wconf 88' lang='lat' dir='ltr'><strong>ipsum</strong></span> <span class='ocrx_word' id='word_1_290' title='bbox 861 1168 1048 1197; x_wconf 80' lang='lat' dir='ltr'><strong>manifestans.</strong></span> 
     </span>
    </p>
   </div>
   <div class='ocr_carea' id='block_1_40' title="bbox 254 1213 1050 1252">
    <p class='ocr_par' dir='ltr' id='par_1_40' title="bbox 254 1213 1050 1252">
     <span class='ocr_line' id='line_1_40' title="bbox 254 1213 1050 1252; baseline -0.004 -9"><span class='ocrx_word' id='word_1_291' title='bbox 254 1223 307 1243; x_wconf 90' lang='lat' dir='ltr'><strong>nos</strong></span> <span class='ocrx_word' id='word_1_292' title='bbox 320 1215 407 1252; x_wconf 83' lang='lat' dir='ltr'><strong>magis</strong></span> <span class='ocrx_word' id='word_1_293' title='bbox 419 1215 622 1250; x_wconf 83' lang='lat' dir='ltr'><strong>condemnavit,</strong></span> <span class='ocrx_word' id='word_1_294' title='bbox 637 1215 736 1252; x_wconf 88' lang='lat' dir='ltr'><strong>quippe</strong></span> <span class='ocrx_word' id='word_1_295' title='bbox 759 1215 808 1250; x_wconf 93' lang='lat' dir='ltr'><strong>qui</strong></span> <span class='ocrx_word' id='word_1_296' title='bbox 830 1214 946 1243; x_wconf 81' lang='lat' dir='ltr'><strong>scienter</strong></span> <span class='ocrx_word' id='word_1_297' title='bbox 964 1213 1050 1241; x_wconf 89' lang='lat' dir='ltr'><strong>delin-</strong></span> 
     </span>
    </p>
   </div>
   <div class='ocr_carea' id='block_1_41' title="bbox 255 1258 1052 1297">
    <p class='ocr_par' dir='ltr' id='par_1_41' title="bbox 255 1258 1052 1297">
     <span class='ocr_line' id='line_1_41' title="bbox 255 1258 1052 1297; baseline -0.005 -8"><span class='ocrx_word' id='word_1_298' title='bbox 255 1268 372 1297; x_wconf 84' lang='lat' dir='ltr'><strong>quamus</strong></span> <span class='ocrx_word' id='word_1_299' title='bbox 400 1270 406 1288; x_wconf 92' lang='lat'><strong>:</strong></span> <span class='ocrx_word' id='word_1_300' title='bbox 427 1259 553 1297; x_wconf 84' lang='lat' dir='ltr'><strong>forteque</strong></span> <span class='ocrx_word' id='word_1_301' title='bbox 566 1265 711 1297; x_wconf 86' lang='lat' dir='ltr'><strong>peccatum</strong></span> <span class='ocrx_word' id='word_1_302' title='bbox 735 1259 810 1293; x_wconf 83' lang='lat' dir='ltr'><strong>facit,</strong></span> <span class='ocrx_word' id='word_1_303' title='bbox 831 1267 888 1288; x_wconf 89' lang='lat' dir='ltr'><strong>non</strong></span> <span class='ocrx_word' id='word_1_304' title='bbox 909 1266 957 1295; x_wconf 88' lang='lat' dir='ltr'><strong>per</strong></span> <span class='ocrx_word' id='word_1_305' title='bbox 968 1258 1052 1294; x_wconf 91' lang='lat' dir='ltr'><strong>ipsius</strong></span> 
     </span>
    </p>
   </div>
   <div class='ocr_carea' id='block_1_42' title="bbox 253 1305 1052 1342">
    <p class='ocr_par' dir='ltr' id='par_1_42' title="bbox 253 1305 1052 1342">
     <span class='ocr_line' id='line_1_42' title="bbox 253 1305 1052 1342; baseline -0.004 -8"><span class='ocrx_word' id='word_1_306' title='bbox 253 1310 390 1340; x_wconf 88' lang='lat' dir='ltr'><strong>naturam,</strong></span> <span class='ocrx_word' id='word_1_307' title='bbox 410 1305 460 1334; x_wconf 86' lang='lat' dir='ltr'><strong>sed</strong></span> <span class='ocrx_word' id='word_1_308' title='bbox 473 1307 509 1334; x_wconf 87' lang='lat' dir='ltr'><strong>ob</strong></span> <span class='ocrx_word' id='word_1_309' title='bbox 524 1310 647 1335; x_wconf 91' lang='lat' dir='ltr'><strong>nostram</strong></span> <span class='ocrx_word' id='word_1_310' title='bbox 662 1306 827 1340; x_wconf 86' lang='lat' dir='ltr'><strong>socordiam,</strong></span> <span class='ocrx_word' id='word_1_311' title='bbox 842 1305 890 1342; x_wconf 88' lang='lat' dir='ltr'><strong>qui</strong></span> <span class='ocrx_word' id='word_1_312' title='bbox 911 1312 967 1332; x_wconf 93' lang='lat' dir='ltr'><strong>non</strong></span> <span class='ocrx_word' id='word_1_313' title='bbox 978 1307 1052 1332; x_wconf 89' lang='lat' dir='ltr'><strong>recte</strong></span> 
     </span>
    </p>
   </div>
   <div class='ocr_carea' id='block_1_43' title="bbox 255 1349 1051 1385">
    <p class='ocr_par' dir='ltr' id='par_1_43' title="bbox 255 1349 1051 1385">
     <span class='ocr_line' id='line_1_43' title="bbox 255 1349 1051 1385; baseline -0.004 -6"><span class='ocrx_word' id='word_1_314' title='bbox 255 1351 296 1379; x_wconf 89' lang='lat' dir='ltr'><strong>usi</strong></span> <span class='ocrx_word' id='word_1_315' title='bbox 308 1359 404 1379; x_wconf 87' lang='lat' dir='ltr'><strong>sumus</strong></span> <span class='ocrx_word' id='word_1_316' title='bbox 418 1351 483 1379; x_wconf 84' lang='lat' dir='ltr'><strong>dato</strong></span> <span class='ocrx_word' id='word_1_317' title='bbox 503 1351 584 1379; x_wconf 90' lang='lat' dir='ltr'><strong>nobis</strong></span> <span class='ocrx_word' id='word_1_318' title='bbox 603 1351 737 1384; x_wconf 86' lang='lat' dir='ltr'><strong>remedio,</strong></span> <span class='ocrx_word' id='word_1_319' title='bbox 759 1351 832 1379; x_wconf 88' lang='lat' dir='ltr'><strong>sicut</strong></span> <span class='ocrx_word' id='word_1_320' title='bbox 845 1354 874 1379; x_wconf 87' lang='lat' dir='ltr'><strong>et</strong></span> <span class='ocrx_word' id='word_1_321' title='bbox 885 1350 914 1378; x_wconf 89' lang='lat' dir='ltr'><strong>in</strong></span> <span class='ocrx_word' id='word_1_322' title='bbox 930 1349 1051 1385; x_wconf 88' lang='lat' dir='ltr'><strong>Epistola</strong></span> 
     </span>
    </p>
   </div>
   <div class='ocr_carea' id='block_1_44' title="bbox 253 1394 1052 1430">
    <p class='ocr_par' dir='ltr' id='par_1_44' title="bbox 253 1394 1052 1430">
     <span class='ocr_line' id='line_1_44' title="bbox 253 1394 1052 1430; baseline -0.005 -6"><span class='ocrx_word' id='word_1_323' title='bbox 253 1395 287 1424; x_wconf 84' lang='lat' dir='ltr'><strong>ad</strong></span> <span class='ocrx_word' id='word_1_324' title='bbox 301 1397 445 1424; x_wconf 83' lang='lat' dir='ltr'><strong>Romanos</strong></span> <span class='ocrx_word' id='word_1_325' title='bbox 459 1396 543 1424; x_wconf 87' lang='lat' dir='ltr'><strong>latius</strong></span> <span class='ocrx_word' id='word_1_326' title='bbox 565 1400 593 1424; x_wconf 88' lang='lat' dir='ltr'><strong>et</strong></span> <span class='ocrx_word' id='word_1_327' title='bbox 613 1396 702 1425; x_wconf 78' lang='lat' dir='ltr'><strong>fusius</strong></span> <span class='ocrx_word' id='word_1_328' title='bbox 724 1395 828 1424; x_wconf 84' lang='lat' dir='ltr'><strong>dictum</strong></span> <span class='ocrx_word' id='word_1_329' title='bbox 843 1399 894 1423; x_wconf 87' lang='lat' dir='ltr'><strong>est.</strong></span> <span class='ocrx_word' id='word_1_330' title='bbox 917 1396 957 1422; x_wconf 82' lang='lat' dir='ltr'><strong>Ne</strong></span> <span class='ocrx_word' id='word_1_331' title='bbox 969 1394 1052 1430; x_wconf 83' lang='lat' dir='ltr'><strong>igitur</strong></span> 
     </span>
    </p>
   </div>
   <div class='ocr_carea' id='block_1_45' title="bbox 254 1439 1052 1476">
    <p class='ocr_par' dir='ltr' id='par_1_45' title="bbox 254 1439 1052 1476">
     <span class='ocr_line' id='line_1_45' title="bbox 254 1439 1052 1476; baseline -0.004 -8"><span class='ocrx_word' id='word_1_332' title='bbox 254 1439 362 1469; x_wconf 89' lang='lat' dir='ltr'><strong>dubites</strong></span> <span class='ocrx_word' id='word_1_333' title='bbox 374 1440 408 1469; x_wconf 79' lang='lat' dir='ltr'><strong>de</strong></span> <span class='ocrx_word' id='word_1_334' title='bbox 422 1441 633 1475; x_wconf 83' lang='lat' dir='ltr'><strong>resurrectione,</strong></span> <span class='ocrx_word' id='word_1_335' title='bbox 648 1449 665 1469; x_wconf 91' lang='grc' dir='ltr'><strong>ο</strong></span> <span class='ocrx_word' id='word_1_336' title='bbox 681 1441 778 1476; x_wconf 88' lang='lat' dir='ltr'><strong>homo,</strong></span> <span class='ocrx_word' id='word_1_337' title='bbox 792 1447 857 1468; x_wconf 88' lang='lat' dir='ltr'><strong>cum</strong></span> <span class='ocrx_word' id='word_1_338' title='bbox 881 1439 974 1467; x_wconf 87' lang='lat' dir='ltr'><strong>videas</strong></span> <span class='ocrx_word' id='word_1_339' title='bbox 987 1446 1052 1474; x_wconf 89' lang='lat' dir='ltr'><strong>pec-</strong></span> 
     </span>
    </p>
   </div>
   <div class='ocr_carea' id='block_1_46' title="bbox 253 1485 1053 1521">
    <p class='ocr_par' dir='ltr' id='par_1_46' title="bbox 253 1485 1053 1521">
     <span class='ocr_line' id='line_1_46' title="bbox 253 1485 1053 1521; baseline -0.004 -8"><span class='ocrx_word' id='word_1_340' title='bbox 253 1490 347 1514; x_wconf 89' lang='lat' dir='ltr'><strong>catum</strong></span> <span class='ocrx_word' id='word_1_341' title='bbox 370 1485 511 1514; x_wconf 85' lang='lat' dir='ltr'><strong>sublatum</strong></span> <span class='ocrx_word' id='word_1_342' title='bbox 527 1485 601 1521; x_wconf 88' lang='lat' dir='ltr'><strong>quod</strong></span> <span class='ocrx_word' id='word_1_343' title='bbox 618 1486 717 1514; x_wconf 86' lang='lat' dir='ltr'><strong>mortis</strong></span> <span class='ocrx_word' id='word_1_344' title='bbox 740 1489 798 1513; x_wconf 87' lang='lat' dir='ltr'><strong>erat</strong></span> <span class='ocrx_word' id='word_1_345' title='bbox 819 1491 910 1517; x_wconf 87' lang='lat' dir='ltr'><strong>arma,</strong></span> <span class='ocrx_word' id='word_1_346' title='bbox 936 1489 1053 1519; x_wconf 89' lang='lat' dir='ltr'><strong>cumque</strong></span> 
     </span>
    </p>
   </div>
   <div class='ocr_carea' id='block_1_47' title="bbox 1104 939 1855 984">
    <p class='ocr_par' dir='ltr' id='par_1_47' title="bbox 1104 939 1855 984">
     <span class='ocr_line' id='line_1_47' title="bbox 1104 939 1855 984; baseline -0.008 -10"><span class='ocrx_word' id='word_1_347' title='bbox 1104 943 1275 984; x_wconf 76' lang='grc' dir='ltr'>ἇνενέργητος</span> <span class='ocrx_word' id='word_1_348' title='bbox 1296 942 1344 972; x_wconf 87' lang='grc' dir='ltr'>ὤν.</span> <span class='ocrx_word' id='word_1_349' title='bbox 1361 943 1446 978; x_wconf 88' lang='grc' dir='ltr'>Δηλοῐ</span> <span class='ocrx_word' id='word_1_350' title='bbox 1469 941 1497 971; x_wconf 81' lang='grc' dir='ltr'>δὲ</span> <span class='ocrx_word' id='word_1_351' title='bbox 1520 940 1566 971; x_wconf 80' lang='grc' dir='ltr'><strong>καὶ</strong></span> <span class='ocrx_word' id='word_1_352' title='bbox 1589 941 1622 970; x_wconf 83' lang='grc' dir='ltr'><strong>τὸ</strong></span> <span class='ocrx_word' id='word_1_353' title='bbox 1646 943 1692 970; x_wconf 75' lang='grc' dir='ltr'>τοῦ</span> <span class='ocrx_word' id='word_1_354' title='bbox 1716 940 1812 979; x_wconf 71' lang='grc' dir='ltr'>Κυρίουε</span> <span class='ocrx_word' id='word_1_355' title='bbox 1828 939 1855 968; x_wconf 70' lang='lat' dir='ltr'><strong>xtl</strong></span> 
     </span>
    </p>
   </div>
   <div class='ocr_carea' id='block_1_48' title="bbox 1103 984 1856 1030">
    <p class='ocr_par' dir='ltr' id='par_1_48' title="bbox 1103 984 1856 1030">
     <span class='ocr_line' id='line_1_48' title="bbox 1103 984 1856 1030; baseline -0.008 -11"><span class='ocrx_word' id='word_1_356' title='bbox 1103 989 1155 1030; x_wconf 82' lang='grc' dir='ltr'><strong>γὰρ</strong></span> <span class='ocrx_word' id='word_1_357' title='bbox 1185 989 1212 1018; x_wconf 81' lang='grc' dir='ltr'><strong>ἐν</strong></span> <span class='ocrx_word' id='word_1_358' title='bbox 1243 988 1330 1029; x_wconf 83' lang='grc' dir='ltr'>τούτῳ</span> <span class='ocrx_word' id='word_1_359' title='bbox 1366 986 1500 1028; x_wconf 73' lang='grc' dir='ltr'>ἁμαρτίαν</span> <span class='ocrx_word' id='word_1_360' title='bbox 1531 985 1570 1025; x_wconf 85' lang='grc' dir='ltr'><strong>μὴ</strong></span> <span class='ocrx_word' id='word_1_361' title='bbox 1599 985 1705 1026; x_wconf 66' lang='grc' dir='ltr'>εὑρὼν,</span> <span class='ocrx_word' id='word_1_362' title='bbox 1732 984 1856 1024; x_wconf 69' lang='grc' dir='ltr'>ἄνενέρτητα</span> 
     </span>
    </p>
   </div>
   <div class='ocr_carea' id='block_1_49' title="bbox 1104 1045 1218 1073">
    <p class='ocr_par' dir='ltr' id='par_1_49' title="bbox 1104 1045 1218 1073">
     <span class='ocr_line' id='line_1_49' title="bbox 1104 1045 1218 1073; baseline 0.009 -10"><span class='ocrx_word' id='word_1_363' title='bbox 1104 1045 1218 1073; x_wconf 87' lang='grc' dir='ltr'>εμεινεν.</span> 
     </span>
    </p>
   </div>
   <div class='ocr_carea' id='block_1_50' title="bbox 1147 1075 1854 1117">
    <p class='ocr_par' dir='ltr' id='par_1_50' title="bbox 1147 1075 1854 1117">
     <span class='ocr_line' id='line_1_50' title="bbox 1147 1075 1854 1117; baseline -0.003 -10"><span class='ocrx_word' id='word_1_364' title='bbox 1147 1089 1161 1107; x_wconf 73' lang='grc' dir='ltr'><strong>α</strong></span> <span class='ocrx_word' id='word_1_365' title='bbox 1185 1078 1221 1109; x_wconf 84' lang='grc' dir='ltr'><em>Ἡ</em></span> <span class='ocrx_word' id='word_1_366' title='bbox 1241 1077 1268 1108; x_wconf 81' lang='grc' dir='ltr'><strong>δὲ</strong></span> <span class='ocrx_word' id='word_1_367' title='bbox 1290 1077 1399 1117; x_wconf 82' lang='grc' dir='ltr'>δύναμις</span> <span class='ocrx_word' id='word_1_368' title='bbox 1420 1078 1467 1113; x_wconf 71' lang='grc' dir='ltr'><strong>τῆς</strong></span> <span class='ocrx_word' id='word_1_369' title='bbox 1489 1075 1641 1116; x_wconf 73' lang='grc' dir='ltr'>ἁμαρτίας,</span> <span class='ocrx_word' id='word_1_370' title='bbox 1653 1077 1668 1106; x_wconf 82' lang='grc' dir='ltr'>ὁ</span> <span class='ocrx_word' id='word_1_371' title='bbox 1680 1075 1761 1114; x_wconf 82' lang='grc' dir='ltr'>νόμος.</span> <span class='ocrx_word' id='word_1_372' title='bbox 1773 1085 1786 1104; x_wconf 70' lang='grc' dir='ltr'><strong><em>ι</em></strong></span> <span class='ocrx_word' id='word_1_373' title='bbox 1804 1075 1854 1110; x_wconf 67' lang='grc' dir='ltr'><strong>Πῶςς</strong></span> 
     </span>
    </p>
   </div>
   <div class='ocr_carea' id='block_1_51' title="bbox 1104 1119 1854 1162">
    <p class='ocr_par' dir='ltr' id='par_1_51' title="bbox 1104 1119 1854 1162">
     <span class='ocr_line' id='line_1_51' title="bbox 1104 1119 1854 1162; baseline -0.007 -9"><span class='ocrx_word' id='word_1_374' title='bbox 1104 1122 1170 1154; x_wconf 88' lang='grc' dir='ltr'>Ὅτι</span> <span class='ocrx_word' id='word_1_375' title='bbox 1183 1126 1229 1153; x_wconf 70' lang='grc' dir='ltr'>τοῦ</span> <span class='ocrx_word' id='word_1_376' title='bbox 1243 1122 1326 1161; x_wconf 87' lang='grc' dir='ltr'>νόμου</span> <span class='ocrx_word' id='word_1_377' title='bbox 1341 1122 1388 1162; x_wconf 85' lang='grc' dir='ltr'>μὲν</span> <span class='ocrx_word' id='word_1_378' title='bbox 1407 1122 1445 1162; x_wconf 83' lang='grc' dir='ltr'><strong>μὴ</strong></span> <span class='ocrx_word' id='word_1_379' title='bbox 1460 1122 1532 1155; x_wconf 85' lang='grc' dir='ltr'>ὄντος</span> <span class='ocrx_word' id='word_1_380' title='bbox 1543 1144 1551 1159; x_wconf 94' lang='grc'><strong>,</strong></span> <span class='ocrx_word' id='word_1_381' title='bbox 1566 1122 1593 1151; x_wconf 82' lang='grc' dir='ltr'><strong>ἐν</strong></span> <span class='ocrx_word' id='word_1_382' title='bbox 1620 1121 1713 1161; x_wconf 72' lang='grc' dir='ltr'>ἀγνοίᾳ</span> <span class='ocrx_word' id='word_1_383' title='bbox 1732 1119 1854 1160; x_wconf 71' lang='grc' dir='ltr'>ἆμαρτάνπ-</span> 
     </span>
    </p>
   </div>
   <div class='ocr_carea' id='block_1_52' title="bbox 1104 1163 1856 1208">
    <p class='ocr_par' dir='ltr' id='par_1_52' title="bbox 1104 1163 1856 1208">
     <span class='ocr_line' id='line_1_52' title="bbox 1104 1163 1856 1208; baseline -0.008 -9"><span class='ocrx_word' id='word_1_384' title='bbox 1104 1181 1160 1204; x_wconf 82' lang='grc' dir='ltr'>τες,</span> <span class='ocrx_word' id='word_1_385' title='bbox 1186 1170 1237 1208; x_wconf 75' lang='grc' dir='ltr'><strong>οὐχ</strong></span> <span class='ocrx_word' id='word_1_386' title='bbox 1256 1167 1326 1197; x_wconf 76' lang='grc' dir='ltr'>οὕτω</span> <span class='ocrx_word' id='word_1_387' title='bbox 1348 1166 1556 1208; x_wconf 82' lang='grc' dir='ltr'>κατεκρινόμεθα</span> <span class='ocrx_word' id='word_1_388' title='bbox 1569 1177 1576 1185; x_wconf 86' lang='grc'><strong>·</strong></span> <span class='ocrx_word' id='word_1_389' title='bbox 1593 1167 1608 1195; x_wconf 82' lang='grc' dir='ltr'>ὁ</span> <span class='ocrx_word' id='word_1_390' title='bbox 1636 1166 1664 1196; x_wconf 81' lang='grc' dir='ltr'><strong>δὲ</strong></span> <span class='ocrx_word' id='word_1_391' title='bbox 1689 1166 1761 1204; x_wconf 82' lang='grc' dir='ltr'>νόμος</span> <span class='ocrx_word' id='word_1_392' title='bbox 1777 1163 1856 1204; x_wconf 69' lang='grc' dir='ltr'>φανερῶ-</span> 
     </span>
    </p>
   </div>
   <div class='ocr_carea' id='block_1_53' title="bbox 1106 1209 1855 1251">
    <p class='ocr_par' dir='ltr' id='par_1_53' title="bbox 1106 1209 1855 1251">
     <span class='ocr_line' id='line_1_53' title="bbox 1106 1209 1855 1251; baseline -0.007 -8"><span class='ocrx_word' id='word_1_393' title='bbox 1106 1225 1153 1248; x_wconf 82' lang='grc' dir='ltr'><strong>σας</strong></span> <span class='ocrx_word' id='word_1_394' title='bbox 1178 1213 1271 1251; x_wconf 80' lang='grc' dir='ltr'>αὐτὴν,</span> <span class='ocrx_word' id='word_1_395' title='bbox 1294 1212 1432 1251; x_wconf 81' lang='grc' dir='ltr'>κατέκρινε</span> <span class='ocrx_word' id='word_1_396' title='bbox 1459 1213 1561 1251; x_wconf 78' lang='grc' dir='ltr'>μᾶλλον</span> <span class='ocrx_word' id='word_1_397' title='bbox 1583 1213 1675 1250; x_wconf 73' lang='grc' dir='ltr'>ἡμᾶς,</span> <span class='ocrx_word' id='word_1_398' title='bbox 1701 1212 1735 1244; x_wconf 84' lang='grc' dir='ltr'>ὣς</span> <span class='ocrx_word' id='word_1_399' title='bbox 1755 1211 1778 1239; x_wconf 82' lang='grc' dir='ltr'><strong>ἐν</strong></span> 
     </span>
    </p>
   </div>
   <div class='ocr_carea' id='block_1_54' title="bbox 1106 1253 1854 1299">
    <p class='ocr_par' dir='ltr' id='par_1_54' title="bbox 1106 1253 1854 1299">
     <span class='ocr_line' id='line_1_54' title="bbox 1106 1253 1854 1299; baseline -0.011 -11"><span class='ocrx_word' id='word_1_400' title='bbox 1106 1259 1306 1299; x_wconf 78' lang='grc' dir='ltr'>ἁμαρτάνοντας</span> <span class='ocrx_word' id='word_1_401' title='bbox 1316 1267 1322 1275; x_wconf 89' lang='grc'><strong>·</strong></span> <span class='ocrx_word' id='word_1_402' title='bbox 1338 1257 1383 1286; x_wconf 79' lang='grc' dir='ltr'><strong>καὶ</strong></span> <span class='ocrx_word' id='word_1_403' title='bbox 1399 1256 1510 1297; x_wconf 75' lang='grc' dir='ltr'>ἰσχυρὰν</span> <span class='ocrx_word' id='word_1_404' title='bbox 1528 1255 1614 1291; x_wconf 78' lang='grc' dir='ltr'>αὔτὴν</span> <span class='ocrx_word' id='word_1_405' title='bbox 1636 1255 1765 1292; x_wconf 76' lang='grc' dir='ltr'>ἐποίησεν,</span> <span class='ocrx_word' id='word_1_406' title='bbox 1776 1254 1800 1283; x_wconf 80' lang='grc' dir='ltr'>οὖ</span> <span class='ocrx_word' id='word_1_407' title='bbox 1811 1253 1854 1290; x_wconf 70' lang='grc' dir='ltr'>παρᾶ</span> 
     </span>
    </p>
   </div>
   <div class='ocr_carea' id='block_1_55' title="bbox 1106 1298 1854 1342">
    <p class='ocr_par' dir='ltr' id='par_1_55' title="bbox 1106 1298 1854 1342">
     <span class='ocr_line' id='line_1_55' title="bbox 1106 1298 1854 1342; baseline -0.005 -10"><span class='ocrx_word' id='word_1_408' title='bbox 1106 1303 1154 1339; x_wconf 83' lang='grc' dir='ltr'><strong>τὴν</strong></span> <span class='ocrx_word' id='word_1_409' title='bbox 1168 1298 1255 1332; x_wconf 67' lang='grc' dir='ltr'>αὐτοῦ</span> <span class='ocrx_word' id='word_1_410' title='bbox 1282 1302 1376 1342; x_wconf 81' lang='grc' dir='ltr'>φύσιν,</span> <span class='ocrx_word' id='word_1_411' title='bbox 1400 1301 1469 1331; x_wconf 78' lang='grc' dir='ltr'>ἀλλὰ</span> <span class='ocrx_word' id='word_1_412' title='bbox 1495 1301 1569 1341; x_wconf 75' lang='grc' dir='ltr'>παρὰ</span> <span class='ocrx_word' id='word_1_413' title='bbox 1593 1299 1646 1336; x_wconf 71' lang='grc' dir='ltr'><strong>τὴν</strong></span> <span class='ocrx_word' id='word_1_414' title='bbox 1669 1298 1789 1339; x_wconf 79' lang='grc' dir='ltr'>ἡμετέραν</span> <span class='ocrx_word' id='word_1_415' title='bbox 1808 1299 1854 1339; x_wconf 45' lang='lat' dir='ltr'><strong>datr</strong></span> 
     </span>
    </p>
   </div>
   <div class='ocr_carea' id='block_1_56' title="bbox 1107 1344 1853 1387">
    <p class='ocr_par' dir='ltr' id='par_1_56' title="bbox 1107 1344 1853 1387">
     <span class='ocr_line' id='line_1_56' title="bbox 1107 1344 1853 1387; baseline -0.008 -9"><span class='ocrx_word' id='word_1_416' title='bbox 1107 1349 1189 1387; x_wconf 84' lang='grc' dir='ltr'>μίαν,</span> <span class='ocrx_word' id='word_1_417' title='bbox 1205 1349 1257 1377; x_wconf 78' lang='grc' dir='ltr'><strong>τῶν</strong></span> <span class='ocrx_word' id='word_1_418' title='bbox 1279 1347 1316 1386; x_wconf 87' lang='grc' dir='ltr'><strong>μὴ</strong></span> <span class='ocrx_word' id='word_1_419' title='bbox 1333 1348 1421 1380; x_wconf 78' lang='grc' dir='ltr'>καλῶς</span> <span class='ocrx_word' id='word_1_420' title='bbox 1443 1345 1625 1386; x_wconf 74' lang='grc' dir='ltr'>χρησαμένων</span> <span class='ocrx_word' id='word_1_421' title='bbox 1650 1346 1688 1385; x_wconf 79' lang='grc' dir='ltr'><strong>τῷ</strong></span> <span class='ocrx_word' id='word_1_422' title='bbox 1712 1344 1799 1374; x_wconf 77' lang='grc' dir='ltr'><strong>δοθέντι</strong></span> <span class='ocrx_word' id='word_1_423' title='bbox 1816 1353 1853 1382; x_wconf 67' lang='grc' dir='ltr'><strong>ξηρσ</strong></span> 
     </span>
    </p>
   </div>
   <div class='ocr_carea' id='block_1_57' title="bbox 1107 1387 1853 1433">
    <p class='ocr_par' dir='ltr' id='par_1_57' title="bbox 1107 1387 1853 1433">
     <span class='ocr_line' id='line_1_57' title="bbox 1107 1387 1853 1433; baseline -0.005 -11"><span class='ocrx_word' id='word_1_424' title='bbox 1107 1393 1202 1433; x_wconf 78' lang='grc' dir='ltr'>μάχῳ,</span> <span class='ocrx_word' id='word_1_425' title='bbox 1228 1394 1263 1426; x_wconf 83' lang='grc' dir='ltr'>ὥς</span> <span class='ocrx_word' id='word_1_426' title='bbox 1290 1391 1336 1421; x_wconf 75' lang='grc' dir='ltr'>καὶ</span> <span class='ocrx_word' id='word_1_427' title='bbox 1360 1393 1386 1421; x_wconf 77' lang='grc' dir='ltr'>ἐν</span> <span class='ocrx_word' id='word_1_428' title='bbox 1410 1393 1443 1432; x_wconf 82' lang='grc' dir='ltr'><strong>τῇ</strong></span> <span class='ocrx_word' id='word_1_429' title='bbox 1467 1391 1532 1431; x_wconf 81' lang='grc' dir='ltr'>πρὸς</span> <span class='ocrx_word' id='word_1_430' title='bbox 1560 1390 1716 1433; x_wconf 63' lang='grc' dir='ltr'>’ξωμαίους</span> <span class='ocrx_word' id='word_1_431' title='bbox 1739 1387 1853 1433; x_wconf 53' lang='grc' dir='ltr'>πλατιίπξῖπ</span> 
     </span>
    </p>
   </div>
   <div class='ocr_carea' id='block_1_58' title="bbox 1107 1427 1858 1476">
    <p class='ocr_par' dir='ltr' id='par_1_58' title="bbox 1107 1427 1858 1476">
     <span class='ocr_line' id='line_1_58' title="bbox 1107 1427 1858 1476; baseline -0.009 -9"><span class='ocrx_word' id='word_1_432' title='bbox 1107 1427 1152 1467; x_wconf 72' lang='grc' dir='ltr'>καὶ</span> <span class='ocrx_word' id='word_1_433' title='bbox 1231 1437 1358 1467; x_wconf 86' lang='grc' dir='ltr'>πλειόνων</span> <span class='ocrx_word' id='word_1_434' title='bbox 1373 1427 1496 1476; x_wconf 41' lang='grc' dir='ltr'>εἴρηται..</span> <span class='ocrx_word' id='word_1_435' title='bbox 1506 1435 1554 1472; x_wconf 84' lang='grc' dir='ltr'>Μὴ</span> <span class='ocrx_word' id='word_1_436' title='bbox 1567 1430 1613 1465; x_wconf 56' lang='grc' dir='ltr'>οὖν</span> <span class='ocrx_word' id='word_1_437' title='bbox 1623 1427 1790 1475; x_wconf 23' lang='grc' dir='ltr'>ηᾶμφίϐαλλε,</span> <span class='ocrx_word' id='word_1_438' title='bbox 1802 1427 1818 1461; x_wconf 69' lang='grc' dir='ltr'>ὖ</span> <span class='ocrx_word' id='word_1_439' title='bbox 1828 1431 1858 1474; x_wconf 52' lang='lat' dir='ltr'><strong>in</strong></span> 
     </span>
    </p>
   </div>
   <div class='ocr_carea' id='block_1_59' title="bbox 1107 1477 1858 1523">
    <p class='ocr_par' dir='ltr' id='par_1_59' title="bbox 1107 1477 1858 1523">
     <span class='ocr_line' id='line_1_59' title="bbox 1107 1477 1858 1523; baseline -0.008 -11"><span class='ocrx_word' id='word_1_440' title='bbox 1107 1486 1212 1523; x_wconf 83' lang='grc' dir='ltr'>θρωπε,</span> <span class='ocrx_word' id='word_1_441' title='bbox 1228 1482 1290 1522; x_wconf 76' lang='grc' dir='ltr'>περὶ</span> <span class='ocrx_word' id='word_1_442' title='bbox 1304 1484 1350 1518; x_wconf 81' lang='grc' dir='ltr'><strong>τῆς</strong></span> <span class='ocrx_word' id='word_1_443' title='bbox 1372 1481 1542 1523; x_wconf 71' lang='grc' dir='ltr'>ἀναστάσεως</span> <span class='ocrx_word' id='word_1_444' title='bbox 1551 1503 1561 1518; x_wconf 85' lang='grc'><strong>,</strong></span> <span class='ocrx_word' id='word_1_445' title='bbox 1578 1483 1648 1520; x_wconf 78' lang='grc' dir='ltr'>ὁρῶν</span> <span class='ocrx_word' id='word_1_446' title='bbox 1670 1480 1710 1510; x_wconf 76' lang='grc' dir='ltr'>ὅτι</span> <span class='ocrx_word' id='word_1_447' title='bbox 1723 1480 1763 1509; x_wconf 83' lang='grc' dir='ltr'><strong>καὶ</strong></span> <span class='ocrx_word' id='word_1_448' title='bbox 1775 1480 1789 1514; x_wconf 78' lang='grc' dir='ltr'>ἡ</span> <span class='ocrx_word' id='word_1_449' title='bbox 1802 1477 1858 1523; x_wconf 36' lang='lat' dir='ltr'><strong>ipsa;</strong></span> 
     </span>
    </p>
   </div>
   <div class='ocr_carea' id='block_1_60' title="bbox 255 1510 1050 1568">
    <p class='ocr_par' dir='ltr' id='par_1_60' title="bbox 255 1510 1050 1566">
     <span class='ocr_line' id='line_1_60' title="bbox 255 1510 1050 1566; baseline -0.004 -9"><span class='ocrx_word' id='word_1_450' title='bbox 255 1530 298 1558; x_wconf 86' lang='lat' dir='ltr'><strong>lex</strong></span> <span class='ocrx_word' id='word_1_451' title='bbox 330 1531 365 1558; x_wconf 86' lang='lat' dir='ltr'><strong>sit</strong></span> <span class='ocrx_word' id='word_1_452' title='bbox 393 1530 495 1558; x_wconf 86' lang='lat' dir='ltr'><strong>abolita</strong></span> <span class='ocrx_word' id='word_1_453' title='bbox 521 1510 583 1566; x_wconf 52' lang='lat' dir='ltr'><strong>q‘um</strong></span> <span class='ocrx_word' id='word_1_454' title='bbox 603 1537 634 1558; x_wconf 88' lang='lat' dir='ltr'><strong>ex</strong></span> <span class='ocrx_word' id='word_1_455' title='bbox 656 1533 754 1558; x_wconf 88' lang='lat' dir='ltr'><strong>eventu</strong></span> <span class='ocrx_word' id='word_1_456' title='bbox 778 1530 864 1557; x_wconf 89' lang='lat' dir='ltr'><strong>robur</strong></span> <span class='ocrx_word' id='word_1_457' title='bbox 885 1532 913 1556; x_wconf 91' lang='lat' dir='ltr'><strong>et</strong></span> <span class='ocrx_word' id='word_1_458' title='bbox 933 1510 1050 1564; x_wconf 65' lang='lat' dir='ltr'><strong>potentia</strong></span> 
     </span>
    </p>
   </div>
   <div class='ocr_carea' id='block_1_61' title="bbox 1110 1510 1858 1568">
    <p class='ocr_par' dir='ltr' id='par_1_61' title="bbox 1110 1510 1858 1568">
     <span class='ocr_line' id='line_1_61' title="bbox 1110 1510 1858 1568; baseline -0.008 -11"><span class='ocrx_word' id='word_1_459' title='bbox 1402 1510 1435 1563; x_wconf 52' lang='grc' dir='ltr'><strong>ἦν</strong></span> <span class='ocrx_word' id='word_1_460' title='bbox 1450 1510 1497 1568; x_wconf 39' lang='grc' dir='ltr'>τοῦ</span> <span class='ocrx_word' id='word_1_461' title='bbox 1511 1510 1626 1555; x_wconf 67' lang='grc' dir='ltr'>θανάτου</span> <span class='ocrx_word' id='word_1_462' title='bbox 1650 1524 1729 1555; x_wconf 74' lang='grc' dir='ltr'>ὅπλον</span> <span class='ocrx_word' id='word_1_463' title='bbox 1740 1535 1747 1542; x_wconf 94' lang='grc'><strong>·</strong></span> 
     </span>
    </p>
   </div>
   <div class='ocr_carea' id='block_1_62' title="bbox 255 1573 1054 1610">
    <p class='ocr_par' dir='ltr' id='par_1_62' title="bbox 255 1573 1054 1610">
     <span class='ocr_line' id='line_1_62' title="bbox 255 1573 1054 1610; baseline -0.003 -8"><span class='ocrx_word' id='word_1_464' title='bbox 255 1575 386 1610; x_wconf 86' lang='lat' dir='ltr'><strong>peccatis.</strong></span> <span class='ocrx_word' id='word_1_465' title='bbox 399 1576 472 1602; x_wconf 82' lang='lat' dir='ltr'><strong>Nam</strong></span> <span class='ocrx_word' id='word_1_466' title='bbox 485 1574 598 1610; x_wconf 85' lang='lat' dir='ltr'><strong>planum</strong></span> <span class='ocrx_word' id='word_1_467' title='bbox 612 1578 654 1602; x_wconf 87' lang='lat' dir='ltr'><strong>est</strong></span> <span class='ocrx_word' id='word_1_468' title='bbox 668 1573 744 1610; x_wconf 88' lang='lat' dir='ltr'><strong>quod</strong></span> <span class='ocrx_word' id='word_1_469' title='bbox 757 1581 834 1602; x_wconf 89' lang='lat' dir='ltr'><strong>mors</strong></span> <span class='ocrx_word' id='word_1_470' title='bbox 845 1576 987 1602; x_wconf 82' lang='lat' dir='ltr'><strong>exarmata</strong></span> <span class='ocrx_word' id='word_1_471' title='bbox 998 1579 1054 1600; x_wconf 89' lang='lat' dir='ltr'><strong>non</strong></span> 
     </span>
    </p>
   </div>
   <div class='ocr_carea' id='block_1_63' title="bbox 254 1619 500 1654">
    <p class='ocr_par' dir='ltr' id='par_1_63' title="bbox 254 1619 500 1654">
     <span class='ocr_line' id='line_1_63' title="bbox 254 1619 500 1654; baseline -0.004 -7"><span class='ocrx_word' id='word_1_472' title='bbox 254 1626 338 1654; x_wconf 85' lang='lat' dir='ltr'><strong>porro</strong></span> <span class='ocrx_word' id='word_1_473' title='bbox 352 1619 388 1647; x_wconf 86' lang='lat' dir='ltr'><strong>sit</strong></span> <span class='ocrx_word' id='word_1_474' title='bbox 401 1619 500 1647; x_wconf 86' lang='lat' dir='ltr'><strong>valida.</strong></span> 
     </span>
    </p>
   </div>
   <div class='ocr_carea' id='block_1_64' title="bbox 292 1708 1055 1746">
    <p class='ocr_par' dir='ltr' id='par_1_64' title="bbox 292 1708 1055 1746">
     <span class='ocr_line' id='line_1_64' title="bbox 292 1708 1055 1746; baseline 0 -9"><span class='ocrx_word' id='word_1_475' title='bbox 292 1709 378 1737; x_wconf 75' lang='lat' dir='ltr'><strong>Vsus.</strong></span> <span class='ocrx_word' id='word_1_476' title='bbox 394 1712 439 1737; x_wconf 83' lang='lat'><strong>57.</strong></span> <span class='ocrx_word' id='word_1_477' title='bbox 463 1720 475 1734; x_wconf 79' lang='grc' dir='ltr'><strong>ι</strong></span> <span class='ocrx_word' id='word_1_478' title='bbox 496 1710 556 1738; x_wconf 91' lang='lat' dir='ltr'><strong>Deo</strong></span> <span class='ocrx_word' id='word_1_479' title='bbox 569 1713 663 1738; x_wconf 88' lang='lat' dir='ltr'><strong>autem</strong></span> <span class='ocrx_word' id='word_1_480' title='bbox 687 1710 783 1746; x_wconf 83' lang='lat' dir='ltr'><strong>gratia,</strong></span> <span class='ocrx_word' id='word_1_481' title='bbox 806 1710 852 1746; x_wconf 90' lang='lat' dir='ltr'><strong>qui</strong></span> <span class='ocrx_word' id='word_1_482' title='bbox 877 1708 955 1738; x_wconf 86' lang='lat' dir='ltr'><strong>dedit</strong></span> <span class='ocrx_word' id='word_1_483' title='bbox 973 1708 1055 1737; x_wconf 83' lang='lat' dir='ltr'><strong>nobis</strong></span> 
     </span>
    </p>
   </div>
   <div class='ocr_carea' id='block_1_65' title="bbox 256 1754 1052 1790">
    <p class='ocr_par' dir='ltr' id='par_1_65' title="bbox 256 1754 1052 1790">
     <span class='ocr_line' id='line_1_65' title="bbox 256 1754 1052 1790; baseline 0 -8"><span class='ocrx_word' id='word_1_484' title='bbox 256 1754 398 1782; x_wconf 83' lang='lat' dir='ltr'><strong>victoriam</strong></span> <span class='ocrx_word' id='word_1_485' title='bbox 410 1762 460 1790; x_wconf 90' lang='lat' dir='ltr'><strong>per</strong></span> <span class='ocrx_word' id='word_1_486' title='bbox 469 1755 621 1783; x_wconf 90' lang='lat' dir='ltr'><strong>Dominum</strong></span> <span class='ocrx_word' id='word_1_487' title='bbox 630 1759 758 1783; x_wconf 86' lang='lat' dir='ltr'><strong>nostrum</strong></span> <span class='ocrx_word' id='word_1_488' title='bbox 767 1756 861 1783; x_wconf 75' lang='lat' dir='ltr'><strong>Iesum</strong></span> <span class='ocrx_word' id='word_1_489' title='bbox 872 1754 1024 1783; x_wconf 90' lang='lat' dir='ltr'><strong>Christum.</strong></span> <span class='ocrx_word' id='word_1_490' title='bbox 1039 1766 1052 1778; x_wconf 74' lang='grc' dir='ltr'>ι»</span> 
     </span>
    </p>
   </div>
   <div class='ocr_carea' id='block_1_66' title="bbox 255 1799 1054 1836">
    <p class='ocr_par' dir='ltr' id='par_1_66' title="bbox 255 1799 1054 1836">
     <span class='ocr_line' id='line_1_66' title="bbox 255 1799 1054 1836; baseline 0 -10"><span class='ocrx_word' id='word_1_491' title='bbox 255 1799 366 1827; x_wconf 90' lang='lat' dir='ltr'><strong>Domini</strong></span> <span class='ocrx_word' id='word_1_492' title='bbox 384 1800 450 1828; x_wconf 89' lang='lat' dir='ltr'><strong>Jesu</strong></span> <span class='ocrx_word' id='word_1_493' title='bbox 476 1799 589 1836; x_wconf 89' lang='lat' dir='ltr'><strong>quidem</strong></span> <span class='ocrx_word' id='word_1_494' title='bbox 615 1804 657 1828; x_wconf 90' lang='lat' dir='ltr'><strong>est</strong></span> <span class='ocrx_word' id='word_1_495' title='bbox 683 1804 839 1834; x_wconf 81' lang='lat' dir='ltr'><strong>certamen;</strong></span> <span class='ocrx_word' id='word_1_496' title='bbox 862 1799 943 1828; x_wconf 85' lang='lat' dir='ltr'><strong>nobis</strong></span> <span class='ocrx_word' id='word_1_497' title='bbox 961 1803 1054 1827; x_wconf 90' lang='lat' dir='ltr'><strong>autem</strong></span> 
     </span>
    </p>
   </div>
   <div class='ocr_carea' id='block_1_67' title="bbox 256 1844 1054 1880">
    <p class='ocr_par' dir='ltr' id='par_1_67' title="bbox 256 1844 1054 1880">
     <span class='ocr_line' id='line_1_67' title="bbox 256 1844 1054 1880; baseline 0.001 -9"><span class='ocrx_word' id='word_1_498' title='bbox 256 1844 369 1873; x_wconf 62' lang='lat' dir='ltr'><strong>victoria</strong></span> <span class='ocrx_word' id='word_1_499' title='bbox 379 1844 446 1873; x_wconf 88' lang='lat' dir='ltr'><strong>data</strong></span> <span class='ocrx_word' id='word_1_500' title='bbox 461 1850 503 1873; x_wconf 72' lang='grc' dir='ltr'><strong>θεῖ</strong></span> <span class='ocrx_word' id='word_1_501' title='bbox 518 1855 525 1873; x_wconf 93' lang='lat'>:</span> <span class='ocrx_word' id='word_1_502' title='bbox 542 1853 597 1873; x_wconf 91' lang='lat' dir='ltr'><strong>non</strong></span> <span class='ocrx_word' id='word_1_503' title='bbox 612 1853 646 1873; x_wconf 89' lang='lat' dir='ltr'><strong>ex</strong></span> <span class='ocrx_word' id='word_1_504' title='bbox 660 1845 910 1880; x_wconf 87' lang='lat' dir='ltr'><strong>retribulationem,</strong></span> <span class='ocrx_word' id='word_1_505' title='bbox 921 1852 1010 1880; x_wconf 89' lang='lat' dir='ltr'><strong>neque</strong></span> <span class='ocrx_word' id='word_1_506' title='bbox 1021 1852 1054 1872; x_wconf 90' lang='lat' dir='ltr'><strong>ex</strong></span> 
     </span>
    </p>
   </div>
   <div class='ocr_carea' id='block_1_68' title="bbox 254 1889 1054 1926">
    <p class='ocr_par' dir='ltr' id='par_1_68' title="bbox 254 1889 1054 1926">
     <span class='ocr_line' id='line_1_68' title="bbox 254 1889 1054 1926; baseline -0.001 -8"><span class='ocrx_word' id='word_1_507' title='bbox 254 1889 358 1924; x_wconf 87' lang='lat' dir='ltr'><strong>debito,</strong></span> <span class='ocrx_word' id='word_1_508' title='bbox 370 1898 468 1918; x_wconf 89' lang='lat' dir='ltr'><strong>verum</strong></span> <span class='ocrx_word' id='word_1_509' title='bbox 480 1898 528 1926; x_wconf 88' lang='lat' dir='ltr'><strong>per</strong></span> <span class='ocrx_word' id='word_1_510' title='bbox 537 1891 654 1925; x_wconf 81' lang='lat' dir='ltr'><strong>gratiam</strong></span> <span class='ocrx_word' id='word_1_511' title='bbox 663 1894 691 1918; x_wconf 89' lang='lat' dir='ltr'><strong>et</strong></span> <span class='ocrx_word' id='word_1_512' title='bbox 702 1890 879 1918; x_wconf 86' lang='lat' dir='ltr'><strong>clementiam</strong></span> <span class='ocrx_word' id='word_1_513' title='bbox 889 1889 943 1917; x_wconf 90' lang='lat' dir='ltr'><strong>Dei</strong></span> <span class='ocrx_word' id='word_1_514' title='bbox 953 1889 1054 1923; x_wconf 84' lang='lat' dir='ltr'><strong>Patris,</strong></span> 
     </span>
    </p>
   </div>
   <div class='ocr_carea' id='block_1_69' title="bbox 255 1934 936 1971">
    <p class='ocr_par' dir='ltr' id='par_1_69' title="bbox 255 1934 936 1971">
     <span class='ocr_line' id='line_1_69' title="bbox 255 1934 936 1971; baseline -0.001 -8"><span class='ocrx_word' id='word_1_515' title='bbox 255 1935 303 1970; x_wconf 87' lang='lat' dir='ltr'><strong>qui</strong></span> <span class='ocrx_word' id='word_1_516' title='bbox 319 1934 383 1963; x_wconf 83' lang='lat' dir='ltr'><strong>fecit</strong></span> <span class='ocrx_word' id='word_1_517' title='bbox 394 1943 445 1963; x_wconf 90' lang='lat' dir='ltr'><strong>nos</strong></span> <span class='ocrx_word' id='word_1_518' title='bbox 461 1935 570 1963; x_wconf 88' lang='lat' dir='ltr'><strong>vincere</strong></span> <span class='ocrx_word' id='word_1_519' title='bbox 585 1944 634 1971; x_wconf 88' lang='lat' dir='ltr'><strong>per</strong></span> <span class='ocrx_word' id='word_1_520' title='bbox 647 1939 790 1963; x_wconf 85' lang='lat' dir='ltr'><strong>certamen</strong></span> <span class='ocrx_word' id='word_1_521' title='bbox 804 1935 867 1963; x_wconf 86' lang='lat' dir='ltr'><strong>Filii</strong></span> <span class='ocrx_word' id='word_1_522' title='bbox 883 1934 936 1963; x_wconf 85' lang='lat' dir='ltr'><strong>sui.</strong></span> 
     </span>
    </p>
   </div>
   <div class='ocr_carea' id='block_1_70' title="bbox 290 1980 1054 2016">
    <p class='ocr_par' dir='ltr' id='par_1_70' title="bbox 290 1980 1054 2016">
     <span class='ocr_line' id='line_1_70' title="bbox 290 1980 1054 2016; baseline -0.001 -7"><span class='ocrx_word' id='word_1_523' title='bbox 290 1982 381 2009; x_wconf 74' lang='lat' dir='ltr'><strong>Vsus.</strong></span> <span class='ocrx_word' id='word_1_524' title='bbox 393 1984 438 2008; x_wconf 88' lang='lat'><strong>58.</strong></span> <span class='ocrx_word' id='word_1_525' title='bbox 455 1992 467 2004; x_wconf 74' lang='grc' dir='ltr'>«ι</span> <span class='ocrx_word' id='word_1_526' title='bbox 484 1981 588 2016; x_wconf 83' lang='lat' dir='ltr'><strong>Itaque,</strong></span> <span class='ocrx_word' id='word_1_527' title='bbox 604 1980 701 2008; x_wconf 82' lang='lat' dir='ltr'><strong>fratres</strong></span> <span class='ocrx_word' id='word_1_528' title='bbox 714 1980 817 2014; x_wconf 90' lang='lat' dir='ltr'><strong>dilecti,</strong></span> <span class='ocrx_word' id='word_1_529' title='bbox 832 1980 941 2008; x_wconf 83' lang='lat' dir='ltr'><strong>stabiles</strong></span> <span class='ocrx_word' id='word_1_530' title='bbox 956 1983 1054 2014; x_wconf 89' lang='lat' dir='ltr'><strong>estote,</strong></span> 
     </span>
    </p>
   </div>
   <div class='ocr_carea' id='block_1_71' title="bbox 255 2024 1053 2060">
    <p class='ocr_par' dir='ltr' id='par_1_71' title="bbox 255 2024 1053 2060">
     <span class='ocr_line' id='line_1_71' title="bbox 255 2024 1053 2060; baseline -0.001 -8"><span class='ocrx_word' id='word_1_531' title='bbox 255 2025 423 2059; x_wconf 87' lang='lat' dir='ltr'><strong>immobiles,</strong></span> <span class='ocrx_word' id='word_1_532' title='bbox 437 2024 610 2052; x_wconf 85' lang='lat' dir='ltr'><strong>abundantes</strong></span> <span class='ocrx_word' id='word_1_533' title='bbox 630 2025 658 2051; x_wconf 91' lang='lat' dir='ltr'><strong>in</strong></span> <span class='ocrx_word' id='word_1_534' title='bbox 673 2032 754 2060; x_wconf 87' lang='lat' dir='ltr'><strong>opere</strong></span> <span class='ocrx_word' id='word_1_535' title='bbox 771 2024 883 2052; x_wconf 90' lang='lat' dir='ltr'><strong>Domini</strong></span> <span class='ocrx_word' id='word_1_536' title='bbox 905 2031 1025 2059; x_wconf 89' lang='lat' dir='ltr'><strong>semper.</strong></span> <span class='ocrx_word' id='word_1_537' title='bbox 1041 2035 1053 2048; x_wconf 74' lang='grc' dir='ltr'><strong>ιι</strong></span> 
     </span>
    </p>
   </div>
   <div class='ocr_carea' id='block_1_72' title="bbox 257 2068 1055 2105">
    <p class='ocr_par' dir='ltr' id='par_1_72' title="bbox 257 2068 1055 2105">
     <span class='ocr_line' id='line_1_72' title="bbox 257 2068 1055 2105; baseline -0.001 -8"><span class='ocrx_word' id='word_1_538' title='bbox 257 2069 488 2105; x_wconf 87' lang='lat' dir='ltr'><strong>Quandoquidem</strong></span> <span class='ocrx_word' id='word_1_539' title='bbox 498 2069 595 2102; x_wconf 86' lang='lat' dir='ltr'><strong>nostis,</strong></span> <span class='ocrx_word' id='word_1_540' title='bbox 604 2069 688 2105; x_wconf 77' lang='lat'><strong>232</strong></span> <span class='ocrx_word' id='word_1_541' title='bbox 699 2069 794 2105; x_wconf 85' lang='lat' dir='ltr'><strong>inquit,</strong></span> <span class='ocrx_word' id='word_1_542' title='bbox 806 2068 881 2105; x_wconf 92' lang='lat' dir='ltr'><strong>quod</strong></span> <span class='ocrx_word' id='word_1_543' title='bbox 892 2069 1055 2097; x_wconf 88' lang='lat' dir='ltr'><strong>resurrectio</strong></span> 
     </span>
    </p>
   </div>
   <div class='ocr_carea' id='block_1_73' title="bbox 256 2113 1054 2149">
    <p class='ocr_par' dir='ltr' id='par_1_73' title="bbox 256 2113 1054 2149">
     <span class='ocr_line' id='line_1_73' title="bbox 256 2113 1054 2149; baseline 0 -8"><span class='ocrx_word' id='word_1_544' title='bbox 256 2114 293 2141; x_wconf 79' lang='lat' dir='ltr'><strong>sit</strong></span> <span class='ocrx_word' id='word_1_545' title='bbox 300 2113 402 2148; x_wconf 80' lang='lat' dir='ltr'><strong>futura,</strong></span> <span class='ocrx_word' id='word_1_546' title='bbox 413 2118 441 2142; x_wconf 91' lang='lat' dir='ltr'><strong>et</strong></span> <span class='ocrx_word' id='word_1_547' title='bbox 450 2113 638 2149; x_wconf 89' lang='lat' dir='ltr'><strong>compensatio</strong></span> <span class='ocrx_word' id='word_1_548' title='bbox 646 2114 785 2142; x_wconf 91' lang='lat' dir='ltr'><strong>bonorum</strong></span> <span class='ocrx_word' id='word_1_549' title='bbox 795 2118 822 2141; x_wconf 89' lang='lat' dir='ltr'><strong>et</strong></span> <span class='ocrx_word' id='word_1_550' title='bbox 833 2114 984 2148; x_wconf 86' lang='lat' dir='ltr'><strong>malorum,</strong></span> <span class='ocrx_word' id='word_1_551' title='bbox 996 2117 1054 2141; x_wconf 87' lang='lat' dir='ltr'><strong>sta-</strong></span> 
     </span>
    </p>
   </div>
   <div class='ocr_carea' id='block_1_74' title="bbox 259 2157 1058 2187">
    <p class='ocr_par' dir='ltr' id='par_1_74' title="bbox 259 2157 1058 2187">
     <span class='ocr_line' id='line_1_74' title="bbox 259 2157 1058 2187; baseline 0.001 -2"><span class='ocrx_word' id='word_1_552' title='bbox 259 2158 325 2186; x_wconf 80' lang='lat' dir='ltr'><strong>biles</strong></span> <span class='ocrx_word' id='word_1_553' title='bbox 335 2162 432 2186; x_wconf 88' lang='lat' dir='ltr'><strong>estote.</strong></span> <span class='ocrx_word' id='word_1_554' title='bbox 445 2158 680 2187; x_wconf 88' lang='lat' dir='ltr'><strong>Concutiebantur</strong></span> <span class='ocrx_word' id='word_1_555' title='bbox 695 2159 769 2186; x_wconf 90' lang='lat' dir='ltr'><strong>enim</strong></span> <span class='ocrx_word' id='word_1_556' title='bbox 781 2158 959 2187; x_wconf 88' lang='lat' dir='ltr'><strong>sermonibus</strong></span> <span class='ocrx_word' id='word_1_557' title='bbox 972 2157 1008 2186; x_wconf 88' lang='lat' dir='ltr'><strong>de</strong></span> <span class='ocrx_word' id='word_1_558' title='bbox 1018 2166 1058 2186; x_wconf 89' lang='lat' dir='ltr'><strong>re-</strong></span> 
     </span>
    </p>
   </div>
   <div class='ocr_carea' id='block_1_75' title="bbox 257 2203 1057 2240">
    <p class='ocr_par' dir='ltr' id='par_1_75' title="bbox 257 2203 1057 2240">
     <span class='ocr_line' id='line_1_75' title="bbox 257 2203 1057 2240; baseline 0 -9"><span class='ocrx_word' id='word_1_559' title='bbox 257 2203 436 2232; x_wconf 86' lang='lat' dir='ltr'><strong>surrectione.</strong></span> <span class='ocrx_word' id='word_1_560' title='bbox 448 2207 552 2232; x_wconf 79' lang='lat' dir='ltr'><strong>Atcum</strong></span> <span class='ocrx_word' id='word_1_561' title='bbox 561 2203 732 2240; x_wconf 86' lang='lat' dir='ltr'><strong>negligerent</strong></span> <span class='ocrx_word' id='word_1_562' title='bbox 738 2203 803 2232; x_wconf 68' lang='lat' dir='ltr'><strong>vitae</strong></span> <span class='ocrx_word' id='word_1_563' title='bbox 810 2203 1057 2238; x_wconf 88' lang='lat' dir='ltr'><strong>honestatem,tan—</strong></span> 
     </span>
    </p>
   </div>
   <div class='ocr_carea' id='block_1_76' title="bbox 257 2248 1056 2286">
    <p class='ocr_par' dir='ltr' id='par_1_76' title="bbox 257 2248 1056 2286">
     <span class='ocr_line' id='line_1_76' title="bbox 257 2248 1056 2286; baseline -0.001 -9"><span class='ocrx_word' id='word_1_564' title='bbox 257 2257 341 2285; x_wconf 88' lang='lat' dir='ltr'><strong>quam</strong></span> <span class='ocrx_word' id='word_1_565' title='bbox 350 2257 406 2277; x_wconf 89' lang='lat' dir='ltr'><strong>non</strong></span> <span class='ocrx_word' id='word_1_566' title='bbox 416 2253 488 2277; x_wconf 88' lang='lat' dir='ltr'><strong>esset</strong></span> <span class='ocrx_word' id='word_1_567' title='bbox 499 2250 675 2284; x_wconf 86' lang='lat' dir='ltr'><strong>resurrectio,</strong></span> <span class='ocrx_word' id='word_1_568' title='bbox 690 2249 788 2286; x_wconf 86' lang='lat' dir='ltr'><strong>inquit,</strong></span> <span class='ocrx_word' id='word_1_569' title='bbox 805 2260 819 2274; x_wconf 77' lang='grc' dir='ltr'><strong>ιι</strong></span> <span class='ocrx_word' id='word_1_570' title='bbox 835 2248 1016 2278; x_wconf 89' lang='lat' dir='ltr'><strong>Abundantes</strong></span> <span class='ocrx_word' id='word_1_571' title='bbox 1027 2249 1056 2276; x_wconf 93' lang='lat' dir='ltr'><strong>in</strong></span> 
     </span>
    </p>
   </div>
   <div class='ocr_carea' id='block_1_77' title="bbox 258 2293 1056 2330">
    <p class='ocr_par' dir='ltr' id='par_1_77' title="bbox 258 2293 1056 2330">
     <span class='ocr_line' id='line_1_77' title="bbox 258 2293 1056 2330; baseline 0.001 -9"><span class='ocrx_word' id='word_1_572' title='bbox 258 2301 341 2330; x_wconf 91' lang='lat' dir='ltr'><strong>opere</strong></span> <span class='ocrx_word' id='word_1_573' title='bbox 352 2294 468 2322; x_wconf 90' lang='lat' dir='ltr'><strong>Domini</strong></span> <span class='ocrx_word' id='word_1_574' title='bbox 478 2301 599 2330; x_wconf 85' lang='lat' dir='ltr'><strong>semper,</strong></span> <span class='ocrx_word' id='word_1_575' title='bbox 615 2306 628 2319; x_wconf 70' lang='grc' dir='ltr'>ιο</span> <span class='ocrx_word' id='word_1_576' title='bbox 642 2302 700 2322; x_wconf 91' lang='lat' dir='ltr'><strong>non</strong></span> <span class='ocrx_word' id='word_1_577' title='bbox 710 2294 804 2322; x_wconf 89' lang='lat' dir='ltr'><strong>solum</strong></span> <span class='ocrx_word' id='word_1_578' title='bbox 813 2294 904 2330; x_wconf 91' lang='lat' dir='ltr'><strong>ipsum</strong></span> <span class='ocrx_word' id='word_1_579' title='bbox 911 2293 1056 2328; x_wconf 80' lang='lat' dir='ltr'><strong>facientes,</strong></span> 
     </span>
    </p>
   </div>
   <div class='ocr_carea' id='block_1_78' title="bbox 258 2339 1058 2376">
    <p class='ocr_par' dir='ltr' id='par_1_78' title="bbox 258 2339 1058 2376">
     <span class='ocr_line' id='line_1_78' title="bbox 258 2339 1058 2376; baseline 0.001 -11"><span class='ocrx_word' id='word_1_580' title='bbox 258 2346 353 2367; x_wconf 77' lang='lat' dir='ltr'><strong>verum</strong></span> <span class='ocrx_word' id='word_1_581' title='bbox 365 2339 450 2367; x_wconf 86' lang='lat' dir='ltr'><strong>etiam</strong></span> <span class='ocrx_word' id='word_1_582' title='bbox 464 2339 574 2367; x_wconf 89' lang='lat' dir='ltr'><strong>abunde</strong></span> <span class='ocrx_word' id='word_1_583' title='bbox 587 2340 676 2376; x_wconf 91' lang='lat' dir='ltr'><strong>ipsum</strong></span> <span class='ocrx_word' id='word_1_584' title='bbox 691 2339 845 2368; x_wconf 86' lang='lat' dir='ltr'><strong>efﬁcientes.</strong></span> <span class='ocrx_word' id='word_1_585' title='bbox 869 2340 946 2376; x_wconf 90' lang='lat' dir='ltr'><strong>Opus</strong></span> <span class='ocrx_word' id='word_1_586' title='bbox 965 2343 1058 2367; x_wconf 79' lang='lat' dir='ltr'><strong>autem</strong></span> 
     </span>
    </p>
   </div>
   <div class='ocr_carea' id='block_1_79' title="bbox 259 2383 1058 2421">
    <p class='ocr_par' dir='ltr' id='par_1_79' title="bbox 259 2383 1058 2421">
     <span class='ocr_line' id='line_1_79' title="bbox 259 2383 1058 2421; baseline 0.003 -11"><span class='ocrx_word' id='word_1_587' title='bbox 259 2383 384 2417; x_wconf 89' lang='lat' dir='ltr'><strong>Domini,</strong></span> <span class='ocrx_word' id='word_1_588' title='bbox 401 2383 455 2412; x_wconf 90' lang='lat' dir='ltr'><strong>hoc</strong></span> <span class='ocrx_word' id='word_1_589' title='bbox 478 2387 531 2418; x_wconf 84' lang='lat' dir='ltr'><strong>est,</strong></span> <span class='ocrx_word' id='word_1_590' title='bbox 556 2384 632 2420; x_wconf 85' lang='lat' dir='ltr'><strong>quod</strong></span> <span class='ocrx_word' id='word_1_591' title='bbox 651 2384 741 2421; x_wconf 84' lang='lat' dir='ltr'><strong>diligit</strong></span> <span class='ocrx_word' id='word_1_592' title='bbox 763 2384 914 2418; x_wconf 90' lang='lat' dir='ltr'><strong>Dominus,</strong></span> <span class='ocrx_word' id='word_1_593' title='bbox 938 2387 967 2412; x_wconf 84' lang='lat' dir='ltr'><strong>et</strong></span> <span class='ocrx_word' id='word_1_594' title='bbox 984 2383 1058 2420; x_wconf 91' lang='lat' dir='ltr'><strong>quod</strong></span> 
     </span>
    </p>
   </div>
   <div class='ocr_carea' id='block_1_80' title="bbox 258 2427 753 2465">
    <p class='ocr_par' dir='ltr' id='par_1_80' title="bbox 258 2427 753 2465">
     <span class='ocr_line' id='line_1_80' title="bbox 258 2427 753 2465; baseline 0.004 -10"><span class='ocrx_word' id='word_1_595' title='bbox 258 2427 378 2462; x_wconf 88' lang='lat' dir='ltr'><strong>postulat</strong></span> <span class='ocrx_word' id='word_1_596' title='bbox 392 2436 408 2457; x_wconf 93' lang='lat' dir='ltr'><strong>a</strong></span> <span class='ocrx_word' id='word_1_597' title='bbox 421 2428 512 2464; x_wconf 89' lang='lat' dir='ltr'><strong>nobis,</strong></span> <span class='ocrx_word' id='word_1_598' title='bbox 527 2429 586 2465; x_wconf 86' lang='lat' dir='ltr'><strong>ipsa</strong></span> <span class='ocrx_word' id='word_1_599' title='bbox 600 2429 688 2458; x_wconf 90' lang='lat' dir='ltr'><strong>virtus</strong></span> <span class='ocrx_word' id='word_1_600' title='bbox 701 2433 753 2458; x_wconf 88' lang='lat' dir='ltr'><strong>est.</strong></span> 
     </span>
    </p>
   </div>
   <div class='ocr_carea' id='block_1_81' title="bbox 295 2473 1059 2511">
    <p class='ocr_par' dir='ltr' id='par_1_81' title="bbox 295 2473 1059 2511">
     <span class='ocr_line' id='line_1_81' title="bbox 295 2473 1059 2511; baseline 0.001 -10"><span class='ocrx_word' id='word_1_601' title='bbox 295 2484 308 2497; x_wconf 78' lang='grc' dir='ltr'>ι</span> <span class='ocrx_word' id='word_1_602' title='bbox 335 2473 459 2502; x_wconf 89' lang='lat' dir='ltr'><strong>Scientes</strong></span> <span class='ocrx_word' id='word_1_603' title='bbox 482 2473 556 2511; x_wconf 90' lang='lat' dir='ltr'><strong>quod</strong></span> <span class='ocrx_word' id='word_1_604' title='bbox 578 2474 655 2502; x_wconf 91' lang='lat' dir='ltr'><strong>labor</strong></span> <span class='ocrx_word' id='word_1_605' title='bbox 676 2479 767 2502; x_wconf 84' lang='lat' dir='ltr'><strong>vester</strong></span> <span class='ocrx_word' id='word_1_606' title='bbox 788 2481 844 2502; x_wconf 90' lang='lat' dir='ltr'><strong>non</strong></span> <span class='ocrx_word' id='word_1_607' title='bbox 865 2478 907 2502; x_wconf 89' lang='lat' dir='ltr'><strong>est</strong></span> <span class='ocrx_word' id='word_1_608' title='bbox 927 2474 1019 2503; x_wconf 89' lang='lat' dir='ltr'><strong>inanis</strong></span> <span class='ocrx_word' id='word_1_609' title='bbox 1031 2474 1059 2502; x_wconf 88' lang='lat' dir='ltr'><strong>in</strong></span> 
     </span>
    </p>
   </div>
   <div class='ocr_carea' id='block_1_82' title="bbox 258 2517 1057 2556">
    <p class='ocr_par' dir='ltr' id='par_1_82' title="bbox 258 2517 1057 2556">
     <span class='ocr_line' id='line_1_82' title="bbox 258 2517 1057 2556; baseline 0.003 -11"><span class='ocrx_word' id='word_1_610' title='bbox 258 2517 390 2547; x_wconf 82' lang='lat' dir='ltr'><strong>Domino.</strong></span> <span class='ocrx_word' id='word_1_611' title='bbox 413 2528 427 2545; x_wconf 82' lang='lat'><strong><em>»</em></strong></span> <span class='ocrx_word' id='word_1_612' title='bbox 454 2519 516 2547; x_wconf 86' lang='lat' dir='ltr'><strong>Hoc</strong></span> <span class='ocrx_word' id='word_1_613' title='bbox 535 2523 586 2554; x_wconf 90' lang='lat' dir='ltr'><strong>est,</strong></span> <span class='ocrx_word' id='word_1_614' title='bbox 607 2519 728 2547; x_wconf 89' lang='lat' dir='ltr'><strong>futuram</strong></span> <span class='ocrx_word' id='word_1_615' title='bbox 747 2519 980 2547; x_wconf 86' lang='lat' dir='ltr'><strong>resurrectionem</strong></span> <span class='ocrx_word' id='word_1_616' title='bbox 995 2527 1057 2556; x_wconf 87' lang='lat' dir='ltr'><strong>spe-</strong></span> 
     </span>
    </p>
   </div>
   <div class='ocr_carea' id='block_1_83' title="bbox 257 2563 1061 2600">
    <p class='ocr_par' dir='ltr' id='par_1_83' title="bbox 257 2563 1061 2600">
     <span class='ocr_line' id='line_1_83' title="bbox 257 2563 1061 2600; baseline 0.002 -10"><span class='ocrx_word' id='word_1_617' title='bbox 257 2567 360 2597; x_wconf 82' lang='lat' dir='ltr'><strong>rantes,</strong></span> <span class='ocrx_word' id='word_1_618' title='bbox 375 2563 572 2600; x_wconf 88' lang='lat' dir='ltr'><strong>credentesque</strong></span> <span class='ocrx_word' id='word_1_619' title='bbox 586 2572 634 2592; x_wconf 85' lang='lat' dir='ltr'><strong>VOS</strong></span> <span class='ocrx_word' id='word_1_620' title='bbox 646 2572 703 2592; x_wconf 80' lang='grc'><strong>11011</strong></span> <span class='ocrx_word' id='word_1_621' title='bbox 723 2564 875 2593; x_wconf 91' lang='lat' dir='ltr'><strong>amissuros</strong></span> <span class='ocrx_word' id='word_1_622' title='bbox 889 2572 1061 2600; x_wconf 70' lang='grc' dir='ltr'>ρυωοιιιιᾳυο</span> 
     </span>
    </p>
   </div>
   <div class='ocr_carea' id='block_1_84' title="bbox 257 2608 1060 2646">
    <p class='ocr_par' dir='ltr' id='par_1_84' title="bbox 257 2608 1060 2646">
     <span class='ocr_line' id='line_1_84' title="bbox 257 2608 1060 2646; baseline 0.001 -11"><span class='ocrx_word' id='word_1_623' title='bbox 257 2608 301 2636; x_wconf 76' lang='lat' dir='ltr'><strong>llic</strong></span> <span class='ocrx_word' id='word_1_624' title='bbox 316 2608 519 2638; x_wconf 88' lang='lat' dir='ltr'><strong>laboraveritis.</strong></span> <span class='ocrx_word' id='word_1_625' title='bbox 535 2610 608 2637; x_wconf 89' lang='lat' dir='ltr'><strong>Nam</strong></span> <span class='ocrx_word' id='word_1_626' title='bbox 626 2609 739 2638; x_wconf 88' lang='lat' dir='ltr'><strong>antehac</strong></span> <span class='ocrx_word' id='word_1_627' title='bbox 754 2609 866 2645; x_wconf 90' lang='lat' dir='ltr'><strong>quidem</strong></span> <span class='ocrx_word' id='word_1_628' title='bbox 880 2609 1060 2646; x_wconf 84' lang='lat' dir='ltr'><strong>negligebatis</strong></span> 
     </span>
    </p>
   </div>
   <div class='ocr_carea' id='block_1_85' title="bbox 255 2653 1061 2691">
    <p class='ocr_par' dir='ltr' id='par_1_85' title="bbox 255 2653 1061 2691">
     <span class='ocr_line' id='line_1_85' title="bbox 255 2653 1061 2691; baseline 0.002 -10"><span class='ocrx_word' id='word_1_629' title='bbox 255 2653 399 2689; x_wconf 84' lang='lat' dir='ltr'><strong>virtutem,</strong></span> <span class='ocrx_word' id='word_1_630' title='bbox 415 2654 515 2691; x_wconf 89' lang='lat' dir='ltr'><strong>quippe</strong></span> <span class='ocrx_word' id='word_1_631' title='bbox 530 2654 579 2691; x_wconf 89' lang='lat' dir='ltr'><strong>qui</strong></span> <span class='ocrx_word' id='word_1_632' title='bbox 593 2662 649 2683; x_wconf 90' lang='lat' dir='ltr'><strong>non</strong></span> <span class='ocrx_word' id='word_1_633' title='bbox 669 2654 816 2683; x_wconf 87' lang='lat' dir='ltr'><strong>crederetis</strong></span> <span class='ocrx_word' id='word_1_634' title='bbox 828 2655 1061 2683; x_wconf 88' lang='lat' dir='ltr'><strong>resurrectionem</strong></span> 
     </span>
    </p>
   </div>
   <div class='ocr_carea' id='block_1_86' title="bbox 257 2698 1052 2736">
    <p class='ocr_par' dir='ltr' id='par_1_86' title="bbox 257 2698 1052 2736">
     <span class='ocr_line' id='line_1_86' title="bbox 257 2698 1052 2736; baseline 0 -9"><span class='ocrx_word' id='word_1_635' title='bbox 257 2706 326 2734; x_wconf 83' lang='lat' dir='ltr'><strong>esse,</strong></span> <span class='ocrx_word' id='word_1_636' title='bbox 335 2707 426 2736; x_wconf 89' lang='lat' dir='ltr'><strong>neque</strong></span> <span class='ocrx_word' id='word_1_637' title='bbox 434 2699 537 2728; x_wconf 85' lang='lat' dir='ltr'><strong>velletis</strong></span> <span class='ocrx_word' id='word_1_638' title='bbox 545 2703 649 2728; x_wconf 90' lang='lat' dir='ltr'><strong>temere</strong></span> <span class='ocrx_word' id='word_1_639' title='bbox 658 2699 780 2736; x_wconf 90' lang='lat' dir='ltr'><strong>adeoque</strong></span> <span class='ocrx_word' id='word_1_640' title='bbox 792 2698 896 2729; x_wconf 87' lang='lat' dir='ltr'><strong>frustra</strong></span> <span class='ocrx_word' id='word_1_641' title='bbox 910 2699 1034 2728; x_wconf 88' lang='lat' dir='ltr'><strong>laborare</strong></span> <span class='ocrx_word' id='word_1_642' title='bbox 1044 2708 1052 2728; x_wconf 89' lang='lat'><strong>:</strong></span> 
     </span>
    </p>
   </div>
   <div class='ocr_carea' id='block_1_87' title="bbox 1108 1566 1854 1612">
    <p class='ocr_par' dir='ltr' id='par_1_87' title="bbox 1108 1566 1854 1612">
     <span class='ocr_line' id='line_1_87' title="bbox 1108 1566 1854 1612; baseline -0.008 -9"><span class='ocrx_word' id='word_1_643' title='bbox 1108 1584 1157 1611; x_wconf 87' lang='grc' dir='ltr'><strong>μος</strong></span> <span class='ocrx_word' id='word_1_644' title='bbox 1180 1566 1337 1612; x_wconf 75' lang='grc' dir='ltr'>κατηργήθη</span> <span class='ocrx_word' id='word_1_645' title='bbox 1349 1571 1387 1607; x_wconf 86' lang='grc'><strong>⁹²,</strong></span> <span class='ocrx_word' id='word_1_646' title='bbox 1410 1571 1437 1604; x_wconf 83' lang='grc' dir='ltr'><strong>ὃς</strong></span> <span class='ocrx_word' id='word_1_647' title='bbox 1457 1566 1490 1607; x_wconf 70' lang='grc' dir='ltr'><strong>ἦν</strong></span> <span class='ocrx_word' id='word_1_648' title='bbox 1512 1569 1538 1604; x_wconf 80' lang='grc' dir='ltr'>ἐξ</span> <span class='ocrx_word' id='word_1_649' title='bbox 1565 1570 1773 1608; x_wconf 69' lang='grc' dir='ltr'><strong>ἀποτελέσματος</strong></span> <span class='ocrx_word' id='word_1_650' title='bbox 1785 1567 1854 1603; x_wconf 67' lang='grc' dir='ltr'>δύναμις</span> 
     </span>
    </p>
   </div>
   <div class='ocr_carea' id='block_1_88' title="bbox 1107 1613 1855 1658">
    <p class='ocr_par' dir='ltr' id='par_1_88' title="bbox 1107 1613 1855 1658">
     <span class='ocr_line' id='line_1_88' title="bbox 1107 1613 1855 1658; baseline -0.009 -11"><span class='ocrx_word' id='word_1_651' title='bbox 1107 1620 1154 1653; x_wconf 57' lang='grc' dir='ltr'>ἧς</span> <span class='ocrx_word' id='word_1_652' title='bbox 1170 1617 1312 1658; x_wconf 75' lang='grc' dir='ltr'>ἁμαρτίας.</span> <span class='ocrx_word' id='word_1_653' title='bbox 1338 1616 1477 1656; x_wconf 86' lang='grc' dir='ltr'><strong>Πρόδηλον</strong></span> <span class='ocrx_word' id='word_1_654' title='bbox 1497 1616 1560 1655; x_wconf 81' lang='grc' dir='ltr'>γὰρ,</span> <span class='ocrx_word' id='word_1_655' title='bbox 1578 1614 1620 1645; x_wconf 77' lang='grc' dir='ltr'><strong>ὅτι</strong></span> <span class='ocrx_word' id='word_1_656' title='bbox 1639 1613 1794 1655; x_wconf 70' lang='grc' dir='ltr'>ἇφοπλισθεὶς</span> <span class='ocrx_word' id='word_1_657' title='bbox 1809 1613 1855 1640; x_wconf 73' lang='grc' dir='ltr'>ὃθε-</span> 
     </span>
    </p>
   </div>
   <div class='ocr_carea' id='block_1_89' title="bbox 1108 1661 1858 1702">
    <p class='ocr_par' dir='ltr' id='par_1_89' title="bbox 1108 1661 1858 1702">
     <span class='ocr_line' id='line_1_89' title="bbox 1108 1661 1858 1702; baseline -0.005 -10"><span class='ocrx_word' id='word_1_658' title='bbox 1108 1673 1184 1696; x_wconf 88' lang='grc' dir='ltr'>νατος</span> <span class='ocrx_word' id='word_1_659' title='bbox 1199 1661 1288 1692; x_wconf 80' lang='grc' dir='ltr'>οὖκίτι</span> <span class='ocrx_word' id='word_1_660' title='bbox 1302 1661 1400 1702; x_wconf 74' lang='grc' dir='ltr'>ἰσχύει.</span> <span class='ocrx_word' id='word_1_661' title='bbox 1832 1670 1858 1702; x_wconf 19' lang='lat'><strong>7“</strong></span> 
     </span>
    </p>
   </div>
   <div class='ocr_carea' id='block_1_90' title="bbox 1152 1698 1853 1748">
    <p class='ocr_par' dir='ltr' id='par_1_90' title="bbox 1152 1698 1853 1748">
     <span class='ocr_line' id='line_1_90' title="bbox 1152 1698 1853 1748; baseline -0.004 -11"><span class='ocrx_word' id='word_1_662' title='bbox 1152 1718 1168 1737; x_wconf 76' lang='grc' dir='ltr'>α</span> <span class='ocrx_word' id='word_1_663' title='bbox 1189 1709 1238 1748; x_wconf 83' lang='grc' dir='ltr'><strong>Τῷ</strong></span> <span class='ocrx_word' id='word_1_664' title='bbox 1249 1707 1276 1736; x_wconf 83' lang='grc' dir='ltr'><strong>δὲ</strong></span> <span class='ocrx_word' id='word_1_665' title='bbox 1291 1698 1355 1747; x_wconf 72' lang='grc' dir='ltr'><strong>Θεῷ</strong></span> <span class='ocrx_word' id='word_1_666' title='bbox 1370 1705 1448 1746; x_wconf 77' lang='grc' dir='ltr'>χάρις</span> <span class='ocrx_word' id='word_1_667' title='bbox 1462 1707 1500 1746; x_wconf 82' lang='grc' dir='ltr'><strong>τῷ</strong></span> <span class='ocrx_word' id='word_1_668' title='bbox 1520 1705 1618 1735; x_wconf 77' lang='grc' dir='ltr'>διδόντι</span> <span class='ocrx_word' id='word_1_669' title='bbox 1639 1707 1703 1744; x_wconf 81' lang='grc' dir='ltr'>ἡμῖν</span> <span class='ocrx_word' id='word_1_670' title='bbox 1722 1704 1750 1734; x_wconf 82' lang='grc' dir='ltr'><strong>τὸ</strong></span> <span class='ocrx_word' id='word_1_671' title='bbox 1769 1698 1853 1748; x_wconf 57' lang='grc' dir='ltr'><strong>νῖιωςξιᾶ</strong></span> 
     </span>
    </p>
   </div>
   <div class='ocr_carea' id='block_1_91' title="bbox 1108 1744 1854 1792">
    <p class='ocr_par' dir='ltr' id='par_1_91' title="bbox 1108 1744 1854 1792">
     <span class='ocr_line' id='line_1_91' title="bbox 1108 1744 1854 1792; baseline -0.007 -10"><span class='ocrx_word' id='word_1_672' title='bbox 1108 1754 1155 1782; x_wconf 74' lang='grc' dir='ltr'>τοῦ</span> <span class='ocrx_word' id='word_1_673' title='bbox 1172 1744 1271 1792; x_wconf 79' lang='grc' dir='ltr'>Κυρίου</span> <span class='ocrx_word' id='word_1_674' title='bbox 1286 1744 1468 1790; x_wconf 49' lang='grc' dir='ltr'>ἡμιῒιν’ί1ησοῧ</span> <span class='ocrx_word' id='word_1_675' title='bbox 1487 1744 1621 1791; x_wconf 75' lang='grc' dir='ltr'>Χριστοῦ.</span> <span class='ocrx_word' id='word_1_676' title='bbox 1646 1763 1658 1776; x_wconf 78' lang='grc' dir='ltr'><strong>ι</strong></span> <span class='ocrx_word' id='word_1_677' title='bbox 1673 1751 1725 1780; x_wconf 80' lang='grc' dir='ltr'><strong>Τοῦ</strong></span> <span class='ocrx_word' id='word_1_678' title='bbox 1739 1748 1781 1788; x_wconf 84' lang='grc' dir='ltr'>μὲν</span> <span class='ocrx_word' id='word_1_679' title='bbox 1794 1744 1854 1792; x_wconf 46' lang='grc' dir='ltr'>Κυρίῗ</span> 
     </span>
    </p>
   </div>
   <div class='ocr_carea' id='block_1_92' title="bbox 1109 1787 1853 1836">
    <p class='ocr_par' dir='ltr' id='par_1_92' title="bbox 1109 1787 1853 1836">
     <span class='ocr_line' id='line_1_92' title="bbox 1109 1787 1853 1836; baseline -0.008 -9"><span class='ocrx_word' id='word_1_680' title='bbox 1109 1797 1198 1833; x_wconf 75' lang='grc' dir='ltr'>Ἰησοῦ</span> <span class='ocrx_word' id='word_1_681' title='bbox 1217 1787 1237 1826; x_wconf 49' lang='grc' dir='ltr'><strong>’ὁ</strong></span> <span class='ocrx_word' id='word_1_682' title='bbox 1262 1787 1348 1836; x_wconf 70' lang='grc' dir='ltr'>ἀγῶν,</span> <span class='ocrx_word' id='word_1_683' title='bbox 1370 1798 1435 1835; x_wconf 86' lang='grc' dir='ltr'>ἡμῖν</span> <span class='ocrx_word' id='word_1_684' title='bbox 1462 1796 1488 1825; x_wconf 79' lang='grc' dir='ltr'><strong>δὲ</strong></span> <span class='ocrx_word' id='word_1_685' title='bbox 1515 1787 1545 1825; x_wconf 81' lang='grc' dir='ltr'><strong>τὸ</strong></span> <span class='ocrx_word' id='word_1_686' title='bbox 1565 1796 1637 1829; x_wconf 83' lang='grc' dir='ltr'>νῖκος</span> <span class='ocrx_word' id='word_1_687' title='bbox 1661 1794 1775 1824; x_wconf 83' lang='grc' dir='ltr'>δέδοται·</span> <span class='ocrx_word' id='word_1_688' title='bbox 1793 1787 1853 1836; x_wconf 46' lang='lat' dir='ltr'><strong>uixi;</strong></span> 
     </span>
    </p>
   </div>
   <div class='ocr_carea' id='block_1_93' title="bbox 1108 1833 1852 1881">
    <p class='ocr_par' dir='ltr' id='par_1_93' title="bbox 1108 1833 1852 1881">
     <span class='ocr_line' id='line_1_93' title="bbox 1108 1833 1852 1881; baseline -0.009 -9"><span class='ocrx_word' id='word_1_689' title='bbox 1108 1841 1236 1880; x_wconf 76' lang='grc' dir='ltr'>ἀμοιϐῆς,</span> <span class='ocrx_word' id='word_1_690' title='bbox 1252 1833 1311 1871; x_wconf 64' lang='grc' dir='ltr'><strong>οὐδὲ</strong></span> <span class='ocrx_word' id='word_1_691' title='bbox 1336 1833 1406 1871; x_wconf 76' lang='grc' dir='ltr'>κατᾶ</span> <span class='ocrx_word' id='word_1_692' title='bbox 1429 1840 1536 1881; x_wconf 73' lang='grc' dir='ltr'>ὀφειλὴν</span> <span class='ocrx_word' id='word_1_693' title='bbox 1547 1863 1556 1877; x_wconf 93' lang='grc'><strong>,</strong></span> <span class='ocrx_word' id='word_1_694' title='bbox 1571 1839 1642 1870; x_wconf 83' lang='grc' dir='ltr'>ἀλλὰ</span> <span class='ocrx_word' id='word_1_695' title='bbox 1658 1838 1726 1869; x_wconf 74' lang='grc' dir='ltr'>κατὰ</span> <span class='ocrx_word' id='word_1_696' title='bbox 1746 1837 1810 1878; x_wconf 74' lang='grc' dir='ltr'>χάριν</span> <span class='ocrx_word' id='word_1_697' title='bbox 1827 1833 1852 1862; x_wconf 61' lang='grc' dir='ltr'><strong>καὶ</strong></span> 
     </span>
    </p>
   </div>
   <div class='ocr_carea' id='block_1_94' title="bbox 1109 1882 1858 1927">
    <p class='ocr_par' dir='ltr' id='par_1_94' title="bbox 1109 1882 1858 1927">
     <span class='ocr_line' id='line_1_94' title="bbox 1109 1882 1858 1927; baseline -0.003 -11"><span class='ocrx_word' id='word_1_698' title='bbox 1109 1887 1308 1927; x_wconf 84' lang='grc' dir='ltr'>φιλανθρωπίαν</span> <span class='ocrx_word' id='word_1_699' title='bbox 1344 1889 1389 1916; x_wconf 74' lang='grc' dir='ltr'>τοῦ</span> <span class='ocrx_word' id='word_1_700' title='bbox 1422 1888 1494 1917; x_wconf 77' lang='grc' dir='ltr'>Θεοῦ</span> <span class='ocrx_word' id='word_1_701' title='bbox 1529 1885 1575 1914; x_wconf 75' lang='grc' dir='ltr'><strong>καὶ</strong></span> <span class='ocrx_word' id='word_1_702' title='bbox 1612 1884 1730 1924; x_wconf 82' lang='grc' dir='ltr'>Πατρὸς,</span> <span class='ocrx_word' id='word_1_703' title='bbox 1761 1882 1784 1915; x_wconf 85' lang='grc' dir='ltr'>ὃς</span> <span class='ocrx_word' id='word_1_704' title='bbox 1813 1882 1858 1917; x_wconf 40' lang='grc' dir='ltr'>ἡμῖν</span> 
     </span>
    </p>
   </div>
   <div class='ocr_carea' id='block_1_95' title="bbox 1109 1929 1774 1971">
    <p class='ocr_par' dir='ltr' id='par_1_95' title="bbox 1109 1929 1774 1971">
     <span class='ocr_line' id='line_1_95' title="bbox 1109 1929 1774 1971; baseline -0.006 -10"><span class='ocrx_word' id='word_1_705' title='bbox 1109 1932 1217 1968; x_wconf 82' lang='grc' dir='ltr'>ἐποίησε</span> <span class='ocrx_word' id='word_1_706' title='bbox 1233 1935 1306 1971; x_wconf 79' lang='grc' dir='ltr'>νικᾷν</span> <span class='ocrx_word' id='word_1_707' title='bbox 1322 1931 1365 1960; x_wconf 84' lang='grc' dir='ltr'>διὰ</span> <span class='ocrx_word' id='word_1_708' title='bbox 1377 1933 1424 1960; x_wconf 81' lang='grc' dir='ltr'><strong>τοῦ</strong></span> <span class='ocrx_word' id='word_1_709' title='bbox 1437 1931 1537 1970; x_wconf 80' lang='grc' dir='ltr'>ἀγῶνος</span> <span class='ocrx_word' id='word_1_710' title='bbox 1547 1932 1593 1959; x_wconf 80' lang='grc' dir='ltr'>τοῦ</span> <span class='ocrx_word' id='word_1_711' title='bbox 1610 1931 1676 1961; x_wconf 77' lang='grc' dir='ltr'><strong>Υῑοῧ</strong></span> <span class='ocrx_word' id='word_1_712' title='bbox 1691 1929 1774 1958; x_wconf 70' lang='grc' dir='ltr'>αὐτοῦ.</span> 
     </span>
    </p>
   </div>
   <div class='ocr_carea' id='block_1_96' title="bbox 1154 1970 1853 2016">
    <p class='ocr_par' dir='ltr' id='par_1_96' title="bbox 1154 1970 1853 2016">
     <span class='ocr_line' id='line_1_96' title="bbox 1154 1970 1853 2016; baseline -0.013 -10"><span class='ocrx_word' id='word_1_713' title='bbox 1154 1988 1169 2006; x_wconf 75' lang='grc' dir='ltr'>α</span> <span class='ocrx_word' id='word_1_714' title='bbox 1188 1970 1290 2012; x_wconf 53' lang='lat' dir='ltr'><strong>&quot;ﬂare,</strong></span> <span class='ocrx_word' id='word_1_715' title='bbox 1306 1976 1415 2016; x_wconf 78' lang='grc' dir='ltr'>ἀδελφοί</span> <span class='ocrx_word' id='word_1_716' title='bbox 1435 1987 1485 2015; x_wconf 89' lang='grc' dir='ltr'><strong>μου</strong></span> <span class='ocrx_word' id='word_1_717' title='bbox 1508 1976 1658 2015; x_wconf 73' lang='grc' dir='ltr'>ἀγαπητοὶ,</span> <span class='ocrx_word' id='word_1_718' title='bbox 1670 1975 1762 2014; x_wconf 82' lang='grc' dir='ltr'>ἑδραῖοι</span> <span class='ocrx_word' id='word_1_719' title='bbox 1775 1970 1853 2016; x_wconf 48' lang='grc' dir='ltr'>γίνεσθε.</span> 
     </span>
    </p>
   </div>
   <div class='ocr_carea' id='block_1_97' title="bbox 1110 2012 1854 2060">
    <p class='ocr_par' dir='ltr' id='par_1_97' title="bbox 1110 2012 1854 2060">
     <span class='ocr_line' id='line_1_97' title="bbox 1110 2012 1854 2060; baseline -0.008 -9"><span class='ocrx_word' id='word_1_720' title='bbox 1110 2021 1312 2060; x_wconf 78' lang='grc' dir='ltr'>ἀμετακίνητοι,</span> <span class='ocrx_word' id='word_1_721' title='bbox 1327 2012 1575 2060; x_wconf 29' lang='grc' dir='ltr'>περισσειῆοντεςῖέν</span> <span class='ocrx_word' id='word_1_722' title='bbox 1589 2021 1629 2060; x_wconf 82' lang='grc' dir='ltr'><strong>τῷ</strong></span> <span class='ocrx_word' id='word_1_723' title='bbox 1650 2012 1718 2060; x_wconf 66' lang='grc' dir='ltr'>ἔργιρ</span> <span class='ocrx_word' id='word_1_724' title='bbox 1736 2020 1775 2047; x_wconf 79' lang='grc' dir='ltr'><strong>τοῦ</strong></span> <span class='ocrx_word' id='word_1_725' title='bbox 1793 2012 1854 2051; x_wconf 66' lang='grc' dir='ltr'>Κυρέπ</span> 
     </span>
    </p>
   </div>
   <div class='ocr_carea' id='block_1_98' title="bbox 1109 2060 1854 2106">
    <p class='ocr_par' dir='ltr' id='par_1_98' title="bbox 1109 2060 1854 2106">
     <span class='ocr_line' id='line_1_98' title="bbox 1109 2060 1854 2106; baseline -0.007 -10"><span class='ocrx_word' id='word_1_726' title='bbox 1109 2066 1233 2098; x_wconf 81' lang='grc' dir='ltr'>πάντοτε.</span> <span class='ocrx_word' id='word_1_727' title='bbox 1261 2077 1276 2095; x_wconf 79' lang='lat' dir='ltr'><strong>n</strong></span> <span class='ocrx_word' id='word_1_728' title='bbox 1304 2065 1383 2096; x_wconf 77' lang='grc' dir='ltr'>Ἐπεὶ</span> <span class='ocrx_word' id='word_1_729' title='bbox 1393 2065 1419 2085; x_wconf 69' lang='grc'><strong>³⁸</strong></span> <span class='ocrx_word' id='word_1_730' title='bbox 1445 2065 1560 2105; x_wconf 81' lang='grc' dir='ltr'>ἔγνωτε,</span> <span class='ocrx_word' id='word_1_731' title='bbox 1576 2065 1673 2106; x_wconf 80' lang='grc' dir='ltr'>φησὶν,</span> <span class='ocrx_word' id='word_1_732' title='bbox 1697 2064 1735 2093; x_wconf 80' lang='grc' dir='ltr'>ὅτι</span> <span class='ocrx_word' id='word_1_733' title='bbox 1755 2060 1854 2106; x_wconf 37' lang='lat' dir='ltr'><strong>illam?“</strong></span> 
     </span>
    </p>
   </div>
   <div class='ocr_carea' id='block_1_99' title="bbox 1109 2103 1855 2150">
    <p class='ocr_par' dir='ltr' id='par_1_99' title="bbox 1109 2103 1855 2150">
     <span class='ocr_line' id='line_1_99' title="bbox 1109 2103 1855 2150; baseline -0.005 -10"><span class='ocrx_word' id='word_1_734' title='bbox 1109 2112 1195 2150; x_wconf 82' lang='grc' dir='ltr'>ἔσται,</span> <span class='ocrx_word' id='word_1_735' title='bbox 1209 2111 1254 2140; x_wconf 84' lang='grc' dir='ltr'>καὶ</span> <span class='ocrx_word' id='word_1_736' title='bbox 1267 2110 1366 2150; x_wconf 82' lang='grc' dir='ltr'>ἀμοιϐὴ</span> <span class='ocrx_word' id='word_1_737' title='bbox 1381 2103 1472 2140; x_wconf 79' lang='grc' dir='ltr'>καλῶν</span> <span class='ocrx_word' id='word_1_738' title='bbox 1486 2110 1532 2140; x_wconf 64' lang='grc' dir='ltr'>καὶ</span> <span class='ocrx_word' id='word_1_739' title='bbox 1544 2103 1665 2150; x_wconf 70' lang='grc' dir='ltr'>φαῦλων,</span> <span class='ocrx_word' id='word_1_740' title='bbox 1681 2109 1772 2148; x_wconf 79' lang='grc' dir='ltr'>ἑδραῖοι</span> <span class='ocrx_word' id='word_1_741' title='bbox 1783 2103 1855 2150; x_wconf 41' lang='lat' dir='ltr'><strong>«(item</strong></span> 
     </span>
    </p>
   </div>
   <div class='ocr_carea' id='block_1_100' title="bbox 1112 2147 1854 2196">
    <p class='ocr_par' dir='ltr' id='par_1_100' title="bbox 1112 2147 1854 2196">
     <span class='ocr_line' id='line_1_100' title="bbox 1112 2147 1854 2196; baseline -0.001 -11"><span class='ocrx_word' id='word_1_742' title='bbox 1112 2147 1290 2186; x_wconf 74' lang='grc' dir='ltr'>Ἐσαλεΰοντο</span> <span class='ocrx_word' id='word_1_743' title='bbox 1310 2155 1362 2196; x_wconf 81' lang='grc' dir='ltr'><strong>γὰρ</strong></span> <span class='ocrx_word' id='word_1_744' title='bbox 1390 2157 1416 2185; x_wconf 83' lang='grc' dir='ltr'><strong>ἐν</strong></span> <span class='ocrx_word' id='word_1_745' title='bbox 1445 2160 1500 2190; x_wconf 86' lang='grc' dir='ltr'>τοῖς</span> <span class='ocrx_word' id='word_1_746' title='bbox 1524 2147 1586 2196; x_wconf 70' lang='grc' dir='ltr'>περὶ</span> <span class='ocrx_word' id='word_1_747' title='bbox 1610 2147 1772 2184; x_wconf 73' lang='grc' dir='ltr'>ἀναστάσεως</span> <span class='ocrx_word' id='word_1_748' title='bbox 1793 2147 1854 2196; x_wconf 52' lang='lat' dir='ltr'><strong>Mi“</strong></span> 
     </span>
    </p>
   </div>
   <div class='ocr_carea' id='block_1_101' title="bbox 1071 2188 1856 2240">
    <p class='ocr_par' dir='ltr' id='par_1_101' title="bbox 1071 2188 1856 2240">
     <span class='ocr_line' id='line_1_101' title="bbox 1071 2188 1856 2240; baseline -0.004 -10"><span class='ocrx_word' id='word_1_749' title='bbox 1071 2188 1098 2221; x_wconf 81' lang='lat' dir='ltr'><strong>D</strong></span> <span class='ocrx_word' id='word_1_750' title='bbox 1113 2200 1191 2231; x_wconf 80' lang='grc' dir='ltr'>Ἐπεὶ</span> <span class='ocrx_word' id='word_1_751' title='bbox 1212 2201 1239 2230; x_wconf 76' lang='grc' dir='ltr'><strong>δὲ</strong></span> <span class='ocrx_word' id='word_1_752' title='bbox 1261 2188 1376 2239; x_wconf 74' lang='grc' dir='ltr'>ἠμέλουν</span> <span class='ocrx_word' id='word_1_753' title='bbox 1397 2201 1444 2230; x_wconf 78' lang='grc' dir='ltr'>καὶ</span> <span class='ocrx_word' id='word_1_754' title='bbox 1472 2188 1530 2240; x_wconf 85' lang='grc' dir='ltr'>βίου</span> <span class='ocrx_word' id='word_1_755' title='bbox 1555 2188 1673 2239; x_wconf 57' lang='grc' dir='ltr'>ἀγαθοῦ,</span> <span class='ocrx_word' id='word_1_756' title='bbox 1699 2201 1732 2232; x_wconf 82' lang='grc' dir='ltr'>ὣς</span> <span class='ocrx_word' id='word_1_757' title='bbox 1752 2191 1856 2240; x_wconf 72' lang='grc' dir='ltr'>οὐκ</span> 
     </span>
    </p>
   </div>
   <div class='ocr_carea' id='block_1_102' title="bbox 1111 2239 1855 2286">
    <p class='ocr_par' dir='ltr' id='par_1_102' title="bbox 1111 2239 1855 2286">
     <span class='ocr_line' id='line_1_102' title="bbox 1111 2239 1855 2286; baseline -0.007 -11"><span class='ocrx_word' id='word_1_758' title='bbox 1111 2247 1186 2282; x_wconf 77' lang='grc' dir='ltr'>δῆθεν</span> <span class='ocrx_word' id='word_1_759' title='bbox 1214 2246 1396 2281; x_wconf 81' lang='grc' dir='ltr'>ἀναστάσεως,</span> <span class='ocrx_word' id='word_1_760' title='bbox 1427 2239 1507 2286; x_wconf 75' lang='grc' dir='ltr'>φησί’</span> <span class='ocrx_word' id='word_1_761' title='bbox 1538 2258 1551 2272; x_wconf 79' lang='lat'><em>«</em></span> <span class='ocrx_word' id='word_1_762' title='bbox 1579 2242 1780 2286; x_wconf 63' lang='grc' dir='ltr'>Περισσεύοντες</span> <span class='ocrx_word' id='word_1_763' title='bbox 1835 2244 1855 2271; x_wconf 58' lang='grc' dir='ltr'>πθ</span> 
     </span>
    </p>
   </div>
   <div class='ocr_carea' id='block_1_103' title="bbox 1111 2283 1854 2331">
    <p class='ocr_par' dir='ltr' id='par_1_103' title="bbox 1111 2283 1854 2331">
     <span class='ocr_line' id='line_1_103' title="bbox 1111 2283 1854 2331; baseline 0 -11"><span class='ocrx_word' id='word_1_764' title='bbox 1111 2290 1180 2331; x_wconf 77' lang='grc' dir='ltr'>ἔργῳ</span> <span class='ocrx_word' id='word_1_765' title='bbox 1203 2293 1248 2321; x_wconf 77' lang='grc' dir='ltr'><strong>τοῦ</strong></span> <span class='ocrx_word' id='word_1_766' title='bbox 1274 2291 1373 2331; x_wconf 80' lang='grc' dir='ltr'>Κυρίου</span> <span class='ocrx_word' id='word_1_767' title='bbox 1394 2283 1524 2320; x_wconf 76' lang='grc' dir='ltr'>πάντοτε·</span> <span class='ocrx_word' id='word_1_768' title='bbox 1547 2300 1563 2320; x_wconf 73' lang='lat' dir='ltr'><strong>n</strong></span> <span class='ocrx_word' id='word_1_769' title='bbox 1590 2283 1629 2320; x_wconf 25' lang='lat' dir='ltr'><strong>ob.</strong></span> <span class='ocrx_word' id='word_1_770' title='bbox 1644 2284 1787 2328; x_wconf 73' lang='grc' dir='ltr'>μόνοναῦτὸ</span> <span class='ocrx_word' id='word_1_771' title='bbox 1804 2283 1854 2331; x_wconf 44' lang='lat' dir='ltr'><strong>(PT:</strong></span> 
     </span>
    </p>
   </div>
   <div class='ocr_carea' id='block_1_104' title="bbox 1111 2321 1855 2380">
    <p class='ocr_par' dir='ltr' id='par_1_104' title="bbox 1111 2321 1855 2380">
     <span class='ocr_line' id='line_1_104' title="bbox 1111 2321 1855 2380; baseline -0.004 -14"><span class='ocrx_word' id='word_1_772' title='bbox 1111 2321 1231 2374; x_wconf 46' lang='lat' dir='ltr'><strong>(etiam,</strong></span> <span class='ocrx_word' id='word_1_773' title='bbox 1248 2321 1323 2365; x_wconf 73' lang='grc' dir='ltr'><strong>ἀλλὰ¹</strong></span> <span class='ocrx_word' id='word_1_774' title='bbox 1339 2334 1386 2366; x_wconf 82' lang='grc' dir='ltr'><strong>καὶ</strong></span> <span class='ocrx_word' id='word_1_775' title='bbox 1407 2336 1437 2365; x_wconf 76' lang='grc' dir='ltr'><strong>ἐκ</strong></span> <span class='ocrx_word' id='word_1_776' title='bbox 1452 2335 1605 2376; x_wconf 80' lang='grc' dir='ltr'>περιουσίας</span> <span class='ocrx_word' id='word_1_777' title='bbox 1623 2321 1687 2380; x_wconf 66' lang='grc' dir='ltr'>αθτὺ</span> <span class='ocrx_word' id='word_1_778' title='bbox 1707 2321 1855 2380; x_wconf 36' lang='grc' dir='ltr'>ποινῧνΠῖεξ-Ίὲ</span> 
     </span>
    </p>
   </div>
   <div class='ocr_carea' id='block_1_105' title="bbox 1112 2374 1854 2422">
    <p class='ocr_par' dir='ltr' id='par_1_105' title="bbox 1112 2374 1854 2422">
     <span class='ocr_line' id='line_1_105' title="bbox 1112 2374 1854 2422; baseline -0.001 -12"><span class='ocrx_word' id='word_1_779' title='bbox 1112 2380 1140 2410; x_wconf 82' lang='grc' dir='ltr'><strong>δὲ</strong></span> <span class='ocrx_word' id='word_1_780' title='bbox 1152 2380 1228 2422; x_wconf 86' lang='grc' dir='ltr'>ἔργον</span> <span class='ocrx_word' id='word_1_781' title='bbox 1250 2382 1296 2410; x_wconf 73' lang='grc' dir='ltr'><strong>τοῦ</strong></span> <span class='ocrx_word' id='word_1_782' title='bbox 1312 2380 1430 2420; x_wconf 83' lang='grc' dir='ltr'>Κυρίου,</span> <span class='ocrx_word' id='word_1_783' title='bbox 1448 2374 1602 2416; x_wconf 80' lang='grc' dir='ltr'>τουτέστιν,</span> <span class='ocrx_word' id='word_1_784' title='bbox 1617 2378 1632 2409; x_wconf 80' lang='grc' dir='ltr'>ὃ</span> <span class='ocrx_word' id='word_1_785' title='bbox 1655 2377 1766 2417; x_wconf 78' lang='grc' dir='ltr'>ἆγαπᾷδ</span> <span class='ocrx_word' id='word_1_786' title='bbox 1783 2374 1854 2409; x_wconf 54' lang='grc' dir='ltr'><strong>Κύριαι</strong></span> 
     </span>
    </p>
   </div>
   <div class='ocr_carea' id='block_1_106' title="bbox 1113 2424 1846 2465">
    <p class='ocr_par' dir='ltr' id='par_1_106' title="bbox 1113 2424 1846 2465">
     <span class='ocr_line' id='line_1_106' title="bbox 1113 2424 1846 2465; baseline -0.005 -10"><span class='ocrx_word' id='word_1_787' title='bbox 1113 2425 1158 2455; x_wconf 82' lang='grc' dir='ltr'>καὶ</span> <span class='ocrx_word' id='word_1_788' title='bbox 1175 2426 1189 2455; x_wconf 81' lang='grc' dir='ltr'><strong>ὃ</strong></span> <span class='ocrx_word' id='word_1_789' title='bbox 1204 2427 1313 2455; x_wconf 83' lang='grc' dir='ltr'>ἀπαιτεῖ</span> <span class='ocrx_word' id='word_1_790' title='bbox 1329 2425 1394 2465; x_wconf 87' lang='grc' dir='ltr'>παρ’</span> <span class='ocrx_word' id='word_1_791' title='bbox 1410 2426 1504 2463; x_wconf 77' lang='grc' dir='ltr'>ἡμῶν,</span> <span class='ocrx_word' id='word_1_792' title='bbox 1518 2427 1535 2461; x_wconf 84' lang='grc' dir='ltr'><strong>ἡ</strong></span> <span class='ocrx_word' id='word_1_793' title='bbox 1551 2424 1632 2465; x_wconf 72' lang='grc' dir='ltr'>ἀρετή</span> <span class='ocrx_word' id='word_1_794' title='bbox 1646 2424 1725 2453; x_wconf 82' lang='grc' dir='ltr'>ἐστιν.</span> <span class='ocrx_word' id='word_1_795' title='bbox 1765 2464 1768 2465; x_wconf 19' lang='grc' dir='ltr'><em>ν</em></span> <span class='ocrx_word' id='word_1_796' title='bbox 1842 2457 1846 2465; x_wconf 26' lang='grc' dir='ltr'>Ἰ</span> 
     </span>
    </p>
   </div>
   <div class='ocr_carea' id='block_1_107' title="bbox 1158 2464 1856 2508">
    <p class='ocr_par' dir='ltr' id='par_1_107' title="bbox 1158 2464 1856 2508">
     <span class='ocr_line' id='line_1_107' title="bbox 1158 2464 1856 2508; baseline -0.01 -8"><span class='ocrx_word' id='word_1_797' title='bbox 1158 2482 1173 2500; x_wconf 76' lang='grc' dir='ltr'><strong>ιι</strong></span> <span class='ocrx_word' id='word_1_798' title='bbox 1195 2469 1319 2508; x_wconf 83' lang='grc' dir='ltr'>Εἷδότες,</span> <span class='ocrx_word' id='word_1_799' title='bbox 1336 2464 1376 2500; x_wconf 79' lang='grc' dir='ltr'>ὅτι</span> <span class='ocrx_word' id='word_1_800' title='bbox 1394 2470 1440 2500; x_wconf 88' lang='grc' dir='ltr'>καὶ</span> <span class='ocrx_word' id='word_1_801' title='bbox 1463 2471 1478 2499; x_wconf 82' lang='grc' dir='ltr'><strong>ὃ</strong></span> <span class='ocrx_word' id='word_1_802' title='bbox 1500 2464 1580 2503; x_wconf 78' lang='grc' dir='ltr'>κόπος</span> <span class='ocrx_word' id='word_1_803' title='bbox 1602 2471 1675 2508; x_wconf 76' lang='grc' dir='ltr'>ὑμῶν</span> <span class='ocrx_word' id='word_1_804' title='bbox 1695 2467 1739 2497; x_wconf 76' lang='grc' dir='ltr'>οὒκ</span> <span class='ocrx_word' id='word_1_805' title='bbox 1756 2464 1801 2508; x_wconf 72' lang='grc' dir='ltr'>ἔστι</span> <span class='ocrx_word' id='word_1_806' title='bbox 1811 2466 1856 2489; x_wconf 66' lang='grc' dir='ltr'>κενοί</span> 
     </span>
    </p>
   </div>
   <div class='ocr_carea' id='block_1_108' title="bbox 1113 2506 1855 2559">
    <p class='ocr_par' dir='ltr' id='par_1_108' title="bbox 1113 2506 1855 2559">
     <span class='ocr_line' id='line_1_108' title="bbox 1113 2506 1855 2559; baseline -0.009 -14"><span class='ocrx_word' id='word_1_807' title='bbox 1113 2516 1139 2545; x_wconf 83' lang='grc' dir='ltr'><strong>ἐν</strong></span> <span class='ocrx_word' id='word_1_808' title='bbox 1164 2514 1268 2556; x_wconf 86' lang='grc' dir='ltr'>Κυρίῳ.</span> <span class='ocrx_word' id='word_1_809' title='bbox 1290 2506 1491 2553; x_wconf 44' lang='grc' dir='ltr'>ιίΤουτέο-τιν,</span> <span class='ocrx_word' id='word_1_810' title='bbox 1514 2506 1677 2552; x_wconf 73' lang='grc' dir='ltr'>ἐλπίζοντες,</span> <span class='ocrx_word' id='word_1_811' title='bbox 1699 2506 1855 2559; x_wconf 46' lang='grc' dir='ltr'>ᾆτιβνςίςταξξί</span> 
     </span>
    </p>
   </div>
   <div class='ocr_carea' id='block_1_109' title="bbox 1113 2553 1854 2598">
    <p class='ocr_par' dir='ltr' id='par_1_109' title="bbox 1113 2553 1854 2598">
     <span class='ocr_line' id='line_1_109' title="bbox 1113 2553 1854 2598; baseline -0.011 -8"><span class='ocrx_word' id='word_1_812' title='bbox 1113 2560 1189 2590; x_wconf 79' lang='grc' dir='ltr'>ἔσται</span> <span class='ocrx_word' id='word_1_813' title='bbox 1200 2553 1216 2598; x_wconf 40' lang='grc'>,⁷</span> <span class='ocrx_word' id='word_1_814' title='bbox 1234 2553 1278 2590; x_wconf 74' lang='grc' dir='ltr'>καὶ</span> <span class='ocrx_word' id='word_1_815' title='bbox 1302 2560 1352 2590; x_wconf 77' lang='grc' dir='ltr'><strong>ὅσα</strong></span> <span class='ocrx_word' id='word_1_816' title='bbox 1379 2561 1409 2589; x_wconf 86' lang='grc' dir='ltr'><strong>ἂν</strong></span> <span class='ocrx_word' id='word_1_817' title='bbox 1434 2560 1601 2596; x_wconf 80' lang='grc' dir='ltr'>κοπιάσητε,</span> <span class='ocrx_word' id='word_1_818' title='bbox 1626 2560 1655 2589; x_wconf 82' lang='grc' dir='ltr'><strong>οὗ</strong></span> <span class='ocrx_word' id='word_1_819' title='bbox 1681 2556 1715 2596; x_wconf 83' lang='grc' dir='ltr'><strong>μὴ</strong></span> <span class='ocrx_word' id='word_1_820' title='bbox 1739 2553 1854 2598; x_wconf 70' lang='grc' dir='ltr'>ἀπολέςιητει</span> 
     </span>
    </p>
   </div>
   <div class='ocr_carea' id='block_1_110' title="bbox 1114 2593 1855 2646">
    <p class='ocr_par' dir='ltr' id='par_1_110' title="bbox 1114 2593 1855 2646">
     <span class='ocr_line' id='line_1_110' title="bbox 1114 2593 1855 2646; baseline 0.003 -11"><span class='ocrx_word' id='word_1_821' title='bbox 1114 2593 1214 2646; x_wconf 78' lang='grc' dir='ltr'>Πρώην</span> <span class='ocrx_word' id='word_1_822' title='bbox 1242 2605 1289 2644; x_wconf 85' lang='grc' dir='ltr'>μὲν</span> <span class='ocrx_word' id='word_1_823' title='bbox 1313 2605 1365 2645; x_wconf 78' lang='grc' dir='ltr'><strong>γὰρ</strong></span> <span class='ocrx_word' id='word_1_824' title='bbox 1387 2606 1511 2646; x_wconf 75' lang='grc' dir='ltr'>ἠμελεῖτε</span> <span class='ocrx_word' id='word_1_825' title='bbox 1536 2593 1716 2644; x_wconf 29' lang='grc' dir='ltr'>τῆςΠᾶρετῆς,</span> <span class='ocrx_word' id='word_1_826' title='bbox 1776 2593 1813 2646; x_wconf 55' lang='lat' dir='ltr'><strong>ff&quot;)</strong></span> 
     </span>
    </p>
   </div>
   <div class='ocr_carea' id='block_1_111' title="bbox 1114 2639 1854 2692">
    <p class='ocr_par' dir='ltr' id='par_1_111' title="bbox 1114 2639 1854 2692">
     <span class='ocr_line' id='line_1_111' title="bbox 1114 2639 1854 2692; baseline -0.003 -12"><span class='ocrx_word' id='word_1_827' title='bbox 1114 2639 1249 2684; x_wconf 71' lang='grc' dir='ltr'>στεύοντες</span> <span class='ocrx_word' id='word_1_828' title='bbox 1264 2649 1410 2680; x_wconf 79' lang='grc' dir='ltr'>ἀνάστασιν</span> <span class='ocrx_word' id='word_1_829' title='bbox 1424 2645 1509 2688; x_wconf 79' lang='grc' dir='ltr'>εἶναι,</span> <span class='ocrx_word' id='word_1_830' title='bbox 1526 2649 1573 2679; x_wconf 82' lang='grc' dir='ltr'><strong>καὶ</strong></span> <span class='ocrx_word' id='word_1_831' title='bbox 1588 2648 1632 2679; x_wconf 82' lang='grc' dir='ltr'><strong>διὰ</strong></span> <span class='ocrx_word' id='word_1_832' title='bbox 1645 2649 1718 2678; x_wconf 80' lang='grc' dir='ltr'>τοῦτο</span> <span class='ocrx_word' id='word_1_833' title='bbox 1730 2643 1762 2681; x_wconf 73' lang='grc' dir='ltr'>μή</span> <span class='ocrx_word' id='word_1_834' title='bbox 1774 2639 1854 2692; x_wconf 37' lang='grc' dir='ltr'><strong>θίξοντξί</strong></span> 
     </span>
    </p>
   </div>
   <div class='ocr_carea' id='block_1_112' title="bbox 1108 2689 1854 2736">
    <p class='ocr_par' dir='ltr' id='par_1_112' title="bbox 1108 2689 1854 2736">
     <span class='ocr_line' id='line_1_112' title="bbox 1108 2689 1854 2736; baseline -0.013 -11"><span class='ocrx_word' id='word_1_835' title='bbox 1108 2697 1189 2729; x_wconf 81' lang='grc' dir='ltr'>κενῶς</span> <span class='ocrx_word' id='word_1_836' title='bbox 1209 2699 1321 2736; x_wconf 82' lang='grc' dir='ltr'>κοπιᾷν·</span> <span class='ocrx_word' id='word_1_837' title='bbox 1340 2696 1386 2725; x_wconf 77' lang='grc' dir='ltr'>νῦν</span> <span class='ocrx_word' id='word_1_838' title='bbox 1405 2694 1433 2724; x_wconf 81' lang='grc' dir='ltr'><strong>δὲ</strong></span> <span class='ocrx_word' id='word_1_839' title='bbox 1455 2694 1561 2733; x_wconf 80' lang='grc' dir='ltr'>οἴδατε,</span> <span class='ocrx_word' id='word_1_840' title='bbox 1585 2693 1640 2729; x_wconf 74' lang='grc' dir='ltr'>ετι,</span> <span class='ocrx_word' id='word_1_841' title='bbox 1655 2692 1678 2720; x_wconf 81' lang='grc' dir='ltr'><strong>εἴ</strong></span> <span class='ocrx_word' id='word_1_842' title='bbox 1695 2700 1717 2718; x_wconf 87' lang='grc' dir='ltr'><strong>τι</strong></span> <span class='ocrx_word' id='word_1_843' title='bbox 1735 2689 1854 2717; x_wconf 60' lang='lat' dir='ltr'><strong>ument“:</strong></span> 
     </span>
    </p>
   </div>
   <div class='ocr_carea' id='block_1_113' title="bbox 953 2763 1222 2795">
    <p class='ocr_par' dir='ltr' id='par_1_113' title="bbox 953 2763 1222 2795">
     <span class='ocr_line' id='line_1_113' title="bbox 953 2763 1222 2795; baseline 0.007 -2"><span class='ocrx_word' id='word_1_844' title='bbox 953 2763 1048 2794; x_wconf 85' lang='lat' dir='ltr'><strong>Variae</strong></span> <span class='ocrx_word' id='word_1_845' title='bbox 1069 2764 1222 2795; x_wconf 82' lang='lat' dir='ltr'><strong>lectiones.</strong></span> 
     </span>
    </p>
   </div>
   <div class='ocr_carea' id='block_1_114' title="bbox 295 2821 1446 2859">
    <p class='ocr_par' dir='ltr' id='par_1_114' title="bbox 295 2821 1446 2859">
     <span class='ocr_line' id='line_1_114' title="bbox 295 2821 1446 2859; baseline -0.002 -9"><span class='ocrx_word' id='word_1_846' title='bbox 295 2822 304 2839; x_wconf 74' lang='grc'><strong><em>²</em></strong></span> <span class='ocrx_word' id='word_1_847' title='bbox 329 2822 507 2858; x_wconf 62' lang='grc' dir='ltr'>ἀπολειφθῆναι</span> <span class='ocrx_word' id='word_1_848' title='bbox 520 2832 546 2852; x_wconf 93' lang='lat'><strong>0.</strong></span> <span class='ocrx_word' id='word_1_849' title='bbox 586 2824 605 2841; x_wconf 68' lang='grc'><strong>9³</strong></span> <span class='ocrx_word' id='word_1_850' title='bbox 622 2822 722 2859; x_wconf 74' lang='grc' dir='ltr'>ἴσχυσεν</span> <span class='ocrx_word' id='word_1_851' title='bbox 739 2831 766 2852; x_wconf 93' lang='lat' dir='ltr'><strong>m</strong></span> <span class='ocrx_word' id='word_1_852' title='bbox 814 2823 836 2841; x_wconf 77' lang='grc'><strong>⁹²</strong></span> <span class='ocrx_word' id='word_1_853' title='bbox 847 2824 968 2859; x_wconf 80' lang='grc' dir='ltr'>καθῃρέθη</span> <span class='ocrx_word' id='word_1_854' title='bbox 987 2831 1013 2850; x_wconf 85' lang='lat'><strong>0.</strong></span> <span class='ocrx_word' id='word_1_855' title='bbox 1053 2822 1075 2839; x_wconf 78' lang='grc'><strong>⁹³</strong></span> <span class='ocrx_word' id='word_1_856' title='bbox 1086 2822 1182 2849; x_wconf 79' lang='grc' dir='ltr'>δίδοται</span> <span class='ocrx_word' id='word_1_857' title='bbox 1198 2830 1238 2850; x_wconf 88' lang='lat' dir='ltr'><strong>m.</strong></span> <span class='ocrx_word' id='word_1_858' title='bbox 1277 2821 1298 2839; x_wconf 69' lang='lat'><strong>9‘</strong></span> <span class='ocrx_word' id='word_1_859' title='bbox 1312 2821 1400 2854; x_wconf 75' lang='grc' dir='ltr'>ἐπειδὴ</span> <span class='ocrx_word' id='word_1_860' title='bbox 1419 2829 1446 2849; x_wconf 94' lang='lat' dir='ltr'><strong>o.</strong></span> 
     </span>
    </p>
   </div>
  </div>
