  <div class='ocr_page' id='page_1' title='image "/cluster/home/n/w/nwhite01/storage/ocr_20150623/124/njp.32101010942728/528.png"; bbox 0 0 1867 3081; ppageno 0'>
   <div class='ocr_carea' id='block_1_1' title="bbox 0 191 33 217">
    <p class='ocr_par' dir='ltr' id='par_1_1' title="bbox 0 191 33 217">
     <span class='ocr_line' id='line_1_1' title="bbox 0 191 33 217; baseline 0 0"><span class='ocrx_word' id='word_1_1' title='bbox 0 191 33 217; x_wconf 80' lang='lat' dir='ltr'><strong>B5</strong></span> 
     </span>
    </p>
   </div>
   <div class='ocr_carea' id='block_1_2' title="bbox 446 191 801 220">
    <p class='ocr_par' dir='ltr' id='par_1_2' title="bbox 446 191 801 220">
     <span class='ocr_line' id='line_1_2' title="bbox 446 191 801 220; baseline -0.003 0"><span class='ocrx_word' id='word_1_2' title='bbox 446 191 622 220; x_wconf 80' lang='lat' dir='ltr'><strong>EXPOSITIO</strong></span> <span class='ocrx_word' id='word_1_3' title='bbox 642 192 674 220; x_wconf 84' lang='lat' dir='ltr'><strong>IN</strong></span> <span class='ocrx_word' id='word_1_4' title='bbox 694 191 801 220; x_wconf 87' lang='lat' dir='ltr'><strong>EPIST.</strong></span> 
     </span>
    </p>
   </div>
   <div class='ocr_carea' id='block_1_3' title="bbox 851 191 1650 224">
    <p class='ocr_par' dir='ltr' id='par_1_3' title="bbox 851 191 1650 224">
     <span class='ocr_line' id='line_1_3' title="bbox 851 191 1650 224; baseline 0.005 -4"><span class='ocrx_word' id='word_1_5' title='bbox 851 191 897 220; x_wconf 75' lang='lat' dir='ltr'><strong>AD</strong></span> <span class='ocrx_word' id='word_1_6' title='bbox 915 191 994 220; x_wconf 81' lang='lat' dir='ltr'><strong>COR.</strong></span> <span class='ocrx_word' id='word_1_7' title='bbox 1014 207 1048 213; x_wconf 93' lang='lat'><strong><em>—</em></strong></span> <span class='ocrx_word' id='word_1_8' title='bbox 1063 192 1138 220; x_wconf 76' lang='lat' dir='ltr'><strong>CAP.</strong></span> <span class='ocrx_word' id='word_1_9' title='bbox 1159 193 1224 222; x_wconf 81' lang='lat' dir='ltr'><strong>XVI.</strong></span> <span class='ocrx_word' id='word_1_10' title='bbox 1598 197 1650 224; x_wconf 87' lang='lat'><strong>786</strong></span> 
     </span>
    </p>
   </div>
   <div class='ocr_carea' id='block_1_4' title="bbox 0 252 796 295">
    <p class='ocr_par' dir='ltr' id='par_1_4' title="bbox 0 252 796 295">
     <span class='ocr_line' id='line_1_4' title="bbox 0 252 796 295; baseline 0.001 -12"><span class='ocrx_word' id='word_1_11' title='bbox 0 254 30 283; x_wconf 67' lang='grc'><strong>51.</strong></span> <span class='ocrx_word' id='word_1_12' title='bbox 43 252 127 283; x_wconf 72' lang='grc' dir='ltr'>ἔσται</span> <span class='ocrx_word' id='word_1_13' title='bbox 143 253 237 284; x_wconf 75' lang='grc' dir='ltr'>κενόν.</span> <span class='ocrx_word' id='word_1_14' title='bbox 250 253 291 285; x_wconf 79' lang='grc' dir='ltr'><strong>Τὸ</strong></span> <span class='ocrx_word' id='word_1_15' title='bbox 305 253 351 292; x_wconf 70' lang='grc' dir='ltr'>δὲ,</span> <span class='ocrx_word' id='word_1_16' title='bbox 365 265 381 282; x_wconf 74' lang='grc' dir='ltr'><strong>ε</strong></span> <span class='ocrx_word' id='word_1_17' title='bbox 392 253 440 285; x_wconf 88' lang='grc' dir='ltr'>Ἐν</span> <span class='ocrx_word' id='word_1_18' title='bbox 456 254 548 295; x_wconf 83' lang='grc' dir='ltr'>Κυρίῳ</span> <span class='ocrx_word' id='word_1_19' title='bbox 558 277 566 292; x_wconf 83' lang='grc'><strong>,</strong></span> <span class='ocrx_word' id='word_1_20' title='bbox 579 266 595 284; x_wconf 81' lang='grc' dir='ltr'>ι)</span> <span class='ocrx_word' id='word_1_21' title='bbox 608 253 626 290; x_wconf 80' lang='grc' dir='ltr'><strong>ἢ</strong></span> <span class='ocrx_word' id='word_1_22' title='bbox 636 277 645 291; x_wconf 91' lang='grc'><strong>,</strong></span> <span class='ocrx_word' id='word_1_23' title='bbox 658 254 698 284; x_wconf 73' lang='grc' dir='ltr'>ὅτι</span> <span class='ocrx_word' id='word_1_24' title='bbox 708 254 743 285; x_wconf 57' lang='lat' dir='ltr'><strong>f0</strong></span> <span class='ocrx_word' id='word_1_25' title='bbox 756 254 796 284; x_wconf 88' lang='grc' dir='ltr'>κό-</span> 
     </span>
    </p>
   </div>
   <div class='ocr_carea' id='block_1_5' title="bbox 884 252 1647 295">
    <p class='ocr_par' dir='ltr' id='par_1_5' title="bbox 884 255 1647 293">
     <span class='ocr_line' id='line_1_5' title="bbox 884 255 1647 293; baseline 0.008 -11"><span class='ocrx_word' id='word_1_26' title='bbox 884 262 926 282; x_wconf 80' lang='lat' dir='ltr'><strong>lnc</strong></span> <span class='ocrx_word' id='word_1_27' title='bbox 949 258 1044 283; x_wconf 88' lang='lat' dir='ltr'><strong>autem</strong></span> <span class='ocrx_word' id='word_1_28' title='bbox 1071 255 1196 289; x_wconf 84' lang='lat' dir='ltr'><strong>novistis,</strong></span> <span class='ocrx_word' id='word_1_29' title='bbox 1215 256 1288 292; x_wconf 87' lang='lat' dir='ltr'><strong>quod</strong></span> <span class='ocrx_word' id='word_1_30' title='bbox 1311 256 1333 284; x_wconf 93' lang='lat' dir='ltr'><strong>si</strong></span> <span class='ocrx_word' id='word_1_31' title='bbox 1357 256 1426 293; x_wconf 89' lang='lat' dir='ltr'><strong>quid</strong></span> <span class='ocrx_word' id='word_1_32' title='bbox 1450 257 1647 293; x_wconf 84' lang='lat' dir='ltr'><strong>laboraveritis,</strong></span> 
     </span>
    </p>
   </div>
   <div class='ocr_carea' id='block_1_6' title="bbox 0 298 798 340">
    <p class='ocr_par' dir='ltr' id='par_1_6' title="bbox 0 298 798 340">
     <span class='ocr_line' id='line_1_6' title="bbox 0 298 798 340; baseline 0.001 -13"><span class='ocrx_word' id='word_1_33' title='bbox 0 310 30 331; x_wconf 85' lang='grc' dir='ltr'><strong>ος</strong></span> <span class='ocrx_word' id='word_1_34' title='bbox 45 299 128 335; x_wconf 74' lang='grc' dir='ltr'>ὗμεῖιν</span> <span class='ocrx_word' id='word_1_35' title='bbox 149 300 168 328; x_wconf 82' lang='grc' dir='ltr'><strong>ὁ</strong></span> <span class='ocrx_word' id='word_1_36' title='bbox 185 299 212 328; x_wconf 76' lang='grc' dir='ltr'><strong>ἐν</strong></span> <span class='ocrx_word' id='word_1_37' title='bbox 234 298 338 340; x_wconf 84' lang='grc' dir='ltr'>Κυρίῳ,</span> <span class='ocrx_word' id='word_1_38' title='bbox 353 298 506 338; x_wconf 78' lang='grc' dir='ltr'><strong>τουτέστιν,</strong></span> <span class='ocrx_word' id='word_1_39' title='bbox 527 301 541 329; x_wconf 81' lang='grc' dir='ltr'><strong>ὃ</strong></span> <span class='ocrx_word' id='word_1_40' title='bbox 561 299 609 329; x_wconf 81' lang='grc' dir='ltr'><strong>καὶ</strong></span> <span class='ocrx_word' id='word_1_41' title='bbox 633 299 682 336; x_wconf 82' lang='grc' dir='ltr'><strong>τὴν</strong></span> <span class='ocrx_word' id='word_1_42' title='bbox 699 299 798 329; x_wconf 79' lang='grc' dir='ltr'>ἄνωθεν</span> 
     </span>
    </p>
   </div>
   <div class='ocr_carea' id='block_1_7' title="bbox 0 343 798 385">
    <p class='ocr_par' dir='ltr' id='par_1_7' title="bbox 0 343 798 385">
     <span class='ocr_line' id='line_1_7' title="bbox 0 343 798 385; baseline 0.003 -13"><span class='ocrx_word' id='word_1_43' title='bbox 0 343 118 379; x_wconf 64' lang='grc' dir='ltr'>ιοήθειαν</span> <span class='ocrx_word' id='word_1_44' title='bbox 145 343 233 384; x_wconf 75' lang='grc' dir='ltr'>ἔχων,</span> <span class='ocrx_word' id='word_1_45' title='bbox 248 345 285 378; x_wconf 83' lang='grc' dir='ltr'><strong>ὡς</strong></span> <span class='ocrx_word' id='word_1_46' title='bbox 310 343 355 374; x_wconf 75' lang='grc' dir='ltr'><strong>ἐπὶ</strong></span> <span class='ocrx_word' id='word_1_47' title='bbox 374 344 523 385; x_wconf 80' lang='grc' dir='ltr'>θεαρέστοις</span> <span class='ocrx_word' id='word_1_48' title='bbox 537 344 623 385; x_wconf 77' lang='grc' dir='ltr'>ἔργοις</span> <span class='ocrx_word' id='word_1_49' title='bbox 643 344 798 385; x_wconf 80' lang='grc' dir='ltr'><strong>γινόμενος·</strong></span> 
     </span>
    </p>
   </div>
   <div class='ocr_carea' id='block_1_8' title="bbox 3 387 798 429">
    <p class='ocr_par' dir='ltr' id='par_1_8' title="bbox 3 387 798 429">
     <span class='ocr_line' id='line_1_8' title="bbox 3 387 798 429; baseline 0 -11"><span class='ocrx_word' id='word_1_50' title='bbox 3 411 11 425; x_wconf 83' lang='grc'><strong>,</strong></span> <span class='ocrx_word' id='word_1_51' title='bbox 25 387 68 418; x_wconf 77' lang='grc' dir='ltr'><strong>ὅτι</strong></span> <span class='ocrx_word' id='word_1_52' title='bbox 82 389 179 429; x_wconf 76' lang='grc' dir='ltr'>Παρὰ</span> <span class='ocrx_word' id='word_1_53' title='bbox 197 389 288 429; x_wconf 80' lang='grc' dir='ltr'><strong>Κυρίῳ</strong></span> <span class='ocrx_word' id='word_1_54' title='bbox 301 390 331 419; x_wconf 83' lang='grc' dir='ltr'>οὔ</span> <span class='ocrx_word' id='word_1_55' title='bbox 353 389 571 428; x_wconf 78' lang='grc' dir='ltr'>ματαιωθήοεται</span> <span class='ocrx_word' id='word_1_56' title='bbox 586 391 600 419; x_wconf 81' lang='grc' dir='ltr'><strong>ὃ</strong></span> <span class='ocrx_word' id='word_1_57' title='bbox 620 389 710 428; x_wconf 79' lang='grc' dir='ltr'>κόπος,</span> <span class='ocrx_word' id='word_1_58' title='bbox 729 389 798 419; x_wconf 73' lang='grc' dir='ltr'>ἀλλὰ</span> 
     </span>
    </p>
   </div>
   <div class='ocr_carea' id='block_1_9' title="bbox 0 432 515 476">
    <p class='ocr_par' dir='ltr' id='par_1_9' title="bbox 0 432 515 476">
     <span class='ocr_line' id='line_1_9' title="bbox 0 432 515 476; baseline 0.002 -13"><span class='ocrx_word' id='word_1_59' title='bbox 0 432 108 475; x_wconf 56' lang='grc' dir='ltr'>λήψεσθε</span> <span class='ocrx_word' id='word_1_60' title='bbox 123 433 198 476; x_wconf 87' lang='grc' dir='ltr'>παρ’</span> <span class='ocrx_word' id='word_1_61' title='bbox 213 433 313 464; x_wconf 79' lang='grc' dir='ltr'>ἐκείνου</span> <span class='ocrx_word' id='word_1_62' title='bbox 326 434 374 468; x_wconf 82' lang='grc' dir='ltr'><strong>τὰς</strong></span> <span class='ocrx_word' id='word_1_63' title='bbox 390 434 515 474; x_wconf 76' lang='grc' dir='ltr'>ἀμοιϐάς.</span> 
     </span>
    </p>
   </div>
   <div class='ocr_carea' id='block_1_10' title="bbox 283 546 519 586">
    <p class='ocr_par' dir='ltr' id='par_1_10' title="bbox 283 546 519 586">
     <span class='ocr_line' id='line_1_10' title="bbox 283 546 519 586; baseline -0.008 -8"><span class='ocrx_word' id='word_1_64' title='bbox 283 548 430 579; x_wconf 83' lang='grc' dir='ltr'>ΚΕΦΑΛ.</span> <span class='ocrx_word' id='word_1_65' title='bbox 455 546 519 586; x_wconf 75' lang='grc' dir='ltr'>ις’.</span> 
     </span>
    </p>
   </div>
   <div class='ocr_carea' id='block_1_11' title="bbox 28 615 799 657">
    <p class='ocr_par' dir='ltr' id='par_1_11' title="bbox 28 615 799 657">
     <span class='ocr_line' id='line_1_11' title="bbox 28 615 799 657; baseline 0.001 -12"><span class='ocrx_word' id='word_1_66' title='bbox 28 625 43 645; x_wconf 74' lang='grc' dir='ltr'>ι</span> <span class='ocrx_word' id='word_1_67' title='bbox 68 615 144 656; x_wconf 83' lang='grc' dir='ltr'>Περὶ</span> <span class='ocrx_word' id='word_1_68' title='bbox 161 615 194 646; x_wconf 76' lang='grc' dir='ltr'><strong>δὲ</strong></span> <span class='ocrx_word' id='word_1_69' title='bbox 217 616 264 651; x_wconf 78' lang='grc' dir='ltr'><strong>τῆς</strong></span> <span class='ocrx_word' id='word_1_70' title='bbox 276 615 367 655; x_wconf 81' lang='grc' dir='ltr'><strong>λογίας</strong></span> <span class='ocrx_word' id='word_1_71' title='bbox 380 617 427 652; x_wconf 74' lang='grc' dir='ltr'><strong>τῆς</strong></span> <span class='ocrx_word' id='word_1_72' title='bbox 441 616 478 649; x_wconf 81' lang='grc' dir='ltr'><strong>εἷς</strong></span> <span class='ocrx_word' id='word_1_73' title='bbox 500 615 560 650; x_wconf 77' lang='grc' dir='ltr'>τοὺς</span> <span class='ocrx_word' id='word_1_74' title='bbox 575 616 685 656; x_wconf 75' lang='grc' dir='ltr'>ἁγίους,</span> <span class='ocrx_word' id='word_1_75' title='bbox 708 615 799 657; x_wconf 83' lang='grc' dir='ltr'>ὥσπερ</span> 
     </span>
    </p>
   </div>
   <div class='ocr_carea' id='block_1_12' title="bbox 0 660 800 700">
    <p class='ocr_par' dir='ltr' id='par_1_12' title="bbox 0 660 800 700">
     <span class='ocr_line' id='line_1_12' title="bbox 0 660 800 700; baseline 0.003 -11"><span class='ocrx_word' id='word_1_76' title='bbox 0 660 94 694; x_wconf 81' lang='grc' dir='ltr'>ῖιέταξα</span> <span class='ocrx_word' id='word_1_77' title='bbox 122 662 189 694; x_wconf 86' lang='grc' dir='ltr'>ταῖς</span> <span class='ocrx_word' id='word_1_78' title='bbox 213 660 389 697; x_wconf 80' lang='grc' dir='ltr'>Ἐκκλησίαις</span> <span class='ocrx_word' id='word_1_79' title='bbox 411 663 458 697; x_wconf 76' lang='grc' dir='ltr'><strong>τῆς</strong></span> <span class='ocrx_word' id='word_1_80' title='bbox 481 661 636 700; x_wconf 76' lang='grc' dir='ltr'><strong>Γαλατίας,</strong></span> <span class='ocrx_word' id='word_1_81' title='bbox 657 660 729 690; x_wconf 77' lang='grc' dir='ltr'>οὕτω</span> <span class='ocrx_word' id='word_1_82' title='bbox 755 661 800 691; x_wconf 72' lang='grc' dir='ltr'>καὶ</span> 
     </span>
    </p>
   </div>
   <div class='ocr_carea' id='block_1_13' title="bbox 0 705 796 746">
    <p class='ocr_par' dir='ltr' id='par_1_13' title="bbox 0 705 796 746">
     <span class='ocr_line' id='line_1_13' title="bbox 0 705 796 746; baseline 0.003 -12"><span class='ocrx_word' id='word_1_83' title='bbox 0 707 60 745; x_wconf 67' lang='grc' dir='ltr'>ιμιῖς</span> <span class='ocrx_word' id='word_1_84' title='bbox 86 705 240 742; x_wconf 83' lang='grc' dir='ltr'>ποιήσατε.</span> <span class='ocrx_word' id='word_1_85' title='bbox 264 717 278 735; x_wconf 85' lang='lat' dir='ltr'><strong>n</strong></span> <span class='ocrx_word' id='word_1_86' title='bbox 305 706 468 746; x_wconf 81' lang='grc' dir='ltr'>Ἀπαρτίσας</span> <span class='ocrx_word' id='word_1_87' title='bbox 493 706 538 736; x_wconf 82' lang='grc' dir='ltr'><strong>τὸν</strong></span> <span class='ocrx_word' id='word_1_88' title='bbox 562 706 623 746; x_wconf 79' lang='grc' dir='ltr'>περὶ</span> <span class='ocrx_word' id='word_1_89' title='bbox 650 707 703 736; x_wconf 81' lang='grc' dir='ltr'><strong>τῶν</strong></span> <span class='ocrx_word' id='word_1_90' title='bbox 732 707 796 745; x_wconf 81' lang='grc' dir='ltr'>δογ-</span> 
     </span>
    </p>
   </div>
   <div class='ocr_carea' id='block_1_14' title="bbox 0 751 797 792">
    <p class='ocr_par' dir='ltr' id='par_1_14' title="bbox 0 751 797 792">
     <span class='ocr_line' id='line_1_14' title="bbox 0 751 797 792; baseline 0 -11"><span class='ocrx_word' id='word_1_91' title='bbox 0 751 80 780; x_wconf 75' lang='grc' dir='ltr'>ιᾶτων</span> <span class='ocrx_word' id='word_1_92' title='bbox 102 751 209 790; x_wconf 81' lang='grc' dir='ltr'>λόγον,</span> <span class='ocrx_word' id='word_1_93' title='bbox 234 752 271 786; x_wconf 81' lang='grc' dir='ltr'>εἰς</span> <span class='ocrx_word' id='word_1_94' title='bbox 280 751 306 771; x_wconf 67' lang='grc'><strong>9⁵</strong></span> <span class='ocrx_word' id='word_1_95' title='bbox 330 751 362 781; x_wconf 80' lang='grc' dir='ltr'><strong>τὸ</strong></span> <span class='ocrx_word' id='word_1_96' title='bbox 385 751 528 792; x_wconf 74' lang='grc' dir='ltr'>κεφάλαιον</span> <span class='ocrx_word' id='word_1_97' title='bbox 548 753 601 781; x_wconf 78' lang='grc' dir='ltr'><strong>τῶν</strong></span> <span class='ocrx_word' id='word_1_98' title='bbox 623 752 724 791; x_wconf 73' lang='grc' dir='ltr'>ἀρετῶν</span> <span class='ocrx_word' id='word_1_99' title='bbox 749 752 797 788; x_wconf 83' lang='grc' dir='ltr'><strong>τὴν</strong></span> 
     </span>
    </p>
   </div>
   <div class='ocr_carea' id='block_1_15' title="bbox 0 792 797 837">
    <p class='ocr_par' dir='ltr' id='par_1_15' title="bbox 0 792 797 837">
     <span class='ocr_line' id='line_1_15' title="bbox 0 792 797 837; baseline 0.001 -12"><span class='ocrx_word' id='word_1_100' title='bbox 0 796 181 834; x_wconf 78' lang='grc' dir='ltr'>ῐλιημοσύνην</span> <span class='ocrx_word' id='word_1_101' title='bbox 197 792 274 833; x_wconf 71' lang='grc' dir='ltr'>ἦλθε.</span> <span class='ocrx_word' id='word_1_102' title='bbox 291 796 391 836; x_wconf 86' lang='grc' dir='ltr'>Λογίαν</span> <span class='ocrx_word' id='word_1_103' title='bbox 404 796 433 826; x_wconf 83' lang='grc' dir='ltr'><strong>δὲ</strong></span> <span class='ocrx_word' id='word_1_104' title='bbox 451 798 528 826; x_wconf 88' lang='grc' dir='ltr'>καλεῖ</span> <span class='ocrx_word' id='word_1_105' title='bbox 539 796 565 816; x_wconf 67' lang='lat'><strong>9°</strong></span> <span class='ocrx_word' id='word_1_106' title='bbox 580 796 628 833; x_wconf 80' lang='grc' dir='ltr'>τὴν</span> <span class='ocrx_word' id='word_1_107' title='bbox 647 797 778 837; x_wconf 87' lang='grc' dir='ltr'>συλλογὴν</span> <span class='ocrx_word' id='word_1_108' title='bbox 788 820 797 835; x_wconf 90' lang='grc'><strong>,</strong></span> 
     </span>
    </p>
   </div>
   <div class='ocr_carea' id='block_1_16' title="bbox 0 840 799 882">
    <p class='ocr_par' dir='ltr' id='par_1_16' title="bbox 0 840 799 882">
     <span class='ocr_line' id='line_1_16' title="bbox 0 840 799 882; baseline 0.004 -14"><span class='ocrx_word' id='word_1_109' title='bbox 0 842 87 880; x_wconf 79' lang='grc' dir='ltr'>ιοῦφον</span> <span class='ocrx_word' id='word_1_110' title='bbox 112 840 193 875; x_wconf 76' lang='grc' dir='ltr'>εὐθὺς</span> <span class='ocrx_word' id='word_1_111' title='bbox 219 842 250 872; x_wconf 82' lang='grc' dir='ltr'><strong>τὸ</strong></span> <span class='ocrx_word' id='word_1_112' title='bbox 270 845 383 882; x_wconf 75' lang='grc' dir='ltr'>πρᾶγμα</span> <span class='ocrx_word' id='word_1_113' title='bbox 411 843 494 871; x_wconf 81' lang='grc' dir='ltr'>ποιῶν</span> <span class='ocrx_word' id='word_1_114' title='bbox 522 842 553 871; x_wconf 76' lang='grc' dir='ltr'><strong>ἐχ</strong></span> <span class='ocrx_word' id='word_1_115' title='bbox 576 841 732 882; x_wconf 75' lang='grc' dir='ltr'><strong>προοιμίων.</strong></span> <span class='ocrx_word' id='word_1_116' title='bbox 758 841 799 872; x_wconf 77' lang='grc' dir='ltr'>Τὸ</span> 
     </span>
    </p>
   </div>
   <div class='ocr_carea' id='block_1_17' title="bbox 0 883 796 927">
    <p class='ocr_par' dir='ltr' id='par_1_17' title="bbox 0 883 796 927">
     <span class='ocr_line' id='line_1_17' title="bbox 0 883 796 927; baseline 0.004 -13"><span class='ocrx_word' id='word_1_117' title='bbox 0 884 41 927; x_wconf 40' lang='grc' dir='ltr'><strong>γαρ</strong></span> <span class='ocrx_word' id='word_1_118' title='bbox 62 885 93 914; x_wconf 76' lang='grc' dir='ltr'>ἐκ</span> <span class='ocrx_word' id='word_1_119' title='bbox 117 886 233 915; x_wconf 75' lang='grc' dir='ltr'>πολλῶν</span> <span class='ocrx_word' id='word_1_120' title='bbox 256 886 489 927; x_wconf 83' lang='grc' dir='ltr'>συνεισφερόμενον</span> <span class='ocrx_word' id='word_1_121' title='bbox 509 889 606 926; x_wconf 78' lang='grc' dir='ltr'>κοῦφον</span> <span class='ocrx_word' id='word_1_122' title='bbox 628 883 660 923; x_wconf 76' lang='grc' dir='ltr'><strong>ἦν</strong></span> <span class='ocrx_word' id='word_1_123' title='bbox 680 887 796 927; x_wconf 75' lang='grc' dir='ltr'>ἑκάστῳ.</span> 
     </span>
    </p>
   </div>
   <div class='ocr_carea' id='block_1_18' title="bbox 854 299 1646 339">
    <p class='ocr_par' dir='ltr' id='par_1_18' title="bbox 854 299 1646 339">
     <span class='ocr_line' id='line_1_18' title="bbox 854 299 1646 339; baseline 0.005 -12"><span class='ocrx_word' id='word_1_124' title='bbox 854 307 909 327; x_wconf 90' lang='lat' dir='ltr'><strong>non</strong></span> <span class='ocrx_word' id='word_1_125' title='bbox 916 300 952 328; x_wconf 97' lang='lat' dir='ltr'><strong>sit</strong></span> <span class='ocrx_word' id='word_1_126' title='bbox 961 299 1087 328; x_wconf 78' lang='lat' dir='ltr'><strong>futurum</strong></span> <span class='ocrx_word' id='word_1_127' title='bbox 1094 308 1204 328; x_wconf 87' lang='lat' dir='ltr'><strong>vanum.</strong></span> <span class='ocrx_word' id='word_1_128' title='bbox 1212 301 1292 336; x_wconf 88' lang='lat' dir='ltr'><strong>Quod</strong></span> <span class='ocrx_word' id='word_1_129' title='bbox 1300 309 1363 329; x_wconf 85' lang='lat' dir='ltr'><strong>vero</strong></span> <span class='ocrx_word' id='word_1_130' title='bbox 1370 302 1420 337; x_wconf 92' lang='lat' dir='ltr'><strong>ait,</strong></span> <span class='ocrx_word' id='word_1_131' title='bbox 1430 314 1442 326; x_wconf 81' lang='grc' dir='ltr'><strong>ιι</strong></span> <span class='ocrx_word' id='word_1_132' title='bbox 1452 302 1478 330; x_wconf 89' lang='lat' dir='ltr'><strong>in</strong></span> <span class='ocrx_word' id='word_1_133' title='bbox 1486 303 1621 339; x_wconf 82' lang='lat' dir='ltr'><strong>Domino,</strong></span> <span class='ocrx_word' id='word_1_134' title='bbox 1634 316 1646 328; x_wconf 68' lang='grc' dir='ltr'><strong>υ</strong></span> 
     </span>
    </p>
   </div>
   <div class='ocr_carea' id='block_1_19' title="bbox 853 344 1648 383">
    <p class='ocr_par' dir='ltr' id='par_1_19' title="bbox 853 344 1648 383">
     <span class='ocr_line' id='line_1_19' title="bbox 853 344 1648 383; baseline 0.005 -11"><span class='ocrx_word' id='word_1_135' title='bbox 853 344 895 372; x_wconf 86' lang='lat' dir='ltr'><strong>vel</strong></span> <span class='ocrx_word' id='word_1_136' title='bbox 906 344 980 381; x_wconf 90' lang='lat' dir='ltr'><strong>quod</strong></span> <span class='ocrx_word' id='word_1_137' title='bbox 993 345 1072 373; x_wconf 87' lang='lat' dir='ltr'><strong>labor</strong></span> <span class='ocrx_word' id='word_1_138' title='bbox 1087 350 1175 374; x_wconf 89' lang='lat' dir='ltr'><strong>vester</strong></span> <span class='ocrx_word' id='word_1_139' title='bbox 1185 346 1231 381; x_wconf 92' lang='lat' dir='ltr'><strong>qui</strong></span> <span class='ocrx_word' id='word_1_140' title='bbox 1244 350 1286 374; x_wconf 86' lang='lat' dir='ltr'><strong>est</strong></span> <span class='ocrx_word' id='word_1_141' title='bbox 1307 347 1334 374; x_wconf 92' lang='lat' dir='ltr'><strong>in</strong></span> <span class='ocrx_word' id='word_1_142' title='bbox 1349 347 1482 383; x_wconf 89' lang='lat' dir='ltr'><strong>Domino,</strong></span> <span class='ocrx_word' id='word_1_143' title='bbox 1505 347 1557 376; x_wconf 92' lang='lat' dir='ltr'><strong>hoc</strong></span> <span class='ocrx_word' id='word_1_144' title='bbox 1567 352 1619 381; x_wconf 87' lang='lat' dir='ltr'><strong>est,</strong></span> <span class='ocrx_word' id='word_1_145' title='bbox 1634 357 1648 376; x_wconf 74' lang='grc' dir='ltr'><strong>ιι</strong></span> 
     </span>
    </p>
   </div>
   <div class='ocr_carea' id='block_1_20' title="bbox 852 390 1650 428">
    <p class='ocr_par' dir='ltr' id='par_1_20' title="bbox 852 390 1650 428">
     <span class='ocr_line' id='line_1_20' title="bbox 852 390 1650 428; baseline 0.004 -11"><span class='ocrx_word' id='word_1_146' title='bbox 852 390 978 425; x_wconf 84' lang='lat' dir='ltr'><strong>supernis</strong></span> <span class='ocrx_word' id='word_1_147' title='bbox 1000 391 1132 419; x_wconf 84' lang='lat' dir='ltr'><strong>auxilium</strong></span> <span class='ocrx_word' id='word_1_148' title='bbox 1147 391 1261 425; x_wconf 86' lang='lat' dir='ltr'><strong>habens,</strong></span> <span class='ocrx_word' id='word_1_149' title='bbox 1277 395 1307 419; x_wconf 86' lang='lat' dir='ltr'><strong>ut</strong></span> <span class='ocrx_word' id='word_1_150' title='bbox 1321 391 1367 428; x_wconf 90' lang='lat' dir='ltr'><strong>qui</strong></span> <span class='ocrx_word' id='word_1_151' title='bbox 1381 392 1427 419; x_wconf 86' lang='lat' dir='ltr'><strong>liat</strong></span> <span class='ocrx_word' id='word_1_152' title='bbox 1440 392 1477 420; x_wconf 91' lang='lat' dir='ltr'><strong>ob</strong></span> <span class='ocrx_word' id='word_1_153' title='bbox 1489 400 1570 428; x_wconf 86' lang='lat' dir='ltr'><strong>opera</strong></span> <span class='ocrx_word' id='word_1_154' title='bbox 1591 394 1650 420; x_wconf 83' lang='lat' dir='ltr'><strong>Deo</strong></span> 
     </span>
    </p>
   </div>
   <div class='ocr_carea' id='block_1_21' title="bbox 853 435 1647 472">
    <p class='ocr_par' dir='ltr' id='par_1_21' title="bbox 853 435 1647 472">
     <span class='ocr_line' id='line_1_21' title="bbox 853 435 1647 472; baseline 0.004 -10"><span class='ocrx_word' id='word_1_155' title='bbox 853 438 943 471; x_wconf 83' lang='lat' dir='ltr'><strong>grata:</strong></span> <span class='ocrx_word' id='word_1_156' title='bbox 969 435 1021 469; x_wconf 91' lang='lat' dir='ltr'><strong>vel,</strong></span> <span class='ocrx_word' id='word_1_157' title='bbox 1052 436 1124 472; x_wconf 88' lang='lat' dir='ltr'><strong>apud</strong></span> <span class='ocrx_word' id='word_1_158' title='bbox 1144 436 1298 464; x_wconf 91' lang='lat' dir='ltr'><strong>Dominum</strong></span> <span class='ocrx_word' id='word_1_159' title='bbox 1318 444 1374 465; x_wconf 91' lang='lat' dir='ltr'><strong>non</strong></span> <span class='ocrx_word' id='word_1_160' title='bbox 1392 445 1479 465; x_wconf 89' lang='lat' dir='ltr'><strong>vanus</strong></span> <span class='ocrx_word' id='word_1_161' title='bbox 1503 437 1551 465; x_wconf 81' lang='lat' dir='ltr'><strong>ﬁet</strong></span> <span class='ocrx_word' id='word_1_162' title='bbox 1572 437 1647 465; x_wconf 82' lang='lat' dir='ltr'><strong>labor</strong></span> 
     </span>
    </p>
   </div>
   <div class='ocr_carea' id='block_1_22' title="bbox 854 481 1595 519">
    <p class='ocr_par' dir='ltr' id='par_1_22' title="bbox 854 481 1595 519">
     <span class='ocr_line' id='line_1_22' title="bbox 854 481 1595 519; baseline 0.005 -12"><span class='ocrx_word' id='word_1_163' title='bbox 854 483 953 514; x_wconf 79' lang='lat' dir='ltr'><strong>vester,</strong></span> <span class='ocrx_word' id='word_1_164' title='bbox 963 488 1059 509; x_wconf 85' lang='lat' dir='ltr'><strong>verum</strong></span> <span class='ocrx_word' id='word_1_165' title='bbox 1074 481 1210 517; x_wconf 76' lang='lat' dir='ltr'><strong>accipietis</strong></span> <span class='ocrx_word' id='word_1_166' title='bbox 1224 481 1258 509; x_wconf 83' lang='lat' dir='ltr'><strong>ab</strong></span> <span class='ocrx_word' id='word_1_167' title='bbox 1273 481 1320 510; x_wconf 93' lang='lat' dir='ltr'><strong>illo</strong></span> <span class='ocrx_word' id='word_1_168' title='bbox 1333 482 1595 519; x_wconf 83' lang='lat' dir='ltr'><strong>compensationem.</strong></span> 
     </span>
    </p>
   </div>
   <div class='ocr_carea' id='block_1_23' title="bbox 1149 555 1360 584">
    <p class='ocr_par' dir='ltr' id='par_1_23' title="bbox 1149 555 1360 584">
     <span class='ocr_line' id='line_1_23' title="bbox 1149 555 1360 584; baseline 0.009 -2"><span class='ocrx_word' id='word_1_169' title='bbox 1149 555 1270 583; x_wconf 76' lang='lat' dir='ltr'><strong>CAPUT</strong></span> <span class='ocrx_word' id='word_1_170' title='bbox 1283 556 1360 584; x_wconf 81' lang='lat' dir='ltr'><strong>XVI.</strong></span> 
     </span>
    </p>
   </div>
   <div class='ocr_carea' id='block_1_24' title="bbox 889 627 1649 663">
    <p class='ocr_par' dir='ltr' id='par_1_24' title="bbox 889 627 1649 663">
     <span class='ocr_line' id='line_1_24' title="bbox 889 627 1649 663; baseline 0.004 -9"><span class='ocrx_word' id='word_1_171' title='bbox 889 627 976 655; x_wconf 74' lang='lat' dir='ltr'><strong>Vnus.</strong></span> <span class='ocrx_word' id='word_1_172' title='bbox 994 629 1018 654; x_wconf 83' lang='grc'>1.</span> <span class='ocrx_word' id='word_1_173' title='bbox 1037 636 1051 653; x_wconf 82' lang='grc' dir='ltr'><strong>ιι</strong></span> <span class='ocrx_word' id='word_1_174' title='bbox 1067 629 1107 655; x_wconf 88' lang='lat' dir='ltr'><strong>De</strong></span> <span class='ocrx_word' id='word_1_175' title='bbox 1121 627 1234 655; x_wconf 79' lang='lat' dir='ltr'><strong>collecta</strong></span> <span class='ocrx_word' id='word_1_176' title='bbox 1254 635 1319 655; x_wconf 90' lang='lat' dir='ltr'><strong>vero</strong></span> <span class='ocrx_word' id='word_1_177' title='bbox 1342 635 1404 663; x_wconf 71' lang='lat' dir='ltr'><strong>quae</strong></span> <span class='ocrx_word' id='word_1_178' title='bbox 1427 627 1499 656; x_wconf 83' lang='lat' dir='ltr'><strong>litin</strong></span> <span class='ocrx_word' id='word_1_179' title='bbox 1522 632 1649 663; x_wconf 78' lang='lat' dir='ltr'><strong>sanctos,</strong></span> 
     </span>
    </p>
   </div>
   <div class='ocr_carea' id='block_1_25' title="bbox 853 670 1651 707">
    <p class='ocr_par' dir='ltr' id='par_1_25' title="bbox 853 670 1651 707">
     <span class='ocr_line' id='line_1_25' title="bbox 853 670 1651 707; baseline 0.001 -8"><span class='ocrx_word' id='word_1_180' title='bbox 853 670 922 699; x_wconf 81' lang='lat' dir='ltr'><strong>sicut</strong></span> <span class='ocrx_word' id='word_1_181' title='bbox 945 671 1070 699; x_wconf 87' lang='lat' dir='ltr'><strong>ordinavi</strong></span> <span class='ocrx_word' id='word_1_182' title='bbox 1085 672 1113 700; x_wconf 92' lang='lat' dir='ltr'><strong>in</strong></span> <span class='ocrx_word' id='word_1_183' title='bbox 1135 672 1260 700; x_wconf 83' lang='lat' dir='ltr'><strong>Ecclesiis</strong></span> <span class='ocrx_word' id='word_1_184' title='bbox 1284 672 1415 707; x_wconf 73' lang='lat' dir='ltr'><strong>Galatiae,</strong></span> <span class='ocrx_word' id='word_1_185' title='bbox 1443 673 1481 701; x_wconf 90' lang='lat' dir='ltr'><strong>sic</strong></span> <span class='ocrx_word' id='word_1_186' title='bbox 1495 677 1524 701; x_wconf 90' lang='lat' dir='ltr'><strong>et</strong></span> <span class='ocrx_word' id='word_1_187' title='bbox 1539 681 1588 701; x_wconf 88' lang='lat' dir='ltr'><strong>vos</strong></span> <span class='ocrx_word' id='word_1_188' title='bbox 1610 673 1651 702; x_wconf 81' lang='lat' dir='ltr'><strong>fa-</strong></span> 
     </span>
    </p>
   </div>
   <div class='ocr_carea' id='block_1_26' title="bbox 850 716 1651 754">
    <p class='ocr_par' dir='ltr' id='par_1_26' title="bbox 850 716 1651 754">
     <span class='ocr_line' id='line_1_26' title="bbox 850 716 1651 754; baseline 0.004 -11"><span class='ocrx_word' id='word_1_189' title='bbox 850 716 912 744; x_wconf 86' lang='lat' dir='ltr'><strong>cite.</strong></span> <span class='ocrx_word' id='word_1_190' title='bbox 928 728 940 741; x_wconf 70' lang='grc' dir='ltr'><strong>ιι</strong></span> <span class='ocrx_word' id='word_1_191' title='bbox 952 717 1085 745; x_wconf 82' lang='lat' dir='ltr'><strong>Absoluta</strong></span> <span class='ocrx_word' id='word_1_192' title='bbox 1095 716 1128 745; x_wconf 88' lang='lat' dir='ltr'><strong>de</strong></span> <span class='ocrx_word' id='word_1_193' title='bbox 1135 716 1309 752; x_wconf 84' lang='lat' dir='ltr'><strong>dogmatibus</strong></span> <span class='ocrx_word' id='word_1_194' title='bbox 1317 725 1455 754; x_wconf 82' lang='lat' dir='ltr'><strong>sermone,</strong></span> <span class='ocrx_word' id='word_1_195' title='bbox 1463 717 1497 746; x_wconf 88' lang='lat' dir='ltr'><strong>ad</strong></span> <span class='ocrx_word' id='word_1_196' title='bbox 1507 726 1651 746; x_wconf 91' lang='lat' dir='ltr'><strong>summam</strong></span> 
     </span>
    </p>
   </div>
   <div class='ocr_carea' id='block_1_27' title="bbox 852 761 1652 798">
    <p class='ocr_par' dir='ltr' id='par_1_27' title="bbox 852 761 1652 798">
     <span class='ocr_line' id='line_1_27' title="bbox 852 761 1652 798; baseline 0.005 -10"><span class='ocrx_word' id='word_1_197' title='bbox 852 761 987 789; x_wconf 89' lang='lat' dir='ltr'><strong>virtutum</strong></span> <span class='ocrx_word' id='word_1_198' title='bbox 1003 762 1215 798; x_wconf 87' lang='lat' dir='ltr'><strong>eleemosymam</strong></span> <span class='ocrx_word' id='word_1_199' title='bbox 1236 763 1322 790; x_wconf 81' lang='lat' dir='ltr'><strong>venit.</strong></span> <span class='ocrx_word' id='word_1_200' title='bbox 1346 763 1438 798; x_wconf 81' lang='grc' dir='ltr'>Λογίαν</span> <span class='ocrx_word' id='word_1_201' title='bbox 1461 767 1555 791; x_wconf 89' lang='lat' dir='ltr'><strong>autem</strong></span> <span class='ocrx_word' id='word_1_202' title='bbox 1569 763 1652 792; x_wconf 88' lang='lat' dir='ltr'><strong>colle-</strong></span> 
     </span>
    </p>
   </div>
   <div class='ocr_carea' id='block_1_28' title="bbox 852 806 1649 841">
    <p class='ocr_par' dir='ltr' id='par_1_28' title="bbox 852 806 1649 841">
     <span class='ocr_line' id='line_1_28' title="bbox 852 806 1649 841; baseline 0.004 -7"><span class='ocrx_word' id='word_1_203' title='bbox 852 806 972 834; x_wconf 85' lang='lat' dir='ltr'><strong>ctionem</strong></span> <span class='ocrx_word' id='word_1_204' title='bbox 986 812 1076 841; x_wconf 82' lang='lat' dir='ltr'><strong>vocat,</strong></span> <span class='ocrx_word' id='word_1_205' title='bbox 1087 808 1181 835; x_wconf 80' lang='lat' dir='ltr'><strong>statim</strong></span> <span class='ocrx_word' id='word_1_206' title='bbox 1190 808 1224 835; x_wconf 82' lang='lat' dir='ltr'><strong>ab</strong></span> <span class='ocrx_word' id='word_1_207' title='bbox 1239 807 1351 836; x_wconf 87' lang='lat' dir='ltr'><strong>exordio</strong></span> <span class='ocrx_word' id='word_1_208' title='bbox 1366 816 1425 836; x_wconf 90' lang='lat' dir='ltr'><strong>rem</strong></span> <span class='ocrx_word' id='word_1_209' title='bbox 1437 808 1523 836; x_wconf 85' lang='lat' dir='ltr'><strong>levem</strong></span> <span class='ocrx_word' id='word_1_210' title='bbox 1537 807 1649 837; x_wconf 78' lang='lat' dir='ltr'><strong>faciens.</strong></span> 
     </span>
    </p>
   </div>
   <div class='ocr_carea' id='block_1_29' title="bbox 853 852 1645 890">
    <p class='ocr_par' dir='ltr' id='par_1_29' title="bbox 853 852 1645 890">
     <span class='ocr_line' id='line_1_29' title="bbox 853 852 1645 890; baseline 0.001 -10"><span class='ocrx_word' id='word_1_211' title='bbox 853 853 923 880; x_wconf 84' lang='lat' dir='ltr'><strong>Nam</strong></span> <span class='ocrx_word' id='word_1_212' title='bbox 931 852 1005 888; x_wconf 86' lang='lat' dir='ltr'><strong>quod</strong></span> <span class='ocrx_word' id='word_1_213' title='bbox 1017 859 1032 879; x_wconf 87' lang='lat' dir='ltr'><strong>a</strong></span> <span class='ocrx_word' id='word_1_214' title='bbox 1041 852 1132 880; x_wconf 88' lang='lat' dir='ltr'><strong>multis</strong></span> <span class='ocrx_word' id='word_1_215' title='bbox 1143 852 1367 880; x_wconf 86' lang='lat' dir='ltr'><strong>contribuebatur</strong></span> <span class='ocrx_word' id='word_1_216' title='bbox 1380 853 1437 880; x_wconf 88' lang='lat' dir='ltr'><strong>leve</strong></span> <span class='ocrx_word' id='word_1_217' title='bbox 1447 857 1505 880; x_wconf 87' lang='lat' dir='ltr'><strong>erat</strong></span> <span class='ocrx_word' id='word_1_218' title='bbox 1518 853 1645 890; x_wconf 82' lang='lat' dir='ltr'><strong>singulis.</strong></span> 
     </span>
    </p>
   </div>
   <div class='ocr_carea' id='block_1_30' title="bbox 853 896 1650 926">
    <p class='ocr_par' dir='ltr' id='par_1_30' title="bbox 853 896 1650 926">
     <span class='ocr_line' id='line_1_30' title="bbox 853 896 1650 926; baseline 0.003 -2"><span class='ocrx_word' id='word_1_219' title='bbox 853 896 960 925; x_wconf 90' lang='lat' dir='ltr'><strong>Deinde</strong></span> <span class='ocrx_word' id='word_1_220' title='bbox 974 897 1008 925; x_wconf 92' lang='lat' dir='ltr'><strong>ad</strong></span> <span class='ocrx_word' id='word_1_221' title='bbox 1022 897 1228 926; x_wconf 63' lang='lat' dir='ltr'><strong>aemulationem</strong></span> <span class='ocrx_word' id='word_1_222' title='bbox 1238 905 1285 926; x_wconf 88' lang='lat' dir='ltr'><strong>eos</strong></span> <span class='ocrx_word' id='word_1_223' title='bbox 1295 897 1371 925; x_wconf 85' lang='lat' dir='ltr'><strong>ducit</strong></span> <span class='ocrx_word' id='word_1_224' title='bbox 1384 899 1650 926; x_wconf 87' lang='lat' dir='ltr'><strong>commemoratione</strong></span> 
     </span>
    </p>
   </div>
   <div class='ocr_carea' id='block_1_31' title="bbox 0 924 796 979">
    <p class='ocr_par' dir='ltr' id='par_1_31' title="bbox 0 924 796 971">
     <span class='ocr_line' id='line_1_31' title="bbox 0 924 796 971; baseline 0.003 -12"><span class='ocrx_word' id='word_1_225' title='bbox 0 924 61 959; x_wconf 85' lang='grc' dir='ltr'>Εἶτα</span> <span class='ocrx_word' id='word_1_226' title='bbox 80 929 120 963; x_wconf 77' lang='grc' dir='ltr'><strong>εἷς</strong></span> <span class='ocrx_word' id='word_1_227' title='bbox 144 931 229 966; x_wconf 67' lang='lat' dir='ltr'><strong>Gfon</strong></span> <span class='ocrx_word' id='word_1_228' title='bbox 251 924 450 970; x_wconf 62' lang='grc' dir='ltr'>αὐτοὺςάγει⁹⁷</span> <span class='ocrx_word' id='word_1_229' title='bbox 522 924 644 971; x_wconf 83' lang='grc' dir='ltr'>διηγήσει</span> <span class='ocrx_word' id='word_1_230' title='bbox 662 933 714 961; x_wconf 77' lang='grc' dir='ltr'><strong>τῶν</strong></span> <span class='ocrx_word' id='word_1_231' title='bbox 737 924 796 961; x_wconf 67' lang='grc' dir='ltr'><strong>ἑτέ-</strong></span> 
     </span>
    </p>
   </div>
   <div class='ocr_carea' id='block_1_32' title="bbox 884 924 1650 979">
    <p class='ocr_par' dir='ltr' id='par_1_32' title="bbox 887 942 1650 979">
     <span class='ocr_line' id='line_1_32' title="bbox 887 942 1650 979; baseline 0.001 -9"><span class='ocrx_word' id='word_1_232' title='bbox 887 950 948 970; x_wconf 90' lang='lat' dir='ltr'><strong>rum</strong></span> <span class='ocrx_word' id='word_1_233' title='bbox 962 950 1024 978; x_wconf 65' lang='lat' dir='ltr'><strong>qua:</strong></span> <span class='ocrx_word' id='word_1_234' title='bbox 1044 942 1088 970; x_wconf 89' lang='lat' dir='ltr'><strong>alii</strong></span> <span class='ocrx_word' id='word_1_235' title='bbox 1104 946 1256 978; x_wconf 79' lang='lat' dir='ltr'><strong>gesserant,</strong></span> <span class='ocrx_word' id='word_1_236' title='bbox 1271 942 1355 970; x_wconf 86' lang='lat' dir='ltr'><strong>Sicuti</strong></span> <span class='ocrx_word' id='word_1_237' title='bbox 1369 943 1491 976; x_wconf 77' lang='lat' dir='ltr'><strong>Galatae,</strong></span> <span class='ocrx_word' id='word_1_238' title='bbox 1514 943 1650 979; x_wconf 84' lang='lat' dir='ltr'><strong>inquiens,</strong></span> 
     </span>
    </p>
   </div>
   <div class='ocr_carea' id='block_1_33' title="bbox 0 975 797 1016">
    <p class='ocr_par' dir='ltr' id='par_1_33' title="bbox 0 975 797 1016">
     <span class='ocr_line' id='line_1_33' title="bbox 0 975 797 1016; baseline 0.004 -13"><span class='ocrx_word' id='word_1_239' title='bbox 0 985 45 1013; x_wconf 81' lang='grc' dir='ltr'>ροις</span> <span class='ocrx_word' id='word_1_240' title='bbox 58 975 300 1015; x_wconf 81' lang='grc' dir='ltr'>κατορθωθέντων.</span> <span class='ocrx_word' id='word_1_241' title='bbox 314 975 425 1016; x_wconf 79' lang='grc' dir='ltr'>Ὥσπερ</span> <span class='ocrx_word' id='word_1_242' title='bbox 438 976 502 1016; x_wconf 81' lang='grc' dir='ltr'>γὰρ,</span> <span class='ocrx_word' id='word_1_243' title='bbox 517 976 597 1016; x_wconf 81' lang='grc' dir='ltr'>φησὶν</span> <span class='ocrx_word' id='word_1_244' title='bbox 606 999 615 1014; x_wconf 92' lang='grc'><strong>,</strong></span> <span class='ocrx_word' id='word_1_245' title='bbox 634 977 657 1006; x_wconf 78' lang='grc' dir='ltr'>οἱ</span> <span class='ocrx_word' id='word_1_246' title='bbox 676 976 797 1006; x_wconf 75' lang='grc' dir='ltr'><strong>Γαλάται</strong></span> 
     </span>
    </p>
   </div>
   <div class='ocr_carea' id='block_1_34' title="bbox 0 1015 799 1062">
    <p class='ocr_par' dir='ltr' id='par_1_34' title="bbox 0 1015 799 1062">
     <span class='ocr_line' id='line_1_34' title="bbox 0 1015 799 1062; baseline 0.003 -14"><span class='ocrx_word' id='word_1_247' title='bbox 0 1019 188 1055; x_wconf 73' lang='grc' dir='ltr'>πεποιήκασιν.</span> <span class='ocrx_word' id='word_1_248' title='bbox 216 1022 275 1051; x_wconf 82' lang='grc' dir='ltr'><strong>Οὗκ</strong></span> <span class='ocrx_word' id='word_1_249' title='bbox 290 1015 348 1050; x_wconf 76' lang='grc' dir='ltr'>εἶπε</span> <span class='ocrx_word' id='word_1_250' title='bbox 364 1021 392 1050; x_wconf 68' lang='grc' dir='ltr'><strong>δὲ</strong></span> <span class='ocrx_word' id='word_1_251' title='bbox 402 1015 417 1056; x_wconf 25' lang='grc'>,⁷</span> <span class='ocrx_word' id='word_1_252' title='bbox 432 1015 593 1062; x_wconf 75' lang='grc' dir='ltr'>Παρῇνεσα,</span> <span class='ocrx_word' id='word_1_253' title='bbox 614 1021 699 1058; x_wconf 79' lang='grc' dir='ltr'>ἀλλὰ,</span> <span class='ocrx_word' id='word_1_254' title='bbox 718 1033 733 1049; x_wconf 80' lang='grc' dir='ltr'><strong>ιι</strong></span> <span class='ocrx_word' id='word_1_255' title='bbox 755 1024 799 1052; x_wconf 92' lang='grc' dir='ltr'><strong>Δι-</strong></span> 
     </span>
    </p>
   </div>
   <div class='ocr_carea' id='block_1_35' title="bbox 0 1063 799 1106">
    <p class='ocr_par' dir='ltr' id='par_1_35' title="bbox 0 1063 799 1106">
     <span class='ocr_line' id='line_1_35' title="bbox 0 1063 799 1106; baseline 0.003 -14"><span class='ocrx_word' id='word_1_256' title='bbox 0 1063 85 1101; x_wconf 80' lang='grc' dir='ltr'>έταξα,</span> <span class='ocrx_word' id='word_1_257' title='bbox 107 1075 124 1094; x_wconf 72' lang='grc' dir='ltr'><strong><em>ι</em></strong></span> <span class='ocrx_word' id='word_1_258' title='bbox 149 1065 221 1105; x_wconf 76' lang='grc' dir='ltr'>ὅπερ</span> <span class='ocrx_word' id='word_1_259' title='bbox 245 1065 482 1106; x_wconf 80' lang='grc' dir='ltr'>αὖθεντικώτερον,</span> <span class='ocrx_word' id='word_1_260' title='bbox 502 1065 547 1096; x_wconf 75' lang='grc' dir='ltr'><strong>ἵνα</strong></span> <span class='ocrx_word' id='word_1_261' title='bbox 572 1065 672 1106; x_wconf 84' lang='grc' dir='ltr'>μάθῃς,</span> <span class='ocrx_word' id='word_1_262' title='bbox 697 1066 736 1095; x_wconf 75' lang='grc' dir='ltr'><strong>ὅτι</strong></span> <span class='ocrx_word' id='word_1_263' title='bbox 758 1066 799 1094; x_wconf 81' lang='grc' dir='ltr'>δι-</span> 
     </span>
    </p>
   </div>
   <div class='ocr_carea' id='block_1_36' title="bbox 0 1107 798 1151">
    <p class='ocr_par' dir='ltr' id='par_1_36' title="bbox 0 1107 798 1151">
     <span class='ocr_line' id='line_1_36' title="bbox 0 1107 798 1151; baseline 0.004 -14"><span class='ocrx_word' id='word_1_264' title='bbox 0 1107 104 1148; x_wconf 84' lang='grc' dir='ltr'>άταγμα</span> <span class='ocrx_word' id='word_1_265' title='bbox 131 1111 277 1151; x_wconf 82' lang='grc' dir='ltr'>βασιλικόν</span> <span class='ocrx_word' id='word_1_266' title='bbox 304 1112 375 1148; x_wconf 66' lang='grc' dir='ltr'>ἔστι,</span> <span class='ocrx_word' id='word_1_267' title='bbox 397 1111 443 1141; x_wconf 79' lang='grc' dir='ltr'><strong>καὶ</strong></span> <span class='ocrx_word' id='word_1_268' title='bbox 467 1111 505 1150; x_wconf 82' lang='grc' dir='ltr'>μὴ</span> <span class='ocrx_word' id='word_1_269' title='bbox 526 1111 729 1151; x_wconf 77' lang='grc' dir='ltr'><strong>καταφρονήσῃς</strong></span> <span class='ocrx_word' id='word_1_270' title='bbox 752 1114 798 1140; x_wconf 74' lang='grc' dir='ltr'><strong>τοῦ</strong></span> 
     </span>
    </p>
   </div>
   <div class='ocr_carea' id='block_1_37' title="bbox 0 1154 168 1194">
    <p class='ocr_par' dir='ltr' id='par_1_37' title="bbox 0 1154 168 1194">
     <span class='ocr_line' id='line_1_37' title="bbox 0 1154 168 1194; baseline 0.006 -1"><span class='ocrx_word' id='word_1_271' title='bbox 0 1154 168 1194; x_wconf 78' lang='grc' dir='ltr'>πράγματος-</span> 
     </span>
    </p>
   </div>
   <div class='ocr_carea' id='block_1_38' title="bbox 43 1200 798 1241">
    <p class='ocr_par' dir='ltr' id='par_1_38' title="bbox 43 1200 798 1241">
     <span class='ocr_line' id='line_1_38' title="bbox 43 1200 798 1241; baseline -0.001 -10"><span class='ocrx_word' id='word_1_272' title='bbox 43 1211 56 1228; x_wconf 73' lang='grc'><strong>(</strong></span> <span class='ocrx_word' id='word_1_273' title='bbox 72 1201 151 1231; x_wconf 77' lang='grc' dir='ltr'>Κατὰ</span> <span class='ocrx_word' id='word_1_274' title='bbox 168 1201 235 1240; x_wconf 83' lang='grc' dir='ltr'>μίαν</span> <span class='ocrx_word' id='word_1_275' title='bbox 252 1200 404 1231; x_wconf 76' lang='grc' dir='ltr'>Σαϐϐάτων</span> <span class='ocrx_word' id='word_1_276' title='bbox 420 1201 528 1234; x_wconf 69' lang='grc' dir='ltr'>ἕκαστος</span> <span class='ocrx_word' id='word_1_277' title='bbox 543 1202 616 1240; x_wconf 80' lang='grc' dir='ltr'>ὓμῶν</span> <span class='ocrx_word' id='word_1_278' title='bbox 631 1203 695 1241; x_wconf 84' lang='grc' dir='ltr'>παρ’</span> <span class='ocrx_word' id='word_1_279' title='bbox 712 1202 798 1241; x_wconf 73' lang='grc' dir='ltr'>ἑαυτῷ</span> 
     </span>
    </p>
   </div>
   <div class='ocr_carea' id='block_1_39' title="bbox 1 1245 797 1286">
    <p class='ocr_par' dir='ltr' id='par_1_39' title="bbox 1 1245 797 1286">
     <span class='ocr_line' id='line_1_39' title="bbox 1 1245 797 1286; baseline 0 -11"><span class='ocrx_word' id='word_1_280' title='bbox 1 1247 103 1283; x_wconf 83' lang='grc' dir='ltr'><strong>τιθέτω,</strong></span> <span class='ocrx_word' id='word_1_281' title='bbox 123 1245 293 1286; x_wconf 81' lang='grc' dir='ltr'>θησαυρίζων</span> <span class='ocrx_word' id='word_1_282' title='bbox 315 1245 332 1275; x_wconf 76' lang='grc' dir='ltr'>ὅ</span> <span class='ocrx_word' id='word_1_283' title='bbox 347 1258 372 1276; x_wconf 90' lang='grc' dir='ltr'><strong>τι</strong></span> <span class='ocrx_word' id='word_1_284' title='bbox 394 1246 425 1276; x_wconf 78' lang='grc' dir='ltr'><strong>ἂν</strong></span> <span class='ocrx_word' id='word_1_285' title='bbox 446 1247 583 1277; x_wconf 77' lang='grc' dir='ltr'>εὐοδῶται.</span> <span class='ocrx_word' id='word_1_286' title='bbox 601 1258 616 1274; x_wconf 73' lang='grc' dir='ltr'>ι)</span> <span class='ocrx_word' id='word_1_287' title='bbox 634 1246 706 1276; x_wconf 86' lang='grc' dir='ltr'>Μίαν</span> <span class='ocrx_word' id='word_1_288' title='bbox 722 1245 797 1276; x_wconf 75' lang='grc' dir='ltr'>Σαϐ-</span> 
     </span>
    </p>
   </div>
   <div class='ocr_carea' id='block_1_40' title="bbox 5 1289 798 1330">
    <p class='ocr_par' dir='ltr' id='par_1_40' title="bbox 5 1289 798 1330">
     <span class='ocr_line' id='line_1_40' title="bbox 5 1289 798 1330; baseline -0.001 -10"><span class='ocrx_word' id='word_1_289' title='bbox 5 1291 85 1321; x_wconf 71' lang='grc' dir='ltr'>ϐάτων</span> <span class='ocrx_word' id='word_1_290' title='bbox 105 1289 155 1327; x_wconf 70' lang='grc' dir='ltr'><strong>τὴν</strong></span> <span class='ocrx_word' id='word_1_291' title='bbox 183 1290 326 1330; x_wconf 75' lang='grc' dir='ltr'>Κυριακήν</span> <span class='ocrx_word' id='word_1_292' title='bbox 341 1292 418 1320; x_wconf 79' lang='grc' dir='ltr'>καλεῖ</span> <span class='ocrx_word' id='word_1_293' title='bbox 426 1291 462 1329; x_wconf 67' lang='grc'><strong>⁸⁸,</strong></span> <span class='ocrx_word' id='word_1_294' title='bbox 485 1291 545 1320; x_wconf 80' lang='grc' dir='ltr'>ἀντὶ</span> <span class='ocrx_word' id='word_1_295' title='bbox 566 1294 629 1327; x_wconf 74' lang='grc' dir='ltr'>τοῦ,</span> <span class='ocrx_word' id='word_1_296' title='bbox 652 1290 702 1326; x_wconf 84' lang='grc' dir='ltr'><strong>τὴν</strong></span> <span class='ocrx_word' id='word_1_297' title='bbox 719 1291 798 1330; x_wconf 85' lang='grc' dir='ltr'>πρώ-</span> 
     </span>
    </p>
   </div>
   <div class='ocr_carea' id='block_1_41' title="bbox 5 1335 796 1374">
    <p class='ocr_par' dir='ltr' id='par_1_41' title="bbox 5 1335 796 1374">
     <span class='ocr_line' id='line_1_41' title="bbox 5 1335 796 1374; baseline 0.001 -11"><span class='ocrx_word' id='word_1_298' title='bbox 5 1347 47 1372; x_wconf 77' lang='grc' dir='ltr'><strong>την</strong></span> <span class='ocrx_word' id='word_1_299' title='bbox 61 1336 113 1364; x_wconf 78' lang='grc' dir='ltr'><strong>τῶν</strong></span> <span class='ocrx_word' id='word_1_300' title='bbox 135 1338 184 1365; x_wconf 72' lang='grc' dir='ltr'><strong>τοῦ</strong></span> <span class='ocrx_word' id='word_1_301' title='bbox 210 1335 355 1366; x_wconf 79' lang='grc' dir='ltr'>Σαϐϐάτου</span> <span class='ocrx_word' id='word_1_302' title='bbox 376 1335 436 1372; x_wconf 88' lang='grc' dir='ltr'>ἤτοι</span> <span class='ocrx_word' id='word_1_303' title='bbox 458 1337 506 1372; x_wconf 81' lang='grc' dir='ltr'><strong>τῆς</strong></span> <span class='ocrx_word' id='word_1_304' title='bbox 519 1335 665 1373; x_wconf 71' lang='grc' dir='ltr'>ἑϐδομάδος</span> <span class='ocrx_word' id='word_1_305' title='bbox 678 1337 796 1374; x_wconf 81' lang='grc' dir='ltr'>ἡμερῶν.</span> 
     </span>
    </p>
   </div>
   <div class='ocr_carea' id='block_1_42' title="bbox 6 1379 798 1421">
    <p class='ocr_par' dir='ltr' id='par_1_42' title="bbox 6 1379 798 1421">
     <span class='ocr_line' id='line_1_42' title="bbox 6 1379 798 1421; baseline -0.001 -11"><span class='ocrx_word' id='word_1_306' title='bbox 6 1380 56 1410; x_wconf 75' lang='grc' dir='ltr'><strong>Καὶ</strong></span> <span class='ocrx_word' id='word_1_307' title='bbox 81 1380 135 1410; x_wconf 78' lang='grc' dir='ltr'><strong>ἀπὸ</strong></span> <span class='ocrx_word' id='word_1_308' title='bbox 165 1383 217 1416; x_wconf 78' lang='grc' dir='ltr'><strong>τῆς</strong></span> <span class='ocrx_word' id='word_1_309' title='bbox 237 1381 339 1421; x_wconf 78' lang='grc' dir='ltr'>ἡμέρας</span> <span class='ocrx_word' id='word_1_310' title='bbox 370 1380 397 1410; x_wconf 79' lang='grc' dir='ltr'><strong>δὲ</strong></span> <span class='ocrx_word' id='word_1_311' title='bbox 423 1381 468 1410; x_wconf 76' lang='grc' dir='ltr'><strong>ἐπὶ</strong></span> <span class='ocrx_word' id='word_1_312' title='bbox 495 1380 675 1420; x_wconf 80' lang='grc' dir='ltr'>ἐλεημοσύνην</span> <span class='ocrx_word' id='word_1_313' title='bbox 704 1379 798 1414; x_wconf 77' lang='grc' dir='ltr'>αὖτοὺς</span> 
     </span>
    </p>
   </div>
   <div class='ocr_carea' id='block_1_43' title="bbox 7 1424 796 1466">
    <p class='ocr_par' dir='ltr' id='par_1_43' title="bbox 7 1424 796 1466">
     <span class='ocr_line' id='line_1_43' title="bbox 7 1424 796 1466; baseline 0.004 -13"><span class='ocrx_word' id='word_1_314' title='bbox 7 1424 194 1465; x_wconf 74' lang='grc' dir='ltr'>προτρέπεται,</span> <span class='ocrx_word' id='word_1_315' title='bbox 212 1428 264 1456; x_wconf 79' lang='grc' dir='ltr'><strong>τῶν</strong></span> <span class='ocrx_word' id='word_1_316' title='bbox 282 1426 308 1455; x_wconf 82' lang='grc' dir='ltr'>ἐν</span> <span class='ocrx_word' id='word_1_317' title='bbox 324 1426 392 1466; x_wconf 78' lang='grc' dir='ltr'>αὐτῇ</span> <span class='ocrx_word' id='word_1_318' title='bbox 407 1426 559 1465; x_wconf 76' lang='grc' dir='ltr'>μυστηρίων</span> <span class='ocrx_word' id='word_1_319' title='bbox 574 1425 796 1465; x_wconf 78' lang='grc' dir='ltr'><strong>ὑπομιμνήσκων.</strong></span> 
     </span>
    </p>
   </div>
   <div class='ocr_carea' id='block_1_44' title="bbox 9 1469 796 1511">
    <p class='ocr_par' dir='ltr' id='par_1_44' title="bbox 9 1469 796 1511">
     <span class='ocr_line' id='line_1_44' title="bbox 9 1469 796 1511; baseline 0.001 -13"><span class='ocrx_word' id='word_1_320' title='bbox 9 1470 189 1509; x_wconf 78' lang='grc' dir='ltr'>Προναητικῶς</span> <span class='ocrx_word' id='word_1_321' title='bbox 209 1471 237 1500; x_wconf 81' lang='grc' dir='ltr'><strong>δὲ</strong></span> <span class='ocrx_word' id='word_1_322' title='bbox 265 1470 325 1500; x_wconf 87' lang='grc' dir='ltr'>λίαν</span> <span class='ocrx_word' id='word_1_323' title='bbox 356 1470 457 1500; x_wconf 81' lang='grc' dir='ltr'>κελεύει</span> <span class='ocrx_word' id='word_1_324' title='bbox 484 1470 650 1511; x_wconf 82' lang='grc' dir='ltr'>θησαυρίζειν</span> <span class='ocrx_word' id='word_1_325' title='bbox 669 1469 796 1506; x_wconf 72' lang='grc' dir='ltr'>ἕκαστον,</span> 
     </span>
    </p>
   </div>
   <div class='ocr_carea' id='block_1_45' title="bbox 8 1513 796 1555">
    <p class='ocr_par' dir='ltr' id='par_1_45' title="bbox 8 1513 796 1555">
     <span class='ocr_line' id='line_1_45' title="bbox 8 1513 796 1555; baseline 0.003 -13"><span class='ocrx_word' id='word_1_326' title='bbox 8 1513 65 1554; x_wconf 68' lang='grc' dir='ltr'>ὅπερ</span> <span class='ocrx_word' id='word_1_327' title='bbox 80 1514 112 1544; x_wconf 79' lang='grc' dir='ltr'><strong>ἃν</strong></span> <span class='ocrx_word' id='word_1_328' title='bbox 125 1516 275 1553; x_wconf 68' lang='grc' dir='ltr'>εὐοδῶται,</span> <span class='ocrx_word' id='word_1_329' title='bbox 286 1515 432 1552; x_wconf 76' lang='grc' dir='ltr'>τουτέστιν,</span> <span class='ocrx_word' id='word_1_330' title='bbox 446 1515 512 1555; x_wconf 76' lang='grc' dir='ltr'>ὅπερ</span> <span class='ocrx_word' id='word_1_331' title='bbox 524 1515 556 1545; x_wconf 71' lang='grc' dir='ltr'><strong>ἂν</strong></span> <span class='ocrx_word' id='word_1_332' title='bbox 572 1518 586 1545; x_wconf 82' lang='grc' dir='ltr'><strong>ὁ</strong></span> <span class='ocrx_word' id='word_1_333' title='bbox 601 1515 668 1548; x_wconf 83' lang='grc' dir='ltr'>Θεὸς</span> <span class='ocrx_word' id='word_1_334' title='bbox 682 1514 776 1555; x_wconf 73' lang='grc' dir='ltr'>πέμψῃ</span> <span class='ocrx_word' id='word_1_335' title='bbox 787 1537 796 1552; x_wconf 87' lang='grc'><strong>,</strong></span> 
     </span>
    </p>
   </div>
   <div class='ocr_carea' id='block_1_46' title="bbox 8 1556 836 1600">
    <p class='ocr_par' dir='ltr' id='par_1_46' title="bbox 8 1556 836 1600">
     <span class='ocr_line' id='line_1_46' title="bbox 8 1556 836 1600; baseline 0.004 -13"><span class='ocrx_word' id='word_1_336' title='bbox 8 1558 75 1588; x_wconf 80' lang='grc' dir='ltr'>καὶδ</span> <span class='ocrx_word' id='word_1_337' title='bbox 95 1560 205 1600; x_wconf 73' lang='grc' dir='ltr'>εὐχερὲς</span> <span class='ocrx_word' id='word_1_338' title='bbox 222 1560 285 1600; x_wconf 76' lang='grc' dir='ltr'><strong>ἔχῃ.</strong></span> <span class='ocrx_word' id='word_1_339' title='bbox 309 1561 351 1590; x_wconf 88' lang='grc' dir='ltr'><strong>Οὖ</strong></span> <span class='ocrx_word' id='word_1_340' title='bbox 374 1559 426 1600; x_wconf 72' lang='grc' dir='ltr'><strong>γὰρ</strong></span> <span class='ocrx_word' id='word_1_341' title='bbox 449 1556 540 1596; x_wconf 68' lang='grc' dir='ltr'>εἶπεν,</span> <span class='ocrx_word' id='word_1_342' title='bbox 558 1560 641 1593; x_wconf 79' lang='grc' dir='ltr'>Εὐθὺς</span> <span class='ocrx_word' id='word_1_343' title='bbox 656 1559 734 1600; x_wconf 81' lang='grc' dir='ltr'>φέρε,</span> <span class='ocrx_word' id='word_1_344' title='bbox 754 1558 799 1590; x_wconf 79' lang='grc' dir='ltr'><strong>ἵνα</strong></span> <span class='ocrx_word' id='word_1_345' title='bbox 814 1562 836 1595; x_wconf 88' lang='lat' dir='ltr'><strong>C</strong></span> 
     </span>
    </p>
   </div>
   <div class='ocr_carea' id='block_1_47' title="bbox 11 1603 800 1646">
    <p class='ocr_par' dir='ltr' id='par_1_47' title="bbox 11 1603 800 1646">
     <span class='ocr_line' id='line_1_47' title="bbox 11 1603 800 1646; baseline 0.001 -13"><span class='ocrx_word' id='word_1_346' title='bbox 11 1603 44 1641; x_wconf 82' lang='grc' dir='ltr'><strong>μὴ</strong></span> <span class='ocrx_word' id='word_1_347' title='bbox 55 1604 140 1644; x_wconf 83' lang='grc' dir='ltr'>ὀλίγον</span> <span class='ocrx_word' id='word_1_348' title='bbox 153 1617 196 1639; x_wconf 90' lang='grc' dir='ltr'><strong>τις</strong></span> <span class='ocrx_word' id='word_1_349' title='bbox 211 1604 281 1645; x_wconf 76' lang='grc' dir='ltr'>ἔχων</span> <span class='ocrx_word' id='word_1_350' title='bbox 301 1605 476 1646; x_wconf 81' lang='grc' dir='ltr'>αἰσχύνηται,</span> <span class='ocrx_word' id='word_1_351' title='bbox 495 1605 580 1642; x_wconf 77' lang='grc' dir='ltr'>ἀλλὰ,</span> <span class='ocrx_word' id='word_1_352' title='bbox 598 1605 678 1645; x_wconf 85' lang='grc' dir='ltr'>Παρὰ</span> <span class='ocrx_word' id='word_1_353' title='bbox 695 1607 800 1645; x_wconf 82' lang='grc' dir='ltr'>σεαυτῷ</span> 
     </span>
    </p>
   </div>
   <div class='ocr_carea' id='block_1_48' title="bbox 13 1647 736 1690">
    <p class='ocr_par' dir='ltr' id='par_1_48' title="bbox 13 1647 736 1690">
     <span class='ocr_line' id='line_1_48' title="bbox 13 1647 736 1690; baseline 0.006 -13"><span class='ocrx_word' id='word_1_354' title='bbox 13 1647 113 1689; x_wconf 81' lang='grc' dir='ltr'>σύναγε,</span> <span class='ocrx_word' id='word_1_355' title='bbox 126 1651 174 1680; x_wconf 76' lang='grc' dir='ltr'>καὶ</span> <span class='ocrx_word' id='word_1_356' title='bbox 191 1649 255 1680; x_wconf 77' lang='grc' dir='ltr'>ὅταν</span> <span class='ocrx_word' id='word_1_357' title='bbox 271 1649 405 1690; x_wconf 73' lang='grc' dir='ltr'>ἀξιόλογον</span> <span class='ocrx_word' id='word_1_358' title='bbox 412 1650 438 1669; x_wconf 83' lang='grc'><strong>⁰⁹</strong></span> <span class='ocrx_word' id='word_1_359' title='bbox 453 1650 573 1690; x_wconf 85' lang='grc' dir='ltr'>γένηται,</span> <span class='ocrx_word' id='word_1_360' title='bbox 588 1649 648 1680; x_wconf 87' lang='grc' dir='ltr'>τότε</span> <span class='ocrx_word' id='word_1_361' title='bbox 664 1650 736 1690; x_wconf 79' lang='grc' dir='ltr'>φέρε.</span> 
     </span>
    </p>
   </div>
   <div class='ocr_carea' id='block_1_49' title="bbox 52 1747 801 1788">
    <p class='ocr_par' dir='ltr' id='par_1_49' title="bbox 52 1747 801 1788">
     <span class='ocr_line' id='line_1_49' title="bbox 52 1747 801 1788; baseline -0.003 -9"><span class='ocrx_word' id='word_1_362' title='bbox 52 1760 65 1779; x_wconf 72' lang='grc' dir='ltr'>ι</span> <span class='ocrx_word' id='word_1_363' title='bbox 77 1748 137 1779; x_wconf 81' lang='grc' dir='ltr'><strong>Ἵνα</strong></span> <span class='ocrx_word' id='word_1_364' title='bbox 154 1748 195 1788; x_wconf 83' lang='grc' dir='ltr'><strong>μὴ</strong></span> <span class='ocrx_word' id='word_1_365' title='bbox 208 1748 272 1778; x_wconf 76' lang='grc' dir='ltr'>ὅταν</span> <span class='ocrx_word' id='word_1_366' title='bbox 286 1747 370 1785; x_wconf 75' lang='grc' dir='ltr'>ἔλθω,</span> <span class='ocrx_word' id='word_1_367' title='bbox 385 1748 446 1778; x_wconf 81' lang='grc' dir='ltr'>τότε</span> <span class='ocrx_word' id='word_1_368' title='bbox 458 1747 544 1787; x_wconf 83' lang='grc' dir='ltr'>λογίαι</span> <span class='ocrx_word' id='word_1_369' title='bbox 556 1748 691 1788; x_wconf 87' lang='grc' dir='ltr'>γίνωνται.</span> <span class='ocrx_word' id='word_1_370' title='bbox 711 1760 724 1777; x_wconf 70' lang='grc' dir='ltr'><strong><em>ι</em></strong></span> <span class='ocrx_word' id='word_1_371' title='bbox 740 1748 801 1778; x_wconf 83' lang='grc' dir='ltr'>Ίνα</span> 
     </span>
    </p>
   </div>
   <div class='ocr_carea' id='block_1_50' title="bbox 13 1792 798 1835">
    <p class='ocr_par' dir='ltr' id='par_1_50' title="bbox 13 1792 798 1835">
     <span class='ocr_line' id='line_1_50' title="bbox 13 1792 798 1835; baseline 0.001 -12"><span class='ocrx_word' id='word_1_372' title='bbox 13 1795 60 1834; x_wconf 75' lang='grc' dir='ltr'><strong>μὴ,</strong></span> <span class='ocrx_word' id='word_1_373' title='bbox 81 1793 182 1835; x_wconf 77' lang='grc' dir='ltr'>φησὶν,</span> <span class='ocrx_word' id='word_1_374' title='bbox 209 1793 272 1823; x_wconf 77' lang='grc' dir='ltr'>ὅταν</span> <span class='ocrx_word' id='word_1_375' title='bbox 297 1792 342 1833; x_wconf 78' lang='grc' dir='ltr'><strong>δίῃ</strong></span> <span class='ocrx_word' id='word_1_376' title='bbox 371 1792 539 1830; x_wconf 81' lang='grc' dir='ltr'>ἆναλίσκιιν,</span> <span class='ocrx_word' id='word_1_377' title='bbox 568 1792 628 1822; x_wconf 87' lang='grc' dir='ltr'>τότε</span> <span class='ocrx_word' id='word_1_378' title='bbox 656 1793 798 1833; x_wconf 81' lang='grc' dir='ltr'>συνάγητε.</span> 
     </span>
    </p>
   </div>
   <div class='ocr_carea' id='block_1_51' title="bbox 13 1837 801 1878">
    <p class='ocr_par' dir='ltr' id='par_1_51' title="bbox 13 1837 801 1878">
     <span class='ocr_line' id='line_1_51' title="bbox 13 1837 801 1878; baseline -0.003 -9"><span class='ocrx_word' id='word_1_379' title='bbox 13 1839 95 1870; x_wconf 83' lang='grc' dir='ltr'>Εἰπὼν</span> <span class='ocrx_word' id='word_1_380' title='bbox 124 1838 165 1875; x_wconf 81' lang='grc' dir='ltr'>δὲ,</span> <span class='ocrx_word' id='word_1_381' title='bbox 199 1849 213 1867; x_wconf 83' lang='grc'><strong><em>‹</em></strong></span> <span class='ocrx_word' id='word_1_382' title='bbox 238 1837 328 1869; x_wconf 84' lang='grc' dir='ltr'>Ὅταν</span> <span class='ocrx_word' id='word_1_383' title='bbox 362 1838 444 1875; x_wconf 74' lang='grc' dir='ltr'>ἔλθω,</span> <span class='ocrx_word' id='word_1_384' title='bbox 467 1837 681 1878; x_wconf 80' lang='grc' dir='ltr'>προθυμοτέρους</span> <span class='ocrx_word' id='word_1_385' title='bbox 707 1837 801 1872; x_wconf 82' lang='grc' dir='ltr'>αὖτοὺς</span> 
     </span>
    </p>
   </div>
   <div class='ocr_carea' id='block_1_52' title="bbox 13 1882 799 1923">
    <p class='ocr_par' dir='ltr' id='par_1_52' title="bbox 13 1882 799 1923">
     <span class='ocr_line' id='line_1_52' title="bbox 13 1882 799 1923; baseline -0.001 -10"><span class='ocrx_word' id='word_1_386' title='bbox 13 1885 69 1923; x_wconf 76' lang='grc' dir='ltr'>πρὸς</span> <span class='ocrx_word' id='word_1_387' title='bbox 85 1884 132 1920; x_wconf 82' lang='grc' dir='ltr'><strong>τὴν</strong></span> <span class='ocrx_word' id='word_1_388' title='bbox 146 1883 279 1922; x_wconf 79' lang='grc' dir='ltr'>συλλογὴν</span> <span class='ocrx_word' id='word_1_389' title='bbox 303 1887 389 1920; x_wconf 81' lang='grc' dir='ltr'>ποιεῖ,</span> <span class='ocrx_word' id='word_1_390' title='bbox 411 1884 447 1916; x_wconf 81' lang='grc' dir='ltr'>ὡς</span> <span class='ocrx_word' id='word_1_391' title='bbox 467 1883 509 1912; x_wconf 75' lang='grc' dir='ltr'>ἐπ’</span> <span class='ocrx_word' id='word_1_392' title='bbox 524 1882 615 1923; x_wconf 76' lang='grc' dir='ltr'>ὄψεσιν</span> <span class='ocrx_word' id='word_1_393' title='bbox 635 1883 716 1912; x_wconf 77' lang='grc' dir='ltr'>αὐτοῦ</span> <span class='ocrx_word' id='word_1_394' title='bbox 735 1884 799 1922; x_wconf 89' lang='grc' dir='ltr'>μελ-</span> 
     </span>
    </p>
   </div>
   <div class='ocr_carea' id='block_1_53' title="bbox 15 1928 477 1968">
    <p class='ocr_par' dir='ltr' id='par_1_53' title="bbox 15 1928 477 1968">
     <span class='ocr_line' id='line_1_53' title="bbox 15 1928 477 1968; baseline 0 -10"><span class='ocrx_word' id='word_1_395' title='bbox 15 1929 99 1966; x_wconf 82' lang='grc' dir='ltr'>λούσης</span> <span class='ocrx_word' id='word_1_396' title='bbox 111 1928 218 1958; x_wconf 86' lang='grc' dir='ltr'>ἔσεσθαι</span> <span class='ocrx_word' id='word_1_397' title='bbox 233 1930 279 1965; x_wconf 81' lang='grc' dir='ltr'><strong>τῆς</strong></span> <span class='ocrx_word' id='word_1_398' title='bbox 295 1932 477 1968; x_wconf 73' lang='grc' dir='ltr'>συνεισφορᾶς.</span> 
     </span>
    </p>
   </div>
   <div class='ocr_carea' id='block_1_54' title="bbox 54 1972 800 2013">
    <p class='ocr_par' dir='ltr' id='par_1_54' title="bbox 54 1972 800 2013">
     <span class='ocr_line' id='line_1_54' title="bbox 54 1972 800 2013; baseline -0.003 -10"><span class='ocrx_word' id='word_1_399' title='bbox 54 1985 67 2003; x_wconf 76' lang='grc' dir='ltr'><strong>α</strong></span> <span class='ocrx_word' id='word_1_400' title='bbox 83 1973 169 2004; x_wconf 84' lang='grc' dir='ltr'>Ὅταν</span> <span class='ocrx_word' id='word_1_401' title='bbox 181 1973 212 2003; x_wconf 77' lang='grc' dir='ltr'><strong>δὲ</strong></span> <span class='ocrx_word' id='word_1_402' title='bbox 225 1974 435 2013; x_wconf 87' lang='grc' dir='ltr'>παραγένωμαι,</span> <span class='ocrx_word' id='word_1_403' title='bbox 455 1972 500 2006; x_wconf 77' lang='grc' dir='ltr'>οὓς</span> <span class='ocrx_word' id='word_1_404' title='bbox 514 1972 560 2001; x_wconf 77' lang='grc' dir='ltr'>ἐὰν</span> <span class='ocrx_word' id='word_1_405' title='bbox 573 1972 750 2011; x_wconf 73' lang='grc' dir='ltr'>δοκιμάσητε,</span> <span class='ocrx_word' id='word_1_406' title='bbox 766 1973 800 2002; x_wconf 84' lang='grc' dir='ltr'>δι’</span> 
     </span>
    </p>
   </div>
   <div class='ocr_carea' id='block_1_55' title="bbox 18 2017 799 2058">
    <p class='ocr_par' dir='ltr' id='par_1_55' title="bbox 18 2017 799 2058">
     <span class='ocr_line' id='line_1_55' title="bbox 18 2017 799 2058; baseline 0 -12"><span class='ocrx_word' id='word_1_407' title='bbox 18 2018 168 2055; x_wconf 72' lang='grc' dir='ltr'>ἐπιστολῶν,</span> <span class='ocrx_word' id='word_1_408' title='bbox 196 2019 304 2051; x_wconf 79' lang='grc' dir='ltr'>τούτους</span> <span class='ocrx_word' id='word_1_409' title='bbox 328 2017 428 2058; x_wconf 77' lang='grc' dir='ltr'>πέμψω</span> <span class='ocrx_word' id='word_1_410' title='bbox 455 2018 609 2057; x_wconf 75' lang='grc' dir='ltr'>ἀπενεγκεῖν</span> <span class='ocrx_word' id='word_1_411' title='bbox 638 2017 687 2053; x_wconf 83' lang='grc' dir='ltr'><strong>τὴν</strong></span> <span class='ocrx_word' id='word_1_412' title='bbox 719 2018 799 2058; x_wconf 81' lang='grc' dir='ltr'>χάριν</span> 
     </span>
    </p>
   </div>
   <div class='ocr_carea' id='block_1_56' title="bbox 19 2062 797 2104">
    <p class='ocr_par' dir='ltr' id='par_1_56' title="bbox 19 2062 797 2104">
     <span class='ocr_line' id='line_1_56' title="bbox 19 2062 797 2104; baseline 0.001 -13"><span class='ocrx_word' id='word_1_413' title='bbox 19 2064 82 2100; x_wconf 77' lang='grc' dir='ltr'>ὑμῶν</span> <span class='ocrx_word' id='word_1_414' title='bbox 96 2063 130 2097; x_wconf 83' lang='grc' dir='ltr'>εἷς</span> <span class='ocrx_word' id='word_1_415' title='bbox 142 2062 332 2104; x_wconf 78' lang='grc' dir='ltr'>Ἰερουσαλήμ.</span> <span class='ocrx_word' id='word_1_416' title='bbox 355 2073 370 2092; x_wconf 82' lang='lat' dir='ltr'><strong>n</strong></span> <span class='ocrx_word' id='word_1_417' title='bbox 391 2063 488 2096; x_wconf 75' lang='grc' dir='ltr'>Καλῶς</span> <span class='ocrx_word' id='word_1_418' title='bbox 508 2062 552 2099; x_wconf 82' lang='grc' dir='ltr'><strong>τὸ,</strong></span> <span class='ocrx_word' id='word_1_419' title='bbox 577 2074 592 2092; x_wconf 83' lang='grc' dir='ltr'><strong>α</strong></span> <span class='ocrx_word' id='word_1_420' title='bbox 612 2062 667 2096; x_wconf 79' lang='grc' dir='ltr'><strong>Οὓς</strong></span> <span class='ocrx_word' id='word_1_421' title='bbox 687 2062 732 2093; x_wconf 71' lang='grc' dir='ltr'>ἐὰν</span> <span class='ocrx_word' id='word_1_422' title='bbox 752 2063 797 2092; x_wconf 87' lang='grc' dir='ltr'>δο-</span> 
     </span>
    </p>
   </div>
   <div class='ocr_carea' id='block_1_57' title="bbox 20 2107 801 2148">
    <p class='ocr_par' dir='ltr' id='par_1_57' title="bbox 20 2107 801 2148">
     <span class='ocr_line' id='line_1_57' title="bbox 20 2107 801 2148; baseline 0.003 -13"><span class='ocrx_word' id='word_1_423' title='bbox 20 2109 152 2145; x_wconf 73' lang='grc' dir='ltr'>κιμάσητε,</span> <span class='ocrx_word' id='word_1_424' title='bbox 166 2119 183 2138; x_wconf 72' lang='grc' dir='ltr'><strong>ιι</strong></span> <span class='ocrx_word' id='word_1_425' title='bbox 202 2107 334 2145; x_wconf 74' lang='grc' dir='ltr'>τέθεικεν,</span> <span class='ocrx_word' id='word_1_426' title='bbox 351 2108 507 2148; x_wconf 77' lang='grc' dir='ltr'>ἀποφεύγων</span> <span class='ocrx_word' id='word_1_427' title='bbox 521 2110 660 2147; x_wconf 74' lang='grc' dir='ltr'>πανταχοῦ</span> <span class='ocrx_word' id='word_1_428' title='bbox 674 2107 708 2138; x_wconf 82' lang='grc' dir='ltr'><strong>τὰ</strong></span> <span class='ocrx_word' id='word_1_429' title='bbox 721 2107 801 2137; x_wconf 79' lang='grc' dir='ltr'>σκάν-</span> 
     </span>
    </p>
   </div>
   <div class='ocr_carea' id='block_1_58' title="bbox 852 986 1650 1021">
    <p class='ocr_par' dir='ltr' id='par_1_58' title="bbox 852 986 1650 1021">
     <span class='ocr_line' id='line_1_58' title="bbox 852 986 1650 1021; baseline 0 -6"><span class='ocrx_word' id='word_1_430' title='bbox 852 986 983 1015; x_wconf 87' lang='lat' dir='ltr'><strong>l&#39;ecerunt.</strong></span> <span class='ocrx_word' id='word_1_431' title='bbox 1006 989 1071 1016; x_wconf 87' lang='lat' dir='ltr'><strong>Non</strong></span> <span class='ocrx_word' id='word_1_432' title='bbox 1083 987 1153 1016; x_wconf 85' lang='lat' dir='ltr'><strong>dixit</strong></span> <span class='ocrx_word' id='word_1_433' title='bbox 1161 991 1272 1021; x_wconf 87' lang='lat' dir='ltr'><strong>autem,</strong></span> <span class='ocrx_word' id='word_1_434' title='bbox 1289 989 1420 1015; x_wconf 81' lang='lat' dir='ltr'><strong>Hortatus</strong></span> <span class='ocrx_word' id='word_1_435' title='bbox 1434 995 1514 1020; x_wconf 88' lang='lat' dir='ltr'><strong>sum,</strong></span> <span class='ocrx_word' id='word_1_436' title='bbox 1539 996 1650 1020; x_wconf 75' lang='lat' dir='ltr'><strong>verum.</strong></span> 
     </span>
    </p>
   </div>
   <div class='ocr_carea' id='block_1_59' title="bbox 854 1032 1646 1069">
    <p class='ocr_par' dir='ltr' id='par_1_59' title="bbox 854 1032 1646 1069">
     <span class='ocr_line' id='line_1_59' title="bbox 854 1032 1646 1069; baseline 0.001 -9"><span class='ocrx_word' id='word_1_437' title='bbox 854 1043 867 1056; x_wconf 75' lang='grc' dir='ltr'>α</span> <span class='ocrx_word' id='word_1_438' title='bbox 889 1032 1030 1068; x_wconf 88' lang='lat' dir='ltr'><strong>ordinavi,</strong></span> <span class='ocrx_word' id='word_1_439' title='bbox 1045 1044 1059 1058; x_wconf 74' lang='grc' dir='ltr'><strong><em>η</em></strong></span> <span class='ocrx_word' id='word_1_440' title='bbox 1079 1032 1153 1069; x_wconf 87' lang='lat' dir='ltr'><strong>quod</strong></span> <span class='ocrx_word' id='word_1_441' title='bbox 1178 1036 1236 1060; x_wconf 86' lang='lat' dir='ltr'><strong>erat</strong></span> <span class='ocrx_word' id='word_1_442' title='bbox 1260 1032 1372 1068; x_wconf 89' lang='lat' dir='ltr'><strong>majoris</strong></span> <span class='ocrx_word' id='word_1_443' title='bbox 1398 1033 1589 1067; x_wconf 87' lang='lat' dir='ltr'><strong>auctoritatis,</strong></span> <span class='ocrx_word' id='word_1_444' title='bbox 1615 1037 1646 1061; x_wconf 91' lang='lat' dir='ltr'><strong>ut</strong></span> 
     </span>
    </p>
   </div>
   <div class='ocr_carea' id='block_1_60' title="bbox 852 1076 1652 1114">
    <p class='ocr_par' dir='ltr' id='par_1_60' title="bbox 852 1076 1652 1114">
     <span class='ocr_line' id='line_1_60' title="bbox 852 1076 1652 1114; baseline 0.001 -9"><span class='ocrx_word' id='word_1_445' title='bbox 852 1076 941 1105; x_wconf 73' lang='lat' dir='ltr'><strong>disca‘</strong></span> <span class='ocrx_word' id='word_1_446' title='bbox 962 1077 1166 1106; x_wconf 85' lang='lat' dir='ltr'><strong>ordinationem</strong></span> <span class='ocrx_word' id='word_1_447' title='bbox 1185 1085 1246 1106; x_wconf 88' lang='lat' dir='ltr'><strong>esse</strong></span> <span class='ocrx_word' id='word_1_448' title='bbox 1260 1077 1374 1114; x_wconf 83' lang='lat' dir='ltr'><strong>regiam,</strong></span> <span class='ocrx_word' id='word_1_449' title='bbox 1387 1085 1477 1114; x_wconf 85' lang='lat' dir='ltr'><strong>neque</strong></span> <span class='ocrx_word' id='word_1_450' title='bbox 1491 1085 1549 1106; x_wconf 89' lang='lat' dir='ltr'><strong>rem</strong></span> <span class='ocrx_word' id='word_1_451' title='bbox 1564 1078 1652 1114; x_wconf 85' lang='lat' dir='ltr'><strong>ipsam</strong></span> 
     </span>
    </p>
   </div>
   <div class='ocr_carea' id='block_1_61' title="bbox 853 1123 1014 1158">
    <p class='ocr_par' dir='ltr' id='par_1_61' title="bbox 853 1123 1014 1158">
     <span class='ocr_line' id='line_1_61' title="bbox 853 1123 1014 1158; baseline 0 -8"><span class='ocrx_word' id='word_1_452' title='bbox 853 1123 1014 1158; x_wconf 85' lang='lat' dir='ltr'><strong>asperneris.</strong></span> 
     </span>
    </p>
   </div>
   <div class='ocr_carea' id='block_1_62' title="bbox 888 1213 1651 1251">
    <p class='ocr_par' dir='ltr' id='par_1_62' title="bbox 888 1213 1651 1251">
     <span class='ocr_line' id='line_1_62' title="bbox 888 1213 1651 1251; baseline 0.003 -11"><span class='ocrx_word' id='word_1_453' title='bbox 888 1213 978 1242; x_wconf 71' lang='lat' dir='ltr'><strong>Vens.</strong></span> <span class='ocrx_word' id='word_1_454' title='bbox 995 1215 1022 1241; x_wconf 81' lang='lat'><strong>2.</strong></span> <span class='ocrx_word' id='word_1_455' title='bbox 1041 1223 1055 1240; x_wconf 84' lang='grc' dir='ltr'><strong>ιι</strong></span> <span class='ocrx_word' id='word_1_456' title='bbox 1077 1215 1109 1241; x_wconf 86' lang='lat' dir='ltr'><strong>in</strong></span> <span class='ocrx_word' id='word_1_457' title='bbox 1129 1221 1183 1241; x_wconf 90' lang='lat' dir='ltr'><strong>una</strong></span> <span class='ocrx_word' id='word_1_458' title='bbox 1201 1213 1382 1242; x_wconf 86' lang='lat' dir='ltr'><strong>Sabbatorum</strong></span> <span class='ocrx_word' id='word_1_459' title='bbox 1398 1214 1583 1251; x_wconf 87' lang='lat' dir='ltr'><strong>unusquisque</strong></span> <span class='ocrx_word' id='word_1_460' title='bbox 1607 1223 1651 1242; x_wconf 80' lang='lat' dir='ltr'><strong>vc-</strong></span> 
     </span>
    </p>
   </div>
   <div class='ocr_carea' id='block_1_63' title="bbox 851 1258 1650 1295">
    <p class='ocr_par' dir='ltr' id='par_1_63' title="bbox 851 1258 1650 1295">
     <span class='ocr_line' id='line_1_63' title="bbox 851 1258 1650 1295; baseline 0.003 -9"><span class='ocrx_word' id='word_1_461' title='bbox 851 1262 941 1286; x_wconf 87' lang='lat' dir='ltr'><strong>strum</strong></span> <span class='ocrx_word' id='word_1_462' title='bbox 963 1258 1036 1294; x_wconf 84' lang='lat' dir='ltr'><strong>apud</strong></span> <span class='ocrx_word' id='word_1_463' title='bbox 1050 1267 1081 1287; x_wconf 90' lang='lat' dir='ltr'><strong>se</strong></span> <span class='ocrx_word' id='word_1_464' title='bbox 1098 1263 1215 1295; x_wconf 88' lang='lat' dir='ltr'><strong>seponat</strong></span> <span class='ocrx_word' id='word_1_465' title='bbox 1234 1259 1384 1287; x_wconf 86' lang='lat' dir='ltr'><strong>recondens</strong></span> <span class='ocrx_word' id='word_1_466' title='bbox 1398 1259 1472 1295; x_wconf 88' lang='lat' dir='ltr'><strong>quod</strong></span> <span class='ocrx_word' id='word_1_467' title='bbox 1489 1267 1650 1295; x_wconf 74' lang='lat' dir='ltr'><strong>prOSperum</strong></span> 
     </span>
    </p>
   </div>
   <div class='ocr_carea' id='block_1_64' title="bbox 851 1302 1653 1338">
    <p class='ocr_par' dir='ltr' id='par_1_64' title="bbox 851 1302 1653 1338">
     <span class='ocr_line' id='line_1_64' title="bbox 851 1302 1653 1338; baseline 0.001 -7"><span class='ocrx_word' id='word_1_468' title='bbox 851 1302 945 1331; x_wconf 80' lang='lat' dir='ltr'><strong>fuerit.</strong></span> <span class='ocrx_word' id='word_1_469' title='bbox 963 1315 975 1328; x_wconf 72' lang='grc' dir='ltr'><strong>ν</strong></span> <span class='ocrx_word' id='word_1_470' title='bbox 992 1305 1086 1332; x_wconf 87' lang='lat' dir='ltr'><strong>Unam</strong></span> <span class='ocrx_word' id='word_1_471' title='bbox 1102 1304 1286 1332; x_wconf 87' lang='lat' dir='ltr'><strong>Sabbatorum</strong></span> <span class='ocrx_word' id='word_1_472' title='bbox 1301 1304 1478 1332; x_wconf 86' lang='lat' dir='ltr'><strong>Dominicam</strong></span> <span class='ocrx_word' id='word_1_473' title='bbox 1494 1309 1584 1338; x_wconf 83' lang='lat' dir='ltr'><strong>vocat,</strong></span> <span class='ocrx_word' id='word_1_474' title='bbox 1599 1304 1653 1332; x_wconf 75' lang='lat' dir='ltr'><strong>hor.</strong></span> 
     </span>
    </p>
   </div>
   <div class='ocr_carea' id='block_1_65' title="bbox 852 1348 1653 1383">
    <p class='ocr_par' dir='ltr' id='par_1_65' title="bbox 852 1348 1653 1383">
     <span class='ocr_line' id='line_1_65' title="bbox 852 1348 1653 1383; baseline 0.001 -7"><span class='ocrx_word' id='word_1_475' title='bbox 852 1352 895 1376; x_wconf 86' lang='lat' dir='ltr'><strong>est</strong></span> <span class='ocrx_word' id='word_1_476' title='bbox 923 1349 1041 1383; x_wconf 87' lang='lat' dir='ltr'><strong>primam</strong></span> <span class='ocrx_word' id='word_1_477' title='bbox 1063 1348 1172 1376; x_wconf 83' lang='lat' dir='ltr'><strong>Sabbati</strong></span> <span class='ocrx_word' id='word_1_478' title='bbox 1193 1349 1234 1376; x_wconf 88' lang='lat' dir='ltr'><strong>vel</strong></span> <span class='ocrx_word' id='word_1_479' title='bbox 1255 1348 1436 1377; x_wconf 86' lang='lat' dir='ltr'><strong>hebdomadis</strong></span> <span class='ocrx_word' id='word_1_480' title='bbox 1461 1348 1578 1378; x_wconf 87' lang='lat' dir='ltr'><strong>dierum.</strong></span> <span class='ocrx_word' id='word_1_481' title='bbox 1609 1350 1653 1377; x_wconf 79' lang='lat' dir='ltr'><strong>Ab</strong></span> 
     </span>
    </p>
   </div>
   <div class='ocr_carea' id='block_1_66' title="bbox 853 1392 1646 1431">
    <p class='ocr_par' dir='ltr' id='par_1_66' title="bbox 853 1392 1646 1431">
     <span class='ocr_line' id='line_1_66' title="bbox 853 1392 1646 1431; baseline 0.003 -11"><span class='ocrx_word' id='word_1_482' title='bbox 853 1393 913 1428; x_wconf 89' lang='lat' dir='ltr'><strong>ipso</strong></span> <span class='ocrx_word' id='word_1_483' title='bbox 924 1396 1014 1421; x_wconf 84' lang='lat' dir='ltr'><strong>autem</strong></span> <span class='ocrx_word' id='word_1_484' title='bbox 1024 1392 1068 1421; x_wconf 89' lang='lat' dir='ltr'><strong>die</strong></span> <span class='ocrx_word' id='word_1_485' title='bbox 1079 1393 1112 1421; x_wconf 87' lang='lat' dir='ltr'><strong>ad</strong></span> <span class='ocrx_word' id='word_1_486' title='bbox 1123 1394 1325 1430; x_wconf 87' lang='lat' dir='ltr'><strong>eleemosynam</strong></span> <span class='ocrx_word' id='word_1_487' title='bbox 1339 1401 1386 1421; x_wconf 91' lang='lat' dir='ltr'><strong>eos</strong></span> <span class='ocrx_word' id='word_1_488' title='bbox 1398 1393 1533 1428; x_wconf 85' lang='lat' dir='ltr'><strong>hortatur,</strong></span> <span class='ocrx_word' id='word_1_489' title='bbox 1545 1399 1646 1431; x_wconf 89' lang='lat' dir='ltr'><strong>myste-</strong></span> 
     </span>
    </p>
   </div>
   <div class='ocr_carea' id='block_1_67' title="bbox 853 1438 1650 1475">
    <p class='ocr_par' dir='ltr' id='par_1_67' title="bbox 853 1438 1650 1475">
     <span class='ocr_line' id='line_1_67' title="bbox 853 1438 1650 1475; baseline 0.003 -10"><span class='ocrx_word' id='word_1_490' title='bbox 853 1438 956 1466; x_wconf 90' lang='lat' dir='ltr'><strong>riorum</strong></span> <span class='ocrx_word' id='word_1_491' title='bbox 976 1446 1038 1474; x_wconf 69' lang='lat' dir='ltr'><strong>qua:</strong></span> <span class='ocrx_word' id='word_1_492' title='bbox 1054 1438 1081 1466; x_wconf 91' lang='lat' dir='ltr'><strong>in</strong></span> <span class='ocrx_word' id='word_1_493' title='bbox 1100 1446 1133 1466; x_wconf 89' lang='lat' dir='ltr'><strong>eo</strong></span> <span class='ocrx_word' id='word_1_494' title='bbox 1159 1443 1328 1475; x_wconf 83' lang='lat' dir='ltr'><strong>peraguntur</strong></span> <span class='ocrx_word' id='word_1_495' title='bbox 1344 1438 1513 1467; x_wconf 84' lang='lat' dir='ltr'><strong>mentionem</strong></span> <span class='ocrx_word' id='word_1_496' title='bbox 1539 1439 1650 1467; x_wconf 84' lang='lat' dir='ltr'><strong>faciens.</strong></span> 
     </span>
    </p>
   </div>
   <div class='ocr_carea' id='block_1_68' title="bbox 852 1483 1653 1520">
    <p class='ocr_par' dir='ltr' id='par_1_68' title="bbox 852 1483 1653 1520">
     <span class='ocr_line' id='line_1_68' title="bbox 852 1483 1653 1520; baseline 0.002 -10"><span class='ocrx_word' id='word_1_497' title='bbox 852 1483 938 1511; x_wconf 83' lang='lat' dir='ltr'><strong>Valde</strong></span> <span class='ocrx_word' id='word_1_498' title='bbox 963 1487 1055 1511; x_wconf 88' lang='lat' dir='ltr'><strong>autem</strong></span> <span class='ocrx_word' id='word_1_499' title='bbox 1082 1483 1228 1518; x_wconf 73' lang='lat' dir='ltr'><strong>prudenter</strong></span> <span class='ocrx_word' id='word_1_500' title='bbox 1249 1484 1329 1520; x_wconf 88' lang='lat' dir='ltr'><strong>jubet</strong></span> <span class='ocrx_word' id='word_1_501' title='bbox 1355 1483 1507 1519; x_wconf 82' lang='lat' dir='ltr'><strong>quemlibet</strong></span> <span class='ocrx_word' id='word_1_502' title='bbox 1525 1484 1653 1519; x_wconf 80' lang='lat' dir='ltr'><strong>colligere</strong></span> 
     </span>
    </p>
   </div>
   <div class='ocr_carea' id='block_1_69' title="bbox 853 1527 1653 1564">
    <p class='ocr_par' dir='ltr' id='par_1_69' title="bbox 853 1527 1653 1564">
     <span class='ocr_line' id='line_1_69' title="bbox 853 1527 1653 1564; baseline 0.001 -9"><span class='ocrx_word' id='word_1_503' title='bbox 853 1527 929 1564; x_wconf 92' lang='lat' dir='ltr'><strong>quod</strong></span> <span class='ocrx_word' id='word_1_504' title='bbox 943 1528 1114 1561; x_wconf 81' lang='lat' dir='ltr'><strong>successerit,</strong></span> <span class='ocrx_word' id='word_1_505' title='bbox 1130 1528 1182 1556; x_wconf 91' lang='lat' dir='ltr'><strong>hoc</strong></span> <span class='ocrx_word' id='word_1_506' title='bbox 1197 1532 1249 1563; x_wconf 86' lang='lat' dir='ltr'><strong>est,</strong></span> <span class='ocrx_word' id='word_1_507' title='bbox 1265 1528 1396 1564; x_wconf 86' lang='lat' dir='ltr'><strong>quidquid</strong></span> <span class='ocrx_word' id='word_1_508' title='bbox 1412 1530 1485 1556; x_wconf 88' lang='lat' dir='ltr'><strong>Deus</strong></span> <span class='ocrx_word' id='word_1_509' title='bbox 1497 1528 1603 1556; x_wconf 86' lang='lat' dir='ltr'><strong>dederit</strong></span> <span class='ocrx_word' id='word_1_510' title='bbox 1621 1537 1653 1556; x_wconf 87' lang='lat' dir='ltr'><strong>ac</strong></span> 
     </span>
    </p>
   </div>
   <div class='ocr_carea' id='block_1_70' title="bbox 854 1572 1655 1609">
    <p class='ocr_par' dir='ltr' id='par_1_70' title="bbox 854 1572 1655 1609">
     <span class='ocr_line' id='line_1_70' title="bbox 854 1572 1655 1609; baseline -0.001 -8"><span class='ocrx_word' id='word_1_511' title='bbox 854 1572 972 1606; x_wconf 87' lang='lat' dir='ltr'><strong>miserit,</strong></span> <span class='ocrx_word' id='word_1_512' title='bbox 997 1577 1025 1601; x_wconf 89' lang='lat' dir='ltr'><strong>et</strong></span> <span class='ocrx_word' id='word_1_513' title='bbox 1039 1572 1113 1609; x_wconf 91' lang='lat' dir='ltr'><strong>quod</strong></span> <span class='ocrx_word' id='word_1_514' title='bbox 1128 1572 1206 1600; x_wconf 83' lang='lat' dir='ltr'><strong>facile</strong></span> <span class='ocrx_word' id='word_1_515' title='bbox 1221 1577 1321 1609; x_wconf 87' lang='lat' dir='ltr'><strong>potest.</strong></span> <span class='ocrx_word' id='word_1_516' title='bbox 1334 1574 1395 1601; x_wconf 79' lang='lat' dir='ltr'><strong>Non</strong></span> <span class='ocrx_word' id='word_1_517' title='bbox 1417 1573 1492 1600; x_wconf 89' lang='lat' dir='ltr'><strong>enim</strong></span> <span class='ocrx_word' id='word_1_518' title='bbox 1504 1573 1582 1607; x_wconf 78' lang='lat' dir='ltr'><strong>dixit,</strong></span> <span class='ocrx_word' id='word_1_519' title='bbox 1595 1574 1655 1602; x_wconf 88' lang='lat' dir='ltr'><strong>Sta-</strong></span> 
     </span>
    </p>
   </div>
   <div class='ocr_carea' id='block_1_71' title="bbox 855 1617 1652 1654">
    <p class='ocr_par' dir='ltr' id='par_1_71' title="bbox 855 1617 1652 1654">
     <span class='ocr_line' id='line_1_71' title="bbox 855 1617 1652 1654; baseline 0 -9"><span class='ocrx_word' id='word_1_520' title='bbox 855 1618 907 1646; x_wconf 90' lang='lat' dir='ltr'><strong>tim</strong></span> <span class='ocrx_word' id='word_1_521' title='bbox 922 1617 971 1652; x_wconf 81' lang='lat' dir='ltr'><strong>fer,</strong></span> <span class='ocrx_word' id='word_1_522' title='bbox 987 1626 1022 1646; x_wconf 90' lang='lat' dir='ltr'><strong>ne</strong></span> <span class='ocrx_word' id='word_1_523' title='bbox 1038 1618 1101 1654; x_wconf 90' lang='lat' dir='ltr'><strong>quis</strong></span> <span class='ocrx_word' id='word_1_524' title='bbox 1122 1625 1218 1654; x_wconf 87' lang='lat' dir='ltr'><strong>parum</strong></span> <span class='ocrx_word' id='word_1_525' title='bbox 1240 1617 1343 1646; x_wconf 83' lang='lat' dir='ltr'><strong>habens</strong></span> <span class='ocrx_word' id='word_1_526' title='bbox 1358 1617 1479 1653; x_wconf 82' lang='lat' dir='ltr'><strong>pudeﬁat</strong></span> <span class='ocrx_word' id='word_1_527' title='bbox 1499 1617 1564 1646; x_wconf 87' lang='lat' dir='ltr'><strong>:sed</strong></span> <span class='ocrx_word' id='word_1_528' title='bbox 1577 1618 1652 1646; x_wconf 88' lang='lat' dir='ltr'><strong>enim</strong></span> 
     </span>
    </p>
   </div>
   <div class='ocr_carea' id='block_1_72' title="bbox 856 1662 1652 1699">
    <p class='ocr_par' dir='ltr' id='par_1_72' title="bbox 856 1662 1652 1699">
     <span class='ocr_line' id='line_1_72' title="bbox 856 1662 1652 1699; baseline 0 -8"><span class='ocrx_word' id='word_1_529' title='bbox 856 1663 930 1699; x_wconf 90' lang='lat' dir='ltr'><strong>apud</strong></span> <span class='ocrx_word' id='word_1_530' title='bbox 937 1663 1054 1699; x_wconf 89' lang='lat' dir='ltr'><strong>teipsum</strong></span> <span class='ocrx_word' id='word_1_531' title='bbox 1064 1662 1169 1699; x_wconf 79' lang='lat' dir='ltr'><strong>collige,</strong></span> <span class='ocrx_word' id='word_1_532' title='bbox 1179 1663 1321 1699; x_wconf 86' lang='lat' dir='ltr'><strong>etquando</strong></span> <span class='ocrx_word' id='word_1_533' title='bbox 1328 1670 1418 1699; x_wconf 74' lang='lat' dir='ltr'><strong>operae</strong></span> <span class='ocrx_word' id='word_1_534' title='bbox 1427 1662 1546 1698; x_wconf 87' lang='lat' dir='ltr'><strong>pretium</strong></span> <span class='ocrx_word' id='word_1_535' title='bbox 1555 1662 1634 1691; x_wconf 77' lang='lat' dir='ltr'><strong>fuerit</strong></span> <span class='ocrx_word' id='word_1_536' title='bbox 1643 1684 1652 1698; x_wconf 93' lang='lat'><strong>,</strong></span> 
     </span>
    </p>
   </div>
   <div class='ocr_carea' id='block_1_73' title="bbox 855 1707 1289 1736">
    <p class='ocr_par' dir='ltr' id='par_1_73' title="bbox 855 1707 1289 1736">
     <span class='ocr_line' id='line_1_73' title="bbox 855 1707 1289 1736; baseline -0.007 0"><span class='ocrx_word' id='word_1_537' title='bbox 855 1712 917 1736; x_wconf 90' lang='lat' dir='ltr'><strong>tum</strong></span> <span class='ocrx_word' id='word_1_538' title='bbox 930 1707 1008 1736; x_wconf 78' lang='lat' dir='ltr'><strong>affer.</strong></span> <span class='ocrx_word' id='word_1_539' title='bbox 1283 1726 1289 1733; x_wconf 84' lang='lat'><strong>.</strong></span> 
     </span>
    </p>
   </div>
   <div class='ocr_carea' id='block_1_74' title="bbox 892 1753 1651 1787">
    <p class='ocr_par' dir='ltr' id='par_1_74' title="bbox 892 1753 1651 1787">
     <span class='ocr_line' id='line_1_74' title="bbox 892 1753 1651 1787; baseline 0.001 -9"><span class='ocrx_word' id='word_1_540' title='bbox 892 1764 906 1778; x_wconf 85' lang='grc' dir='ltr'><strong>ιι</strong></span> <span class='ocrx_word' id='word_1_541' title='bbox 920 1754 961 1782; x_wconf 91' lang='lat' dir='ltr'><strong>Ut</strong></span> <span class='ocrx_word' id='word_1_542' title='bbox 979 1760 1045 1787; x_wconf 90' lang='lat' dir='ltr'><strong>non,</strong></span> <span class='ocrx_word' id='word_1_543' title='bbox 1068 1760 1132 1781; x_wconf 88' lang='lat' dir='ltr'><strong>cum</strong></span> <span class='ocrx_word' id='word_1_544' title='bbox 1146 1761 1259 1787; x_wconf 87' lang='lat' dir='ltr'><strong>venero,</strong></span> <span class='ocrx_word' id='word_1_545' title='bbox 1274 1756 1334 1780; x_wconf 90' lang='lat' dir='ltr'><strong>tum</strong></span> <span class='ocrx_word' id='word_1_546' title='bbox 1346 1753 1522 1782; x_wconf 90' lang='lat' dir='ltr'><strong>collectiones</strong></span> <span class='ocrx_word' id='word_1_547' title='bbox 1537 1753 1615 1781; x_wconf 84' lang='lat' dir='ltr'><strong>ﬁant.</strong></span> <span class='ocrx_word' id='word_1_548' title='bbox 1638 1763 1651 1779; x_wconf 74' lang='grc' dir='ltr'><strong>υ</strong></span> 
     </span>
    </p>
   </div>
   <div class='ocr_carea' id='block_1_75' title="bbox 853 1797 1650 1834">
    <p class='ocr_par' dir='ltr' id='par_1_75' title="bbox 853 1797 1650 1834">
     <span class='ocr_line' id='line_1_75' title="bbox 853 1797 1650 1834; baseline -0.001 -8"><span class='ocrx_word' id='word_1_549' title='bbox 853 1799 894 1826; x_wconf 91' lang='lat' dir='ltr'><strong>Ut</strong></span> <span class='ocrx_word' id='word_1_550' title='bbox 908 1806 964 1826; x_wconf 90' lang='lat' dir='ltr'><strong>non</strong></span> <span class='ocrx_word' id='word_1_551' title='bbox 985 1805 1048 1826; x_wconf 90' lang='lat' dir='ltr'><strong>cum</strong></span> <span class='ocrx_word' id='word_1_552' title='bbox 1063 1805 1132 1834; x_wconf 93' lang='lat' dir='ltr'><strong>opus</strong></span> <span class='ocrx_word' id='word_1_553' title='bbox 1146 1797 1230 1825; x_wconf 87' lang='lat' dir='ltr'><strong>fuerit</strong></span> <span class='ocrx_word' id='word_1_554' title='bbox 1244 1797 1405 1833; x_wconf 84' lang='lat' dir='ltr'><strong>expendere,</strong></span> <span class='ocrx_word' id='word_1_555' title='bbox 1429 1802 1488 1826; x_wconf 91' lang='lat' dir='ltr'><strong>tum</strong></span> <span class='ocrx_word' id='word_1_556' title='bbox 1503 1798 1650 1834; x_wconf 86' lang='lat' dir='ltr'><strong>colligatis.</strong></span> 
     </span>
    </p>
   </div>
   <div class='ocr_carea' id='block_1_76' title="bbox 856 1843 1654 1878">
    <p class='ocr_par' dir='ltr' id='par_1_76' title="bbox 856 1843 1654 1878">
     <span class='ocr_line' id='line_1_76' title="bbox 856 1843 1654 1878; baseline 0 -7"><span class='ocrx_word' id='word_1_557' title='bbox 856 1843 980 1871; x_wconf 85' lang='lat' dir='ltr'><strong>Dicendo</strong></span> <span class='ocrx_word' id='word_1_558' title='bbox 991 1847 1095 1877; x_wconf 86' lang='lat' dir='ltr'><strong>autem,</strong></span> <span class='ocrx_word' id='word_1_559' title='bbox 1119 1854 1132 1866; x_wconf 74' lang='grc' dir='ltr'><strong>α</strong></span> <span class='ocrx_word' id='word_1_560' title='bbox 1148 1843 1218 1870; x_wconf 90' lang='lat' dir='ltr'><strong>Cum</strong></span> <span class='ocrx_word' id='word_1_561' title='bbox 1240 1850 1350 1875; x_wconf 80' lang='lat' dir='ltr'><strong>venero,</strong></span> <span class='ocrx_word' id='word_1_562' title='bbox 1368 1852 1382 1868; x_wconf 81' lang='grc'>)›</span> <span class='ocrx_word' id='word_1_563' title='bbox 1399 1850 1446 1870; x_wconf 90' lang='lat' dir='ltr'><strong>eos</strong></span> <span class='ocrx_word' id='word_1_564' title='bbox 1470 1843 1654 1878; x_wconf 84' lang='lat' dir='ltr'><strong>promptiores</strong></span> 
     </span>
    </p>
   </div>
   <div class='ocr_carea' id='block_1_77' title="bbox 855 1886 1654 1923">
    <p class='ocr_par' dir='ltr' id='par_1_77' title="bbox 855 1886 1654 1923">
     <span class='ocr_line' id='line_1_77' title="bbox 855 1886 1654 1923; baseline 0 -8"><span class='ocrx_word' id='word_1_565' title='bbox 855 1887 919 1915; x_wconf 80' lang='lat' dir='ltr'><strong>facit</strong></span> <span class='ocrx_word' id='word_1_566' title='bbox 933 1887 968 1916; x_wconf 87' lang='lat' dir='ltr'><strong>ad</strong></span> <span class='ocrx_word' id='word_1_567' title='bbox 988 1887 1193 1919; x_wconf 84' lang='lat' dir='ltr'><strong>collectionem,</strong></span> <span class='ocrx_word' id='word_1_568' title='bbox 1215 1887 1294 1923; x_wconf 90' lang='lat' dir='ltr'><strong>quasi</strong></span> <span class='ocrx_word' id='word_1_569' title='bbox 1312 1886 1477 1915; x_wconf 87' lang='lat' dir='ltr'><strong>contributio</strong></span> <span class='ocrx_word' id='word_1_570' title='bbox 1503 1886 1538 1914; x_wconf 90' lang='lat' dir='ltr'><strong>ad</strong></span> <span class='ocrx_word' id='word_1_571' title='bbox 1560 1887 1654 1916; x_wconf 86' lang='lat' dir='ltr'><strong>oculos</strong></span> 
     </span>
    </p>
   </div>
   <div class='ocr_carea' id='block_1_78' title="bbox 852 1931 1187 1969">
    <p class='ocr_par' dir='ltr' id='par_1_78' title="bbox 852 1931 1187 1969">
     <span class='ocr_line' id='line_1_78' title="bbox 852 1931 1187 1969; baseline -0.003 -9"><span class='ocrx_word' id='word_1_572' title='bbox 852 1932 940 1969; x_wconf 87' lang='lat' dir='ltr'><strong>ipsius</strong></span> <span class='ocrx_word' id='word_1_573' title='bbox 963 1936 1126 1968; x_wconf 83' lang='lat' dir='ltr'><strong>perventura</strong></span> <span class='ocrx_word' id='word_1_574' title='bbox 1141 1931 1187 1959; x_wconf 91' lang='lat' dir='ltr'><strong>sit.</strong></span> 
     </span>
    </p>
   </div>
   <div class='ocr_carea' id='block_1_79' title="bbox 891 1975 1653 2013">
    <p class='ocr_par' dir='ltr' id='par_1_79' title="bbox 891 1975 1653 2013">
     <span class='ocr_line' id='line_1_79' title="bbox 891 1975 1653 2013; baseline 0 -9"><span class='ocrx_word' id='word_1_575' title='bbox 891 1977 974 2013; x_wconf 72' lang='lat'><strong>233</strong></span> <span class='ocrx_word' id='word_1_576' title='bbox 989 1977 1083 2004; x_wconf 74' lang='lat' dir='ltr'><strong>Vens.</strong></span> <span class='ocrx_word' id='word_1_577' title='bbox 1099 1980 1125 2005; x_wconf 88' lang='lat'><strong>3.</strong></span> <span class='ocrx_word' id='word_1_578' title='bbox 1143 1988 1156 2001; x_wconf 78' lang='grc' dir='ltr'>«ι</span> <span class='ocrx_word' id='word_1_579' title='bbox 1168 1975 1288 2012; x_wconf 87' lang='lat' dir='ltr'><strong>Quando</strong></span> <span class='ocrx_word' id='word_1_580' title='bbox 1307 1980 1402 2004; x_wconf 88' lang='lat' dir='ltr'><strong>autem</strong></span> <span class='ocrx_word' id='word_1_581' title='bbox 1419 1976 1567 2008; x_wconf 83' lang='lat' dir='ltr'><strong>advenero.</strong></span> <span class='ocrx_word' id='word_1_582' title='bbox 1583 1985 1653 2013; x_wconf 90' lang='lat' dir='ltr'><strong>quos</strong></span> 
     </span>
    </p>
   </div>
   <div class='ocr_carea' id='block_1_80' title="bbox 853 2020 1652 2058">
    <p class='ocr_par' dir='ltr' id='par_1_80' title="bbox 853 2020 1652 2058">
     <span class='ocr_line' id='line_1_80' title="bbox 853 2020 1652 2058; baseline 0 -9"><span class='ocrx_word' id='word_1_583' title='bbox 853 2022 1033 2058; x_wconf 87' lang='lat' dir='ltr'><strong>probaveritis</strong></span> <span class='ocrx_word' id='word_1_584' title='bbox 1048 2030 1095 2058; x_wconf 90' lang='lat' dir='ltr'><strong>per</strong></span> <span class='ocrx_word' id='word_1_585' title='bbox 1115 2021 1247 2058; x_wconf 86' lang='lat' dir='ltr'><strong>epistolas</strong></span> <span class='ocrx_word' id='word_1_586' title='bbox 1260 2021 1312 2049; x_wconf 90' lang='lat' dir='ltr'><strong>hos</strong></span> <span class='ocrx_word' id='word_1_587' title='bbox 1330 2021 1439 2049; x_wconf 88' lang='lat' dir='ltr'><strong>mittam</strong></span> <span class='ocrx_word' id='word_1_588' title='bbox 1455 2020 1577 2057; x_wconf 84' lang='lat' dir='ltr'><strong>perferre</strong></span> <span class='ocrx_word' id='word_1_589' title='bbox 1589 2029 1652 2058; x_wconf 85' lang='lat' dir='ltr'><strong>gra-</strong></span> 
     </span>
    </p>
   </div>
   <div class='ocr_carea' id='block_1_81' title="bbox 855 2065 1654 2103">
    <p class='ocr_par' dir='ltr' id='par_1_81' title="bbox 855 2065 1654 2103">
     <span class='ocr_line' id='line_1_81' title="bbox 855 2065 1654 2103; baseline 0.001 -9"><span class='ocrx_word' id='word_1_590' title='bbox 855 2067 923 2095; x_wconf 86' lang='lat' dir='ltr'><strong>tiam</strong></span> <span class='ocrx_word' id='word_1_591' title='bbox 944 2071 1065 2095; x_wconf 84' lang='lat' dir='ltr'><strong>vestram</strong></span> <span class='ocrx_word' id='word_1_592' title='bbox 1088 2067 1115 2094; x_wconf 90' lang='lat' dir='ltr'><strong>in</strong></span> <span class='ocrx_word' id='word_1_593' title='bbox 1137 2066 1296 2095; x_wconf 85' lang='lat' dir='ltr'><strong>Jerusalem.</strong></span> <span class='ocrx_word' id='word_1_594' title='bbox 1332 2078 1345 2090; x_wconf 79' lang='lat'><strong>-</strong></span> <span class='ocrx_word' id='word_1_595' title='bbox 1381 2065 1499 2095; x_wconf 88' lang='lat' dir='ltr'><strong>Pulchre</strong></span> <span class='ocrx_word' id='word_1_596' title='bbox 1527 2078 1540 2091; x_wconf 73' lang='grc' dir='ltr'><strong>ι</strong></span> <span class='ocrx_word' id='word_1_597' title='bbox 1576 2067 1654 2103; x_wconf 87' lang='lat' dir='ltr'><strong>Quos</strong></span> 
     </span>
    </p>
   </div>
   <div class='ocr_carea' id='block_1_82' title="bbox 856 2111 1653 2148">
    <p class='ocr_par' dir='ltr' id='par_1_82' title="bbox 856 2111 1653 2148">
     <span class='ocr_line' id='line_1_82' title="bbox 856 2111 1653 2148; baseline 0.001 -9"><span class='ocrx_word' id='word_1_598' title='bbox 856 2111 1035 2148; x_wconf 87' lang='lat' dir='ltr'><strong>probaveritis</strong></span> <span class='ocrx_word' id='word_1_599' title='bbox 1063 2122 1078 2139; x_wconf 84' lang='lat'>»</span> <span class='ocrx_word' id='word_1_600' title='bbox 1100 2112 1203 2148; x_wconf 86' lang='lat' dir='ltr'><strong>posuit,</strong></span> <span class='ocrx_word' id='word_1_601' title='bbox 1231 2111 1331 2148; x_wconf 89' lang='lat' dir='ltr'><strong>ubique</strong></span> <span class='ocrx_word' id='word_1_602' title='bbox 1357 2111 1486 2140; x_wconf 89' lang='lat' dir='ltr'><strong>scandala</strong></span> <span class='ocrx_word' id='word_1_603' title='bbox 1499 2111 1653 2148; x_wconf 83' lang='lat' dir='ltr'><strong>aufugiens,</strong></span> 
     </span>
    </p>
   </div>
   <div class='ocr_carea' id='block_1_83' title="bbox 22 2151 796 2200">
    <p class='ocr_par' dir='ltr' id='par_1_83' title="bbox 22 2151 796 2193">
     <span class='ocr_line' id='line_1_83' title="bbox 22 2151 796 2193; baseline 0.004 -14"><span class='ocrx_word' id='word_1_604' title='bbox 22 2151 95 2189; x_wconf 79' lang='grc' dir='ltr'>δαλα,</span> <span class='ocrx_word' id='word_1_605' title='bbox 115 2152 158 2182; x_wconf 75' lang='grc' dir='ltr'><strong>ἵνα</strong></span> <span class='ocrx_word' id='word_1_606' title='bbox 177 2153 216 2193; x_wconf 85' lang='grc' dir='ltr'><strong>μὴ</strong></span> <span class='ocrx_word' id='word_1_607' title='bbox 241 2152 441 2183; x_wconf 67' lang='grc' dir='ltr'>ὕποπτεύσωσιν</span> <span class='ocrx_word' id='word_1_608' title='bbox 463 2153 498 2186; x_wconf 83' lang='grc' dir='ltr'>ὡς</span> <span class='ocrx_word' id='word_1_609' title='bbox 521 2151 600 2186; x_wconf 79' lang='grc' dir='ltr'>αὐτός</span> <span class='ocrx_word' id='word_1_610' title='bbox 626 2164 652 2182; x_wconf 88' lang='grc' dir='ltr'><strong>τι</strong></span> <span class='ocrx_word' id='word_1_611' title='bbox 676 2152 796 2192; x_wconf 83' lang='grc' dir='ltr'>βούλεται</span> 
     </span>
    </p>
   </div>
   <div class='ocr_carea' id='block_1_84' title="bbox 884 2151 1655 2200">
    <p class='ocr_par' dir='ltr' id='par_1_84' title="bbox 884 2158 1655 2195">
     <span class='ocr_line' id='line_1_84' title="bbox 884 2158 1655 2195; baseline 0.001 -9"><span class='ocrx_word' id='word_1_612' title='bbox 884 2166 894 2187; x_wconf 77' lang='lat' dir='ltr'><strong>e</strong></span> <span class='ocrx_word' id='word_1_613' title='bbox 921 2159 1094 2195; x_wconf 86' lang='lat' dir='ltr'><strong>suspicentur</strong></span> <span class='ocrx_word' id='word_1_614' title='bbox 1114 2159 1203 2194; x_wconf 87' lang='lat' dir='ltr'><strong>ipsum</strong></span> <span class='ocrx_word' id='word_1_615' title='bbox 1221 2158 1291 2186; x_wconf 83' lang='lat' dir='ltr'><strong>velle</strong></span> <span class='ocrx_word' id='word_1_616' title='bbox 1309 2158 1462 2194; x_wconf 87' lang='lat' dir='ltr'><strong>quidquam</strong></span> <span class='ocrx_word' id='word_1_617' title='bbox 1483 2158 1627 2195; x_wconf 85' lang='lat' dir='ltr'><strong>sublegere</strong></span> <span class='ocrx_word' id='word_1_618' title='bbox 1639 2167 1655 2187; x_wconf 76' lang='grc' dir='ltr'><strong>ιι</strong></span> 
     </span>
    </p>
   </div>
   <div class='ocr_carea' id='block_1_85' title="bbox 23 2193 798 2236">
    <p class='ocr_par' dir='ltr' id='par_1_85' title="bbox 23 2193 798 2236">
     <span class='ocr_line' id='line_1_85' title="bbox 23 2193 798 2236; baseline 0.001 -10"><span class='ocrx_word' id='word_1_619' title='bbox 23 2197 172 2236; x_wconf 77' lang='grc' dir='ltr'>νοσφίζεσθαι</span> <span class='ocrx_word' id='word_1_620' title='bbox 188 2199 219 2228; x_wconf 69' lang='grc' dir='ltr'>ἐκ</span> <span class='ocrx_word' id='word_1_621' title='bbox 233 2199 285 2227; x_wconf 82' lang='grc' dir='ltr'><strong>τῶν</strong></span> <span class='ocrx_word' id='word_1_622' title='bbox 310 2196 509 2236; x_wconf 83' lang='grc' dir='ltr'>συναγομένων.</span> <span class='ocrx_word' id='word_1_623' title='bbox 525 2196 619 2231; x_wconf 81' lang='grc' dir='ltr'>Στίξον</span> <span class='ocrx_word' id='word_1_624' title='bbox 637 2193 680 2227; x_wconf 68' lang='grc' dir='ltr'>οἶν</span> <span class='ocrx_word' id='word_1_625' title='bbox 696 2199 732 2231; x_wconf 81' lang='grc' dir='ltr'>εἶς</span> <span class='ocrx_word' id='word_1_626' title='bbox 751 2198 781 2227; x_wconf 84' lang='grc' dir='ltr'><strong>τὸ</strong></span> <span class='ocrx_word' id='word_1_627' title='bbox 791 2220 798 2234; x_wconf 95' lang='grc'><strong>,</strong></span> 
     </span>
    </p>
   </div>
   <div class='ocr_carea' id='block_1_86' title="bbox 25 2237 800 2281">
    <p class='ocr_par' dir='ltr' id='par_1_86' title="bbox 25 2237 800 2281">
     <span class='ocr_line' id='line_1_86' title="bbox 25 2237 800 2281; baseline 0.001 -10"><span class='ocrx_word' id='word_1_628' title='bbox 25 2250 37 2267; x_wconf 70' lang='grc' dir='ltr'>ί</span> <span class='ocrx_word' id='word_1_629' title='bbox 48 2243 223 2281; x_wconf 72' lang='grc' dir='ltr'>Δοκιμάσητεσ</span> <span class='ocrx_word' id='word_1_630' title='bbox 238 2254 254 2272; x_wconf 64' lang='lat'><strong>3</strong></span> <span class='ocrx_word' id='word_1_631' title='bbox 269 2237 326 2272; x_wconf 72' lang='grc' dir='ltr'>εἶτα</span> <span class='ocrx_word' id='word_1_632' title='bbox 340 2242 483 2281; x_wconf 85' lang='grc' dir='ltr'>ἀνάγνωθι,</span> <span class='ocrx_word' id='word_1_633' title='bbox 501 2255 512 2268; x_wconf 85' lang='grc' dir='ltr'><strong>ι</strong></span> <span class='ocrx_word' id='word_1_634' title='bbox 526 2241 567 2271; x_wconf 88' lang='grc' dir='ltr'><strong>Δι’</strong></span> <span class='ocrx_word' id='word_1_635' title='bbox 583 2242 729 2272; x_wconf 81' lang='grc' dir='ltr'>ἐπιστολῶν</span> <span class='ocrx_word' id='word_1_636' title='bbox 743 2243 800 2272; x_wconf 85' lang='grc' dir='ltr'>τού-</span> 
     </span>
    </p>
   </div>
   <div class='ocr_carea' id='block_1_87' title="bbox 25 2282 799 2329">
    <p class='ocr_par' dir='ltr' id='par_1_87' title="bbox 25 2282 799 2329">
     <span class='ocr_line' id='line_1_87' title="bbox 25 2282 799 2329; baseline 0.004 -15"><span class='ocrx_word' id='word_1_637' title='bbox 25 2296 72 2319; x_wconf 85' lang='grc' dir='ltr'>τους</span> <span class='ocrx_word' id='word_1_638' title='bbox 87 2288 181 2329; x_wconf 82' lang='grc' dir='ltr'>πέμψω</span> <span class='ocrx_word' id='word_1_639' title='bbox 191 2300 199 2308; x_wconf 88' lang='grc'><strong>·</strong></span> <span class='ocrx_word' id='word_1_640' title='bbox 222 2301 235 2314; x_wconf 73' lang='grc' dir='ltr'><strong>ι</strong></span> <span class='ocrx_word' id='word_1_641' title='bbox 251 2286 319 2317; x_wconf 79' lang='grc' dir='ltr'>ὥστε</span> <span class='ocrx_word' id='word_1_642' title='bbox 335 2282 402 2316; x_wconf 80' lang='grc' dir='ltr'>εἶναι</span> <span class='ocrx_word' id='word_1_643' title='bbox 418 2286 448 2316; x_wconf 77' lang='grc' dir='ltr'>τὸ</span> <span class='ocrx_word' id='word_1_644' title='bbox 463 2286 522 2322; x_wconf 80' lang='grc' dir='ltr'>ἑξῆς</span> <span class='ocrx_word' id='word_1_645' title='bbox 541 2289 658 2317; x_wconf 83' lang='grc' dir='ltr'>τοιοῦτον</span> <span class='ocrx_word' id='word_1_646' title='bbox 669 2297 675 2305; x_wconf 92' lang='grc'><strong>·</strong></span> <span class='ocrx_word' id='word_1_647' title='bbox 696 2287 752 2321; x_wconf 72' lang='grc' dir='ltr'><strong>Οὓς</strong></span> <span class='ocrx_word' id='word_1_648' title='bbox 768 2288 799 2317; x_wconf 80' lang='grc' dir='ltr'>ἂν</span> 
     </span>
    </p>
   </div>
   <div class='ocr_carea' id='block_1_88' title="bbox 26 2329 800 2372">
    <p class='ocr_par' dir='ltr' id='par_1_88' title="bbox 26 2329 800 2372">
     <span class='ocr_line' id='line_1_88' title="bbox 26 2329 800 2372; baseline 0.003 -13"><span class='ocrx_word' id='word_1_649' title='bbox 26 2329 185 2369; x_wconf 66' lang='grc' dir='ltr'>δοκιμάσητε,</span> <span class='ocrx_word' id='word_1_650' title='bbox 207 2332 314 2366; x_wconf 81' lang='grc' dir='ltr'>τούτους</span> <span class='ocrx_word' id='word_1_651' title='bbox 347 2331 447 2372; x_wconf 77' lang='grc' dir='ltr'>πέμψω</span> <span class='ocrx_word' id='word_1_652' title='bbox 475 2330 518 2360; x_wconf 81' lang='grc' dir='ltr'><strong>διᾶ</strong></span> <span class='ocrx_word' id='word_1_653' title='bbox 548 2333 599 2361; x_wconf 80' lang='grc' dir='ltr'><strong>τῶν</strong></span> <span class='ocrx_word' id='word_1_654' title='bbox 633 2332 800 2371; x_wconf 77' lang='grc' dir='ltr'>γραμμάτων</span> 
     </span>
    </p>
   </div>
   <div class='ocr_carea' id='block_1_89' title="bbox 27 2375 800 2416">
    <p class='ocr_par' dir='ltr' id='par_1_89' title="bbox 27 2375 800 2416">
     <span class='ocr_line' id='line_1_89' title="bbox 27 2375 800 2416; baseline 0 -10"><span class='ocrx_word' id='word_1_655' title='bbox 27 2385 85 2410; x_wconf 81' lang='grc' dir='ltr'>μου·</span> <span class='ocrx_word' id='word_1_656' title='bbox 100 2378 193 2407; x_wconf 76' lang='grc' dir='ltr'>ὡσανεὶ</span> <span class='ocrx_word' id='word_1_657' title='bbox 214 2377 298 2416; x_wconf 76' lang='grc' dir='ltr'>λέγων</span> <span class='ocrx_word' id='word_1_658' title='bbox 312 2398 320 2405; x_wconf 91' lang='grc'><strong>.</strong></span> <span class='ocrx_word' id='word_1_659' title='bbox 337 2376 394 2407; x_wconf 80' lang='grc' dir='ltr'>Καὶ</span> <span class='ocrx_word' id='word_1_660' title='bbox 415 2375 492 2409; x_wconf 77' lang='grc' dir='ltr'>αὐτὸς</span> <span class='ocrx_word' id='word_1_661' title='bbox 512 2376 675 2415; x_wconf 80' lang='grc' dir='ltr'>συνέσομαι⁴</span> <span class='ocrx_word' id='word_1_662' title='bbox 697 2378 800 2414; x_wconf 78' lang='grc' dir='ltr'>αὐτοῖς,</span> 
     </span>
    </p>
   </div>
   <div class='ocr_carea' id='block_1_90' title="bbox 27 2419 800 2461">
    <p class='ocr_par' dir='ltr' id='par_1_90' title="bbox 27 2419 800 2461">
     <span class='ocr_line' id='line_1_90' title="bbox 27 2419 800 2461; baseline 0.006 -15"><span class='ocrx_word' id='word_1_663' title='bbox 27 2419 64 2447; x_wconf 73' lang='grc' dir='ltr'>καὶ</span> <span class='ocrx_word' id='word_1_664' title='bbox 83 2421 228 2459; x_wconf 73' lang='grc' dir='ltr'>κοινωνήσω</span> <span class='ocrx_word' id='word_1_665' title='bbox 251 2424 298 2458; x_wconf 80' lang='grc' dir='ltr'><strong>τῆς</strong></span> <span class='ocrx_word' id='word_1_666' title='bbox 326 2421 458 2454; x_wconf 78' lang='grc' dir='ltr'>διακονίας</span> <span class='ocrx_word' id='word_1_667' title='bbox 480 2420 523 2450; x_wconf 77' lang='grc' dir='ltr'><strong>διὰ</strong></span> <span class='ocrx_word' id='word_1_668' title='bbox 549 2423 601 2450; x_wconf 78' lang='grc' dir='ltr'><strong>τῶν</strong></span> <span class='ocrx_word' id='word_1_669' title='bbox 623 2421 800 2461; x_wconf 76' lang='grc' dir='ltr'>γραμμάτων.</span> 
     </span>
    </p>
   </div>
   <div class='ocr_carea' id='block_1_91' title="bbox 29 2461 801 2507">
    <p class='ocr_par' dir='ltr' id='par_1_91' title="bbox 29 2461 801 2507">
     <span class='ocr_line' id='line_1_91' title="bbox 29 2461 801 2507; baseline 0.003 -13"><span class='ocrx_word' id='word_1_670' title='bbox 29 2461 100 2507; x_wconf 58' lang='grc' dir='ltr'>Χάριν</span> <span class='ocrx_word' id='word_1_671' title='bbox 120 2467 146 2496; x_wconf 73' lang='grc' dir='ltr'><strong>δὲ</strong></span> <span class='ocrx_word' id='word_1_672' title='bbox 169 2468 200 2498; x_wconf 85' lang='grc' dir='ltr'><strong>τὸ</strong></span> <span class='ocrx_word' id='word_1_673' title='bbox 215 2471 328 2507; x_wconf 82' lang='grc' dir='ltr'>πρᾶγμα</span> <span class='ocrx_word' id='word_1_674' title='bbox 345 2467 470 2502; x_wconf 77' lang='grc' dir='ltr'>ἐκάλεσε,</span> <span class='ocrx_word' id='word_1_675' title='bbox 489 2465 609 2495; x_wconf 82' lang='grc' dir='ltr'>τουτέστι</span> <span class='ocrx_word' id='word_1_676' title='bbox 631 2467 801 2506; x_wconf 74' lang='grc' dir='ltr'>φιλοτιμίαν,</span> 
     </span>
    </p>
   </div>
   <div class='ocr_carea' id='block_1_92' title="bbox 28 2505 801 2552">
    <p class='ocr_par' dir='ltr' id='par_1_92' title="bbox 28 2505 801 2552">
     <span class='ocr_line' id='line_1_92' title="bbox 28 2505 801 2552; baseline 0.009 -18"><span class='ocrx_word' id='word_1_677' title='bbox 28 2505 63 2536; x_wconf 70' lang='grc' dir='ltr'>ἵνα</span> <span class='ocrx_word' id='word_1_678' title='bbox 82 2510 146 2552; x_wconf 81' lang='grc' dir='ltr'>δείξῃ</span> <span class='ocrx_word' id='word_1_679' title='bbox 170 2505 262 2546; x_wconf 53' lang='grc' dir='ltr'>αὐτούς</span> <span class='ocrx_word' id='word_1_680' title='bbox 277 2505 347 2550; x_wconf 77' lang='grc' dir='ltr'>μέγα</span> <span class='ocrx_word' id='word_1_681' title='bbox 361 2523 388 2541; x_wconf 89' lang='grc' dir='ltr'><strong>τι</strong></span> <span class='ocrx_word' id='word_1_682' title='bbox 402 2513 559 2547; x_wconf 79' lang='grc' dir='ltr'>ποιοῦντας,</span> <span class='ocrx_word' id='word_1_683' title='bbox 582 2510 628 2539; x_wconf 84' lang='grc' dir='ltr'><strong>καὶ</strong></span> <span class='ocrx_word' id='word_1_684' title='bbox 637 2505 690 2541; x_wconf 18' lang='grc' dir='ltr'>γοῦκ</span> <span class='ocrx_word' id='word_1_685' title='bbox 707 2513 736 2541; x_wconf 74' lang='grc' dir='ltr'>ἔκ</span> <span class='ocrx_word' id='word_1_686' title='bbox 751 2511 801 2541; x_wconf 82' lang='grc' dir='ltr'>λύ-</span> 
     </span>
    </p>
   </div>
   <div class='ocr_carea' id='block_1_93' title="bbox 31 2554 802 2597">
    <p class='ocr_par' dir='ltr' id='par_1_93' title="bbox 31 2554 802 2597">
     <span class='ocr_line' id='line_1_93' title="bbox 31 2554 802 2597; baseline -0.003 -11"><span class='ocrx_word' id='word_1_687' title='bbox 31 2554 115 2597; x_wconf 50' lang='grc' dir='ltr'><strong>Ῐηῆῆ</strong></span> <span class='ocrx_word' id='word_1_688' title='bbox 137 2556 162 2591; x_wconf 79' lang='grc' dir='ltr'><strong>ἐξ</strong></span> <span class='ocrx_word' id='word_1_689' title='bbox 182 2557 315 2596; x_wconf 78' lang='grc' dir='ltr'>ἀνάγκης·</span> <span class='ocrx_word' id='word_1_690' title='bbox 332 2559 459 2597; x_wconf 23' lang='grc' dir='ltr'>τοιοῦτονμ</span> <span class='ocrx_word' id='word_1_691' title='bbox 470 2555 522 2595; x_wconf 82' lang='grc' dir='ltr'><strong>γὰρ</strong></span> <span class='ocrx_word' id='word_1_692' title='bbox 545 2557 561 2591; x_wconf 84' lang='grc' dir='ltr'>ἡ</span> <span class='ocrx_word' id='word_1_693' title='bbox 582 2555 671 2596; x_wconf 81' lang='grc' dir='ltr'>χάρις.</span> <span class='ocrx_word' id='word_1_694' title='bbox 687 2557 728 2587; x_wconf 84' lang='grc' dir='ltr'><strong>Τὸ</strong></span> <span class='ocrx_word' id='word_1_695' title='bbox 751 2557 802 2597; x_wconf 76' lang='grc' dir='ltr'><strong>γὰρ</strong></span> 
     </span>
    </p>
   </div>
   <div class='ocr_carea' id='block_1_94' title="bbox 32 2595 802 2642">
    <p class='ocr_par' dir='ltr' id='par_1_94' title="bbox 32 2595 802 2642">
     <span class='ocr_line' id='line_1_94' title="bbox 32 2595 802 2642; baseline 0.001 -12"><span class='ocrx_word' id='word_1_696' title='bbox 32 2595 188 2642; x_wconf 53' lang='grc' dir='ltr'>ξλξημοσύνην</span> <span class='ocrx_word' id='word_1_697' title='bbox 203 2595 285 2631; x_wconf 83' lang='grc' dir='ltr'>εἰπεῖν</span> <span class='ocrx_word' id='word_1_698' title='bbox 294 2624 304 2642; x_wconf 81' lang='grc'><strong>,</strong></span> <span class='ocrx_word' id='word_1_699' title='bbox 325 2600 428 2636; x_wconf 79' lang='grc' dir='ltr'>ἀνάξιον</span> <span class='ocrx_word' id='word_1_700' title='bbox 443 2595 475 2636; x_wconf 78' lang='grc' dir='ltr'><strong>ἦν</strong></span> <span class='ocrx_word' id='word_1_701' title='bbox 489 2601 542 2629; x_wconf 84' lang='grc' dir='ltr'><strong>τῶν</strong></span> <span class='ocrx_word' id='word_1_702' title='bbox 560 2595 710 2639; x_wconf 80' lang='grc' dir='ltr'>μελλόντων</span> <span class='ocrx_word' id='word_1_703' title='bbox 727 2595 802 2641; x_wconf 47' lang='grc' dir='ltr'>λαμζ</span> 
     </span>
    </p>
   </div>
   <div class='ocr_carea' id='block_1_95' title="bbox 35 2637 214 2683">
    <p class='ocr_par' dir='ltr' id='par_1_95' title="bbox 35 2637 214 2683">
     <span class='ocr_line' id='line_1_95' title="bbox 35 2637 214 2683; baseline 0.056 -15"><span class='ocrx_word' id='word_1_704' title='bbox 35 2637 106 2671; x_wconf 70' lang='grc' dir='ltr'>ϐάνιιν</span> <span class='ocrx_word' id='word_1_705' title='bbox 127 2637 214 2683; x_wconf 74' lang='grc' dir='ltr'>ἁγίων.</span> 
     </span>
    </p>
   </div>
   <div class='ocr_carea' id='block_1_96' title="bbox 68 2686 805 2733">
    <p class='ocr_par' dir='ltr' id='par_1_96' title="bbox 68 2686 805 2733">
     <span class='ocr_line' id='line_1_96' title="bbox 68 2686 805 2733; baseline 0.005 -15"><span class='ocrx_word' id='word_1_706' title='bbox 68 2697 81 2712; x_wconf 78' lang='grc' dir='ltr'><strong>ι</strong></span> <span class='ocrx_word' id='word_1_707' title='bbox 94 2686 160 2733; x_wconf 32' lang='grc' dir='ltr'>’Ἐὰν</span> <span class='ocrx_word' id='word_1_708' title='bbox 178 2692 204 2720; x_wconf 68' lang='grc' dir='ltr'><strong>ὁὶ</strong></span> <span class='ocrx_word' id='word_1_709' title='bbox 248 2691 319 2725; x_wconf 78' lang='grc' dir='ltr'>ἄξιον</span> <span class='ocrx_word' id='word_1_710' title='bbox 337 2693 384 2733; x_wconf 72' lang='grc' dir='ltr'><strong>τοῦ</strong></span> <span class='ocrx_word' id='word_1_711' title='bbox 399 2692 469 2730; x_wconf 78' lang='grc' dir='ltr'>κάμὲ</span> <span class='ocrx_word' id='word_1_712' title='bbox 485 2692 661 2733; x_wconf 82' lang='grc' dir='ltr'>πορεύεσθαι,</span> <span class='ocrx_word' id='word_1_713' title='bbox 675 2691 721 2722; x_wconf 80' lang='grc' dir='ltr'><strong>σὺν</strong></span> <span class='ocrx_word' id='word_1_714' title='bbox 745 2692 805 2730; x_wconf 77' lang='grc' dir='ltr'>ἐμοὶ</span> 
     </span>
    </p>
   </div>
   <div class='ocr_carea' id='block_1_97' title="bbox 37 2731 805 2776">
    <p class='ocr_par' dir='ltr' id='par_1_97' title="bbox 37 2731 805 2776">
     <span class='ocr_line' id='line_1_97' title="bbox 37 2731 805 2776; baseline 0.008 -16"><span class='ocrx_word' id='word_1_715' title='bbox 37 2731 194 2768; x_wconf 77' lang='grc' dir='ltr'>πορεύσονται.</span> <span class='ocrx_word' id='word_1_716' title='bbox 217 2749 227 2762; x_wconf 87' lang='lat'><strong><em>-</em></strong></span> <span class='ocrx_word' id='word_1_717' title='bbox 243 2735 314 2766; x_wconf 77' lang='grc' dir='ltr'><strong>Ἐὰν</strong></span> <span class='ocrx_word' id='word_1_718' title='bbox 337 2732 372 2776; x_wconf 77' lang='grc' dir='ltr'><strong>ᾗ,</strong></span> <span class='ocrx_word' id='word_1_719' title='bbox 396 2737 478 2776; x_wconf 79' lang='grc' dir='ltr'>φησὶ,</span> <span class='ocrx_word' id='word_1_720' title='bbox 500 2731 531 2767; x_wconf 72' lang='grc' dir='ltr'><strong>τὸ</strong></span> <span class='ocrx_word' id='word_1_721' title='bbox 556 2737 734 2775; x_wconf 81' lang='grc' dir='ltr'>συναγόμενον</span> <span class='ocrx_word' id='word_1_722' title='bbox 757 2748 805 2766; x_wconf 85' lang='grc' dir='ltr'>το-</span> 
     </span>
    </p>
   </div>
   <div class='ocr_carea' id='block_1_98' title="bbox 857 2203 1652 2239">
    <p class='ocr_par' dir='ltr' id='par_1_98' title="bbox 857 2203 1652 2239">
     <span class='ocr_line' id='line_1_98' title="bbox 857 2203 1652 2239; baseline -0.001 -7"><span class='ocrx_word' id='word_1_723' title='bbox 857 2203 988 2232; x_wconf 85' lang='lat' dir='ltr'><strong>collectis.</strong></span> <span class='ocrx_word' id='word_1_724' title='bbox 1028 2203 1145 2231; x_wconf 88' lang='lat' dir='ltr'><strong>Comma</strong></span> <span class='ocrx_word' id='word_1_725' title='bbox 1175 2203 1258 2239; x_wconf 82' lang='lat' dir='ltr'><strong>igitur</strong></span> <span class='ocrx_word' id='word_1_726' title='bbox 1281 2207 1343 2238; x_wconf 89' lang='lat' dir='ltr'><strong>post</strong></span> <span class='ocrx_word' id='word_1_727' title='bbox 1372 2214 1384 2227; x_wconf 76' lang='grc' dir='ltr'><strong><em>α</em></strong></span> <span class='ocrx_word' id='word_1_728' title='bbox 1424 2203 1608 2232; x_wconf 84' lang='lat' dir='ltr'><strong>Probaveritis</strong></span> <span class='ocrx_word' id='word_1_729' title='bbox 1641 2216 1652 2228; x_wconf 82' lang='grc' dir='ltr'><strong>ιι</strong></span> 
     </span>
    </p>
   </div>
   <div class='ocr_carea' id='block_1_99' title="bbox 854 2247 1651 2284">
    <p class='ocr_par' dir='ltr' id='par_1_99' title="bbox 854 2247 1651 2284">
     <span class='ocr_line' id='line_1_99' title="bbox 854 2247 1651 2284; baseline 0.001 -8"><span class='ocrx_word' id='word_1_730' title='bbox 854 2248 955 2284; x_wconf 83' lang='lat' dir='ltr'><strong>adjice:</strong></span> <span class='ocrx_word' id='word_1_731' title='bbox 973 2247 1072 2276; x_wconf 88' lang='lat' dir='ltr'><strong>deinde</strong></span> <span class='ocrx_word' id='word_1_732' title='bbox 1086 2248 1155 2284; x_wconf 82' lang='lat' dir='ltr'><strong>lege,</strong></span> <span class='ocrx_word' id='word_1_733' title='bbox 1180 2257 1193 2274; x_wconf 86' lang='grc'><strong>››</strong></span> <span class='ocrx_word' id='word_1_734' title='bbox 1220 2249 1274 2276; x_wconf 88' lang='lat' dir='ltr'><strong>Per</strong></span> <span class='ocrx_word' id='word_1_735' title='bbox 1296 2248 1425 2283; x_wconf 87' lang='lat' dir='ltr'><strong>epistolas</strong></span> <span class='ocrx_word' id='word_1_736' title='bbox 1444 2248 1496 2276; x_wconf 87' lang='lat' dir='ltr'><strong>hos</strong></span> <span class='ocrx_word' id='word_1_737' title='bbox 1513 2248 1621 2277; x_wconf 88' lang='lat' dir='ltr'><strong>mittam</strong></span> <span class='ocrx_word' id='word_1_738' title='bbox 1641 2261 1651 2273; x_wconf 72' lang='grc' dir='ltr'><strong>ο</strong></span> 
     </span>
    </p>
   </div>
   <div class='ocr_carea' id='block_1_100' title="bbox 854 2292 1654 2329">
    <p class='ocr_par' dir='ltr' id='par_1_100' title="bbox 854 2292 1654 2329">
     <span class='ocr_line' id='line_1_100' title="bbox 854 2292 1654 2329; baseline 0.003 -9"><span class='ocrx_word' id='word_1_739' title='bbox 854 2297 887 2321; x_wconf 91' lang='lat' dir='ltr'><strong>ut</strong></span> <span class='ocrx_word' id='word_1_740' title='bbox 899 2292 1057 2329; x_wconf 86' lang='lat' dir='ltr'><strong>hujusmodi</strong></span> <span class='ocrx_word' id='word_1_741' title='bbox 1074 2293 1136 2320; x_wconf 91' lang='lat' dir='ltr'><strong>inde</strong></span> <span class='ocrx_word' id='word_1_742' title='bbox 1154 2300 1249 2320; x_wconf 85' lang='lat' dir='ltr'><strong>sensus</strong></span> <span class='ocrx_word' id='word_1_743' title='bbox 1267 2293 1448 2320; x_wconf 88' lang='lat' dir='ltr'><strong>concinnetur</strong></span> <span class='ocrx_word' id='word_1_744' title='bbox 1469 2301 1476 2320; x_wconf 89' lang='lat'>:</span> <span class='ocrx_word' id='word_1_745' title='bbox 1492 2294 1570 2329; x_wconf 84' lang='lat' dir='ltr'><strong>Quos</strong></span> <span class='ocrx_word' id='word_1_746' title='bbox 1589 2302 1654 2329; x_wconf 89' lang='lat' dir='ltr'><strong>pro-</strong></span> 
     </span>
    </p>
   </div>
   <div class='ocr_carea' id='block_1_101' title="bbox 855 2336 1654 2374">
    <p class='ocr_par' dir='ltr' id='par_1_101' title="bbox 855 2336 1654 2374">
     <span class='ocr_line' id='line_1_101' title="bbox 855 2336 1654 2374; baseline 0.001 -8"><span class='ocrx_word' id='word_1_747' title='bbox 855 2337 1001 2372; x_wconf 87' lang='lat' dir='ltr'><strong>baveritis,</strong></span> <span class='ocrx_word' id='word_1_748' title='bbox 1021 2337 1073 2365; x_wconf 90' lang='lat' dir='ltr'><strong>hos</strong></span> <span class='ocrx_word' id='word_1_749' title='bbox 1100 2336 1209 2365; x_wconf 87' lang='lat' dir='ltr'><strong>mittam</strong></span> <span class='ocrx_word' id='word_1_750' title='bbox 1233 2345 1282 2373; x_wconf 88' lang='lat' dir='ltr'><strong>per</strong></span> <span class='ocrx_word' id='word_1_751' title='bbox 1306 2337 1411 2365; x_wconf 88' lang='lat' dir='ltr'><strong>litteras</strong></span> <span class='ocrx_word' id='word_1_752' title='bbox 1425 2345 1522 2365; x_wconf 86' lang='lat' dir='ltr'><strong>meas:</strong></span> <span class='ocrx_word' id='word_1_753' title='bbox 1538 2338 1654 2374; x_wconf 91' lang='lat' dir='ltr'><strong>perinde</strong></span> 
     </span>
    </p>
   </div>
   <div class='ocr_carea' id='block_1_102' title="bbox 855 2382 1656 2418">
    <p class='ocr_par' dir='ltr' id='par_1_102' title="bbox 855 2382 1656 2418">
     <span class='ocr_line' id='line_1_102' title="bbox 855 2382 1656 2418; baseline 0.001 -7"><span class='ocrx_word' id='word_1_754' title='bbox 855 2390 887 2411; x_wconf 84' lang='lat' dir='ltr'><strong>ac</strong></span> <span class='ocrx_word' id='word_1_755' title='bbox 911 2382 934 2410; x_wconf 85' lang='lat' dir='ltr'><strong>si</strong></span> <span class='ocrx_word' id='word_1_756' title='bbox 949 2382 1074 2410; x_wconf 83' lang='lat' dir='ltr'><strong>diceret:</strong></span> <span class='ocrx_word' id='word_1_757' title='bbox 1090 2383 1152 2418; x_wconf 81' lang='lat' dir='ltr'><strong>Ipse</strong></span> <span class='ocrx_word' id='word_1_758' title='bbox 1166 2382 1250 2410; x_wconf 84' lang='lat' dir='ltr'><strong>etiam</strong></span> <span class='ocrx_word' id='word_1_759' title='bbox 1263 2390 1329 2410; x_wconf 86' lang='lat' dir='ltr'><strong>cum</strong></span> <span class='ocrx_word' id='word_1_760' title='bbox 1350 2382 1404 2410; x_wconf 89' lang='lat' dir='ltr'><strong>illis</strong></span> <span class='ocrx_word' id='word_1_761' title='bbox 1424 2390 1608 2417; x_wconf 83' lang='lat' dir='ltr'><strong>concurram,</strong></span> <span class='ocrx_word' id='word_1_762' title='bbox 1628 2388 1656 2412; x_wconf 84' lang='lat' dir='ltr'><strong>et</strong></span> 
     </span>
    </p>
   </div>
   <div class='ocr_carea' id='block_1_103' title="bbox 856 2427 1654 2464">
    <p class='ocr_par' dir='ltr' id='par_1_103' title="bbox 856 2427 1654 2464">
     <span class='ocr_line' id='line_1_103' title="bbox 856 2427 1654 2464; baseline 0.001 -9"><span class='ocrx_word' id='word_1_763' title='bbox 856 2435 904 2464; x_wconf 86' lang='lat' dir='ltr'><strong>per</strong></span> <span class='ocrx_word' id='word_1_764' title='bbox 918 2427 1024 2455; x_wconf 88' lang='lat' dir='ltr'><strong>litteras</strong></span> <span class='ocrx_word' id='word_1_765' title='bbox 1036 2427 1173 2463; x_wconf 88' lang='lat' dir='ltr'><strong>particeps</strong></span> <span class='ocrx_word' id='word_1_766' title='bbox 1187 2434 1234 2455; x_wconf 91' lang='lat' dir='ltr'><strong>ero</strong></span> <span class='ocrx_word' id='word_1_767' title='bbox 1248 2427 1402 2455; x_wconf 86' lang='lat' dir='ltr'><strong>ministerii.</strong></span> <span class='ocrx_word' id='word_1_768' title='bbox 1419 2427 1544 2456; x_wconf 86' lang='lat' dir='ltr'><strong>Gratiam</strong></span> <span class='ocrx_word' id='word_1_769' title='bbox 1561 2432 1654 2457; x_wconf 85' lang='lat' dir='ltr'><strong>autem</strong></span> 
     </span>
    </p>
   </div>
   <div class='ocr_carea' id='block_1_104' title="bbox 857 2471 1656 2508">
    <p class='ocr_par' dir='ltr' id='par_1_104' title="bbox 857 2471 1656 2508">
     <span class='ocr_line' id='line_1_104' title="bbox 857 2471 1656 2508; baseline 0.001 -8"><span class='ocrx_word' id='word_1_770' title='bbox 857 2480 917 2500; x_wconf 89' lang='lat' dir='ltr'><strong>rem</strong></span> <span class='ocrx_word' id='word_1_771' title='bbox 930 2472 1016 2508; x_wconf 88' lang='lat' dir='ltr'><strong>ipsam</strong></span> <span class='ocrx_word' id='word_1_772' title='bbox 1031 2472 1148 2506; x_wconf 85' lang='lat' dir='ltr'><strong>vocavit,</strong></span> <span class='ocrx_word' id='word_1_773' title='bbox 1165 2471 1193 2500; x_wconf 87' lang='lat' dir='ltr'><strong>id</strong></span> <span class='ocrx_word' id='word_1_774' title='bbox 1207 2475 1249 2499; x_wconf 87' lang='lat' dir='ltr'><strong>est</strong></span> <span class='ocrx_word' id='word_1_775' title='bbox 1261 2471 1469 2507; x_wconf 80' lang='lat' dir='ltr'><strong>liberalitatem,</strong></span> <span class='ocrx_word' id='word_1_776' title='bbox 1485 2477 1515 2500; x_wconf 88' lang='lat' dir='ltr'><strong>ut</strong></span> <span class='ocrx_word' id='word_1_777' title='bbox 1528 2473 1656 2502; x_wconf 86' lang='lat' dir='ltr'><strong>ostendat</strong></span> 
     </span>
    </p>
   </div>
   <div class='ocr_carea' id='block_1_105' title="bbox 857 2517 1655 2554">
    <p class='ocr_par' dir='ltr' id='par_1_105' title="bbox 857 2517 1655 2554">
     <span class='ocr_line' id='line_1_105' title="bbox 857 2517 1655 2554; baseline 0 -9"><span class='ocrx_word' id='word_1_778' title='bbox 857 2525 905 2545; x_wconf 90' lang='lat' dir='ltr'><strong>eos</strong></span> <span class='ocrx_word' id='word_1_779' title='bbox 919 2525 1052 2553; x_wconf 85' lang='lat' dir='ltr'><strong>magnum</strong></span> <span class='ocrx_word' id='word_1_780' title='bbox 1076 2517 1142 2554; x_wconf 89' lang='lat' dir='ltr'><strong>quid</strong></span> <span class='ocrx_word' id='word_1_781' title='bbox 1158 2521 1299 2552; x_wconf 68' lang='lat' dir='ltr'><strong>praestare,</strong></span> <span class='ocrx_word' id='word_1_782' title='bbox 1319 2521 1348 2544; x_wconf 92' lang='lat' dir='ltr'><strong>et</strong></span> <span class='ocrx_word' id='word_1_783' title='bbox 1361 2524 1416 2545; x_wconf 93' lang='lat' dir='ltr'><strong>non</strong></span> <span class='ocrx_word' id='word_1_784' title='bbox 1429 2525 1460 2545; x_wconf 83' lang='lat' dir='ltr'><strong>ex</strong></span> <span class='ocrx_word' id='word_1_785' title='bbox 1477 2525 1595 2546; x_wconf 68' lang='lat' dir='ltr'><strong>maerore</strong></span> <span class='ocrx_word' id='word_1_786' title='bbox 1614 2518 1655 2545; x_wconf 87' lang='lat' dir='ltr'><strong>vel</strong></span> 
     </span>
    </p>
   </div>
   <div class='ocr_carea' id='block_1_106' title="bbox 857 2561 1655 2598">
    <p class='ocr_par' dir='ltr' id='par_1_106' title="bbox 857 2561 1655 2598">
     <span class='ocr_line' id='line_1_106' title="bbox 857 2561 1655 2598; baseline 0 -8"><span class='ocrx_word' id='word_1_787' title='bbox 857 2562 1033 2590; x_wconf 86' lang='lat' dir='ltr'><strong>necessitate.</strong></span> <span class='ocrx_word' id='word_1_788' title='bbox 1051 2562 1116 2590; x_wconf 90' lang='lat' dir='ltr'><strong>Tale</strong></span> <span class='ocrx_word' id='word_1_789' title='bbox 1129 2561 1202 2590; x_wconf 86' lang='lat' dir='ltr'><strong>enim</strong></span> <span class='ocrx_word' id='word_1_790' title='bbox 1215 2561 1346 2598; x_wconf 88' lang='lat' dir='ltr'><strong>quiddam</strong></span> <span class='ocrx_word' id='word_1_791' title='bbox 1361 2566 1405 2590; x_wconf 88' lang='lat' dir='ltr'><strong>est</strong></span> <span class='ocrx_word' id='word_1_792' title='bbox 1423 2562 1522 2598; x_wconf 84' lang='lat' dir='ltr'><strong>gratia.</strong></span> <span class='ocrx_word' id='word_1_793' title='bbox 1545 2563 1619 2590; x_wconf 85' lang='lat' dir='ltr'><strong>Nam</strong></span> <span class='ocrx_word' id='word_1_794' title='bbox 1633 2563 1655 2590; x_wconf 88' lang='lat' dir='ltr'><strong>si</strong></span> 
     </span>
    </p>
   </div>
   <div class='ocr_carea' id='block_1_107' title="bbox 857 2606 1655 2643">
    <p class='ocr_par' dir='ltr' id='par_1_107' title="bbox 857 2606 1655 2643">
     <span class='ocr_line' id='line_1_107' title="bbox 857 2606 1655 2643; baseline -0.001 -8"><span class='ocrx_word' id='word_1_795' title='bbox 857 2607 970 2636; x_wconf 79' lang='lat' dir='ltr'><strong>dixisset</strong></span> <span class='ocrx_word' id='word_1_796' title='bbox 989 2607 1209 2643; x_wconf 80' lang='lat' dir='ltr'><strong>eleemosynam,</strong></span> <span class='ocrx_word' id='word_1_797' title='bbox 1226 2606 1371 2643; x_wconf 85' lang='lat' dir='ltr'><strong>indignum</strong></span> <span class='ocrx_word' id='word_1_798' title='bbox 1385 2606 1479 2636; x_wconf 81' lang='lat' dir='ltr'><strong>fuisset</strong></span> <span class='ocrx_word' id='word_1_799' title='bbox 1491 2607 1590 2635; x_wconf 86' lang='lat' dir='ltr'><strong>sanctis</strong></span> <span class='ocrx_word' id='word_1_800' title='bbox 1608 2607 1655 2642; x_wconf 92' lang='lat' dir='ltr'><strong>qui</strong></span> 
     </span>
    </p>
   </div>
   <div class='ocr_carea' id='block_1_108' title="bbox 859 2652 1106 2688">
    <p class='ocr_par' dir='ltr' id='par_1_108' title="bbox 859 2652 1106 2688">
     <span class='ocr_line' id='line_1_108' title="bbox 859 2652 1106 2688; baseline 0 -8"><span class='ocrx_word' id='word_1_801' title='bbox 859 2652 999 2688; x_wconf 84' lang='lat' dir='ltr'><strong>accepturi</strong></span> <span class='ocrx_word' id='word_1_802' title='bbox 1018 2656 1106 2680; x_wconf 87' lang='lat' dir='ltr'><strong>erant.</strong></span> 
     </span>
    </p>
   </div>
   <div class='ocr_carea' id='block_1_109' title="bbox 894 2696 1656 2733">
    <p class='ocr_par' dir='ltr' id='par_1_109' title="bbox 894 2696 1656 2733">
     <span class='ocr_line' id='line_1_109' title="bbox 894 2696 1656 2733; baseline 0 -9"><span class='ocrx_word' id='word_1_803' title='bbox 894 2697 985 2725; x_wconf 66' lang='lat' dir='ltr'><strong>Vens.</strong></span> <span class='ocrx_word' id='word_1_804' title='bbox 999 2699 1023 2724; x_wconf 87' lang='grc'>4.</span> <span class='ocrx_word' id='word_1_805' title='bbox 1035 2697 1090 2726; x_wconf 66' lang='lat' dir='ltr'><strong>«Si</strong></span> <span class='ocrx_word' id='word_1_806' title='bbox 1102 2701 1196 2725; x_wconf 88' lang='lat' dir='ltr'><strong>autem</strong></span> <span class='ocrx_word' id='word_1_807' title='bbox 1216 2696 1332 2732; x_wconf 81' lang='lat' dir='ltr'><strong>dignum</strong></span> <span class='ocrx_word' id='word_1_808' title='bbox 1342 2696 1424 2726; x_wconf 87' lang='lat' dir='ltr'><strong>fuerit</strong></span> <span class='ocrx_word' id='word_1_809' title='bbox 1441 2701 1471 2725; x_wconf 91' lang='lat' dir='ltr'><strong>ut</strong></span> <span class='ocrx_word' id='word_1_810' title='bbox 1484 2701 1512 2724; x_wconf 90' lang='lat' dir='ltr'><strong>et</strong></span> <span class='ocrx_word' id='word_1_811' title='bbox 1524 2704 1575 2733; x_wconf 88' lang='lat' dir='ltr'><strong>ego</strong></span> <span class='ocrx_word' id='word_1_812' title='bbox 1582 2704 1656 2730; x_wconf 87' lang='lat' dir='ltr'><strong>eam,</strong></span> 
     </span>
    </p>
   </div>
   <div class='ocr_carea' id='block_1_110' title="bbox 859 2741 1658 2778">
    <p class='ocr_par' dir='ltr' id='par_1_110' title="bbox 859 2741 1658 2778">
     <span class='ocr_line' id='line_1_110' title="bbox 859 2741 1658 2778; baseline 0 -9"><span class='ocrx_word' id='word_1_813' title='bbox 859 2745 973 2770; x_wconf 90' lang='lat' dir='ltr'><strong>mecunt</strong></span> <span class='ocrx_word' id='word_1_814' title='bbox 981 2741 1067 2770; x_wconf 86' lang='lat' dir='ltr'><strong>ibunt.</strong></span> <span class='ocrx_word' id='word_1_815' title='bbox 1081 2754 1093 2766; x_wconf 82' lang='grc' dir='ltr'><strong>ν</strong></span> <span class='ocrx_word' id='word_1_816' title='bbox 1101 2742 1140 2776; x_wconf 91' lang='lat' dir='ltr'><strong>Si,</strong></span> <span class='ocrx_word' id='word_1_817' title='bbox 1147 2741 1247 2778; x_wconf 84' lang='lat' dir='ltr'><strong>inquit,</strong></span> <span class='ocrx_word' id='word_1_818' title='bbox 1255 2741 1330 2777; x_wconf 90' lang='lat' dir='ltr'><strong>quod</strong></span> <span class='ocrx_word' id='word_1_819' title='bbox 1336 2741 1480 2769; x_wconf 90' lang='lat' dir='ltr'><strong>collectum</strong></span> <span class='ocrx_word' id='word_1_820' title='bbox 1487 2745 1538 2775; x_wconf 88' lang='lat' dir='ltr'><strong>est,</strong></span> <span class='ocrx_word' id='word_1_821' title='bbox 1547 2745 1658 2769; x_wconf 89' lang='lat' dir='ltr'><strong>tantum</strong></span> 
     </span>
    </p>
   </div>
   <div class='ocr_carea' id='block_1_111' title="bbox 701 2804 967 2836">
    <p class='ocr_par' dir='ltr' id='par_1_111' title="bbox 701 2804 967 2836">
     <span class='ocr_line' id='line_1_111' title="bbox 701 2804 967 2836; baseline 0.008 -2"><span class='ocrx_word' id='word_1_822' title='bbox 701 2804 796 2834; x_wconf 70' lang='lat' dir='ltr'><strong>Variae</strong></span> <span class='ocrx_word' id='word_1_823' title='bbox 817 2805 967 2836; x_wconf 85' lang='lat' dir='ltr'><strong>lectiones.</strong></span> 
     </span>
    </p>
   </div>
   <div class='ocr_carea' id='block_1_112' title="bbox 66 2844 1401 2890">
    <p class='ocr_par' dir='ltr' id='par_1_112' title="bbox 66 2844 1401 2890">
     <span class='ocr_line' id='line_1_112' title="bbox 66 2844 1401 2890; baseline 0.001 -10"><span class='ocrx_word' id='word_1_824' title='bbox 66 2844 144 2883; x_wconf 63' lang='grc' dir='ltr'><strong>κπρδς</strong></span> <span class='ocrx_word' id='word_1_825' title='bbox 154 2859 178 2880; x_wconf 89' lang='grc' dir='ltr'><strong>ο.</strong></span> <span class='ocrx_word' id='word_1_826' title='bbox 214 2853 236 2870; x_wconf 73' lang='grc'><strong>⁸⁸</strong></span> <span class='ocrx_word' id='word_1_827' title='bbox 245 2853 313 2889; x_wconf 65' lang='grc' dir='ltr'>λέγει</span> <span class='ocrx_word' id='word_1_828' title='bbox 326 2861 353 2882; x_wconf 84' lang='lat'><strong>0.</strong></span> <span class='ocrx_word' id='word_1_829' title='bbox 391 2854 412 2871; x_wconf 78' lang='grc'><strong>⁰⁷</strong></span> <span class='ocrx_word' id='word_1_830' title='bbox 429 2853 523 2890; x_wconf 78' lang='grc' dir='ltr'>εἰσάγει</span> <span class='ocrx_word' id='word_1_831' title='bbox 537 2862 564 2882; x_wconf 95' lang='lat' dir='ltr'><strong>o.</strong></span> <span class='ocrx_word' id='word_1_832' title='bbox 603 2853 625 2871; x_wconf 67' lang='grc'><strong>9³</strong></span> <span class='ocrx_word' id='word_1_833' title='bbox 638 2853 731 2889; x_wconf 81' lang='grc' dir='ltr'>δηλοῖ,</span> <span class='ocrx_word' id='word_1_834' title='bbox 747 2855 789 2880; x_wconf 83' lang='grc' dir='ltr'><strong>καί</strong></span> <span class='ocrx_word' id='word_1_835' title='bbox 801 2864 860 2890; x_wconf 74' lang='grc' dir='ltr'>φησι</span> <span class='ocrx_word' id='word_1_836' title='bbox 875 2863 902 2883; x_wconf 89' lang='grc' dir='ltr'><strong>ο.</strong></span> <span class='ocrx_word' id='word_1_837' title='bbox 941 2855 963 2872; x_wconf 76' lang='grc'><strong>⁹⁰</strong></span> <span class='ocrx_word' id='word_1_838' title='bbox 977 2854 1119 2886; x_wconf 76' lang='grc' dir='ltr'>ἀξιόπιστον</span> <span class='ocrx_word' id='word_1_839' title='bbox 1135 2863 1160 2884; x_wconf 90' lang='grc' dir='ltr'><strong>ο,</strong></span> <span class='ocrx_word' id='word_1_840' title='bbox 1201 2855 1207 2871; x_wconf 85' lang='grc'>¹</span> <span class='ocrx_word' id='word_1_841' title='bbox 1224 2854 1357 2890; x_wconf 82' lang='grc' dir='ltr'>ἐλεύσομαι</span> <span class='ocrx_word' id='word_1_842' title='bbox 1374 2862 1401 2882; x_wconf 92' lang='grc' dir='ltr'><strong>ο.</strong></span> 
     </span>
    </p>
   </div>
  </div>
