1867 3081
219 156 270 183 787

731 155 989 184 THEOPHYLACTI
1006 155 1185 184 BULGARUE
1204 155 1359 184 ARCHIEP.

1854 54 1856 103 l

1803 159 1836 186 788

219 217 266 253 sit,
281 220 313 246 ut
325 225 389 246 meo
399 218 442 246 'sit
454 218 609 246 ministerio
619 217 745 254 dignum,
761 226 814 255 ego
830 219 911 247 simul
923 218 1014 247 abibo.

1073 222 1163 249 aoi'rrov
1173 218 1199 256 ³,
1219 217 1287 250 ὥστε
1307 218 1353 249 καὶ
1375 220 1422 256 τῆς
1443 219 1510 258 ἐμῆς
1530 217 1600 253 ἄξιον
1623 213 1695 248 εἶναι
1716 218 1836 256 διακονίας,
1855 250 1856 256 η

219 264 272 291 Per
290 263 343 291 hoc
357 267 452 291 autem
465 270 512 291 eos
524 263 559 291 ad
573 263 762 291 liberalitatem
775 263 911 292 hortatur.
924 265 1017 293 Testes

220 312 315 336 autem
333 307 434 336 habere
454 307 522 343 vult,
539 308 613 344 quod
626 308 686 344 ipse
707 308 773 336 nihil
790 308 826 337 sit
843 313 1017 346 accepturus,

224 356 369 389 propterea
387 352 457 381 dicit
470 362 478 380 :
491 364 504 378 ι
520 354 631 382 Mecum
643 353 732 382 ibunt.
749 362 765 380 ι

255 449 352 478 Vens.
365 449 427 477 5-1.
439 459 452 473 ιι
461 448 580 477 Veniam
591 452 687 477 autem
694 447 730 477 ad
741 456 801 484 vos,
815 456 879 477 cum
889 448 1016 478 Macedo-

221 493 299 521 niam
319 493 502 529 pertransiero
521 494 604 527 (nam
617 493 808 522 Macedoniam
823 494 1017 530 pertransibo).

221 537 304 575 Apud
314 546 363 566 vos
370 543 462 566 autem
475 537 569 566 forsan
582 538 762 575 permanebo,
775 542 823 567 aut
835 539 917 567 etiam
926 539 1017 567 hiber-

221 583 305 617 nabo,
322 587 354 610 ut
374 590 424 611 vos
445 590 490 610 me
503 582 646 611 deducatis
663 591 828 620 quocunque
852 583 921 612 iore.
946 584 1017 612 Nolo

221 627 295 656 enim
309 635 358 656 vos
371 627 456 656 modo
471 627 499 655 in
513 629 632 656 transitu
644 627 745 656 videre.
759 629 844 664 Spero
859 633 952 657 autem
965 628 1015 656 ali-

220 677 356 709 quantum
381 672 514 709 temporis
537 681 582 701 me
600 681 813 709 permansurum
826 673 898 709 apud
917 681 974 707 vos,
994 673 1016 702 si

222 718 361 746 Dominus
376 718 542 754 permiserit.
558 727 573 745 ιο
591 719 656 746 Non
671 718 752 753 dixit,
777 719 810 746 In
826 717 1018 747 Macedoniam

221 763 390 798 proﬁciscor,
413 770 448 791 ne
473 763 613 799 objicient,
636 763 722 791 Nobis
747 771 813 799 ergo
838 763 1018 798 Macedones,

221 807 334 843 praefers
358 816 366 835 :
392 807 454 841 sed,
476 819 489 832 ιι
512 809 635 836 Transeo
654 808 858 843 Macedoniam,
885 808 938 836 hoc
958 813 1017 844 est,

221 852 404 886 Festinanter,
433 860 466 881 ac
490 852 573 881 veluti
600 852 629 881 in
652 857 812 881 transcursu
835 861 884 882 eos
913 853 1013 882 video:

221 897 294 934 apud
320 905 369 926 vos
392 901 485 926 autem
510 897 689 934 permanebo.
703 900 754 926 Per
775 899 828 926 hoc
841 902 933 927 autem
946 898 1017 927 indi-

220 947 274 977 cat,
298 942 375 979 quod
400 950 448 971 eos
469 943 665 971 Macedonibus
681 947 846 980 anteponat,
868 951 918 972 ceu
933 943 1017 972 disci-

220 988 300 1024 pulos
322 988 408 1024 magis
436 988 572 1024 genuinos
596 995 629 1016 ac
649 987 810 1024 digniores:
827 996 891 1016 nam
917 996 1016 1025 magna

222 1036 281 1060 erat
303 1031 377 1068 apud
398 1032 557 1061 Corinthios
583 1032 716 1060 Ecclesia.
746 1033 894 1061 Terrorem
923 1037 1017 1061 autem

221 1077 318 1105 incutit
341 1077 533 1112 peccantibus,
560 1084 627 1105 cum
642 1077 745 1114 inquit,
760 1089 774 1102 σι
797 1078 979 1106 Permanebo.
1003 1090 1016 1103 ι

221 1121 305 1150 Addit:
315 1126 419 1156 autem,
431 1132 444 1146 α
458 1122 577 1157 Forsan;
591 1133 604 1147 υ
613 1122 678 1158 quia
690 1121 764 1150 haud
771 1122 837 1150 satis
846 1127 938 1151 certus
947 1127 1015 1151 erat.

221 1168 283 1195 Non
304 1167 380 1195 enim
395 1171 569 1203 compertum
594 1166 726 1203 habebat,
740 1167 979 1203 permittereturne
993 1168 1017 1197 ei

220 1211 273 1240 hoc
285 1220 301 1240 a
314 1211 416 1248 Spiritu
430 1216 527 1240 sancto
537 1233 545 1246 ,
566 1219 602 1240 an
614 1219 703 1240 secus.
716 1215 743 1240 Α
755 1212 858 1248 Spiritu
873 1213 948 1241 enim
966 1213 1018 1242 du-

220 1257 344 1291 cebatur,
353 1264 522 1293 quocunque
533 1257 593 1293 ipse
604 1256 722 1286 volebat.
740 1259 778 1285 At
789 1265 853 1286 vero
864 1265 929 1286 cum
945 1263 1018 1287 esset

220 1301 333 1338 Ephesi,
349 1301 522 1337 profecturus
536 1306 595 1330 erat
605 1302 633 1330 in
645 1301 845 1337 Macedoniam,
860 1306 944 1339 atque
955 1311 1017 1331 eam

221 1347 389 1374 transiturus
398 1347 531 1381 celeriter,
542 1345 641 1374 deinde
654 1346 688 1374 ad
702 1354 750 1375 eos
766 1347 864 1375 iturus.
879 1347 1018 1383 Plerisque

221 1395 314 1419 autem
327 1391 497 1427 argumentis
509 1399 591 1420 suum
604 1395 722 1419 testatur
741 1398 805 1427 erga
817 1399 865 1420 eos
876 1390 1016 1427 affectum,

221 1439 249 1464 et
264 1435 339 1471 quod
353 1435 423 1464 nolit
437 1443 485 1464 eos
497 1435 525 1463 in
540 1439 698 1464 transcursu
717 1439 746 1463 et
761 1435 853 1463 obiter
867 1435 971 1470 videre,
989 1440 1018 1464 et

220 1479 295 1516 quod
309 1480 344 1508 ab
358 1480 399 1508 eis
419 1479 515 1509 deduci
532 1480 607 1508 velit.

258 1526 349 1553 Vsns.
364 1527 394 1552 8.
410 1536 423 1549 α
438 1525 610 1553 Permanebo
625 1528 720 1553 autem
732 1523 831 1560 Ephesi
843 1524 878 1553 ad
889 1525 1021 1554 Penteco-

223 1573 295 1598 stem
316 1577 413 1606 usque.
433 1580 446 1594 ιι
469 1569 548 1597 Istud
563 1576 673 1605 quoque
685 1569 806 1604 impense
819 1569 960 1606 diligentis
978 1575 1020 1599 est

221 1613 367 1648 indicium,
382 1621 492 1650 nempe,
500 1613 591 1642 dicere
602 1613 648 1642 ubi
660 1617 689 1642 et
702 1613 825 1650 quandiu
839 1614 876 1642 sit
889 1622 1019 1651 perman-

224 1665 305 1686 surus
322 1666 329 1686 :
348 1658 406 1686 imo
424 1665 488 1686 vero
511 1657 600 1694 ipsam
625 1665 737 1686 causam
761 1665 910 1695 apponere.
931 1659 1020 1689 Infert

221 1710 298 1730 enim
315 1712 322 1729 :

258 1748 349 1775 Vnus.
358 1748 387 1774 9.
402 1758 414 1771 ι
424 1746 535 1775 Ostium
544 1746 617 1775 enim
627 1747 693 1775 mihi
701 1751 826 1784 apertum
836 1752 1019 1785 estmagnum

221 1796 249 1820 et
263 1791 370 1826 efﬁcax,
384 1795 412 1820 et
426 1791 575 1820 adversarii
590 1792 680 1821 multi.
695 1804 708 1817 ι
720 1792 782 1821 Hoc
805 1797 857 1829 est,
872 1794 952 1823 multi
975 1802 1020 1823 ac-

221 1837 323 1866 cessuri
337 1841 402 1865 sunt
416 1837 451 1865 ad
469 1836 565 1872 ﬁdem,
580 1841 608 1866 et
631 1838 703 1866 latus
717 1837 753 1866 ad
773 1837 839 1867 istos
859 1838 929 1868 mihi
943 1844 1020 1875 patet

182 1887 184 1889 '
220 1882 367 1918 introitus,
397 1882 482 1918 234
509 1887 710 1911 maturescente
729 1883 862 1912 nimirum
876 1883 913 1912 ad
933 1884 1017 1913 ﬁdem

219 1935 316 1956 eorum
348 1928 513 1956 ministerio.
544 1927 710 1964 Praeceptori
744 1936 865 1964 namque
893 1929 1018 1964 angustia

223 1976 278 2008 est,
301 1980 367 2000 cum
381 1979 437 2000 non
459 1971 561 2000 habeat
581 1976 724 2008 promptos
738 1972 889 2009 discipulos
905 1984 912 2002 :
931 1974 1017 2002 latum

220 2025 285 2045 vero
304 2017 434 2053 spatium,
457 2024 521 2045 cum
536 2020 646 2052 paratos
662 2025 710 2045 eos
724 2017 867 2046 invenerit.
883 2017 1019 2048 Adversa-

220 2061 253 2089 rii
265 2065 361 2090 autem
384 2061 466 2089 multi
490 2065 602 2098 propter
616 2061 669 2090 hoc
688 2062 790 2098 ipsum.
810 2063 926 2091 Sanatas
941 2064 1018 2092 enim

220 2105 315 2134 videns
337 2113 398 2134 sese
412 2106 472 2142 jam
492 2105 628 2134 nudatum
643 2114 676 2135 ac
687 2106 859 2143 derelictum,
875 2108 1018 2136 vehemen-

221 2150 277 2179 tius
290 2149 478 2186 perturbatur,
491 2151 716 2188 adversariosque
728 2152 840 2181 excitat.

1035 1500 1059 1533 C

1071 263 1147 304 κάγὼ
1179 263 1373 303 ἀπελεύσομαι.
1400 263 1454 296 Διᾶ
1486 264 1580 295 τούτου
1609 264 1641 295 δὲ
1667 265 1705 298 εἰς
1729 265 1838 305 δαψίλειαν

1070 308 1165 343 αὐτοὺς
1188 308 1375 350 προτρέπεται.
1393 310 1543 350 Μάρτυρας
1564 309 1592 340 δὲ
1617 308 1669 339 καὶ
1694 308 1773 343 οὕτως
1789 309 1839 350 {xm

1072 354 1194 395 βούλεται
1203 376 1213 391 ,
1228 355 1265 388 ὡς
1278 353 1351 384 οὐδὲν
1363 354 1442 390 αὐτὸς
1454 354 1589 396 λήψεται³
1598 366 1606 375 ο
1622 354 1665 385 διό
1677 365 1760 396 φησι·
1777 368 1788 381 ι
1802 354 1838 385 Eu

1070 399 1130 438 ἕμοὶ
1144 398 1328 440 πορεύσονται.
1346 411 1363 429 ι

1114 455 1130 474 α
1150 444 1315 483 Ἐλεύσομαι
1343 444 1371 475 δὲ
1393 445 1460 485 πρὸς
1487 445 1575 484 ὑμᾶς,
1601 443 1668 475 ὅταν
1699 444 1837 476 Μακεδονίαν

1071 488 1164 519 διέλθω
1186 489 1373 530 (Μακεδονίαν
1393 490 1445 531 γὰρ
1469 489 1640 531 διέρχομαι).
1662 489 1734 530 Πρὸς
1749 491 1807 529 ὑμᾶς
1821 490 1838 519 δὲ

1070 533 1150 574 τυχὸν
1164 534 1210 564 καὶ
1225 536 1390 576 παραμενῶ,
1406 534 1423 571 ἢ
1437 535 1484 566 καὶ
1505 535 1706 576 παραχειμάσω
1715 558 1722 572 ,
1735 533 1774 564 ἵνα
1785 538 1838 573 ὑμεῖς

1072 590 1105 618 με
1125 578 1321 620 προπέμψητε,
1349 575 1379 609 οὗ
1401 579 1432 610 ἂν
1450 575 1629 621 πορεύωμαι.
1658 581 1700 611 Οὐ
1727 579 1787 609 θέλω
1804 579 1839 618 γὰρ

1071 625 1140 662 ὑμᾶς
1163 623 1224 664 ἄρτι
1247 625 1274 654 ἐν
1293 624 1404 666 παρόδῳ
1419 625 1500 656 ἰδεῖν·
1525 624 1626 660 ἐλπίζω
1653 624 1680 654 δὲ
1697 624 1780 665 χρόνον
1797 624 1838 654 τινὰ

1071 669 1203 710 ἐπιμεῖναι
1219 668 1284 709 πρὸς
1297 671 1366 708 ὑμᾶς
1376 691 1385 706 ,
1399 669 1445 699 ἐὰν
1459 672 1474 701 ὁ
1493 669 1594 710 Κύριος
1614 669 1756 710 ἐπιτρέπῃ.
1773 680 1784 698 ι
1797 669 1838 699 031

1071 708 1160 752 εἶπεν,
1174 713 1215 743 ὅτι
1228 715 1276 747 Εἷς
1290 714 1460 744 Μακεδονίαν
1478 708 1635 755 ἀπέρχομαι
1646 737 1655 752 ,
1676 708 1719 744 ἵνα
1780 714 1836 743 εἰκυ-

1071 769 1111 788 σιν
1121 781 1129 797 ,
1144 758 1184 788 ὅτι
1201 759 1339 801 Προτιμᾷς
1353 761 1431 799 ἡμῶν
1448 760 1608 794 Μακεδόνας
1621 772 1627 778 -
1643 758 1730 796 ἀλλὰ,
1751 770 1764 788 ε
1779 759 1838 798 Διέρ-

1070 815 1154 843 χομαι
1175 804 1365 842 Μακεδονίαν,
1382 818 1393 831 ι
1416 805 1550 835 τουτέστιν
1561 827 1570 841 ,
1593 804 1648 839 (Ως
1665 803 1734 834 κατὰ
1748 803 1837 839 amis

1072 848 1118 878 καὶ
1133 849 1160 878 ἔν
1180 848 1289 889 παρόδῳ
1310 849 1404 883 αὐτοὺς
1426 849 1517 889 βλέπω
1529 861 1537 869 ⁸
1551 851 1619 885 παρ’
1644 850 1707 888 ὑμῖν
1731 849 1756 878 δὲ
1773 860 1839 888 παρα-

1072 894 1151 932 μενῶ.
1176 893 1228 924 Διὰ
1249 893 1343 924 τούτου
1365 894 1393 924 δὲ
1416 894 1532 924 δείκνυσι
1554 894 1604 933 μὶν
1629 894 1677 924 καὶ
1692 894 1731 924 ὅτι
1749 897 1838 934 προτιμᾷ

1072 937 1167 972 αὖτοὺς
1195 938 1375 976 Μακεδόνων,
1401 940 1438 973 ὡς
1461 939 1657 980 γνησιωτίρους
1680 937 1789 978 μαθητὰς
1807 939 1838 967 xui

1073 982 1290 1023 ἀξιολογωτέρους
1303 995 1310 1002 ·
1325 983 1432 1023 μεγάλη
1449 983 1501 1025 γὰρ
1518 986 1537 1021 ἡ
1559 985 1586 1014 ἐν
1607 984 1731 1025 Κορίνθῳ
1748 983 1837 1019 Ἐκκλη-

1073 1027 1117 1058 σία
1129 1040 1136 1047 ·
1152 1028 1231 1069 φοϐεῖ
1243 1027 1271 1058 δὲ
1283 1028 1330 1058 καὶ
1344 1028 1404 1063 τοὺς
1418 1029 1624 1070 ἁμαρτάνοντας
1635 1029 1681 1059 διὰ
1694 1031 1753 1065 τοῦ,
1768 1038 1781 1057 α
1797 1028 1838 1057 Πα-

1073 1075 1192 1113 ραμενῶ.
1223 1086 1236 1100 ι
1260 1073 1424 1114 Προστίθησι
1450 1073 1478 1103 δὲ
1502 1073 1547 1112 τὸ,
1564 1088 1577 1101 ι
1601 1074 1712 1114 Τυχὸν,
1732 1083 1745 1102 n
1771 1072 1803 1102 διὰ
1819 1071 1837 1100 τὸ

1073 1118 1181 1154 ἄδηλον.
1206 1119 1246 1148 Οὖ
1271 1117 1323 1159 γὰρ
1347 1119 1406 1160 ᾔδει
1433 1118 1487 1148 εἴτε
1509 1119 1672 1159 ἐπιτραπείη
1695 1120 1767 1148 τοῦτο
1786 1116 1838 1156 Raeti

1071 1165 1119 1193 τοῦ
1144 1162 1316 1201 Πνεύματος,
1337 1163 1390 1193 εἴτε
1413 1162 1469 1203 μή·
1493 1163 1546 1194 ὑπὸ
1572 1165 1621 1194 τοῦ
1645 1163 1791 1202 Πνεύματος
1804 1160 1838 1200 γὰρ

1074 1207 1170 1246 ἤγετο,
1186 1207 1248 1237 ἔνθα
1270 1208 1354 1238 ἐκεῖνο
1375 1208 1478 1245 ἤθελεν.
1497 1207 1545 1239 Ἐν
1560 1208 1672 1249 Ἐφέσῳ
1691 1208 1718 1238 δὲ
1738 1206 1839 1246 inter:
1855 1212 1856 1223 ³

1073 1253 1182 1292 ἔμελλεν
1197 1253 1322 1283 ἀπελθεῖν
1341 1254 1378 1287 εἷς
1398 1253 1582 1292 Μακεδονίαν,
1606 1253 1656 1283 καὶ
1677 1252 1777 1283 διελθεῖν
1794 1250 1839 1280 ταύ-

1072 1310 1119 1334 την
1143 1297 1254 1338 τάχιον,
1271 1291 1328 1328 εἶτα
1352 1299 1388 1332 εἰς
1413 1297 1507 1332 αὖτοὺς
1533 1299 1673 1330 ἀπελθεῖν.
1695 1297 1740 1328 Ἐν
1760 1295 1838 1327 πολλοῖς

1073 1343 1099 1372 δὲ
1117 1343 1232 1372 δείκνυσι
1251 1342 1300 1378 τὴν
1324 1343 1390 1383 πρὸς
1404 1343 1499 1377 αὐτοὺς
1521 1343 1660 1380 διάθεσιν,
1673 1343 1712 1384 τῷ
1730 1353 1757 1371 τι
1769 1341 1800 1379 μὴ
1811 1339 1838 1369 δίη
1855 1372 1856 1384 1

1071 1388 1126 1417 λειν
1142 1387 1169 1417 ἐν
1183 1387 1294 1428 παρόδῳ
1307 1379 1392 1427 ἶδεῗν,
1412 1387 1459 1418 καὶ
1473 1388 1512 1428 τῷ
1531 1389 1577 1417 ὕπ’
1597 1379 1686 1418 αὐτ-ὗν
1697 1379 1777 1417 ’θέλειν
1793 1395 1836 1424 προ·
1855 1379 1856 1428 i

1071 1434 1235 1473 πεμφθῆναι.

1115 1532 1131 1550 α
1153 1520 1295 1561 Ἐπιμενῦ
1309 1521 1337 1551 δὲ
1348 1522 1376 1551 ἐν
1392 1521 1502 1563 Ἐφέσῳ
1517 1521 1568 1556 ἕως
1580 1524 1630 1559 τῆς
1644 1520 1821 1556 Hannonis.
1830 1532 1837 1544 ³

1073 1566 1128 1597 Καὶ
1152 1568 1230 1596 τοῦτο
1261 1566 1363 1607 σφόδρα
1391 1561 1564 1607 ἀγαπῶντος,
1589 1567 1623 1597 τό
1655 1579 1685 1598 τε
1709 1567 1782 1596 εἰπεῖν
1803 1561 1856 1593 τῶι

1071 1613 1230 1651 προσμενεῖ,
1253 1611 1298 1641 καὶ
1323 1611 1371 1645 ἕως
1394 1611 1478 1642 πότε·
1501 1611 1573 1642 ἀλλὰ
1594 1612 1643 1642 καὶ
1667 1612 1698 1643 τὸ
1715 1611 1759 1648 τὴν
1776 1608 1837 1639 αἰτίαν

1071 1662 1233 1701 προσθεῖναι.
1247 1660 1362 1700 Ἐποίγει
1377 1660 1440 1701 γάρ·

1112 1761 1125 1774 ιι
1145 1747 1224 1788 Θύρα
1247 1747 1299 1787 γάρ
1323 1759 1368 1786 μοι
1391 1747 1521 1788 ἀνέῳκται
1543 1747 1651 1787 μεγάλη
1675 1746 1719 1777 καὶ
1741 1742 1834 1784 ἐνεργὴς,

1072 1792 1117 1822 καὶ
1138 1794 1163 1822 οἱ
1177 1792 1356 1831 ἀντικείμενοι
1373 1792 1480 1824 πολλοί.
1497 1806 1511 1819 ιι
1526 1792 1676 1831 Tantm,
1692 1788 1835 1827 Πολλοὶ

1071 1838 1161 1866 λουσιν
1182 1837 1218 1871 εἰς
1237 1835 1287 1873 τὴν
1310 1836 1400 1866 πίστιν
1424 1838 1598 1878 προσελθεῖν,
1619 1837 1668 1868 καὶ
1688 1835 1788 1867 πλατεῖα
1798 1833 1835 1878 Adv

1072 1881 1170 1922 ίῳχταί
1197 1892 1243 1920 μοι
1272 1882 1308 1915 εἷς
1337 1876 1454 1916 τούτους.
1471 1881 1590 1919 εἴσοδος,
1619 1881 1668 1912 ἅτε
1701 1876 1836 1922 ἀκμαζούῗη(

1071 1928 1119 1962 τῆς
1144 1926 1294 1961 διακονίας⁴
1318 1927 1405 1956 αὐτῶν
1427 1927 1466 1960 εἷς
1490 1926 1540 1962 τὴν
1558 1926 1661 1959 πίστιν.
1681 1927 1726 1966 Τῷ
1747 1924 1791 1962 γὰρ
1809 1921 1834 1949 δί’

1072 1971 1198 2011 δασκᾶλῳ
1222 1971 1386 2012 στενοχωρία
1414 1971 1482 2011 μὲν,
1507 1970 1571 2001 ὅταν
1587 1971 1626 2011 μὴ
1651 1971 1700 2012 ἔχῃ
1719 1967 1835 2012 προθύμους

1071 2015 1132 2050 τοὺς
1147 2010 1461 2056 μαθητάς·νεῦρυχωρία
1482 2015 1522 2053 δὲ,
1545 2010 1609 2046 ὅταν
1632 2010 1735 2056 εὑρίσκῃ

1072 2053 1348 2108 συγὶιέκροτημένουεξ
1370 2053 1611 2108 simam
1641 2053 1670 2108 δέ
1692 2053 1790 2108 em"
1810 2053 1833 2108 ξι·

1072 2105 1137 2135 αὐτὸ
1151 2108 1239 2135 τοῦτο.
1258 2105 1294 2136 Ὀ
1314 2105 1366 2146 γὰρ
1382 2105 1504 2140 διάϐολος
1520 2105 1629 2146 βλέπων
1645 2104 1732 2135 ἑαυτὸν
1746 2104 1834 2146 γυμγοῦ·

1071 2151 1168 2188 μενον,
1193 2150 1284 2180 πλεῖον
1306 2143 1484 2191 ταράττεται,
1505 2143 1552 2180 καὶ
1572 2149 1635 2185 τοὺς
1659 2143 1834 2184 ἐναντιουμέναις

1072 2194 1203 2234 διεγείρει.

254 2232 344 2260 Vsns.
369 2234 413 2259 10.
431 2242 445 2256 α
463 2231 493 2260 Si
513 2235 606 2260 autem
618 2231 723 2260 venerit
736 2231 906 2268 Timotheus,
928 2232 1018 2262 videte

1115 2229 1132 2267 α
1153 2229 1219 2269 Ἒὰν
1234 2239 1262 2269 δὲ
1278 2238 1341 2280 ἔλθῃ
1355 2238 1506 2278 Τιμόθεος,
1520 2239 1635 2280 βλέπετε
1648 2238 1692 2268 ἵνα
1709 2229 1832 2280 inpios?"

220 2281 251 2304 ut
271 2276 331 2305 sine
344 2276 446 2304 timore
467 2276 502 2304 sit
520 2276 594 2313 apud
606 2284 664 2305 vos.
682 2287 695 2301 ιι
716 2277 785 2312 Quia
796 2277 942 2306 verisimile
955 2283 1014 2306 erat

219 2321 292 2355 fore,
306 2325 339 2349 ut
350 2320 514 2349 Timotheus
535 2325 684 2358 postquam
703 2321 868 2350 Corinthum
883 2322 1014 2357 venisset,

218 2369 342 2401 carperet
364 2365 555 2402 delinquentes
583 2370 665 2402 atque
684 2366 858 2403 objurgaret,
885 2368 1016 2396 certiores

215 2411 290 2446 ipsos
310 2409 380 2439 facit
392 2414 420 2439 et
436 2411 593 2448 pmmunit,
607 2419 643 2439 ne
656 2411 755 2439 divites
774 2412 910 2448 sapientes
921 2413 1015 2441 insur-

213 2459 280 2491 gant
303 2455 433 2484 adversus
453 2463 537 2484 eum:
560 2464 617 2484 non
637 2456 716 2492 quasi
742 2456 921 2485 meticulosus
943 2461 1016 2486 esset

212 2500 377 2529 Timotheus
403 2501 584 2538 animumque
614 2499 815 2537 desponderet,
857 2501 907 2529 sed
939 2502 1013 2537 quod

212 2544 347 2574 damnum
371 2546 436 2574 inde
449 2546 501 2582 ipsi
514 2549 695 2583 reportarem.
712 2546 783 2573 Nam
799 2545 844 2574 ille
860 2546 1012 2575 admodum

211 2590 320 2619 fortiter
341 2591 474 2620 adversus
498 2591 617 2627 pericula
631 2591 784 2618 instructus
803 2595 869 2619 erat.
894 2591 1014 2620 Pulchre

210 2643 273 2664 vero
297 2636 383 2670 dixit,
406 2648 419 2661 ι
436 2636 518 2672 Apud
543 2643 604 2664 vos.
628 2646 642 2660 ι
664 2636 706 2663 Ne
732 2635 809 2663 enim
827 2635 898 2664 mihi
911 2636 1014 2665 dixeris

209 2680 334 2714 Graecos,
351 2680 421 2710 dum
442 2681 471 2709 id
483 2680 598 2709 interim
609 2687 626 2709 a
640 2679 718 2709 vobis
731 2680 874 2718 requiram
888 2685 920 2710 ut
936 2685 1013 2710 tutus

210 2725 258 2754 sit.

1068 2295 1146 2320 νηται
1160 2283 1226 2323 πρὸς
1241 2285 1319 2322 ὑμᾶς.
1328 2276 1346 2312 ᾖ
1363 2276 1476 2320 Ἐπειδὴ
1489 2276 1557 2318 εἰκὸς
1570 2280 1602 2321 ἧν
1614 2276 1739 2322 Τιμόθεον
1751 2276 1832 2308 Ῑλθόντ⁸

1069 2328 1154 2368 πρὸς⁵
1177 2328 1326 2368 Κόρινθον,
1353 2328 1539 2358 καθάπτεσθαι
1564 2331 1617 2359 τῶν
1643 2323 1829 2370 impedi“?

1068 2367 1115 2402 καὶ
1139 2367 1265 2413 ἐπιτιμᾷν
1287 2373 1392 2411 αὐτοῖς,
1423 2373 1602 2415 ἀσφαλίζεται
1632 2367 1730 2407 αὐτοῦς,
1749 2367 1787 2415 ῗνε
1805 2367 1830 2402 μή

1069 2409 1253 2447 ἐπαναστῶσιν
1270 2418 1342 2458 αὐτῷ
1358 2418 1383 2448 οἱ
1405 2409 1530 2448 πλοῧσιοι
1549 2418 1627 2459 σοφοί
1637 2430 1644 2437 ·
1658 2418 1706 2456 οὐχ
1720 2415 1756 2459 ὅτε
1766 2409 1828 2459 ξῆν·

1070 2463 1136 2508 δρος-
1154 2460 1191 2508 ὢν
1210 2451 1378 2508 δγΤιμόθεος
1402 2461 1499 2508 ἔμελλε
1521 2451 1829 2508 κα·ιίιίτιί·ιιξτειιῗ,.ἀλλ’]ἑξι

1068 2497 1142 2536 αδτοὶ
1163 2497 1447 2546 ἕμελλονπβλαϐἦναι.
1471 2506 1591 2541 Ἐκεῖνος
1615 2506 1667 2547 γὰρ
1690 2497 1731 2535 sui
1753 2497 1826 2548 σφέδξα

1068 2543 1268 2592 παρεσκεύαστο
1283 2543 1348 2592 πρὸς
1368 2551 1511 2586 κινδύνους.
1533 2543 1632 2586 Καλῶξ
1654 2543 1681 2581 δὲ
1699 2547 1735 2584 τὸ,
1751 2556 1763 2574 ί
1776 2543 1826 2592 Πρὸ(

1067 2585 1152 2635 ὑμὲς,
1168 2610 1181 2622 ι»
1192 2591 1262 2626 εἶπε.
1341 2585 1394 2638 γάρ
1406 2609 1452 2635 μοι
1465 2585 1526 2631 τοὺς
1538 2585 1678 2633 Ἐλλήνας
1687 2592 1769 2625 εἴποις,
1780 2585 1824 2615 τίν’(

1067 2641 1101 2671 τὰ
1113 2641 1177 2682 παρ’
1192 2642 1267 2681 ὑμῶν
1283 2642 1366 2679 ζητῶ.

905 2762 1000 2793 Variae
1019 2764 1172 2795 lectiones.

246 2801 257 2816 ²
269 2802 383 2827 τοιοῦτον
394 2808 419 2828 ο.
459 2800 470 2817 ³
481 2800 536 2835 ἔχει
548 2801 653 2837 λήψεθαι
667 2811 694 2830 ο.
732 2803 744 2819 ⁵
759 2802 799 2829 lc.
814 2802 924 2833 διανοίας
937 2810 964 2830 0:
1003 2805 1014 2822 ⁸
1029 2804 1062 2836 εἶς
1079 2812 1107 2832 o.
