1867 3081
197 186 245 212 791

703 185 960 213 THEOPHYLACTI
981 185 1158 213 BULGARLE
1177 185 1336 213 ARCHIEP.

1802 187 1843 213 792

198 247 239 276 vel
261 247 336 284 quod
349 247 483 283 optimam
497 247 582 275 vitam
595 247 735 284 elegerint.
751 248 882 276 Primitiae
904 251 983 276 auten

1079 250 1207 284 gniﬁcat,
1233 247 1306 284 ἢδτι
1328 248 1373 278 καὶ
1400 248 1455 288 βίον
1474 247 1581 288 ἄριστον
1606 243 1676 278 εἶλον
1686 248 1710 277 ⁹.
1740 247 1778 278 Ἱὶ
1803 248 1844 286 γὰρ
1866 270 1867 275 η

197 292 320 329 undique
336 292 524 320 excellentiam
541 292 643 321 habere
659 292 762 321 debent
776 300 872 321 earum
886 301 991 327 rerum,

197 345 315 374 quarum
340 341 404 365 sunt
426 337 561 373 primitias.
593 337 727 366 Achaiam
747 341 840 366 autem
855 338 992 367 Graeciam

197 386 286 410 vocat.

236 439 250 452 ι
264 429 299 456 Ει
312 427 386 463 quod
402 427 435 456 ad
451 426 633 456 ministerium
650 428 752 457 sanctis
763 429 870 464 seipsos
883 428 994 457 ordina-

197 472 295 501 verint.
313 483 326 497 ι
340 473 381 501 Ut
408 480 542 509 pauperes
561 472 655 501 ﬁdeles
679 474 851 509 susciperent
874 473 995 510 ipsisque

195 517 397 551 ministrarent,
412 517 516 553 seipsos
537 522 687 553 posuerunt
707 523 786 554 atque
805 523 992 555 segregarunt,

195 570 252 590 non
266 562 302 590 ab
318 562 378 590 aliis
389 562 531 591 constituti
545 563 696 591 necessario
709 584 716 598 ,
726 563 776 592 sed
789 568 886 600 suapte
898 568 995 600 sponte

195 614 225 635 se
239 606 408 636 addicentes.

230 653 378 681 Vsns.16.
393 663 406 677 ι
421 653 462 681 Ut
471 656 499 681 et
507 660 556 681 vos
568 652 671 681 subditi
685 653 744 681 sitis
752 653 861 687 talibus,
874 657 903 681 et
920 654 994 681 omni

195 697 353 733 cooperanti
367 701 394 725 et
411 697 557 726 laboranti.
575 709 588 722 ιι
604 699 666 726 Hoc
684 702 737 733 est,
752 698 886 734 adjuvetis
900 706 948 726 eos
967 703 995 726 et

194 745 306 778 sumptu
320 742 510 778 pecuniarum,
525 746 554 770 et
565 742 717 771 ministerio
733 743 880 779 corporali.
898 744 931 770 Et
939 751 995 771 non

194 785 262 815 dixit
283 787 453 823 simpliciter,
472 787 682 823 Cooperemini,
696 792 828 816 caeterum
851 787 995 816 vehemen-

193 835 252 860 tem
263 831 449 860 obedientiam
459 832 618 866 ostendens,
635 844 648 856 ι
663 832 769 860 Subditi
782 832 849 867 sitis,
867 844 880 857 κ
894 833 993 868 inquit.

192 877 235 905 Ne
249 880 343 905 autem
357 876 481 905 videatur
493 876 545 905 soli
566 877 711 913 Stephaum
721 877 880 913 gratiﬁcari,
892 876 977 905 infert
986 899 994 912 ,

195 932 207 946 ο
224 922 260 949 Et
273 921 347 949 omni
362 922 520 958 cooperanti
537 926 565 950 et
578 922 723 950 laboranti.
742 934 754 947 ι
777 922 856 951 Ubi?
875 922 917 950 Ad
933 930 994 950 san-

193 970 303 994 ctorum
326 966 534 995 ministerium:
554 966 629 1003 digni
649 967 722 995 enim
739 975 835 995 omnes
849 967 919 995 tales
940 967 992 995 ho-

194 1019 272 1039 nore.
285 1010 330 1040 Sic
342 1011 417 1040 enim
430 1011 463 1039 ﬁt
478 1015 510 1039 ut
524 1011 648 1040 laborem
664 1011 771 1040 fortiter
786 1011 885 1040 ferant.

229 1103 316 1131 Vsns.
329 1106 374 1131 11.
384 1114 396 1128 α
411 1103 525 1132 Gaudeo
535 1108 627 1132 autem
634 1104 662 1132 in
672 1104 817 1140 praesentia
827 1103 958 1139 Stephani
966 1107 994 1131 et

194 1147 338 1176 Fortunati
359 1151 386 1175 et
396 1147 519 1181 Achaici,
530 1149 665 1184 quoniam
678 1152 799 1177 vestrum
814 1148 953 1176 defectum
964 1147 993 1175 hi

193 1191 376 1228 repleverunt.
390 1204 402 1217 ι
414 1193 463 1220 Isti
473 1197 540 1221 sunt
555 1193 602 1229 qui
616 1193 678 1222 divo
692 1194 779 1221 Paulo
793 1193 994 1221 annuntiarunt

193 1235 229 1264 de
241 1235 412 1265 dissensione
422 1244 485 1273 qua:
498 1240 557 1266 erat
565 1237 637 1274 apud
647 1237 815 1270 Corinthios,
826 1237 916 1274 deque
932 1239 994 1266 aliis

193 1281 322 1318 peccatis.
344 1282 418 1310 Tum
430 1283 478 1319 qui
492 1290 524 1310 ex
536 1282 634 1310 Chloes
648 1281 755 1311 familia
768 1287 857 1316 erant,
874 1290 923 1318 per
944 1283 993 1311 hos

194 1325 291 1355 forsan
312 1325 372 1355 haec
392 1326 560 1356 indicarunt.
583 1327 651 1362 Quia
672 1327 754 1364 igitur
775 1327 923 1355 verisimile
935 1332 994 1356 erat

192 1371 350 1400 Corinthios
364 1371 510 1400 adversum
534 1371 585 1400 hos
599 1371 719 1406 efferari,
741 1372 918 1400 commendat
931 1379 990 1407 eos,

193 1416 343 1453 inquiens:
360 1428 374 1442 α
395 1417 524 1446 Vestrum
548 1417 586 1444 illi
600 1416 740 1445 defectum
761 1417 951 1453 repleverunt,
977 1429 990 1442 υ

194 1460 248 1489 hoc
257 1465 309 1495 est,
322 1469 373 1497 pro
380 1461 511 1490 omnibus
526 1460 603 1489 vobis
613 1465 761 1495 venerunt,
776 1465 804 1489 et
817 1465 929 1497 propter
938 1468 992 1489 vos

194 1509 300 1534 tantam
313 1506 511 1542 profectionem
531 1505 702 1534 destinarunt
716 1505 749 1534 ad
770 1513 826 1534 me.

228 1551 318 1579 Vnns.
336 1552 380 1579 18.
397 1563 410 1576 ι
430 1550 600 1579 Refeceruut
624 1550 696 1578 enim
716 1554 840 1578 vestrum
862 1550 991 1587 spiritum

193 1599 222 1624 et
244 1603 349 1623 meum.
368 1605 383 1622 ιι
399 1595 564 1623 Monstravit
577 1594 653 1630 ipsis,
669 1595 743 1631 quod
753 1595 836 1631 ipsius
858 1596 992 1624 recreatio

191 1640 317 1676 ipsorum
331 1647 439 1676 quoque
448 1640 492 1668 sit.
508 1640 597 1673 Quare
608 1647 672 1667 cum
687 1648 738 1675 ego
756 1639 920 1669 refocillatus
932 1648 993 1669 sum

193 1684 228 1712 ab
238 1684 315 1720 ipsis,
340 1689 368 1712 et
382 1685 467 1720 236
479 1692 528 1712 vos
540 1683 603 1712 inde
614 1684 709 1712 lucrati
724 1684 789 1712 estis
807 1684 874 1713 illud
891 1685 991 1721 ipsum,

193 1736 286 1758 meam
299 1737 400 1766 nempe
409 1729 645 1764 refocillationem,
657 1729 722 1757 nihil
734 1730 873 1766 ingratum
880 1734 908 1758 et
917 1730 994 1758 triste

193 1773 326 1803 adversus
338 1782 386 1803 eos
399 1774 561 1803 ostendatis.

230 1829 244 1844 α
258 1819 407 1856 Agnoscite
421 1820 505 1856 igitur
517 1820 594 1848 tales.
606 1829 622 1846 ιι
640 1820 710 1853 Hoc,
722 1824 773 1854 est,
786 1819 922 1848 honorate
933 1827 990 1848 eos.

227 1911 313 1939 Vens.
328 1912 373 1939 19.
390 1922 402 1936 ι
424 1911 552 1939 Salutant
575 1918 622 1939 vos
635 1910 766 1939 Ecclesiae
785 1910 866 1938 Asiae.
888 1922 900 1934 υ
917 1909 990 1938 Con-

191 1956 309 1993 glutinat
323 1955 448 1984 membra
463 1956 563 1984 Christi
578 1963 627 1991 per
640 1955 846 1989 salutationem,
859 1954 992 1991 quemad-

191 2001 306 2029 modum
324 2000 466 2028 consuevit
479 2007 587 2036 semper
602 1998 704 2028 facere.

229 2057 242 2070 -
263 2045 390 2073 Salutant
403 2052 451 2072 vos
465 2044 492 2072 in
507 2043 630 2072 Domino
643 2044 765 2073 multum
781 2043 880 2081 Aquila
891 2048 919 2072 et
933 2044 992 2072 Pri-

191 2090 278 2123 scilla,
305 2097 369 2117 cum
390 2089 511 2117 Ecclesia
528 2096 590 2124 quae
613 2093 654 2116 est
669 2089 697 2116 in
711 2089 797 2118 domo
823 2089 957 2124 ipsorum.
976 2100 989 2113 ι

190 2133 274 2171 Apud
287 2134 363 2170 ipsos
384 2133 460 2162 enim
482 2133 621 2169 manebat,
636 2133 879 2162 tabernaculorum
892 2133 990 2162 artifex

191 2187 254 2207 cum
264 2182 336 2207 esset
343 2182 372 2207 et
381 2178 448 2215 ipse.
460 2178 582 2206 Observa
598 2182 694 2206 autem
709 2179 836 2215 ipsorum
848 2178 989 2212 virtutem,

189 2224 322 2260 quoniam
340 2223 458 2252 domum
477 2230 556 2251 suam
567 2223 716 2251 Ecclesiam
746 2222 886 2258 fecerunt,
905 2223 989 2251 colle-

189 2269 311 2298 ctionem
324 2269 446 2297 ﬁdelium
461 2269 492 2296 in
505 2276 536 2296 ea
550 2268 690 2297 facientes.

226 2316 316 2343 Vens.
333 2316 378 2342 2o.
394 2325 407 2338 ι
421 2314 547 2342 Salutant
561 2321 610 2342 vos
624 2313 722 2342 fratres
741 2321 848 2342 omnes.
863 2313 988 2342 Salutate

189 2366 238 2387 vos
259 2363 356 2387 mutuo
376 2358 403 2386 in
421 2358 515 2387 osculo
538 2362 643 2387 sancto.
672 2370 685 2383 ι
712 2359 792 2387 Hanc
807 2357 987 2394 appendicem

188 2403 274 2432 osculi
293 2403 380 2432 sancti
399 2403 443 2431 hic
454 2403 545 2431 solum
558 2403 683 2439 apponit,
700 2403 737 2431 ob
759 2403 859 2431 multas
881 2402 987 2431 dissen-

187 2449 288 2477 siones.
307 2447 380 2484 Quia
406 2456 472 2484 ergo
488 2448 608 2476 multum
623 2456 671 2476 eos
697 2447 858 2476 adhortatus
873 2452 932 2476 erat
953 2448 988 2476 ad

187 2493 332 2527 unitatem,
349 2492 378 2521 in
391 2500 480 2521 unum
491 2492 622 2528 deinceps
637 2500 684 2521 eos
697 2492 787 2529 jungit
801 2500 849 2528 per
861 2493 984 2521 osculum

186 2541 325 2573 sanctum,
340 2537 395 2566 hoc
416 2541 459 2566 est
469 2558 477 2572 ,
493 2537 558 2566 dolo
577 2545 676 2565 carens
689 2541 717 2565 et
729 2536 913 2565 simulatione.

221 2629 306 2658 Vens.
314 2631 359 2658 21;
374 2641 388 2654 ι
397 2629 533 2658 Salutatio
541 2636 604 2657 mea
615 2636 700 2657 manu
710 2628 796 2657 Pauli.
809 2640 821 2653 ιι
836 2629 890 2657 Sua
900 2636 985 2658 manu

183 2673 380 2703 salutationem
392 2673 473 2708 facit,
488 2678 520 2702 ut
531 2673 660 2702 ostendat
673 2673 748 2711 quod
763 2673 874 2710 plurimi
888 2673 987 2702 fecerit

184 2719 342 2756 epistolam.

1009 950 1032 981 Β

1049 292 1159 332 ἀπαρχὴ
1172 292 1299 323 πάντοθεν
1316 293 1345 322 τὸ
1367 292 1497 332 ἐξαίρετον
1512 293 1611 333 ὀφείλει
1631 292 1704 334 ἔχειν
1726 288 1767 322 ὧν
1786 293 1845 322 ἐστιν
1866 301 1867 327 ἦ

1050 337 1170 378 ἀπαρχή.
1188 334 1298 378 Ἀχαΐαν
1311 338 1339 367 δὲ
1353 336 1401 373 τὴν
1414 337 1536 368 Ἑλλάδα
1551 338 1647 376 καλεῖ.¹

1091 441 1107 457 α
1129 429 1185 460 Καὶ
1198 430 1234 463 εἷς
1253 430 1386 458 διακονίαν
1400 433 1455 463 τοῖς
1475 429 1559 469 ἁγίοις
1577 428 1672 463 ἔταξαν
1688 428 1811 461 ἑαυτούς.
1834 440 1844 457 ι

1051 475 1097 508 Εἷς
1111 474 1141 504 τὸ
1159 473 1335 514 ὑποδέχεσθαι
1354 473 1414 508 τοὺς
1435 474 1545 508 πιστοὺς
1568 473 1698 510 πένητας,
1722 473 1774 502 καὶ
1796 474 1845 502 δια-

1049 520 1133 549 κονεῖν
1159 519 1260 556 αὐτοῖς,
1285 518 1380 553 ἔταξαν
1416 517 1526 552 ἑαυτοὺς
1553 518 1599 548 καὶ
1627 518 1791 558 ἀφώρισαν·
1821 519 1844 546 οὐ

1048 563 1112 604 παρ’
1127 563 1214 593 ἄλλων
1235 563 1413 597 καταστάντες
1430 564 1548 604 ἀνάγκῃ,
1562 563 1621 593 ἀλλ’
1634 562 1767 597 ἑκουσίως
1789 563 1846 602 παρ’

1049 610 1162 639 ἑαυτῶν.

1091 665 1107 681 α
1127 652 1189 684 Ἵνα
1207 653 1254 682 καὶ
1273 654 1348 693 ὗμεῖς
1361 653 1547 689 emis-611005
1570 653 1625 687 τοῖς
1637 652 1788 689 τοιούτοις,
1808 653 1846 681 καὶ

1049 697 1129 727 παντὶ
1153 699 1191 738 τῷ
1217 701 1386 739 συνεργοῦντι
1414 697 1460 728 καὶ
1487 699 1626 728 κοπιῶντι.
1654 709 1669 727 ι
1695 697 1844 734 Taurini,

1050 742 1335 781 Συναντιλαμϐάνησθε
1359 743 1405 773 καὶ
1426 744 1452 773 ἐν
1477 743 1787 783 δαπάνῃῖχρημάτων,
1810 742 1846 770 καὶ

1049 789 1076 818 ἐν
1097 787 1217 828 διακονίᾳ
1233 790 1386 828 σωματικῇ.
1410 787 1466 818 Καὶ
1487 788 1538 817 οὔκ
1562 782 1635 818 εἶπεν
1652 788 1768 824 ἁπλῶς,
1787 787 1846 816 Συν·

1049 835 1158 872 εργῆτι,
1189 833 1249 862 ἀλλ’
1284 832 1478 871 ἐπιτεταμένην
1511 832 1633 868 ὖπακοὴν
1664 831 1846 870 δεικνύμενος,

1053 889 1067 906 (
1084 877 1300 914 Ὑποτάσσησθε.
1330 890 1345 906 υ
1371 876 1432 908 Ἵνα
1455 877 1481 907 δὲ
1505 877 1544 916 μὴ
1568 876 1631 917 δόξῃ
1657 879 1696 917 τῷ
1728 878 1847 916 Euam?

1051 921 1123 962 μόνῳ
1148 923 1319 962 χαρίζεσθαι,
1336 923 1446 962 ἐπάγει·
1476 933 1493 949 ι
1518 921 1572 952 Καὶ
1594 922 1676 952 παντὶ
1698 922 1744 961 τῷ
1763 933 1846 960 συνερ-

1047 969 1136 1007 γοῦντι
1158 967 1204 997 καὶ
1227 968 1366 997 κοπιῶντι.
1382 979 1396 997 ι)
1421 966 1533 1004 Ποῦ⁴⁰;
1553 968 1600 1000 Εἷς
1622 966 1672 1003 τὴν
1693 968 1752 1006 τῶν
1774 966 1846 1005 ἁγίων

1047 1011 1193 1042 διακονίαν.
1219 1012 1301 1046 Ἄξιοι
1336 1011 1388 1052 γὰρ
1412 1011 1508 1046 πάντες
1542 1012 1566 1041 οἱ
1601 1014 1719 1041 τοιοῦτοι
1757 1012 1845 1050 τιμῆς·

1047 1056 1116 1086 οὕτω
1127 1055 1179 1096 γὰρ
1194 1056 1226 1085 ἃν
1240 1056 1285 1086 καὶ
1304 1057 1349 1086 τὸν
1364 1056 1446 1086 κόπον
1462 1056 1588 1096 γενναίως
1600 1056 1621 1074 ¹⁴
1640 1055 1765 1096 φέροιεν,

1089 1112 1103 1130 ι
1127 1101 1224 1141 Χαίρω
1238 1102 1265 1132 δὲ
1281 1101 1325 1131 ἐπὶ
1387 1101 1521 1142 παρουσίᾳ
1534 1102 1676 1142 Στεφανᾶ,
1693 1101 1745 1130 καὶ
1762 1102 1846 1140 Φουρ-

1047 1145 1188 1183 τουνάτου,
1221 1146 1268 1175 καὶ
1297 1145 1440 1186 Ἀχαϊκοῦ,
1468 1144 1508 1175 ὅτι
1545 1145 1576 1175 τὸ
1603 1146 1678 1184 ὓμῶν
1710 1145 1867 1186 θστέρημιξ

1047 1187 1117 1221 οὗτοι
1142 1191 1348 1230 ἀνεπλήρωσαν.
1365 1203 1381 1219 ιο
1397 1186 1481 1220 Οὗτοι
1503 1186 1572 1226 ’ἦσαν
1595 1191 1620 1219 οἱ
1642 1190 1847 1230 ἀναγγείλαντες

1047 1235 1150 1276 Παύλῳ
1173 1235 1234 1275 περὶ
1256 1237 1304 1271 ἧς
1330 1236 1357 1265 ἐν
1381 1235 1500 1275 Κορίνθῳ
1526 1235 1701 1275 διχοστασίας
1728 1235 1780 1265 καὶ
1803 1237 1846 1264 τῶν

1046 1280 1134 1309 ἄλλων
1157 1280 1360 1320 ἁμαρτημάτων
1372 1292 1378 1298 ⁸
1393 1280 1440 1320 καὶ
1464 1281 1488 1310 οἱ
1502 1282 1550 1316 ἧς
1574 1279 1664 1316 Χλόης
1679 1279 1726 1310 διὰ
1752 1280 1845 1309 τούτων

1044 1324 1108 1358 ἴσως
1131 1319 1280 1360 ἐδήλωσαν.
1297 1324 1376 1356 Ἐπεὶ
1397 1319 1442 1354 οὖν
1466 1323 1534 1358 εἰκὸς
1554 1320 1586 1360 ἦν
1607 1324 1667 1358 τοὺς
1694 1325 1845 1364 Κορινθίους

1047 1371 1254 1408 ἐκτεθηριῶσθαι
1273 1369 1338 1410 πρὸς
1356 1369 1480 1405 τούτους,
1503 1373 1615 1410 συνιστᾷ
1629 1369 1728 1403 αὖτοὺς
1750 1369 1845 1408 λέγων,

1045 1413 1086 1444 ὅτι
1103 1426 1119 1444 (ι
1134 1414 1175 1445 Τὸ
1186 1416 1261 1450 ὑμῶν
1280 1414 1420 1453 ὕστέρημα
1433 1413 1626 1453 ἀνεπλήρωσαν
1636 1426 1643 1433 ·
1658 1427 1675 1442 ι
1699 1414 1847 1448 τουτέστιν,

1046 1459 1115 1489 Ἀντὶ
1140 1458 1246 1488 πάντων
1272 1460 1346 1497 ὑμῶν
1370 1455 1466 1496 ἦλθον,
1489 1458 1534 1488 καὶ
1562 1459 1596 1487 δι’
1618 1461 1688 1498 ὑμᾶς
1713 1459 1845 1494 τοσαύτην

1045 1504 1198 1541 ἀποδημίαν
1212 1503 1367 1533 ἐστείλαντο
1379 1503 1444 1544 πρός
1459 1516 1503 1542 με.

1087 1560 1102 1577 α
1126 1549 1291 1579 Ἄνέπαυσαν
1308 1549 1359 1590 γὰρ
1372 1549 1402 1578 τὸ
1416 1548 1481 1587 ἐμὸν
1496 1551 1614 1587 πνεῦμα,
1627 1548 1675 1578 καὶ
1686 1548 1717 1577 τὸ
1729 1550 1819 1587 ὗμιῶν.
1832 1560 1842 1576 ο

1011 1608 1035 1640 C
1049 1592 1168 1628 Ἔδειξεν
1185 1595 1272 1627 αὐτοῖς
1284 1593 1324 1623 ὅτι
1335 1595 1352 1629 ἡ
1373 1593 1454 1622 αὐτοῦ
1464 1592 1489 1611 ¹²
1502 1593 1649 1627 ἀνάπαυσις
1661 1594 1754 1622 αὐτῶν
1771 1595 1844 1623 ἔστιν.

1049 1636 1135 1668 Ὥστε
1161 1638 1219 1667 ἐπεὶ
1246 1639 1310 1677 ἐμοῦ
1341 1638 1537 1671 ἀναπαυθέντος
1564 1638 1629 1678 παρ’
1661 1639 1776 1677 αἰετῶν⁵
1808 1640 1845 1667 καὶ

1049 1683 1122 1721 ὑμεῖς
1144 1682 1303 1723 ἐκερδήσατε
1325 1683 1391 1712 αὐτὸ
1414 1685 1509 1722 τοῦτο,
1526 1682 1573 1718 τὴν
1591 1682 1658 1720 ἐμὴν
1681 1684 1842 1718 ἀνάπαυσινΥ

1048 1727 1131 1767 μηδὲν
1147 1728 1263 1768 ἄχαρι¹³
1279 1727 1343 1768 πρὸς
1354 1726 1448 1762 αὐτοὺς
1467 1726 1574 1761 τούτους
1589 1727 1752 1764 ἐνδείξησθε.

1090 1831 1103 1846 ι
1128 1818 1336 1858 Ἐπιγινώσκετε
1356 1814 1402 1848 οὖν
1416 1818 1477 1852 τοὺς
1496 1820 1639 1852 τοιοῦτους.
1655 1830 1671 1846 υ
1693 1818 1769 1848 Ἄντὶ
1782 1822 1841 1853 τῶ,
1866 1853 1867 1856 η

1047 1863 1095 1894 Ἐν
1109 1865 1176 1902 τιμῇ
1188 1863 1283 1898 αὖτοὺς
1296 1863 1383 1904 ἔχετε.

1091 1920 1106 1938 (ι
1127 1908 1304 1943 Ἀσπάζονται
1327 1910 1396 1947 ὑμᾶς
1420 1909 1447 1937 αἱ
1463 1908 1623 1944 Ἐκκλησίαι
1638 1909 1685 1944 τῆς
1704 1908 1808 1942 Ἀσὶας.
1825 1919 1837 1936 ι

1047 1954 1188 1994 Συγκολλᾷ
1207 1953 1241 1982 τὰ
1263 1953 1332 1992 μέλη
1349 1956 1394 1982 τοῦ
1414 1954 1532 1993 Χριστοῦ
1552 1953 1594 1982 διὰ
1611 1955 1657 1982 τοῦ
1679 1954 1840 1991 ἀσπασμοῦ,

1046 1998 1137 2038 ὥσπερ
1152 1998 1241 2028 εἴωθεν
1254 1998 1296 2027 ἀεὶ
1309 2002 1405 2028 ποιεῖν.

1086 2057 1098 2070 ι
1122 2043 1302 2078 Ἀσπάζονπαι
1333 2045 1403 2081 ὑμᾶς
1435 2043 1462 2072 ἓν
1482 2042 1590 2084 ῌΚυρίῳ
1616 2043 1703 2073 πολλὰ
1736 2043 1842 2075 Ἀκύλας

1045 2088 1091 2118 καὶ
1106 2088 1256 2128 Πρίσκιλλα
1265 2111 1273 2125 ,
1289 2087 1336 2117 σὺν
1351 2090 1384 2127 τῇ
1399 2087 1459 2117 κατ’
1471 2082 1543 2117 οἶκον
1555 2082 1640 2118 αὗτῶν
1656 2088 1819 2128 Ἐκκλησία.
1832 2101 1840 2113 ι

1046 2134 1118 2173 Ποιρ1
1145 2133 1231 2166 αὗτοῖς
1255 2132 1306 2173 γὰρ
1330 2132 1427 2172 ἔμενε,
1448 2133 1607 2169 σκηνοποιὸς
1627 2131 1664 2161 ὢν
1678 2132 1734 2173 ,καὶ
1757 2132 1840 2165 αὐτός.

1043 2177 1117 2217 Ὅρα
1147 2177 1174 2207 δὲ
1204 2172 1298 2207 αὐτῶνθ
1314 2176 1362 2213 τὴν
1391 2176 1487 2217 ἀρετὴν
1500 2201 1507 2212 ,
1531 2175 1571 2206 ὅτι
1595 2176 1640 2206 τὸν
1663 2172 1736 2207 οἶκον
1760 2178 1840 2207 αὐτῶν

1044 2222 1208 2257 Ἐκκλησίαν
1223 2220 1418 2258 πεποιήκασιν,
1434 2221 1566 2262 ἄθροισμα
1589 2223 1693 2251 πιστῶν
1713 2223 1741 2251 ἐν
1759 2221 1839 2260 ταύτῃ

1043 2266 1215 2303 ποιήσαντες.

1086 2323 1102 2340 ι
1124 2311 1299 2346 Ἀσπάζονται
1324 2312 1392 2350 ὑμᾶς
1420 2311 1444 2340 οἱ
1477 2310 1586 2351 ἀδελφοὶ
1612 2310 1720 2344 πάντες.
1745 2310 1838 2341 Ἀσπά-

1043 2359 1124 2386 σασθε
1149 2355 1279 2392 ἀλλήλους
1300 2357 1327 2385 ἐν
1340 2355 1485 2396 ζφιλήματι
1509 2355 1587 2396 ἁγίῳ.
1616 2369 1629 2381 ιι
1662 2356 1771 2392 Ταύτην
1794 2354 1838 2390 τὴν

1043 2401 1197 2441 προσθήκην
1222 2402 1268 2430 τοῦ
1288 2395 1364 2439 ἁγίου
1383 2400 1533 2441 φιλήματος
1554 2395 1606 2429 ὧδε
1627 2400 1718 2441 μόνονη
1731 2400 1835 2440 προστί-

1043 2440 1121 2483 θησι,
1145 2445 1188 2475 διᾶ
1203 2444 1250 2478 τὰς
1264 2445 1367 2480 πολλὰς
1381 2440 1566 2485 διχοστασίας.
1584 2444 1666 2474 Ἐπεὶ
1688 2440 1735 2474 οὖν
1757 2443 1835 2473 πολλᾶ

1043 2491 1131 2524 αὐτοῖς
1145 2490 1207 2530 περὶ
1222 2492 1268 2519 τοῦ
1284 2491 1403 2526 ἡνῶσθαι
1424 2489 1589 2530 παρῄνεσεν,
1605 2490 1660 2519 ἑνοῖ
1679 2489 1772 2519 λοιπὸν
1791 2489 1835 2517 αὖ-

1040 2535 1102 2569 τοὺς
1120 2535 1166 2565 καὶ
1182 2533 1226 2564 διὰ
1238 2537 1285 2564 τοῦ
1300 2535 1450 2575 φιλήματος
1463 2536 1509 2564 τοῦ
1526 2533 1619 2574 ἁγίου,
1638 2533 1759 2564 τουτέστι
1770 2556 1779 2572 ,
1793 2534 1834 2561 τοῦ

1041 2581 1136 2610 ἀδόλου
1143 2604 1151 2616 ,
1166 2582 1212 2609 τοῦ
1226 2579 1414 2619 ἀνυποκρίτου.

1082 2637 1098 2654 α
1121 2624 1156 2655 Ὁ
1168 2624 1310 2663 ἀσπασμὸς
1324 2627 1358 2665 τῇ
1374 2625 1425 2663 ἐμῇ
1440 2623 1510 2664 χειρὶ
1525 2624 1644 2655 Παύλου.
1661 2638 1674 2651 ι
1690 2623 1830 2663 Ἰδιόχειρον

1041 2670 1151 2707 ἐποίησε
1170 2669 1216 2699 τὸν
1237 2669 1396 2708 ἀσπασμὸν,
1419 2667 1465 2698 ἵνα
1490 2668 1579 2709 δείξῃ,
1597 2669 1638 2699 ὅτι
1661 2669 1721 2709 περὶ
1740 2667 1830 2697 πολλοῦ

1041 2715 1188 2751 ἐποιήσατο
1203 2714 1251 2751 τὴν
1267 2713 1432 2750 Ἐπιστολήν
1443 2713 1478 2745 ⁴⁴.

880 2778 974 2808 Variae
997 2779 1148 2810 lectiones.

220 2840 230 2856 ⁹
243 2838 361 2876 εἴχονῖο.
402 2839 424 2856 ¹⁰
433 2841 480 2867 ποῦ
493 2839 519 2865 δὲ
533 2847 569 2867 m.
610 2839 629 2856 “
647 2839 744 2874 κούφως
756 2847 783 2866 0.
823 2838 844 2855 ¹²
855 2839 956 2871 τοιαύτη
972 2846 1000 2873 ο,

1039 2839 1060 2856 ¹³
1076 2838 1176 2874 ἀχρεῖον
1186 2846 1212 2866 o.
1253 2838 1274 2854 “
1285 2838 1370 2873 ὅτιπερ
1385 2837 1463 2868 ἄλλος
1473 2837 1570 2870 εποίησε
1580 2846 1604 2865 τ.
1617 2836 1639 2864 ἐ.
1655 2845 1682 2865 ο.

1866 1183 1867 1252 ι

1865 1253 1867 1347 i
