1867 3081
57 201 106 227 793

505 198 681 227 EXPOSITlO
700 199 734 228 ιΝ
752 199 856 228 EPIST.
878 200 886 227 l
907 201 952 228 AD
971 200 1049 228 COR.
1071 215 1105 221 —
1126 202 1201 229 CAP.
1222 202 1286 230 XVI.

1643 204 1696 232 79ι

97 273 112 290 ι
127 261 164 293 Εἴ
173 273 213 295 τις
224 261 253 291 οὗ
268 263 338 301 φιλεῖ
351 261 395 291 τὸν
412 261 507 302 Κύριον
517 263 595 300 ἡμῶν
607 261 710 298 Ἰησοῦν
722 262 846 302 Χριστὸν,

942 265 1028 293 Vnus.
1040 267 1084 292 22.
1099 273 1113 290 α
1130 265 1155 292 Si
1171 264 1232 300 quis
1246 272 1302 292 non
1315 268 1390 293 amat
1410 266 1559 293 Dominum
1571 270 1699 295 nostrum

57 307 111 343 ἤτω
124 306 256 345 ἀνάθεμα.
274 320 287 333 υ
303 307 351 347 Τῷ
366 306 404 336 ἑνὶ
415 306 501 347 τούτῳ
514 307 585 347 λόγῳ
600 307 701 341 πάντας
716 307 829 348 ἐφόϐησε
838 329 847 344 ,

57 351 113 385 τοὺς
125 351 248 389 πόρνους,
268 350 327 385 τοὺς
345 351 538 391 διχονοοῢντας,
553 351 612 386 τοὺς
634 352 668 383 τὰ
689 353 848 383 εἰδωλόθυτα

57 395 202 434 ἐσθίοντας,
219 394 277 429 τοὺς
346 396 489 426 ἀναστάσει
508 397 697 435 ἀπιστοῦντας,
711 397 757 427 καὶ
776 398 847 427 πάν-

57 453 101 475 τας
114 441 208 474 ἁπλῶς
226 440 285 474 τοὺς
305 440 369 481 παρ’
391 443 479 475 αὐτοῖς
494 440 543 476 ἔξω
557 443 604 477 τῆς
619 442 701 472 αὐτοῦ
719 443 848 472 διδασκα-

58 486 112 519 λίας
138 486 185 515 καὶ
214 485 385 526 παραδόσεως
413 486 560 526 διάγοντας.
586 488 622 517 Οἱ
648 487 701 528 γὰρ
733 490 849 518 τοιοῦτοι

58 530 147 564 πάντες
157 531 188 560 οὗ
205 531 309 570 φιλοῦσι
322 530 366 560 τὸν
385 530 494 570 Κύριον.

95 589 115 616 ι,
130 575 293 616 Μαραναθά.
315 589 329 602 ι
345 577 507 615 Τουτέστιν,
525 578 539 606 ὁ
558 576 657 616 Κύριος
672 573 747 613 iter.
763 578 851 607 Τοῦτο

59 620 83 649 δὲ
98 615 185 659 εἶπεν,
206 620 264 658 ἅμα
281 620 328 659 μὲν
340 619 384 650 τὸν
400 622 448 656 ἧς
463 621 613 658 οἰκονομίας
627 622 704 660 λόγον
720 621 850 662 βεϐαιῶν,

60 664 101 694 καὶ
120 664 163 694 διὰ
184 666 263 694 τοῦτο
283 664 331 701 τὴν
351 664 513 695 ἀνάστασιν·
529 665 587 704 ἅμα
603 665 631 696 δὲ
649 666 694 696 καὶ
720 665 849 706 ἐντρέπων

59 707 165 748 αὖτοὺς,
189 708 232 738 ὅτι
250 709 286 740 Ὁ
309 709 448 746 Δεσπότης
473 709 539 750 ὑπὲρ
562 712 638 750 ἡμῶν
659 711 748 740 πάντα
772 723 849 740 κατε-

59 753 159 788 δέξατο·
187 756 264 792 ὗμεῖς
292 754 320 784 δὲ
348 755 520 795 παροργίζετε
548 756 645 792 αὐτὸν,
673 756 697 785 οἱ
718 755 766 794 μὲν
798 756 851 786 ἀπὸ

59 798 198 839 ἀνθρώπων
226 799 403 838 καλούμενοι,
420 801 444 829 οἱ
467 800 494 831 δὲ
518 800 678 841 πράττοντες
693 801 726 830 τὰ
748 801 847 841 φαῦλα.

902 311 1002 340 Jesum
1019 309 1171 343 Christum,
1190 309 1335 338 anathema
1356 309 1401 338 sit.
1424 321 1437 334 ι
1456 311 1522 339 Uno
1546 311 1600 339 hoc
1617 312 1700 340 verbo

903 359 1020 384 cunctos
1045 355 1155 387 terruit,
1183 353 1377 389 fornicatores,
1399 354 1578 383 dissidiorum
1600 356 1700 384 excita-

903 405 988 436 tores,
1010 399 1160 436 idolothyta
1193 400 1401 434 manducantes,
1428 400 1622 429 resurrectioni
1645 409 1700 428 non

901 445 1054 479 credentes.
1067 444 1190 481 adeoque
1202 452 1300 473 omnes
1314 445 1484 480 simpliciter,
1502 445 1548 481 qui
1568 445 1639 481 apud
1654 453 1702 474 eos

902 495 980 520 extra
991 490 1077 527 ipsius
1091 490 1293 518 institutionem
1310 494 1339 518 et
1352 489 1532 518 traditionem
1555 490 1673 527 agebant
1689 500 1696 519 :

902 535 1060 573 huiusmodi
1074 535 1147 563 enim
1159 543 1257 563 omnes
1267 542 1323 563 non
1337 539 1432 563 amant
1445 534 1606 564 Dominum.

942 592 955 605 α
972 579 1139 609 Maranatha.
1158 591 1171 604 ιο
1186 580 1247 608 Hoc
1261 584 1313 613 est,
1329 579 1467 608 Dominus
1480 580 1563 608 venit.
1578 580 1641 608 Hoc
1654 588 1701 609 au-

905 629 961 654 tem
976 625 1055 659 dixit,
1068 625 1168 662 partim
1188 629 1220 653 ut
1247 624 1368 653 stabiliat
1384 624 1595 661 dispensationis
1614 628 1642 654 et
1658 625 1703 653 in—

903 670 1070 699 carnationis
1095 669 1221 704 verbum,
1255 678 1288 698 ac
1303 677 1352 706 per
1379 669 1431 698 hoc
1456 670 1699 704 reSurrectionem;

906 715 1004 752 partim
1025 719 1055 743 ut
1075 715 1230 751 pudefaciat
1241 723 1299 749 eos,
1319 715 1451 751 quoniam
1480 714 1621 743 Dominus
1648 723 1697 751 pro

905 760 985 789 nobis
996 760 1088 788 omnia
1100 760 1210 796 pertulit
1227 768 1259 788 ac
1273 759 1400 796 suscepit.
1421 760 1478 788 Vos
1494 763 1588 788 autem
1603 767 1704 796 provo-

905 806 972 834 catis
993 813 1068 840 eum,
1088 805 1133 833 alii
1158 804 1272 841 quidem
1292 805 1328 833 ab
1347 804 1507 833 hominibus
1529 805 1630 839 vocati,
1656 805 1702 834 alii

59 845 112 873 Οὐκ
131 844 267 883 ἐχρήσατο
279 844 306 874 δὲ
322 843 459 880 Ἑλληνίδι
482 845 614 886 διαλέκτῳ
632 845 692 875 ἀλλ’
709 844 846 886 Ἐϐραΐδι,

932 859 966 879 ιτο
979 851 1051 878 mala
1059 853 1270 886 perpretrantes.
1287 851 1348 878 Non
1368 857 1434 878 usus
1446 854 1487 878 est
1499 854 1589 878 autem
1605 850 1702 879 Graeca

60 889 153 926 μᾶλλον
169 888 197 917 δὲ
264 889 356 930 Σύρων
373 889 490 930 γλώττῃ,
511 890 604 926 ἐπειδὴ
617 891 681 931 πρὸς
699 890 851 931 Κορινθίους

59 932 144 972 ἔλεγε,
157 933 218 968 τοὺς
233 934 278 964 ἐπὶ
351 933 401 968 ἔξω
422 934 502 975 σοφία
525 934 595 974 μέγα
617 939 790 976 φρονοῦντας,
806 937 851 965 καὶ

58 979 87 1018 τῇ
115 979 231 1018 κομψείᾳ
257 981 305 1015 ἧς
327 978 483 1015 Ἑλληνίδος
507 979 660 1016 διαλέκτου,
687 979 788 1014 δεικνὺς
812 980 852 1010 ὅτι

59 1024 172 1052 τοσοῦτον
197 1025 228 1053 οὖ
253 1024 336 1053 δεῖται
357 1024 434 1057 αὐτὸς
452 1024 565 1061 ταύτης,
592 1025 661 1054 ἀλλὰ
734 1025 852 1066 ἰδιωτείᾳ

58 1068 231 1108 ἕγχαυχᾶται,
245 1067 314 1098 ὥστε
331 1069 376 1098 καὶ
392 1067 521 1110 βαρϐάρῳ
535 1068 641 1109 γλώττῃ
658 1069 801 1110 φθέγγεται
813 1070 848 1100 ⁸⁵.

95 1174 110 1191 α
129 1163 167 1193 Ἦ
179 1164 260 1204 χάρις
274 1166 320 1193 τοῦ
336 1164 436 1204 Κυρίου
456 1165 532 1202 ἡμῶν
546 1165 637 1200 Ἰησοῦ
659 1166 778 1205 Χριστοῦ
792 1168 853 1205 μεθ’

61 1210 136 1247 ὑμῶν.
151 1220 165 1237 n
189 1210 278 1239 Τοῦτο
293 1209 470 1246 διδασκάλου,
484 1209 515 1239 τὸ
535 1208 573 1248 μὴ
596 1210 674 1247 μόνον
698 1215 854 1250 παραινεῖν,

61 1253 123 1282 ἀλλὰ
144 1254 189 1283 καὶ
205 1253 349 1294 εὔχεσθαι,
365 1254 411 1284 καὶ
428 1255 508 1294 διπλῇ
524 1254 670 1294 στηρίζειν,
734 1267 763 1285 τε
781 1256 853 1284 διδα-

62 1297 150 1340 σκαλία
160 1321 169 1336 ,
184 1299 233 1328 καὶ
313 1301 362 1335 τῆς
377 1300 474 1329 ἀνωθεν
496 1299 617 1340 βοηθείας
632 1299 676 1329 διὰ
689 1302 744 1330 τῶν
766 1300 852 1340 εὖχῶν

62 1343 221 1384 ἐπιχορηγία.

99 1399 112 1415 ι
134 1388 168 1419 ἹΙ
190 1388 286 1428 ἀγάπη
312 1401 362 1428 μου
383 1388 451 1428 μετὰ
472 1389 581 1420 πάντων
602 1391 677 1428 ὑμῶν
696 1391 723 1420 ἓν
742 1391 854 1431 Χριστῷ

63 1432 154 1469 Ἰησοῦ.
171 1433 265 1472 Ἀμήν.
285 1447 298 1460 ι
317 1433 427 1469 Ἐπειδῆ
445 1434 576 1470 διεστήχει
592 1437 630 1475 τῷ
645 1435 735 1475 τόπῳ,
752 1436 850 1465 ὡσανεὶ

63 1476 137 1512 δεξιᾶς
157 1490 225 1511 τινος
247 1477 367 1515 ἐκτάσει,
390 1480 448 1513 ταῖς
472 1481 519 1515 τῆς
547 1479 652 1518 ἀγάπης
675 1480 752 1520 χερσὶ
773 1492 848 1520 περι·

905 895 1032 929 dialecto,
1045 894 1093 923 sed
1114 895 1240 928 Hebraea,
1255 894 1311 923 imo
1328 895 1461 931 Syrorum
1483 894 1575 930 potius
1593 894 1701 931 lingua;

905 940 969 976 quia
980 940 1085 968 scilicet
1098 939 1133 968 ad
1145 939 1304 968 Corinthios
1320 939 1401 967 verba
1413 939 1527 973 faceret,
1540 938 1587 975 qui
1607 939 1643 968 ob
1658 947 1702 967 ex-

905 990 1010 1013 ternam
1036 985 1198 1021 sapientiam
1224 989 1253 1013 et
1279 984 1385 1013 Graeca:
1413 984 1511 1020 linguae
1538 984 1702 1020 elegantiam

905 1030 1024 1059 multum
1040 1029 1229 1066 'superbirent,
1254 1029 1404 1057 ostendens
1416 1029 1492 1065 quod
1506 1029 1574 1057 adeo
1587 1037 1645 1058 non
1658 1029 1701 1058 in-

903 1075 994 1112 digeat
1013 1075 1071 1112 ipse
1096 1074 1229 1111 sapientia
1241 1073 1302 1108 hac,
1319 1079 1349 1102 ut
1369 1078 1396 1102 et
1410 1073 1445 1102 de
1467 1074 1570 1110 vulgari
1596 1078 1625 1102 et
1654 1074 1701 1103 vili

905 1121 996 1157 lingua
1009 1120 1149 1157 glorietur,
1160 1119 1228 1147 adeo
1245 1123 1275 1147 ut
1282 1123 1311 1147 et
1320 1119 1437 1147 barbara
1454 1119 1544 1155 lingua
1563 1119 1699 1156 loquatur.

942 1168 1033 1194 Vens.
1059 1168 1102 1193 23.
1128 1176 1141 1189 ι
1161 1164 1255 1193 Gratia
1278 1163 1389 1192 Domini
1410 1164 1496 1192 nostri
1519 1164 1584 1192 Iesu
1601 1163 1702 1192 Christi

906 1211 1060 1239 vobiscum.
1078 1221 1090 1234 -
1102 1209 1230 1237 Doctoris
1243 1208 1368 1237 ofﬁcium
1391 1208 1444 1236 hoc
1459 1213 1510 1243 est,
1529 1217 1585 1236 non
1605 1210 1698 1236 solum

907 1255 1059 1290 adhortari,
1083 1262 1178 1283 verum
1196 1254 1282 1283 etiam
1301 1261 1389 1288 orare,
1410 1261 1441 1282 ac
1457 1253 1582 1282 bifariam
1595 1252 1703 1286 fulcire,

906 1305 967 1329 tum
979 1301 1107 1329 doctrina
1122 1304 1181 1328 tum
1195 1299 1305 1336 superni
1319 1298 1412 1328 auxilii
1426 1307 1473 1335 per
1485 1299 1623 1327 orationes
1637 1306 1703 1335 sup-

908 1345 1083 1383 peditatione.

942 1393 1030 1420 Vens.
1054 1394 1098 1419 24.
1115 1402 1126 1416 ι
1148 1389 1263 1418 Dilectio
1278 1397 1340 1417 mea
1361 1397 1426 1417 cum
1441 1388 1570 1417 omnibus
1583 1388 1661 1417 vobis
1675 1389 1703 1416 in

908 1437 1016 1466 Christo
1031 1437 1107 1464 Jesu.
1122 1438 1222 1463 Amen.
1246 1445 1256 1458 ι
1269 1434 1341 1471 Quia
1357 1434 1417 1462 loco
1431 1433 1559 1466 distabat,
1572 1441 1622 1462 ceu
1637 1434 1703 1461 dex-

905 1488 970 1512 terae
986 1481 1140 1518 cujuspiam
1162 1479 1333 1513 extensione,
1350 1479 1434 1515 237
1449 1479 1594 1507 charitatis
1609 1479 1700 1506 mani-

62 1522 184 1560 λαμϐἀνει
213 1523 323 1561 αὖτοὺς,
351 1523 451 1563 λέγων’
486 1534 502 1553 α
528 1523 562 1554 Ἦ
591 1524 684 1564 ἀγάπη
712 1536 762 1564 μου
791 1525 848 1563 μεθ’

932 1536 955 1555 ιε
966 1535 1012 1555 eos
1029 1525 1227 1561 complectitur,
1249 1523 1375 1560 inquiens
1389 1533 1396 1552 :
1412 1533 1426 1550 ι(
1443 1523 1559 1552 Dilectio
1581 1532 1643 1551 mea
1656 1531 1701 1551 vo-

63 1568 138 1606 ὗμῶν.
156 1579 170 1596 ι
186 1568 202 1597 6'
214 1569 289 1606 ἐστι,
306 1567 384 1598 Μετὰ
399 1568 505 1598 πάντων
515 1570 589 1607 ὑμῶν
604 1569 656 1609 ἐγώ
667 1582 674 1588 ·
691 1571 739 1599 οὖχ
755 1570 850 1607 ἄπειμι

63 1611 125 1652 γὰρ,
140 1613 162 1642 εἰ
183 1613 228 1642 καὶ
246 1614 284 1652 τῷ
299 1613 373 1654 τόπῳ
392 1613 529 1650 διέστηιια,
551 1613 603 1644 Διὰ
624 1614 724 1644 τούτων
747 1614 775 1644 δὲ
797 1615 849 1644 δεί-

63 1668 159 1694 ινυσιν,
173 1657 212 1687 ὅτι
230 1659 261 1687 οὐ
279 1660 362 1696 θυμοῖ,
371 1680 379 1694 ,
396 1657 455 1688 οὐδὲ
469 1659 548 1699 ὀργῆς
563 1654 631 1694 ἦσαν
647 1659 680 1689 τὰ
696 1659 830 1699 γραφέντα
840 1682 848 1696 ,

64 1701 116 1731 ἀλλ’
131 1702 235 1741 ἀγάπης
257 1703 302 1732 καὶ
321 1703 493 1741 κηδεμονίας,
516 1704 539 1732 εἰ
563 1703 610 1733 χαὶ
627 1704 736 1744 πικρίαν
757 1705 850 1744 ἐνέφα-

63 1757 101 1776 νον
170 1763 209 1770 -
225 1749 347 1788 φαινον].
360 1747 421 1778 Ἵνα
436 1747 463 1777 δὲ
477 1747 514 1786 μὴ
529 1747 673 1786 νομίσωσιν
683 1771 692 1786 ,
712 1747 752 1778 ὅτι
766 1749 849 1778 χολα-

63 1791 140 1821 κεύων
165 1791 258 1826 αὖτοὺς
288 1795 374 1822 ταῦτα
406 1793 491 1832 λέγει,
519 1793 616 1834 φησὶν·
647 1805 662 1823 ιι
689 1795 715 1823 ἐν
739 1794 849 1833 Χριστῷ

64 1834 160 1871 Ἰησοῦ²
174 1847 189 1866 n
215 1836 366 1873 τουτέστιν,
390 1837 475 1867 Οὐδὲν
491 1836 667 1877 ἀνθρώπινον,
683 1838 701 1874 ἢ
723 1839 849 1877 σαρχιχὸν

65 1882 79 1914 ἡ
103 1881 190 1920 ἀγάπη
213 1893 266 1920 μου
292 1881 365 1922 ἔχει,
386 1881 456 1912 ἀλλὰ
477 1883 644 1921 πνευματική
671 1884 727 1912 ἔστι
750 1883 796 1912 καὶ
822 1884 848 1912 ἐν

64 1923 173 1966 Χριστῷ.
195 1926 344 1964 Εὖξώμεθα
369 1922 413 1956 οὖν
440 1927 485 1957 καὶ
505 1929 582 1966 ἡμεῖς
603 1926 647 1956 ἵνα
671 1927 801 1963 ἀλλήλους
822 1929 848 1957 ἐν

67 1969 163 2011 Χριστῷ
183 1972 352 2010 ἀγαπῶντες,
374 1971 457 2011 μηδὲν
478 1975 525 2007 τῆς
544 1974 673 2010 κοσμικῆς
697 1972 803 2011 ἀγάπης
823 1973 848 2001 ἐν

68 2015 156 2048 ἑαυτοῖς
177 2016 372 2057 περιφέρωμεν,
393 2016 452 2053 ἥτις
465 2016 547 2056 ἐχθρά
561 2018 630 2046 ἐστιν
652 2019 690 2050 εἰς
703 2017 747 2046 τὸν
766 2016 847 2047 Θεόν.

67 2057 138 2089 Οὕτω
155 2060 204 2100 γὰρ
228 2061 275 2091 καὶ
297 2062 349 2090 τῶν
373 2062 518 2101 ἀγαπητῶν
542 2064 588 2091 τοῦ
612 2061 719 2093 Θεοῢ¹⁰
743 2073 845 2098 σκηνω-

69 2103 149 2141 μάτων
168 2105 420 2144 καταξιωθησόμεθα
442 2107 468 2135 ἓν
490 2107 598 2148 Χριστῷ
618 2106 707 2143 Ἰησοῦ
730 2108 768 2148 τῷ
790 2108 848 2136 Κυ-

69 2147 108 2188 ρίῳ
128 2151 201 2187 ἡμῶν
229 2150 400 2190 ἀγαπήσαντι
429 2146 521 2189 ἡμᾶςέ
542 2146 564 2192 ᾧ
591 2153 608 2187 ἡ
636 2151 697 2186 δόξα
727 2146 764 2185 εἷς
789 2150 849 2184 τοὺς

52 2193 153 2227 ,αἰῶνας
167 2196 218 2224 τῶν
233 2195 347 2225 αἰώνων.
366 2195 460 2234 Ἀμήν.

902 1573 1009 1601 biscum
1026 1580 1032 1599 :
1049 1583 1061 1596 ιο
1078 1570 1154 1607 quod
1165 1574 1218 1603 est,
1238 1570 1307 1597 Cum
1320 1569 1453 1597 omnibus
1469 1569 1545 1597 vobis
1560 1577 1610 1605 ego
1623 1577 1696 1598 sum.

903 1619 964 1646 Non
979 1617 1050 1645 enim
1062 1624 1078 1644 a
1093 1615 1172 1644 vobis
1190 1615 1298 1648 absum,
1312 1614 1422 1642 etiamsi
1444 1614 1505 1642 loco
1519 1614 1635 1642 distem.
1651 1615 1704 1642 Per

903 1663 962 1691 haec
971 1666 1064 1690 autem
1073 1663 1278 1690 commonstrat
1292 1659 1365 1695 quod
1376 1659 1435 1687 haec
1445 1666 1507 1695 quae
1516 1659 1616 1695 scripta
1629 1663 1703 1692 sunt,

901 1716 988 1743 neque
1005 1706 1199 1742 indignationis
1217 1712 1308 1741 neque
1324 1704 1473 1732 iracundia:
1490 1704 1570 1732 verba
1585 1703 1700 1737 fuerint,

903 1753 950 1781 sed
966 1751 1108 1780 charitatis
1119 1753 1146 1778 et
1161 1757 1246 1783 curae,
1260 1749 1369 1777 etiamsi
1385 1749 1575 1777 amarulentiaa
1593 1749 1682 1777 nonni
1693 1764 1702 1770 -

902 1797 939 1825 hil
958 1804 1015 1833 prae
1027 1804 1055 1824 se
1075 1795 1184 1823 ferrent.
1202 1795 1242 1822 Ne
1267 1801 1331 1821 vero
1348 1794 1519 1821 arbitrentur
1540 1795 1615 1829 quod
1643 1794 1702 1822 hate

901 1850 934 1869 ex
946 1840 1100 1869 adulatione
1109 1840 1250 1875 loquatur,
1264 1837 1366 1873 adjicit,
1384 1848 1398 1862 ιι
1414 1839 1446 1865 In
1458 1837 1567 1866 Christo
1581 1839 1648 1866 Jesu
1663 1847 1669 1865 :
1688 1850 1700 1862 ι

901 1886 954 1914 hoc
967 1889 1018 1919 est,
1033 1884 1106 1912 Nihil
1131 1883 1286 1912 humanum
1299 1886 1348 1910 aut
1368 1882 1479 1910 carnale
1494 1881 1613 1910 charitas
1637 1890 1699 1910 mea

902 1931 998 1964 habet,
1017 1929 1068 1958 sed
1091 1927 1237 1965 spiritualis
1256 1931 1308 1962 est,
1324 1930 1351 1955 et
1369 1926 1396 1954 in
1416 1926 1535 1955 Christo.
1553 1928 1703 1956 Precemur

902 1976 984 2012 igitur
995 1978 1023 2003 et
1041 1981 1104 2008 nos,
1122 1977 1154 2001 ut
1165 1980 1218 2000 nos
1234 1976 1331 2000 mutuo
1345 1972 1416 2000 inter
1434 1979 1487 2000 nos
1505 1971 1650 2008 diligentes
1673 1973 1700 2000 in

903 2021 1023 2054 Christo,
1037 2019 1103 2047 nihil
1125 2018 1273 2046 mundanae
1285 2017 1426 2046 charitatis
1440 2017 1469 2045 in
1483 2017 1564 2045 nobis
1582 2017 1703 2045 circum-

902 2065 1038 2099 feramus,
1058 2072 1120 2101 qua:
1134 2063 1244 2092 inimica
1260 2067 1302 2091 est
1316 2063 1387 2090 Deo.
1410 2063 1455 2090 Sic
1467 2063 1542 2091 enim
1555 2065 1583 2090 et
1598 2062 1702 2090 amabi-

904 2110 977 2138 libus
998 2110 1049 2139 Dei
1069 2108 1249 2138 tabernaculis
1271 2107 1348 2144 digni
1368 2107 1554 2144 jndicabimur
1577 2107 1605 2135 in
1625 2107 1703 2136 Chri-

904 2159 948 2184 sto
960 2156 1025 2184 Jesu
1036 2155 1156 2183 Domino
1165 2158 1270 2187 nostro,
1285 2153 1331 2189 qui
1344 2152 1438 2181 dilexit
1448 2161 1499 2182 nos
1511 2163 1517 2182 :
1533 2154 1576 2181 cui
1586 2153 1700 2190 gloriam

905 2200 932 2229 in
951 2200 1050 2229 saecula
1065 2200 1242 2229 saeculorum.
1258 2199 1359 2227 Amen.

744 2281 840 2312 Variae
864 2282 1013 2313 lectiones.

95 2327 114 2344 ¹⁵
125 2328 271 2365 φθέγγεσθαι
284 2337 323 2358 m.
363 2330 384 2347 ¹⁶
397 2330 502 2366 Χριστοῦ
518 2338 544 2358 ο.
