1867 3081
189 189 240 215 799

695 186 951 216 THEOPHYLACTI
971 184 1148 214 BULGARIE
1166 185 1323 214 ARCHIEP.

1777 188 1819 215 800

188 249 252 278 dem
263 253 292 279 et
306 249 391 279 unius
407 249 519 285 Christi,
533 250 688 280 secundum
708 250 907 278 humanitatem
920 249 976 285 qui-

1061 249 1170 289 [ριστοῦ,
1193 248 1263 278 κατὰ
1289 248 1338 288 μὲν
1355 249 1386 279 τὸ
1412 248 1587 290 ἀνθρώπινον,
1609 249 1691 284 Θεός·
1714 249 1779 280 κατὰ
1797 250 1819 280 δὲ

187 295 253 324 dem
272 297 362 329 Deus;
383 295 539 324 secundum
559 303 624 324 vero
641 295 823 329 divinitatem,
839 297 930 323 Pater.

226 351 240 365 ι
255 342 336 369 Pater
357 340 624 373 misericordiarum,
637 349 670 369 ac
692 343 767 369 Deus
782 341 867 369 totius
887 347 984 368 conso-

193 385 316 414 lationis.
343 397 356 410 ιι
372 386 435 414 Hoc
456 389 509 420 est,
524 385 571 422 qui
585 390 627 414 tot
639 390 783 422 tantasque
795 385 984 414 miserationes

189 429 326 465 exhibuit,
342 434 374 459 ut
394 437 429 459 ex
450 431 516 467 ipsis
535 438 587 459 nos
603 431 702 459 mortis
725 431 812 467 portis
833 430 983 464 reduxerit,

189 482 222 503 ac
236 475 364 512 dignatus
380 476 417 504 sit
428 483 481 504 nos
495 476 570 504 omni
582 476 769 504 consolatione
787 476 814 504 in
826 475 984 504 afﬂictioni-

190 519 253 548 bus.
278 520 452 549 Consuetudo
466 525 559 549 autem
573 525 632 549 erat
645 521 757 555 sanctis,
781 523 869 549 Deum
883 529 917 549 ex
939 520 985 548 be-

187 564 295 594 neﬁciis
317 572 379 602 qua)
409 565 445 594 ab
474 573 507 594 eo
527 565 707 602 accipiebant,
730 566 874 594 nominare
899 574 906 594 :
934 573 984 602 pro

189 609 300 638 victoria
325 609 438 646 quidem
463 611 492 638 in
525 610 609 639 bello.
634 622 648 636 α
674 611 794 647 Diligam
819 615 859 646 te,
882 611 982 646 inquit,

193 665 205 678 α
214 654 345 688 Domine,
355 654 441 683 robur
448 663 541 684 meum
550 660 561 674 ⁶
575 665 583 683 :
596 667 609 680 -
623 659 659 690 et,
672 667 686 681 ι
699 656 834 684 Dominus
845 659 985 692 protector

190 707 268 728 meus
290 698 315 728 ά.
329 711 342 725 ι
356 700 428 733 Cum
448 708 512 729 vero
527 709 542 729 a
555 700 674 737 caligine
690 705 718 729 et
732 700 924 729 obscuratione
943 709 984 728 ra-

189 744 283 778 tionis,
307 748 336 773 et
356 753 372 774 a
396 753 514 774 maerore
536 747 621 782 erepti
641 745 747 774 fuerint
769 755 775 773 :
804 755 819 772 ιι
848 746 985 774 Dominus

189 789 358 818 illuminatio
372 798 432 818 mea
457 795 477 818 '.
503 800 516 817 ι)
544 791 626 819 Haud
640 791 766 819 dissimili
783 791 887 819 ratione
911 799 984 819 nunc

189 841 301 870 quoque
311 835 412 863 Paulus
421 847 433 860 ι
446 836 556 864 Patrem
566 835 788 870 miscrationum,
802 847 814 859 ιι
829 843 861 864 ac
873 847 885 860 α
894 837 984 864 Deum

189 879 386 909 consolationis
396 891 408 905 ο
423 881 513 916 ipsum
523 880 658 914 nominat,
671 880 706 909 ab
721 880 858 909 accidente
869 881 982 909 scilicet.

190 923 260 953 Vide
273 929 367 953 autem
384 925 443 961 ejus
463 926 661 954 humilitatem.
684 926 825 962 Siquidem
847 931 956 962 ereptus
971 934 976 954 :

1061 924 1085 953 ιὰ
1113 923 1144 953 τὸ
1172 923 1298 964 κήρυγμα
1325 924 1492 963 πειρασμῶν,
1528 924 1556 953 οὗ
1582 923 1669 962 λέγει,
1702 922 1742 952 ὅτι
1767 922 1821 952 Κατ’

190 969 384 998 tentationibus
408 970 508 1007 quibus
531 971 567 999 ob
601 971 738 1007 Evangelii
762 971 986 1007 praedicationem

189 1014 385 1050 excipiebatur,
399 1023 457 1043 non
469 1015 545 1049 dicit,
559 1017 613 1044 Pro
622 1015 754 1053 dignitate
769 1016 898 1045 liberatus
912 1024 984 1051 sum,

189 1063 322 1088 caeterum
336 1067 384 1096 per
397 1060 590 1089 miserationes
604 1061 666 1089 Dei.

226 1105 319 1132 Vnns.
343 1107 369 1132 4.
389 1105 441 1141 Qui
463 1105 620 1134 consolatur
639 1113 689 1134 nos
716 1106 745 1133 in
771 1106 846 1134 omni
870 1105 986 1134 trihula-

190 1149 265 1177 tione
275 1153 375 1177 nostra.
395 1161 408 1174 ιι
424 1151 486 1178 Non
503 1150 581 1184 dixit,
597 1150 649 1185 Qui
664 1158 718 1178 non
734 1150 800 1178 sinit
822 1158 873 1178 nos
889 1149 985 1187 afﬂigi,

191 1194 250 1228 sed,
270 1194 323 1229 Qui
343 1195 503 1223 consolatur
517 1203 568 1223 nos
582 1195 610 1222 in
626 1194 783 1223 afﬂictione.
802 1207 815 1220 ι
832 1195 903 1224 Sinit
914 1196 987 1223 enim

191 1247 242 1267 nos
254 1239 350 1276 afﬂigi,
366 1244 397 1268 ut
411 1248 459 1276 per
474 1240 635 1276 patientiam
647 1240 804 1269 mercedem
816 1239 985 1268 habeamus:

191 1288 219 1312 et
241 1284 352 1320 quando
374 1292 424 1313 nos
451 1285 574 1313 labantes
599 1285 706 1318 viderit,
731 1285 890 1313 consolatur
909 1293 959 1313 nos
980 1295 986 1312 :

191 1329 273 1366 idque
287 1337 396 1366 semper
410 1329 481 1358 facit.
500 1329 620 1366 Ideoque
635 1330 735 1358 Paulus
750 1338 806 1358 non
829 1330 906 1366 dixit,
935 1330 988 1365 Qui

191 1374 349 1402 consolatus
372 1379 414 1403 est
435 1376 532 1409 semel,
551 1374 612 1409 sed,
628 1386 641 1400 ι
659 1375 711 1411 Qui
725 1375 893 1409 consolatur,
909 1386 921 1399 ι
937 1375 990 1402 hoc

191 1423 243 1451 est,
264 1427 382 1456 semper.
403 1420 465 1448 Non
489 1420 516 1448 in
536 1419 589 1448 hac
612 1420 652 1448 vel
677 1420 723 1448 illa
744 1419 905 1455 afﬂictione,
929 1419 989 1454 sed,

195 1476 208 1489 ι
225 1464 254 1492 in
267 1466 356 1493 omni.
375 1477 388 1490 ν

232 1522 244 1534 ι
264 1511 304 1539 Ut
316 1510 454 1546 possimus
463 1518 514 1538 nos
524 1509 660 1538 consolari
674 1517 722 1537 eos
737 1510 785 1546 qui
799 1513 864 1537 sunt
876 1509 903 1538 in
915 1510 990 1537 omni

193 1553 354 1588 afﬂictione,
370 1563 419 1591 per
442 1554 662 1582 consolationem
679 1562 734 1590 qua
748 1555 875 1590 nosipsos
888 1562 988 1582 conso-

194 1644 328 1672 lationem
344 1643 478 1679 accipere,
492 1647 636 1680 propterea
653 1645 814 1672 consolatur
824 1652 875 1672 nos
890 1645 964 1672 Deus
983 1654 989 1672 :

195 1695 289 1716 verum
303 1692 333 1716 ut
348 1688 384 1716 ab
397 1689 524 1725 exemplo
541 1688 740 1717 consolationis
754 1697 816 1725 quae
828 1688 898 1717 mihi
912 1689 992 1717 obve-

196 1733 249 1768 nit,
275 1733 343 1761 alios
368 1733 450 1761 etiam
480 1733 615 1761 consolari
645 1733 761 1766 valeam.
787 1734 809 1762 si
832 1734 942 1770 quando
962 1734 992 1762 in

195 1778 392 1806 tentationibus
416 1777 525 1806 fuerint.
545 1778 664 1807 Proinde
678 1782 707 1807 et
729 1787 778 1807 vos
794 1779 992 1816 conspicientes

195 1831 239 1851 me
249 1822 318 1851 adeo
333 1823 532 1856 confortatum,
544 1823 573 1852 in
585 1823 777 1852 afﬂictionibus
793 1824 890 1852 vestris
902 1825 992 1853 animo

195 1876 230 1896 ne
254 1868 414 1897 concidatis.
438 1870 491 1897 Per
520 1868 574 1897 hoc
599 1873 691 1897 autem
713 1869 904 1904 apostolorum
924 1877 992 1905 opus

198 1913 307 1948 indicat,
323 1921 433 1950 nempe,
461 1913 536 1950 quod
554 1914 700 1942 constituti
719 1917 783 1941 sunt
806 1918 839 1942 ut
866 1914 935 1942 alios
957 1914 993 1942 ad

197 1963 338 1986 certamen
353 1959 436 1986 veluti
457 1958 596 1993 inungant
609 1962 638 1986 et
652 1958 769 1986 excitent
783 1968 790 1986 :
802 1962 829 1986 et
839 1958 914 1994 quod
926 1967 991 1992 non,

198 2003 310 2039 perinde
325 2011 358 2031 ac
369 2003 588 2039 pseudapostoli,
602 2002 708 2031 deliciis
719 2003 859 2036 studeant,
874 2010 906 2030 ac
916 2003 992 2031 domi

196 2047 365 2081 desidentes,
382 2048 523 2083 negligant
542 2055 590 2076 eos
603 2048 649 2084 qui
670 2047 859 2076 consolatione
879 2051 906 2075 et
919 2048 993 2075 exci-

197 2092 302 2120 tatione
326 2099 395 2127 opus
413 2091 528 2120 habent.

232 2138 323 2164 Vnus.
351 2139 379 2165 5.
412 2147 425 2161 ιι
442 2136 580 2173 Quoniam
598 2137 669 2165 sicut
686 2136 830 2165 abundant
854 2137 994 2173 passiones

197 2181 298 2210 Christi
311 2181 340 2209 in
349 2180 440 2215 nobis,
453 2182 490 2209 ita
510 2189 558 2217 per
567 2181 709 2210 Christum
721 2182 842 2210 abundat
855 2186 883 2210 et
896 2190 992 2211 conso-
1009 2217 1012 2220 Ι

198 2226 265 2255 latio
275 2230 378 2255 nostra.
396 2238 409 2251 ι
425 2227 467 2255 Ne
479 2226 646 2263 despondeas
655 2227 781 2256 animum
787 2227 908 2264 quisquis
914 2227 991 2256 audis
1008 2221 1011 2234 ⁵

197 2271 362 2300 afﬂictiones
373 2275 401 2300 et
412 2271 495 2303 mala,
510 2271 600 2308 inquit
611 2281 618 2300 :
635 2276 738 2308 quanto
748 2272 823 2300 enim
834 2273 885 2301 ista
894 2273 995 2301 exube-

201 2320 274 2350 rant,
289 2320 366 2345 tanto
380 2316 751 2345 exuberantconsolationes.
765 2318 828 2345 Non
836 2317 997 2354 simpliciter

198 2365 292 2390 autem
304 2360 383 2396 dixit,
399 2371 413 2386 ι
435 2361 585 2398 passiones,
603 2373 616 2386 υ
634 2362 694 2396 sed,
712 2373 725 2386 ι
740 2362 839 2390 Christi
854 2371 862 2390 :
885 2373 898 2387 ιι
913 2367 943 2390 ιιι
956 2362 996 2390 vel

201 2405 266 2435 inde
276 2406 403 2435 animum
418 2407 566 2435 Corinthiis
580 2406 664 2443 243
677 2407 769 2436 addat.
792 2407 890 2435 Christi
911 2408 996 2442 enim,

200 2451 298 2487 inquit,
312 2451 452 2488 passiones
460 2456 526 2480 sunt
535 2452 594 2480 istae
604 2460 671 2488 quas
688 2460 740 2480 nos
750 2452 881 2489 patimur,
892 2460 997 2488 nosque

202 2495 338 2525 efﬁcimur
367 2497 512 2533 participes
545 2496 728 2525 afﬂictionum
768 2497 862 2533 ipsius.
896 2497 998 2532 Quare,

200 2549 312 2570 summo
320 2541 394 2571 istud
403 2542 439 2570 sit
455 2541 506 2570 tibi
516 2542 626 2577 solatio,
641 2541 717 2578 quod
726 2542 827 2570 Christi
838 2541 1000 2571 afﬂictiones

203 2587 340 2615 sustineas
365 2596 372 2614 :
393 2587 450 2615 imo
472 2594 538 2615 vero
553 2594 610 2614 non
625 2587 685 2615 illas
703 2587 788 2622 solas,
802 2595 899 2615 vemm
914 2587 999 2615 etiam

199 2631 302 2668 plures.
325 2642 338 2656 ι
362 2631 511 2661 Abundant
533 2643 546 2656 σι
561 2631 646 2666 enim,
677 2632 793 2672 inquit,_
813 2643 827 2657 α
858 2632 1001 2668 passiones

198 2676 298 2706 Christi
309 2677 339 2705 in
351 2676 442 2712 nobis,
458 2688 472 2702 ι
488 2677 541 2706 hoc
555 2680 608 2712 est,
622 2677 714 2714 plures
729 2676 902 2714 perferimus,
917 2685 1000 2714 quam

199 2721 323 2750 Christus
347 2722 502 2758 pertulerit.
536 2722 665 2751 Sentiens
691 2727 784 2752 autem
809 2727 945 2759 quantum
974 2727 1002 2751 et

199 2775 283 2803 quam
295 2774 430 2803 magnum
437 2767 556 2802 dixerat,
565 2775 662 2797 rursus
671 2767 740 2797 illud
749 2768 888 2804 reprimit,
903 2780 915 2792 -
936 2768 981 2796 Sic
991 2790 998 2804 ,

245 2854 255 2866 θ
266 2849 338 2878 Psal.
354 2857 434 2883 xvu,
449 2851 474 2877 l.
511 2843 525 2865 ἀ
537 2849 607 2878 Psal.
626 2857 714 2884 χχιιι,
725 2852 750 2877 2.
788 2849 879 2878 ePsal.
894 2857 986 2885 χχιιι,
1003 2853 1031 2882 In

1018 1578 1031 1587 ,
1047 1553 1148 1587 θλίψει.
1181 1553 1225 1583 διὰ
1250 1556 1297 1587 τῆς
1321 1552 1505 1587 παρακλήσεω

193 1555 354 1588 afﬂictione,
370 1563 419 1591 per
442 1555 662 1582 consolationem
679 1562 734 1590 qua
748 1555 875 1590 nosipsos
888 1562 988 1582 conso-
1018 1578 1031 1587 ,
1047 1555 1148 1594 θλίψει,
1181 1555 1225 1583 διὰ
1250 1556 1297 1587 τῆς
1321 1555 1518 1593 παρακλήσεως

193 1600 266 1627 latur
277 1601 360 1627 Deus.
379 1610 392 1624 ν
414 1600 476 1627 Non
489 1599 560 1635 quod
577 1598 650 1634 digni
665 1599 764 1633 simus,
779 1599 879 1636 inquit,
894 1607 989 1627 conso-
1008 1585 1032 1612 L’
1053 1599 1123 1628 ιῦτοὶ
1137 1599 1190 1629 ὑπὸ
1203 1600 1249 1628 τοῦ
1265 1599 1348 1628 Θεοῦ.
1375 1609 1390 1627 ι)
1418 1598 1479 1636 Οὖχ
1499 1597 1518 1626 8·

1037 293 1085 330 τὴν
1098 293 1223 330 θεότητα,
1240 293 1348 334 Πατήρ.

1082 350 1098 368 α
1112 338 1147 369 Ὁ
1162 338 1260 380 Πατὴρ
1281 341 1333 369 τῶν
1351 340 1509 380 οἰκτιρμῶν,
1525 339 1572 370 καὶ
1587 339 1657 373 Θεὸς
1679 339 1764 376 πάσης
1777 351 1820 368 πα-

1039 385 1203 424 ρακλήσεως.
1229 395 1245 413 ο
1277 384 1434 421 Τουτέστιν,
1462 387 1476 416 ὁ
1512 385 1666 425 οἷκτιρμοίρς
1696 383 1820 418 τοσούτους

1038 428 1245 468 ἐπιδειξάμενος,
1260 430 1296 464 ὡς
1316 429 1343 464 ἐξ
1363 430 1448 460 αὐτῶν
1469 431 1522 459 τῶν
1538 433 1585 460 τοῦ
1606 432 1722 459 θανατου
1743 430 1819 460 πυλῖὗν

1037 477 1110 514 ἡμᾶς
1131 475 1289 514 ἀναγαγεῖν,
1313 474 1360 504 καὶ
1384 474 1582 515 παρακλήσεως
1610 474 1704 512 πάσης
1725 473 1819 509 ἀξιῶσαι

1038 519 1065 548 ἄν
1093 523 1148 552 ταῖς
1168 518 1299 559 θλίψεσιν.
1324 519 1406 553 Ἐθος
1424 519 1452 549 δὲ
1475 521 1530 554 τοῖς
1554 519 1651 559 ἁγίοις,
1676 519 1707 549 ἐκ
1732 520 1779 548 τῶν
1792 520 1819 552 εἰς

1038 563 1132 598 αὐτοὺς
1161 565 1316 604 εὖεργισιῖἷιν
1342 564 1481 603 ὀνομάζειν
1513 564 1556 594 τὸν
1591 563 1675 595 Θεόν·
1710 564 1752 594 ἐπὶ
1780 564 1818 602 μὲν

1038 609 1110 645 νίκης
1136 608 1273 648 πολέμων,
1298 623 1311 637 ι
1342 609 1488 647 Ἀγαπάσω
1513 621 1558 646 σε,
1589 609 1696 649 Κύριε,
1719 611 1736 645 ἡ
1759 608 1820 648 ἰσχύς

1039 666 1102 692 μου,
1119 668 1131 680 ι
1147 653 1221 694 φησί·
1239 654 1294 689 καὶ,
1321 667 1333 679 ι
1357 654 1392 684 ’0
1409 653 1508 693 Κύριος
1530 652 1731 693 ὗπερασπιστής
1746 665 1796 691 μου.
1810 666 1819 679 ι

1038 698 1101 728 ὅταν
1115 698 1141 728 δὲ
1164 698 1254 739 ζόρου,
1271 698 1317 728 καὶ
1337 698 1490 732 σκοτώσεως
1516 700 1662 738 λογισμοῦ,
1683 698 1728 727 καὶ
1751 698 1821 739 λύπης

1038 738 1204 784 λυτρωθῶσιον
1221 757 1232 770 ι
1257 743 1355 783 Κύριος
1378 743 1512 784 φωτισμός
1537 755 1600 782 μου.
1631 757 1644 770 1
1671 742 1761 776 Οὕτως
1785 738 1821 772 οὖν

1039 788 1085 819 καὶ
1123 790 1167 818 νῦν
1196 790 1210 818 ὁ
1237 789 1345 822 Παῦλος
1373 788 1484 828 Πατέρα
1511 789 1660 830 οἰκτιρμῶν
1695 788 1739 817 καὶ
1763 787 1820 818 Θεὸν

1038 833 1233 874 παρακλήσεως
1258 833 1336 863 αὐτὸν
1360 833 1501 872 ὀνομάζει,
1526 833 1642 863 ἀπὸτοῦ
1669 832 1820 871 συμϐεὸηιόα

1039 891 1092 912 τος.
1110 876 1184 918 Ὅρα
1207 878 1235 908 δὲ
1259 878 1512 918 ταπεινοφροσύνην.
1537 879 1690 916 Λυτρωθεὶς
1715 877 1762 917 γὰρ
1779 878 1821 906 τῦν

1040 967 1115 1003 ἀξίαν
1144 967 1290 1008 ἒῤῥῦσθην,
1317 968 1401 1004 ἀλλὰ,
1435 968 1487 999 Διὰ
1516 967 1576 1002 τοὺς
1609 966 1758 1008 οἷκτιρμοὺς
1786 969 1821 995 τοῦ

1039 1014 1119 1045 Θεοῦ.

1081 1115 1098 1133 α
1113 1104 1149 1134 Ὁ
1161 1104 1326 1145 παρακαλῶν
1342 1106 1414 1140 ἡμᾶς
1427 1103 1471 1133 ἐπὶ
1485 1103 1557 1143 πάσῃ
1624 1104 1712 1144 θλίψει
1730 1103 1803 1141 ἡμῶν.
1813 1117 1821 1127 -

1041 1150 1100 1180 Οὔκ
1120 1145 1202 1186 εἶπεν,
1220 1148 1254 1179 Ὁ
1273 1149 1310 1188 μὴ
1332 1150 1381 1179 ἐῶν
1406 1151 1478 1187 ἡμᾶς
1501 1148 1643 1185 θλιϐἦναι,
1672 1147 1739 1184 ἀλλ’,
1758 1147 1788 1177 Ὀ
1804 1147 1822 1176 ἓν

1040 1196 1078 1234 τῷ
1103 1194 1240 1224 θλίϐεσθαι
1263 1195 1437 1234 παρακαλῶν.
1459 1193 1513 1234 Ἐᾷ
1537 1193 1588 1233 γὰρ
1609 1196 1685 1232 ἡμᾶς
1705 1191 1823 1227 θλιϐἤναι,

1041 1239 1085 1269 ἵνα
1111 1239 1155 1269 διὰ
1180 1241 1227 1275 τῆς
1254 1240 1389 1277 ὓπομονῆς
1421 1239 1513 1276 μισθὸν
1540 1238 1684 1278 σχοίημεν·
1713 1236 1822 1266 κάπειδὰν

1042 1284 1202 1319 ὀκλάζοντας
1233 1283 1295 1323 ἴδῃ,
1321 1284 1482 1324 παρακαλεῖ”
1510 1283 1556 1313 χαὶ
1585 1283 1628 1312 ἀεὶ
1661 1285 1739 1312 τοῦτο
1761 1285 1822 1311 ποιεῖ.

1043 1329 1090 1359 Διὸ
1114 1329 1159 1359 καὶ
1185 1330 1199 1358 ὁ
1226 1329 1334 1362 Παῦλος
1357 1329 1405 1358 οὖκ
1429 1323 1516 1364 εἶπεν,
1531 1326 1572 1357 ὅτι
1595 1329 1609 1358 ὃ
1635 1327 1707 1362 ἅπαξ
1721 1328 1825 1366 πᾶρακα-

1044 1374 1140 1410 λέσας,
1169 1373 1238 1413 ἀλλ’,
1268 1384 1282 1402 ε
1310 1373 1344 1403 Ὁ
1369 1374 1546 1412 παρακαλῶν,
1568 1383 1584 1402 α
1611 1372 1762 1408 τουτέστιν,
1786 1370 1824 1400 ἀεί-

1047 1419 1100 1449 Καὶ
1131 1419 1179 1448 οὔκ
1205 1419 1231 1448 ἐν
1255 1419 1317 1459 τῇδε
1345 1417 1362 1454 ἢ
1386 1418 1449 1457 τῇδε
1473 1419 1507 1458 τῇ
1532 1417 1636 1458 θλίψει,
1659 1416 1727 1455 ἀλλ’,
1754 1430 1765 1442 ιι
1788 1415 1825 1445 Ἔν

1045 1464 1132 1501 πάσῃ.
1150 1474 1165 1493 ι)

1086 1522 1098 1534 σι
1115 1509 1166 1542 Εἰς
1179 1508 1210 1538 τὸ
1225 1508 1351 1539 δύνασθαι
1365 1510 1437 1547 ἡμᾶς
1460 1509 1631 1548 παρακαλεῖν
1647 1506 1706 1540 τοὺς
1720 1507 1745 1536 ἓν
1766 1506 1824 1545 πάσῃ

1549 1548 1582 1588 ἧς
1614 1551 1825 1592 παρακαλούμεθα

1053 1599 1123 1628 ιῦτοὶ
1137 1599 1190 1629 ὑπὸ
1203 1600 1249 1628 τοῦ
1265 1599 1348 1628 Θεοῦ.
1375 1609 1390 1627 ι)
1418 1598 1479 1638 Οὖχ
1499 1597 1548 1634 ὅτι,
1568 1597 1666 1637 φησὶν,
1683 1597 1748 1631 ἄξιοί
1763 1598 1826 1634 ἐσμεν

1047 1644 1270 1683 παρακαλεῖσθαι,
1295 1643 1338 1672 διὰ
1361 1645 1438 1672 τοῦτο
1463 1642 1618 1682 παρακαλεῖ
1637 1645 1710 1680 ἡμᾶς
1727 1643 1740 1670 ὁ
1764 1640 1826 1672 Θεό(

1047 1688 1107 1718 ἀλλ’
1121 1688 1166 1717 ἵνα
1180 1689 1210 1718 ἐκ
1233 1690 1279 1718 τοῦ
1306 1687 1500 1726 ὑποδείγματος
1515 1689 1562 1722 τῆς
1582 1688 1617 1721 εἷς
1634 1686 1683 1725 ἐμὲ
1706 1684 1826 1728 παρακλή-

1047 1746 1112 1767 σεως
1128 1733 1174 1762 καὶ
1188 1733 1283 1766 ἄλλους
1302 1733 1405 1768 δυνηθῶ
1429 1731 1616 1772 παρακαλέσαι
1642 1733 1670 1762 ἐν
1691 1729 1826 1771 πειρασμοῖς

1047 1779 1147 1812 ὄντας(
1162 1775 1250 1808 Ὥστε
1276 1777 1323 1808 καὶ
1348 1780 1423 1816 ὑμεῖς
1443 1776 1490 1816 ἐμὲ
1513 1778 1627 1816 ὁρῶντες
1659 1776 1727 1807 οὕτω
1753 1785 1826 1815 παρα-

1047 1822 1190 1860 κληθέντα,
1218 1822 1255 1861 μὴ
1276 1822 1459 1852 καταπίπτετι
1482 1822 1510 1851 ἐν
1535 1821 1656 1862 θλίψεσιν
1681 1821 1758 1854 ὄντες.
1787 1819 1825 1849 Avi

1047 1868 1140 1898 τούτου
1165 1867 1193 1897 δὲ
1223 1867 1338 1896 δείκνυσι
1361 1867 1408 1897 καὶ
1430 1866 1461 1896 τὸ
1487 1865 1564 1906 ἔργον
1591 1868 1644 1896 τῶν
1669 1865 1823 1896 ἀποστόλων.

1047 1913 1093 1942 καὶ
1121 1912 1162 1942 ὅτι
1188 1912 1225 1945 εἷς
1255 1911 1284 1941 τὸ
1309 1911 1412 1951 ἑτέρους
1436 1911 1554 1951 ἀλείφειν
1581 1922 1610 1940 τε
1637 1911 1685 1940 καὶ
1713 1908 1825 1948 διεγείρειν

1047 1959 1158 1987 κεῖνται·
1183 1957 1228 1986 καὶ
1244 1957 1293 1996 οὐχ
1317 1956 1407 1996 ὥσπερ
1423 1957 1447 1986 οἱ
1468 1956 1697 1997 ψευδαπόστολοι,
1718 1955 1824 1994 τρυφῶσιν

1048 2001 1094 2032 καὶ
1118 2001 1185 2032 οἴκοι
1208 2000 1355 2040 καθήμενοι
1383 2002 1527 2042 περιορῶσι
1547 2000 1607 2034 τοὺς
1628 2000 1761 2040 δεομένους
1783 2008 1826 2027 πα-

1050 2047 1204 2087 ρακλήσεως
1219 2046 1265 2075 καὶ
1282 2047 1432 2086 διεγερμοῦ.

1089 2150 1102 2164 α
1117 2135 1183 2166 Ὀτι
1207 2135 1294 2169 καθὼς
1317 2135 1469 2176 περισσεύει
1492 2135 1526 2164 τὰ
1545 2137 1592 2165 τοῦ
1616 2135 1731 2175 Χριστοῦ
1753 2130 1825 2176 παθῇ-

1050 2192 1123 2220 ματα
1150 2182 1185 2214 εἷς
1210 2182 1293 2219 ἡμᾶς,
1316 2179 1385 2210 οὕτω
1410 2180 1453 2210 διὰ
1481 2182 1527 2210 τοῦ
1554 2181 1674 2220 Χριστοῦ
1699 2175 1825 2219 περισσεύει

1051 2219 1094 2255 καὶ
1109 2228 1127 2261 ἡ
1146 2225 1316 2265 παράκλησις
1341 2226 1427 2263 ἡμῶν.
1452 2235 1467 2254 n
1487 2224 1535 2260 Μὴ
1560 2224 1729 2264 καταπέσῃς,
1752 2219 1824 2265 φησξῆ

1050 2265 1072 2300 ὦ
1100 2263 1234 2310 ἀκροατὰ,
1260 2269 1361 2309 θλίψεις
1389 2269 1434 2299 καὶ
1450 2269 1524 2305 πάθη
1552 2269 1669 2300 ἀκούων.
1688 2263 1770 2306 νὍσῳ
1787 2263 1825 2310 γὰρ

1051 2314 1239 2356 περισσεύουσι
1263 2317 1361 2351 ταῦτα,
1391 2313 1509 2354 τοσούτῳ
1535 2313 1719 2353 περισσεύουσι
1745 2310 1785 2341 καὶ
1806 2309 1825 2356 οἱ

1052 2353 1242 2400 παρακλήσεις.
1259 2361 1320 2399 Οὐχ
1341 2360 1433 2392 ἅπλῶς
1448 2359 1474 2389 δὲ
1491 2353 1565 2396 εἷπε,
1581 2358 1744 2397 Παθήματα,
1763 2353 1825 2385 ἀλλά,

1055 2417 1069 2434 α
1094 2406 1149 2435 Τοῦ
1178 2405 1310 2444 Χριστοῦ,
1336 2403 1382 2434 ἵνα
1406 2403 1452 2433 καὶ
1477 2403 1586 2434 αὐτόθεν
1612 2400 1825 2444 παραμυθῆσηταξι

1052 2452 1109 2480 Τοῦ
1135 2443 1252 2489 Χριστοῦ
1281 2463 1293 2475 ιι
1308 2448 1360 2489 γάρ
1378 2449 1436 2478 ἐστι
1461 2448 1611 2487 παθήματα
1626 2443 1708 2477 ταῦτα
1732 2446 1747 2475 ἃ
1765 2443 1825 2482 ἡμεῖς

1053 2495 1206 2534 πάσχομεν,
1235 2494 1281 2524 καὶ
1303 2493 1423 2524 κοινωνοὶ
1448 2493 1520 2534 αὖτῷ
1537 2493 1664 2534 γινόμεθα
1688 2493 1735 2521 τῶν
1756 2490 1823 2534 παθης

1055 2539 1158 2578 μάτων·
1183 2537 1252 2568 ὥστε
1285 2538 1396 2578 μεγίστη
1427 2549 1469 2568 σοι
1501 2538 1570 2568 ἔστω
1599 2537 1758 2578 παράκλησις
1789 2530 1822 2560 καὶ

1055 2584 1119 2614 αὐτὸ
1141 2586 1229 2620 τοῦτο,
1253 2583 1293 2613 ὅτι
1312 2583 1360 2617 τὰς
1383 2586 1430 2613 τοῦ
1446 2584 1564 2623 Χριστοῦ
1583 2583 1681 2624 θλίψεις
1694 2579 1822 2624 ὑφίσταξσαν

1056 2631 1157 2668 μᾶλλον
1184 2628 1221 2665 δὲ,
1245 2629 1294 2658 οὔκ
1316 2628 1419 2662 ἐκείνας
1445 2621 1537 2672 μένας,
1561 2621 1638 2658 ἄλλα
1657 2626 1701 2657 καὶ
1724 2621 1820 2672 ,πλείονε-

1061 2689 1073 2702 ι
1094 2674 1251 2714 Περισσεύει
1268 2684 1283 2702 n
1301 2673 1364 2714 γὰρ,
1381 2673 1457 2713 φησὶ,
1478 2684 1493 2702 ε
1509 2671 1543 2702 τὰ
1561 2674 1607 2702 τοῦ
1628 2671 1737 2714 Χριστοῦ
1756 2667 1822 2714 παθής

1057 2709 1143 2760 ματα.
1158 2720 1193 2752 εἰς
1215 2721 1294 2758 ἡμᾶς·
1307 2709 1482 2755 ἰι-τουτέστι,
1510 2717 1625 2748 Πλείονα
1647 2709 1683 2746 ὧν
1708 2714 1790 2760 ltiler
1811 2709 1820 2735 δ

1055 2755 1185 2806 Χριστὸς,
1201 2755 1352 2804 ποίσχομιν.
1363 2762 1525 2802 Αἷσθόμενος
1547 2761 1575 2792 δὲ
1590 2761 1682 2799 ἡλίκον
1694 2755 1821 2800 ἕφθέγξατυγ
