1867 3081
64 165 111 192 801

527 165 701 194 EXPOSITIO
721 167 754 194 IN
773 167 878 196 EPIST.
900 168 921 196 ll
940 169 986 196 AD
1004 169 1083 197 COR.
1103 184 1139 190 —
1157 171 1232 198 CAP.
1254 171 1273 198 l.

1649 175 1705 202 802

63 225 108 255 καὶ
136 225 178 255 ὅτι
205 224 287 264 μέγα,
316 225 397 256 πάλιν
432 226 572 257 συστέλλει
603 228 629 247 ⁴⁸
665 229 741 267 αὐτὸ,
770 229 855 268 λέγων
869 233 895 265 Α

948 231 1043 267 ιυίεηε,
1056 243 1067 257 ι
1077 239 1124 268 per
1135 232 1275 261 Christum
1283 232 1402 261 abundat
1411 235 1561 263 consolatio
1567 239 1662 264 nostra
1669 256 1676 263 .
1692 248 1705 260 -

67 283 79 296 σι
95 270 173 301 Οὕτω
208 269 250 299 διὰ
269 272 316 300 τοῦ
340 272 458 312 Χριστοῦ
480 272 631 312 περισσεύει
658 273 704 302 καὶ
728 275 746 309 ἡ
766 274 855 314 παροί-

63 316 153 351 κλησις
176 316 265 353 ἡμῶν.
289 327 306 344 ι
326 316 365 346 Τὸ
383 321 438 346 πᾶν
459 316 510 357 γὰρ
530 317 600 358 αὐτῷ
625 318 772 355 ἀνατίθησι.
800 318 856 349 Καὶ

63 360 91 389 οὗ
105 360 184 400 λέγει,
202 359 242 389 ὅτι
266 359 406 401 ἰσόμετρος
425 365 484 395 ταῖς
499 361 617 402 θλίψεσιν
637 364 654 398 ἡ
675 363 855 403 παράκλησις,

63 404 141 440 ἀλλὰ,
157 417 170 430 ι
197 405 372 444 Περισσεύει,
389 419 402 432 ι
423 405 470 435 καὶ
483 407 576 447 πολλῷ
596 407 693 446 μείζων
716 407 785 444 αὕτη
800 409 856 438 ἐστὶ

63 449 111 477 τῶν
127 448 253 489 θλίψεων.

104 507 116 520 οι
136 494 202 523 Εἴτε
227 493 370 534 θλιϐόμεθα
394 495 461 536 ὑπὲρ
485 497 533 532 τῆς
558 497 633 535 ὓμῶν
661 497 857 538 παρακλήσεως

64 537 105 568 καὶ
129 538 273 579 σωτηρίας.
303 550 319 568 li
355 539 408 570 Διὰ
434 543 525 577 τοῦτο,
551 543 642 581 φησὶν,
667 544 696 571 οὖ
723 544 762 572 δεῖ
788 543 857 581 ὑμᾶς

64 583 227 623 θορυϐεῖσθαι
253 583 296 613 ἐπὶ
318 589 376 619 ταῖς
401 585 505 626 θλίψεσί
527 597 590 624 μου,
621 586 686 615 διότι
717 587 783 627 ὓπὲρ
811 590 857 623 τῆς

63 629 133 665 ὑμῶν
153 628 289 668 σωτηρίας
312 629 358 658 καὶ
384 629 580 670 παρακλήσεως
602 631 758 669 θλιϐόμεθα.
776 631 856 667 Ἐξῆν

63 673 109 712 γὰρ
124 674 188 711 ἡμῖν
214 673 241 702 ἰν
269 673 402 715 ἀσφαλείᾳ
428 674 527 714 διάγειν
556 675 594 713 μὴ
619 675 788 716 κηρύσσουσι·
812 679 857 706 ν’ῠν

64 716 88 746 δὲ
114 717 300 757 κηρύσσοντες,
325 718 370 748 ἵνα
405 719 511 754 πάντως
537 721 605 758 ὑμᾶς
634 720 776 759 σώσωμεν,
811 721 857 750 καὶ

63 763 289 802 παρακαλέσωμεν
313 763 359 797 τὰς
379 764 467 804 ψυχὰς
486 765 560 803 ὐμῶν
583 765 626 794 διὰ
642 768 688 795 τοῦ
714 766 858 806 κηρύγμα-

63 817 112 846 τος,
137 807 183 836 καὶ
208 809 263 836 τῶν
284 808 402 838 ἐντεῦθεν
424 808 571 848 γινομένων
603 811 728 849 ἀγαθῶν,
754 811 858 850 θλίψεσι

65 850 269 891 περιπίπτομεν.
287 854 391 883 Οὐκοῦν
411 853 459 887 τὰς
484 853 583 895 θλίψεις
603 855 769 893 ὑπομένομεν
790 855 858 895 ὑπὲρ

63 898 106 932 τῆς
130 897 205 935 ὑμῶν
230 897 374 938 σωτηρίας·
403 899 449 928 καὶ
478 899 571 928 λοιπὸν
597 900 627 929 οὖ
651 900 693 929 δεῖ
715 902 784 938 ὑμᾶς
805 912 858 929 τα-

66 941 213 980 ράττεσθαι,

104 996 118 1014 σι
141 987 198 1023 Τῆς
218 987 408 1028 ἐνεργουμένης
432 988 459 1017 ιν
480 989 601 1028 ὕπομονῇ
627 989 680 1018 τῶν
699 989 786 1018 αὐτῶν
806 1001 858 1019 πα-

65 1030 193 1068 θημάτων,
221 1025 270 1060 ὧν
286 1025 338 1061 καὶ
367 1032 445 1070 ἡμεῖς
468 1025 620 1073 πάσχομεν.
648 1044 664 1062 n
681 1032 857 1074 Ἐνεργείται,

65 1074 150 1114 φησὶν,
175 1077 192 1111 ἡ
207 1075 332 1115 σωτηρία
348 1075 427 1113 αὕτη,
443 1077 474 1106 οὗ
497 1077 575 1115 μόνον
592 1077 637 1106 διὰ
659 1079 706 1114 τῆς
727 1078 858 1119 ἡμετέρας

65 1120 205 1158 ὑπομονῆς,
229 1119 301 1150 ἀλλὰ
328 1120 373 1150 καὶ
402 1121 446 1150 διὰ
471 1123 519 1157 τῆς
544 1122 684 1162 ὑμετέραςσ
710 1123 857 1160 τουτέστιν,

66 1164 120 1193 Οὐκ
145 1165 209 1202 ἐμοῦ
238 1165 319 1204 μόνου
343 1165 420 1205 ἔργον
445 1167 462 1202 ἡ
488 1167 605 1206 ὓμετίρα
631 1167 762 1207 σωτηρία,
789 1168 858 1198 ἀλλὰ

64 1209 105 1238 καὶ
125 1209 195 1248 ὑμῶν
222 1210 322 1240 αὐτῶν.
348 1207 456 1251 Ὥσπερ
477 1211 530 1250 γὰρ
554 1210 608 1250 ἐγὼ
640 1211 779 1252 κηρύττων
803 1212 859 1241 θλί-

66 1252 155 1292 ϐομαι,
179 1253 252 1284 οὕτω
276 1255 323 1284 καὶ
347 1256 423 1294 ὑμεῖς
448 1255 585 1295 δεχόμενοι
605 1256 636 1285 τὸ
661 1256 799 1295 κήρυγμα,
824 1257 858 1286 τὰ

64 1298 124 1327 αὐτὰ
144 1299 294 1337 παθήματα
320 1299 464 1339 ὑπομένετε
491 1300 508 1330 ἃ
523 1300 569 1330 καὶ
600 1300 663 1340 ἐγώ.
697 1301 807 1337 Πολλὴν
831 1301 858 1331 δὲ

66 1342 154 1382 ἀρετὴν
178 1344 269 1377 αὐτοῖς
294 1346 506 1385 προσμαρτυρεῖ,
533 1344 573 1374 ὅτι
600 1344 669 1384 μετὰ
701 1347 858 1387 πειρασμῶν

68 1387 180 1428 ἐδέχοντο
193 1388 225 1418 τὸ
242 1388 380 1429 κήρυγμα.

105 1443 120 1462 tt
134 1432 187 1463 Καὶ
203 1435 220 1469 ἡ
240 1433 315 1468 ἐλπὶς
329 1435 406 1472 ἡμῶν
424 1433 520 1474 βεϐαία
547 1434 615 1476 ὗπὲρ
630 1436 716 1473 ὑμῶν.
732 1445 748 1464 n
770 1436 859 1466 Τουτ-

67 1475 132 1514 έστι,
148 1478 310 1519 Θαῤῥοῗῖμεν
327 1479 366 1519 ἐφ’
382 1480 444 1518 ὓμῖν
472 1479 601 1519 βεϐαίως,
619 1480 658 1509 δτι
675 1481 704 1509 οὖ
727 1491 858 1520 περιτρα-

68 1522 175 1558 πήοεσθε
186 1523 257 1565 “imo
283 1525 337 1553 τῶν
363 1525 584 1565 προσπιπτόντων
611 1526 674 1564 ὓμῖν
691 1526 857 1565 πειρασμῶν·

908 276 960 312 Ipsi
973 276 1048 304 enim
1062 280 1153 305 totum
1175 276 1267 305 refert.
1290 278 1348 306 Nec
1366 276 1435 306 dicit
1447 278 1523 314 quod
1546 280 1704 308 consolatio

907 320 1071 350 afﬂictiones
1098 322 1257 358 zequiparet,
1288 329 1395 357 verum,
1415 322 1547 352 exuberat
1571 328 1599 352 et
1623 324 1705 361 longe

909 366 1001 402 major
1015 370 1057 395 est
1073 366 1138 403 ipsis
1151 366 1356 396 afﬂictionibus.

946 494 1028 522 Vsas.
1061 495 1091 522 6.
1121 494 1184 523 Sive
1211 499 1305 523 autem
1332 495 1507 529 tribulamur,
1536 504 1586 532 pro
1619 501 1708 527 vestra

910 538 1097 566 consolatione
1124 546 1156 567 ac
1183 539 1280 567 salute.
1306 551 1318 564 ι
1342 541 1499 576 Propterea,
1531 541 1629 577 inquit,
1651 550 1708 570 non

910 587 1017 619 oportet
1038 591 1087 612 vos
1109 583 1214 612 turbari
1235 584 1272 613 ob
1295 592 1387 612 meam
1410 585 1588 614 al'ﬂictionem
1615 595 1623 614 :
1642 593 1708 615 nam

911 635 961 663 pro
974 632 1064 656 vestra
1079 629 1265 657 consolatione
1281 634 1308 657 et
1319 629 1408 658 salute
1421 630 1582 666 afﬂigimur.
1599 631 1710 659 Potuis»

910 679 1003 701 semus
1016 673 1090 701 enim
1115 681 1166 702 nos
1192 674 1222 702 in
1235 678 1296 702 tuto
1319 682 1411 710 agere,
1435 675 1457 703 si
1477 682 1534 703 non
1545 675 1709 711 prmdicare-

911 724 974 746 mus
987 727 994 745 :
1009 726 1083 746 nunc
1094 722 1187 747 autem
1202 727 1265 747 cum
1279 719 1471 755 praedicamus,
1485 724 1516 748 ut
1530 720 1644 748 omnino
1661 728 1709 748 vos

911 762 1001 791 salvos
1039 762 1177 797 faciamus,
1208 765 1435 800 consolemurque
1466 764 1574 792 animas
1606 769 1709 793 vestras

913 815 962 843 per
976 807 1213 843 praedicationem,
1229 813 1256 836 et
1276 817 1325 845 per
1341 809 1404 838 inde
1423 810 1560 837 nascentia
1583 809 1667 842 bona,
1681 810 1710 838 in

913 852 1103 881 tribulationes
1124 853 1279 882 incidimus.
1300 855 1396 890 Itaque
1414 853 1577 882 afﬂictiones
1589 855 1714 883 sustine-

913 904 976 925 mus
998 905 1048 933 pro
1071 902 1164 926 vestra
1192 898 1290 927 salute.
1312 897 1433 927 Proinde
1452 906 1510 927 non
1525 903 1568 927 est
1587 899 1661 935 quod
1681 899 1708 927 in

911 944 1053 977 posterum
1071 942 1226 971 turbemini.

950 995 965 1013 α
980 987 1048 1022 Quae
1061 986 1182 1016 efﬁcitur
1193 987 1222 1015 in
1236 988 1363 1024 patientia
1377 987 1536 1017 earumdem
1550 989 1708 1025 passionum

913 1038 982 1067 quas
995 1035 1022 1059 et
1043 1039 1096 1060 nos
1111 1032 1240 1068 patimur.
1257 1044 1270 1057 ι
1284 1032 1423 1067 Efﬁcitur,
1444 1033 1544 1069 inquit,
1570 1034 1644 1062 salus
1657 1035 1709 1063 ista

913 1082 970 1104 non
988 1080 1097 1105 tantum
1109 1084 1156 1112 per
1172 1081 1298 1106 nostram
1309 1078 1477 1113 patientiam,
1492 1077 1541 1106 sed
1561 1078 1646 1107 etiam
1661 1087 1710 1115 per

913 1125 1031 1149 vestram
1051 1131 1057 1149 :
1077 1121 1130 1150 hoc
1149 1125 1202 1157 est,
1223 1130 1280 1151 non
1300 1123 1355 1150 mei
1375 1122 1462 1151 solius
1480 1130 1550 1159 opus
1575 1127 1617 1151 est
1634 1123 1709 1152 salus

913 1169 1011 1200 vestra,
1026 1165 1074 1194 sed
1089 1170 1117 1194 et
1135 1167 1219 1195 vestri
1237 1167 1373 1204 ipsorum.
1398 1168 1432 1195 Ut
1449 1167 1522 1196 enim
1537 1175 1588 1204 ego
1609 1168 1709 1204 praedi-

913 1217 979 1238 cans
1005 1211 1121 1239 verbum
1148 1211 1269 1248 afﬂigor,
1296 1212 1336 1241 sic
1360 1216 1388 1240 et
1412 1220 1460 1241 vos
1487 1212 1709 1249 praedicationem

913 1255 1101 1291 suscipientes,
1126 1256 1237 1285 easdem
1258 1257 1447 1286 tribulationes
1470 1257 1613 1286 sustinetis
1639 1266 1709 1295 quas

912 1304 939 1328 et
952 1307 1011 1336 ego.
1034 1300 1117 1329 Haud
1138 1301 1245 1338 exigua:
1266 1307 1357 1330 autem
1373 1303 1499 1338 ipsorum
1521 1302 1616 1331 virtuti
1636 1303 1708 1332 testi-

912 1345 1038 1373 monium
1051 1345 1130 1381 dicit,
1144 1346 1219 1382 quod
1231 1354 1296 1375 cum
1317 1347 1516 1375 tentationibus
1537 1347 1709 1384 praedicatio-

912 1396 977 1417 nem
996 1389 1160 1426 reciperent.

949 1443 964 1461 ι(
983 1436 1019 1463 Et
1032 1443 1094 1471 spes
1106 1440 1201 1465 nostra
1216 1436 1296 1464 ﬁrma
1315 1440 1358 1465 est
1374 1444 1426 1473 pro
1446 1437 1533 1466 vobis.
1550 1449 1563 1462 ι-
1581 1438 1642 1466 Hoc
1655 1442 1708 1472 est,

914 1478 1028 1508 firmiter
1049 1479 1083 1508 de
1097 1481 1177 1509 vobis
1200 1481 1376 1515 conﬁdimus,
1397 1481 1473 1518 quod
1493 1481 1529 1510 ob
1543 1481 1710 1510 afﬂictiones

912 1523 1058 1553 adversum
1093 1533 1142 1554 vos
1174 1525 1343 1562 iugruentes,
1372 1534 1430 1554 non
1453 1527 1673 1555 immutabimini
1700 1536 1706 1554 :

67 1568 150 1608 πολλῷ
172 1563 216 1597 οὖν
242 1569 344 1607 μᾶλλον
369 1563 399 1598 οὗ
423 1563 689 1611 ταραχθήσεσθεγὲᾅ
713 1563 752 1604 οἷς
778 1566 891 1610 ὁρᾶτεο

948 1568 998 1597 11ῐο
1016 1570 1097 1606 igitur
1118 1570 1209 1598 minus
1223 1570 1373 1599 turbamini
1392 1571 1428 1599 ob
1447 1579 1479 1600 ea
1501 1579 1564 1608 quae
1577 1579 1627 1600 nos
1650 1571 1709 1608 pati

67 1612 131 1648 ἡμᾶς
147 1612 313 1652 πάσχοντας,

104 1667 119 1683 ι
141 1657 204 1687 Εἴτε
224 1657 453 1697 παρακαλούμεθα
479 1658 545 1699 ὑπὲρ
559 1660 606 1694 τῆς
621 1659 694 1698 ὑμῶν
710 1659 854 1700 παρακλή-

68 1710 126 1733 σεως
147 1702 191 1731 καὶ
206 1701 351 1742 σωτηρίας.
368 1713 383 1731 ι)
404 1702 497 1732 Εἰπὼν
513 1704 655 1744 ἀνωτέρω,
671 1703 712 1734 ὅτι
731 1704 773 1734 Δι’
788 1705 856 1742 ὑμᾶς

68 1744 202 1784 θλιϐόμεθα
215 1746 255 1783 ‘9,
273 1745 316 1775 ἵνα
332 1747 369 1786 μὴ
386 1746 447 1786 δόξῃ
464 1747 532 1787 βαρύ
552 1760 578 1777 τι
601 1749 696 1785 εἰπεῖν,
711 1749 783 1788 λέγει
798 1751 855 1786 νῦν,

68 1787 103 1818 ὅτι
125 1790 179 1820 Καὶ
209 1791 245 1820 δι’
271 1792 340 1830 ὑμᾶς
376 1792 614 1832 παρακαλούμετα·
640 1787 790 1830 τουτέστιν,
819 1793 857 1824 Η(

66 1833 176 1878 ᾔμετίρα
213 1835 383 1875 παράκλησις
411 1836 527 1877 ὑμετέρα
561 1837 711 1878 παραψυχὴ
743 1837 854 1877 γίνεται.

68 1876 126 1907 Ἐὰν
147 1879 199 1920 γὰρ
223 1880 319 1920 μικρὸν
345 1876 552 1920 ἀναπνεύσωμεν
578 1876 765 1922 ἡμεῖξίᾶρκέῖ
779 1884 858 1912 τοῦτο

69 1923 101 1956 εἰς
122 1924 293 1964 παραμυθίαν
328 1925 402 1964 ὓμῖν.
435 1927 593 1956 Κοινωνεῖτε
627 1926 679 1967 γὰρ
715 1928 777 1966 ὑμῖν
810 1929 858 1964 τῆς

69 1967 164 2004 ἡδονῆς-

106 2023 119 2042 (
137 2014 244 2048 Εῖδότες
267 2013 308 2044 ὅτι
331 2014 423 2056 ὥσπερ
442 2016 563 2046 κοινωνοί
588 2017 647 2046 ἐστε
661 2017 714 2046 τῶν
730 2016 857 2056 μαθημά-

69 2067 131 2096 των,
148 2057 214 2087 οὸτω
233 2058 279 2088 καὶ
301 2061 349 2095 τῆς
372 2059 566 2100 παρακλήσεως
589 2062 675 2099 ἡμῶν.
703 2074 715 2088 ι
735 2060 858 2102 1Ὠσπερ,

70 2102 138 2141 φησὶ,
155 2103 323 2143 διωκομένων
345 2106 424 2142 ἡμῶν
450 2106 571 2144 ἀλγεῖτε,
596 2107 631 2140 ὥς
647 2105 721 2136 αὐτοὶ
736 2108 859 2146 πάσχον-

69 2156 106 2180 τες
129 2150 212 2178 τοῦτο·
235 2148 317 2183 οὕτως
343 2149 437 2189 ἴσμεν,
460 2151 501 2180 ὅτι
526 2151 572 2180 καὶ
598 2151 859 2191 παρακαλουμένοιν,

71 2190 137 2222 αὖτοὶ
149 2195 195 2230 τῆς
214 2194 411 2234 παρακλήσεως
426 2194 569 2225 ἀπολαύειν
584 2196 713 2234 νομίζετε.

107 2329 173 2360 «οὗ
193 2329 246 2371 γὰρ
274 2330 382 2369 θέλομεν
402 2331 471 2369 ὓμᾶς
498 2332 618 2371 ἀγνοεῖν,
643 2331 762 2371 ἀδελφοὶ,
792 2331 857 2371 ὑπὲρ

69 2371 110 2406 τ’ἤς
126 2373 235 2413 θλίψεως
259 2377 306 2411 τῆς
329 2375 472 2414 γενομένης
496 2378 562 2415 ἡμῖν
589 2377 615 2406 ἐν
704 2375 796 2417 Ἀσίᾳ,
818 2376 857 2405 ὅτι

70 2418 122 2461 uti?
147 2418 298 2459 ὗπερϐοὴὴν
325 2419 508 2460 ἐϐαρύνθημεν
533 2419 600 2461 ὑπὲρ
626 2420 755 2459 δύναμιν,
788 2420 857 2450 ὥστε

71 2459 254 2506 {Summam
283 2466 355 2502 ἡμᾶς
376 2459 422 2494 καὶ
437 2467 483 2495 τοῦ
500 2467 558 2506 ζῇν,
576 2459 591 2491 ιε
615 2464 730 2501 Ἐπειδὴ
756 2466 853 2505 ἀπροσ-

71 2504 194 2550 διορίστως
219 2509 331 2549 θλίψεως
356 2509 502 2550 ἐμέμνητο,
519 2504 576 2540 ’νῦν
601 2509 673 2550 λέγει
702 2510 740 2550 ²⁰,
765 2504 852 2544 ποίας.

72 2549 116 2579 Διὰ
134 2552 226 2595 τούτου
250 2552 277 2583 δὲ
301 2555 347 2584 καὶ
362 2554 412 2591 τὴν
427 2549 602 2595 πρὸςναύτοὺς
624 2549 731 2595 ἆγάπην
752 2554 856 2584 δείκνυ-

72 2603 117 2625 σιν.
132 2594 245 2636 Ἀγάπης
258 2597 310 2640 γὰρ
331 2598 361 2629 τὸ
385 2599 419 2628 τὰ
434 2594 621 2638 συμπίπτοντα
644 2600 767 2636 ἀλλήλοις
787 2602 854 2629 ἀπο-

73 2643 186 2686 ψμγῷνδ
205 2643 251 2673 καὶ
276 2644 333 2683 ἅμα
360 2644 406 2674 καὶ
428 2644 572 2684 ἀπολογίαν
594 2645 697 2686 ὑφαίνει
721 2644 788 2685 ὑπὲρ
809 2647 856 2681 τῆς

75 2683 234 2723 βραδύτητος.
260 2687 307 2719 Ἐν
331 2690 364 2729 τῇ
385 2689 460 2731 Ἀσίᾳ
485 2689 514 2720 δέ
535 2683 622 2730 φησιν’
642 2690 713 2730 αὐτῷ
735 2683 855 2729 γενέσθαι

909 1613 1031 1644 cernitis.

950 1670 964 1683 ι
991 1659 1054 1687 Sive
1087 1659 1305 1689 consolationem
1337 1660 1488 1697 accipimus
1532 1668 1583 1697 pro
1618 1664 1708 1688 vestra

911 1704 1099 1732 consolatione
1119 1709 1147 1732 et
1163 1705 1263 1734 salute.
1286 1716 1300 1730 ι»
1323 1706 1395 1741 Quia
1407 1705 1514 1734 dixerat
1532 1713 1624 1742 supra,
1640 1706 1710 1733 Pro-

912 1752 972 1784 pter
1002 1757 1050 1777 vos
1078 1749 1240 1786 afﬂigimur,
1270 1758 1305 1778 ne
1326 1750 1454 1778 videatur
1476 1758 1557 1787 grave
1580 1749 1709 1786 quiddam

912 1793 1015 1828 dicere,
1031 1794 1071 1822 ait
1080 1794 1153 1830 jam,
1168 1795 1205 1822 Et
1218 1799 1330 1830 propter
1346 1802 1394 1822 vos
1407 1795 1623 1823 consolationem
1635 1795 1710 1822 acci—

912 1837 1012 1873 pimus,
1035 1838 1063 1866 id
1086 1843 1140 1872 est,
1161 1842 1256 1867 nostra
1276 1838 1428 1867 consolatio
1442 1843 1531 1866 vestra
1546 1843 1588 1867 est
1602 1838 1710 1867 refocil-

911 1882 987 1910 latio.
1003 1883 1032 1910 Si
1047 1883 1121 1910 enim
1143 1891 1242 1919 parum
1255 1890 1306 1910 nos
1326 1882 1561 1918 respiraverimus,
1577 1883 1644 1911 satis
1656 1882 1710 1911 hoc

911 1931 954 1955 est
985 1927 1020 1955 ad
1037 1927 1257 1955 consolationem
1270 1926 1356 1956 vobis.
1374 1927 1551 1963 Voluptatem
1564 1927 1637 1956 enim
1658 1935 1708 1956 no-

911 1971 1019 2000 biscum
1031 1972 1212 2008 participatis.

947 2018 1036 2046 Vsus.
1059 2020 1086 2045 1.
1111 2028 1125 2042 ι
1150 2017 1274 2046 Scientes
1290 2017 1366 2054 quod
1386 2016 1622 2053 quemadmodum
1640 2017 1708 2046 estis

912 2062 1056 2098 participes
1070 2062 1262 2096 afﬂictionum,
1273 2062 1311 2090 sic
1323 2066 1350 2090 et
1361 2062 1555 2090 consolationis
1565 2065 1678 2090 nostrae.
1694 2073 1707 2086 ιι

912 2106 1167 2143 Quemadmodum,
1197 2107 1298 2143 inquit,
1321 2106 1388 2135 dum
1408 2114 1460 2135 nos
1487 2106 1707 2143 persecutionem

913 2152 1044 2188 patimur,
1067 2160 1117 2181 vos
1139 2152 1246 2186 doletis,
1267 2155 1398 2188 tanquam
1420 2151 1494 2180 istud
1514 2159 1563 2179 vos
1583 2151 1634 2187 ipsi
1658 2159 1710 2187 pa-

871 2217 896 2248 n
913 2197 1038 2226 teremini
1062 2207 1068 2225 :
1099 2197 1139 2225 sic
1163 2197 1277 2231 scimus,
1301 2197 1378 2234 quod
1401 2204 1466 2225 cum
1489 2196 1710 2225 consolationem

913 2243 1091 2279 accipiamus,
1113 2249 1162 2271 vos
1188 2250 1249 2270 eam
1271 2241 1488 2271 consolationem
1510 2244 1629 2270 vestram
1649 2248 1710 2269 esse

912 2287 1021 2316 ducitis.

949 2331 1034 2369 244.
1047 2333 1134 2361 Vsns.
1146 2334 1172 2360 8.
1186 2342 1199 2356 ιι
1214 2333 1275 2360 Non
1288 2331 1363 2360 enim
1372 2331 1500 2360 volumus
1508 2338 1557 2359 vos
1572 2331 1710 2367 ignorare,

914 2377 1024 2412 fratres,
1038 2376 1073 2405 de
1091 2376 1270 2405 tribulatione
1283 2383 1346 2412 quae
1353 2376 1432 2404 nobis
1442 2375 1513 2404 facta
1527 2380 1569 2404 est
1584 2376 1613 2404 in
1626 2376 1708 2405 Asia:

913 2422 1043 2459 quoniam
1068 2429 1151 2458 supra
1181 2421 1298 2450 modum
1330 2421 1433 2458 gravati
1462 2428 1560 2450 sumus
1580 2424 1608 2449 et
1628 2429 1709 2457 supra

912 2468 993 2502 vires,
1020 2467 1058 2495 ita
1079 2471 1110 2495 ut
1131 2474 1183 2495 nos
1206 2466 1417 2502 desperavimus
1440 2466 1524 2494 etiam
1545 2465 1579 2494 de
1601 2466 1667 2494 vita.
1697 2477 1708 2490 ιι

913 2512 985 2547 Quia
1009 2511 1153 2539 indefinite
1181 2510 1338 2539 afﬂictionis
1367 2511 1540 2544 meminerat,
1570 2510 1710 2546 speciatim

908 2557 966 2593 jam
980 2556 1068 2593 qualis
1087 2556 1172 2585 fuerit
1194 2556 1321 2592 explicat.
1336 2555 1506 2585 Charitatem
1518 2559 1610 2583 autem
1631 2562 1711 2582 suam

910 2610 960 2638 per
980 2602 1033 2630 hoc
1054 2601 1167 2630 indicat.
1189 2601 1336 2630 Charitatis
1358 2601 1432 2629 enim
1446 2605 1497 2635 est,
1514 2608 1545 2628 ea
1567 2607 1630 2635 quae
1643 2598 1711 2626 acci-

910 2646 1012 2682 derint,
1035 2651 1133 2675 mutuo
1157 2646 1319 2683 patefacere.
1342 2645 1430 2674 Simul
1444 2649 1536 2673 autem
1555 2642 1712 2680 apologiam

910 2692 980 2720 texit
1001 2699 1050 2728 pro
1073 2691 1203 2720 tarditate
1226 2699 1283 2720 sua.
1305 2691 1344 2725 ,In
1374 2690 1439 2718 Asia
1464 2693 1558 2718 autem
1580 2687 1710 2724 obtigisse

750 2769 844 2800 Varia:
866 2769 1016 2799 lectiones.

106 2826 128 2846 ¹³
142 2827 282 2859 ἀναστέλλει
295 2839 322 2860 ο.
362 2832 382 2850 ¹⁹
398 2833 516 2869 θλίϐομαι
530 2841 557 2861 ο.
596 2833 618 2850 ⁸ο
641 2833 790 2869 μνημονεύει
802 2841 829 2862 0.
