1867 3081
197 194 248 220 799

704 190 959 220 THEOPHYLACTI
979 189 1156 217 BULGARIE
1174 188 1332 217 ARCHIEP.

1778 191 1818 218 800

196 254 261 284 dem
272 259 301 284 et
315 254 399 284 unius
416 254 528 289 Christi,
542 254 697 284 secundum
716 254 916 283 humanitatem
929 253 987 290 qui-

1060 253 1178 293 ἰριστοῦ,
1201 252 1272 282 κατὰ
1298 251 1346 291 μὲν
1363 252 1394 282 τὸ
1421 251 1595 293 ἀνθρώπινον,
1618 252 1697 287 Qui"
1719 252 1780 283 κατὰ
1798 253 1818 283 at

196 300 262 330 dem
280 302 371 334 Deus;
392 300 548 329 secundum
568 308 633 329 vero
651 300 832 333 divinitatem,
848 301 938 327 Pater.

235 356 249 370 ι
263 347 345 374 Pater
366 345 633 378 misericordiarum,
647 353 679 374 ac
701 348 776 374 Deus
791 345 876 373 totius
895 351 994 372 conso-

202 390 324 419 lationis.
352 402 365 415 ι
381 391 443 419 Hoc
465 395 518 425 est,
533 390 581 427 qui
594 395 636 419 tot
648 394 793 427 tantasque
804 389 994 418 miserationes

199 435 335 470 exhibuit,
351 439 383 464 ut
403 443 438 464 ex
459 435 524 472 ipsis
545 443 596 464 nos
612 435 711 464 mortis
734 435 820 471 portis
842 434 992 468 reduxerit,

198 488 231 509 ac
245 480 374 517 dignatus
389 481 426 509 sit
437 488 490 509 nos
505 481 579 509 omni
591 481 778 509 consolatione
796 481 824 508 in
835 479 993 508 afﬂictioni-

199 525 262 554 bus.
287 525 462 554 Consuetudo
475 529 568 554 autem
583 530 642 553 erat
655 526 766 560 sanctis,
790 527 879 553 Deum
893 533 926 553 ex
948 524 994 552 be-

197 570 304 599 neﬁciis
327 577 389 607 quae
419 570 454 599 ab
483 578 516 599 eo
537 570 717 606 accipiebant,
740 570 883 598 nominare
908 578 915 598 :
943 577 993 606 pro

199 614 309 644 victoria
335 614 447 652 quidem
473 615 502 644 in
535 614 619 644 bello.
644 626 658 640 ι
684 615 804 652 Diligam
830 619 868 650 te,
892 615 991 650 inquit,

202 671 214 684 -
223 659 354 694 Domine,
364 659 550 688 roburmeum
560 665 570 678 ·
585 669 593 688 :
606 671 619 685 ι
633 664 669 695 et,
682 672 695 685 1
708 660 843 688 Dominus
854 663 994 696 protector

199 712 277 734 meus
299 704 325 734 ά.
339 716 352 730 ιν
365 706 437 738 Cum
458 713 522 733 vero
537 713 552 733 a
565 705 684 742 caligine
700 709 728 733 et
742 705 934 733 obscuratione
953 713 994 732 ra-

199 749 293 783 tionis,
317 754 345 778 et
366 758 382 778 a
405 758 524 779 maerore
546 751 631 786 erepti
651 750 757 778 fuerint
779 759 786 777 ι
814 759 829 776 (ι
857 750 995 778 Dominus

199 794 368 823 illuminatio
382 803 442 823 mea
467 799 487 823 °.
513 805 526 822 υ
554 796 636 824 Haud
650 795 777 824 dissimili
793 795 897 823 ratione
921 803 994 822 nunc

200 847 311 876 quoque
320 841 421 868 Paulus
431 851 443 865 ι
455 842 566 869 Patrem
576 840 799 874 miscrationum,
812 852 824 863 ι
839 848 871 868 ac
883 851 895 864 α
905 841 994 868 Deum

199 885 395 914 consolationis
406 897 418 911 ι
433 886 523 922 ipsum
533 885 668 919 nominat,
682 885 716 914 ab
731 885 868 913 accidente
879 885 992 913 scilicet.

200 929 270 958 Vide
283 934 377 958 autem
394 931 453 966 ejus
473 931 671 959 humilitatem.
694 930 836 966 Siquidem
857 934 967 966 ereptus
981 938 994 957 τ.
1016 929 1035 959 1!

200 975 394 1004 tentationibus
418 976 518 1012 quibus
542 975 577 1004 ob
611 976 749 1012 Evangelii
773 975 997 1011 praedicationem

200 1020 395 1056 excipiebatur,
409 1028 467 1048 non
479 1020 555 1054 dicit,
571 1022 623 1048 Pro
633 1020 765 1057 dignitate
780 1021 908 1049 liberatus
922 1028 994 1054 sum,

200 1069 332 1094 caeterum
346 1072 395 1101 per
407 1065 600 1093 miserationes
614 1065 676 1093 Dei.

236 1110 329 1138 Vns.
354 1112 379 1136 4.
400 1110 451 1145 Qui
474 1110 631 1138 consolatur
649 1117 700 1138 nos
727 1110 755 1137 in
781 1110 857 1137 omni
881 1109 996 1137 tribula-

201 1154 275 1182 tione
285 1158 386 1182 nostra.
405 1166 418 1179 ι
434 1156 497 1183 Non
514 1155 592 1189 dixit,
608 1154 660 1189 Qui
674 1162 729 1182 non
744 1154 810 1182 sinit
832 1161 884 1182 nos
899 1153 996 1190 afﬂigi,

202 1199 260 1233 sed,
281 1199 333 1234 Qui
354 1199 514 1228 consolatur
528 1207 579 1228 nos
593 1199 621 1227 in
637 1199 793 1227 afﬂictione.
813 1210 826 1224 ι
843 1199 914 1227 Sinit
925 1199 997 1227 enim

201 1252 253 1272 nos
265 1244 361 1281 afﬂigi,
377 1249 408 1272 ut
421 1253 470 1280 per
485 1244 647 1280 patientiam
658 1244 814 1272 mercedem
827 1243 995 1272 habeamus:

201 1293 230 1317 et
252 1289 363 1325 quando
385 1297 435 1318 nos
462 1290 585 1318 labantes
609 1289 717 1323 viderit,
742 1289 901 1317 consolatur
919 1297 970 1316 nos
991 1298 997 1315 :

202 1334 284 1371 idque
299 1342 407 1371 semper
422 1333 492 1362 facit.
510 1335 631 1371 Ideoque
645 1335 746 1362 Paulus
761 1342 817 1362 non
839 1333 918 1368 dixit,
946 1333 998 1368 Qui

202 1379 360 1408 consolatus
383 1384 425 1407 est
446 1381 542 1414 semel,
562 1379 622 1413 sed,
639 1390 652 1404 α
670 1379 722 1415 Qui
737 1379 904 1413 consolatur,
920 1390 932 1402 ι
948 1378 1001 1405 hoc

203 1429 254 1457 est,
275 1432 393 1461 semper.
414 1425 476 1452 Non
500 1424 527 1452 in
547 1424 600 1453 hac
623 1424 664 1452 vel
688 1424 734 1452 illa
755 1423 916 1458 afﬂictione,
940 1422 1000 1457 sed,

206 1481 219 1494 ιι
236 1470 265 1498 in
279 1471 368 1498 omni.
387 1482 399 1494 ιι

242 1527 255 1540 ι
274 1516 316 1544 Ut
328 1515 466 1551 possimus
474 1522 525 1542 nos
535 1513 672 1542 consolari
685 1521 733 1541 eos
748 1513 796 1550 qui
811 1517 876 1541 sunt
887 1513 915 1541 in
926 1513 1002 1541 omni

204 1559 365 1593 afﬂictione,
381 1568 431 1596 per
453 1559 673 1587 consolationem
691 1566 745 1594 qua
759 1558 887 1594 nosipsos
900 1566 999 1586 conso-

1020 1588 1027 1607 l’

205 1605 277 1632 latur
288 1606 372 1632 Deus.
390 1616 404 1628 ν
426 1605 488 1631 Non
500 1603 572 1639 quod
588 1603 661 1639 digni
677 1603 775 1637 simus,
791 1603 891 1639 inquit,
905 1610 1001 1630 conso-
1020 1603 1043 1615 "‘

206 1649 339 1677 lationem
355 1648 490 1684 accipere,
504 1652 647 1684 propterea
665 1649 825 1676 consolatur
836 1655 886 1676 nos
901 1649 975 1676 Deus
994 1658 1000 1676 ε

206 1701 301 1722 verum
314 1698 344 1722 ut
360 1693 395 1721 ab
408 1694 535 1729 exemplo
552 1692 752 1721 consolationis
765 1701 827 1729 quae
840 1692 910 1721 mihi
924 1693 1004 1721 obve-

207 1738 261 1773 nit,
287 1738 354 1766 alios
380 1738 462 1766 etiam
492 1738 627 1766 consolari
657 1737 772 1770 valeam,
798 1738 820 1765 si
844 1737 953 1773 quando
974 1738 1003 1766 in

207 1783 404 1811 tentationibus
428 1782 537 1811 fuerint.
557 1782 676 1811 Proinde
689 1786 718 1811 et
741 1790 789 1811 vos
806 1783 1004 1819 conspicientes

207 1836 251 1856 me
261 1827 330 1857 adeo
345 1828 544 1861 confortatum,
556 1828 585 1856 in
597 1827 789 1856 afﬂictionibus
805 1827 902 1856 vestris
914 1828 1004 1856 animo

207 1881 242 1902 ne
266 1873 426 1902 concidatis.
450 1875 503 1902 Per
532 1872 586 1901 hoc
611 1877 704 1901 autem
725 1873 915 1908 apostolorum
936 1880 1005 1908 opus

210 1918 319 1953 indicat,
335 1926 445 1954 nempe,
473 1918 547 1954 quod
566 1917 712 1946 constituti
731 1921 795 1945 sunt
818 1921 850 1945 ut
878 1917 947 1945 alios
969 1917 1005 1945 ad

209 1968 350 1991 certamen
365 1963 448 1991 veluti
470 1963 608 1998 iuungant
621 1966 650 1990 et
663 1962 780 1990 excitent
795 1972 802 1990 :
814 1966 841 1990 et
851 1961 926 1998 quod
938 1970 1003 1995 non,

210 2008 322 2044 perinde
338 2016 370 2036 ac
382 2007 601 2044 pseudapostoli,
614 2006 720 2035 deliciis
731 2006 871 2040 studeant,
886 2014 918 2034 ac
928 2006 1005 2034 domi

208 2053 377 2086 desidentes,
394 2052 535 2088 negligent
555 2059 602 2080 eos
615 2051 661 2088 qui
682 2051 871 2080 consolatione
891 2055 918 2079 et
932 2051 1005 2079 exci-

209 2097 314 2125 tatione
338 2103 407 2132 opus
425 2096 540 2124 habent.

245 2143 335 2169 Vsus.
363 2144 391 2169 5.
424 2152 438 2166 α
454 2140 592 2177 Quoniam
611 2140 681 2169 sicut
699 2140 843 2168 abundant
866 2141 1006 2176 passiones

209 2186 311 2215 Christi
323 2186 352 2214 in
362 2185 452 2219 nobis,
466 2186 502 2213 ita
522 2193 570 2221 per
580 2185 721 2214 Christum
734 2185 854 2214 abundat
867 2189 896 2214 et
909 2193 1005 2214 conso-
1022 2220 1025 2222 η

211 2231 278 2260 latio
287 2235 390 2260 nostra.
408 2242 421 2256 ι
437 2231 480 2259 Ne
491 2230 659 2267 despondeas
668 2230 920 2267 animumquisquis
927 2231 1004 2258 audis
1020 2224 1024 2237 ³

210 2276 374 2304 afﬂictiones
385 2280 414 2304 et
424 2275 507 2308 mala,
523 2275 613 2312 inquit
624 2285 631 2303 :
647 2279 750 2312 quanto
760 2276 836 2303 enim
846 2276 898 2304 ista
907 2275 1008 2304 exube-

214 2325 287 2355 rant,
301 2325 379 2349 tanto
392 2320 764 2349 exuberantconsolationes.
777 2321 840 2349 Non
849 2321 1010 2357 simpliciter

211 2369 305 2395 autem
317 2365 396 2399 dixit,
412 2376 426 2390 ι
448 2365 598 2402 passiones,
616 2377 629 2390 ν
647 2365 707 2400 sed,
725 2377 737 2391 σι
753 2366 852 2394 Christi
868 2375 874 2394 :
898 2377 911 2391 ιι
925 2370 956 2393 ιιι
968 2365 1009 2393 vel

214 2410 279 2439 inde
289 2410 417 2439 animum
431 2410 579 2439 Corinthiis
593 2410 677 2447 25.3
690 2410 783 2439 addat.
805 2411 903 2439 Christi
924 2411 1009 2445 enim,

213 2455 312 2492 inquit,
325 2455 465 2492 passiones
473 2460 539 2484 sunt
548 2456 608 2484 ista
617 2464 684 2491 quas
701 2464 752 2484 nos
763 2455 894 2492 patimur,
905 2463 1010 2491 nosque

216 2500 352 2529 efﬁcimur
381 2501 526 2537 participes
558 2500 741 2529 afﬂictionum
781 2500 875 2536 ipsius.
909 2501 1010 2535 Quare,

213 2553 326 2574 summo
333 2545 408 2574 istud
416 2546 453 2574 sit
469 2545 520 2573 tibi
529 2545 639 2580 solatio,
654 2545 730 2582 quod
740 2545 840 2573 Christi
851 2544 1013 2574 afﬂictiones

217 2591 354 2619 sustineas
379 2600 386 2618 :
407 2590 463 2618 imo
486 2597 552 2618 vero
568 2597 624 2617 non
639 2590 698 2618 illas
716 2590 801 2625 solas,
815 2598 913 2618 verum
928 2590 1013 2618 etiam

213 2635 316 2673 plures.
339 2647 352 2660 ι
376 2635 525 2664 Abundant
547 2646 560 2659 α
575 2634 660 2669 enim,
691 2635 806 2675 inquit,'
826 2647 840 2660 α
871 2635 1014 2671 passiones

212 2680 312 2710 Christi
323 2681 353 2708 in
365 2680 455 2716 nobis,
472 2691 486 2705 ι
502 2680 555 2709 hoc
569 2683 622 2714 est,
636 2680 728 2717 plures
743 2679 915 2717 perferimus,
930 2688 1014 2716 quam

213 2725 338 2754 Christus
361 2725 516 2762 pertulerit.
550 2725 678 2754 Sentiens
704 2730 798 2755 autem
823 2730 959 2762 quantum
987 2730 1015 2754 et

213 2779 297 2807 quam
309 2778 444 2807 magnum
451 2770 570 2806 dixerat,
579 2778 676 2800 rursus
685 2771 754 2800 illud
762 2770 901 2807 reprimit,
916 2782 929 2795 ι
950 2771 995 2798 Sic
1005 2792 1012 2806 ,

260 2852 353 2881 °Psal.
368 2860 448 2887 xvn,
464 2854 488 2880 l.
525 2847 539 2869 ἀ
550 2852 622 2881 Psal.
640 2860 728 2887 χχιιι,
740 2855 764 2880 2.
802 2855 813 2869 ε
824 2852 893 2881 Psal.
908 2860 1000 2887 χχιιι,
1017 2855 1046 2884 ιι

1046 297 1094 334 τὴν
1107 297 1232 334 θεότητα,
1249 297 1356 338 Πατήρ.

1091 353 1107 372 α
1121 342 1156 372 c0
1171 341 1268 383 Πατὴρ
1289 345 1342 372 τῶν
1359 344 1518 383 οἰκτιρμῶν,
1534 343 1580 373 καὶ
1595 342 1665 376 Θεὸς
1685 342 1767 379 πάσης
1779 354 1819 371 πα-

1048 388 1211 427 ρακλήσεως.
1238 398 1254 416 ιι
1285 388 1443 424 Τουτέστιν,
1471 390 1485 418 ὃ
1521 387 1673 428 οἷκτιρμοὶις
1703 386 1819 420 τοσούτους

1047 432 1254 471 ἐπιδειξάμενος,
1269 434 1305 467 ὡς
1326 432 1352 467 ἐξ
1372 433 1457 462 αὐτῶν
1478 434 1530 462 τῶν
1547 436 1594 463 τοῦ
1615 435 1727 462 θανατου
1747 433 1819 462 πυλῶν

1046 480 1119 517 ἡμᾶς
1140 479 1298 518 ἀναγαγεῖν,
1323 477 1369 507 καὶ
1393 477 1591 518 παρακλήσεως
1620 477 1710 517 πάσης
1730 476 1819 511 ἀξιῶσαι

1047 523 1074 552 ἐν
1102 526 1157 556 ταῖς
1177 522 1308 563 θλίψεσιν.
1333 521 1415 556 Ἐθος
1433 522 1461 552 δὲ
1484 524 1539 556 τοῖς
1564 521 1659 562 ἆγίοις,
1684 522 1713 552 ἐκ
1737 522 1819 555 τιῗινεῑς

1048 567 1141 602 αὐτοὺς
1170 568 1325 608 εὐεργεσιῶν
1351 567 1491 606 ὀνομάζειν
1522 566 1566 597 τὸν
1601 566 1682 598 Θεόν⁸
1716 566 1756 596 ἐπὶ
1783 566 1817 604 μὲν

1047 613 1120 649 νίκης
1146 612 1282 651 πολέμων,
1308 626 1320 640 ι
1351 611 1498 650 Ἀγαπάσω
1523 623 1568 649 σε,
1599 611 1703 652 Κύριε,
1724 614 1740 647 ἡ
1763 610 1820 651 ἰσχύς

1048 669 1111 696 μου,
1128 671 1140 684 ι
1157 657 1231 698 φησί’
1248 657 1304 693 καὶ,
1331 670 1343 682 ι
1366 656 1401 687 Ὁ
1419 656 1517 696 Κύριος
1540 655 1736 696 ὓπερασπιστής
1751 667 1798 694 μαι.
1810 669 1819 681 υ

1048 702 1110 732 ὅταν
1125 702 1151 732 δὲ
1175 702 1263 742 ζόφου,
1281 701 1327 731 καὶ
1347 701 1500 735 σκοτώσεως
1525 702 1670 741 λογισμοῦ,
1690 700 1734 730 καὶ
1756 701 1821 742 λύπης

1048 740 1215 787 λιι-τρωθῶσι(
1231 761 1242 774 ιι
1266 746 1364 786 Κύριος
1387 746 1523 787 φωτισμός
1547 740 1611 785 μου.
1641 760 1654 772 -
1679 745 1764 778 Οὕτως
1788 740 1820 774 οὖν

1048 792 1095 822 καὶ
1133 794 1177 821 νῦν
1206 793 1220 822 ὁ
1247 793 1355 825 Παῦλος
1382 791 1493 831 Πατέρα
1522 792 1669 832 οἰκτιρμῶν
1702 790 1745 820 καὶ
1767 789 1820 820 Θεὸν

1048 836 1242 878 παρακλήσεως
1268 837 1346 866 αὐτὸν
1369 836 1510 875 ὀνομάζει,
1536 836 1590 866 ἀπὸ
1605 839 1652 866 τοῦ
1677 834 1820 873 συμϐεὸηιιό⁴

1049 894 1101 916 τος.
1120 880 1195 922 Ὅρα
1217 881 1245 911 δὲ
1269 881 1522 921 ταπεινοφροσύνην.
1547 881 1698 918 Λυτρωθεὶς
1721 879 1766 919 γὰρ
1782 880 1821 908 τῶν

1051 927 1094 957 διὰ
1123 926 1154 957 τὸ
1182 926 1308 967 κήρυγμα
1335 927 1502 967 πειρασμῶν,
1539 926 1567 955 οὗ
1592 925 1678 964 λέγει,
1710 923 1747 954 ὅτι
1771 924 1822 954 Κατ’

1050 971 1125 1006 ἀξίαν
1154 971 1300 1012 ἐρῥῦσθην,
1327 971 1412 1006 ἀλλὰ,
1445 971 1497 1001 Διὰ
1527 970 1586 1004 τοὺς
1620 968 1762 1010 οἷκτιρμοὶνς
1789 970 1822 997 τοῦ

1050 1018 1130 1048 Θεοῦ.

1092 1118 1109 1136 α
1124 1107 1159 1138 Ὁ
1172 1107 1337 1148 παρακαλῶν
1352 1109 1424 1143 ἡμᾶς
1437 1106 1482 1135 ἐπὶ
1495 1105 1568 1145 πάσῃ
1635 1105 1720 1146 θλίψει
1737 1104 1805 1143 ἡμῶν.
1815 1118 1822 1128 ι

1051 1154 1110 1183 Οὔκ
1130 1148 1213 1190 εἶπεν,
1231 1151 1264 1182 Ὁ
1283 1151 1320 1190 μὴ
1343 1153 1391 1181 ἐῶν
1416 1153 1489 1190 ἡμᾶς
1511 1150 1654 1187 θλιϐἧναι,
1681 1149 1745 1186 ἄλλ’,
1763 1148 1791 1179 Ὁ
1806 1149 1822 1177 ἓν

1051 1199 1088 1238 τῷ
1113 1197 1251 1227 θλίϐεσθαι
1274 1197 1448 1238 παρακαλῶν.
1470 1195 1523 1237 Ἐᾷ
1548 1195 1599 1236 γὰρ
1622 1199 1694 1234 ἡμᾶς
1713 1193 1824 1229 θλιϐἧναι,

1052 1242 1096 1272 ἵνα
1121 1241 1165 1272 διὰ
1191 1244 1238 1278 ἧς
1264 1243 1400 1280 ὑπομονῆς
1432 1241 1524 1279 μισθὸν
1551 1240 1693 1280 σχοίημεν·
1721 1238 1823 1268 κάπειδὰν

1053 1287 1213 1322 ὀκλάζοντας
1244 1286 1306 1326 ἴδῃ,
1331 1287 1492 1326 παρακαλεῖ·
1521 1285 1567 1315 καὶ
1596 1286 1640 1314 ἀεὶ
1672 1287 1746 1314 τοῦτο
1766 1286 1824 1312 ποιεῖ,

1054 1332 1101 1362 Διὸ
1124 1332 1170 1362 καὶ
1195 1333 1209 1361 ὁ
1236 1325 1344 1364 Παῦλος
1367 1325 1415 1361 οὐκ
1440 1325 1527 1366 εἶπεν,
1543 1329 1583 1359 ὅτι
1606 1332 1622 1360 ὁ
1647 1328 1715 1363 ἅπαξ
1729 1329 1826 1367 πᾶραιιιι-

1055 1377 1151 1412 λέσας,
1179 1376 1249 1415 ἀλλ’,
1279 1387 1292 1404 ε
1321 1376 1355 1406 Ὁ
1380 1376 1557 1414 παρακαλῶν,
1580 1386 1595 1404 ιι
1624 1374 1767 1409 τουτέστιν,
1790 1372 1825 1401 ἀεί.

1057 1422 1111 1452 Καὶ
1142 1423 1189 1451 οὗκ
1216 1422 1242 1451 ἐν
1266 1422 1328 1462 τῇδε
1356 1420 1373 1456 ἢ
1397 1421 1460 1459 τῇδε
1484 1422 1518 1460 τῇ
1543 1419 1648 1460 θλίψει,
1669 1418 1735 1457 ἀλλ’,
1759 1431 1770 1443 ι
1792 1416 1826 1446 Ἔν

1057 1467 1143 1504 πάσῃ.
1161 1477 1176 1495 ιι

1097 1525 1109 1538 «ι
1126 1512 1177 1545 Εἰς
1191 1511 1221 1541 τὸ
1236 1511 1362 1541 δύνασθαι
1376 1512 1448 1549 ἡμᾶς
1472 1511 1643 1550 παρακαλεῖν
1659 1508 1715 1542 τοὺς
1728 1509 1752 1538 ἐν
1772 1507 1826 1546 πάσῃ

1059 1557 1159 1598 ιθλίψει,
1192 1556 1236 1586 διὰ
1261 1558 1308 1589 τῆς
1333 1554 1530 1596 παρακλήσεως
1561 1550 1593 1591 ἧς
1628 1552 1827 1594 παρακαλούμεθα

1061 1603 1134 1631 αὐτοὶ
1148 1601 1201 1632 ὑπὸ
1215 1603 1261 1631 τοῦ
1277 1602 1359 1631 Θεοῦ.
1387 1612 1401 1630 ι)
1429 1601 1491 1640 Οὗχ
1511 1599 1560 1636 ὅτι,
1580 1599 1677 1639 φησὶν,
1694 1598 1755 1633 ἄξιοί
1769 1600 1828 1634 ἐσμεν

1058 1647 1282 1686 παρακαλεῖσθαι,
1307 1645 1350 1675 διὰ
1372 1648 1450 1675 τοῦτο
1474 1644 1632 1685 παρακαλεῖ
1650 1646 1718 1682 ἡμᾶς
1736 1645 1748 1671 ὁ
1770 1640 1828 1686 Θεός·

1059 1684 1118 1721 ἀλλ’
1132 1690 1177 1720 ἵνα
1191 1692 1221 1721 ἐκ
1244 1693 1290 1720 τοῦ
1318 1690 1512 1729 ὑποδείγματκ
1527 1691 1574 1724 τῆς
1593 1690 1631 1723 εἷς
1647 1688 1693 1727 ἐμὲ
1716 1684 1828 1728 παρακλή-

1059 1749 1124 1770 σεως
1139 1735 1186 1765 καὶ
1200 1735 1295 1769 ἄλλους
1314 1736 1417 1771 δυνηθῶ
1440 1733 1631 1775 παρακαλέσαι
1655 1735 1682 1763 ἐν
1701 1729 1828 1772 πειρασμοῖς

1058 1781 1158 1815 ὄντας.’
1174 1778 1262 1810 Ὥστε
1287 1780 1334 1810 καὶ
1360 1783 1434 1819 ὖμεῑς
1455 1778 1502 1819 ἐμὲ
1526 1781 1640 1819 ὁρῶντες
1670 1778 1736 1808 οὕτω
1760 1786 1828 1816 παρα-

1059 1825 1201 1863 κληθέντα,
1230 1825 1267 1864 μὴ
1288 1825 1471 1854 καταπίπτετε
1494 1824 1522 1853 ἐν
1547 1823 1668 1864 θλίψεσιν
1692 1822 1765 1855 ὄντες.
1792 1819 1827 1850 Διὶ

1059 1871 1152 1901 τούτου
1177 1869 1204 1900 δὲ
1235 1869 1350 1899 δείκνυσι
1373 1869 1420 1899 καὶ
1442 1868 1473 1898 τὸ
1500 1867 1576 1909 ἔργον
1603 1871 1657 1898 τῶν
1681 1866 1826 1897 ἀποστόλων,

1059 1915 1105 1945 καὶ
1134 1915 1174 1944 ὅτι
1200 1915 1236 1948 εἷς
1267 1914 1296 1943 τὸ
1321 1914 1424 1953 ἑτέρους
1449 1913 1567 1953 ἀλείφειν
1594 1924 1623 1942 τε
1651 1912 1695 1942 καὶ
1722 1909 1828 1949 διεγείρειν

1060 1961 1170 1990 κεῖνταν
1195 1959 1240 1989 καὶ
1255 1959 1306 1999 οὐχ
1329 1958 1420 1998 ὥσπερ
1435 1959 1460 1988 οἱ
1480 1958 1708 1999 ψευδαπόστολοι,
1727 1955 1827 1995 τρυφῶσιι

1060 2004 1106 2035 καὶ
1130 2003 1197 2034 οἴκοι
1220 2003 1367 2042 καθήμενοι
1395 2005 1539 2044 περιορῶσι
1559 2002 1619 2036 τοὺς
1641 2002 1768 2041 δεομένους
1789 2009 1828 2027 πα-

1062 2049 1215 2090 ρακλήσεως
1231 2048 1277 2078 καὶ
1294 2049 1445 2088 διεγερμοῦ.

1102 2153 1115 2166 ιι
1129 2138 1195 2169 Ὅτι
1219 2138 1306 2171 καθὼς
1330 2137 1482 2178 περισσεύει
1505 2137 1539 2166 τὰ
1558 2139 1605 2167 τοῦ
1629 2136 1740 2177 Χριστοῦ
1760 2130 1828 2178 «uot-

1063 2195 1135 2223 ματα
1163 2185 1198 2216 εἶς
1222 2185 1305 2221 ἡμᾶς,
1328 2175 1398 2213 οὕτω
1423 2183 1466 2212 διὰ
1494 2184 1540 2212 τοῦ
1567 2175 1686 2222 Χριστοῦ
1709 2175 1829 2223 reptasti“

1064 2219 1107 2258 icui
1122 2231 1139 2264 ἡ
1159 2219 1328 2268 παράκλησις
1353 2228 1440 2266 ἡμῶν.
1465 2237 1480 2256 n
1500 2226 1548 2262 Μὴ
1573 2219 1738 2265 καταπέσῃς,
1760 2219 1828 2268 φησξνι

1063 2267 1084 2303 ὦ
1113 2273 1246 2313 ἄκροατὰ,
1273 2272 1374 2311 θλίψεις
1401 2272 1447 2301 καὶ
1463 2270 1536 2307 πάθη
1565 2271 1680 2301 ἀκούων.
1708 2269 1805 2313 σοσῳχ

1064 2317 1252 2359 περισσεύουσι
1275 2319 1374 2354 ταῦτα,
1404 2316 1523 2356 τοσούτῳ
1548 2315 1729 2356 περισσεύουσι
1753 2308 1829 2359 xli}!

1065 2351 1255 2402 παρακλήσεις.
1271 2363 1333 2401 Οὐχ
1354 2351 1446 2395 ἅπλῶς
1461 2361 1488 2391 δὲ
1503 2351 1759 2402 ὶῖπείΠαθήμαται
1771 2351 1829 2384 ἀλλὰ

1068 2419 1082 2437 α
1107 2401 1162 2438 Τοῦ
1191 2408 1322 2447 Χριστοῦ,
1349 2405 1394 2436 ἵνα
1419 2406 1465 2436 καὶ
1490 2405 1599 2436 enimid“
1625 2401 1828 2449 παραμυθιῆσῖιτιξ·

1066 2454 1123 2483 Τοῦ
1148 2446 1265 2491 Χριστοῦ
1294 2465 1306 2477 ιι
1320 2451 1373 2491 γάρ
1391 2452 1448 2481 ἔστι
1474 2450 1625 2489 παθήματα
1639 2452 1719 2479 ταῦτα
1741 2446 1756 2475 ἃ
1773 2446 1828 2491 ἦρί(

1065 2497 1219 2537 πάσχομεν,
1248 2496 1294 2526 καὶ
1316 2496 1435 2526 κοινωνοὶ
1461 2495 1534 2536 αὗτῷ
1551 2495 1676 2536 γινόμεθα
1699 2494 1744 2522 τῶν
1764 2489 1827 2538 «non:

1068 2542 1171 2581 μάτων·
1197 2540 1266 2570 ὥστε
1298 2540 1409 2581 μεγίστη
1440 2551 1482 2570 σοι
1514 2540 1584 2570 ἔστω
1613 2538 1766 2581 παράκλησις
1795 2542 1826 2559 και

1069 2580 1132 2617 αὐτὸ
1155 2589 1242 2623 τοῦτο,
1267 2586 1306 2615 ὅτι
1324 2585 1373 2619 τὰς
1396 2588 1443 2615 τοῦ
1459 2587 1577 2625 Χριστοῦ
1596 2584 1692 2625 θλίψεις
1705 2580 1827 2625 ῧφίστῆσαν

1069 2633 1171 2671 μᾶλλον
1197 2621 1239 2668 δὲ,
1258 2631 1307 2661 οὒκ
1329 2629 1432 2664 ἐκείνας
1458 2621 1550 2669 μάνας,
1575 2621 1651 2660 ἀλλὰ·
1668 2627 1712 2658 καὶ
1726 2621 1824 2671 νπλιίοίθξ-

1074 2666 1087 2704 ιι
1107 2666 1265 2717 Περισσεῦει
1281 2686 1296 2704 ιι
1314 2675 1377 2716 γὰρ,
1394 2666 1470 2715 φησὶ,
1492 2686 1506 2704 α
1523 2674 1556 2704 τὰ
1575 2676 1620 2704 τοῦ
1640 2671 1746 2717 Χριστξῧ
1765 2666 1826 2717 Tum:

1071 2707 1156 2762 ματαΙ
1171 2722 1207 2754 εἷς
1228 2723 1308 2760 ἡμᾶς·
1321 2707 1495 2757 ἰνιτοθτὲστῃ
1523 2719 1637 2750 Πλείονα
1659 2707 1694 2747 ἓν
1709 2713 1796 2762 finitor
1816 2707 1825 2734 δ

1069 2755 1198 2808 δίριστὸς,
1215 2755 1366 2806 πάσχομεν.
1377 2755 1539 2804 Abeant»;
1561 2764 1589 2794 δὲ
1604 2763 1693 2801 ἡλίκον
1705 2755 1825 2800 ἐφθέγξω]
