1867 3081
130 164 184 192 803
603 157 864 187 THEOPHYLACTI
884 155 1063 184 BULGARIE
1080 155 1238 185 ARCHIEP.
1738 158 1790 186 804

129 224 184 254 sibi
206 222 385 253 afﬂictionem
406 221 455 257 ait.
473 221 510 251 de
532 228 588 258 qua
608 225 636 249 et
655 220 684 249 in
703 219 788 257 priori
810 218 928 255 Epistola

1025 231 1036 246 ν
1060 218 1159 260 θλίψιν,
1183 219 1245 260 περὶ
1268 214 1301 256 ἧς
1315 219 1362 250 καὶ
1387 221 1414 251 ἐν
1498 220 1615 262 προτέρᾳ
1637 220 1790 260 Ἐπιστολῇ

137 272 239 298 ocutus
277 271 320 297 est
354 276 362 296 :
397 267 485 295 Ianua
522 265 588 294 mihi
616 269 712 302 aperta
748 268 792 294 est
829 263 937 304 ingens,

135 312 336 349 adrersariique
349 311 429 341 multi
443 317 462 340 ι.
480 322 493 337 ι
508 310 625 340 Videtur
636 314 732 339 autem
743 309 816 338 idem
831 308 937 351 dicere.

131 366 197 388 cum
208 358 247 387 ait
262 366 270 385 :
287 369 300 383 ι
316 357 405 394 Supra
424 355 555 385 modum.
580 367 594 381 ιι
610 359 648 389 et,
673 366 686 380 α
703 362 786 391 supra
806 353 900 382 vires:
922 363 935 378 ι

129 402 250 432 sednon
263 402 299 431 ita
319 405 370 430 est.
396 400 481 437 Quod
501 405 595 430 autem
614 399 664 434 ait,
687 404 729 428 est
743 397 902 435 huiusmodi
928 396 936 416 ³

130 448 219 485 Supra
242 446 359 476 modum
373 450 433 475 erat
446 446 570 478 tentatio,
585 444 614 473 id
627 448 669 473 est
680 452 790 481 magna.
816 441 936 477 Deinde,

129 491 355 530 quandoquidem
373 498 471 527 magna
492 490 580 527 possit
593 497 654 519 esse
674 489 801 523 tentatio,
821 492 850 517 et
863 488 939 516 inte-

129 537 184 566 tim
207 536 314 566 fortiter
344 535 431 565 etiam
459 534 572 572 bajulari
602 542 619 563 a
646 535 753 571 potenti
789 534 934 571 quopiam;

129 581 207 617 dicit,
231 581 306 618 quod
326 588 384 610 non
401 580 492 609 solum
516 587 614 616 magna
640 583 710 614 erat,
727 587 824 608 verum
848 578 934 606 etiam

129 627 203 656 vires
220 629 332 655 nostras
344 625 493 654 excedebat
513 633 520 653 :
543 624 597 653 hoc
619 627 671 661 est,
695 628 723 652 et
741 623 840 660 ingens
862 627 933 658 erat,

131 674 160 700 et
190 671 272 708 plane
302 669 495 705 intolerabilis,
529 677 562 698 ac
590 673 680 704 tanta,
715 679 729 694 ιι
748 670 788 697 ita
818 671 850 697 ut
882 675 934 696 nos

127 715 364 753 desperaverimus
379 714 464 743 etiam
478 714 512 743 de
526 714 591 749 vita,
607 725 621 739 ι
641 713 695 742 hoc
711 717 752 742 est
764 721 822 742 non
837 720 934 749 exspe-

128 765 266 790 ctaremus
285 767 369 797 porro
387 759 486 788 vivere.
511 759 607 787 Talem
634 763 728 787 autem
749 758 933 787 tantationcm

127 805 219 835 David
236 809 330 842 portas
345 803 445 834 inferni
456 804 595 839 nominat,
605 811 638 832 ac
653 804 764 832 dolores
778 803 930 840 parturien-

128 851 175 885 tis,
201 854 333 887 tanquam
361 856 425 886 quas
460 853 583 878 mortem
612 848 712 885 pariat,
745 848 928 884 umbramque

129 895 237 924 mortis.

162 941 258 969 Vsus.
272 941 301 968 9.
316 938 370 969 Sed
385 938 438 975 ipsi
452 938 481 967 in
492 937 640 975 nobisipsis
647 945 815 975 responsum
830 937 930 966 mortis

127 984 283 1014 habuimus.
320 995 335 1010 ι
366 983 524 1018 Iudicium,
549 982 734 1020 suffragium,
765 982 928 1011 sententiam

129 1038 213 1066 quam
226 1029 331 1059 dabant
338 1037 383 1057 res
397 1033 506 1057 tantum
520 1036 577 1057 non
591 1036 687 1057 vocem
707 1028 819 1057 edentes
841 1037 849 1056 :
875 1027 929 1056 hoc

128 1079 181 1111 est,
196 1074 383 1111 suspicionem
396 1073 520 1110 adusque
532 1077 656 1102 nostram
679 1073 819 1109 perstabat
830 1072 929 1101 mortis

128 1119 305 1157 exspectatio,
318 1121 347 1148 et
359 1126 522 1155 responsum
541 1118 617 1155 quod
632 1126 727 1147 rerum
750 1121 849 1147 natura
864 1117 929 1146 ede-

127 1164 190 1201 bat;
205 1172 264 1194 non
277 1168 371 1193 autem
388 1163 504 1192 ulterius
524 1162 756 1200 progrediebatur.

166 1270 180 1284 α
204 1259 245 1288 Ut
264 1266 320 1287 non
343 1257 431 1287 simus
452 1257 565 1286 ﬁdentes
591 1256 619 1285 in
639 1256 729 1291 nobis,
753 1257 802 1286 sed
821 1256 851 1285 in
869 1255 929 1285 solo

129 1305 201 1334 Deo.
217 1315 231 1329 υ
253 1304 309 1333 Cur
322 1307 414 1332 autem
437 1302 492 1331 hoc
505 1301 609 1331 factum
633 1306 686 1337 est,
707 1301 813 1338 inquit?
834 1302 874 1330 Ut
887 1301 927 1330 di-

126 1356 237 1378 scamus
245 1347 385 1377 conlidere
392 1355 449 1376 non
461 1347 489 1376 in
501 1347 581 1376 nobis
595 1347 671 1384 ipsis,
684 1346 734 1375 sed
746 1347 774 1375 in
783 1346 843 1375 solo
859 1348 927 1375 Deo.

127 1394 188 1422 Hoc
209 1397 304 1422 autem
321 1392 387 1421 dicit
402 1392 510 1427 Paulus,
534 1400 592 1420 non
612 1396 743 1428 tanquam
766 1391 823 1427 ipse
855 1391 929 1419 istud

127 1446 201 1467 nunc
215 1437 322 1467 discere
335 1446 404 1474 opus
420 1437 529 1472 habeat,
553 1437 626 1473 (quis
644 1436 720 1464 enim
740 1444 773 1465 eo
789 1435 890 1464 melius
903 1439 931 1463 et

130 1483 236 1519 plenius
249 1486 341 1517 norat,
365 1481 442 1519 quod
460 1481 489 1510 in
512 1481 604 1510 solum
619 1483 709 1509 Deum
724 1489 776 1509 nos
793 1479 931 1508 conﬁdere

129 1528 304 1564 oportetin),
317 1534 414 1555 verum
427 1526 495 1555 alios
508 1533 677 1562 componens
691 1533 738 1561 per
752 1525 812 1554 haec
826 1532 887 1561 quae
897 1524 932 1553 de

128 1572 220 1609 seipse
245 1572 377 1608 loquitur,
405 1570 488 1600 simul
512 1570 598 1599 etiam
623 1573 654 1598 ut
678 1569 776 1599 doceat
802 1577 854 1598 nos
874 1577 930 1598 non

130 1618 186 1646 alta
199 1617 313 1653 spirare.

164 1663 253 1690 Vnus.
266 1664 294 1696 9,
313 1664 356 1689 ιο.
373 1672 385 1685 α
406 1659 460 1696 Qui
479 1659 596 1688 suscitat
610 1663 748 1695 mortuos,
762 1659 809 1696 qui
830 1667 861 1688 ex
882 1660 930 1689 tali

128 1709 260 1742 tantaque
277 1710 365 1734 morte
381 1705 482 1742 eripuit
501 1713 552 1733 nos
565 1709 593 1733 et
612 1705 704 1741 eripit.
724 1716 738 1730 ι
755 1707 862 1734 Rursus
883 1713 931 1734 eos

129 1750 341 1779 commonefacit
363 1750 498 1779 sermonis
522 1750 556 1778 de
580 1749 792 1784 resurrectione,
814 1749 849 1778 de
876 1758 930 1786 qua

128 1800 171 1824 tot
193 1796 222 1824 in
243 1795 405 1832 praecedenti
438 1795 559 1831 Epistola
580 1794 661 1828 dixit,
693 1794 835 1823 stabiliens
867 1802 929 1823 eam

128 1840 210 1869 etiam
222 1848 237 1869 a
260 1840 454 1877 praesentibus.
477 1840 549 1868 Hinc
565 1840 647 1868 etiam
663 1839 766 1872 intulit,
789 1849 804 1866 ιι
821 1839 874 1876 Qui
897 1847 930 1868 ex

128 1885 174 1914 tali
197 1889 288 1914 morte
312 1886 425 1922 eripuit.
453 1897 466 1910 ν
482 1886 544 1914 Non
567 1885 641 1913 enim
656 1884 735 1919 dixit,
759 1886 782 1912 Ε
796 1885 929 1921 periculo,

128 1930 187 1965 sed,
203 1931 302 1959 Morte.
326 1931 395 1966 Quia
418 1930 492 1959 enim
517 1929 681 1958 resurrectio
697 1937 740 1958 res
765 1929 854 1958 futura
873 1934 933 1957 erat

127 1980 154 2004 et
177 1975 294 2009 incerta,
310 1975 530 2011 monstratquod
550 1975 580 2002 iu
603 1974 725 2011 singulos
746 1973 807 2003 dies
818 1974 848 2002 id
870 1974 920 2002 ﬂat

128 2020 199 2048 Cum
213 2020 288 2048 enim
308 2019 451 2048 hominem
474 2019 520 2055 qui
540 2019 575 2047 ad
601 2022 693 2054 portas
716 2026 803 2055 usque
829 2018 931 2047 inferni

128 2065 296 2101 pervenerit,
320 2063 466 2092 retraxerit
489 2065 576 2097 Deus,
603 2063 669 2091 nihil
690 2063 764 2091 aliud
782 2071 867 2100 quam
890 2072 932 2092 re-

126 2110 261 2138 surrectio
283 2107 422 2136 indicatur
444 2117 451 2136 :
466 2107 539 2136 unde
559 2111 587 2136 et
604 2108 801 2136 consuevimus
816 2107 852 2136 de
867 2109 928 2136 tali-

991 258 1072 302 εἷπεν,
1101 258 1142 294 δτι
1166 277 1179 291 ι
1201 258 1279 305 Θύρα
1310 276 1355 304 μοι
1377 258 1508 306 ἀνέῳκται
1522 258 1652 306 μεγάλη,
1685 265 1736 296 καὶ
1767 258 1790 295 οἳ

991 307 1167 346 ἀντικείμενοι
1181 309 1286 341 πολλοί.
1307 322 1319 337 ι
1335 311 1418 340 Δοκεῖ
1426 310 1454 340 δὲ
1468 310 1499 341 τὺ
1511 311 1577 341 αὐτὸ
1588 309 1688 351 λέγειν,
1705 324 1718 337 α
1731 310 1791 340 καθ’

991 352 1155 393 ὑπερϐολὴν,
1179 367 1191 381 ιι
1212 353 1258 384 καὶ
1273 365 1289 384 α
1310 355 1376 395 ὑπὲρ
1391 354 1513 394 δύναμιν·
1532 365 1548 385 υ
1567 356 1628 385 ἀλλ’
1645 356 1695 385 οὖκ
1710 355 1790 386 ἔστιν·

990 396 1005 427 ὃ
1030 397 1058 427 δὲ
1083 398 1171 438 λέγει,
1193 399 1311 429 τοιοῦτόν
1335 400 1402 429 ἐστι’
1436 401 1505 431 Καθ’
1532 399 1683 440 ὑπερϐολὴν
1714 395 1749 436 ἦν
1777 401 1791 429 ὁ

989 443 1152 485 πειρασμδς,
1177 443 1314 484 τουτέστι,
1337 444 1430 485 μέγας.
1449 440 1529 483 Εἶτα,
1554 444 1645 482 ἔπειδῆ
1660 444 1721 475 ἔστι
1746 445 1791 474 καὶ

990 482 1074 526 μέγαν
1104 482 1173 518 εἶναι
1199 482 1575 530 πειρασμὸνίβαστάζεσθαι
1603 489 1630 520 δὲ
1662 489 1790 529 γενναίως

989 532 1040 561 ὑπό
1065 544 1135 567 τινος
1154 533 1280 571 δυνατοῦ,
1300 532 1397 574 φησὶν,
1420 533 1461 564 ὅτι
1475 536 1517 565 οὖ
1533 533 1612 574 μόνον
1633 534 1722 575 μέγας
1744 530 1788 571 ἦν,

988 576 1058 606 ἀλλὰ
1090 576 1137 607 καὶ
1172 577 1238 619 ὖπὲρ
1268 578 1318 615 τὴν
1342 578 1475 619 ἡμετέραν
1500 578 1623 618 δύναμιν
1647 578 1789 616 τουτέστι,

987 621 1034 650 καὶ
1056 623 1156 661 μέγας,
1179 623 1225 652 καὶ
1249 622 1435 661 ἀϐάστακτος,
1456 623 1502 654 καὶ
1524 627 1667 661 τοσοῦτος,
1686 634 1702 653 α
1721 622 1790 652 ὥστε

987 665 1182 707 ἐξαπορηθῆναι
1207 669 1278 706 ἡμᾶς
1301 667 1348 698 καὶ
1368 670 1415 697 τοῦ
1520 682 1534 695 1
1554 669 1688 705 τουτέστι,
1710 667 1789 704 Μηδὲ

987 711 1170 751 προσδοκῆσαι
1186 714 1258 750 ἡμᾶς
1271 712 1312 742 ἔτι
1330 714 1388 753 ζῇν.
1407 712 1462 744 Τὸν
1478 712 1505 743 δὲ
1528 715 1644 744 τοιοῦτον
1662 715 1678 743 ὁ
1701 711 1790 743 Δαυῖδ

985 755 1072 790 πύλας
1086 755 1150 797 ᾅδου
1172 757 1261 797 καλεῖ,
1278 756 1325 787 καὶ
1339 758 1435 792 ὠδῖνας
1457 758 1494 793 ὥς
1516 758 1631 789 θάνατον
1647 757 1788 797 τίκτοντα,

986 800 1031 830 καὶ
1046 800 1124 831 σκιὰν
1138 801 1262 834 θανάτου.

1027 946 1043 965 α
1056 934 1126 966 Ἀλλ’
1142 936 1218 966 αὖτοὶ
1231 937 1258 966 έν
1276 936 1380 971 ἑαυτοῖς
1399 936 1430 966 τὸ
1445 936 1585 977 ἀπόκριμα
1599 939 1647 968 τοῦ
1669 937 1789 968 θανάτου

984 979 1150 1020 ἐσχήκαμεν.
1167 994 1180 1007 ι
1201 981 1260 1018 Τὴν
1273 981 1372 1021 κρίσιν,
1388 980 1437 1018 τὴν
1454 983 1558 1023 ψῆφον,
1581 982 1630 1019 τὴν
1648 982 1788 1023 ἀπόφασιν

982 1024 1015 1061 ἢν
1040 1024 1127 1055 ιδίδου
1153 1024 1188 1055 τὰ
1211 1025 1360 1066 πράγματα
1387 1026 1527 1068 μονονουχὶ
1544 1026 1633 1067 φωνὴν
1659 1027 1787 1069 ἄφιέντα⁸

982 1070 1118 1108 τουτέστι,
1138 1071 1229 1112 Μέχρι
1251 1073 1299 1108 ἧς
1315 1071 1436 1107 ὑπονοίας
1455 1074 1504 1109 τῆς
1528 1072 1663 1113 ἡμετέρας
1683 1074 1752 1110 ἔστ-η
1771 1075 1790 1110 ἡ

982 1118 1028 1145 τοῦ
1050 1115 1164 1147 θανάτου
1186 1117 1345 1157 προσδοκία,
1361 1117 1408 1147 καὶ
1427 1119 1443 1154 ἡ
1464 1117 1614 1158 ἀπόκρισις,
1639 1118 1674 1155 ἢν
1696 1120 1715 1155 ἧ
1735 1119 1792 1149 τῦν

984 1159 1150 1234 πραγὲισὶτων
1190 1160 1268 1202 φύσις
1296 1162 1410 1192 ἐποιεῖτο
1443 1161 1483 1182 "-
1515 1162 1665 1204 περαιτέρω
1694 1162 1725 1193 δὲ
1759 1163 1792 1193 οὐ

984 1216 1049 1234 ποο-
1070 1218 1099 1234 τι.

983 1216 1087 1242 προεοη
1092 1229 1099 1236 .

1007 1216 1120 1280 Praxo
1135 1250 1173 1289 μὴ
1198 1250 1354 1285 πεποιθότες
1369 1245 1442 1291 ὦμεν
1464 1251 1505 1293 ἐφ’
1528 1252 1641 1288 ἑαυτοῖς,
1659 1251 1723 1282 ἀλλ’
1743 1252 1792 1283 ἐπὶ

983 1295 1022 1336 τῷ
1045 1295 1109 1336 Θεῷ
1125 1295 1208 1337 μόνῳ.
1239 1307 1254 1325 ι
1279 1296 1332 1326 Διὰ
1352 1297 1379 1326 τί
1394 1296 1423 1326 δι
1447 1298 1525 1327 τοῦτο
1547 1297 1668 1337 ἐγένετο;
1690 1297 1789 1338 φησίν.

983 1339 1045 1370 Ἵνα
1061 1340 1189 1379 μάθωμεν
1213 1340 1252 1379 μὴ
1268 1342 1374 1382 θαρῤεἶν
1388 1342 1429 1382 ἐφ’
1444 1342 1562 1379 ἑαυτοῖς,
1576 1341 1638 1372 ἀλλ’
1652 1341 1696 1372 ἐπὶ
1713 1342 1793 1383 μόνῳ

983 1385 1022 1424 τῷ
1037 1385 1112 1425 Θεῷ.
1128 1387 1216 1416 Τοῦτο
1231 1384 1259 1415 δὶ
1274 1385 1346 1425 λέγει
1363 1387 1483 1424 Παῦλος,
1496 1387 1548 1426 οὐχ
1562 1387 1599 1421 ὣς
1614 1386 1693 1420 αὐτὸς
1706 1389 1794 1417 τοῦτο

985 1429 1105 1467 δεόμενος
1135 1432 1229 1469 μαθεῖν
1259 1432 1304 1460 νῦν
1325 1430 1382 1470 (τίς
1409 1430 1461 1471 γὰρ
1492 1431 1574 1460 πλέον
1599 1431 1681 1461 αὖτοῧ
1707 1433 1793 1462 τοῦτο

990 1474 1134 1514 ἠπίστατο,
1150 1474 1190 1504 ὅτι
1205 1475 1248 1505 ἐπὶ
1263 1476 1301 1516 τῷ
1407 1476 1445 1505 δεῖ
1466 1475 1621 1516 θαῤῥεῖν;),
1638 1476 1708 1505 ἀλλὰ
1725 1475 1793 1512 τοὺς

948 1501 971 1534 C
986 1501 1087 1553 ἐὶᾀᾷιᾷξ
1093 1501 1248 1560 suae;
1264 1501 1299 1550 ἐξ
1315 1501 1445 1560 erg-Tm}?
1459 1501 1569 1551 {$.23
1581 1501 1792 1562 aegis};

985 1562 1030 1593 καὶ
1042 1569 1254 1605 ταπεινοφρονεῖν
1270 1564 1402 1595 διδάσκων
1414 1564 1452 1596 ³³.

1027 1669 1042 1688 σ
1057 1659 1106 1700 Τῷ
1131 1658 1259 1700 ἐγείραντι
1282 1659 1343 1693 τοὺς
1358 1659 1474 1700 νεκρούς.
1498 1657 1551 1694 ⁸ος
1573 1659 1605 1690 ἐκ
1629 1659 1791 1696 τηλικούτου

985 1702 1098 1733 θανᾶτου
1123 1703 1252 1744 ὶῤῥύσατο
1285 1706 1357 1743 ἡμᾶς
1388 1705 1433 1734 καὶ
1458 1704 1559 1745 ῥύεται.
1590 1715 1605 1735 υ
1627 1705 1715 1735 Πάλιν
1740 1708 1792 1735 τοῦ

983 1747 1045 1790 περὶ
1067 1749 1239 1790 ἀναστάσεως
1263 1748 1358 1784 αὖτοὺς
1381 1748 1582 1788 ὑπομιμνήσκει
1604 1749 1696 1789 λόγου,
1718 1750 1792 1790 ὗπὲρ

986 1788 1014 1822 οἷ
1028 1796 1145 1822 τοσαῦτα
1167 1788 1240 1823 εἶπεν
1257 1795 1283 1823 ἐν
1298 1795 1331 1834 τῇ
1351 1794 1468 1835 προτέρα
1490 1788 1652 1835 Ἐπιστολῇ,
1669 1788 1792 1834 βεϐαιῶν

985 1837 1067 1873 αὖτὴν
1093 1838 1139 1867 καὶ
1167 1838 1218 1868 ἀπὸ
1247 1839 1300 1868 τῶν
1324 1838 1472 1879 παρόντων.
1498 1839 1547 1869 Διὸ
1570 1838 1615 1869 καὶ
1641 1839 1791 1880 ἐπήγαγεν·

984 1895 1009 1925 -_
1019 1881 1072 1916 ⁸ος
1094 1883 1124 1912 ἐκ
1147 1883 1303 1919 τηλικούτου
1327 1883 1440 1913 θανάτου
1466 1883 1605 1924 έῤῥύσατο·
1628 1896 1641 1910 ι
1668 1884 1710 1914 Οὐ
1735 1885 1791 1925 γὰρ

985 1923 1056 1966 εἷπε,
1075 1927 1220 1965 Κινδύνου,
1242 1928 1321 1965 ἀλλὰ,
1343 1939 1358 1957 α
1371 1923 1510 1969 Θανάτου.
1525 1939 1539 1957 ι)
1561 1927 1674 1964 Ἐπειδὴ
1695 1928 1749 1969 γὰρ

986 1972 1130 2005 ἀνάστασις
1152 1971 1248 2011 μέλλον
1267 1972 1293 1991 ³³
1310 1977 1423 2012 πρᾶγμα
1439 1968 1471 2010 ἦν
1487 1973 1533 2003 καὶ
1555 1973 1664 2012 ἄδηλον,
1680 1968 1791 2003 δείκνυ-

986 2028 1026 2046 σιν
1041 2016 1084 2046 ὅτι
1107 2016 1165 2046 καθ’
1190 2017 1304 2054 ἑκάστην
1325 2017 1428 2058 ἡμέραν
1453 2020 1531 2048 τοῦτο
1557 2016 1669 2057 γίνεται.
1695 2017 1790 2048 Ὅταν

986 2061 1037 2101 γὰρ
1066 2061 1204 2102 ἄνθρωπον
1241 2062 1306 2103 πρὸς
1335 2061 1417 2097 αὖτὰς
1444 2062 1491 2097 τὰς
1524 2065 1570 2092 τοῦ
1602 2061 1668 2103 ᾅδου
1700 2063 1791 2097 πύλας

983 2107 1093 2136 ἐλθόντα
1108 2107 1240 2147 ἀνελκύσῃ
1260 2109 1274 2137 ὁ
1295 2107 1377 2145 Θεὸς,
1399 2106 1474 2137 οὐδὲν
1490 2106 1578 2148 ἕτερον
1593 2107 1611 2143 ἢ
1637 2107 1789 2138 ἀνάστασιν

129 2154 181 2182 bus
205 2153 310 2188 dicere,
333 2152 409 2190 quod
432 2156 610 2181 mortuorum
634 2152 864 2182 resurrectionem
890 2153 928 2181 vi-

1110 2133 1240 2147 -γ-η--ηι,
1262 2133 1272 2137 ν
1299 2133 1377 2145 νην,
1401 2133 1470 2137 --ην
1490 2133 1575 2148 ---,---
1596 2133 1611 2143 -.
1638 2133 1786 2138 η-ν--νη

1025 2151 1169 2182 δείκνυται·
1195 2151 1253 2181 ὅθεν
1286 2152 1331 2182 καὶ
1354 2152 1485 2191 εἰώθαμεν
1512 2153 1556 2182 ἐπὶ
1579 2153 1632 2182 τῶν
1658 2152 1789 2183 τοιούτων

128 2198 262 2228 derimus.

167 2256 179 2269 ιι
200 2243 376 2281 Speravimus
398 2247 494 2271 autem
521 2242 596 2279 quod
623 2247 651 2271 et
673 2241 762 2271 adhuc
782 2242 886 2279 eripiet.
914 2255 927 2268 ι.

127 2289 200 2317 Hinc
220 2288 346 2322 dicimus,
370 2287 446 2325 quod
469 2292 601 2324 perpetuo
623 2287 706 2324 245
727 2287 755 2315 in
779 2288 929 2316 certamine

128 2334 210 2362 vitam
233 2338 357 2362 nostram
392 2332 570 2361 constitutam
594 2340 653 2361 esse
682 2336 819 2368 oporteat.
847 2333 928 2368 Quod

127 2379 202 2407 enim
212 2378 263 2413 ait,
281 2387 296 2405 ιι
309 2378 422 2414 Eripiet,
440 2388 454 2402 ι
465 2377 616 2406 multarum
630 2377 815 2406 tentationum
828 2385 928 2414 agmen

130 2422 308 2460 praenuntiat.

166 2469 257 2496 Vsus.
273 2470 318 2496 ιι.
332 2477 345 2492 ι
364 2466 567 2504 Adjuvantibus
581 2471 609 2495 et
622 2466 700 2496 vobis
713 2475 761 2503 per
776 2466 927 2496 orationem

129 2521 178 2549 pro
189 2513 278 2541 nobis.
294 2522 308 2539 γι
325 2512 394 2548 Quia
414 2512 492 2546 illud,
509 2521 524 2539 «
544 2513 584 2540 Ut
602 2520 657 2540 non
672 2512 758 2540 simus
772 2512 887 2540 ﬁdentes
900 2512 928 2539 iu

127 2557 285 2594 nobisipsis,
297 2569 311 2582 ι
333 2557 491 2586 communis
508 2556 638 2594 quaedam
661 2557 798 2585 accusatio
817 2557 929 2593 quibus-

127 2603 191 2633 dam
215 2603 370 2638 videbatur,
391 2603 506 2638 illosque
529 2602 709 2637 subnotaret;
729 2603 797 2631 lenit
811 2602 869 2639 jam
885 2603 928 2631 di-

128 2653 216 2684 ctum,
230 2653 258 2678 et
271 2648 409 2678 orationes
430 2655 527 2677 eorum
540 2647 633 2684 magni
654 2647 775 2685 praesidii
791 2648 854 2677 loco
874 2648 930 2677 im-

189 2712 202 2741 l
216 2712 281 2741 Cor.
293 2719 362 2746 xvr,
381 2714 399 2740 9

981 2195 1075 2235 λέγειν·
1091 2196 1246 2226 Ἀνάστασιν
1261 2198 1360 2237 νεκρῶν
1375 2197 1532 2237 ἑωράκαμεν
1551 2196 1588 2226 ⁵η.

1026 2252 1041 2270 α
1057 2240 1230 2280 Ἠλπίκαμεν
1245 2242 1273 2272 δὲ
1291 2241 1331 2271 ὅτι
1346 2241 1392 2271 καὶ
1414 2241 1454 2271 ἔτι
1469 2241 1588 2283 ῥύσεται..
1609 2253 1622 2272 n
1643 2241 1787 2273 Ἐντεῦθεν

983 2285 1168 2325 μανθάνομεν,
1187 2286 1227 2316 ὅτι
1254 2287 1280 2316 ἐν
1306 2287 1389 2324 ἀγῶνι
1410 2285 1453 2316 ἀεὶ
1470 2281 1531 2328 ’χρὴ
1555 2281 1624 2316 εἶναι
1646 2286 1692 2317 τὸν
1710 2287 1788 2326 ἠμέ-

982 2341 1056 2370 τιρον
1069 2330 1136 2370 βίον·
1151 2330 1181 2360 τὸ
1195 2330 1259 2372 γὰρ,
1276 2342 1291 2358 α
1303 2330 1443 2368 Ῥύσεται,
1459 2342 1476 2360 ι
1490 2330 1584 2369 εἰπὼν,
1601 2332 1711 2362 πολλῶν
1727 2344 1786 2362 πει-

983 2376 1092 2415 ρασμῶν
1109 2375 1218 2416 νιφάδας
1233 2376 1431 2417 προαναφωνεὶ

1023 2478 1035 2490 ι
1051 2463 1305 2505 Συνυπουργούντων
1327 2463 1374 2495 καὶ
1398 2465 1472 2504 ὑμῶν
1492 2464 1558 2505 ὑπὲρ
1581 2465 1717 2507 ἡμῶν-τῇ
1741 2466 1784 2495 δε-

981 2508 1052 2546 ήσει.
1070 2522 1082 2537 ι
1098 2508 1209 2546 Ἐπειδὴ
1231 2509 1273 2547 τὸ,
1298 2523 1310 2538 ιι
1331 2508 1395 2541 Ἵνα
1418 2510 1456 2549 μὴ
1479 2504 1634 2544 πεποιθότες
1656 2504 1732 2549 ὦμεν
1755 2512 1786 2551 ἐφ

981 2555 1096 2592 ἑαυτοῖς,
1122 2565 1136 2583 ι
1164 2555 1311 2596 κατηγορία
1331 2555 1405 2591 κοινὴ
1429 2554 1514 2585 ἐδόκει
1536 2555 1622 2593 ἐνίοις,
1644 2555 1692 2585 καὶ
1719 2555 1785 2585 ἐκώ

982 2610 1041 2633 νους
1055 2599 1234 2639 αἰνιττομένη,
1249 2602 1448 2640 παραμυθεῖται
1472 2600 1502 2630 τὸ
1519 2599 1612 2641 ῥητὸν,
1635 2599 1684 2634 τὰς
1708 2599 1784 2640 εὐχὰς

984 2645 1071 2674 αὖτῶν
1086 2644 1144 2674 ἀντὶ
1157 2644 1322 2686 προστασίας
1339 2645 1459 2685 μεγάλης
1472 2645 1575 2676 καλῶν.
1596 2644 1784 2684 Διδασκόμιθα

829 2746 926 2777 Variae
947 2747 1098 2778 lectiones.

166 2816 186 2834 ²¹
199 2815 363 2851 περιεποιεῖτο
375 2823 402 2844 ο.
440 2814 462 2832 ¹²
473 2814 620 2846 σπουδάζων
634 2822 661 2843 ο.
699 2813 723 2832 ³⁸
739 2814 804 2850 μέγα
818 2822 846 2843 ο.
883 2814 905 2832 ³⁵
918 2813 1052 2851 ἑωρακέναι
1073 2822 1103 2844 ο.
