1867 3081
7 175 55 203 805

453 166 628 196 EXPOSITIO
647 167 680 195 IN
699 167 806 196 EPIST.
826 168 847 196 ll
866 167 912 196 AD
932 167 1010 196 COR.
1029 182 1066 189 —
1079 167 1154 196 CAP.
1175 168 1201 198 1.

1594 169 1648 198 806

8 239 33 269 δὲ
48 239 162 268 ἐντεῦθεν
186 235 232 265 καὶ
247 232 500 274 ταπεινοφροσύνην,
524 232 549 262 εἴ
568 243 599 272 γε
618 233 727 267 Παῦλος
749 235 795 269 τῆς
810 234 838 266 Α

891 241 976 267 ποορ,
1002 233 1144 261 Docemur
1168 236 1261 261 autem
1293 232 1358 261 hinc
1394 236 1423 262 et
1448 233 1648 269 humilitatem,

8 285 56 313 τῶν
83 280 230 322 Κορινθίων
253 280 334 319 εὐχῆς
348 279 441 308 ἐδεῖτο·
466 277 512 308 καὶ
528 276 576 314 τὴν
590 277 700 317 δύναμιν
719 280 800 314 αὐτῆς

8 330 51 364 τῆς
70 321 161 367 εὐχῆς.
186 324 281 356 Πολλὰ
294 324 347 364 γὰρ
363 322 474 353 δύναται
488 324 506 358 ἡ
520 321 595 362 παρὰ
618 325 667 359 τῆς
682 321 800 367 Ἐκκλη-

9 373 74 411 σίας,
138 371 192 408 δεῖ,
213 369 351 410 γινομένη,
373 369 410 402 ὣς
423 367 470 397 ιιαὶ
490 369 598 398 Παῦλον
617 367 717 404 ταύτης
731 366 802 408 χρῄ-

10 419 69 452 ζειν.

45 475 57 489 ι
80 459 143 491 ’Ῑνα
168 460 201 490 ἐκ
228 459 334 488 πολλῶν
361 457 514 498 προσώπων
540 455 571 486 16
593 457 630 490 εἰς
657 458 730 496 ἡμᾶς
751 456 801 496 χά-

13 518 87 547 ρισμα
96 504 141 535 διὰ
149 504 258 534 πολλῶν
270 503 449 543 εὐχαριστηθῇ
460 501 527 542 ὑπὲρ
536 502 626 547 ἡμῶν,
639 515 653 528 ι
663 518 703 525 —
715 515 728 528 ι

13 545 112 592 ῥύσατο,
127 563 141 576 ν
156 547 251 590 φησὶν,
267 561 281 575 ι
298 549 313 577 6
333 547 403 592 βιὸς
425 549 507 592 ἡμᾶς,
531 546 578 576 καὶ
596 545 704 592 ῥύσεται
726 559 739 573 ι
759 546 801 592 δια

11 590 56 626 τῶν
70 594 205 634 ὑμετέρων
227 593 322 633 εὐχῶν,
347 590 393 622 ἵνα
414 591 445 621 τὸ
459 592 496 625 εἰς
518 593 591 629 ἡμᾶς
611 590 750 631 χάρισμα,
771 590 802 620 16

12 640 50 670 διὰ
74 640 192 676 πολλῶν,
215 637 363 676 τουτέστιν,
394 637 469 676 ὕμῶν
496 635 714 676 ὕπερευξαμίνων
737 647 799 675 μου,

12 687 37 715 ει
57 684 163 714 πολλῶν
189 681 342 723 προσώπων
369 681 568 721 εὐχαριστηθῇ,
591 680 688 720 ἤγουν,
714 681 799 719 ὑμῶν,

11 729 63 765 Τὴν
84 728 221 769 σωτηρίαν
236 726 288 767 γὰρ
308 726 356 762 τὴν
381 725 449 765 ἐμὴν
473 725 517 755 διὰ
538 727 592 755 τῶν
617 726 702 765 εὐχῶν
727 726 801 763 ὑμῶν

12 773 142 813 γινομένην
155 776 241 803 πᾶσιν
256 773 318 811 ὑμῖν
334 770 488 811 ἐχαρίσατο,
502 769 546 800 ἵνα
567 769 656 800 πολλὰ
670 770 802 810 πρόσωπα

13 820 77 859 αὐτῷ
99 816 286 858 εὖχαριστήσῃ
311 815 378 855 ὑπὲρ
400 814 686 859 ὕμῶν.[Μανθάνομεν
709 815 737 859 δε
762 815 803 844 ἰν-

13 858 102 899 «seu,
123 864 152 892 οὗ
177 861 258 901 μόνον
274 860 341 901 ὑπὶρ
363 859 488 896 ἀλλήλων
509 858 649 900 εὔχεσθαι,
671 858 740 888 ἀλλὰ
757 859 802 889 καὶ

853 277 990 314 siquidem
1005 277 1107 306 Paulus
1127 277 1335 306 Corinthion
1358 277 1486 313 precibus
1496 277 1646 315 indigebat,

854 328 883 351 et
897 322 983 358 ipsius
992 321 1123 350 orationis
1132 322 1198 349 vim.
1214 322 1335 350 Multum
1345 322 1419 351 enim
1441 322 1512 351 valet
1526 323 1648 359 precatio

855 367 992 401 Ecclesiae,
1005 367 1028 395 si
1042 366 1091 396 ﬂat
1099 371 1132 395 ut
1140 370 1251 403 oportet
1261 366 1341 402 adeo,
1356 370 1388 395 nt
1399 367 1441 396 vel
1449 367 1552 396 Paulus
1561 367 1650 396 isthac

855 420 924 448 opus
934 411 1042 440 habeat.

891 468 905 481 ι
922 458 962 486 Ut
977 465 1011 485 ex
1024 456 1118 485 multis
1130 456 1266 493 personis,
1280 464 1330 492 pro
1344 455 1420 485 dono
1436 456 1466 484 in
1478 464 1530 485 nos
1537 457 1648 492 collato,

855 510 903 538 per
917 502 1020 530 multos
1030 502 1125 538 gratia:
1138 506 1256 538 agantur
1263 509 1312 538 pro
1322 501 1414 530 nobis.
1432 513 1499 527 l—s
1510 502 1628 539 Eripuit,
1637 512 1648 528 ι

854 546 952 582 inquit,
969 557 983 571 α
999 554 1052 575 nos
1063 547 1149 580 Deus,
1164 550 1191 574 et
1205 546 1303 583 eripiet
1328 558 1341 571 ι
1360 554 1409 583 per
1430 551 1538 576 vestras
1554 554 1651 583 preca-

853 591 955 626 tiones,
975 595 1007 619 ut
1021 591 1127 620 donum
1140 591 1168 619 in
1183 599 1235 620 nos
1248 591 1392 627 collatum,
1407 603 1421 617 ι
1437 599 1486 628 per
1504 591 1620 627 multos,
1636 603 1650 617 ιι

854 635 907 664 hoc
921 640 973 671 est,
990 636 1066 664 vobis
1081 643 1130 672 pro
1145 644 1192 664 me
1205 635 1354 669 Qorantibus
1370 644 1402 664 ex
1415 636 1510 665 multis
1530 636 1653 673 personis

855 685 965 717 gratum
979 680 1036 714 ﬁat,
1050 681 1186 710 nimirum
1200 681 1306 709 vestris.
1331 681 1453 710 Salutem
1466 681 1542 710 enim
1561 688 1653 710 meam

855 733 904 762 per
915 726 1054 754 orationes
1068 730 1173 754 vestras
1185 725 1299 761 factam,
1314 726 1444 754 omnibus
1465 726 1542 755 vobis
1564 725 1652 755 dona-

855 770 903 805 vit,
918 774 950 799 ut
965 771 1060 800 multat
1077 778 1204 807 personas
1216 770 1265 807 ipsi
1287 771 1390 808 gratias
1404 775 1486 807 agant
1502 779 1552 807 pro
1564 771 1654 800 nobis.

855 815 930 844 Hinc
942 819 1034 844 autem
1048 815 1179 844 discimus
1192 823 1248 844 non
1261 815 1346 844 modo
1361 820 1393 844 ut
1413 816 1482 844 alter
1499 823 1550 852 pro
1570 815 1656 844 altero

856 859 1018 895 intercedat,
1031 868 1125 888 verum
1153 860 1237 889 etiam
1252 864 1284 889 ut
1296 861 1366 889 alter
1386 868 1436 897 pro
1451 860 1538 889 altero
1553 860 1654 897 gratias

14 908 71 948 ὑπὲρ
85 906 209 942 ἀλλήλων
227 905 405 945 εὐχαριστεῖν.
428 902 505 944 Ὅρα
521 904 562 942 δὲ,
586 905 642 937 πῶς
656 902 802 944 ἀρχόμενος
816 913 838 945 Β

891 908 931 939 :at.
946 905 1068 934 Observa
1081 909 1174 933 autem
1186 904 1326 941 quomodo
1341 905 1368 934 in
1381 904 1507 940 exordio,
1530 912 1578 941 per
1600 905 1655 933 mi—

15 951 67 990 μὶν,
91 952 133 982 διὰ
154 950 218 985 τοὺς
241 949 393 990 οἶκτιρμοὺς
420 951 466 979 τοῦ
492 949 563 978 Θεοῦ
587 949 704 985 σωθῆναί
728 960 802 987 φησι·

15 999 53 1026 νῦν
66 996 93 1026 δὲ
112 999 171 1030 ταῖς
184 996 278 1035 εὐχαῖς
292 994 393 1024 τούτων
406 993 455 1029 τὴν
467 993 602 1033 σωτηρίαν
619 993 804 1034 ἐπιγράφεται.

16 1044 57 1071 Δεῖ
79 1040 128 1081 γὰρ
150 1039 224 1079 μετὰ
243 1042 288 1069 τοῦ
311 1038 382 1069 θείου
403 1037 492 1072 ἕλίους
513 1038 560 1067 καὶ
583 1037 618 1067 τὰ
643 1037 708 1077 παρ⁹
728 1040 805 1076 ἡμῶν

17 1085 182 1126 συνεισφέρειν
207 1084 247 1116 ³⁸.
266 1084 323 1115 Καὶ
347 1084 460 1113 ἐνταῦθα
481 1082 509 1113 δὲ
535 1084 549 1112 6
571 1084 679 1116 Παῦλος
698 1082 757 1112 οὔτε
776 1082 806 1112 16

17 1135 62 1160 πᾶν
84 1132 129 1160 τοῦ
150 1129 362 1170 κατορθώματος
386 1131 441 1162 τοῖς
465 1127 614 1168 Κορινθίοις
636 1126 747 1164 ἔδωκεν,
762 1126 806 1157 ἵνα

19 1175 50 1212 μὴ
70 1175 157 1208 αὐτοῦς
185 1174 285 1214 ἐπάρῃ·
307 1172 368 1204 οὔτε
392 1172 482 1209 πάντη
508 1172 687 1213 ἠλλοτρίωσεν
714 1171 808 1206 αὖτοὺς

18 1219 112 1257 τούτου,
126 1219 170 1249 ἵνα
184 1218 227 1258 μὴ
242 1217 434 1260 ῥᾳθυμοτίρους
448 1217 606 1258 ἕργάσηται.
622 1229 638 1245 α
651 1215 777 1248 Ῥύσεται
790 1227 806 1246 ι

19 1264 74 1304 γὰρ,
88 1264 181 1305 φησὶν,
200 1275 217 1293 α
236 1266 250 1293 6
264 1263 332 1297 Θεὸς
354 1263 400 1293 καὶ
417 1263 492 1300 ὑμῶν
508 1261 759 1302 συνυπουργούντων

22 1308 108 1345 δεήσει·
122 1320 136 1338 s
151 1308 287 1347 τουτέστι,
301 1307 336 1337 τὰ
351 1308 415 1347 παρ’
431 1308 534 1337 ἑαυτῶν
550 1306 733 1347 εἰσφερόντων.

55 1366 66 1379 σι
81 1352 113 1384 Ἡ
127 1352 177 1393 γὰρ
191 1353 327 1393 καύχησις
342 1353 420 1391 ἡμῶν
442 1351 511 1388 αὕτη
529 1351 587 1381 ἐστὶ
596 1373 606 1390 ,
620 1350 651 1381 16
664 1351 808 1391 μαρτύριον

22 1399 61 1434 τῆς
73 1397 243 1434 συνειδήσεως
261 1398 350 1436 ἡμῶν.
366 1408 382 1425 α
404 1395 460 1427 Καὶ
475 1398 569 1433 τοῦτο,
587 1395 664 1436 φησὶ,
682 1407 809 1435 παραμυ-

25 1442 74 1476 θίας
95 1444 156 1481 ἡμῖν
180 1442 293 1482 ἀφορμή
325 1443 406 1478 ἔστιν,
431 1443 449 1477 ἡ
474 1441 620 1477 συνείδησις
645 1441 722 1479 ἡμῶν
738 1452 808 1481 μαρ-

24 1489 123 1527 τυροῦσα
142 1489 217 1526 ἡμῖν,
237 1487 278 1517 ὅτι
302 1487 351 1527 οὐχ
375 1487 410 1520 ὥς
433 1486 478 1516 ιπὶ
504 1489 630 1525 πονηροῖς
652 1485 808 1525 πράγμασιν

27 1531 119 1566 ἁλόντες
132 1531 297 1571 ἔλαυνόμεθα
315 1531 362 1561 χαὶ
378 1531 545 1570 διωκόμεθα,
567 1529 693 1571 ἀλλὰὴδΰ
712 1528 809 1570 ἀρετὴν

859 950 1007 978 serationes
1021 950 1074 978 Dei
1088 958 1117 978 se
1131 955 1270 978 servatum
1284 957 1346 979 esse
1361 950 1462 979 dixerit
1475 958 1483 979 :
1506 957 1580 978 nunc
1592 957 1656 978 vero

858 1002 954 1023 eorum
970 995 1141 1023 orationibus
1157 995 1275 1023 salutem
1301 995 1419 1023 ascribit.
1443 995 1560 1032 Oportet
1581 994 1656 1023 enim

859 1043 891 1067 ut
902 1047 954 1067 una
966 1047 1029 1067 cum
1045 1038 1138 1067 divina
1158 1039 1345 1068 misericordia
1359 1043 1453 1068 nostra
1472 1039 1575 1076 pariter
1588 1047 1656 1068 con-

859 1083 991 1112 feramus.
1004 1085 1096 1120 Atque
1111 1084 1155 1112 hic
1167 1084 1266 1113 Paulus
1279 1092 1367 1120 neque
1380 1088 1473 1113 totum
1487 1083 1656 1113 beneﬁcium

860 1129 1010 1157 Corinthiis
1023 1129 1130 1163 tribuit,
1155 1137 1190 1157 ne
1200 1129 1273 1165 ipsos
1282 1128 1380 1158 efferat
1399 1139 1406 1157 ε
1428 1137 1517 1166 neque
1541 1129 1656 1158 omnino

860 1181 908 1202 eos
921 1173 1038 1210 privavit
1051 1173 1114 1209 hoc,
1124 1182 1159 1202 ne
1173 1175 1312 1211 segniores
1324 1174 1431 1203 reddat.
1445 1174 1553 1210 Eripiet
1567 1173 1655 1209 enim,

860 1218 959 1255 inquit,
975 1220 1061 1253 Deus,
1071 1218 1150 1248 vobis
1167 1218 1250 1247 etiam
1273 1219 1481 1255 cooperantibus
1495 1227 1544 1256 per
1557 1227 1655 1257 preca-

861 1263 976 1299 tionem,
998 1263 1052 1292 hoc
1068 1268 1121 1299 est,
1134 1268 1225 1293 vestra
1249 1264 1334 1293 etiam
1351 1263 1548 1294 afferentibus.

897 1354 988 1382 Vsas.
1004 1356 1047 1382 12.
1065 1365 1078 1378 οι
1094 1354 1166 1382 Nam
1176 1353 1260 1391 gloria
1275 1358 1369 1383 nostra
1392 1354 1452 1384 haec
1466 1359 1519 1389 est,
1532 1353 1659 1383 testimo-

863 1398 941 1427 nium
955 1399 1128 1427 conscientiae
1142 1404 1252 1428 nostra.
1272 1411 1285 1424 ι
1302 1400 1337 1427 Et
1360 1399 1424 1433 hoc,
1448 1399 1550 1436 inquit,
1568 1399 1659 1428 solatii

864 1443 944 1472 nobis
955 1448 998 1471 est
1018 1444 1138 1478 occasio,
1162 1445 1329 1473 conscientia
1351 1448 1447 1473 nostra
1472 1444 1660 1473 testimonium

864 1488 944 1516 nobis
958 1488 1099 1523 exhibens,
1115 1488 1191 1525 quod
1207 1497 1263 1518 non
1284 1493 1415 1526 tanquam
1437 1489 1466 1518 in
1479 1489 1567 1526 pravis
1578 1488 1661 1518 rebus

863 1534 1025 1570 deprehensi
1040 1534 1177 1570 agitamur
1190 1538 1218 1563 et
1229 1534 1447 1571 persecutionem
1465 1535 1598 1571 patimur,
1613 1533 1661 1562 sed

26 1576 64 1605 καὶ
79 1576 124 1613 τὴν
139 1578 190 1606 τῶν
208 1569 318 1607 πολλῶν
340 1576 484 1616 σωτηρίαν.
502 1575 538 1606 Ἦ
562 1575 610 1615 μὲν
625 1569 670 1604 οὖν
692 1574 809 1614 προτέρα
828 1603 838 1616 ,

891 1569 974 1607 rtutis
1001 1569 1208 1616 multorumque
1229 1569 1329 1608 salutis
1353 1587 1447 1608 causa.
1466 1569 1557 1608 _Prior
1571 1579 1661 1615 itaque

27 1622 176 1661 παράκλησις
196 1623 228 1652 lx
243 1622 315 1652 Θεοῦ
330 1616 372 1657 ἧν·
385 1620 454 1657 αὕτη
476 1620 505 1650 δὲ
516 1643 524 1658 ,
540 1621 571 1650 ἐκ
591 1621 638 1656 τῆς
660 1621 708 1649 τοῦ
721 1631 807 1650 συνει-

28 1666 90 1700 δότος
106 1678 154 1705 μου
174 1665 370 1707 καθαρότητος,
394 1665 469 1706 φησί·
483 1665 522 1695 διὸ
541 1665 587 1695 καὶ
601 1663 735 1705 καύχησιν
756 1665 809 1693 αὗ-

29 1710 69 1750 τὴν
81 1711 215 1750 ὀνομάζει,
237 1710 287 1746 τὴν
310 1710 412 1746 πολλὴν
433 1709 558 1740 δεικνύων
577 1709 752 1745 πεποίθησιν,
775 1709 808 1746 ἣν

31 1749 91 1794 εἶχεν
105 1749 146 1786 ἐπὶ
158 1757 196 1796 τῷ
209 1756 320 1796 καθαρῷ
333 1754 471 1785 συνειδότι.

66 1797 154 1831 «Ὅτι
176 1801 203 1830 εν
226 1800 358 1836 ἁπλότητι
383 1799 429 1829 καὶ
451 1799 604 1839 εἰλικρινείᾳ
622 1800 705 1830 Θεοῦ.
728 1809 742 1827 ι)
763 1797 809 1835 Τί,

30 1844 101 1883 φησὶ,
125 1849 252 1886 μαρτυρεῖ
275 1846 340 1884 ἡμῖν
363 1844 394 1874 τὸ
410 1844 540 1881 συνειδόςς
558 1845 604 1874 χαὶ
629 1843 674 1873 διὰ
693 1843 720 1873 τί
739 1854 810 1873 χαυ-

31 1888 143 1927 χὼμεθας
164 1903 178 1917 ι
195 1888 263 1921 Ὀτι
287 1891 314 1920 ἐν
339 1889 483 1928 ἁπλότητι,
504 1903 516 1916 ι
534 1887 681 1925 τουτέστιν,
701 1889 730 1918 ἐν
744 1889 810 1918 ἄπο-

31 1932 92 1973 νήρῳ
105 1935 204 1974 γνώμῃ·
224 1945 241 1963 ι
256 1935 303 1964 καὶ
319 1934 484 1975 εἰλικρινείᾳ,
507 1945 523 1963 ο
549 1933 683 1972 τουτέστι,
698 1932 811 1973 καθαρό-

32 1989 82 2014 τητι
93 1978 202 2013 διανοίας
224 1978 272 2009 καὶ
289 1978 440 2016 ἆδολότητι,
459 1979 533 2009 οὖδὲν
557 1978 656 2019 ἐχούσῃ
672 1989 812 2008 συνεσχια-

33 2021 114 2060 σμίνον
133 2024 177 2053 καὶ
191 2024 325 2061 ὕπουλον,
341 2023 399 2053 οἵαν
413 2025 428 2053 6
445 2023 513 2058 Θεὸς
527 2022 702 2064 ἀποδέχεται.
716 2023 810 2054 Ταῦτα

35 2066 56 2095 δὲ
67 2067 130 2107 λέγει
142 2067 185 2098 διὰ
197 2068 257 2103 τοὺς
272 2068 374 2102 δολίους
387 2068 629 2109 ψευδαποστόλους.

71 2122 85 2141 (ι
95 2113 150 2142 Οὗιι
161 2113 187 2143 ἐν
201 2112 281 2154 σοφίᾳ
296 2115 423 2153 σαρκικῇ,
443 2124 457 2142 s
471 2112 627 2152 Τουτέστιν,
638 2113 665 2142 ἄν
680 2111 810 2148 δεινότητι

34 2154 104 2194 λόγων
117 2157 162 2187 καὶ
178 2159 265 2199 πλοκῇ
289 2157 472 2198 σοφισμάτων.
492 2157 567 2194 Αὕτη
583 2156 634 2197 γὰρ
653 2158 671 2193 ἡ
694 2155 809 2198 σαρχυιὴ

35 2200 108 2239 σοφία,
121 2202 160 2242 ἐφ’
219 2197 333 2233 ἐκείνων
347 2202 591 2242 ἄλαζονιυομένων,
608 2201 687 2236 αὐτὸς
708 2201 810 2238 ταύτην

36 2244 135 2284 ἀρνεῖται
147 2247 192 2276 χαὶ
210 2247 355 2279 διωθεῖται.

68 2302 78 2315 ι
101 2289 165 2321 Ἀλλ’
196 2292 223 2322 εν
257 2291 348 2333 χάριτι
376 2292 448 2322 Θεοῦ
481 2291 686 2332 ἀνεστράφημεν
713 2291 740 2320 ιν
773 2291 812 2331 τῷ
828 2282 852 2313 D

37 2333 124 2376 κόσμῳ.
144 2349 156 2363 ι
175 2337 332 2373 Τουτέστιν,
360 2337 387 2367 ἰν
465 2336 531 2378 παρ’
555 2337 637 2366 αὐτοῦ
653 2335 811 2376 χαρισθείσῃ

38 2378 102 2419 σοφίᾳ
119 2380 162 2421 gul
189 2382 214 2411 ἐν
239 2382 292 2415 τοῖς
320 2381 440 2420 σημείοις
469 2381 516 2411 καὶ
540 2381 661 2421 τέρασιν,
690 2380 708 2409 ἃ
734 2379 813 2420 χάρις

38 2421 95 2453 Θεοῦ
115 2420 190 2461 ἦσαν.
217 2426 340 2466 Μεγίστη
361 2426 388 2456 δὲ
413 2420 589 2466 παράκλησις,
608 2425 640 2455 16
663 2424 812 2454 συνειδέναι

39 2466 86 2512 τινὰ
107 2470 197 2510 ἕαυτῷ,
220 2470 262 2501 δτι
282 2472 330 2501 οὔχ
355 2471 506 2512 ἀνθρωπίνῃ
522 2470 650 2510 δυνάμει,
666 2469 737 2500 ἀλλὰ
758 2470 814 2511 θεία

39 2510 114 2550 χάριτι
127 2515 211 2544 πάντα
235 2515 261 2535 ²⁸
284 2516 365 2546 ποιεῖ.
383 2516 438 2547 Καὶ
454 2510 501 2546 οὐιι
526 2517 555 2546 ἐν
581 2515 703 2555 Κορίνθῳ
721 2515 812 2554 μόνον,

41 2555 97 2586 ἀλλὰ
109 2559 150 2588 καὶ
165 2561 191 2589 ἐν
208 2560 289 2591 παντὶ
303 2562 341 2602 τῷ
356 2561 460 2602 κόσμῳ.

75 2613 87 2627 ι
101 2603 290 2646 Πιρισσοτέρως
307 2606 335 2635 δὲ
356 2605 422 2646 πρὸς
437 2608 517 2645 ὑμᾶς.
535 2619 546 2632 ι
562 2606 643 2643 Ili-3:;
656 2604 724 2636 Ὀτι
744 2604 812 2644 μετὰ

43 2644 84 2675 τῦν
94 2648 212 2688 σημείων,
228 2644 265 2680 ἔτι
278 2650 324 2681 χαὶ
337 2644 474 2681 ἀδάπανον
488 2649 552 2691 παρ’
575 2651 664 2684 αὐτοῖς
676 2650 706 2680 16
719 2651 813 2689 Εὐαγ-

864 1624 1017 1652 consolatio
1032 1631 1066 1652 ex
1094 1625 1153 1652 Deo
1178 1628 1251 1659 erat;
1267 1624 1326 1653 haec
1341 1632 1407 1653 vero
1422 1632 1458 1653 ex
1485 1624 1662 1652 conscientia:

865 1676 934 1697 mea:
947 1669 1077 1705 puritate,
1093 1669 1190 1706 inquit.
1207 1670 1277 1698 Eam
1299 1669 1335 1698 ob
1347 1677 1408 1698 rem
1419 1673 1447 1697 et
1465 1669 1660 1706 gloriationem

863 1714 953 1750 ipsam
977 1714 1112 1748 nominat,
1129 1714 1247 1742 multam
1262 1713 1409 1743 ostendens
1423 1713 1556 1743 ﬁduciam
1575 1721 1662 1751 quam

863 1758 894 1786 in
918 1766 985 1795 pura
998 1758 1166 1787 conscientia
1180 1758 1308 1787 habebat.

901 1812 916 1830 ε
938 1803 1019 1838 Quod
1033 1803 1063 1831 in
1077 1803 1251 1838 simplicitate
1264 1807 1292 1832 et
1303 1803 1460 1832 sinceritate
1482 1803 1541 1832 Dei.
1558 1812 1574 1831 ν
1587 1802 1660 1839 Quid

864 1851 988 1883 testatur,
1011 1847 1108 1884 inquit,
1130 1847 1211 1876 nobis
1233 1847 1420 1876 conscientia?
1444 1852 1473 1876 et
1491 1856 1541 1876 cur
1554 1848 1658 1884 gloria-

863 1894 943 1921 mur?
957 1904 969 1916 -
983 1892 1123 1928 Quoniam
1134 1892 1163 1920 in
1181 1892 1364 1928 simplicitate,
1377 1902 1391 1918 »
1410 1892 1463 1920 hoc
1474 1896 1527 1927 est,
1541 1896 1656 1921 senten-

862 1937 898 1966 tia
910 1937 1025 1966 minime
1037 1945 1128 1973 prava,
1145 1949 1158 1962 ι
1189 1938 1224 1965 Et
1236 1937 1406 1971 sinceritate,
1424 1948 1437 1962 ιο
1455 1936 1508 1965 hoc
1532 1941 1586 1971 est,
1602 1945 1656 1973 pu-

862 1982 943 2010 ritate
957 1982 1058 2010 mentis
1067 1986 1097 2010 et
1114 1981 1234 2010 candore
1247 1981 1364 2010 fallacia:
1377 1986 1500 2018 experte,
1513 1989 1577 2018 quae
1588 1981 1658 2010 nihil

865 2027 948 2056 habet
960 2027 1148 2061 obscuratum,
1159 2031 1207 2055 aut
1222 2027 1389 2059 ulcerosum,
1404 2026 1515 2063 qualem
1531 2028 1606 2055 Deus
1616 2034 1659 2055 re-

865 2072 941 2109 cipit.
955 2073 1022 2100 Haac
1034 2075 1128 2100 autem
1138 2071 1203 2100 dicit
1214 2071 1249 2100 ob
1265 2070 1373 2100 fallaces
1385 2071 1624 2108 pseudapostolos.

901 2127 916 2142 ι
934 2118 996 2145 Non
1005 2117 1032 2145 in
1050 2116 1181 2152 sapientia
1200 2116 1313 2144 carnali.
1334 2127 1348 2141 ι
1364 2116 1427 2144 Hoc
1442 2120 1484 2145 est
1497 2116 1524 2144 in
1539 2115 1662 2152 potentia

865 2165 893 2190 et
915 2161 1013 2190 virtute
1031 2162 1189 2196 verborum,
1201 2169 1233 2189 ac
1253 2168 1326 2189 nexu
1342 2160 1428 2197 246
1448 2161 1663 2198 sophismatum.

866 2208 933 2235 Haec
943 2207 1015 2235 enim
1026 2206 1142 2234 carnalis
1151 2209 1192 2234 est
1201 2205 1346 2242 sapientia,
1356 2206 1524 2242 cujuscausa
1534 2214 1601 2234 cum
1609 2205 1663 2242 ipsi

866 2250 1040 2285 efferrentur,
1056 2250 1182 2279 eamdem
1204 2250 1262 2286 ipse
1281 2254 1364 2286 negat
1377 2257 1460 2286 atque
1474 2250 1591 2287 repellit.

906 2307 920 2322 «
935 2296 989 2324 Sed
1000 2296 1029 2324 in
1036 2295 1124 2332 gratia
1139 2295 1190 2324 Dei
1202 2295 1356 2323 conversati
1365 2303 1464 2324 sumus
1475 2295 1503 2323 in
1517 2295 1631 2324 mundo.
1650 2306 1664 2320 ι

866 2342 928 2369 Hoc
941 2340 1018 2369 estin
1034 2340 1167 2376 sapientia
1176 2347 1237 2376 quae
1251 2339 1319 2368 mihi
1333 2348 1381 2376 per
1391 2340 1482 2376 ipsum
1495 2344 1538 2368 est
1550 2339 1664 2375 donata,

867 2390 893 2414 et
907 2386 935 2414 in
954 2385 1040 2422 signis
1063 2389 1091 2413 et
1119 2385 1251 2422 prodigiis
1271 2392 1335 2421 qua:
1355 2385 1438 2422 gratia
1464 2385 1515 2413 Dei
1542 2384 1664 2414 fuerunt.

867 2431 989 2459 Maxima
1007 2434 1102 2459 autem
1116 2429 1272 2458 consolatio
1284 2434 1336 2464 est,
1349 2430 1511 2466 quempiam
1532 2430 1585 2459 sibi
1597 2438 1663 2458 con-

868 2476 956 2504 scium
979 2483 1048 2510 esse,
1063 2474 1137 2511 quod
1155 2474 1249 2503 omnia
1263 2482 1319 2502 non
1343 2474 1463 2503 humana
1485 2475 1595 2509 virtute,
1614 2475 1663 2504 sed

868 2520 1051 2557 divinagratia
1067 2519 1159 2548 faciat.
1174 2521 1209 2548 Et
1219 2527 1276 2548 non
1286 2519 1359 2556 apud
1371 2519 1529 2548 Corinthios
1544 2523 1663 2554 tantum,

869 2572 966 2593 verum
977 2565 1062 2593 etiam
1085 2564 1112 2592 in
1125 2568 1185 2592 toto
1206 2563 1328 2592 mundo.

907 2621 920 2635 ιι
937 2609 1130 2638 Abundantius
1144 2613 1240 2637 autem
1251 2608 1288 2637 ad
1301 2615 1360 2637 vos.
1376 2620 1389 2634 1
1405 2608 1552 2646 Quomodo
1564 2609 1577 2636 Ρ
1590 2608 1665 2643 Quo-

867 2654 943 2682 niam
961 2661 1026 2682 cum
1035 2653 1131 2690 signis,
1147 2657 1229 2690 atque
1249 2653 1332 2682 etiam
1346 2654 1414 2682 citra
1423 2657 1567 2689 sumptum
1577 2653 1665 2681 Evan-

718 2743 810 2774 Varia:
831 2744 983 2775 lectiones.

75 2824 154 2862 ηὴμῖν
165 2830 303 2865 προσφέρειν
317 2838 344 2860 ο.
383 2830 405 2848 ⁸⁸
420 2831 497 2857 ταῦτα
510 2838 539 2859 ο.
