1867 3081
165 144 217 170 807

698 139 955 168 THEOPHYLACTI
974 139 1153 167 BULGARl/E
1171 139 1329 168 ARCHIEP.

1761 139 1816 166 808

164 204 266 240 gelium
285 203 326 233 eis
335 203 506 241 pmdicavit.
521 202 644 232 '(bserva
659 207 763 237 autem,
778 202 853 239 quod
877 210 959 231 suum

1062 214 1099 232 ιον
1113 201 1248 242 ἐκήρυξεν.
1263 202 1336 243 Ὅρα
1351 202 1391 239 δὲ,
1406 201 1447 232 ὅτι
1467 201 1532 242 ὅπερ
1553 197 1585 238 ἧν
1604 201 1687 231 αὐτοῦ
1703 200 1736 230 τὸ
1751 212 1816 230 κατ-

165 256 237 285 opus
260 248 355 285 gratia:
366 248 418 277 Dei
446 248 570 276 ascribit.

201 294 293 322 Vnus.
310 296 354 321 13.
370 306 381 319 ι
393 295 457 322 Non
471 294 547 321 enim
557 293 609 321 alia
619 293 766 321 scribimus
775 292 864 327 vobi,
878 299 962 328 quam

166 345 229 374 quae
251 338 352 373 legitis,
373 342 421 366 aut
440 342 467 366 et
491 338 650 374 agnoscitis.
680 348 693 364 ι)
713 337 783 372 Quia
813 337 847 365 de
873 337 963 373 seipso

166 390 266 419 magna
280 382 352 411 visus
361 386 403 411 est
414 382 514 417 dicere,
526 391 559 411 ne
569 382 629 419 quis
644 382 717 411 dicat
730 382 799 410 hanc
819 381 963 409 verbosam

168 435 229 456 esse
237 427 412 464 jactantiam,
426 428 476 463 ait,
489 428 536 456 illa
549 428 692 456 scribimus
706 427 784 455 vobis
799 434 862 463 quae
874 426 964 462 legitis

170 472 198 500 in
215 471 313 500 litteris
323 471 411 507 hisce,
423 472 574 509 agnoscitis
584 476 677 500 autem
691 475 719 500 et
736 479 784 500 vos
797 471 964 507 praevenien-

169 519 218 544 tes.
236 517 299 545 Non
313 516 389 545 enim
404 516 563 545 adversatur
577 517 675 545 litteris
688 517 758 544 meis
770 520 859 544 vestra
873 515 965 552 cogni-

170 561 220 595 tio,
231 569 314 598 qnam
335 561 412 598 prius
436 566 598 598 conceptam
613 561 648 590 de
669 569 715 590 me
727 561 881 589 habebatis.
897 559 964 595 Qui-

169 605 237 634 dam
252 613 316 634 vero
337 606 390 635 hoc
407 606 443 634 ita
465 606 658 635 intellexerunt
674 615 681 634 :
696 614 795 642 nempe
814 605 858 633 illa
873 605 965 633 scribi-

170 658 233 679 mus
257 651 337 679 vobis
354 659 416 687 quaa
431 651 529 687 legitis,
544 651 597 679 hoc
626 655 678 685 est,
693 658 811 687 quorum
830 650 964 678 memoria

169 695 249 723 vobis
262 700 422 724 renovatur.
437 696 532 724 Lectio
551 696 624 724 enim
635 700 676 724 est
695 695 845 732 suggestio,
859 695 901 723 vel
916 702 965 723 su-

171 740 262 776 perior
274 740 400 776 quaedam
413 740 543 776 cognitio.
560 742 595 769 Et
605 740 672 777 quid
687 740 760 775 dico,
782 740 881 775 inquit,
895 747 965 776 quo-

170 792 233 813 rum
268 784 402 813 memoria
430 785 507 814 vobis
537 789 695 818 renovatur,
723 793 788 814 cum
813 784 966 821 agnoscatis

1017 246 1137 288 όρθωμα,
1152 249 1229 277 τοῦτο
1288 249 1333 277 τοῦ
1346 247 1419 277 Θιοῢ
1434 246 1575 283 ἀνατίθησι
1594 246 1697 286 χάριτι.

1060 304 1076 320 α
1090 293 1132 322 Οὖ
1147 292 1200 333 γὰρ
1214 292 1283 321 ἄλλα
1304 291 1440 333 γράφομεν
1457 293 1531 331 ὑμῖν,
1544 293 1603 321 ἀλλ’
1619 292 1637 327 ἢ
1652 291 1670 320 ἃ
1686 289 1818 329 ἀναγινώ-

1018 349 1106 374 σκετε,
1129 336 1147 372 ἢ
1168 337 1214 366 καὶ
1237 337 1436 376 ἐπιγινώσκετε.
1461 351 1473 363 ι
1493 336 1606 372 Ἐπειδὴ
1622 335 1730 375 μεγάλα
1747 335 1818 368 ἔδοξε

1018 382 1102 422 λέγειν
1126 382 1187 422 περὶ
1208 383 1313 419 ἑαυτοῦ,
1331 381 1375 412 ἵνα
1398 385 1435 422 μή
1453 394 1492 416 τις
1511 381 1574 421 εἴπῃ
1598 381 1702 418 κόμπον
1727 379 1818 421 ῥημά·

1017 421 1070 457 των
1093 421 1274 464 εἶναινταῢτα,
1299 427 1389 467 φησὶν,
1405 427 1446 456 ὅτι
1462 426 1572 457 Ἐκεῖνα
1586 426 1725 467 γράφομεν
1742 425 1818 463 ὗμῖν,

1020 471 1037 500 ἃ
1056 472 1250 511 ἀναγινώσκετε
1275 471 1321 510 μὲν
1344 473 1371 501 ἐν
1395 476 1449 506 τοῖς
1469 472 1612 512 γράμμασι
1639 470 1754 506 τούτοις,
1775 481 1819 508 γι-

1019 516 1132 546 νώσκετε
1158 516 1184 545 δὲ
1201 516 1400 557 προφθάσαντες
1423 516 1469 546 καὶ
1485 518 1571 556 ὑμεῖς.
1597 516 1639 546 Οὖ
1662 515 1716 555 γὰρ
1738 515 1815 544 ἐναν-

1019 564 1121 591 τιοῦται
1146 565 1200 594 τοῖς
1220 561 1362 602 γράμμασί
1385 573 1436 600 μου
1460 563 1477 598 ἡ
1503 560 1620 600 ὑμετέρα
1648 561 1761 599 γνῶσις,
1785 559 1818 594 ἣν

1020 606 1095 646 ἔχετε
1118 605 1296 646 προλαϐόντες
1318 607 1379 646 περὶ
1399 607 1473 645 ἐμοῦ.
1495 606 1573 640 Τινὲς
1600 605 1628 635 δὲ
1652 606 1739 638 οὕτως
1760 605 1818 633 ἐνό-

1020 663 1090 688 ησαν
1116 653 1204 688 τοῦτο,
1231 650 1271 680 ὅτι
1287 650 1398 681 Ἐκεῖνα
1421 651 1558 691 γράφομεν
1586 652 1659 689 ὑμῖν,
1685 649 1703 678 ἃ
1728 651 1819 687 ἀναγι-

1021 696 1148 726 νώσκετε
1189 695 1339 732 τουτέστιν,
1377 695 1620 734 ὑπομιμνήσιιεσθε·
1671 694 1821 734 ἀνάγνωσις

1021 741 1073 781 γάρ
1091 743 1161 771 ἐστιν
1187 743 1204 776 ἡ
1228 741 1387 780 ὓπόμνησις,
1410 740 1428 776 ἢ
1457 741 1555 770 ἄνωθεν
1580 742 1687 780 γνῶσις.
1714 738 1772 768 Καὶ
1791 738 1821 781 τί

1021 778 1101 826 λέγω,
1116 785 1208 826 φησὶν,
1233 778 1312 826 ἅτινα
1337 778 1592 824 ὓπομιμνήσκεσθεέ
1608 784 1687 814 ἅτινα
1711 784 1762 823 μὲν
1776 778 1821 813 οὖν

171 829 260 858 nostri
275 837 335 858 esse
351 830 472 866 propria,
488 838 578 866 neque
592 838 661 866 opus
668 830 768 858 habere
778 829 964 866 suggestione,

1060 825 1207 871 ,γινώσκετε
1244 825 1312 859 εἶναι
1342 830 1412 871 ἡμῖν
1445 830 1512 870 ἴδια,
1545 829 1613 869 μηδὲ
1642 828 1822 867 ὑπομνήσεως

171 881 204 903 eo
216 874 293 911 quod
314 875 370 902 sint
383 875 547 911 perspicua?

206 920 302 948 Vnus.
317 923 361 954 13,
379 923 418 947 I4.
438 931 451 944 ι
462 921 547 956 Spero
555 924 649 948 autem
657 919 731 956 quod
743 919 779 948 ad
788 919 872 948 ﬁdem
880 927 967 956 usque

172 964 343 1001 agnoscatis;
386 965 622 1001 quemadmodum
661 965 808 1001 agnovistis
845 972 898 993 nos
934 972 967 992 ex

172 1013 259 1045 parte.
274 1021 287 1034 -
321 1011 427 1038 Totum
452 1011 511 1038 Deo
533 1014 672 1046 acceptum
703 1009 795 1038 refert.
822 1021 835 1034 ι
850 1010 936 1045 Spero
953 1020 965 1033 ιο

173 1053 260 1085 enim,
281 1054 379 1090 inquit,
400 1054 428 1082 in
452 1057 545 1083 Deum
573 1055 708 1087 videlicet,
735 1053 810 1090 quod
823 1054 890 1082 tales
915 1060 968 1082 nos

178 1099 347 1134 agnoscetis,
361 1099 455 1135 quales
469 1104 497 1128 et
517 1099 641 1136 epistolae
666 1103 771 1128 nostra:
787 1097 918 1132 indicant,
938 1106 969 1126 ac

179 1143 315 1179 praeterita
335 1149 428 1172 nostra
438 1144 492 1172 vita
505 1144 633 1180 spondet.
659 1155 671 1168 ι
700 1145 739 1172 Ex
758 1147 835 1180 parte
850 1150 969 1179 namque

182 1195 237 1216 nos
251 1189 408 1224 agnovistis,
425 1201 437 1214 ιι
459 1189 511 1217 hoc
524 1194 576 1224 est,
588 1189 689 1225 experti
704 1189 780 1223 estis,
795 1196 860 1216 cum
873 1195 925 1216 nos
937 1195 970 1215 ex

178 1237 257 1268 parte
278 1234 355 1262 vobis
373 1234 625 1263 demonstravimus
643 1233 773 1270 quaedam
788 1233 850 1262 vitae
870 1233 970 1261 virtute

174 1281 320 1307 transacta
333 1279 441 1308 indicia.
464 1279 541 1308 Istud
561 1283 656 1307 autem
683 1286 716 1307 ex
731 1278 824 1307 animo
839 1277 970 1306 modesto

174 1321 283 1351 locutus
294 1328 343 1353 est.

218 1380 232 1395 ι(
245 1368 317 1404 Quia
338 1369 425 1406 gloria
440 1373 528 1397 vestra
543 1376 649 1404 sumus,
664 1368 737 1397 sicut
754 1372 783 1396 et
795 1375 845 1396 vos
865 1371 970 1399 nostra,

177 1415 208 1444 in
225 1415 268 1444 die
297 1414 408 1442 Domini
434 1415 501 1442 Jesu
526 1414 640 1442 Christi.
657 1425 670 1439 ιι
696 1413 768 1448 Quid
798 1412 971 1449 agnoscetis?

174 1459 254 1496 Quod
264 1460 351 1496 gloria
360 1463 451 1488 vestra
460 1466 533 1492 sum,
549 1458 602 1486 hoc
611 1462 654 1486 est
665 1458 728 1486 talis
741 1466 814 1492 sum,
831 1457 877 1492 qui
892 1456 971 1485 vobis

174 1505 347 1533 occasionem
359 1504 393 1532 de
412 1511 458 1531 me
471 1503 604 1540 gloriandi
619 1502 741 1539 praebere
760 1509 874 1538 possum
896 1502 967 1538 quod

178 1550 261 1578 talem
276 1548 382 1577 habetis
404 1548 558 1579 doctorem,
582 1547 631 1583 qui
653 1547 719 1575 nihil
743 1555 794 1575 vos
807 1547 972 1580 humanum,

178 1595 215 1622 nil
231 1594 402 1627 simulatum,
421 1592 458 1620 nil
484 1592 630 1620 subdolum
656 1592 791 1620 docuerit.
816 1591 922 1620 Deinde
940 1599 973 1619 ne

177 1638 253 1667 istud
267 1638 301 1666 de
313 1645 342 1665 se
353 1636 522 1673 jactabunde
535 1636 636 1664 dixisse
648 1636 781 1672 videatur,
794 1644 972 1664 communem

180 1682 246 1710 facit
256 1682 462 1718 gloriationem,
483 1681 608 1717 inquiens
629 1691 636 1709 ε
657 1683 714 1710 Vos
724 1681 807 1709 etiam
821 1689 882 1710 mea
896 1681 974 1709 eritis

182 1726 319 1763 gloriatio.
338 1726 485 1755 Gloriabor
497 1725 573 1753 enim
595 1725 671 1762 quod
694 1725 851 1762 hujusmodi
876 1730 974 1754 nactus

179 1772 232 1800 sim
247 1771 407 1808 discipulos,
418 1771 466 1807 qui
478 1778 567 1807 neque
574 1771 778 1805 concutiantur,
801 1779 890 1807 neque
903 1771 976 1799 deci-

183 1816 295 1853 piantur
317 1823 332 1844 a
355 1815 583 1852 pseudapostolis.
611 1816 726 1851 Quando
754 1823 818 1844 vero
832 1816 903 1844 inter
924 1823 976 1844 nos

180 1865 277 1890 mutuo
290 1861 492 1897 gloriabimur?
506 1861 668 1889 Etiamnum
682 1860 807 1897 quidem,
827 1860 875 1889 sed
889 1861 976 1897 potis-

179 1907 281 1935 simum
295 1906 324 1934 in
335 1906 381 1935 die
395 1906 450 1934 illa.
467 1905 553 1934 Hodie
567 1913 688 1942 namque
707 1905 780 1934 haud
794 1906 875 1941 pauci
886 1905 977 1933 convi-

181 1952 223 1979 cia
241 1955 270 1980 et
295 1951 440 1987 opprobria
465 1958 528 1986 quae
545 1958 598 1978 nos
621 1951 798 1984 sustinemus,
819 1949 923 1984 vident,
946 1958 977 1978 ac

180 1996 295 2024 fortasse
315 1996 516 2024 calumniantur
534 2003 586 2023 nos
611 2005 617 2022 :
641 1999 702 2023 tum
716 2003 793 2029 vero,
816 1995 865 2024 ubi
879 1999 976 2023 cuncta

180 2041 299 2070 revelata
307 2039 418 2072 fuerint,
430 2039 542 2068 videbor
555 2043 583 2067 et
598 2039 681 2076 247
697 2048 758 2076 ego,
772 2039 847 2076 quod
858 2048 913 2068 non
924 2040 976 2068 sim

181 2085 255 2119 talis,
271 2084 381 2121 qualem
395 2083 597 2120 pseudapostoli
611 2084 824 2112 calumniantur.
849 2085 906 2112 Vos
928 2092 976 2112 au-

182 2133 240 2157 tem
254 2129 381 2165 gloriatio
398 2132 496 2157 nostra
511 2128 597 2163 eritis,
617 2128 691 2164 quod
702 2128 900 2165 impostoribus
921 2136 977 2157 non

183 2174 321 2212 conjuncti
334 2174 434 2203 fuistis.

216 2204 309 2248 V'sns.
332 2222 376 2248 15.
389 2231 403 2244 ει
419 2221 453 2247 Et
469 2219 519 2248 hac
538 2219 637 2248 ﬁducia
651 2219 723 2247 volui
746 2218 820 2255 prius
835 2218 925 2247 venire
945 2218 979 2247 ad
993 2204 1017 2235 θ

180 2273 236 2293 vos.
256 2275 269 2291 »
281 2265 373 2300 Quali,
385 2271 490 2300 quaeso,
504 2264 605 2292 ﬁducia
616 2264 630 2291 ?
643 2263 726 2300 Quod
742 2263 811 2292 nihil
829 2263 899 2292 mihi
915 2264 980 2291 mali

181 2310 309 2338 conscius
325 2310 395 2345 .sim,
412 2309 488 2345 quod
514 2307 642 2346 gloriatio
655 2313 747 2337 vestra
761 2309 826 2344 sim,
850 2308 925 2344 quod
954 2308 982 2336 in

181 2355 283 2383 carnali
308 2354 442 2390 sapientia
466 2361 523 2382 non
534 2354 587 2382 sim
608 2358 742 2388 versatus,
761 2353 810 2382 sed
839 2353 868 2381 in
897 2353 982 2390 gratia

183 2399 244 2433 Dei,
264 2399 393 2436 quodque
413 2406 462 2427 vos
484 2398 587 2427 horum
602 2398 730 2427 omnium
744 2402 826 2426 testes
852 2397 980 2426 habeam.

185 2445 305 2486 gropter
314 2443 373 2473 haec
385 2443 476 2481 igitur,
492 2443 597 2480 inquit,
614 2455 627 2469 ι
644 2443 719 2472 νοΙυὶ
735 2443 828 2471 venire
837 2443 872 2472 ad
885 2450 944 2471 vos.
969 2455 981 2468 ι

221 2545 235 2559 α
251 2535 293 2564 Ut
318 2534 471 2563 secundam
503 2533 622 2571 gratiam
640 2532 812 2561 haberetis.»
834 2533 902 2561 Haec
928 2537 981 2568 est,

183 2579 284 2616 duplex
299 2579 444 2616 gaudium,
457 2583 517 2607 tum
538 2578 565 2607 id
582 2578 656 2615 quod
669 2577 782 2614 contigit
801 2585 849 2614 per
861 2578 981 2614 priorem

183 2625 346 2661 Epistolam,
360 2628 420 2653 tum
435 2623 503 2653 illud
511 2623 586 2661 quod
595 2623 731 2660 accepturi
743 2622 810 2652 estis
817 2630 866 2659 per
879 2622 981 2652 adven-

184 2674 245 2698 tum
258 2677 364 2699 meum.

1020 869 1142 914 δεόμενα,
1158 875 1202 904 διὰ
1215 875 1245 904 τὸ
1259 875 1380 914 πρόδηλα
1395 869 1474 905 εἶναι.

1063 932 1077 949 ι
1098 920 1217 954 Ἐλπίζω
1229 920 1256 949 δὲ
1271 920 1312 949 ὅτι
1323 919 1369 949 καὶ
1383 920 1433 954 ἕως
1452 919 1543 954 τέλους
1559 918 1751 959 ἐπιγνώσεσθε,
1772 929 1820 947 κα-

1020 965 1070 999 θὼς
1085 965 1130 995 καὶ
1151 965 1282 1004 ἐπέγνωτε
1305 966 1377 1003 ἡμᾶς
1398 965 1452 995 ἀπὸ
1470 963 1574 1004 μέρους.
1598 978 1611 991 ι
1635 965 1685 1004 Τῷ
1705 964 1772 1001 Θεῷ
1794 962 1822 991 τὸ

1021 1015 1074 1040 πᾶν
1091 1010 1256 1046 ἀνατίθησιν.
1283 1023 1295 1036 α
1323 1009 1446 1044 Ἐλπίζω
1467 1020 1482 1038 »
1508 1009 1571 1049 γὰρ,
1603 1009 1694 1049 φησὶν,
1718 1009 1757 1041 εἰς
1779 1007 1823 1037 τὸν

1021 1056 1091 1086 Θεὸν
1116 1055 1229 1092 δηλαδὴ,
1244 1054 1285 1084 ὅτι
1299 1054 1431 1088 τοιούτους
1450 1056 1522 1093 ἡμᾶς
1539 1053 1731 1094 ἐπιγνώσεσθε,
1758 1052 1824 1085 (οἵους

1022 1101 1068 1130 καὶ
1082 1101 1109 1129 αἱ
1124 1099 1263 1130 ἐπιστολαὶ
1276 1101 1353 1138 ἡμῶν
1371 1100 1491 1136 δηλοῦσι,
1516 1099 1562 1128 καὶ
1581 1100 1596 1128 ὁ
1609 1099 1744 1138 παρελθον
1770 1098 1823 1137 βίος

1021 1147 1159 1185 ἐγγυᾶται.
1183 1158 1197 1171 ι
1214 1144 1264 1174 Ἐκ
1283 1145 1377 1185 μέρους
1402 1157 1415 1171 ι
1434 1144 1486 1184 γὰρ
1513 1156 1529 1171 ι
1551 1143 1685 1182 ἐπέγνωτε
1705 1145 1791 1181 ἡμᾶς·
1805 1153 1818 1170 n

1023 1191 1167 1228 τουτέστιν,
1203 1189 1390 1230 Ἐπειράθητε,
1416 1190 1494 1227 ἡμῶν
1523 1187 1734 1227 ἐπιδειξαμένων
1764 1189 1823 1225 ὗμῑν

1023 1237 1052 1265 ἐκ
1068 1235 1162 1275 μέρους
1184 1234 1245 1275 τινα
1268 1234 1392 1275 ἐναρέτου
1416 1233 1475 1274 βίου
1490 1233 1634 1273 τεκμήρια.
1651 1234 1823 1273 Μιτριοφρο-

1021 1281 1073 1310 νῶν
1088 1280 1115 1309 δὲ
1129 1282 1206 1310 τοῦτο
1219 1274 1304 1309 εἶπεν.

1067 1380 1083 1400 α
1095 1369 1162 1400 Ὅτι
1184 1369 1314 1410 καύχημα
1336 1370 1410 1408 ὑμῶν
1426 1369 1518 1407 ἐσμεν,
1542 1367 1665 1408 καθάπερ
1685 1368 1736 1398 καὶ
1756 1368 1828 1406 ὓμεῖς

1024 1417 1111 1454 ἡμῶν,
1126 1415 1153 1444 ἐν
1222 1414 1311 1455 ἡμέρᾳ
1333 1417 1380 1443 τοῦ
1398 1413 1497 1454 Κυρίου
1523 1413 1626 1453 [ἡμῶν]
1643 1413 1736 1449 Ἰησῶ
1761 1414 1827 1453 Χρι·

1025 1461 1097 1489 στοῢ.
1122 1470 1137 1488 ι
1153 1459 1190 1489 Τί
1206 1458 1400 1499 ἐπιγνώσεσθες
1417 1457 1484 1499 Ὅτι
1508 1459 1639 1498 καύχημα
1657 1459 1736 1496 ὗμῶν
1763 1459 1826 1495 εἰμι·

1027 1503 1155 1542 τουτέστι,
1182 1504 1306 1538 Τοιοῦτός
1326 1504 1393 1542 εἰμι,
1419 1498 1471 1537 οἶος
1492 1503 1592 1533 διδόναι
1613 1505 1675 1540 ὑμῖν
1701 1502 1826 1544 ἀφορμὴν

1029 1548 1188 1589 καυχήσεως
1206 1550 1249 1578 ἐπ’
1263 1548 1333 1588 ἐμοὶ,
1357 1547 1397 1577 ὅτι
1420 1551 1536 1578 τοιοῦτον
1551 1547 1627 1587 ἔχετε
1645 1547 1826 1582 διδάσκαλον,

1029 1593 1103 1623 οὐδὲν
1126 1593 1287 1633 ἀνθρώπινον
1312 1592 1466 1631 διδάξαντα,
1486 1593 1537 1633 οὐχ
1551 1592 1684 1629 ὕπουλον,
1705 1593 1738 1622 οὗ
1756 1593 1827 1622 δολε-

1030 1639 1083 1678 ρόν.
1111 1634 1180 1669 Εἶτα
1204 1637 1248 1668 ἵνα
1271 1638 1309 1677 μὴ
1331 1638 1392 1678 δόξῃ
1417 1637 1478 1678 περὶ
1501 1639 1596 1667 ἑαυτοῦ
1626 1636 1712 1676 λέγειν
1743 1649 1828 1676 μεγα-

1028 1684 1135 1723 λαυχῶν
1152 1683 1189 1720 ³⁷,
1205 1684 1391 1713 κοινοποιεῖται
1405 1682 1435 1711 τὸ
1453 1682 1596 1722 καύχημα,
1613 1682 1659 1711 καί
1674 1693 1770 1722 φησιν,
1792 1680 1827 1710 ὅτι

1030 1728 1082 1758 Καὶ
1104 1730 1178 1766 ὑμεῖς
1193 1727 1322 1767 καύχημα
1344 1727 1435 1757 ἔσεσθε
1457 1727 1533 1766 ἐμόν.
1561 1727 1748 1766 Καυχήσομαι
1770 1726 1827 1766 γὰρ,

1028 1771 1068 1802 ὅτι
1079 1771 1204 1802 τοιούτων
1221 1771 1313 1813 ἔτυχον
1329 1773 1471 1811 μαθητῶν,
1486 1772 1524 1810 μὴ
1539 1771 1746 1810 σαλευομένων,
1763 1772 1826 1810 μηδὲ

1028 1817 1277 1858 παραλογιζομένων
1294 1817 1345 1847 ὑπὸ
1367 1818 1419 1846 τῶν
1443 1817 1680 1857 ψευδαποστόλων.
1703 1817 1780 1846 Πότε
1803 1815 1826 1844 δὲ

1028 1863 1071 1892 ἐπ’
1090 1862 1214 1898 ἀλλήλοις
1228 1861 1433 1902 καυχησόμεθα;
1450 1862 1506 1892 Καὶ
1522 1863 1567 1890 νῦν
1583 1861 1641 1900 μὲν,
1654 1861 1782 1899 μάλιστα
1803 1861 1825 1890 ὂὲ
1864 1861 1865 1872 ³

1027 1907 1055 1937 ἔν
1120 1907 1209 1948 ἡμέρᾳ
1231 1907 1327 1946 ἐκείνῃ.
1344 1907 1401 1936 Νῦν
1415 1906 1463 1945 μὲν
1477 1906 1530 1946 γὰρ
1545 1907 1569 1936 οἱ
1587 1905 1683 1936 πολλοὶ
1703 1907 1740 1935 τὰ
1763 1905 1826 1935 ὀνεὶ-
1863 1939 1864 1950 γ

1029 1952 1062 1988 δη
1077 1952 1122 1982 καὶ
1135 1951 1168 1981 τὰ
1179 1951 1344 1990 σκώμματα,
1360 1951 1378 1980 ἃ
1391 1951 1556 1992 ὕφιστάμεθα
1571 1951 1660 1989 ἡμεῖς,
1675 1951 1771 1991 ὁρῶσι,
1785 1950 1826 1980 καὶ

1029 1996 1093 2031 ἴσως
1117 1996 1305 2026 διαϐάλλουσιν
1321 1999 1402 2035 ἡμᾶς·
1421 1996 1482 2025 τότε
1503 1995 1540 2032 δὲ,
1562 1996 1671 2025 πάντων
1691 1997 1827 2035 ἀνακαλυ-

1030 2041 1157 2082 φθέντων,
1177 2034 1399 2083 φανήσομαιγκαὶ
1421 2040 1486 2080 ἐγὼ,
1515 2041 1555 2070 ὅτι
1574 2041 1604 2070 οὗ
1629 2042 1759 2079 τοιοῦτος,
1777 2034 1826 2070 οἷον
1862 2055 1863 2081 γ

1031 2087 1055 2116 οἱ
1068 2086 1278 2127 ψευδαπόστολοι
1289 2085 1476 2116 διαϐάλλουσι·
1495 2085 1541 2116 καὶ
1556 2085 1631 2124 ὑμεῖς
1655 2084 1683 2114 δὲ
1697 2085 1826 2125 καύχημα

1031 2133 1108 2170 ἡμῶν
1122 2131 1229 2168 ἔσεσθε,
1245 2129 1286 2161 ὅτι
1299 2131 1328 2161 οὖ
1340 2134 1394 2165 τοῖς
1413 2132 1552 2161 ἀπατεῶσι
1567 2130 1758 2170 προσετέθητι.

1074 2232 1087 2246 ι
1104 2217 1158 2248 Καὶ
1172 2216 1256 2257 ταύτῃ
1320 2216 1479 2253 πεποιθήσει
1502 2216 1651 2255 ἐϐουλόμην
1667 2217 1753 2246 ἐλθεῖν
1768 2215 1827 2255 πρὸς
1862 2213 1863 2223 ἶ

1037 2264 1106 2302 ὑμᾶς
1125 2262 1156 2292 τὸ
1179 2262 1314 2303 πρότερον.
1337 2274 1351 2292 ι
1375 2262 1447 2302 Ποία
1470 2261 1645 2299 πεποιθήσεις
1673 2262 1723 2301 Τῷ
1750 2260 1827 2303 μηδὲν

1038 2308 1146 2348 ἐμαυτῷ
1166 2299 1314 2337 συνειδέναι
1336 2307 1466 2347 πονηρὸν,
1484 2307 1522 2346 τῷ
1544 2306 1676 2346 καύχημα
1698 2307 1772 2344 ὓμιῖιν
1795 2299 1829 2334 εἶ-

1038 2365 1090 2390 ναι,
1104 2354 1142 2392 τῷ
1157 2352 1224 2391 μηδὲ
1240 2353 1267 2382 ἐν
1289 2353 1403 2392 σαρκικῇ
1427 2353 1628 2392 ἀναστραφῆναι
1649 2350 1741 2391 σοφία,
1762 2349 1827 2379 αλλὰ
1861 2356 1862 2392 ᾖ

1037 2399 1063 2427 ἐν
1077 2398 1166 2438 χάριτι
1177 2400 1224 2427 τοῦ
1240 2398 1310 2427 Θεοῦ
1321 2419 1329 2434 ,
1341 2396 1388 2438 καὶ
1401 2398 1471 2436 ὑμᾶς
1487 2396 1623 2436 μάρτυρας
1643 2394 1717 2435 ἔχειν
1733 2394 1825 2425 τούτων

1036 2436 1153 2472 πάντὼν.
1179 2442 1232 2472 Διὰ
1243 2443 1329 2472 ταῦτα
1345 2436 1401 2480 οὖν,
1421 2441 1511 2483 φησὶν,
1534 2453 1551 2469 ε
1574 2441 1724 2479 ἐϐουλόμην
1746 2440 1824 2470 ἐλθεῖν

1036 2487 1102 2528 ’πρὸς
1117 2489 1194 2526 ὑμᾶς.
1211 2499 1226 2515 ι

1079 2544 1095 2560 ι
1110 2530 1172 2562 Ἵνα
1191 2531 1315 2572 δευτέραν
1328 2531 1407 2572 χάριν
1425 2530 1518 2571 ἔχητε.
1532 2541 1547 2560 ιι
1567 2530 1716 2568 Τουτέστι,
1735 2530 1823 2563 διπλῆν

1035 2577 1134 2618 χαρὰν,
1151 2577 1200 2613 τήν
1218 2588 1247 2607 τε
1264 2575 1308 2606 διὰ
1321 2579 1369 2613 τῆς
1383 2576 1512 2616 προτέρας
1531 2576 1705 2613 Ἐπιστολῆς,
1719 2575 1761 2604 καὶ
1780 2574 1824 2607 τήν

1037 2623 1080 2653 διὰ
1091 2624 1139 2659 τῆς
1150 2621 1299 2663 παρουσίας
1312 2633 1374 2660 μου.

873 2745 974 2785 Naris:
996 2744 1146 2775 lectiones.

222 2805 244 2822 ¹¹¹
259 2804 362 2836 ἀλαζὼν
375 2805 431 2842 περὶ
442 2805 534 2843 ,εαυτοῦ
549 2804 719 2842 μεγαλαυχῶν
732 2811 760 2833 o.
