1867 3081
10 158 35 186 )9
430 154 607 184 EXPOSITIO
627 156 659 183 IN
680 155 786 184 EPIST.
807 157 827 184 ll
847 157 893 184 AD
913 157 991 186 COB.
1011 172 1047 178 —
1066 157 1139 185 CAP.
1162 158 1181 185 Ι.
1576 158 1628 186 810

27 232 40 247 ε
64 217 118 249 Καὶ
131 219 166 247 δι’
183 218 256 256 ὐμῶν
271 217 379 247 διελθεῖν
395 218 431 251 εἷς
446 217 625 248 Μακεδονίαν.
646 231 659 245 ι
686 218 764 248 Καίτι

889 220 963 248 ’sns.
978 222 1020 247 [6.
1032 231 1045 243 σι
1062 221 1102 247 Ac
1112 227 1158 255 per
1170 227 1219 247 vos
1233 219 1347 247 transire
1358 219 1386 247 in
1398 219 1602 248 Macedoniam.
1614 230 1626 244 ν

10 278 12 287 ι
85 263 203 303 προτέρᾳ
224 262 372 300 Ἐπιστολῇ
393 262 510 302 εἰρήκει·
536 275 548 289 ι
573 262 737 300 Ἐλεύσομαι

894 264 920 291 ui
930 264 956 291 in
969 264 1058 300 priore
1077 263 1196 298 Epistola
1208 263 1315 291 dixerat
1333 269 1359 297 ε,
1371 275 1383 287 ι
1399 264 1514 292 Veniam
1530 264 1564 292 ad
1580 271 1628 292 vo

10 309 48 348 ρὸς
69 310 155 345 ὑμᾶς,
179 308 242 336 ὅταν
263 307 433 338 Μακεδονίαν
454 307 547 337 διέλθω
560 319 567 326 ⁸
582 321 593 334 ν
617 309 729 337 ἐνταῦθα

897 309 1088 337 Macedoniam
1103 309 1241 336 transiero
1257 317 1264 336 :
1280 318 1293 335 η
1316 308 1361 336 hic
1376 316 1439 336 vero
1454 309 1503 342 ait,
1520 309 1626 337 «Volui

10 364 75 388 ησιν,
91 351 133 382 ὅτι
149 365 161 378 ε
177 351 346 389 Ἐϐουλόμην
359 353 484 391 πρότερον
501 353 583 382 ἐλθεῖν
598 351 661 391 πρὸς
675 354 743 386 ὑμᾶς

888 361 910 381 IS
929 354 1023 381 venire
1038 353 1073 381 ad
1086 361 1142 381 vos.
1159 365 1170 378 ιι
1188 353 1261 388 Quid
1275 353 1378 388 igitur?
1392 360 1486 381 secum
1497 353 1554 388 ipse
1575 361 1625 389 pu-

10 397 21 426 “ί
34 392 94 432 οὖνς
112 398 203 436 ἑαυτῷ
218 397 397 434 ἐναντιοῦται;
418 396 464 432 Μὴ
488 396 607 435 γένοιτοῐ
623 398 663 427 Οὖ
676 396 726 436 γὰρ
742 409 747 426 l

888 399 918 426 t?
935 397 1166 434 Haudquaquam.
1183 399 1244 426 Non
1259 398 1333 426 enim
1346 397 1423 429 dixit.
1451 397 1553 432 Scripsi
1577 405 1625 432 per

10 454 49 480 εν,
61 441 100 471 ὅτι
114 439 248 482 Ἔγραψα
264 440 296 469 δι’
311 441 385 478 ὓμῶν
401 441 524 470 ἀπελθεῖν
540 442 575 474 εἰς
590 441 747 472 Μακεδονίαν

895 451 939 470 me
954 443 1095 471 abiturum
1111 443 1138 470 in
1155 442 1356 475 Macedoniam,
1376 441 1434 475 sed,
1453 453 1466 466 ι
1482 442 1590 469 Veluti.
1612 451 1625 467 ν

10 487 53 521 DS,
67 500 80 512 ι
97 485 281 523 Ἐϐουλόμην.
296 497 311 512 η
329 486 360 515 Εἰ
375 485 427 525 γὰρ
444 484 490 514 καὶ
508 486 558 525 οὐχ
572 486 652 520 οὕτως
665 487 747 526 ἔγραψ

886 488 946 515 imsi
960 488 1035 515 enim
1050 495 1105 515 non
1120 487 1160 515 sic
1173 487 1279 523 scripsi,
1301 487 1399 523 inquit,
1415 486 1560 514 studebam
1582 490 1623 514 ta.

10 531 81 569 ηιιὶν1
102 529 176 568 ὅμως
196 529 358 564 ἐσπούδαζον
379 530 425 559 καὶ
445 529 592 568 ἐϐουλόμην
610 531 693 560 ἐλθεῖν
713 543 747 569 πρ

889 540 895 559 ι
917 536 945 560 et
977 532 1100 560 volebam
1115 531 1207 559 venire
1231 531 1266 559 ad
1285 539 1333 559 vos
1349 531 1506 567 priusquam
1532 532 1626 559 Mace-

10 580 52 613 μᾶς
65 574 108 604 καὶ
120 574 183 615 πρὶν
200 574 367 605 Μακνδονίαν
383 574 431 603 ἴδω
442 586 449 593 ·
464 577 588 604 τοσοῦτον
601 575 717 616 ἀπέσχον
733 587 747 604 τ

891 577 947 604 iam
957 576 1101 604 inviserem
1117 584 1124 604 :
1141 580 1248 604 tantum
1265 576 1341 604 abest
1350 580 1382 603 ut
1395 584 1427 604 ex
1445 575 1571 603 socordia
1585 575 1626 603 in-

10 622 133 659 ιιθυμῆσαι
161 620 247 649 ἐλθεῖν
274 619 340 659 πρὸς
371 621 454 656 ὑμᾶς,
482 620 528 648 καὶ
561 621 706 659 ὑστερῆσαι
731 631 747 649 τ

888 621 996 649 niserim
1011 621 1161 657 quominus
1183 621 1218 648 ad
1231 628 1280 648 vos
1293 621 1426 652 venirem.
1446 628 1478 648 ac
1496 628 1552 648 non
1566 623 1625 648 sta-

10 664 164 704 ποσχίσεως,
178 663 248 694 ὥστε
261 663 307 692 καὶ
320 664 471 707 προφθάσαι
485 663 568 700 αὐτὴν
587 664 716 701 ἠθέλητα.

851 673 892 694 em
910 665 1138 702 promissioni,ut
1150 670 1177 693 et
1191 666 1340 700 praevenire
1353 665 1429 694 illam
1444 664 1588 693 voluerim.

27 722 38 735 ι
58 709 108 738 Καὶ
131 710 214 738 πάλιν
236 708 291 738 ἀπὸ
317 709 484 742 Μακεδονίας
505 709 588 738 ἐλθεῖν
609 709 672 748 πρὸς
691 711 758 747 ὑμᾶς

901 711 936 738 Et
950 710 1052 738 iterum
1066 719 1082 738 a
1099 709 1256 738 Macedonia
1271 709 1360 738 venire
1376 709 1411 737 ad
1436 717 1494 743 vos,
1505 713 1534 737 et
1549 717 1564 738 a
1576 717 1625 737 vo-

10 753 33 782 αὶ
55 755 95 794 ὑφ’
118 754 195 791 ὑμῶν
224 755 431 793 προπεμφθῆναι
458 754 493 786 εἷς
520 753 567 789 τὴν
586 753 738 794 γΊουδαίαν.

894 755 993 783 deduci
1021 755 1047 782 in
1068 754 1205 783 Iudaeam.
1225 766 1237 779 η
1256 756 1286 782 in
1310 754 1400 790 priore
1414 754 1627 790 Epistolainde—

10 799 33 827 Ξν
100 797 218 838 προτέρᾳ
237 797 384 838 Ἐπιστολῇ
401 797 556 838 ἀδιορίστως
575 793 648 828 εἶπεν
659 810 666 818 ·
689 813 700 825 α
717 798 744 829 Ἵ

887 803 910 827 te
931 799 1009 832 dixit,
1026 811 1038 824 ι
1066 801 1107 828 Ut
1130 807 1177 827 vos
1208 807 1253 827 me
1286 799 1431 827 deducatis
1459 806 1624 835 quocunque

10 846 59 879 μιῖς
73 855 104 880 με
124 842 306 882 προπέμψητε
328 838 357 872 οὗ
378 842 423 871 ἐὰν
439 841 612 882 πορεύσωμαι
624 855 632 862 ⁸
651 855 664 873 ι)
691 844 747 873 δεδο

888 857 902 879 ι,
919 856 932 869 ι
950 845 1050 872 veritus
1062 852 1096 872 ne
1111 844 1133 872 si
1152 844 1275 876 dixisset,
1298 844 1324 871 in
1335 844 1472 877 Judaeam,
1490 848 1518 871 et
1537 852 1552 872 a
1564 844 1625 879 Spi-

10 887 38 920 ώς
60 887 151 924 μήπως
170 886 272 923 εἰπὼν,
293 887 334 916 ὅτι
351 888 395 920 Εἷς
414 887 462 923 τὴν
478 887 623 926 Ἰουδαίαν,
647 883 704 918 εἶτα
726 889 747 918 in

910 889 963 916 alio
990 893 1103 917 coactus
1133 888 1227 917 {uisset
1253 888 1400 924 proﬁcisci,
1421 888 1537 916 mendax
1561 895 1623 916 esse

11 935 34 961 οὗ
50 932 201 971 Πνεύματος
219 933 233 962 ἑ
258 931 335 971 έρωθι
355 932 529 971 ἀναγκασθεὶς
548 933 682 969 ἀπελθεῖν,
707 945 748 973 φα¹

892 938 979 961 :relur.
1009 935 1072 962 Jam
1094 942 1166 961 nunc
1190 942 1255 962 vero
1279 933 1505 970 quandoquidem
1526 932 1560 960 ad
1582 940 1629 961 eos

10 977 103 1012 ιιύστης.
127 978 185 1006 Νῦν
211 976 240 1006 δὲ
265 977 357 1012 ἐπειδὴ
382 977 499 1017 ἀπέτυχε
524 980 570 1006 τοῦ
593 978 658 1018 πρὸς
686 979 747 1007 αὐτο

891 978 966 1006 icisci
987 987 1043 1006 non
1055 979 1179 1014 contigit,
1194 978 1256 1006 ideo
1276 978 1405 1006 audacter
1418 978 1496 1012 dicit,
1516 977 1628 1013 quodin

10 1022 84 1058 λθεῖν,
105 1023 209 1062 θαῤῥῶν
232 1021 303 1060 λέγει
324 1022 431 1056 λοιπὸν,
451 1022 491 1051 ὅτι
508 1022 554 1054 Εἰς
574 1022 622 1057 τὴν
650 1022 746 1053 Ἰουδαί

890 1031 955 1051 mam
970 1023 1041 1051 volui
1065 1031 1081 1051 a
1102 1023 1179 1051 vobis
1201 1023 1298 1051 deduci
1323 1027 1372 1051 :at
1389 1024 1448 1052 Deo
1472 1023 1560 1050 visum
1576 1026 1627 1056 est,

10 1065 76 1100 ᾗθελον
96 1068 302 1107 προπεμφθῆναι
317 1066 360 1106 ὑφ’
375 1068 447 1104 ὑμῶν
459 1078 466 1085 ·
482 1067 542 1096 ἀλλ’
556 1068 569 1096 ὁ
588 1069 655 1100 Θεὸς
667 1067 726 1097 οὔτε
744 1081 747 1097 l

892 1076 970 1104 teque
984 1068 1100 1096 omnino
1119 1067 1153 1097 ad
1175 1076 1222 1096 vos
1237 1068 1368 1100 venirem,
1394 1075 1484 1104 neque
1508 1075 1523 1096 a
1552 1067 1629 1096 vobis

10 1114 57 1147 ιμίῖς
77 1111 140 1144 ὅλως
163 1112 249 1141 ἐλθεῖν
273 1111 501 1148 εὖδόκησεν,οὔτε
526 1113 561 1145 εἷς
582 1111 630 1148 τὴν
648 1112 746 1142 Ἰουδαί

893 1113 1001 1141 udzeam
1013 1112 1172 1142 deducerer.
1192 1112 1361 1150 Audiigitur
1379 1120 1441 1149 quas
1465 1116 1626 1149 sequuntur.

10 1154 114 1193 φ’ὗμῶν
129 1157 347 1196 προπεμφθῆναι.
372 1154 465 1185 Ἄκουε
489 1151 533 1186 οὖν
557 1156 602 1186 καὶ
626 1158 677 1186 τῶν
702 1157 779 1193 ἐξῆν

34 1212 45 1226 ι
66 1201 146 1230 Τοῦτο
169 1196 217 1230 οὖν
243 1199 418 1239 βουλόμενος,
447 1200 512 1239 μήτι
535 1201 585 1241 ἄρα
611 1203 643 1241 τῇ
667 1202 771 1243 ἐλαφρίε

892 1206 961 1233 sus.
994 1207 1039 1233 I7.
1065 1215 1078 1229 (ι
1092 1205 1162 1233 Cum
1171 1211 1236 1240 ergo
1247 1203 1299 1232 hoc
1319 1204 1479 1237 voluissem,
1492 1203 1629 1240 numquid

10 1244 155 1286 χρησᾶμην)
171 1244 210 1275 Ἣ
235 1245 252 1274 ἃ
275 1245 452 1284 βουλεύομαι,
469 1245 538 1275 κατὰ
563 1245 650 1286 σάρκα
672 1248 747 1286 βουλε

893 1253 941 1277 :ate
956 1257 1023 1277 usus
1037 1257 1098 1277 sum
1113 1251 1125 1277 Ρ
1139 1252 1195 1278 Aut
1209 1256 1270 1284 quae
1284 1249 1382 1284 cogito,
1405 1249 1558 1278 secundum
1571 1257 1630 1277 car-

10 1300 67 1328 ιμαι,
80 1287 120 1318 ἵνα
165 1289 232 1330 παρ’
251 1289 310 1328 ἐμοὶ
330 1289 360 1320 τὸ
374 1290 432 1326 ναὶ,
449 1289 508 1326 ναὶ,
523 1290 570 1320 καὶ
585 1291 615 1320 τὸ
631 1290 660 1320 οὒ
673 1314 681 1330 ,
697 1291 745 1328 0'3;

890 1302 897 1322 ι
910 1295 1011 1330 cogito,
1029 1298 1059 1322 ut
1068 1295 1105 1321 sit
1115 1293 1186 1330 apud
1202 1301 1256 1327 me,
1270 1301 1323 1326 nae.
1337 1301 1394 1328 me,
1405 1298 1432 1322 et
1448 1301 1515 1328 non,
1530 1295 1627 1322 non?-

10 1333 115 1363 Ενταῦθα
140 1334 313 1373 ἐκδηλότερον
342 1335 512 1373 ἀπολογεῖται
542 1335 609 1374 ὓπερ
637 1338 685 1370 τῆς
715 1338 747 1376 βρ

906 1339 1005 1367 clarius
1019 1339 1155 1366 rationem
1167 1338 1257 1366 reddit
1269 1338 1403 1366 tarditatis
1414 1346 1483 1369 suae.
1495 1339 1629 1374 inquiens,

10 1376 108 1414 ίύτητος,
127 1378 171 1408 καί
183 1390 278 1420 φησιν,
291 1377 330 1408 ὅτι
349 1380 510 1420 βουλόμενος
523 1380 605 1410 ἐλθεῖν
618 1381 682 1420 πρὸς
696 1382 747 1418 ὑμᾶ

894 1392 904 1411 ι
912 1384 946 1412 ad
954 1391 1001 1412 νος
1007 1383 1100 1411 venire
1108 1383 1298 1417 decrevissem,
1307 1383 1387 1419 cujus
1395 1391 1478 1411 causa
1489 1391 1546 1411 non
1555 1384 1631 1411 veni?

10 1420 57 1455 πίνος
70 1424 149 1452 ἕνεκεν
170 1423 218 1452 οὐκ
238 1419 333 1460 ἦλθον;
354 1419 407 1462 ἆρα
421 1425 456 1457 ὡς
473 1424 585 1464 ἐλαφρὸς
607 1425 747 1465 καὶγεῦρίτι

889 1437 909 1456 n
925 1429 987 1464 quia
1000 1428 1065 1456 levis
1079 1433 1106 1456 et
1130 1429 1289 1456 inconstans
1304 1428 1367 1461 sim,
1384 1432 1411 1456 et
1424 1428 1469 1464 qui
1484 1428 1550 1456 alias
1573 1428 1626 1456 alia

10 1476 67 1503 νιος,
85 1467 128 1496 καὶ
149 1467 247 1498 ἄλλοτε
269 1469 339 1497 ἄλλα
360 1470 481 1508 φρονῶνς
502 1470 646 1508 Οὐδαμῶς.
663 1464 730 1509 ¹Ἆρα

896 1474 948 1501 iat?
961 1474 1150 1510 Nequaquam.
1165 1475 1238 1501 Num
1251 1473 1490 1507 igitursecundum
1504 1481 1630 1506 carnem,

10 1511 60 1540 ιατὰ
73 1512 166 1550 σάρκα,
181 1513 317 1542 τουτέστιν
327 1535 335 1550 ,
360 1513 530 1553 ἀνθρωπίνως
546 1514 719 1554 βουλεύομαι,
734 1527 747 1544 κ

894 1522 941 1551 est,
958 1517 1079 1545 humano
1091 1525 1167 1545 more
1181 1517 1313 1550 delibero,
1327 1522 1355 1545 et
1365 1517 1472 1553 propria
1491 1517 1631 1545 voluntate

10 1555 73 1596 ιὶκιία
97 1556 186 1596 γνώμῃ
225 1558 390 1595 διοικοῦμαι,
417 1557 486 1588 ὥστε
522 1557 536 1588 ὃ
574 1558 693 1600 ἀφορίσω
718 1571 747 1589 πε

894 1570 984 1596 ernor,
995 1566 1026 1590 ut
1037 1562 1110 1598 quod
1125 1562 1295 1590 constituero
1310 1561 1382 1597 apud
1398 1561 1543 1597 meipsum,
1559 1562 1631 1590 idem

10 1600 111 1640 ἰμαυτῷ,
126 1604 203 1631 τοῦτο
223 1602 268 1632 καὶ
283 1603 377 1642 πληρῶ
389 1625 397 1639 ,
421 1602 471 1632 κᾶν
488 1614 515 1632 τε
530 1603 573 1632 ναὶ
583 1626 591 1640 ,
613 1604 664 1633 κᾶν
686 1615 715 1634 τε
734 1616 747 1633 ο

896 1607 1032 1642 mpleam,
1058 1607 1115 1635 sive
1139 1606 1175 1634 sit
1194 1615 1248 1640 nae,
1263 1607 1319 1634 sive
1334 1607 1370 1634 sit
1394 1607 1466 1634 non?
1485 1606 1565 1634 Haud
1590 1606 1630 1634 sic

10 1644 52 1673 Dim
73 1645 121 1684 ἔχω
151 1645 272 1681 ἐξουσίαν
298 1646 364 1677 ὅπου
389 1646 457 1676 θέλω
488 1647 608 1684 ἀπιέναι,
633 1648 693 1678 ἀλλ’
717 1647 747 1678 8η

896 1651 1014 1679 ihabet.
1047 1651 1099 1680 Sed
1123 1651 1225 1687 Spiritu
1250 1659 1326 1687 agor,
1341 1659 1394 1679 nec
1409 1651 1479 1679 mihi
1504 1651 1580 1687 copia
1592 1655 1633 1679 est

10 1688 75 1718 ἰκεῖνο
95 1691 243 1730 προστάξει.
263 1690 352 1722 Ὥστε
377 1690 505 1725 πολλάκις
528 1691 592 1732 παρ’
606 1693 665 1730 ἐμοὶ
690 1693 720 1722 τὸ
739 1706 747 1722 ι

896 1705 922 1731 a,
943 1700 974 1724 ut
984 1704 1039 1732 quo
1058 1696 1137 1724 velim
1151 1696 1318 1732 proﬁciscar,
1342 1695 1390 1724 sed
1406 1704 1460 1732 quo
1484 1696 1527 1724 ille
1542 1696 1633 1732 injun-

10 1733 44 1762 οὐκ
55 1733 104 1763 ἔστι
116 1735 171 1771 ναὶ,
186 1736 233 1765 διὰ
254 1736 285 1766 τὸ
305 1735 343 1774 μὴ
358 1736 405 1766 καὶ
423 1739 461 1777 τῷ
480 1737 621 1774 Πνεύματι
636 1737 708 1772 δόξαι
723 1750 747 1768 τε

891 1741 920 1769 it.
940 1742 1034 1777 Itaque
1047 1748 1238 1776 saepenumero
1257 1741 1328 1776 apud
1341 1749 1385 1768 me
1393 1749 1436 1769 na:
1451 1749 1506 1768 non
1522 1744 1564 1769 est
1574 1748 1628 1774 nae,

10 1787 44 1806 το·
63 1778 115 1808 οὐδὲ
137 1780 165 1809 τὸ
187 1779 238 1817 οὒ,
263 1779 309 1816 οδ,
330 1781 396 1810 διότι
416 1782 481 1821 ὅπερ
506 1781 558 1821 ἐγὼ
584 1783 747 1820 ἆπαναίνομι

894 1791 982 1821 plerea
1008 1786 1081 1822 quod
1100 1793 1155 1813 non
1179 1786 1260 1813 etiam
1281 1786 1395 1821 Spiritui
1416 1785 1468 1813 hoc
1492 1786 1596 1821 placeat
1625 1795 1631 1812 :

10 1824 70 1852 τοῦτο
87 1824 182 1854 κελεύει
196 1825 230 1855 τὸ
246 1826 369 1864 Πνεῦμα.
385 1824 460 1866 Ὅρα
475 1825 503 1855 δὲ
518 1826 624 1865 σοφίαν,
647 1829 703 1860 πῶς
718 1828 747 1856 ὅτι

893 1839 927 1859 ue
946 1839 1001 1858 non
1025 1829 1095 1865 apud
1123 1837 1166 1857 me
1187 1830 1223 1858 sit
1257 1837 1325 1862 non,
1351 1829 1436 1865 2&8
1454 1829 1629 1865 quandoqui-

10 1867 27 1894 οἱ
44 1867 219 1903 διαϐάλλοντες
242 1871 375 1910 πρόφασιν
388 1870 519 1910 λοιδορίας
535 1872 682 1909 ἐποιοῦντο,
699 1871 729 1900 τὸ
746 1887 747 1906 ξ

894 1883 901 1902 l
931 1875 956 1903 id
979 1874 1054 1909 quod
1072 1882 1122 1909 ego
1142 1882 1241 1907 renuo,
1264 1873 1482 1909 Spiritusjubet.
1509 1874 1631 1901 Observa

10 1910 77 1956 ἐλθεῖν
96 1913 293 1954 ὕποσχόμενον,
317 1918 394 1944 τοῦτο
408 1915 487 1948 αὐτὸς
508 1916 535 1944 ἐν
555 1915 688 1954 ἕγκωμὶου
703 1916 747 1954 μοί

892 1927 932 1947 em
947 1919 1006 1955 ejus
1016 1918 1190 1954 sapientiam,
1204 1917 1345 1954 quomodo
1363 1917 1438 1953 quod
1450 1917 1629 1945 calumniato-

10 1954 100 1993 τάττει,
114 1957 142 1986 τὸ
156 1958 192 1996 μὴ
214 1958 371 1994 ἱξουσιάζειν
392 1960 485 1989 ἑαυτοῦ
497 1982 506 1999 ,
522 1961 582 1989 ἀλλ’
599 1959 710 1999 ἄγεσθαι
733 1963 747 1990 ὓ

900 1954 1073 1992 occasionem
1097 1962 1213 1991 convicii
1229 1961 1374 1995 faciebant.
1395 1962 1458 1998 quia
1473 1970 1530 1989 non
1545 1962 1631 1989 venis-

12 2000 47 2044 τοῦ
67 2001 212 2040 Πνεύματος
237 2004 304 2034 ὅπου
320 2004 350 2034 ἄν
366 2004 458 2043 ἐκείνῳ
483 2004 557 2044 δοκῇ.
574 2005 610 2035 Τί
625 2004 672 2041 δέ;
696 2005 749 2034 ἐκεῖ

906 2016 968 2036 cum
985 2007 1157 2044 promisisset
1170 2012 1273 2040 tamen,
1297 2006 1350 2034 hoc
1363 2007 1420 2043 ipse
1441 2006 1557 2034 encomii
1572 2006 1632 2034 loco

13 2042 26 2090 θ
42 2046 194 2086 ὑπισχνεῖτο,
217 2049 247 2078 οὗ
272 2048 340 2085 μετὰ
363 2051 410 2085 τῆς
425 2042 470 2078 τοῦ
486 2042 641 2087 Πνεύματος
656 2050 750 2090 ἐνεργεί

896 2053 927 2087 it,
943 2042 1052 2089 nempe,
1066 2052 1139 2088 quod
1150 2052 1191 2080 sui
1206 2055 1369 2087 potestatem
1383 2059 1439 2079 non
1460 2051 1568 2084 habeat,
1579 2058 1632 2079 caa-

14 2088 158 2135 ιίιτίςιειχνεῖτο,
179 2091 238 2122 ἀλλ’
256 2094 344 2132 ἠγνόει
361 2093 390 2122 τὸ
406 2094 521 2132 μέλλον;
540 2093 661 2132 Ἠγνόει”
733 2106 749 2132 γ

893 2105 930 2125 im
945 2097 1018 2133 quod
1033 2105 1048 2124 a
1069 2097 1170 2132 Spiritu
1185 2100 1281 2132 agatur
1306 2103 1440 2132 quorsum
1455 2095 1478 2124 is
1506 2095 1630 2124 voluerit.

15 2132 84 2179 ’ξένια
103 2136 224 2166 ἐπίστατο
237 2149 244 2156 ο
259 2137 328 2167 ὥστε
338 2137 365 2158 ³⁸
380 2138 425 2167 καὶ
451 2138 594 2178 ἀσύμφορα
615 2138 712 2177 ηὔχετο
722 2161 730 2174 ,
749 2152 752 2166 ι

896 2143 912 2171 d
932 2132 996 2170 vero
1010 2141 1021 2167 Ρ
1034 2141 1081 2169 Illa
1097 2149 1159 2178 quae
1174 2141 1362 2177 promittebat,
1388 2147 1479 2168 nonne
1492 2148 1554 2168 cum
1576 2140 1633 2175 Spi-

15 2175 100 2224 l‘a‘r‘roii
112 2180 245 2216 σκόλοπος.
260 2183 318 2213 Καὶ
338 2182 364 2211 ἐν
379 2186 436 2216 ταῖς
452 2175 569 2222 Πράξεσῖ
591 2183 617 2212 δὲ
634 2175 752 2221 εθρίσκετ

895 2195 907 2215 s
925 2186 1084 2223 operatione
1105 2175 1292 2222 promittebat,
1318 2185 1368 2213 sed
1394 2185 1541 2221 ingorabat
1565 2184 1632 2220 quid

17 2220 150 2261 βουλόμενος
162 2227 285 2256 ἀπελθεῖν
300 2227 438 2266 ἀλλαχοῦ,
458 2220 503 2256 καὶ
524 2227 575 2257 ὑπὸ
591 2230 638 2257 τοῦ
656 2220 754 2266 Πνεύμι

892 2220 965 2259 trum
979 2231 1062 2259 esset?
1079 2220 1234 2266 Ignorabat.
1254 2231 1316 2258 Non
1342 2229 1414 2258 enim
1434 2220 1526 2258 omnia
1542 2233 1629 2256 norat.

16 2275 50 2312 ξος
59 2269 220 2312 κωλυόμενος.
237 2272 263 2301 Τ
263 2275 323 2302 οῢτο
339 2271 366 2300 δὲ
384 2271 568 2312 συμφερόντως
581 2273 594 2301 ὁ
609 2271 676 2305 Θεὸς
690 2272 753 2302 ἐποίι

901 2284 934 2304 ue
957 2283 1006 2312 pro
1025 2275 1058 2303 iis
1071 2276 1179 2308 orabat,
1203 2281 1265 2311 quae
1290 2274 1396 2302 inutilia
1411 2278 1502 2308 erant,
1526 2277 1556 2302 ut
1570 2281 1634 2301 cum

17 2307 51 2357 ἵνα
74 2311 107 2349 μὴ
134 2307 167 2348 ὥς
191 2317 258 2349 θεοῖς
280 2316 367 2350 αὐτοῖς
393 2307 560 2356 προσέχωσιν
586 2317 610 2345 οἱ
635 2317 754 2357 ἄνθρωπε

896 2307 1001 2348 ιιὶιηῖιιο
1022 2327 1037 2348 a
1062 2327 1091 2348 se
1116 2307 1268 2347 auferendo
1286 2323 1386 2348 oraret.
1403 2320 1435 2347 In
1460 2307 1536 2346 Actis
1551 2318 1633 2346 etiam

18 2351 69 2394 ὅπερ
82 2357 103 2386 οἱ
115 2358 242 2394 Λυκάονες
257 2360 363 2391 ἔπαθον.
417 2351 422 2356 Ι
477 2351 496 2356 Π
685 2351 692 2357 ἱ

899 2366 981 2393 initur
1004 2364 1077 2401 quod
1104 2364 1221 2393 voluerit
1246 2364 1302 2392 alio
1315 2364 1400 2398 abire,
1428 2363 1475 2392 sed
1497 2371 1512 2391 a
1533 2363 1636 2399 Spiritu

841 2410 875 2438 sit
886 2409 1042 2446 prohibitus
1067 2410 1095 2437 ιι.
1113 2409 1144 2436 ld
1160 2417 1224 2437 vero
1239 2408 1386 2437 commode
1416 2407 1531 2436 faciebat
1550 2409 1638 2442 Deus,

842 2458 878 2479 ne
893 2450 1017 2478 homines
1035 2449 1088 2477 illis
1101 2453 1132 2477 ut
1142 2449 1201 2478 .diis
1221 2453 1314 2477 essent
1324 2449 1434 2483 intenti,
1446 2448 1474 2476 id
1489 2447 1566 2485 quod
1581 2450 1637 2484 Ly-

845 2494 975 2523 caonibus
992 2493 1092 2522 accidit
1106 2497 1124 2521 ί.

54 2544 63 2557 ι
84 2532 172 2570 Πιστὸς
189 2537 215 2567 δὲ
230 2539 244 2567 ὁ
259 2538 344 2575 Θεὸς,
359 2538 399 2567 ὅτι
415 2539 429 2568 ὁ
439 2537 514 2576 λόγος
526 2539 604 2576 ἡμῶν
617 2539 632 2568 ὁ
645 2537 708 2577 πρὸς
724 2538 791 2576 ὑμᾶς

901 2541 969 2567 ‘sns.
988 2540 1029 2567 18.
1047 2550 1060 2563 σι
1082 2538 1185 2566 Fidelis
1198 2542 1289 2566 autem
1313 2539 1398 2570 Deus,
1412 2537 1473 2573 quia
1488 2545 1580 2566 sermo
1591 2545 1638 2565 no-

25 2574 62 2603 οὖκ
73 2577 164 2622 ἐγένετο
179 2581 204 2600 ²⁹
228 2582 288 2622 ναὶ,
305 2583 351 2612 καὶ
368 2582 409 2613 οὔ.
432 2593 447 2612 n
466 2582 609 2613 Ἄντίθεσιν
625 2582 760 2612 ἀνακύπτο

911 2583 958 2620 qui
974 2582 1026 2611 fuit
1039 2582 1113 2619 apud
1129 2591 1187 2616 vos,
1201 2591 1258 2610 non
1278 2582 1331 2611 fuit
1345 2590 1387 2611 me
1404 2585 1433 2610 et
1450 2590 1518 2610 non.
1535 2593 1547 2606 ι
1560 2581 1639 2616 Obje-

25 2627 62 2646 σιν
74 2621 133 2652 λύει.
153 2626 228 2661 Εἰκὸς
238 2626 298 2668 γὰρ
322 2628 411 2666 εἰπεῖν.
422 2639 480 2657 τινα
491 2639 501 2667 ἰ
513 2628 548 2658 Εἰ
563 2628 631 2668 ἅπερ
647 2626 731 2667 λέγεις
746 2639 760 2656 ο

897 2636 966 2657 mem
985 2633 1169 2664 emergentem
1189 2627 1282 2656 diluit.
1302 2627 1455 2656 Verisimile
1479 2626 1553 2655 enim
1577 2629 1634 2653 erat

51 2693 62 2711 '
74 2692 84 2719 Ι
97 2693 232 2732 Cor.'xv1,
246 2701 289 2734 15,
326 2696 340 2715 "
359 2701 421 2727 Act.
437 2706 504 2735 xw,
518 2701 544 2728 ϐ.
584 2699 592 2716 ¹
608 2700 671 2727 Act.
687 2699 811 2732 XIV,10.

684 2761 781 2791 Variae
803 2759 955 2790 lectiones.

57 2796 73 2814 ³³
84 2798 107 2831 ὅς
118 2811 145 2837 γε
158 2812 181 2832 0.
219 2805 240 2823 ²⁹
256 2806 309 2834 ἔστι
324 2815 351 2834 0.

116 2858 219 2889 Pnact.
238 2862 290 2891 Gn.
311 2862 421 2891 CXXIV.

1468 2859 1502 2887 26
