1867 3081
238 159 285 186 8H

236 219 373 248 dicturum
387 219 558 255 quempiam,
571 219 598 247 Si
613 226 676 254 quae
697 217 767 246 dicis
782 226 838 246 non
864 222 929 247 sunt
939 218 1029 253 ﬁrma,
1046 221 1073 253 Α

236 262 285 291 sed
309 270 382 299 saepe
411 261 482 290 dicis
513 269 566 295 nae,
595 265 623 289 et
657 261 796 289 invenitur
821 269 888 296 non,
931 262 1030 290 metui-

237 315 302 336 mus
315 315 351 335 ne
363 315 418 344 quo
431 306 514 334 modo
528 311 555 334 et
565 314 656 334 sermo
678 311 742 334 tuus
761 311 788 334 et
801 307 956 342 praedicatio
971 307 1032 334 talis

239 353 286 386 sit,
301 361 400 388 nempe
411 360 456 381 me
470 356 498 380 et
517 360 582 386 non,
614 351 667 380 hoc
686 357 747 383 est,’
758 352 917 380 inconstans
939 357 967 380 et
989 353 1030 380 in-

241 397 357 426 stabilis.
370 399 449 426 Hanc
462 397 544 434 igitur
560 396 722 430 dissolvens,
744 396 826 433 Quod
839 397 1030 433 promiseram,

239 443 338 478 inquit,
362 442 452 470 venire
465 442 499 470 ad
513 450 571 476 vos,
586 450 679 470 meum
701 446 770 475 erat,
797 442 870 470 unde
890 446 917 470 et
937 450 951 469 a
967 450 1029 477 pro-

237 488 324 523 posito
339 487 435 516 decidi.
450 486 609 515 Praedicatio
624 491 716 514 autem
729 487 780 514 Dei
789 490 840 521 est,
854 490 882 514 et
898 495 960 522 quae
979 488 1029 515 Dei

239 535 303 560 sunt
319 531 409 560 fallere
421 540 477 560 non
495 535 609 567 possunt
625 541 631 557 :
661 536 801 567 propterea
825 531 905 559 etiam
930 531 1029 567 inquit,

241 589 253 601 ι
277 576 377 605 Fidelis
392 581 434 604 est
454 577 541 609 Deus,
558 588 571 600 ιι
588 576 639 603 hoc
652 579 703 610 est,
714 583 803 604 verus.
827 576 957 610 Proinde,
968 577 1030 612 quia

239 629 318 649 verus
332 625 389 653 est,
405 629 495 658 neque
515 620 628 649 verbum
646 621 733 656 ipsius
745 629 809 656 erga
823 628 881 654 vos,
893 620 968 658 quod
981 629 1032 650 nos

240 666 459 702 praedicavimus,
483 666 642 694 inconstans
661 670 689 693 et
703 665 827 693 instabile
845 665 907 700 erit,
920 669 951 693 ut
965 666 1032 695 alias

240 711 351 748 quidem
373 711 407 740 sit
427 718 481 745 nae,
497 711 565 739 alias
581 719 646 739 vero
662 719 728 739 non.

272 757 360 784 Vsus.
378 759 421 784 19.
437 768 449 781 α
467 757 516 784 Dei
532 755 606 784 enim
623 756 708 784 Filius
732 756 812 784 Iesus
833 755 967 790 Christus,
985 756 1031 792 qui

238 801 265 829 in
280 800 357 828 vobis
374 804 415 828 est
426 808 473 836 per
486 808 538 828 nos
549 799 724 836 prmdicatus,
734 808 782 836 per
797 808 842 828 me
850 804 877 828 et
888 800 1030 828 Silvanum

239 850 266 874 et
280 845 467 879 Timotheum,
495 853 551 873 non
566 845 618 873 fuit
633 853 675 873 na:
697 849 725 873 et
743 853 808 879 non,
829 844 878 873 sed
893 852 936 873 nae
957 845 986 872 in
1001 852 1034 872 eo

240 890 302 919 fuit.
318 902 331 915 ι
349 891 482 926 Deinceps
495 889 561 918 dicit
576 890 666 927 qualis
677 898 770 918 sermo
781 898 837 918 non
853 889 935 918 fuerit
950 897 993 917 nec
1008 894 1034 917 et

239 943 308 964 non.
330 947 343 959 α
364 935 420 970 Qui
438 935 466 962 in
480 935 556 962 vobis
570 935 733 970 praedicatus
748 939 800 969 est,
816 942 872 962 non
885 934 935 962 fuit
951 942 993 962 nae
1006 938 1034 962 et

239 988 307 1016 non,
321 993 334 1005 ιι
349 980 402 1008 hoc
409 984 461 1013 est,
476 988 534 1008 non
546 980 596 1008 hoc
611 979 721 1015 quidem
738 988 811 1008 nunc
827 979 1035 1016 praedicabatur,

239 1033 314 1053 nunc
338 1033 403 1053 vero
422 1024 495 1053 aliud
512 1033 629 1053 :verum
649 1032 692 1053 nae
708 1024 771 1058 fuit,
786 1024 839 1052 hoc
850 1028 902 1058 est,
921 1024 1038 1052 firmiter

241 1074 269 1098 et
299 1070 460 1098 inconcusse
480 1069 641 1105 praedicatus
662 1074 712 1098 est.
732 1071 869 1097 Recenset
889 1073 980 1096 autem
1009 1072 1036 1096 ct

241 1114 446 1142 multitudinem
457 1122 552 1142 eorum
561 1115 608 1150 qui
616 1114 841 1150 praedicaverunt,
850 1113 1035 1141 testimonium

241 1159 296 1187 ﬁde
320 1159 436 1195 dignum
450 1158 564 1192 faciens,
587 1166 619 1186 ac
637 1157 821 1186 humilitatem
845 1157 955 1190 docens,
971 1165 1035 1186 cum

241 1212 307 1232 suos
321 1203 469 1239 discipulos
480 1203 660 1231 condoctores
672 1202 766 1230 iaciat.

277 1250 366 1277 Vens.
384 1252 430 1276 20.
458 1260 470 1272 -
493 1250 637 1284 Quotquot
653 1247 725 1276 enim
753 1251 818 1276 sunt
840 1247 1036 1284 promissiones

238 1293 301 1327 Dei,
316 1293 344 1321 in
367 1294 427 1330 ipso
439 1297 505 1322 sunt
519 1301 571 1327 ne,
588 1297 616 1321 et
630 1293 657 1320 in
668 1293 726 1328 ipso
739 1295 826 1321 Amen
850 1294 908 1320 Deo
926 1291 960 1320 ad
976 1292 1035 1328 glo-

240 1339 309 1367 riam
326 1346 376 1375 per
392 1346 454 1367 nos.
478 1350 490 1362 ιι
509 1339 539 1366 In
563 1338 756 1374 praedicatione
776 1338 861 1365 multa
882 1342 946 1366 sunt
973 1344 1035 1373 qua:

241 1383 452 1420 promittuntur,
500 1383 664 1411 resurrectio
689 1386 878 1416 mortuorum,
916 1381 1035 1409 ﬁliorum

242 1428 364 1464 adoptio,
379 1436 411 1456 ac
425 1427 588 1463 simpliciter
602 1435 665 1463 spes
679 1426 765 1455 futuri
781 1426 886 1454 saeculi.
913 1426 1034 1459 Aitergo

239 1473 314 1508 quod
330 1481 394 1507 non,
404 1473 495 1500 solum
503 1472 576 1500 verbi
600 1471 781 1499 ministerium
798 1471 920 1506 adeoque
936 1469 1036 1506 praedi-

240 1518 311 1546 catio
338 1517 464 1545 similiter
494 1516 600 1548 habeat,
630 1525 661 1544 ac
684 1516 799 1543 ﬁrmiter
823 1515 970 1551 praedicata
990 1515 1035 1548 sit,

241 1569 336 1590 verum
365 1562 450 1590 etiam
477 1568 540 1597 qum
555 1561 582 1588 in
599 1561 656 1596 ipsa
672 1565 736 1588 sunt
758 1559 963 1595 promissiones.
983 1558 1033 1586 Dei
1050 1567 1072 1598 ί)

241 1606 313 1634 enim
328 1610 392 1633 sunt
411 1616 417 1634 :
431 1613 603 1642 quaecunque
617 1609 708 1632 autem
728 1604 853 1640 promisit
867 1606 952 1636 Deus,
967 1615 980 1627 «ι
1004 1603 1033 1630 in

241 1650 301 1686 ipso
316 1657 370 1684 ne,
386 1654 412 1677 et
427 1652 515 1677 Amen
530 1662 542 1674 ν
565 1649 678 1682 habent,
694 1649 720 1677 id
736 1653 788 1684 est,
806 1649 890 1676 robur
903 1653 930 1675 et
950 1647 1035 1676 stabi-

241 1694 357 1722 litatem.
368 1695 429 1722 Non
445 1694 519 1721 enim
533 1694 562 1721 in
581 1693 693 1721 homine
706 1693 836 1730 quopiam
852 1693 1035 1729 complentur,

241 1738 288 1766 sed
300 1739 326 1766 in
336 1738 395 1774 ipso
403 1740 471 1766 Deo.
479 1738 594 1766 Stabiles
605 1737 786 1774 249itaque
801 1737 1036 1774 sunt.Quineliam

241 1783 275 1811 ad
293 1783 409 1820 gloriam
421 1783 481 1820 ejus
490 1783 603 1811 faciunt.
624 1783 737 1811 Etiamsi
747 1783 821 1811 enim
837 1782 873 1810 ob
888 1782 1036 1810 nihilaliud

241 1836 362 1865 prorsus,
373 1828 408 1856 ob
424 1836 501 1856 suam
515 1832 609 1856 tamen
635 1828 720 1864 ipsius
739 1827 857 1864 gloriam
877 1829 951 1856 Deus
974 1835 1036 1863 pro-

240 1873 384 1901 missiones
394 1881 458 1901 suas
470 1873 628 1909 complebit.
646 1873 792 1908 Quomodo
805 1880 870 1901 vero
887 1872 1037 1908 complebit

240 1921 303 1947 eas?
317 1928 330 1945 «
346 1920 397 1946 Per
416 1926 479 1950 nos,
495 1930 508 1943 υ
521 1918 573 1946 hoc
587 1922 638 1952 est,
653 1926 700 1953 per
720 1917 848 1946 beneﬁcia
864 1925 927 1954 quae
944 1918 973 1945 in
984 1924 1036 1944 nos

239 1963 282 1992 ille
309 1962 424 1991 confert.
440 1965 498 1991 Nos
517 1962 590 1990 enim
606 1963 655 1998 ipsi
668 1970 765 1990 sumus
784 1962 892 1990 occasio
911 1970 960 1990 sua
983 1962 1034 1989 im-

239 2008 331 2044 plendi
355 2007 498 2043 promissa,
514 2007 562 2042 qui
581 2008 713 2043 promissa
735 2007 898 2043 accipimus.
919 2006 997 2041 Quod
1013 2006 1035 2034 si

239 2052 437 2088 promissiones
450 2051 502 2079 Dei
516 2051 602 2079 ﬁrmae
615 2056 694 2085 sum,
717 2052 804 2080 multo
819 2051 906 2087 magis
922 2051 988 2087 ipse,
1009 2055 1038 2078 et

241 2096 286 2132 qui
319 2095 353 2124 de
371 2096 431 2132 ipso
463 2099 505 2123 est
531 2104 634 2130 sermo,
652 2096 704 2124 erit
727 2096 832 2124 ﬁrmus.
866 2096 925 2129 Vel,
952 2107 964 2119 «ι
990 2103 1038 2131 per

241 2148 302 2174 nos,
320 2152 332 2164 ι»
348 2140 427 2168 aliter
438 2144 479 2168 est
498 2140 698 2176 accipiendum,
717 2140 770 2169 hoc
790 2145 842 2174 est,
865 2140 900 2168 ad
921 2140 1037 2176 gloriam

242 2185 306 2218 Dei,
324 2193 386 2221 quae
398 2192 444 2221 per
474 2193 526 2213 nos
546 2185 600 2221 ipsi
615 2189 656 2213 est
689 2185 778 2214 oblata
807 2194 813 2212 :
836 2193 885 2221 per
900 2193 951 2213 nos
965 2184 1036 2212 enim

241 2229 410 2266 gloriﬁcatur
415 2250 422 2259 .

277 2277 367 2304 Vsus.
391 2278 438 2309 2t,
465 2278 509 2303 22.
528 2287 539 2299 α
567 2275 619 2311 Qui
650 2280 742 2304 autem
761 2275 906 2304 conﬁrmat
925 2283 978 2303 nos
991 2283 1036 2303 vo-

241 2320 348 2348 biscum
363 2321 389 2348 in
416 2320 566 2354 Christum,
582 2325 610 2348 et
635 2321 680 2357 qui
703 2320 781 2348 unxit
795 2329 861 2353 nos,
875 2322 949 2348 Deus
968 2324 1009 2348 est
1029 2330 1036 2348 :

241 2365 288 2400 qui
308 2369 336 2393 et
345 2365 463 2401 signavit
476 2373 537 2398 nos,
552 2369 581 2393 et
599 2365 675 2394 dedit
684 2366 784 2402 pignus
805 2366 924 2401 Spiritus
935 2365 965 2392 in
979 2373 1038 2393 cor-

241 2409 322 2437 dibus
336 2410 448 2438 nostris.
465 2421 478 2434 ν
493 2411 579 2446 Supra
590 2409 658 2437 dixit
675 2410 749 2446 quod
767 2412 839 2437 Deus
849 2409 963 2446 impleat
978 2417 1037 2445 pro-

239 2454 387 2482 missiones
403 2455 409 2481 l
422 2454 713 2490 jamcontirmathoc,
729 2454 810 2490 Quod
825 2462 883 2487 vos.
899 2454 1037 2490 inquiens,

240 2504 267 2527 et
286 2506 336 2535 ego
367 2499 464 2527 doctor
488 2503 587 2533 vester,
608 2499 725 2526 ﬁrmiter
744 2503 849 2527 stemus
863 2499 890 2526 in
911 2499 963 2526 lide
973 2507 1038 2532 erga

239 2545 392 2578 Christum,
407 2545 463 2580 ipse
478 2544 564 2576 dedit,
587 2545 633 2580 qui
649 2549 677 2572 et
694 2545 775 2572 uiixit
798 2552 850 2572 nos
862 2548 889 2572 et
903 2544 1015 2580 signavit
1030 2554 1036 2571 :

241 2590 293 2618 hoc
307 2595 358 2623 est,
381 2590 539 2626 prophetas,
564 2591 719 2617 sacerdotes
747 2594 774 2618 et
797 2597 875 2626 reges
894 2598 946 2617 nos
960 2589 1036 2617 fecit.

239 2635 313 2664 Talis
325 2636 400 2663 enim
427 2639 468 2662 est
497 2635 682 2670 unusquisque
708 2635 754 2671 qui
787 2634 944 2670 baptizatus
963 2638 1004 2662 est
1029 2643 1036 2661 :

239 2688 339 2717 nempe
353 2680 494 2717 propheta,
509 2680 609 2716 quippe
623 2680 669 2716 qui
685 2680 784 2708 viderit
796 2687 858 2715 quae
868 2679 965 2708 oculus
983 2687 1038 2706 non

1049 914 1074 945 Β

1053 2214 1077 2245 D

748 156 1005 184 THEOPHYLACTI
1025 155 1204 183 BULGARLE
1223 155 1381 183 ARCHIEP.

1809 157 1840 184 812

1087 218 1138 247 εἶσὶ
1160 217 1272 257 βέϐαια,
1287 216 1356 246 ἀλλὰ
1379 216 1509 249 πολλάκις
1522 215 1609 255 λέγεις
1629 216 1689 252 ναὶ,
1703 217 1745 246 καὶ
1757 217 1840 257 εὑρίσκε-

1087 274 1131 292 ται
1153 261 1197 299 οὒ,
1212 262 1366 300 δεδοίκαμεν
1393 260 1489 300 μήπως
1514 260 1559 290 καὶ
1581 262 1596 290 ὁ
1622 261 1698 300 λόγος
1719 273 1761 291 σου
1781 263 1841 292 καὶή

1086 307 1210 348 κήρυγμα
1234 307 1348 336 τοιοῦτόν
1364 307 1418 336 ἐστι
1428 330 1435 342 ,
1451 305 1494 348 ναὶ
1518 305 1563 335 καὶ
1581 305 1612 335 οὔ
1623 317 1630 324 ·
1645 305 1769 335 τουτέστιν
1786 307 1841 335 ἄστι-

1085 346 1130 382 τον
1144 352 1189 381 καὶ
1204 351 1341 381 οἰϐέϐαιιον⁴
1358 351 1448 387 Φησὶν
1464 346 1508 380 οὖν
1521 351 1591 379 λύων
1607 350 1723 389 ταύτην,
1736 350 1771 380 δτι
1782 351 1804 380 τὸ

1087 398 1294 436 ἐπαγγείλασθαι
1316 397 1398 425 ἐλθεῖν
1424 395 1487 433 ἐμὸν
1512 391 1561 434 ἦν,
1591 395 1633 424 διὸ
1666 396 1709 424 καὶ
1734 396 1843 435 ἀπέτυχον

1086 441 1117 470 τὸ
1141 442 1169 470 δὲ
1194 441 1319 480 κήρυγμα
1343 443 1388 470 τοῦ
1412 441 1484 469 Θεοῦ
1500 441 1575 474 ἔστι,
1597 439 1644 468 καὶ
1669 439 1794 479 ἀμήχανον
1805 441 1842 469 διι-

1086 485 1235 526 ψεύσασθαι
1243 486 1277 515 τὰ
1288 487 1335 515 τοῦ
1344 486 1415 516 Θεοῦ
1424 496 1431 503 ·
1443 484 1482 514 διὸ
1492 484 1536 513 καὶ
1545 484 1595 525 ἔφη
1605 496 1613 502 ο
1625 498 1638 510 ιι
1652 484 1747 517 Πιστὸς
1756 485 1767 513 ὃ
1775 485 1843 521 825:,-

1085 530 1238 567 τουτέστιν,
1253 530 1362 566 ἀληθής.
1383 529 1471 559 Ὥστε
1481 553 1490 566 ,
1505 529 1563 559 ἐπεὶ
1583 529 1688 565 ἀληθής
1703 529 1775 567 ἐστιν,
1787 530 1844 559 σωὲὸ

1086 576 1162 615 λόγος
1188 577 1267 605 αὐτοῦ
1301 577 1315 605 ὁ
1340 575 1405 614 πρὸς
1430 576 1514 612 ὗμόἶς,
1538 573 1567 603 ὃν
1596 576 1678 612 ἡμεῖς
1704 574 1842 613 ἐκηρύξαμεν,

1087 620 1198 654 ἄστατός
1220 619 1336 650 ἐστικαὶ
1354 618 1492 656 ἀϐέϐαιος,
1511 619 1558 648 καὶ
1575 618 1644 648 ποτὲ
1664 618 1722 657 μὲν,
1742 618 1789 655 ναὶ,
1800 617 1842 647 τοτὲ

1087 664 1132 702 δὲ,
1145 664 1186 696 οὔ.

1128 767 1144 783 ι
1168 754 1201 786 Ὁ
1213 753 1265 794 γὰρ
1279 757 1324 784 τοῦ
1339 755 1410 785 Θεοῦ
1422 753 1486 788 Υἱὸς
1498 753 1603 790 Ἰησοῦς
1616 753 1738 793 Χριστὸς,
1750 755 1762 782 ὁ
1774 755 1794 783 ἐν
1806 755 1844 790 ὓμῑι

1088 801 1121 829 δι’
1138 802 1214 838 ἡμῶν
1226 799 1380 840 κηρυχθεὶς,
1398 799 1431 828 δι’
1446 801 1512 837 ἐμοῦ
1535 798 1581 828 καὶ
1603 800 1746 829 Σιλουανοῦ
1763 798 1798 828 καὶ
1812 799 1843 828 Τι-

1089 845 1200 882 μοθέου,
1215 845 1263 874 οὐκ
1277 845 1379 883 ἐγένετο
1400 843 1444 873 ναὶ
1469 844 1515 872 καὶ
1533 843 1580 879 οὒ,
1607 843 1680 872 ἀλλὰ
1703 842 1742 872 ναὶ
1759 843 1780 872 ἐν
1799 843 1844 881 αὐτῷ

1088 889 1201 928 γέγονεν.
1219 901 1233 918 ι)
1256 890 1355 919 Λοιπὸν
1376 887 1446 926 λέγει
1465 893 1539 922 ποῖος
1562 887 1641 927 λόγος
1655 888 1701 917 οὖκ
1720 887 1804 926 ἐγένετο
1819 887 1844 915 ul

1089 935 1135 963 καὶ
1149 934 1178 964 οὔ
1187 933 1224 963 ³⁰.
1243 945 1258 961 α
1273 933 1308 964 Ὀ
1323 935 1349 962 ἐν
1365 935 1426 971 ὑμῖν
1441 932 1582 973 κηρυχοεὶς
1597 933 1647 962 οὐκ
1662 932 1757 970 ἐγένετο
1769 930 1801 960 ναὶ
1815 931 1842 959 καὶ

1088 978 1118 1007 οὔ
1129 990 1136 998 ·
1157 978 1306 1015 τουτέστιν,
1321 979 1351 1007 οὗ
1373 981 1418 1007 νῦν
1435 979 1484 1016 μὲν
1503 981 1579 1007 τοῦτο
1596 977 1766 1017 ἐκηρύττετο,
1784 977 1816 1004 νῦν
1830 976 1845 1003 ει

1088 1026 1164 1053 τοῦτο
1177 1035 1184 1042 ·
1205 1023 1274 1052 ἀλλὰ
1295 1024 1338 1052 ναὶ
1361 1022 1479 1062 ἐγένετο,
1498 1022 1639 1058 τουτέστι,
1665 1021 1770 1061 βεϐαίως
1778 1019 1797 1039 ³⁸
1815 1020 1843 1049 xu

1089 1066 1314 1106 ἆπαρασαλεύτως
1328 1066 1472 1108 ἐκηρύχθη.
1497 1067 1652 1106 Καταλέγει
1673 1066 1701 1095 δὲ
1722 1064 1763 1094 καὶ
1782 1063 1845 1094 teri"

1088 1112 1257 1151 κηρυξάντων
1285 1113 1399 1148 πλῆθος,
1427 1110 1579 1145 ἀξιόπιστόν
1608 1123 1638 1140 τε
1667 1110 1713 1146 τὴν
1738 1108 1844 1149 μαρτυρίαι

1088 1158 1184 1193 ποιῶν,
1205 1156 1252 1186 καὶ
1266 1155 1507 1196 ταπεινοῳροσύνην
1526 1155 1660 1185 διδάσκων
1672 1178 1680 1191 ,
1693 1154 1732 1184 ὅτι
1751 1153 1845 1187 rough:-

1088 1203 1135 1231 τοῦ
1151 1201 1272 1240 μαθητὰς
1286 1200 1511 1234 συνδιδασκᾶλους
1525 1204 1656 1230 ποιεῖται.

1168 1245 1182 1257 η
1340 1246 1347 1256 ς
1458 1246 1464 1253 ι
1561 1247 1578 1254 ~
1670 1245 1678 1255 θ
1702 1246 1717 1253 -ι
1730 1243 1751 1261 _\
1793 1241 1798 1250 ι
1840 1242 1844 1259 ζ

1133 1257 1147 1274 (‹
1183 1247 1254 1276 Οσαι
1268 1245 1320 1285 γὰρ
1336 1247 1493 1284 επαγγελιαι
1507 1247 1589 1280 Θεου,
1604 1245 1632 1274 ἐν
1650 1256 1720 1283 αυτῳ
1735 1255 1757 1272 ιο
1768 1254 1808 1277 ναι,
1819 1254 1845 1269 ιι.

1089 1291 1115 1320 ἐν
1139 1291 1211 1330 αὖτῷ
1236 1290 1267 1320 τὸ
1281 1290 1382 1328 Ἀμήν,
1397 1291 1436 1329 τῷ
1451 1291 1513 1330 Θεῷ
1529 1289 1592 1329 πρὸς
1619 1289 1695 1324 δόξαν
1715 1289 1746 1317 δι’
1759 1288 1823 1323 ἡμῶν,
1834 1297 1855 1324 ιγ

1089 1334 1137 1365 Ἐν
1162 1337 1200 1374 τῷ
1227 1335 1378 1374 κηρύγματι
1402 1334 1491 1364 πολλά
1514 1335 1571 1363 ἐστι
1599 1335 1635 1364 τὰ
1659 1332 1844 1372 ἐπαγγελλόμενα,

1090 1379 1234 1413 ἀνάστασις
1246 1381 1359 1419 νεκρῶν,
1381 1379 1511 1415 υἱοθεσία,
1527 1380 1573 1408 καὶ
1595 1378 1700 1413 ἅπλῶς,
1721 1377 1807 1409 ἐλπίδες
1818 1376 1855 1413 τὸγ

1090 1425 1230 1464 μέλλοντος
1245 1425 1348 1457 αἰῶνος.
1369 1423 1460 1460 Φησὶν
1476 1419 1536 1460 οὖν,
1551 1422 1590 1452 δτι
1607 1424 1639 1452 οὐ
1654 1422 1729 1461 μόνον
1741 1422 1766 1450 τὸ
1779 1420 1855 1464 κήρντςγ

1090 1480 1128 1507 μα
1151 1468 1192 1498 ἀεὶ
1211 1469 1338 1501 ὡσαύτως
1357 1468 1425 1507 ἔχει,
1444 1469 1490 1497 καὶ
1519 1467 1636 1507 βεϐαίως
1659 1461 1855 1506 nmio-10mm,

1089 1513 1133 1542 καὶ
1148 1515 1175 1542 αἱ
1190 1514 1216 1542 ἐν
1231 1514 1302 1553 αὖτῷ
1318 1513 1474 1552 ἐπαγγελίαι
1485 1524 1492 1530 ·
1506 1515 1552 1541 τοῦ
1568 1513 1642 1542 Θεοῦ
1657 1511 1707 1552 γάρ
1720 1512 1785 1540 εἰσιν,
1796 1508 1843 1538 Ὅθι

1089 1557 1116 1586 δὲ
1131 1557 1261 1598 ὑπέσχετο
1275 1559 1289 1587 ὁ
1303 1557 1379 1593 Θεὸς,
1395 1568 1408 1585 α
1425 1558 1453 1586 ἐν
1471 1558 1544 1596 αὐτῷ
1557 1556 1587 1586 τὸ
1600 1557 1657 1593 ναὶ,
1672 1555 1754 1585 καὶτὸ
1765 1553 1826 1591 Ἀμήν
1835 1563 1843 1577 ⁷

1090 1601 1196 1641 ἔχουσι·
1219 1601 1355 1638 τουτέστι,
1382 1601 1412 1630 τὸ
1439 1600 1557 1640 βέϐαιον.
1578 1602 1621 1630 Οὖ
1645 1600 1698 1640 γὰρ
1716 1599 1741 1628 ἔν
1759 1598 1845 1641 τινι

1091 1639 1235 1686 ανθρώπων
1252 1647 1425 1685 πληροῦνται,
1440 1639 1504 1674 βάλλ’
1519 1647 1546 1674 ἔν
1565 1645 1639 1685 αὖτῷ
1659 1647 1696 1685 τῷ
1713 1644 1784 1683 Θεῷ·

1092 1691 1188 1731 βέϐαιά
1210 1692 1284 1721 εἰσιν.
1301 1691 1381 1721 Ἀλλὰ
1406 1691 1449 1719 καὶ
1471 1690 1535 1730 πρὸς
1557 1689 1636 1724 δόξαν
1659 1684 1738 1719 αὖτοῦ
1751 1689 1805 1717 sier
1820 1684 1845 1713 ni

1090 1736 1210 1774 πάντως,
1226 1737 1249 1764 εἰ
1264 1736 1309 1764 καὶ
1324 1735 1362 1774 μὴ
1380 1734 1424 1764 διά
1445 1747 1469 1764 τι
1485 1735 1566 1771 ἄλλο,
1584 1734 1630 1764 διὰ
1645 1737 1706 1773 γοῦν
1727 1733 1770 1768 τὴν
1781 1730 1844 1774 alain

1091 1780 1166 1814 δόξαν
1234 1780 1303 1814 Θεὸς
1325 1772 1374 1814 τὰς
1411 1781 1492 1809 αὑτοῦ
1521 1772 1682 1819 ἐπαγγελίας
1706 1772 1854 1819 πληρώσξιῧη

1092 1825 1154 1858 Πῶς
1175 1824 1204 1854 δὲ
1222 1823 1359 1864 πληρώσει
1382 1824 1495 1861 ταύτας;
1512 1837 1524 1850 σι
1548 1818 1589 1854 Διἱ
1603 1824 1683 1861 ἡμῶν
1694 1834 1701 1841 ·
1725 1835 1737 1848 ι
1752 1818 1854 1854 τουτέστιν,

1091 1868 1133 1898 διὰ
1159 1871 1212 1898 τῶν
1240 1869 1303 1910 πρὸς
1323 1871 1396 1907 ἡμᾶς
1420 1869 1582 1908 εὐεργεσιῶν.
1608 1867 1706 1905 ἹΙμείς
1730 1865 1776 1905 γάρ
1795 1864 1844 1910 ἔῖἒξθ

1091 1914 1163 1954 αὐτῷ
1187 1913 1317 1955 πρόφασις
1339 1916 1386 1943 τοῦ
1411 1915 1526 1954 πληροῦν
1551 1912 1598 1945 τὰς
1614 1906 1854 1955 ἔπαγγελίαςηίξη

1090 1950 1252 1998 χόμενοιπὰ
1274 1950 1499 1998 ἐπαγγελλόμενα.
1520 1958 1553 1987 Εἰ
1574 1957 1660 1987 τοίνυν
1680 1958 1706 1986 αἰ
1729 1950 1846 1998 ἐπαγγελίιξ

1090 1993 1135 2032 τοῦ
1149 2005 1218 2034 Θεοῦ
1234 1993 1341 2042 βέϐαιαῖ
1351 1993 1524 2041 ἐἴσῃ-πολλῷ
1539 2003 1643 2040 μᾶλλον
1656 2000 1732 2034 αὐτὸς
1742 1998 1780 2028 καὶ

1092 2049 1170 2077 αὐτοῦ
1186 2036 1262 2086 λόγος
1276 2047 1351 2077 ἔσται
1368 2047 1486 2087 βέϐαιος.
1501 2036 1545 2076 Ἦ.
1556 2047 1601 2082 τὸ,
1617 2060 1629 2073 ι
1653 2045 1691 2076 Δι’
1703 2046 1784 2083 ἡμῶν,
1799 2054 1807 2066 ι
1819 2036 1846 2090 ιξὶ

1092 2091 1178 2125 ἄλλως
1203 2091 1366 2128 ἐκληπτέον·
1390 2091 1524 2128 τουτέστι,
1547 2091 1612 2131 πρὸς
1637 2090 1710 2125 δόξαν
1730 2089 1800 2122 Θεοῦ,

1092 2136 1124 2166 δι’
1152 2138 1229 2174 ἡμῶν
1263 2126 1340 2176 αὖτῷ
1365 2126 1623 2176 προσαγομένηίπ-
1655 2135 1688 2165 δι’
1721 2133 1787 2172 ἡμῶν
1815 2126 1845 2166 γὰρ

1092 2180 1236 2215 δοξάζεται.

1134 2283 1148 2301 ι
1173 2270 1208 2302 Ὀ
1223 2271 1250 2301 δὲ
1268 2269 1384 2312 βεϐαιῶν
1401 2273 1473 2310 ἡμᾶς
1489 2269 1536 2300 σὺν
1559 2271 1621 2309 ὑμῖν
1637 2270 1672 2303 εἷς
1695 2258 1845 2312 Xptcl’filfold1

1091 2316 1186 2356 χρίσας
1213 2310 1301 2355 ἠμῖς,
1325 2316 1410 2349 Θεός·
1439 2317 1453 2345 ὃ
1482 2315 1528 2345 καὶ
1555 2313 1759 2355 σφραγισάμενος
1784 2310 1844 2344 ἡμᾶςι

1092 2363 1137 2391 καὶ
1158 2361 1218 2394 δοὺς
1242 2361 1285 2391 τὸν
1302 2360 1448 2401 ἀρραϐῶνα
1462 2363 1509 2389 τοῦ
1528 2359 1685 2398 Πνιύματος
1702 2358 1727 2386 ἐν
1746 2357 1793 2385 ταῖς
1804 2359 1846 2401 νβ’

1092 2405 1157 2439 δίαις
1174 2407 1261 2443 ἡμῶν.
1286 2419 1297 2431 ιι
1312 2405 1403 2436 Εἰπὼν
1427 2403 1566 2444 ἀνωτέρω,
1580 2404 1622 2433 ὅτι
1636 2403 1712 2434 αὐτὸς
1726 2400 1806 2437 πληροῖ
1816 2393 1845 2444 ῖδί

1092 2449 1268 2489 ἐπαγγελίας,
1287 2450 1479 2484 κατασκευάζει
1498 2451 1545 2478 νῦν
1561 2451 1639 2478 τοῦτο
1649 2469 1657 2483 ,
1672 2445 1715 2476 καί
1729 2453 1807 2489 φησιν]
1820 2445 1844 2486 θῖί

1093 2495 1138 2524 καὶ
1162 2494 1224 2524 αὐτὸ
1243 2494 1274 2523 τὸ
1298 2494 1414 2534 βεϐαίως
1445 2493 1555 2523 ἑστάναι
1580 2493 1606 2522 ἐν
1686 2490 1764 2520 πίστει
1782 2486 1844 2535 fit)“

1093 2539 1208 2578 Χριστὸν
1233 2541 1317 2577 ὑμᾶς,
1332 2539 1377 2568 καὶ
1402 2538 1447 2577 ἐμὲ
1464 2538 1542 2567 αὐτὸν
1559 2537 1603 2566 τὸν
1621 2535 1766 2566 διδάσκαλον
1780 2531 1842 2578 ἥμεθ’

1094 2586 1171 2617 αὐτὸς
1192 2585 1294 2620 δίδωσι,
1310 2584 1354 2613 καὶ
1376 2583 1453 2616 αὐτὸς
1469 2583 1573 2622 ἔχρισεν
1586 2584 1657 2620 ἡμᾶς
1669 2580 1712 2610 καὶ
1726 2574 1843 2622 ἐσφροᾷισΐ

1092 2629 1232 2664 τουτέστι,
1249 2628 1399 2669 προφήτας,
1414 2627 1460 2657 καὶ
1481 2627 1619 2667 βασιλεῖς,
1636 2624 1680 2656 καὶ
1699 2622 1766 2669 ἱερεῖς
1778 2618 1843 2667 εἶρῖῗ

1092 2686 1167 2705 σατο.
1185 2665 1312 2707 Τοιοῦτος
1334 2673 1386 2714 γὰρ
1408 2678 1459 2707 πᾶς
1479 2665 1631 2712 βαπτισθείς
1644 2681 1651 2688 ·
1675 2665 1804 2709 προφήτης,
1820 2665 1843 2687 δ’(

943 2728 1037 2758 Variae
1058 2728 1211 2758 lectiones.

274 2773 298 2792 ³ο
324 2773 365 2800 ναὶ
386 2774 428 2801 καὶ
449 2773 488 2801 οὕ⁸
517 2773 530 2800 ὁ
558 2773 606 2810 γὰρ
621 2773 688 2808 Υἱὸς,
708 2774 782 2810 φησὶ,
813 2776 857 2801 τοῦ
881 2773 959 2808 Θεοῦ,
986 2773 999 2799 ὁ
1023 2772 1048 2800 ἐν
1064 2780 1101 2800 m.
1139 2772 1159 2789 ³¹
1182 2772 1302 2807 γενναίως
1326 2779 1353 2800 0.

239 2815 346 2850 νομέιιην
365 2823 405 2842 m.

1405 2770 1428 2788 ³³
1456 2769 1610 2805 ἐκπληρώσει
1641 2776 1678 2797 In.
1727 2763 1747 2781 ⁸³
1768 2764 1841 2795 προστι·
