1867 3081
387 194 565 223 EXPOSITIO
593 195 627 222 IN
648 194 749 222 EPIST.
779 194 810 222 ll.
837 195 883 222 AD
902 194 981 222 COR.
1001 209 1037 215 -—
1055 195 1130 222 CAP.
1151 196 1172 222 l.

1545 199 1598 226 814

27 259 44 287 ἃ
59 258 199 298 ὀφθαλμὸς
219 258 267 286 οὒκ
280 253 356 292 εἶδεν,
373 257 418 286 καὶ
437 252 480 290 οἷς
497 257 544 286 οὐκ
560 257 671 292 ἤκουσεν
685 268 692 274 ·
707 258 748 285 ἱε-

840 256 886 290 iit,
902 264 953 285 nec
976 257 1051 285 auris
1064 256 1180 285 audivit.
1207 257 1339 286 Sacerdos
1361 258 1460 293 etiam,
1483 263 1514 287 ut
1551 259 1598 296 qui

18 326 24 339 ,
45 305 80 336 ὡς
105 303 220 343 ὀφείλων
244 301 336 331 ἑαυτὸν
357 302 501 341 προσάγειν
524 302 616 330 ουσίαν
638 303 744 339 ζῶσαν,

13 361 42 386 ν,
65 348 210 387 εὐάρεστον
225 348 263 386 τῷ
284 348 346 386 Θεῷ
361 358 368 365 ·
389 346 435 375 καὶ
459 346 596 385 βασιλεὺς,
620 349 655 379 ὡς
675 347 745 375 Θεοῦ

19 392 214 430 παμϐασιλέως
235 391 288 424 υἱὸς
308 391 439 431 γεγονὼς,
462 391 508 420 καὶ
527 394 573 424 τῆς
599 390 746 428 μελλούσης

10 438 109 475 ;σνόμος
135 436 288 476 βασιλείας,
310 437 356 465 καὶ
378 438 413 468 ὡς
441 438 485 464 νῦν
518 435 664 475 βασιλεύων
693 437 746 464 τῶν

10 495 53 511 των
69 483 218 520 λογισμῶν,
232 481 277 510 καὶ
293 483 338 510 τοῦ
354 481 454 518 κόσμου
470 480 566 513 παντὸς
583 479 745 520 ὑπερκείμε-

19 526 127 566 ⁴⁷Ωσττερ
150 521 196 555 οὖν
217 525 246 554 τὸ
270 525 383 554 παλαιὸν
405 526 427 554 οἱ
456 526 534 564 ἱερεῖς
557 525 602 554 καὶ
627 526 746 564 βασιλεῖς

10 573 66 601 ξοντο
85 573 123 612 τῷ
151 571 252 610 ἐλαίῳ·
270 570 339 600 οὕτω
362 570 407 599 καὶ
430 572 474 598 ν’ὗν
499 570 574 607 ἡμεῖς
597 571 634 609 τῷ
660 570 746 599 Πνεῦ-

11 629 18 644 ι
39 615 215 655 ἐχρίσθημεν,
232 614 319 648 δόντος
335 618 381 644 τοῦ
403 617 474 646 Θεοῦ
496 615 523 643 ἕν
550 619 608 647 ταῖς
627 614 747 653 καρδίαις

10 664 28 690 ἓν
52 661 96 690 τὸν
129 660 276 700 ἀρραϐῶνα
304 662 350 688 τοῦ
378 658 551 696 Πνεύμειτος·
583 660 606 688 εἰ
636 659 663 687 δὲ
696 659 744 687 τὸν

10 706 90 734 ιϐὧνα
117 705 221 742 ἔδωκε,
241 703 287 733 καὶ
313 704 343 734 τὸ
366 707 420 732 πᾶν
445 703 523 732 δώσει
546 703 662 736 πάντως.
689 703 746 743 Ἆῤ-

10 752 58 780 ὦνα
85 749 111 778 δὲ
146 750 220 788 λέγει
249 749 283 778 τὰ
311 751 355 778 ν’ὗν
391 748 548 788 χαρίσματα
585 751 631 777 τοῦ
660 747 745 778 ΙΙνεύ-

11 807 43 829 ος.
68 793 118 824 Ἐκ
149 794 248 834 μέρους
277 793 329 834 γὰρ
355 793 536 832 γινώσκομεν,
564 792 610 821 καὶ
637 793 668 822 ἐκ
697 792 745 831 μί-

10 853 14 873 ;
34 838 232 880 προφητεύομεν
245 851 251 857 ·
273 838 332 867 τότε
350 838 377 867 δὲ
403 838 434 867 τὸ
456 837 554 867 τέλειον
565 837 590 856 ³⁴
607 837 745 877 ἀποληψό-

10 897 35 920 x,
60 884 102 913 ὅτε
127 883 346 924 φανερωθήσεται
380 883 393 912 ὁ
426 882 540 922 Χριστὸς
568 883 594 911 ἐν
684 882 744 921 δόξῃ

798 301 895 329 debeat
914 301 1034 337 seipsum
1048 300 1149 330 offerre
1163 301 1278 330 hostiam
1293 302 1439 337 viventem,
1461 308 1596 338 sanctam,

799 345 1023 381 beneplacentem
1037 347 1108 374 Deo.
1124 347 1196 374 Tum
1206 354 1266 379 rex,
1278 354 1329 375 ceu
1342 348 1393 375 Dei
1404 348 1508 377 summi
1523 349 1594 384 regis

796 395 824 418 ct
838 390 1011 426 imperatoris
1025 391 1098 419 ﬁlius
1124 390 1229 425 factus,
1245 391 1384 428 futurique
1398 392 1475 429 regni
1494 393 1595 428 haeres,

799 439 827 463 et
841 435 887 470 qui
902 444 975 464 nunc
992 440 1089 471 regnet
1111 435 1325 472 domineturque
1339 437 1369 464 in
1383 445 1481 466 omnes
1499 437 1596 466 absur-

797 479 849 507 das
873 479 1071 516 cogitationes,
1091 481 1314 518 constitutusque
1328 482 1365 510 sit
1383 489 1467 518 supra
1483 482 1596 511 univer-

797 533 859 553 sum
875 525 1021 553 mundum.
1039 525 1156 553 Perinde
1175 526 1257 562 igitur
1269 530 1299 554 ut
1319 526 1393 562 apud
1409 527 1531 562 priscos,
1547 535 1594 556 sa-

798 569 925 598 cerdotes
935 574 963 598 et
977 578 1056 606 reges
1070 570 1273 606 inungebantur
1287 571 1348 599 oleo
1366 581 1372 599 :
1393 571 1430 600 ita
1442 572 1596 601 etiamnum

798 622 848 642 nos
869 614 970 650 Spiritu
995 614 1099 642 inuncti
1114 623 1211 643 sumus
1225 615 1308 644 dante
1326 617 1385 644 Deo
1409 616 1596 645 arrhabonem

798 658 912 694 Spiritus
927 659 955 686 in
981 659 1110 687 cordibus
1125 659 1239 687 nostris.
1261 659 1343 696 Quod
1364 660 1387 688 si
1410 660 1595 689 arrhabonem

797 702 883 737 dedit,
896 707 985 731 totum
1001 703 1115 732 omnino
1130 704 1215 732 etiam
1232 704 1320 732 dabit.
1337 704 1531 734 Arrhabonem
1543 714 1594 734 au-

798 751 854 776 tem
875 748 993 784 appellat
1007 756 1069 784 quae
1083 757 1157 776 nunc
1175 749 1276 778 dantur
1289 749 1454 778 charismata
1468 750 1594 786 Spiritus.

799 793 843 821 Ex
865 797 940 828 parte
954 793 1032 821 enim
1051 793 1256 830 cognoscimus,
1271 798 1298 823 et
1313 803 1346 823 ex
1361 799 1439 831 parte
1454 795 1599 832 propheta-

799 845 862 865 mus
880 847 885 864 :
900 842 961 866 tum
980 846 1043 866 vero
1058 838 1212 874 perfectum
1226 839 1439 876 absolutumque
1462 840 1596 877 percipie-

801 890 875 916 mus,
891 882 1001 918 quando
1017 883 1240 912 manifestabitur
1253 884 1379 913 Christus
1393 885 1422 913 in
1436 885 1522 921 gloria
1535 893 1593 913 sua.

10 931 42 959 οὗ.
56 930 102 964 Μὴ
113 928 200 958 τοίνυν
225 928 358 966 νομίζετε,
375 925 415 956 ὅτι
433 929 508 965 ἡμεῖς
522 928 601 965 ἐσμεν
624 928 647 956 οἱ
664 927 747 966 ἐπαγ-

840 937 843 953 ε
866 927 948 963 igitur
976 928 1147 956 arbitremini
1168 937 1220 956 nos
1242 937 1301 957 esse
1330 930 1376 965 qui
1403 930 1595 966 polliceamur,

10 973 101 1011 λόμενοι
128 976 207 1011 ὑμῖν,
232 972 279 1002 καὶ
308 972 373 1006 ἴσως
393 972 554 1012 ψευσόμεθα.
580 972 650 1001 Οὐδὲ
676 971 744 1011 γὰρ,

10 1019 14 1047 ἑ
32 1020 103 1054 ἡμεῖς
121 1019 204 1057 ἐσμεν
223 1019 247 1047 οἱ
263 1018 428 1057 στηρίξαντες
450 1018 520 1054 ὑμᾶς
531 1039 539 1054 ,
564 1017 622 1045 ἀλλ’
647 1018 661 1045 ὁ
678 1017 747 1049 Θεὸς

20 1063 203 1101 ἐπαγγέλλεται
214 1085 223 1099 ,
244 1062 290 1092 καὶ
305 1063 437 1101 στηρίξει,
453 1060 497 1090 καὶ
519 1060 580 1099 ἐμὲ,
603 1060 649 1090 καὶ
665 1062 743 1098 ὑμᾶς.

10 1108 38 1140 ὠς
58 1103 99 1137 οὖν
127 1108 222 1145 μέλλει
242 1107 276 1136 τὰ
298 1107 386 1137 πάντα
401 1108 530 1145 πληροῦν.
554 1104 671 1139 Ἵζξωθεν
694 1105 745 1145 γὰρ

10 1151 62 1184 ἕλει(
77 1155 276 1181 συνυπακοῧσαι
289 1173 298 1187 ,
319 1151 360 1181 ὅτι
378 1150 414 1181 ¢0
429 1151 490 1179 τάδε
512 1150 557 1180 καὶ
581 1150 644 1179 τάδε
665 1151 745 1187 ποιή-

22 1197 99 1235 Θεὸς,
114 1198 192 1229 αὐτὸς
208 1197 308 1237 πληροῖ
321 1196 368 1229 τὰς
383 1195 480 1228 οἰκείας
497 1195 662 1234 ὑποσχέσεις.

10 1252 20 1268 (ι
39 1241 105 1280 Ἐγὼ
121 1242 147 1270 δὲ
161 1241 286 1281 μάρτυρα
301 1240 345 1270 τὸν
361 1240 430 1270 Θεὸν
447 1241 628 1281 ἐπικαλοῦμαι,
640 1238 683 1269 ἐπὶ
698 1239 745 1274 τὴν

10 1291 26 1319 iv
45 1287 142 1325 ψυλὴν,
159 1285 199 1314 ὅτι
226 1286 377 1326 φειδόμενος
398 1287 489 1322 ὓμῶν,
512 1283 599 1314 οὐκέτι
618 1279 696 1320 ἦλθον
711 1285 746 1317 εἷς

10 1334 89 1368 ρινῡσν.
109 1342 123 1360 n
141 1331 194 1360 Καὶ
217 1331 270 1370 μὴν
285 1331 408 1369 ἀνωτέρω
430 1325 521 1365 εἶπεν,
536 1331 577 1359 ὅτι
598 1329 650 1359 Διὰ
670 1331 746 1358 τοῦτο

10 1370 117 1411 ιῆὶθον,
142 1374 182 1404 ὅτι
206 1376 256 1405 οὐκ
281 1371 351 1415 εἶχον
378 1374 496 1408 ἐξουσίαν
523 1375 656 1415 ἐμαυτοῦ,
687 1374 745 1402 ἀλλ’

10 1420 18 1447 ὃ
36 1422 75 1448 τοῦ
95 1419 250 1458 Πνεύματος
272 1418 418 1455 ἐκωλύθην.
445 1420 507 1452 Πῶς
524 1413 568 1448 οὖν
591 1421 635 1447 νῦν
658 1417 744 1456 λέγει,

34 1464 79 1493 Διὰ
101 1465 129 1493 τὸ
161 1465 298 1505 ερείδεσοαι
324 1466 397 1502 tua»
423 1465 470 1493 οὖκ
504 1459 601 1499 ἧλθονς
633 1462 671 1492 Ἢ
701 1462 746 1491 καὶ

10 1512 39 1537 i=0
63 1509 122 1538 αὖτό
147 1513 193 1539 τοῦ
226 1509 380 1547 Πνεύματος
405 1505 449 1544 ἧν.
478 1508 518 1538 Τὸ
548 1508 598 1548 γὰρ
632 1509 746 1545 Πνεῦμα

11 1552 85 1581 ἔϐαλεν
109 1554 178 1593 αὖτῷ
211 1554 250 1593 μὴ
282 1553 493 1592 παραγενέσθαι,
516 1552 564 1587 τὴν
590 1551 671 1592 φειδὼ
699 1552 746 1586 τὴν

12 1599 49 1626 τῶν
70 1599 290 1637 προϐαλλόμενον.
315 1597 353 1628 ἸΙ
381 1599 421 1627 ὅτι
450 1597 519 1627 κατὰ
548 1596 595 1635 μὲν
623 1596 672 1632 τὴν
702 1598 748 1637 cip-

12 1653 21 1667 ν
36 1641 60 1670 1b
83 1644 189 1681 Πνεῦμα
218 1643 348 1679 ἐκώλυεν,
365 1643 471 1681 ὕστερον
487 1641 514 1671 δὲ
533 1641 579 1670 καὶ
598 1642 675 1676 αὐτὸς
690 1643 748 1670 ἔπι-

13 1685 142 1723 (ισάμενος,
168 1689 207 1717 ὅτι
236 1691 312 1718 τοῦτο
335 1686 452 1727 βέλτιον,
480 1686 594 1724 ἔμεινεν.
623 1686 696 1725 Ὅρα
721 1686 748 1716 δὲ

14 1743 19 1756 ι
36 1731 116 1770 copim
137 1733 230 1762 αὐτοῦ.
260 1732 371 1767 Ἐπειδὴ
393 1731 444 1771 γὰρ
465 1732 560 1760 ἐκεῖνοι
581 1730 690 1770 ἔλεγον,
710 1730 750 1760 ὅτι

14 1773 107 1804 ὶτοῧιο
131 1779 177 1806 οὐκ
201 1773 299 1813 ἦλθες,
323 1776 408 1814 διότι,
433 1778 467 1808 ὡς
493 1776 594 1811 ἔοικεν,
621 1776 750 1813 ἐμίσησας

16 1823 52 1851 ᾶς·
72 1820 141 1854 αὐτὸς
164 1822 315 1851 τούναντίον
338 1821 436 1861 φησιν,
461 1820 502 1849 ὅτι
526 1819 578 1850 Διὰ
603 1822 681 1849 τοῦτο
703 1820 751 1849 οὐκ

16 1864 115 1897 50v,61t
140 1867 263 1906 φείδομαι
289 1867 372 1903 ὓμῶν.
398 1867 424 1895 Τ
426 1868 486 1894 οῧτο
517 1865 545 1893 δὲ
569 1864 659 1903 λέγει,
685 1864 751 1894 διότι

17 1906 38 1935 iv
53 1920 112 1942 τινες
133 1911 194 1951 παρ’
208 1912 298 1944 αὐτοῖς
324 1910 520 1949 ἁμαρτάνοντες
530 1909 568 1944 ³⁵,
585 1909 629 1938 καὶ
646 1907 683 1946 μὴ
705 1920 751 1947 με·

18 1951 148 1990 νοήσαντες,
173 1951 209 1989 οἷς
222 1955 247 1972 ³⁸
276 1955 415 1990 ἐπεξῆλθεν
445 1955 490 1991 ἂν,
519 1954 542 1982 εἷ
572 1953 750 1993 παρεγένετο,

18 1992 103 2036 ὶεῖρεν
129 1998 309 2040 ἀδιορθώτους.
342 1998 500 2039 Περιέμενεν
527 1993 589 2034 οὖν,
618 1997 662 2027 ἵνα
689 1999 752 2027 ὅταν

22 2042 164 2080 git-Somni,
188 2045 248 2074 τότε
274 2045 352 2084 ἔλθῃ,
382 2043 429 2073 καὶ
458 2043 495 2082 μὴ
526 2042 588 2082 εὕρῃ
618 2042 752 2077 κολάσεως

20 2086 96 2122 ῦριιήν.

27 2139 37 2155 ιι
54 2131 106 2171 Οὖχ
121 2132 159 2161 ὅτι
181 2134 337 2174 κυριεύομεν
363 2135 436 2171 ὑμῶν
463 2133 510 2168 τῆς
533 2131 665 2171 πίστεως,
684 2131 753 2162 ἀλλὰ

22 2175 86 2212 νεργοί
105 2177 177 2207 ἔσμεν
199 2181 246 2212 τῆς
269 2183 354 2218 χαρᾶς
372 2179 457 2214 ὑμῶν.
488 2189 502 2206 n
527 2177 638 2213 Ἐπειδὴ
660 2179 752 2207 αὐθεν-

23 2218 104 2257 ιώτερον
119 2222 197 2252 ἐδόκει
214 2223 229 2252 ὃ
246 2219 317 2252 εἶπεν
339 2223 460 2263 (ἐκείνων
484 2222 535 2262 γάρ
558 2234 597 2255 τις
619 2223 751 2261 git-fauni,

23 2271 28 2292 :
47 2264 142 2294 κολάσαι
163 2266 250 2308 κύριός
274 2268 362 2305 ἐστι),
389 2265 527 2307 Θεραπεῦει
550 2266 580 2296 τὸ
603 2270 648 2296 τοῦ
673 2267 752 2306 λόγου

24 2305 72 2344 ηδ,
88 2309 210 2349 χαιίφησιν
221 2336 229 2351 ,
247 2313 286 2342 ὅτι
305 2307 397 2349 Εἶπον,
414 2312 548 2352 φείδεσθαι
565 2313 646 2350 ὑμῶν,
667 2313 695 2340 οὐ
708 2312 750 2342 διὰ

30 2349 125 2382 ἐξουσίαν
137 2354 202 2395 ἔχειν
215 2359 261 2392 τῆς
277 2357 388 2389 πίστεως
399 2357 472 2395 ὑμῶν
484 2355 679 2396 (προαιρέσεως
691 2356 716 2374 ³⁸
727 2357 746 2375 ’-

26 2395 136 2434 ρέστινὴ
158 2400 258 2439 πίστις,
284 2401 328 2430 καὶ
345 2401 427 2434 οὐδεὶς
450 2400 593 2439 ἀναγκάζει
615 2403 754 2430 πιστεῦσαι

27 2439 82 2489 ἰ
105 2441 291 2486 ϐουλόμενον),
318 2446 387 2475 ἀλλὰ
415 2445 480 2475 διότι
504 2447 522 2480 ἡ
545 2444 659 2484 ὑμετέρα
683 2445 754 2486 χαρὰ

28 2484 41 2515 7i
59 2484 130 2521 ἔστιν,
146 2490 189 2518 οὐκ
211 2484 305 2527 ἦλθον,
320 2489 363 2519 ἵνα
380 2490 418 2529 μὴ
441 2489 551 2528 ἐμϐάλω
571 2491 637 2527 ὑμᾶς
652 2491 688 2523 εἷς
709 2484 755 2519 λό-

28 2530 100 2573 ᾎντκαῖ
118 2532 221 2570 λυπηϐῶ
240 2535 325 2574 κάγώ.
347 2536 442 2565 Πάντα
464 2534 515 2573 γὰρ
533 2535 676 2573 ἐργάζομαι
693 2535 757 2574 ὑπὲρ

29 2579 40 2600 “
53 2578 122 2611 7.1.53:
141 2578 208 2615 ὗμῶν
219 2603 226 2616 ,
243 2581 288 2609 καὶ
309 2579 352 2608 διὰ
367 2582 442 2608 τοῦτο
459 2579 550 2617 ἔμεινα
565 2590 571 2596 ·
587 2578 630 2607 ἵνα
650 2580 758 2619 διορθω-

31 2623 75 2647 m‘
89 2619 134 2649 ἀπὸ
151 2625 194 2658 τῆς
213 2626 322 2660 ἀπειλῆς
345 2624 427 2664 μόνης
447 2624 547 2663 εὑρὼν,
563 2623 678 2658 ἀλύπους
693 2626 761 2662 ὑμᾶς

30 2667 66 2693 ατη
70 2661 137 2699 θήσω.

800 971 929 1008 deinceps
949 971 1040 1000 forsan
1055 973 1199 1002 mendaces
1214 974 1377 1002 inveniendi.
1393 974 1506 1003 Minime
1521 975 1596 1003 enim

800 1017 927 1052 gentium
942 1025 993 1045 nos
1009 1025 1105 1045 sumus
1120 1018 1167 1054 qui
1182 1017 1312 1046 fulcimus
1328 1026 1392 1048 vos:
1408 1027 1505 1048 verum
1522 1021 1598 1049 Deus

800 1065 859 1094 est,
885 1062 932 1098 qui
948 1066 975 1090 et
990 1062 1145 1098 promittit,
1161 1067 1189 1091 et
1204 1062 1297 1091 ﬁrmat
1311 1071 1377 1092 cum
1400 1071 1444 1092 me
1459 1068 1520 1094 tum
1537 1072 1595 1093 vos.

801 1107 862 1141 lpse
882 1107 954 1134 enim
979 1107 1074 1135 omnia
1101 1107 1269 1144 adimplebit.
1291 1108 1446 1137 Subaudire
1468 1109 1543 1138 enim
1569 1112 1596 1138 te

800 1155 917 1186 oportet,
934 1151 1009 1187 quod
1025 1153 1099 1180 Deus
1118 1152 1177 1181 haec
1199 1156 1227 1181 et
1242 1153 1289 1181 illa
1303 1152 1406 1182 faciens
1418 1175 1426 1188 ,
1441 1153 1499 1191 ipse
1516 1155 1597 1183 etiam

800 1196 919 1231 complet
933 1195 1057 1233 proprias
1072 1198 1282 1233 promissiones.

838 1242 926 1269 Vsus.
941 1243 985 1269 23.
1015 1251 1030 1268 ιι
1052 1243 1110 1278 Ego
1125 1247 1217 1271 autem
1231 1247 1331 1271 testem
1352 1245 1442 1272 Deum
1456 1246 1553 1273 invoco
1569 1245 1598 1274 in

801 1285 921 1313 animam
938 1294 1040 1320 meam,
1057 1287 1131 1323 quod
1145 1295 1260 1323 parcens
1275 1288 1363 1322 vobis,
1378 1289 1502 1317 nondum
1517 1298 1597 1318 vene-

800 1330 1035 1359 rimCoriuthum.
1053 1343 1064 1356 ι
1083 1332 1166 1368 Atqui
1181 1340 1262 1368 supra
1279 1332 1358 1366 dixit,
1374 1334 1520 1369 Propterea
1541 1343 1599 1363 non

801 1374 871 1408 veni,
884 1376 947 1410 quia
961 1384 1016 1404 non
1031 1375 1172 1404 habuerim
1192 1377 1246 1405 mei
1264 1377 1349 1414 ipsius
1363 1382 1536 1414 potestatem,
1546 1379 1595 1408 sed

800 1427 815 1447 a
831 1420 933 1455 Spiritu
948 1421 1000 1448 sim
1023 1421 1183 1456 prohibitus.
1209 1421 1260 1457 Qui
1283 1422 1368 1458 igitur
1391 1431 1465 1452 nunc
1484 1423 1534 1457 ait.
1559 1425 1600 1453 Ut

800 1472 938 1500 parcerem
953 1465 1027 1493 vobis
1040 1473 1095 1494 non
1109 1467 1169 1494 veni
1184 1467 1256 1495 ?Vel
1271 1466 1324 1495 hoc
1347 1467 1436 1504 ipsum
1458 1476 1474 1496 a
1494 1469 1598 1504 Spiritu

801 1514 858 1537 erat
873 1518 880 1537 :
895 1509 1012 1545 Spiritus
1024 1511 1098 1538 enim
1112 1511 1136 1538 ei
1159 1511 1293 1547 suggessit
1307 1520 1341 1540 ne
1363 1512 1476 1541 veniret.
1497 1521 1598 1549 propo-

784 1568 789 1593 ί
801 1562 869 1581 nens
882 1554 1014 1582 nimirum
1034 1559 1061 1583 et
1075 1555 1222 1584 consulens
1235 1564 1290 1592 quo
1306 1557 1346 1585 eis
1358 1561 1468 1592 parcat:
1483 1558 1524 1585 vel
1535 1558 1600 1593 quia

804 1599 923 1634 Spiritus
941 1600 1059 1635 primum
1074 1600 1234 1634 inhibuerit,
1247 1606 1309 1637 post
1320 1609 1384 1630 vero
1397 1601 1483 1638 250
1501 1606 1530 1630 et
1543 1603 1601 1638 ipse

802 1651 897 1671 secum
910 1645 1075 1680 reputaverit
1086 1644 1124 1672 sic
1134 1645 1231 1673 melius
1244 1653 1314 1679 esse,
1328 1645 1444 1682 ideoque
1458 1647 1602 1675 manserit.

803 1689 969 1724 Sapientiam
985 1689 1030 1717 hic
1056 1690 1138 1725 ipsius
1158 1690 1353 1719 animadverte.
1381 1692 1451 1719 Cum
1470 1691 1545 1720 enim
1562 1691 1602 1720 illi

804 1733 935 1766 dicereut,
963 1736 1109 1770 Propterea
1132 1742 1189 1762 non
1204 1735 1310 1770 venisti,
1327 1735 1414 1772 quod,
1439 1741 1470 1764 ut
1482 1736 1600 1770 videtur,

805 1777 903 1806 oderis.
917 1787 980 1811 nos,
1007 1779 1063 1814 ipse
1085 1779 1255 1807 contrarium
1277 1780 1326 1812 ait,
1344 1782 1413 1808 Eam
1429 1780 1465 1808 ob
1490 1789 1601 1809 causam

804 1831 862 1850 non
878 1823 941 1850 veni
957 1823 991 1851 ad
1005 1831 1063 1856 vos,
1079 1823 1152 1859 quod
1169 1824 1246 1851 vobis
1261 1831 1415 1859 parcerem.
1431 1825 1494 1852 Hoc
1508 1829 1602 1853 autent

805 1867 898 1901 refert,
919 1868 982 1903 quia
997 1868 1126 1895 nonnulli
1139 1867 1211 1903 apud
1226 1875 1273 1896 eos
1291 1867 1394 1896 fuerint
1408 1874 1554 1904 peccantes
1573 1874 1602 1897 et

806 1911 1008 1948 impoenitentes
1020 1933 1028 1946 ,
1042 1911 1076 1940 de
1100 1912 1197 1947 quibus
1211 1912 1373 1948 supplicium
1389 1913 1561 1948 sumpsisset,
1578 1914 1601 1941 si

806 1964 861 1984 non
875 1955 1041 1984 reformatos
1065 1956 1222 1984 invenisset.
1244 1957 1416 1993 Exspectavit
1440 1957 1525 1994 igitur
1541 1962 1602 1986 tan-

804 2000 889 2036 tisper
904 2001 970 2029 dum
990 2002 1161 2029 correxerint
1177 2009 1269 2030 mores
1282 2010 1360 2038 suos,
1375 2010 1407 2031 ac
1422 2007 1482 2030 tum
1499 2002 1600 2038 veniat,

806 2053 857 2074 nec
866 2045 994 2082 puniendi
1005 2046 1178 2074 occasionem
1186 2046 1317 2074 inveniat.

842 2137 932 2164 Vens.
949 2138 994 2164 24.
1016 2148 1028 2160 α
1045 2137 1107 2164 Non
1122 2136 1196 2172 quod
1214 2135 1392 2165 dominemur
1412 2136 1473 2165 ﬁdei
1495 2141 1602 2172 vestrae,

806 2180 854 2209 sed
869 2181 1008 2217 adjutores
1031 2189 1126 2209 sumus
1140 2181 1231 2217 gaudii
1250 2181 1343 2209 vestri.
1371 2193 1383 2206 υ
1408 2182 1478 2217 Quia
1493 2182 1603 2210 videba-

767 2247 792 2278 Β
807 2230 851 2254 tur
876 2226 990 2261 majoris
1011 2226 1182 2254 auctoritatis
1204 2226 1278 2262 quod
1300 2226 1407 2255 dixerat
1431 2227 1493 2260 (illis
1527 2227 1604 2255 enim

806 2269 944 2307 quispiam
959 2271 1056 2306 parcit,
1074 2270 1101 2298 in
1117 2279 1187 2307 quos
1206 2271 1391 2307 puniendijus
1403 2271 1508 2305 habet),
1522 2279 1604 2308 aspe-

804 2316 914 2344 ritatem
932 2315 990 2351 jam
1009 2315 1140 2343 orationis
1155 2319 1231 2343 curat
1252 2320 1279 2343 et
1301 2315 1430 2352 mitigat:
1454 2317 1516 2344 Non
1537 2316 1604 2350 dixi,

806 2360 942 2396 inquiens,
960 2368 1004 2387 me
1019 2360 1093 2388 vobis
1109 2368 1218 2396 parcere
1230 2381 1238 2393 ,
1253 2368 1286 2388 eo
1300 2360 1374 2397 quod
1388 2360 1425 2389 sit
1444 2361 1512 2388 mihi
1522 2360 1570 2397 jus
1579 2361 1607 2389 in

808 2405 890 2432 ﬁdem
907 2409 1024 2432 vestram
1042 2405 1146 2438 (libera:
1162 2412 1284 2441 namque
1297 2405 1444 2433 voluntatis
1461 2405 1530 2434 ﬁdes
1552 2409 1605 2439 est,

809 2457 896 2486 neque
919 2449 1064 2484 quisquam
1085 2449 1160 2486 cogit
1178 2449 1320 2478 nolentem
1341 2449 1483 2486 credere);
1510 2458 1606 2478 verum

811 2494 873 2530 quia
886 2498 974 2521 vostra
994 2494 1087 2522 laetitia
1103 2502 1163 2522 mea
1178 2498 1232 2528 est,
1253 2502 1309 2522 non
1324 2495 1397 2526 veni,
1409 2503 1443 2523 ne
1457 2495 1606 2532 conjiciunt

812 2547 858 2566 vos
884 2538 908 2566 in
933 2547 1103 2572 mmrorem,
1133 2547 1164 2566 ac
1197 2539 1280 2567 simul
1307 2539 1447 2567 vobiscum
1463 2547 1606 2568 mmream.

814 2583 916 2611 Omnia
939 2583 1013 2611 enim
1036 2583 1105 2611 facio
1125 2591 1175 2619 pro
1198 2584 1295 2620 gaudio
1312 2589 1412 2619 vestro,
1434 2592 1550 2621 eamque
1571 2584 1607 2611 ob

813 2635 922 2656 causam
937 2627 1084 2656 adventum
1100 2636 1194 2656 meum
1208 2628 1312 2663 distuli,
1329 2633 1361 2657 ut
1375 2637 1421 2665 per
1432 2629 1505 2657 solas
1519 2628 1612 2656 minas

814 2681 862 2701 vos
876 2672 911 2700 ad
926 2673 1068 2701 meliorem
1082 2677 1185 2701 statum
1208 2674 1355 2702 translatos
1369 2673 1522 2707 inveniens,
1537 2680 1605 2701 ma:-

815 2717 886 2745 roris
909 2721 1032 2754 expertes
1057 2725 1230 2747 conservem.

662 2794 759 2823 Varia:
781 2794 928 2823 lectiones.

43 2830 57 2846 ax
68 2837 208 2878 συνάλλαγμα
221 2853 246 2873 0.
283 2846 305 2863 ³⁵
320 2846 470 2881 ἁμαρτόντες
482 2854 510 2874 ο.
550 2845 571 2863 ³⁵
585 2847 627 2877 οὓς
641 2855 666 2874 ο.
705 2847 750 2864 ³⁶¹“
764 2847 902 2883 προαίρεσις
916 2855 941 2875 ο.
