1867 3081
10 184 33 209 l7
440 180 615 208 EXPOSl'l‘lO
637 181 666 207 IN
688 178 790 207 EPIST.
812 179 833 206 ll
852 178 898 206 AD
917 179 996 207 (ΞΟΠ.
1015 195 1049 200 -
1068 180 1142 209 CAP.
1163 181 1196 208 ll.

1577 186 1628 212 8l8

13 243 122 281 πίπνιγε
153 242 205 278 τὴν
231 242 341 284 καρδίαν
373 254 423 281 μου
452 245 468 278 ἡ
495 243 607 280 ἀθυμία,
634 241 777 282 συνέχουσα

876 242 934 269 tavit
955 249 1003 270 cor
1026 250 1120 270 meum
1144 242 1200 278 ipsa
1222 243 1349 277 tristitia,
1379 246 1570 281 constringens
1603 252 1632 276 et

10 289 29 318 zi
51 290 278 327 στενοχωροῦσα,
304 288 350 317 καὶ
375 289 418 318 διὰ
439 290 516 317 τοῦτο
541 287 654 329 ἔγραψα.
671 286 781 326 Ὠσπερ

23 345 59 366 τις
73 333 166 373 πατὴρ
188 332 275 372 ἰατρὸς
297 331 400 371 τέμνων
425 331 442 368 ἢ
464 333 547 362 καίων
567 332 611 362 τὸν
631 333 733 370 παῖδα,
748 332 782 361 δι’

10 378 138 418 μφοτέρων
165 377 307 414 λυπεῖται,
328 377 374 406 καὶ
388 377 428 406 ὅτι
453 381 544 416 νοσεῖ,
568 377 614 406 καὶ
635 377 675 407 ὅτι
697 378 781 416 ἄναγ-

10 424 90 456 ἱζεται
116 421 200 451 αὐτὸν
224 421 346 459 τέμνεινο
370 422 429 452 κατ’
452 421 533 451 ἄλλον
560 420 587 451 δὲ
612 420 709 461 τρόπον
734 421 779 450 εὖ·

10 467 140 506 ραίνεται,
169 466 214 496 διὰ
235 466 284 502 τὴν
309 469 356 502 τῆς
379 465 468 505 ὑγείας
494 465 606 496 ἐλπίδα·
632 465 714 500 οὕτως
738 461 782 495 οὖν

10 511 60 549 ἆγὼ
83 510 377 551 ἇμαρτάνονταςῗιὺμᾶς
398 512 488 540 λυπῶν
496 510 532 547 ³³,
552 512 688 549 λυποῢμαι
700 522 706 530 ·
722 510 783 540 κατ’

10 558 64 585 λλον
90 556 116 586 δὲ
150 555 252 595 τρόπον
280 555 466 596 εὖφραίνομαι,
491 555 663 593 λυπουμένων
690 557 780 594 ὑμῶν,

10 601 31 630 ιὰ
43 600 89 637 τήν
104 600 204 631 ἐλπίδα
214 602 262 637 τῆς
276 600 438 641 διορθώσεως
453 602 539 639 ὑμῶν.

33 702 46 720 α
65 690 125 731 Οὖχ
136 689 183 719 ἵνα
198 691 356 728 λυπηθῆτε,
375 691 435 720 ἀλλ’
451 689 494 719 ἵνα
509 691 592 729 γνῶτε
607 689 655 726 τὴν
677 689 782 731 ἀγάπην

12 749 23 763 ν
45 729 316 775 ἕχωγπερισσοτέρως
336 735 373 768 εἷς
394 736 470 774 ὑμᾶς,
492 749 505 761 ιι
527 734 568 765 Τὸ
587 735 728 764 ἀκόλουθον
751 729 783 770 ἦν

10 781 84 809 ἰπεῖνι
111 781 174 819 οὐχ
199 779 244 808 ἵνα
266 781 418 816 λυπηθῆτε,
451 780 511 809 ἀλλ’
537 778 582 809 ἵνα
607 780 782 820 διορθωθῆτε·

10 825 47 853 ;λλ’
70 825 96 853 οὗ
121 823 195 864 λέγει
217 827 295 854 τοῦτο
308 836 315 842 ·
337 824 544 864 καταγλυκαίνει
565 824 592 854 δὲ
617 824 661 854 τὸν
687 824 781 862 λόγον,

10 869 142 907 ιουλόμενος
167 868 369 899 ἐπισπάσασθαι
398 868 509 906 αὐτοὺς,
537 868 580 898 διὰ
608 872 653 898 τοῦ
677 868 780 906 δεῖξαι,

10 914 32 942 τι
45 927 56 940 ι
69 913 277 954 περισσοτέρως,
293 927 305 940 ι
320 912 337 948 ἢ
351 912 412 947 τοὺς
427 913 522 947 ἄλλους
537 912 668 952 μαθητὰς,
689 914 782 953 ἀγαπᾷ

836 291 983 322 angustum
1002 287 1129 321 reddens,
1149 295 1180 315 ac
1200 293 1345 323 propterea
1367 289 1472 325 scripsi.
1488 291 1628 325 Quemad-

838 331 950 359 modum
976 332 999 360 si
1025 332 1087 368 quis
1109 336 1185 368 pater
1210 332 1334 360 medicus
1358 341 1452 361 secans
1474 339 1522 362 aut
1547 343 1629 364 urens

837 375 923 403 ﬁlium
938 383 1028 411 suum,
1045 376 1145 412 duplici
1160 376 1270 404 nomine
1281 378 1400 413 angitur,
1416 382 1444 406 et
1458 378 1533 414 qttod
1545 387 1630 416 aegro-

839 423 879 448 tat
893 419 974 454 ﬁlius,
999 424 1026 448 et
1049 421 1123 457 quod
1137 420 1264 457 adigatur
1284 421 1341 457 ipse
1355 421 1500 451 admovere
1515 431 1629 452 manum

838 468 866 492 et
888 472 980 493 secare
998 465 1103 494 :altera
1123 470 1217 494 autem
1243 466 1348 494 ratione
1376 466 1554 502 cxhilaratur,
1582 476 1631 505 spe

838 509 967 537 nimirum
989 510 1129 544 sanitatis;
1159 510 1234 538 hunc
1257 510 1291 539 ad
1314 511 1428 539 modum
1456 516 1484 540 et
1510 520 1561 549 ego
1582 521 1632 542 vos

837 553 1030 590 delinquentes
1042 555 1069 582 in
1085 563 1233 583 maerorem
1252 555 1412 592 conjiciens,
1431 556 1490 592 ipse
1504 565 1629 586 maereo:

838 598 888 627 alia
904 606 968 626 vero
981 599 1097 632 ratione,
1121 599 1197 628 vobis
1211 600 1403 635 maerentibus,
1426 605 1537 637 propter
1554 609 1632 638 spem

838 643 1037 672 emendationis
1057 648 1152 673 vestrae
1163 644 1311 673 exhilaror.

877 697 891 714 (ι
909 689 971 716 Νοη
991 692 1023 716 ut
1042 689 1260 723 eontristemini,
1282 689 1329 717 sed
1348 693 1380 717 ut
1395 688 1560 719 charitatem
1582 699 1634 720 co-

836 733 978 768 gnoscatis
1000 741 1084 770 quam
1119 733 1206 762 habeo
1234 733 1418 763 abundantius
1448 742 1512 772 erga
1543 744 1601 765 vos.
1619 749 1631 762 ι

835 778 1010 814 Consequens
1030 783 1089 806 erat
1101 777 1203 812 dicere,
1218 779 1279 807 Non
1300 782 1331 806 ut
1351 779 1562 815 contristemini,
1586 789 1630 810 ve-

838 830 900 850 rum
915 827 944 851 ut
961 823 1144 851 emendemini
1163 824 1259 860 :atqui
1276 831 1333 852 non
1348 823 1413 852 dicit
1428 825 1491 852 hoc.
1516 825 1635 854 Edulcat

836 871 928 895 autem
943 875 1113 902 sermonem,
1129 868 1240 904 cupiens
1253 876 1301 897 eos
1315 869 1464 904 attrahere,
1488 870 1635 899 indicando

837 911 912 948 quod
947 920 994 940 eos
1016 920 1072 949 pra:
1099 913 1204 941 caeteris
1238 913 1294 941 suis
1325 912 1464 949 discipulis
1486 914 1634 944 dilectione

10 958 99 996 ιῦτοὺς,
120 958 166 988 καὶ
187 958 230 988 ὅτι
252 958 303 988 κᾶν
317 958 404 998 λυπῇ,
427 957 480 987 ἀπὸ
502 958 607 997 ἀγάπης
622 959 718 994 λυπεῖ,
735 959 781 987 καὶ

876 956 939 993 Ijore
962 958 1179 993 complectatur:
1199 962 1224 986 et
1252 958 1324 994 quod
1353 959 1463 987 etiamsi
1491 960 1635 988 contristet

10 1004 40 1032 int
51 1002 100 1032 ἀπὸ
114 1005 210 1041 θυμοῦ.
238 1003 375 1042 Μεγίστης
389 1003 440 1043 γὰρ
456 1002 578 1043 ἀγάπης,
599 1003 645 1039 τὸ,
660 1003 782 1042 ἁμαρτα-

10 1047 84 1077 ιόντων
98 1049 189 1086 ὖμῶν,
213 1047 262 1086 ἐμὲ
277 1048 435 1084 λυπεῖσθαι,
458 1046 504 1076 καὶ
518 1047 639 1077 σπεύδειν
656 1048 782 1087 ἐπιτιμᾷν

10 1095 66 1130 υμῖν,
80 1093 221 1122 κάντεῦθεν
237 1092 329 1122 λυπεῖν
355 1093 432 1130 ὑμᾶς.
461 1092 494 1121 Εἰ
517 1092 569 1132 γὰρ
593 1092 631 1131 μὴ
656 1091 783 1130 ἠγάπων,

10 1137 80 1176 ἱφῆκα
91 1136 121 1166 ἂν
133 1135 339 1177 ἄθεραπεύτους.

35 1236 46 1249 α
66 1223 98 1253 Εἰ
112 1222 140 1252 δέ
153 1234 193 1256 τις
218 1222 368 1259 λελύπηκεν
378 1245 386 1259 ,
404 1225 451 1252 οὐκ
470 1222 518 1261 ἐμὲ
542 1221 690 1258 λελύπηκεν
700 1243 709 1258 ,
725 1222 784 1250 ἀλλ’

10 1267 48 1297 ire
68 1267 174 1307 μέρους,
192 1267 240 1296 ἴνα
262 1266 300 1306 μὴ
324 1267 445 1308 ἐπιϐαρῶ
460 1267 562 1301 πάντας
582 1269 661 1305 ὑμᾶς.
679 1277 692 1295 ))
715 1265 785 1296 Βού-

10 1314 66 1340 ιεται
79 1311 119 1340 διὰ
132 1311 233 1342 τούτων
259 1311 370 1351 ἀγάπην
398 1313 548 1351 κυρωθῆναι
563 1311 598 1344 εἰς
619 1310 663 1340 τὸν
683 1322 787 1350 πεπορ-

10 1355 115 1392 uexere,
134 1357 195 1397 περὶ
212 1352 244 1386 οὗ
259 1357 371 1397 ἔγραψεν
387 1358 413 1386 ἐν
476 1355 595 1396 προτέρᾳ
616 1355 768 1395 Ἐπιστολῇ
780 1366 786 1374 ·

10 1400 44 1428 ui
67 1400 114 1441 γὰρ
139 1396 207 1438 ἦσαν
241 1396 445 1435 αὖτὸννπάντες
470 1403 503 1440 τῇ
530 1400 650 1430 κελεύσει
677 1399 786 1430 Παύλου

10 1445 199 1486 ἰποστραφέντις
225 1448 262 1480 ὣς
284 1445 438 1486 βδιλυκτόν.
455 1445 516 1476 Ἵνα
540 1445 619 1475 τοίνιν
645 1445 683 1484 μὴ
707 1445 787 1474 πάλιν

10 1489 36 1518 τὰ
48 1490 141 1520 ἐναντία
159 1492 358 1528 κελευσθέντες,
380 1490 500 1521 τουτίστι
514 1513 522 1527 ,
545 1490 576 1520 τὸ
590 1490 787 1529 προσλαϐέσθαι

10 1533 84 1571 αὐτὸν,
99 1535 142 1565 καὶ
161 1536 327 1577 χαρίσασθαι
339 1537 428 1577 αὐτῷ,
450 1536 676 1566 σκανδαλισθῶσιν
690 1535 734 1565 ἐπὶ
747 1536 786 1576 τῷ

10 1579 96 1620 Παύλῳ
130 1581 164 1614 ὣς
192 1581 373 1621 παλιμϐόλῳ-
401 1580 614 1621 μεταχειρίζεται
644 1580 785 1620 σοφώτατα

10 1622 44 1651 τὸν
64 1624 150 1663 λόγον,
166 1625 213 1655 καὶ
236 1625 375 1660 κοινωνοὺς
401 1625 494 1659 αὐτοὺς
518 1629 634 1654 ποιεῖται
655 1627 701 1661 ἧς
720 1636 786 1665 συγ-

10 1667 146 1706 χωρήσεως,
173 1670 276 1709 λέγων,
305 1670 345 1700 ὅτι
381 1669 491 1709 αΩαπερ
528 1671 621 1703 κοινῶς
654 1670 786 1706 ἐλύπησεν

11 1713 84 1749 ἡμᾶς,
100 1713 164 1743 οὕτω
179 1714 226 1744 καὶ
252 1716 345 1748 κοινῶς
369 1714 449 1744 πάλιν
471 1714 634 1754 εὖφράνθητε
644 1713 669 1732 ³⁹
696 1713 739 1743 ἐπὶ
753 1716 786 1753 τῇ

11 1757 158 1796 συγχωρήσει
180 1759 272 1788 αὐτοῦ.
292 1758 334 1788 Οὖ
355 1758 406 1797 γὰρ
434 1757 500 1796 ἐμὲ,
518 1758 599 1798 φησὶ,
617 1757 695 1796 μόνον
710 1759 787 1788 λελύ-

11 1810 94 1838 πηκεν,
114 1803 180 1832 ἀλλὰ
194 1803 241 1833 καὶ
259 1805 329 1842 ὑμᾶς
344 1803 444 1837 πάντας
464 1814 478 1832 (ι
497 1804 527 1832 ἐκ
543 1802 638 1841 μέρους
651 1814 658 1822 ·
676 1813 690 1831 ι
705 1814 785 1832 τουτ-

12 1844 72 1874 έστιν
83 1869 91 1884 ,
104 1845 210 1886 Ὀλίγον
235 1860 262 1877 τι
283 1847 413 1884 ἐλύπησεν
427 1871 435 1884 ,
450 1847 494 1877 ἵνα
511 1847 549 1886 μὴ
565 1847 635 1885 λέγω
656 1847 696 1876 δτι
717 1859 785 1876 παν-

12 1889 78 1922 τελῶς
90 1890 215 1927 ιλύπησεν
230 1893 308 1929 ὑμᾶς,
323 1893 367 1921 διά
390 1892 420 1921 τὸ
438 1894 476 1930 μὴ
500 1891 665 1931 ἐπιϐαρῆσαι
687 1891 765 1921 αὐτόν
779 1903 786 1910 ·

14 1931 59 1961 ἐπεὶ
115 1946 142 1974 γε
164 1935 275 1976 ἀληθείᾳ
296 1936 342 1966 καὶ
357 1938 426 1975 ὑμᾶς
441 1937 538 1975 ὁμοίως
558 1937 617 1975 ἐμοὶ
639 1935 768 1972 ἐλύπησεν
781 1948 787 1955 ·

16 1975 62 2022 ἀλλ’
81 1979 144 2016 ὅμως
158 1981 200 2010 ἳνα
228 1975 271 2020 μὴγ
289 1981 447 2022 ἐπιϐαρήσω
470 1981 548 2010 αὐτὸν
571 1980 617 2010 τὸν
640 1992 784 2021 πεπορνευ-

16 2020 80 2058 χότα,
99 2033 111 2051 ιι
124 2025 151 2054 ἐκ
165 2025 260 2065 μέρους
274 2036 289 2054 n
309 2020 394 2066 φημί,
410 2028 478 2064 ὑμᾶς
489 2026 651 2062 λυπηθῆναι.

52 2076 64 2094 ιι
79 2065 172 2098 Ἱκανὸν
185 2072 224 2110 τῷ
243 2070 353 2110 τοιούτῳ
368 2074 385 2107 ἡ
403 2070 522 2108 ἐπιτιμία
537 2069 615 2106 αὕτη,
633 2072 650 2106 ἡ
671 2069 722 2100 ὑπὸ
736 2072 787 2100 τῶν

17 2109 134 2143 πλειόνων.
150 2125 164 2142 ν
180 2109 222 2144 Οὖ
234 2115 319 2154 λέγει,
394 2115 594 2155 πεπορνευκότι,
607 2115 691 2152 ἀλλὰ,
709 2126 724 2143 «
739 2117 787 2156 Τῷ

17 2156 119 2201 τξξιξύτῳ,
139 2169 152 2187 ι
176 2161 211 2193 ὥς
238 2161 284 2189 καὶ
305 2161 332 2190 ἐν
355 2163 388 2201 τῇ
411 2160 538 2200 προτέρᾳ.
564 2159 635 2189 Ἀλλ’
658 2161 713 2189 ἐκεῖ
740 2160 787 2197 μὲν

17 2197 62 2227 οὐδὲ
87 2203 251 2240 ὀνομάζεσθαι
265 2205 348 2234 θέλων
371 2197 464 2234 αὐτόν·
487 2205 601 2233 ἐνταῦθα
623 2204 669 2243 δὲ,
694 2205 788 2244 φειδό-

19 2253 93 2290 μενφς,
113 2247 155 2277 καὶ
181 2250 239 2280 οὐδὲ
261 2249 395 2288 μέμνηται
418 2250 535 2288 οὐδαμοῦ
559 2252 607 2285 τῆς
638 2250 787 2290 ἁμαρτίας·

837 1009 895 1036 eos,
919 1010 951 1030 ex
979 1002 1126 1030 dilectione
1153 1003 1308 1037 contristet,
1333 1010 1389 1031 uon
1417 1011 1449 1031 ex
1476 1004 1632 1033 iracundia.

838 1046 965 1074 Maxima:
986 1047 1060 1074 enim
1076 1046 1215 1074 charitatis
1229 1055 1254 1082 ε)
1265 1046 1388 1075 mbolum
1402 1051 1459 1082 est,
1481 1055 1525 1076 me
1537 1048 1573 1076 ob
1586 1049 1635 1077 de-

838 1091 899 1118 licta
914 1093 1003 1118 vestra
1025 1099 1145 1120 maerore
1166 1091 1250 1125 afﬁci,
1270 1099 1301 1119 ac
1316 1091 1445 1120 festinare
1469 1097 1500 1121 ut
1520 1100 1570 1122 vos
1589 1094 1636 1121 in-

836 1143 947 1171 crepem
970 1135 993 1164 ei
1006 1143 1054 1164 vos
1068 1136 1133 1164 inde
1148 1136 1321 1164 contristem.
1338 1136 1398 1165 Nisi
1414 1137 1490 1165 enim
1506 1145 1555 1166 vos
1570 1137 1634 1166 dili-

839 1187 944 1216 gerem,
962 1180 1145 1216 relinquerem
1160 1181 1312 1209 incuratos.

874 1226 962 1253 Vsus.
987 1228 1014 1253 5.
1033 1237 1045 1250 σι
1068 1226 1116 1254 Sin
1129 1226 1264 1262 quispiam
1286 1225 1491 1261 constristavit,
1511 1235 1566 1255 non
1592 1235 1637 1255 me

840 1270 1023 1304 contristavit,
1056 1270 1103 1299 sed
1126 1278 1158 1298 ex
1184 1274 1275 1306 parte,
1302 1275 1333 1299 ut
1360 1279 1417 1299 non
1443 1278 1556 1300 onerem
1589 1280 1638 1300 vos

840 1322 945 1342 omnes.
965 1327 975 1338 -
993 1315 1058 1343 Vult
1081 1323 1131 1351 per
1155 1314 1215 1343 haec
1233 1315 1334 1343 horum
1348 1315 1511 1344 charitatem
1528 1316 1555 1344 in
1580 1316 1636 1345 for-

841 1359 993 1387 nicatorem
1013 1359 1187 1394 confirmari,
1202 1359 1236 1387 de
1260 1367 1317 1395 quo
1341 1359 1368 1388 in
1393 1360 1487 1396 priore
1514 1360 1637 1396 Epistola

839 1404 996 1439 scripserat.
1013 1406 1095 1437 Nam,
1112 1404 1194 1432 Paulo
1210 1404 1334 1440 jubente,
1358 1412 1456 1432 omnes
1482 1405 1573 1441 ipsum
1588 1413 1636 1434 ceu

839 1449 1034 1477 exsecrabilem
1049 1449 1165 1477 aversati
1181 1454 1268 1477 erant.
1290 1450 1331 1478 Ne
1346 1450 1429 1485 igitur
1439 1457 1533 1478 rursus
1552 1450 1636 1486 252

839 1493 975 1521 contraria
993 1493 1077 1530 jussi,
1093 1502 1192 1530 nempe
1216 1498 1247 1521 ut
1264 1494 1396 1530 recipiant
1422 1494 1530 1530 ipsum,
1558 1495 1637 1531 eique

839 1538 1007 1572 condonent,
1017 1539 1175 1566 scandalum
1196 1539 1335 1574 patiantur
1349 1539 1423 1567 Pauli
1437 1540 1566 1574 nomine,
1579 1543 1638 1568 tan-

841 1590 924 1618 quam
952 1583 1150 1618 inconstantis,
1179 1583 1391 1619 prudentissime
1417 1588 1638 1620 argumentatur,

841 1635 943 1664 eosque
977 1628 1123 1664 participes
1149 1627 1215 1656 facit
1234 1628 1315 1665 hujus
1340 1628 1568 1663 condonationis,
1596 1630 1639 1657 in-

842 1672 952 1708 quiens,
977 1672 1221 1709 Quemadmodum
1234 1673 1422 1701 communiter
1445 1681 1496 1701 nos
1521 1681 1640 1702 maerore

842 1716 944 1751 affecit,
969 1717 1009 1745 sic
1032 1721 1060 1745 et
1073 1718 1258 1746 communiter
1272 1717 1460 1746 exhilaremini
1487 1719 1517 1746 in
1532 1718 1638 1746 condo-

841 1762 951 1789 natione
973 1761 1043 1798 ejus.
1065 1763 1126 1790 Non
1141 1762 1217 1790 enim
1246 1769 1292 1790 me
1319 1762 1427 1796 solum,
1444 1762 1492 1797 ait,
1520 1771 1639 1792 maerore

841 1805 949 1840 affecit,
967 1806 1015 1834 sed
1029 1814 1126 1834 omnes
1146 1815 1194 1835 vos
1210 1818 1222 1832 α
1247 1815 1280 1835 ex
1294 1811 1372 1843 parte
1388 1816 1396 1834 :
1414 1819 1426 1831 υ
1448 1807 1501 1835 hoc
1520 1812 1576 1841 est,
1591 1816 1639 1844 pa-

841 1859 903 1878 rum
923 1851 1052 1887 quiddam
1071 1850 1256 1883 contristavit,
1274 1859 1309 1879 ne
1326 1851 1415 1879 dicam
1434 1851 1510 1887 quod
1526 1852 1639 1880 omnino

842 1903 889 1923 vos
907 1895 1120 1928 contristaverit,
1135 1903 1171 1923 ne
1195 1895 1244 1931 ipsi
1270 1895 1362 1931 gravis
1387 1903 1496 1923 essem:
1513 1896 1639 1932 quando-

840 1940 953 1977 quidem
969 1947 1063 1968 revera
1086 1948 1133 1968 vos
1150 1940 1259 1976 perinde
1273 1940 1456 1968 constristarit
1470 1947 1502 1968 ac
1517 1948 1580 1976 me,
1598 1945 1640 1969 at-

841 1989 934 2013 tamen
960 1992 996 2012 ne
1023 1992 1168 2021 aggravem
1187 1992 1252 2014 eum
1271 1984 1317 2020 qui
1331 1983 1482 2013 fornicatus
1496 1989 1554 2019 est,
1580 1996 1592 2008 ιι
1606 1992 1638 2012 ex

847 2034 924 2067 parte
940 2041 953 2054 ι»
970 2028 1035 2058 dico
1051 2037 1100 2058 vos
1115 2030 1309 2058 constristatos
1350 2030 1443 2058 Iniere.

878 2076 962 2103 Vsus.
983 2077 1010 2102 6.
1031 2085 1043 2099 ι
1066 2074 1176 2102 Sufﬁcit
1190 2074 1228 2103 illi
1250 2074 1296 2110 qui
1312 2074 1446 2111 ejusmodi
1467 2078 1525 2108 est,
1541 2074 1639 2111 objur-

842 2120 916 2156 gatio
931 2119 990 2148 hac
1014 2127 1076 2155 quae
1090 2119 1122 2147 ﬁt,
1141 2128 1156 2147 a
1171 2119 1303 2155 pluribus.
1332 2131 1344 2143 ν
1369 2120 1431 2147 Non
1454 2118 1534 2152 dixit,
1551 2119 1575 2147 ei
1592 2120 1638 2155 qui

841 2164 991 2193 fornicatus
1014 2168 1065 2199 est,
1089 2163 1149 2199 sed,
1167 2175 1180 2188 ι
1196 2164 1236 2192 illi
1251 2163 1297 2200 qui
1312 2167 1353 2191 est
1373 2163 1528 2199 ejusmodi,
1547 2175 1560 2187 ι
1577 2172 1640 2199 per-

843 2208 906 2237 inde
929 2217 960 2237 ac
983 2209 1011 2236 in
1035 2209 1117 2244 priori
1145 2216 1253 2245 quoque
1279 2208 1400 2244 Epistola
1419 2217 1426 2235 :
1443 2207 1492 2236 sed
1520 2208 1577 2236 illic
1604 2216 1640 2236 ne

842 2254 985 2282 nominare
1008 2253 1097 2289 ipsum
1118 2253 1228 2289 quidem
1249 2252 1353 2287 volens,
1377 2252 1423 2280 hic
1446 2260 1511 2280 vero
1526 2260 1639 2288 parcens

18 2289 127 2335 ξαῶξῦων
153 2293 196 2335 καὶ
225 2296 309 2333 ἡμᾶς,
334 2296 387 2328 τοῖς
417 2291 649 2335 συντετριμμένοις
676 2305 784 2333 συμπα-

897 2306 1033 2334 nusquam
1048 2298 1154 2334 peccati
1168 2297 1340 2325 mentionem
1355 2295 1430 2332 fecit,
1443 2296 1570 2325 erudiens
1587 2305 1639 2325 nos

19 2331 131 2374 θεστέρους
144 2332 220 2370 εἶναι.

49 2389 59 2402 ι
77 2377 154 2410 Ὥστε
178 2383 327 2414 τούναντίον
351 2384 454 2423 μᾶλλον
468 2384 537 2422 ὖμᾶς
557 2383 720 2424 χαρίσασθαι
742 2383 787 2413 καὶ

19 2425 186 2460 παρακαλέσαι.
205 2439 220 2458 n
240 2428 286 2464 Μὴ
309 2428 404 2467 μόνον,
419 2428 501 2469 φησὶ,
516 2428 619 2468 ’λύσατε
632 2427 679 2464 τὴν
696 2428 786 2457 ἐπιτί-

23 2474 99 2514 Haec,
115 2469 179 2500 ἀλλά
194 2484 219 2502 τι
237 2473 284 2503 καὶ
300 2473 381 2502 πλέον
405 2475 477 2514 αὖτῷ
497 2473 660 2513 χαρίσασθε,
676 2472 721 2503 καὶ
736 2485 788 2502 πα-

22 2511 160 2544 ρακαλέσατε
195 2517 293 2547 αὐτόν·
331 2517 480 2554 τουτέστιν,
511 2517 712 2553 ἄνακτήσασθε,
745 2520 788 2547 θε-

25 2554 167 2602 ραπεύσατε·
184 2561 273 2602 ὥσπερ
298 2562 374 2596 εἴτις
399 2562 532 2600 μαστίζων
551 2561 625 2599 τινὰ,
650 2561 687 2600 μὴ
713 2561 790 2600 μόνον

24 2595 132 2632 ἀπολῦσαι
152 2607 243 2644 αὐτὸν,
259 2595 337 2638 ’ἀλλὰ
362 2595 407 2638 καί
436 2595 789 2648 τὰςνπληγὰςθεραπεῧσαι

25 2649 148 2693 “Em”??-
174 2652 265 2686 Καλῶς
298 2652 326 2683 δὲ
350 2648 423 2690 εἶπε,
450 2664 464 2682 α
492 2653 657 2693 Χαρίσασθε.
683 2664 697 2682 ι)
729 2651 789 2684 Ἵνα

25 2683 64 2725 Ta?
78 2683 116 2727 id:
127 2683 216 2738 νομίσῃ
238 2683 353 2737 ἐκεῖνος,
380 2683 422 2728 ϐτί
445 2683 555 2738 ἀφείθηι,
571 2699 606 2733 ὥς
629 2699 727 2731 ἱκανῶς
745 2683 790 2731 755-

842 2348 871 2371 ut
885 2343 1008 2371 contritis
1018 2342 1262 2379 compatientiores
1274 2342 1371 2371 simus.

877 2389 965 2417 Vens.
990 2392 1016 2416 7.
1035 2398 1048 2414 ιι
1073 2390 1112 2416 Ita
1128 2392 1158 2416 ut
1170 2396 1185 2415 e
1200 2388 1310 2415 diverso
1325 2387 1415 2423 potius
1428 2394 1477 2416 vos
1490 2387 1517 2416 ei
1531 2387 1638 2415 condo-

843 2433 912 2462 netis
935 2436 963 2461 et
980 2432 1173 2461 consolemini.
1201 2444 1212 2456 ιι
1231 2432 1359 2467 Nedum,
1386 2432 1487 2468 inquit,
1504 2436 1641 2460 removete

842 2477 1074 2513 increpatiouem,
1095 2485 1191 2504 verum
1218 2477 1301 2505 etiam
1317 2476 1451 2513 quiddam
1475 2476 1591 2512 amplius
1604 2476 1641 2504 illi

844 2522 991 2558 indulgete,
1007 2526 1034 2550 et
1047 2521 1232 2550 adhortemini
1252 2521 1353 2557 ipsum,
1373 2521 1425 2550 hoc
1440 2526 1492 2555 est,
1512 2521 1641 2549 recreetis

845 2571 873 2596 et
900 2567 1002 2595 curetis
1023 2566 1112 2603 ipsum
1132 2566 1392 2602 :quemadmodum
1418 2567 1441 2594 si
1467 2566 1528 2601 quis
1551 2565 1642 2600 ﬂagris

844 2611 1002 2648 quempiam
1021 2611 1131 2640 cadens
1149 2619 1204 2642 non
1219 2611 1311 2639 solum
1324 2619 1381 2638 non
1396 2610 1529 2643 dimittat,
1545 2616 1640 2636 verum

844 2656 928 2684 etiam
949 2656 1044 2692 plagas
1061 2660 1089 2684 et
1102 2656 1216 2684 vulnera
1228 2663 1323 2683 curare
1336 2655 1506 2683 adhortetur.
1525 2653 1642 2681 Pulchre

845 2705 938 2729 autem
957 2701 1036 2735 dixit,
1053 2712 1065 2725 «ι
1091 2700 1260 2730 Condonate.
1280 2711 1294 2727 ››
1314 2701 1355 2729 Ut
1369 2699 1442 2728 enim
1457 2698 1500 2726 ille
1515 2704 1570 2725 non
1584 2696 1642 2725 exi-

690 2794 786 2824 ναι-ἰαὶ
806 2793 960 2825 lectiones.
973 2801 975 2809 ’

55 2825 73 2845 u
85 2828 140 2865 δρῶν
152 2842 179 2865 ο.
213 2837 233 2856 ³⁰
252 2838 409 2874 ιδφρανιῖο,
