1867 3081
251 177 303 204 819

761 174 1028 209 THEOPHYLACTIV
1038 174 1217 203 BULGARIA‘I
1236 174 1391 202 ARCHIEP.

1817 178 1846 203 8Ξο

249 238 344 266 stimet
369 237 424 266 sibi
436 236 579 265 remissam
602 244 719 271 noxam,
745 237 809 273 quia
823 237 889 265 satis
901 236 1042 265 confessus

1105 237 1341 277 ἂμολογησάμενος,
1372 237 1418 266 καὶ
1449 235 1614 275 μετανοήσας
1647 236 1796 277 ἀρκούντως⁸
1815 239 1844 267 ξεί.

248 283 294 318 sit,
307 287 334 310 et
343 281 511 310 sufﬁcienter
525 281 684 317 paenitentia
699 281 808 315 ductus,
831 281 954 310 ostendit
972 282 1045 318 quod

251 335 306 356 non
325 331 434 355 tantum
448 334 480 355 ex
496 327 655 362 pcenitentia
668 334 727 360 sua,
743 330 876 362 quantum
889 334 922 354 ex
937 326 1045 354 illorum

252 372 430 408 indulgentia,
453 371 640 399 dimissionem
656 371 776 407 recipiat.

288 429 302 442 α
314 418 355 445 Ne
374 424 429 453 quo
440 416 524 444 modo
538 416 728 444 abundantiori
739 416 850 444 tristitia
869 415 1046 444 absorbeatur

251 462 297 499 qui
324 461 483 498 hujusmodi
511 465 560 489 est.
592 461 746 496 n0portet,
770 461 858 496 inquit
899 464 930 488 ut
956 460 1046 496 ips'am

249 507 340 536 denuo
364 506 519 537 assumatis,
535 505 711 533 consolemini
726 510 753 533 ct
767 505 878 538 curetis,
906 513 940 532 ne
960 513 975 532 a
996 505 1045 532 tri-

250 551 321 580 stitia
347 551 421 579 velut
446 559 462 579 a
482 550 571 578 bellua
592 550 720 586 quadam,
747 550 788 578 vel
807 559 822 578 ει
842 554 1003 586 tempestate
1019 553 1047 577 et

250 596 367 632 procella
388 595 577 629 absorbentur,
603 595 644 623 vel
666 595 701 623 ad
725 595 968 631 strangulationem
984 602 1045 630 per-

249 641 353 674 veniat,
379 640 461 668 veluti
483 639 586 672 Judas.
604 647 660 675 prae
681 639 888 675 desperatione;
913 639 954 666 vel
978 638 1046 666 rosi-

252 685 313 719 liat.
327 689 359 713 ut
372 688 437 721 puta
461 692 520 712 non
541 683 629 712 ferens
656 692 688 712 ex
703 684 810 712 immod
821 688 896 711 erata
918 683 1049 719 objurga-

249 731 326 759 tione
335 729 469 764 dolorem,
479 733 507 757 et
517 729 550 757 ad
563 729 694 765 majorem
704 729 838 756 malitiam
849 728 1044 764 praecipitetur.

253 774 450 803 Animadverte
464 778 557 801 autem
570 773 711 810 quomodo
723 773 808 801 istum
830 774 860 801 in
873 773 964 801 ofﬁcio
977 780 1045 800 con-

252 820 349 853 tineat,
363 827 398 847 ne
410 823 472 855 post
484 818 672 847 dimissionem
685 818 794 854 segnior
809 818 864 846 fiat.
887 819 950 846 Non
972 817 1046 845 enim

251 864 314 893 ideo
327 868 355 892 te
368 863 485 900 suscepi,
494 863 590 899 inquit,
613 862 689 899 quod
703 862 821 899 perfecte
832 863 926 891 sordes
937 862 1045 896 elueris,

1100 294 1191 311 κνυσιν
1214 282 1253 312 ὅτι
1269 283 1297 311 οὐ
1313 285 1435 311 τοσοῦτον
1453 281 1506 310 ἀπὸ
1520 283 1567 316 τῆς
1588 281 1740 319 μετανοίας,
1752 282 1800 312 ὅσον
1816 285 1845 311 ἀτί

1101 329 1148 363 τῆς
1162 327 1249 356 αὐτῶν
1263 326 1384 366 χάριτος,
1397 325 1531 364 λαμϐάνει
1545 325 1593 362 τὴν
1610 326 1712 366 ἄφεσιν.

1142 428 1153 442 ι
1180 415 1286 451 Μήπως
1317 419 1350 456 τῇ
1388 415 1565 456 περισσοτέρᾳ
1603 415 1678 456 λύπῃ
1712 419 1847 455 uarum/iii

1101 463 1226 494 τοιοῦτος.
1245 473 1259 488 π
1277 463 1326 491 Δεῖ
1351 461 1428 490 αὐτὸν
1452 461 1671 502 προσλαϐέσθαι,
1688 462 1756 500 φησὶ,
1776 462 1848 490 καὶ

1103 505 1263 545 ρακαλέσαι,
1279 505 1325 535 καὶ
1346 508 1517 545 θεραπεῦσαι,
1531 505 1575 535 ἵνα
1591 506 1630 544 μὴ
1654 509 1779 545 tutamini;

1101 550 1151 579 ὑπὸ
1174 550 1263 590 θηρίου
1291 550 1373 586 τινὸς,
1398 550 1415 586 ἢ
1447 551 1498 580 ὑπὸ
1522 552 1657 590 χειμῶνος
1681 551 1723 580 καὶ
1744 550 1848 582 κλύδωνίς.

1100 597 1146 630 τῆς
1169 596 1270 630 λύπης·
1290 595 1337 624 καὶ
1363 595 1380 630 ἣ
1404 596 1439 628 εἷς
1460 595 1576 634 ἀγχόνην
1597 595 1668 634 ἥξῃ,
1687 597 1721 628 ὡς
1742 597 1754 624 ὁ
1772 595 1848 627 Ὶιγᾶξπς,

1101 642 1134 679 τῇ
1160 639 1326 678 ἀπογνώσει·
1349 638 1367 674 ἢ
1394 639 1595 679 ἀποσκιρτήσῃ,
1624 639 1663 678 μὴ
1689 639 1764 679 φέρων
1783 639 1817 675 τὴν
1832 641 1848 668 ἐι

1101 685 1147 718 τῆς
1171 683 1285 722 ἀμέτρου
1312 682 1490 721 ἐπιτιμήσεως
1517 684 1630 720 ὀδύνη-ν,
1656 684 1702 712 καὶ
1726 685 1758 716 εἷς
1780 684 1848 721 μείζω

1101 727 1196 757 κακίαν
1229 729 1438 768 ἐκτραχηλισθῇ.
1469 727 1541 767 ⁴Όραι
1571 727 1616 763 δὲ,
1645 729 1700 761 πῶς
1723 727 1761 756 καὶ
1785 728 1848 755 ἐχεῖνω

1100 771 1290 809 καταστῧιλει,
1313 772 1356 800 ἵνα
1379 771 1417 809 μὴ
1436 772 1613 812 ῥᾳθυμότερος
1636 772 1741 810 γένηται
1762 770 1813 808 μετᾶ
1822 771 1849 803 τὶν

1101 816 1204 857 ἄφεσιν.
1229 816 1270 846 Οὐ
1290 816 1342 856 γὰρ
1363 816 1503 854 ἐδεξάμην,
1521 816 1601 856 φησὶ,
1623 816 1688 845 διότι
1711 816 1808 855 amvi-im
1824 826 1848 843 τει

1101 860 1177 894 λείως
1190 859 1233 889 τὸν
1249 859 1342 901 ῥύπον,
1367 861 1425 890 ἀλλ’
1439 860 1483 890 ἵνα
1505 860 1543 900 μὴ
1566 860 1750 900 χαλεπώτερόν
1765 871 1786 888 τι

251 909 303 938 sed
317 917 351 937 ne
372 907 438 945 quid
451 899 560 945 gravius
571 907 684 944 patiaris
703 908 740 936 ob
755 907 942 936 inﬁrmitatem
956 911 1043 935 tuam.

1105 905 1144 934 διὰ
1158 905 1206 941 τὴν
1231 905 1368 935 ἀσθένειάν
1391 917 1450 936 σου.
1476 907 1637 943 Σημείωσαι
1652 905 1694 942 δὲ,
1717 905 1753 934 ὅτι
1773 905 1796 933 οὗ
1812 915 1849 941 τρες

251 953 448 982 Animadverte
468 957 560 981 autem
573 952 645 989 quod
661 961 717 980 non
732 951 767 980 ad
777 956 905 980 naturam
918 956 1043 988 peccato-

249 1007 323 1033 rum,
337 1003 467 1027 caeterum
489 997 523 1026 ad
539 997 718 1026 affectionem
739 998 912 1034 peccantium
926 997 1044 1033 increpa-

249 1044 340 1072 tiones
354 1043 408 1071 sint
420 1042 606 1071 moderanda.

285 1089 375 1117 Vsus.
386 1091 414 1116 8.
431 1099 444 1112 α
465 1089 580 1124 Propter
601 1087 674 1124 quod
693 1087 809 1116 obsecro
824 1095 873 1116 vos
892 1091 923 1115 ut
942 1087 1045 1115 conﬁr-

251 1133 332 1162 metis
350 1133 379 1161 in
394 1133 473 1161 illum
487 1132 660 1160 eliaritatem.
679 1143 692 1156 η
715 1133 776 1160 Non
795 1132 853 1169 jam
868 1132 951 1160 veluti
979 1139 1046 1168 prae-

252 1182 346 1214 ceptor
360 1177 485 1213 imperat,
497 1178 545 1205 sed
561 1177 643 1205 veluti
659 1181 791 1213 patronus
800 1177 906 1214 judices
921 1181 1047 1213 precatur

251 1222 424 1256 confirmare,
446 1221 499 1250 hoc
511 1225 552 1250 est
564 1221 683 1250 stabilire
704 1221 891 1253 dilectionem.
915 1229 964 1249 nec
978 1221 1046 1249 sim-

250 1267 355 1304 pliciter
369 1271 417 1295 aut
438 1267 583 1303 vnlgariter
596 1266 686 1302 ipsum
703 1274 852 1294 assumere.
868 1266 951 1302 253
971 1265 1046 1294 lndi-

251 1317 296 1341 cat
313 1317 406 1341 autem
416 1319 511 1340 eorum
522 1311 605 1340 etiam
619 1311 762 1345 virtutem;
775 1311 819 1346 qui
832 1319 895 1338 cum
909 1315 989 1339 antea
1008 1311 1048 1339 sic

250 1361 377 1386 amarent
391 1357 544 1390 hominem,
561 1360 592 1384 ut
606 1356 630 1384 ei
651 1356 858 1393 applaudereut,
873 1363 948 1384 nunc
961 1364 1048 1392 usque

253 1403 321 1431 adeo
338 1402 426 1439 ipsum
443 1401 637 1430 aversabantur
652 1401 752 1437 peccati
767 1401 843 1429 istius
856 1408 952 1435 causa,
967 1405 997 1428 ut
1007 1400 1046 1428 vel

253 1447 357 1477 Paulus
367 1447 425 1483 ipse
439 1454 489 1482 pro
504 1454 537 1473 eo
551 1445 743 1473 intercederet.

287 1494 377 1521 Vens.
393 1495 420 1519 9.
436 1502 448 1515 α
464 1490 528 1518 Ideo
537 1491 610 1518 enim
622 1490 717 1525 scripsi
731 1489 816 1524 vobis,
841 1494 873 1518 ut
884 1497 1048 1525 cognoscam

252 1537 472 1573 experimentum
488 1539 610 1562 vestrum
621 1555 628 1568 ,
651 1543 721 1562 num
736 1535 770 1562 ad
785 1534 875 1562 omnia
890 1534 1050 1562 obedientcs

252 1582 321 1610 sitis.
341 1592 353 1605 ν
381 1579 574 1608 Perterrefacit
598 1586 661 1613 eos,
676 1583 708 1606 ut
721 1583 878 1607 metuentes
899 1587 934 1606 ne
949 1579 1045 1607 inobe-

1105 1578 1215 1614 αὐτοὺς,
1238 1579 1281 1608 ἵνα
1311 1579 1443 1613 δείσαντες
1467 1580 1497 1609 τὸ
1526 1579 1714 1620 κατάκριμα⁴⁰
1736 1581 1777 1612 τῆς
1797 1587 1847 1612 τηρεε

252 1625 359 1654 eientiae
385 1623 611 1658 condemnentur,
643 1623 720 1651 facile
747 1623 903 1652 condonent
929 1623 1042 1652 homini.

256 1681 268 1695 α
283 1669 347 1697 Ideo
361 1669 434 1697 enim
444 1667 552 1704 scripsi,
568 1680 581 1693 υ
598 1668 700 1704 inquit,
716 1679 729 1692 α
745 1672 775 1696 ut
783 1676 948 1704 cognoscam
961 1676 1043 1704 expe-

251 1714 401 1742 rimentum
415 1716 547 1747 vestrum,
563 1724 574 1738 υ
586 1712 639 1741 hoc
659 1717 711 1746 est,
726 1712 889 1741 obedientiaa
903 1713 1043 1748 virtutem,

252 1767 286 1787 an
301 1757 537 1795 quemadmodum
556 1757 701 1786 audivistis
720 1765 766 1786 me
777 1757 812 1786 ad
826 1766 890 1786 eum
901 1757 1046 1794 increpan-

252 1803 329 1837 dum,
341 1803 381 1831 sic
392 1803 459 1831 mihi
469 1810 543 1831 nunc
557 1802 697 1837 obediatis,
712 1802 747 1831 ad
760 1811 826 1830 eum
835 1803 1043 1832 consolandum.

252 1848 284 1877 Id
296 1847 371 1877 enim
386 1848 457 1876 valet
472 1847 544 1883 quod
556 1847 605 1882 ait,
624 1857 638 1873 α
654 1855 721 1875 num
732 1847 767 1875 ad
782 1847 873 1875 omnia
883 1847 1045 1876 obedientes

251 1893 319 1922 sitis.
345 1904 358 1918 ι
373 1893 457 1930 Atqui
475 1901 531 1921 non
555 1897 699 1928 propterea
723 1892 901 1928 scripsit,sed
918 1893 953 1920 ob
974 1893 1045 1921 illius

251 1938 369 1967 salutem
392 1947 399 1966 :
427 1942 552 1966 attamen
576 1936 622 1965 ubi
647 1937 714 1964 nihil
738 1936 854 1969 laeditur,
881 1937 965 1966 simul
995 1938 1046 1966 illis

250 1983 373 2011 amicum
388 1990 448 2010 sese
460 1981 581 2010 exhibet.

286 2029 374 2056 Vens.
398 2030 441 2054 10.
467 2035 482 2053 ιι
497 2026 546 2054 Cui
573 2030 666 2054 autem
695 2026 844 2062 quidquam
869 2025 995 2062 donatis,
1021 2032 1047 2056 et

251 2079 310 2108 ego.
324 2083 336 2095 ιι
353 2073 404 2099 Per
417 2071 478 2099 hazc
494 2075 655 2098 nascentem
665 2071 791 2106 ipsorum
804 2071 1010 2099 contentionem
1020 2076 1048 2100 et

251 2115 441 2151 pertinaciam,
456 2123 509 2150 qua
534 2114 640 2142 homini
668 2115 851 2143 condonaturi
877 2123 933 2143 non
955 2120 1045 2150 erant,

251 2160 369 2196 mitigat.
386 2160 456 2187 Ecce
478 2159 552 2187 enim
568 2159 630 2187 illos
654 2159 765 2196 quidem
781 2160 877 2196 gratiae
897 2160 979 2196 hujus
1000 2169 1047 2188 au-

251 2208 340 2233 ctores
358 2205 506 2241 primarios
530 2203 610 2238 facit,
634 2205 755 2240 seipsum
790 2213 854 2233 vero
880 2205 1046 2241 subsequen-

250 2254 335 2278 tem:
357 2260 370 2274 α
398 2249 458 2284 Cui,
489 2261 501 2273 ιι
527 2248 663 2285 inquiens,
690 2260 704 2274 ι
730 2249 838 2278 donatis
864 2257 927 2284 vos,
952 2255 980 2278 et
994 2258 1043 2286 ego

249 2293 390 2322 condono.
409 2305 423 2318 ιο

287 2349 300 2363 α
314 2339 386 2367 Nam
405 2342 433 2367 et
444 2345 507 2375 ego,
523 2338 545 2366 si
559 2338 626 2374 quid
640 2338 749 2373 donavi,
773 2340 817 2368 cui
849 2339 956 2374 donavi,
984 2347 1047 2376 pro-

249 2387 310 2420 pter
325 2391 373 2411 vos
385 2383 413 2410 in
424 2391 540 2418 persona
549 2383 662 2412 Christi.
677 2395 689 2407 ν
706 2385 748 2412 Ne
772 2384 933 2412 existiment
946 2392 974 2412 se
987 2392 1045 2412 esse

249 2427 380 2456 do‘miuos
400 2427 571 2462 dimittendi,
593 2432 622 2456 et
632 2435 698 2461 non,
712 2436 743 2456 ac
752 2434 893 2464 propterea
909 2430 1046 2465 negligant

249 2473 394 2501 hominem
413 2472 565 2506 absolvere,
591 2472 693 2500 indicat
705 2473 743 2500 eis
761 2474 834 2510 quod
843 2473 901 2510 jam
916 2474 973 2509 ipse
996 2475 1045 2502 tali

247 2517 400 2552 donaverit,
418 2521 448 2546 ut
462 2525 517 2545 non
532 2517 638 2554 possint
655 2525 715 2545 sese
732 2526 814 2554 porro
829 2519 878 2554 ipsi
894 2527 1042 2555 opponere.

247 2563 289 2590 Ne
311 2566 404 2590 autem
439 2562 616 2590 vulnerentur
648 2570 696 2590 ceu
731 2564 897 2599 contempti,
931 2566 1045 2599 Propter

247 2615 313 2641 vos,
337 2607 442 2644 inquit,
461 2607 554 2635 remisi
569 2607 591 2635 ei
606 2615 721 2636 :noram
739 2608 812 2636 enim
833 2608 908 2645 quod
931 2609 983 2636 hoc
997 2617 1045 2637 vo-

247 2651 288 2680 bis
303 2656 414 2688 gratum
426 2651 462 2680 sit
475 2651 609 2680 futurum.
623 2652 740 2687 Deinde,
753 2661 787 2680 ne
801 2652 946 2681 hominum
957 2654 1043 2690 gratia

245 2697 353 2725 veniam
377 2696 414 2725 illi
434 2696 603 2726 concessisse
620 2697 753 2733 videatur,
777 2698 890 2734 adjecit,
904 2709 918 2723 σι
935 2698 964 2726 in
985 2706 1044 2734 per-

1061 2232 1084 2263 D

1098 951 1146 986 τὴν
1167 951 1220 979 τῶν
1250 949 1453 989 ἁμαρτημάτων
1477 950 1568 989 φύσιν,
1589 950 1662 979 ἀλλὰ
1685 950 1745 989 πρὸς
1766 949 1803 984 τὴν
1821 949 1848 976 ςῶι

1099 993 1304 1035 ἁμαρτανόντων
1321 995 1436 1024 διάθεσιν
1454 994 1487 1024 τὰ
1502 995 1626 1034 ἐπιτίμια
1639 996 1678 1024 δεῖ
1690 994 1800 1034 opiﬁcum:

1142 1097 1158 1114 ‹ι
1181 1086 1229 1116 Διὸ
1249 1087 1399 1125 παρακαλῶ
1422 1089 1490 1125 ὑμᾶς
1524 1089 1645 1126 κυρῶσαι
1670 1089 1705 1120 εἰς
1729 1086 1793 1116 αὐτὸν
1811 1086 1848 1123 $75-

1099 1142 1163 1167 ττην,
1190 1142 1205 1160 ι
1231 1132 1331 1161 Οὐκέτι
1355 1134 1390 1166 ὡς
1417 1133 1575 1166 διδάσκαλος
1602 1132 1744 1170 ἐπιτάττει,
1768 1131 1814 1160 ἀλλ’
1830 1132 1849 1159 ἐκ

1103 1176 1247 1216 συνήγορος
1260 1199 1268 1211 ,
1285 1177 1410 1210 δικαστὰς
1427 1179 1580 1217 παρακαλεῖ
1609 1180 1741 1217 κυρῶσαι,
1761 1175 1848 1205 τουτέστι.

1103 1221 1250 1262 βεϐαιῶσαι
1266 1223 1374 1261 ἀγάπην
1387 1247 1395 1260 ,
1420 1223 1465 1252 καὶ
1483 1223 1519 1261 μὴ
1536 1223 1645 1259 ἅπλῶς,
1670 1223 1713 1252 καὶ
1735 1225 1765 1255 ὡς
1784 1221 1848 1258 ἔτυχεε.

1103 1267 1179 1296 αὐτὸν
1208 1267 1418 1306 παραδέξασθαι.
1450 1268 1574 1298 Δείκνυσι
1605 1269 1634 1297 δὲ.
1668 1268 1712 1296 καὶ
1735 1266 1776 1302 τὴν
1798 1265 1849 1294 αὐτᾶν

1101 1310 1197 1351 ἀρε-κῆν
1209 1333 1216 1347 ,
1240 1311 1264 1341 εἴ
1284 1323 1313 1350 γε
1339 1312 1407 1341 οὕτω
1424 1313 1552 1353 πρότερον
1569 1314 1704 1352 φιλοῦντες
1725 1312 1763 1340 τὸν
1783 1310 1857 1347 ἄνῦριΗ

1101 1367 1168 1392 πον,
1196 1357 1230 1389 ὡς
1255 1357 1302 1385 καὶ
1327 1361 1480 1397 συγκροτεῖν
1506 1357 1600 1393 αὐτὸν,
1629 1357 1697 1386 οὕτω
1720 1359 1760 1385 νῦν
1776 1354 1808 1383 διὰ
1824 1352 1857 1400 ἢ

1102 1400 1237 1440 ἁμαρτίαν
1264 1402 1458 1443 ἀπεστρέφοντο
1469 1424 1475 1436 ,
1490 1401 1558 1431 ὥστε
1578 1402 1626 1432 καὶ
1643 1403 1745 1432 Παῦλον
1761 1398 1811 1438 ὑπὲξ

1101 1448 1147 1474 τοῦ
1164 1447 1339 1485 παρακαλεῖν.

1147 1501 1160 1518 α
1186 1491 1231 1523 Εἰς
1245 1493 1322 1519 τοῦτο
1345 1491 1397 1530 γὰρ
1413 1490 1458 1520 καὶ
1479 1491 1601 1531 ἔγραψα,
1624 1490 1669 1520 ἵνα
1692 1492 1742 1530 γνῶ
1760 1488 1798 1522 τὴν
1809 1488 1847 1531 διιε-

1104 1534 1156 1573 μὴν
1181 1536 1269 1573 alia”.
1293 1536 1314 1563 εἷ
1339 1537 1374 1568 εἷς
1392 1535 1480 1565 πάντα
1500 1536 1612 1570 ὑπήκοοί
1637 1536 1705 1565 ἐστε.
1727 1546 1740 1563 ››
1765 1530 1848 1570 Ἐκξιέεῗ

1099 1625 1178 1659 κοῆς,
1205 1623 1318 1657 εὐκόλως
1347 1627 1384 1664 τῷ
1413 1623 1543 1664 ἀνθρώπῳ
1567 1623 1765 1666 συγχιιιρήσωσι,
1791 1632 1802 1649 ι
1820 1619 1847 1648 Αἲξ

1098 1671 1175 1697 τοῦτο
1188 1667 1238 1707 γὰρ
1248 1691 1256 1706 ,
1271 1680 1284 1698 n
1306 1669 1386 1709 φησὶν
1395 1692 1402 1705 ,
1429 1680 1444 1698 (ι
1465 1669 1582 1709 ἔγραψα,
1597 1664 1642 1699 ἵνά
1655 1664 1708 1708 γνῶ
1722 1668 1764 1703 τὴν
1777 1664 1846 1701 ὄωιψὶἴ

1099 1713 1172 1750 ὑμῶν
1185 1723 1192 1730 ·
1207 1724 1221 1740 ))
1250 1715 1383 1750 τουτέστι,
1399 1714 1457 1749 Τὴν
1483 1714 1578 1754 ἀρετὴν
1605 1715 1655 1750 τὴν
1677 1715 1703 1742 ἐν
1766 1711 1857 1746 amni:

1100 1757 1144 1786 ἐὰν
1169 1756 1262 1797 ὥσπερ
1286 1759 1420 1793 ἠκούσατέ
1443 1771 1493 1796 μου
1523 1760 1559 1792 εἰς
1582 1759 1612 1788 τὸ
1638 1760 1781 1796 ἐπιτιμῆσειι

1099 1801 1168 1831 οὕτω
1191 1802 1236 1831 καὶ
1262 1805 1308 1831 ν’ῦν
1337 1802 1506 1838 ὓπακούσητε
1533 1803 1598 1842 πρὸς
1633 1804 1664 1833 τὸ
1694 1798 1857 1841 παρακαλέτιιῗδ

1099 1849 1176 1875 τοῦτο
1194 1846 1245 1885 γάρ
1261 1847 1316 1876 ἐστι
1332 1847 1362 1876 τὸ
1374 1870 1382 1885 ,
1411 1858 1425 1875 «
1442 1848 1476 1877 Εἰ
1499 1849 1535 1881 εἰς
1550 1847 1638 1876 πάντα
1664 1845 1768 1882 ὑπήκοοί
1782 1846 1846 1873 ἐστίν

1103 1890 1197 1920 Καίτοι
1219 1891 1248 1920 οὐ
1271 1891 1313 1920 διὰ
1329 1895 1405 1921 τοῦτο
1429 1891 1558 1932 ἔγραψεν,
1577 1892 1648 1922 ἀλλὰ
1671 1893 1711 1922 διὰ
1725 1891 1767 1926 τὴν
1786 1887 1847 1917 Enim

1101 1935 1254 1972 σωτηρίαν’
1280 1936 1352 1974 ὅμως
1377 1936 1438 1966 ἔνθα
1462 1937 1545 1975 μηδὲν
1572 1937 1732 1977 βλάπτεται,
1755 1936 1847 1974 χαρεξετει

1098 1981 1238 2013 κάκείνοις.

1144 2036 1159 2054 (ι
1181 2019 1218 2066 ’ᾯ
1235 2024 1262 2054 δέ
1283 2037 1307 2053 τι
1329 2026 1486 2065 χαρίζεσθε,
1503 2026 1549 2056 καὶ
1565 2026 1628 2065 ἐγώ.
1651 2037 1666 2055 n
1693 2021 1857 2066 Μαλάττει

1100 2069 1199 2098 τούτων
1224 2069 1270 2105 τὴν
1293 2070 1476 2110 ἀνακόψουσαν
1493 2071 1557 2104 ἴσως
1577 2070 1732 2112 φιλονεικίαν
1749 2069 1814 2097 αὐτῶν
1824 2069 1857 2112 λιξίΞ

1100 2112 1238 2150 ἔνστασιν,
1254 2113 1322 2143 ὥστε
1344 2115 1380 2153 μὴ
1403 2117 1578 2155 συγχωρῆσαι
1602 2117 1641 2154 τῷ
1665 2114 1790 2153 ἀνθρώπῳ,
1809 2109 1847 2138 Ἰῖῖι

1099 2156 1150 2197 γὰρ
1188 2157 1302 2192 ἐκείνους
1333 2159 1381 2197 μὲν
1422 2160 1657 2199 προκατάρχοντας
1692 2161 1744 2199 τῆς¹
1765 2155 1846 2195 piem;

1101 2201 1190 2231 ἑαυτὸν
1208 2203 1235 2232 δὲ
1253 2203 1381 2241 ἑπόμενον
1404 2203 1509 2240 τίθησι,
1533 2197 1633 2243 λέγων³
1650 2204 1690 2234 ὅτι
1705 2218 1715 2230 ι
1730 2197 1762 2244 ῖῼ
1775 2198 1845 2239 largi?

1099 2249 1143 2276 σθε
1161 2257 1174 2275 ι)
1190 2248 1284 2285 ὑμεῖς,
1303 2247 1388 2288 τούτῳ
1409 2259 1422 2277 ιι
1439 2248 1484 2277 καὶ
1501 2247 1553 2287 ἐγὼ
1569 2258 1583 2276 υ
1600 2249 1749 2288 χαρίζομαι.

1145 2349 1160 2367 α
1182 2338 1237 2368 Καὶ
1252 2338 1304 2378 γὰρ
1321 2338 1373 2378 ἐγὼ
1388 2338 1413 2368 εἴ
1427 2350 1452 2368 τι
1475 2339 1657 2379 κεχάρισμαι,
1679 2334 1698 2380 ᾧ
1713 2335 1847 2380 κεχάριςμαυ

1100 2383 1134 2411 δι’
1147 2384 1216 2421 ὑμᾶς
1231 2385 1257 2413 ἐν
1271 2383 1407 2424 προσώπῳ
1423 2378 1553 2424 Χριστοῦξ
1572 2398 1587 2413 ι)
1603 2385 1664 2415 Ἵνα
1679 2378 1714 2422 μὴ
1731 2378 1847 2412 ἑαυτοὺςνς-

1100 2427 1199 2466 μίσωσι
1216 2428 1320 2468 κυρίους
1344 2431 1390 2457 τοῦ
1416 2429 1540 2469 ἀφιέναι,
1566 2430 1610 2458 καὶ
1627 2429 1664 2468 μὴ
1677 2452 1684 2464 ,
1700 2428 1738 2457 καὶ
1753 2424 1788 2455 διὰ
1799 2424 1845 2450 τοῧτῖ

1100 2472 1257 2510 ἀμελήσωσι
1281 2475 1326 2501 τοῦ
1357 2474 1490 2502 ἀπολῦσαι
1514 2473 1557 2502 τὸν
1582 2474 1714 2513 ἄνθρωπον
1729 2484 1735 2490 ⁸
1756 2469 1845 2498 δείκνυσιν

1100 2517 1186 2550 αὐτοῖς
1211 2517 1250 2546 δτι
1274 2517 1325 2553 ἤδη
1345 2517 1421 2550 αὐτὸς
1447 2519 1591 2558 ἐχαρίσατο
1616 2522 1653 2557 τῷ
1676 2516 1783 2555 τοιούτῳ,
1802 2510 1845 2564 (ῗῗτί

1099 2562 1196 2599 μηκέτι
1221 2561 1348 2591 δύνασθαι
1372 2562 1465 2596 αὐτοὺς
1490 2553 1845 2597 ἆντιδιατάξασθαιαὐτῷ-’1³³

1100 2606 1127 2634 δὲ
1152 2606 1189 2644 μὴ
1213 2607 1352 2644 πληγῶσιν
1376 2608 1411 2640 ὡς
1435 2608 1628 2648 ποτροφθέντεις²
1652 2605 1729 2648 φησί·
1749 2604 1783 2633 Δι’

1100 2651 1267 2690 ἐχαρισάμην
1294 2653 1385 2691 αὐτῷ·
1413 2652 1485 2692 ᾔδειν
1514 2653 1564 2691 γὰρ
1591 2653 1632 2682 ὅτι
1657 2644 1788 2681 ’ἀποδεκτὸν
1806 2644 1845 2679 ὑμῖν

1098 2697 1155 2724 ἐστι
1177 2698 1264 2728 τοῦτο.
1289 2692 1358 2727 Εἶτα
1380 2696 1425 2727 ἵνα
1450 2697 1488 2737 μὴ
1515 2697 1576 2738 δόξῃ
1602 2697 1638 2727 δι’
1661 2695 1790 2736 ἀνθρώπους
1805 2697 1845 2723 συτ·

938 2765 1034 2798 Varia:
1055 2767 1210 2798 lectiones.

282 2813 305 2830 ⁸⁰
317 2813 394 2850 κρῖμα
411 2821 437 2850 οτ
