1867 3081
20 189 48 214 21

19 247 200 288 εχωρηκέναι,
225 247 386 286 προσέθηκεν
410 256 419 264 ⁸

128 291 272 330 τουτέστι,
286 291 364 322 Κατᾶ
379 291 449 321 Θεὸν
458 315 466 329 ,
479 291 525 321 καὶ
541 291 652 321 ἐνώπιον
666 294 713 321 τοῦ
729 293 795 332 Χρι-

19 340 78 374 τοῧ,
93 337 140 366 καὶ
164 336 263 366 ὡσανεὶ
287 336 386 367 ἐκείνου
411 339 489 366 τοῦτο
512 337 535 356 ⁴¹
559 336 730 373 κελεύοντος,
752 336 796 366 καὶ

17 395 34 416 ις
54 381 256 422 ἀντιπρόσωπος
282 381 318 410 ὢν
337 381 451 417 ἐκείνου,
475 382 651 421 συνεχώρησα
674 393 680 400 ·
698 381 731 417 ἢ,
760 383 796 415 εἷς

17 428 71 462 όξαν
86 431 131 456 τοῦ
145 428 278 466 Χριστοῦ.
297 427 328 456 Εἰ
350 421 394 455 οὖν
416 427 452 460 εἷς
467 426 542 460 δόξαν
559 427 674 465 Χριστοῦ
695 426 796 465 γίνεται

17 487 19 507 i
32 471 209 510 συγχώρησις,
223 472 279 504 πῶς
299 472 328 500 οὗ
349 471 387 500 δεῖ
402 473 610 511 συγχωρηθῆναι
625 474 716 501 τοῦτον
729 493 737 508 ,
753 469 795 500 ἵνα

17 516 109 556 ῖοξασθῇ
124 515 244 555 Χριστός
254 526 261 552 ;

70 559 82 572 Ε
378 561 395 568 ~
471 562 479 573 ί
571 563 588 570 ὐ
605 562 627 579 v
783 562 790 571 Ἰ

44 572 57 589 α
84 562 130 591 Im
157 560 196 599 μὴ
212 562 448 599 πλεονεκτηθωμεν
470 559 520 590 υπὸ
541 572 588 590 του
604 565 714 591 ..ατανᾶ
731 573 737 580 ·
765 572 794 590 ου

17 605 50 646 ὰρ
63 607 139 635 αὐτοῦ
157 604 191 635 τὰ
215 604 338 642 νοήματα
363 606 518 644 ἀγνοοῦμεν.
539 615 555 634 1)
571 605 632 635 Ἵνα
655 605 692 643 μὴ
714 605 795 644 γένη-

17 663 58 688 αι,
72 650 134 690 φησὶ
144 672 152 688 ,
170 650 247 685 κοινὴ
267 651 283 684 ἡ
301 649 389 689 βλάϐη
400 672 408 686 ,
428 650 474 679 καὶ
487 650 624 690 ἐλαττωθῇ
637 652 684 685 τῆς
699 651 795 688 ἀγέλης

19 697 43 723 οῦ
69 696 185 734 Χριστοῦ
213 696 228 723 ὁ
253 694 372 734 ἀριθμός.
408 696 503 728 Καλῶς
531 695 558 724 δὲ
587 693 739 728 πλεονεξίαν
764 694 794 724 τὸ

17 744 104 779 πρᾶγμα
134 738 276 777 ὠνόμασεν
305 750 313 758 δ
337 741 350 768 δ
375 739 425 778 γὰρ
449 739 571 773 διάϐολος
592 738 652 779 οὐχὶ
673 739 706 768 τὰ
722 740 794 780 αὑτῷ

17 783 150 824 ὶαφέροντα
164 783 320 821 λαμϐάνει,
331 783 399 812 ἀλλὰ
414 783 459 812 καὶ
477 783 510 813 τὰ
527 783 644 823 ἡμέτερα
658 784 770 823 ἁρπάζει
787 795 794 802 ·

17 829 44 857 Lai
65 829 197 867 μάλιστα,
220 829 243 857 εἰ
268 828 314 857 καὶ
340 829 383 857 διὰ
411 828 522 866 μεθόδου
544 829 692 867 ἡμετέρας,
715 840 794 858 τουτ-

18 884 72 909 στι,
93 875 140 908 τῆς
163 873 307 910 μετανοίας
323 872 349 890 ⁴²
377 873 492 911 ἀμέτρου
516 872 666 912 γινομένης.
683 873 732 902 Διὸ
747 872 791 902 καὶ
809 896 833 928 Β

38 918 44 928 Ι
145 918 152 928 ⁷
181 917 201 928 l‘
313 919 330 927 η
372 918 383 928 ε
416 917 456 928 ΡΝ
563 917 569 928 \
751 918 757 928 Ι

19 918 113 955 σήματα
141 917 256 948 ἐκάλεσε
282 919 330 947 τοῦ
369 917 513 955 διαϐόλου,
541 917 590 954 τὴν
629 918 790 957 κακουργίαν

17 963 77 992 ιῦτοῧ
97 962 142 992 καὶ
166 962 215 998 τὴν
242 962 384 1000 δολιότῃτα
395 985 403 1000 ,
418 963 464 991 καὶ
488 962 560 996 ὅπως
576 964 602 993 ἓν
617 963 792 1002 προσχήματι

19 1006 131 1041 ὖλαϐείας
147 1006 173 1026 ⁴³
197 1006 359 1037 ἀπόλλυσιν.
387 1007 427 1037 Οὗ
450 1007 501 1047 γὰρ
525 1007 605 1045 μόνον
627 1008 656 1036 ἐκ
671 1007 792 1047 πορνείας

17 1051 175 1092 ιποσκελίζει,
205 1051 276 1081 ἀλλὰ
305 1051 350 1080 καὶ
376 1051 401 1086 ἐξ
431 1052 548 1092 ἀμέτρου
575 1051 672 1088 λύπης.
730 1053 792 1085 Πῶς

17 1090 83 1125 »ἷνοῦ
106 1095 263 1133 πλεονεξίαι,
288 1095 351 1126 ὅταν
376 1095 421 1125 καὶ
448 1096 478 1126 ἐκ
503 1090 555 1125 τῶν
572 1096 709 1136 ἡμετέρων
729 1096 792 1125 ἁλί-

17 1151 52 1179 ηιῃ
69 1143 147 1178 istac;

46 1196 58 1213 (ι
73 1185 168 1215 Ἐλθὼν
192 1186 220 1215 δὲ
244 1186 281 1220 εἷς
308 1184 426 1226 Τρωάδα
441 1186 477 1219 εἷς
502 1185 532 1215 τὸ
554 1185 717 1225 Εὖαγγέλιον
745 1188 790 1215 τοῦ

17 1230 133 1268 Χριστοῦ,
148 1230 192 1260 καὶ
208 1230 289 1270 θύρας
309 1242 353 1268 μοι
371 1230 540 1270 ἀνεῳγμένης
563 1232 590 1260 ἐν
617 1231 722 1271 Κυρίῳ,
745 1231 792 1260 οὒκ

17 1274 98 1314 ἔσχηκα
111 1275 196 1305 ἄνεσιν
223 1277 262 1315 τῷ
277 1274 410 1313 πνεύματί
437 1287 505 1314 μου,
528 1277 566 1316 τῷ
591 1275 629 1314 μὴ
654 1275 739 1316 εὑρεῖν
758 1287 792 1313 με

17 1319 79 1348 Γίτον
100 1319 141 1349 τὸν
171 1320 284 1360 ἀδελφόν
300 1337 305 1338 ν
321 1331 383 1358 μου,
418 1332 432 1348 ιι
468 1315 552 1350 Εἶπεν
576 1315 721 1360 ἄνωτέριέ),
752 1319 792 1349 ὅτι

17 1364 82 1402 iiii/rc
103 1365 172 1404 αὖτῷ
197 1364 301 1403 ἐγένετο
327 1365 353 1393 ἔν
384 1367 416 1404 τῇ
439 1364 514 1405 Ἀσίᾳ
528 1389 534 1400 ,
561 1365 609 1394 καὶ
635 1364 714 1399 ἔδειξε
736 1367 792 1398 πῶς

17 1408 137 1448 ἰπηλλάγη
155 1409 254 1444 ταύτης
268 1421 274 1427 ·
297 1411 340 1437 νῦν
357 1409 439 1439 πάλιν
462 1410 581 1439 διδάσκει
606 1409 646 1439 ὅτι
662 1409 708 1438 καὶ
731 1409 791 1438 ἑτέ-

17 1462 54 1490 ρως
67 1453 149 1489 tonsa,
164 1456 201 1495 τῷ
221 1453 261 1492 μὴ
278 1455 361 1493 εὑρεῖν
379 1454 468 1484 Τίτον.
487 1453 577 1484 ⁰Οταν
592 1454 644 1494 γὰρ
660 1456 674 1484 ὃ
697 1466 789 1493 παρα-

17 1497 152 1535 μυθούμενος
173 1499 210 1537 μὴ
226 1495 264 1538 ᾖ,
289 1498 432 1539 δεινότερος
451 1501 464 1528 ὁ
485 1498 642 1538 πειρασμός.
662 1498 749 1528 Ὥστε
766 1499 792 1527 τί

17 1551 51 1578 μοι
74 1542 198 1583 μέμφεσθε
225 1546 273 1579 τῆς
300 1543 464 1584 βραδύτητος
495 1543 640 1578 τοσαύταις
663 1543 791 1583 ἀνάγκαις

17 1587 161 1623 περιπεσόντι
175 1589 221 1617 οὖκ
238 1588 334 1622 ἐώσαις
358 1591 445 1626 ἡμᾶς,
467 1590 503 1622 ὡς
527 1588 694 1628 βουλόμεθα,
719 1589 787 1617 ἀπο-

17 1628 110 1667 δημεῖν;
138 1633 197 1672 Οὖχ
226 1633 319 1666 ἁπλῶς
359 1633 387 1662 δέ
416 1644 515 1672 φησιν,
551 1634 719 1672 ἐπιδημῆσαι

17 1674 120 1712 Τρωάδι,
147 1678 215 1714 ἀλλ’,
248 1688 265 1706 α
288 1678 335 1709 Εἷς
354 1677 384 1706 τὸ
404 1677 565 1716 Εὐαγγέλιον
578 1700 587 1714 ,
605 1688 619 1706 υ
638 1679 789 1715 τουτέστιν,

17 1717 71 1747 ὥστε
83 1720 196 1759 κηρύξαι.
225 1723 289 1755 Πῶς
310 1716 355 1751 οὖν
375 1723 423 1750 οὖκ
439 1721 584 1760 ἐκήρυξας,
601 1722 646 1751 καὶ
662 1726 748 1753 ταῦτα
763 1725 789 1743 ⁴⁴

17 1761 80 1800 θύρας
100 1776 137 1793 σοι
152 1766 336 1806 ἀνιῳγμένης;
365 1765 500 1805 Ἐκήρυξα
517 1766 576 1805 μὲν,
591 1769 637 1796 οὐκ
664 1768 707 1797 ἐπὶ
722 1769 789 1798 πολὺ

19 1806 51 1854 Si,
72 1808 132 1838 διότι
161 1811 209 1851 οὐχ
239 1807 312 1851 εἷρον
342 1811 435 1842 Τίτον.
468 1822 483 1840 υ
519 1813 579 1841 Οὐκ
609 1812 712 1851 ἔσχηκα
738 1812 790 1854 γὰρ

19 1850 105 1881 ἄνεσιν·
124 1865 138 1883 ιι
165 1850 317 1892 τουτέστιν,
344 1855 485 1892 Ἐθλίϐην,
512 1856 651 1892 ὠδυνήθην
677 1857 720 1886 διὰ

19 1895 126 1927 ἀπουσίαν
147 1899 236 1929 τούτου
264 1899 301 1931 ⁴⁵.
329 1894 397 1939 ’Ἆρα
415 1896 461 1930 οὖν
483 1901 526 1929 διὰ
541 1903 618 1930 τοῦτο
640 1902 744 1940 ἀφῆκας
760 1903 790 1932 τὸ

19 1939 78 1977 ἔργον
97 1945 138 1971 τοῦ
153 1944 236 1982 Θεοῦς
260 1945 300 1975 Οὗ
325 1944 367 1974 διᾶ
383 1948 478 1981 τοῦτο,
508 1946 577 1975 ἀλλὰ
604 1939 670 1975 διότι
696 1948 789 1977 ἐνεπο-

20 1983 86 2032 δίξετο
99 1986 125 2016 τὸ
148 1988 236 2028 ἔργον,
264 1990 364 2019 ἐκείνου
381 1990 493 2023 ἀπόντος
514 1989 550 2019 ⁴⁶.
578 1990 651 2028 Ἐγὼ
674 1990 723 2029 μὲν
738 1991 790 2032 γὰρ

20 2028 73 2073 πάνυ
98 2032 234 2072 ἐπεθύμουν
276 2034 405 2073 κηρύξαι,
431 2035 491 2064 ἀλλ’
519 2037 537 2071 ἡ
564 2035 680 2065 ἀπουσία
708 2028 789 2067 Τίτου

21 2072 122 2109 ἐμπόδιον
132 2077 217 2117 γέγονε
233 2091 240 2098 ·
259 2072 364 2118 μεγάλα
378 2079 431 2120 γὰρ
446 2079 571 2120 συνήργει
587 2079 692 2120 παρών.

19 296 82 322 τοῦ·
100 306 110 318 ι

807 1563 830 1595 C

57 2162 144 2207 ςἈλΥ
167 2166 364 2207 ἀποταξάμενος
388 2168 475 2201 αὖτοῖς
499 2168 605 2204 ἐξῆλθον
630 2169 666 2202 εἷς
691 2170 786 2198 Μακε-

24 2203 101 2238 δονίαν.
115 2220 127 2238 ι)
144 2211 168 2240 Τ
169 2211 284 2242 ουτέστιν
296 2235 304 2248 ,
319 2213 360 2243 Οὗ
374 2212 495 2253 διέτριψα
508 2213 617 2242 πλείονα
627 2212 722 2252 χρόνον
733 2213 788 2242 ἐκεῖ
801 2205 826 2237 D

25 2254 244 2298 στενοχωρούμενος,
270 2257 347 2296 Θύρα
369 2256 416 2295 μὲν
442 2258 494 2297 γὰρ
521 2257 639 2298 ἀνέῳκτο
665 2257 788 2297 μεγάλη,

23 2295 133 2327 τουτέστιν
153 2300 223 2340 ἔργον
250 2295 320 2331 πολύ
335 2313 342 2321 ·
364 2301 434 2338 πλὴν
514 2295 630 2342 ἀπουσία
654 2295 709 2332 τοῦ.
723 2314 787 2332 συν-

26 2343 86 2377 ιργοῦ
99 2342 262 2380 ἐνεποδίζετο.

59 2441 69 2477 ξι
151 2433 177 2464 δὲ
195 2437 258 2476 θεῷ
281 2436 375 2477 χάρις,
399 2437 438 2475 τῷ
462 2437 576 2466 πάντοτε
605 2437 793 2476 θριαμϐεύοντι

27 2471 82 2523 flgiti;
102 2476 126 2505 ἐν
143 2481 182 2523 »τῷ
208 2471 328 2521 Χριστδξ
350 2471 373 2511 ›)⁷
395 2471 509 2518 ³[ἐπειδὴ
536 2471 637 2514 πολλὰ-ς
666 2471 788 2516 κατέλεξε

28 2513 207 2569 λύῖταςητὴνΙέν
222 2513 313 2566 ’Ᾰσίομ
331 2525 379 2558 τὴν
395 2527 421 2555 ἐν
433 2513 545 2565 Τρωίὶδι
555 2547 563 2562 ,
580 2513 635 2562 τὴν
642 2526 686 2556 διὰ
705 2527 736 2557 τὸ
751 2513 788 2565 μὴ

29 2565 77 2610 ῗΡδς
95 2565 176 2601 αὖτοὺς
201 2565 307 2600 ἐλθεῖν·
323 2570 367 2599 ἵνα
383 2570 421 2609 μὴ
446 2571 506 2609 δόξῃ
523 2573 557 2604 ὡς
573 2572 678 2610 θρηνῶν
694 2571 791 2605 ταύτας

31 2602 205 2658 “ieiunium
217 2638 224 2650 ,
237 2615 315 2654 φησὶν
326 2637 334 2651 ,
351 2602 393 2645 ϐτί
415 2602 577 2656 ίξῦχαριστῶ
650 2616 714 2655 Θεῷ
725 2637 734 2651 ,
751 2602 791 2644 ϐτί

32 2658 139 2684 ’ίπαντοτε
149 2658 298 2696 θριαμϐεύει
313 2662 383 2699 ἡμᾶς
392 2682 399 2696 ,
411 2673 424 2686 ιι
443 2660 563 2690 τουτέστι
575 2660 726 2700 περιφανεῖς
738 2660 791 2690 δεί-

33 2700 99 2726 κνυσι·
120 2700 248 2741 Θρίαμϐος
264 2703 317 2745 γὰρ
338 2704 443 2744 λέγεται
465 2706 483 2741 ἡ
499 2703 567 2744 μετὰ
581 2705 656 2742 νίκης
670 2704 716 2735 καὶ
731 2716 791 2745 τρο-

462 183 641 212 EXPOSITIO
663 185 695 212 IN
714 184 820 212 EPIST.
840 184 861 212 ll
880 184 926 212 Al)
946 184 1024 213 COR.
1044 199 1078 205 —
1097 184 1173 212 CAP.
1195 185 1226 212 ll.

445 257 460 276 ιι
484 246 532 277 Ἐν
559 246 694 287 προσώπῳ
722 248 794 286 Χρι-

882 255 922 274 una
936 246 1046 280 Christi,
1063 259 1075 271 ι
1091 247 1143 274 hoc
1156 251 1198 274 est
1220 246 1373 274 secundum
1388 248 1490 281 Deum,
1506 251 1535 274 et
1553 255 1649 275 coram

1596 184 1650 212 822

852 291 974 322 Christo,
998 295 1026 319 et
1051 296 1183 327 tanquam
1209 291 1256 318 illo
1283 291 1336 318 hoc
1360 291 1488 327 jubente,
1507 299 1539 318 ac
1564 292 1648 319 veluti

851 336 910 372 ejus
928 336 1014 364 vicem
1031 344 1138 372 gerens,
1162 335 1272 369 dimisi;
1299 335 1339 363 vel
1362 335 1388 363 in
1404 335 1519 371 gloriam
1537 335 1646 363 Christi.

851 380 931 416 Quod
954 381 1021 409 siin
1046 381 1162 416 gloriam
1193 380 1290 408 Christi
1314 380 1386 408 cedit
1421 379 1557 414 dimissio,
1583 387 1649 415 quo-

853 425 934 453 modo
959 433 1015 454 non
1029 429 1099 454 esset
1122 425 1186 453 huic
1200 424 1412 462 ignoscendum,
1429 429 1459 452 ut
1482 423 1649 462 gloriﬁcetur

851 470 975 499 Christus
983 473 994 500 Ρ

884 563 973 590 Vatis.
996 565 1038 590 Il.
1055 574 1065 586 ιι
1082 563 1124 591 Ut
1142 569 1198 590 non
1220 561 1467 590 circumveniamur
1485 569 1500 590 a
1514 562 1612 590 Satana
1640 570 1647 590 :

850 615 906 634 non
928 607 1002 635 enim
1025 607 1185 643 ignoramus
1198 607 1284 642 ipsius
1294 606 1486 642 cogitationes.
1509 617 1522 630 ι
1540 607 1592 641 Ne,
1606 607 1647 634 in-

849 651 918 687 quit,
938 651 984 678 ﬁat
1002 659 1150 679 commune
1171 651 1314 685 damnum,
1340 651 1573 687 imminuaturque
1587 659 1649 687 gre-

848 696 891 732 gis
905 695 1006 724 Christi
1033 703 1173 724 numerus.
1201 696 1351 732 Eleganter
1365 701 1455 723 autem
1477 704 1536 724 rem
1559 696 1646 732 ipsam

848 741 1114 768 circumventionem
1130 740 1296 768 nominavit.
1310 742 1372 768 Non
1385 740 1475 768 solum
1486 741 1561 768 enim
1574 741 1606 768 ad
1617 748 1646 768 se

849 785 1010 821 pertinentia
1027 786 1140 813 Satanas
1161 785 1267 821 accipit,
1291 793 1385 813 verum
1400 789 1427 812 et
1445 789 1540 813 nostra
1557 785 1644 821 rapit:

848 837 879 857 ac
893 829 1011 858 maxime
1024 838 1073 865 per
1084 830 1246 857 methodum
1258 834 1393 863 nostram,
1407 829 1432 857 id
1441 834 1492 864 est,
1502 838 1549 865 per
1557 830 1646 865 pumi-

848 874 959 902 tentiam
973 874 1192 902 immoderatam.
1219 877 1365 910 Propterea
1385 873 1483 902 diaboli
1503 874 1647 910 cogitatio-

848 927 899 947 nes
918 919 1052 947 malitiam
1079 919 1137 956 ejus
1153 923 1181 947 et
1204 919 1384 955 impostnram
1400 919 1514 952 vocavit,
1531 923 1558 947 et
1573 927 1643 954 qno-

847 963 931 992 modo
964 963 990 991 in
1012 963 1119 1000 pietatis
1139 964 1230 999 specie
1250 964 1355 998 perdat.
1374 965 1435 991 Non
1455 964 1546 991 solum
1568 964 1642 992 enim

847 1016 895 1045 per
918 1008 1125 1036 fornicationem
1142 1009 1310 1045 supplantat.
1321 1016 1415 1036 verum
1430 1008 1510 1036 etiam
1531 1016 1578 1044 per
1587 1008 1642 1036 im-

847 1053 987 1081 modicum
1007 1061 1168 1081 mcerorem.
1197 1053 1346 1089 Quomodo
1375 1053 1458 1089 igitur
1469 1061 1525 1081 non
1539 1057 1580 1081 est
1592 1052 1642 1081 cir-

851 1098 1090 1132 cumventio,cum
1105 1098 1143 1126 vel
1155 1106 1203 1134 per
1217 1102 1308 1126 nostra
1337 1105 1390 1126 nos
1403 1097 1512 1133 capiat?

883 1190 1028 1222 Vans.12,
1042 1192 1084 1217 13.
1102 1201 1114 1214 ι
1135 1191 1220 1217 Porro
1233 1197 1296 1217 cum
1311 1189 1446 1218 venissem
1461 1189 1596 1218 Troadem
1617 1190 1645 1218 in

847 1234 1024 1269 Evangelium
1039 1233 1150 1266 Christi,
1165 1239 1192 1261 et
1213 1234 1312 1262 ostium
1332 1235 1400 1262 mihi
1414 1239 1538 1270 apertum
1559 1234 1644 1271 254

847 1282 918 1306 esset
934 1278 960 1306 in
978 1279 1110 1313 Domino,
1130 1287 1184 1306 non
1208 1279 1291 1306 habui
1313 1279 1436 1315 requiem
1449 1279 1555 1315 spiritui
1570 1287 1643 1313 meo,

847 1331 879 1351 eo
904 1323 978 1359 quod
1005 1331 1061 1351 non
1088 1324 1242 1352 invenerim
1267 1324 1360 1352 Titum
1385 1323 1481 1351 fratem
1499 1331 1603 1352 meum.
1628 1336 1640 1349 ιι

847 1368 934 1403 Supra
949 1369 1176 1396 commemoravit
1190 1367 1264 1404 quod
1284 1368 1460 1396 aiﬂictionem
1476 1368 1603 1396 habuerit
1616 1369 1643 1396 in

847 1413 924 1448 Asia,
945 1413 1160 1449 monstravitque
1177 1413 1318 1448 quomodo
1344 1413 1472 1442 liberatus
1489 1415 1523 1441 sit
1537 1413 1572 1441 ab
1585 1421 1617 1442 ea
1635 1423 1642 1442 :

842 1457 900 1493 jam
921 1465 993 1485 nunc
1008 1465 1102 1485 rursus
1121 1457 1202 1485 docet
1216 1458 1289 1494 quod
1305 1462 1332 1486 et
1349 1458 1426 1485 aliter
1447 1457 1567 1487 afﬂictus
1581 1458 1641 1486 fue-

846 1503 891 1535 rit,
905 1510 937 1530 eo
955 1502 1029 1538 quod
1041 1510 1097 1530 non
1118 1502 1252 1530 invenerit
1274 1503 1379 1530 Titum.
1404 1503 1473 1531 Cum
1488 1505 1562 1531 enim
1587 1511 1643 1531 non

846 1546 1020 1582 adfueritqui
1034 1547 1200 1580 consoletur,
1215 1547 1324 1583 gravior
1338 1551 1380 1574 est
1403 1549 1526 1576 tentatio.
1552 1549 1642 1583 Quare

844 1591 926 1627 igitur
940 1599 984 1619 me
996 1591 1134 1619 tarditatis
1154 1592 1296 1625 accusatis,
1317 1592 1405 1627 quiin
1420 1596 1461 1620 tot
1472 1593 1643 1620 calamitates

845 1635 998 1670 inciderim,
1015 1643 1076 1671 quae
1091 1644 1146 1664 non
1163 1636 1258 1664 sinunt
1270 1644 1321 1664 nos
1335 1644 1384 1672 pro
1398 1641 1493 1664 nostro
1508 1637 1643 1665 arbitratu

845 1681 978 1716 proﬁcisci
1006 1682 1091 1709 PNon
1104 1681 1266 1716 simpliciter
1289 1685 1381 1709 autem
1406 1681 1481 1714 dicit,
1502 1681 1644 1710 Profectus

844 1733 905 1752 sum
916 1725 1065 1758 Troadem,
1089 1733 1194 1759 verum,
1210 1737 1222 1749 α
1238 1726 1279 1753 Ad
1297 1726 1486 1761 Evangelium,
1501 1737 1514 1750 ι
1529 1726 1582 1754 hoc
1591 1730 1642 1760 est,

846 1774 876 1798 ut
892 1770 1079 1805 prmdicarem.
1095 1770 1179 1805 Ecqui
1191 1771 1271 1806 igitur
1285 1779 1338 1798 non
1348 1771 1511 1806 prmdicasti,
1526 1771 1644 1798 maxime

845 1823 907 1842 cum
923 1815 1001 1850 ianua
1011 1814 1060 1842 tibi
1076 1814 1210 1850 patefacta
1228 1814 1330 1842 fuerit?
1350 1815 1498 1843 Praedicavi
1517 1815 1642 1850 quidem,

843 1858 891 1886 sed
904 1867 959 1886 non
970 1859 1101 1891 multum,
1117 1866 1149 1886 eo
1165 1858 1238 1894 quod
1253 1866 1308 1886 non
1323 1859 1410 1894 reperi
1426 1859 1530 1886 Titum.
1551 1861 1642 1887 «Non

845 1903 926 1931 habui
945 1903 1018 1931 enim
1044 1903 1176 1939 quietem,
1194 1914 1206 1927 ι-
1230 1903 1282 1930 hoc
1294 1907 1345 1936 est,
1359 1903 1509 1939 afﬂigebar,
1523 1903 1641 1939 angebar

844 1952 955 1984 propter
969 1948 1053 1984 ipsius
1065 1948 1228 1976 absentiam.
1251 1949 1296 1975 An
1312 1947 1372 1976 ideo
1387 1947 1559 1976 intermisisti
1571 1956 1642 1984 opus

845 1993 917 2022 Dei?
938 1993 999 2020 Non
1011 2000 1076 2021 sane
1091 1997 1201 2028 propter
1217 1992 1276 2026 hoc,
1297 1992 1346 2020 sed
1364 1993 1429 2028 quia
1443 1992 1642 2028 impediebatur

843 2045 912 2073 opus
933 2037 978 2065 illo
993 2037 1115 2065 absente.
1130 2039 1200 2065 Nam
1221 2045 1272 2073 ego
1296 2037 1445 2073 praedicare
1458 2037 1538 2065 valde
1553 2037 1641 2073 cupie-

845 2082 918 2114 bam,
939 2081 987 2110 sed
1008 2083 1061 2110 Titi
1076 2082 1199 2110 absentia
1220 2082 1419 2118 impedimento
1432 2081 1504 2110 fuit:
1521 2082 1641 2110 multum

843 2127 917 2155 enim
933 2127 1131 2163 cooperabatur
1143 2135 1206 2155 cum
1216 2134 1337 2163 praesens
1349 2130 1431 2155 esset.

882 2183 897 2199 ι
916 2171 1079 2200 Verumiilis
1091 2172 1276 2208 valerejussis,
1288 2171 1428 2207 profectus
1441 2179 1502 2199 sum
1514 2172 1542 2199 in
1554 2173 1643 2200 Mace-

845 2217 964 2246 doniam.
983 2228 995 2240 -
1007 2218 1068 2244 Hoc
1077 2221 1128 2250 est,
1143 2224 1199 2244 non
1210 2217 1328 2244 multum
1341 2216 1475 2251 temporis
1489 2216 1545 2244 illic
1568 2216 1642 2251 trivi,

843 2262 870 2290 in
885 2261 1023 2298 angustias
1050 2261 1178 2288 nimirum
1202 2261 1341 2289 redactus.
1373 2260 1478 2289 Ostium
1502 2261 1576 2289 enim
1600 2260 1642 2288 in-

844 2314 911 2342 gens
929 2309 1055 2342 apertum
1074 2307 1141 2338 erat,
1166 2305 1193 2332 id
1215 2309 1266 2339 est,
1287 2304 1409 2332 multum
1437 2305 1529 2341 operis
1557 2309 1644 2332 resta-

846 2352 891 2380 bat
915 2361 922 2377 :
942 2358 1036 2379 verum
1049 2354 1161 2386 propter
1179 2349 1369 2386 cooperatoris
1393 2349 1543 2378 absentiam
1553 2350 1640 2386 impe-

845 2396 984 2425 diebatur.

881 2442 971 2469 Vens.
991 2443 1033 2468 l4.
1046 2450 1059 2464 «
1074 2441 1132 2467 Deo
1146 2443 1240 2467 autem
1253 2440 1349 2476 gratia,
1365 2440 1412 2476 qui
1427 2447 1538 2476 semper
1547 2440 1644 2468 trium-

845 2485 910 2522 phat
932 2493 984 2512 nos
1001 2484 1030 2512 in
1051 2484 1169 2512 Christo.
1188 2496 1199 2508 υ
1217 2484 1287 2512 Cum
1313 2485 1415 2512 multos
1427 2483 1538 2513 dolores
1564 2492 1644 2513 com-

844 2533 1037 2563 memorasset,
1059 2537 1141 2565 quem
1177 2529 1204 2556 in
1240 2529 1316 2563 Asia,
1352 2537 1435 2565 quem
1461 2529 1490 2557 in
1522 2530 1641 2558 Troade.

845 2583 926 2611 quem
953 2582 986 2602 eo
1007 2573 1080 2610 quod
1107 2573 1140 2601 ad
1171 2581 1219 2602 eos
1253 2582 1309 2601 non
1349 2577 1510 2607 accesserat,
1548 2578 1641 2609 pertu-

847 2619 926 2655 lerat,
946 2626 980 2646 ne
1007 2618 1129 2646 videatur
1153 2618 1204 2646 ista
1239 2618 1334 2654 lugens
1355 2625 1507 2651 recensere,
1530 2617 1640 2652 inquit;

848 2675 861 2688 οι
882 2663 991 2691 Gratias
1017 2670 1068 2699 ego
1083 2664 1154 2696 Deo,
1166 2662 1241 2698 quod
1255 2670 1361 2698 semper
1386 2661 1535 2697 triumphat
1547 2669 1610 2694 nos,
1628 2673 1640 2685 υ

846 2709 900 2737 hoc
920 2712 975 2742 est,
993 2708 1158 2744 conspicuos
1182 2707 1255 2736 facit.
1275 2707 1447 2743 Triumphus
1457 2707 1530 2735 enim
1545 2706 1643 2734 dicitur

693 2776 787 2806 Varia).
807 2777 961 2806 lectiones.

62 2829 77 2846 ⁴¹
89 2836 153 2863 ταῦτα
169 2847 204 2869 πῃ,
242 2844 263 2861 ιε
277 2843 386 2875 διανοίας
400 2851 427 2872 ο,
465 2843 487 2860 ⁸³
501 2843 623 2875 εὖσεῦξῑας
638 2851 677 2872 m.
715 2843 738 2860 “
752 2843 859 2870 ἐνταῦθα
870 2851 909 2870 m.
947 2842 968 2859 ’⁵⁵
991 2842 1066 2868 Τίτου
1083 2850 1107 2870 ο.
1150 2842 1169 2858 "5
1185 2841 1370 2875 ἀποδημοῦντος
1386 2848 1402 2867 0
