1867 3081
214 189 265 216 823

714 186 970 214 THEOPHYLACTI
989 185 1168 214 BULGARUE
1187 186 1344 214 ARCHIEP.
1810 186 1849 212 82l

214 249 369 288 progressio
383 248 457 284 regis
465 248 522 277 sive
531 248 707 285 imperatoris
724 257 773 285 per
782 249 903 277 mediam
916 249 1012 276 urbem

1110 248 1153 278 ίων
1177 248 1221 278 διὰ
1255 248 1337 287 μέσης
1351 248 1407 284 Ϊτῆς
1429 247 1533 288 πόλεως
1555 246 1668 286 πρόοδος
1695 246 1848 286 βασιλέωςῆ

214 304 280 324 cum
293 294 406 322 victoria
422 298 449 322 et
462 294 583 329 tropaeis.
602 295 636 321 Et
650 301 701 321 nos
720 294 804 327 igitur
818 302 881 321 cum
900 293 1012 321 victoria

216 341 250 368 de
277 339 387 368 diabolo
408 340 483 366 Deus
496 338 662 374 conspicuos
675 338 774 366 reddit.
791 338 860 373 Quae
886 339 958 365 enim
972 337 1013 365 vi—

216 384 317 413 dentur
331 392 389 412 esse
412 383 599 417 contumelia),
625 387 690 411 sunt
703 383 788 419 gloria
809 387 926 411 nostra:
954 387 1011 410 tum

215 430 289 458 enim
319 428 426 456 corruit
468 428 607 455 diabolus.
632 428 663 455 In
699 427 807 456 Christo
838 432 930 455 autem
964 428 1013 455 ista

216 474 296 507 ﬁunt,
323 473 375 501 hoc
390 478 442 506 est,
467 476 578 508 propter
603 472 742 500 Christum
766 477 793 500 et
819 473 893 500 verbi
919 472 1015 508 praedi-

217 519 370 551 cationem;
393 517 434 545 vel
455 517 529 553 quod
544 517 570 544 in
589 517 696 545 Christo
721 517 937 553 triumphamur,
962 517 1014 545 hoc

217 568 257 592 est
279 562 476 599 gloriﬁcamur.
501 563 573 589 Nam
600 561 742 590 Christum
769 561 851 590 veluti
879 566 1013 598 tropaeum

217 612 365 645 gestantes,
384 615 436 635 nos
462 613 571 643 quoque
597 606 627 634 in
651 606 736 642 ipsius
763 605 909 643 splendore
929 606 1011 642 glori-

217 653 346 682 ﬁcamur.
985 678 992 683 _

254 709 267 722 «
288 699 324 726 Et
333 696 448 725 odorem
462 695 566 724 notitiae
584 703 641 726 suae
662 695 821 724 manifestat
839 703 887 731 per
907 703 959 724 nos
985 695 1014 724 in

218 742 293 771 omni
325 742 394 769 loco.
432 741 626 776 Unguentum,
648 740 746 775 inquit,
785 740 936 775 pretiosum
974 743 1015 767 est

217 787 336 824 cognitio
353 787 413 820 Dei,
425 793 509 822 quam
530 793 581 813 nos
596 785 702 813 cunctis
715 785 874 812 hominibus
895 784 1013 812 manife-

217 836 342 860 stamus:
366 832 421 859 imo
443 830 532 866 potius
559 838 614 858 non
645 830 734 865 ipsum
759 834 940 863 unguentum,
965 829 1011 857 sed

218 877 333 905 odorem
358 876 452 911 ipsius.
476 875 585 902 Etenim
615 882 734 910 praesens
757 875 876 911 cognitio
897 882 953 901 non
974 878 1014 902 est

1067 295 1227 333 στρατηγοῦ.
1257 293 1311 323 Καὶ
1338 295 1410 330 ἡμᾶς
1434 287 1478 322 οὖν
1502 294 1516 322 ὁ
1536 292 1604 325 Θεὸς
1625 291 1694 329 μετὰ
1718 293 1772 320 τῶν
1793 293 1849 321 κατὰ

1067 341 1112 368 τοῦ
1129 338 1253 368 διαϐολου
1271 338 1403 378 τροπαίων
1427 341 1578 377 περιφανεῖς
1598 338 1682 367 ποιεῖ.
1702 337 1737 366 Αἱ
1753 335 1804 375 γὰρ
1817 337 1849 366 δοι

1067 386 1161 412 κοῦσαι
1188 382 1309 419 ἀτιμίαι,
1339 381 1399 416 δόξα
1414 383 1531 422 ἡμετέρα
1548 393 1555 400 ·
1581 381 1641 410 τότε
1668 381 1721 420 γὰρ
1744 380 1851 410 xit-m5

1067 427 1197 461 διάϐολος.
1212 441 1224 453 ι
1240 427 1288 457 Ἐν
1300 428 1410 468 Χριστῷ
1424 442 1434 452 -
1450 426 1478 456 δὲ
1492 429 1577 455 ταῦτα
1587 425 1718 465 γίνονται,
1734 426 1852 461 τουτέστι,

1069 471 1110 501 διὰ
1126 472 1170 502 τὸν
1193 471 1309 512 Χριστὸν
1324 471 1370 501 καὶ
1395 471 1424 500 τὸ
1448 471 1574 510 κήρυγμα
1586 482 1593 489 ·
1617 470 1634 506 ἢ
1650 469 1690 499 ὅτι
1711 471 1737 499 ἐν
1754 471 1851 510 Χριστῷ

1068 517 1299 558 θριαμϐευόμεθα,
1338 516 1458 546 τουτέστι
1501 515 1664 553 δοξαζόμεθα
1695 525 1701 530 ·
1732 514 1778 544 τὸν

1067 562 1185 602 Χριστὸν
1212 557 1266 591 οἶόν
1287 573 1314 590 τι
1337 560 1463 600 τρόπαιον
1490 560 1630 601 φέροντες,
1655 561 1682 589 ἐν
1706 561 1741 598 ri
1764 560 1849 589 ἐκείνου

1069 606 1223 648 περιφανιίᾳ
1238 605 1398 644 δοξαζόμεθα
1413 605 1457 635 καὶ
1473 607 1561 644 ἡμεῖς.

1113 708 1128 726 (ι
1143 697 1198 728 Καὶ
1223 695 1271 733 τὴν
1296 696 1382 735 ὀσμὴν
1396 700 1445 734 ἧς
1458 696 1582 738 γνώσεως
1607 699 1688 727 αὐτοῦ
1712 699 1853 738 φανεροῦντι

1068 741 1102 771 δι’
1120 743 1196 780 ἡμῶν
1222 743 1248 772 ἐν
1270 742 1350 771 παντὶ
1372 742 1456 782 τόπῳ.
1473 756 1484 768 ι
1507 744 1599 782 Μῧρον
1620 741 1790 780 πολύτιμον,
1815 754 1853 782 φη-

1068 786 1125 824 σὶν,
1151 786 1221 815 ἔστιν
1236 789 1253 823 ἡ
1277 787 1373 824 γνῶσις
1387 789 1432 816 τοῦ
1448 787 1536 822 Θεοῦ,
1560 787 1591 822 ἣν
1612 789 1691 824 ἡμεῖς
1716 792 1799 816 πᾶσιν
1819 788 1853 815 ἆν-

1068 831 1180 870 θρώποις
1193 835 1372 870 φανεροῢμεν,
1398 832 1499 870 μᾶλλον
1525 831 1551 860 δὲ
1567 832 1613 860 οὔχ
1636 831 1702 860 αὐτὸ
1719 831 1750 859 τὸ
1766 834 1851 871 μῦρον.

1069 876 1137 904 ἀλλὰ
1154 875 1202 910 τὴν
1218 874 1304 913 ὀσμὴν
1324 876 1428 905 τούτου.
1460 875 1512 905 Καὶ
1527 875 1579 915 γὰρ
1599 877 1614 910 ἡ
1631 878 1760 914 παροῦσα
1775 877 1852 915 γνῶσις

218 922 368 950 admodum
383 921 538 956 perspicua,
554 920 602 947 sed
618 927 668 955 per
678 919 818 955 speculum
840 923 867 946 et
886 919 913 946 in
928 920 1014 954 mnig—

1115 921 1214 960 σφόδρα
1231 919 1333 960 σαφὴς,
1359 920 1428 948 ἀλλὰ
1450 920 1484 948 δι’
1508 920 1637 960 ἐσόπτρου
1659 920 1707 949 καὶ
1731 922 1760 949 ἐν
1782 920 1852 958 αἰνίγ-

218 971 302 994 mate.
330 966 443 993 Perinde
469 965 550 1000 igitur
571 972 603 992 ac
617 965 639 992 si
658 966 719 1000 quis
745 963 923 1000 fragrantiam
947 963 1014 991 olfa-

219 1011 304 1043 ciens,
319 1014 493 1046 unguentum
511 1009 610 1037 alicubi
637 1009 755 1044 positum
779 1017 837 1036 esse
859 1009 946 1042 novit,
967 1016 1014 1036 cu-

215 1055 338 1092 jusmodi
353 1059 446 1082 autem
461 1054 497 1082 sit
511 1053 650 1088 essentiae,
666 1061 721 1081 non
741 1053 807 1080 item
828 1062 834 1080 :
858 1053 898 1080 sic
913 1057 939 1081 et
953 1061 1015 1086 nos,

220 1100 294 1136 quod
316 1101 390 1127 Deus
412 1099 458 1130 sit,
481 1098 616 1131 novimus,
643 1098 690 1133 qui
711 1106 775 1125 vero
795 1097 831 1125 sit
844 1097 933 1132 quoad
953 1097 1015 1124 sub-

219 1143 362 1173 stantiam,
379 1147 433 1167 non
455 1139 529 1166 item.
549 1139 639 1167 Veluti
653 1137 736 1174 255
749 1138 831 1173 igitur
847 1137 1016 1166 thuribulum

220 1193 315 1214 sumus
338 1184 439 1220 regale,
470 1187 499 1211 et
521 1190 685 1218 quocunque
715 1182 874 1217 abierimus,
901 1182 1017 1210 odorem

218 1229 364 1265 spiritualis
385 1228 515 1264 unguenti
542 1226 777 1261 circumferimus,
799 1226 827 1255 id
852 1231 904 1261 est,
920 1228 1017 1263 cogni-

221 1274 303 1302 tionis
329 1273 389 1300 Dei.
412 1273 482 1300 Cum
508 1272 592 1308 igitur
607 1272 688 1307 paulo
710 1276 773 1299 ante
797 1271 917 1305 dixisset,
943 1271 1017 1307 quod

221 1319 334 1353 Semper
353 1316 569 1353 triumphamur,
591 1324 665 1344 nunc
680 1316 779 1352 inquit,
806 1317 837 1343 In
853 1315 931 1343 omni
959 1317 1018 1344 loco

220 1364 347 1392 homines
366 1363 439 1391 bono
456 1361 551 1390 sufﬁtu
566 1361 705 1390 amamus.
727 1361 826 1390 Omnis
845 1362 920 1389 enim
935 1365 963 1389 et
982 1361 1019 1389 Ιο-

221 1417 270 1438 cus
290 1413 317 1437 et
328 1413 438 1444 tempus
451 1407 550 1435 nostris
573 1406 792 1434 institutionibus
817 1406 938 1441 repletus
966 1411 1018 1434 est.

221 1455 316 1490 Itaque
339 1457 447 1481 strenue
475 1455 584 1488 oportet
606 1452 686 1485 ferre,
718 1451 856 1486 siquidem
890 1454 918 1478 et
948 1459 1020 1479 nunc

221 1506 308 1534 usque
327 1498 394 1526 adeo
406 1496 599 1533 gloriﬁcemur,
626 1495 789 1532 priusquam
816 1494 917 1523 futuris
941 1495 1019 1524 bonis

223 1544 371 1580 potiamur.

257 1589 349 1616 Vens.
367 1589 407 1614 15.
420 1596 433 1611 α
453 1585 521 1622 Quia
542 1585 743 1614 Christibonus
754 1584 823 1612 odor
835 1591 931 1613 sumus
946 1586 1016 1619 Deo,
1034 1592 1057 1624 α

220 1633 248 1660 in
259 1631 290 1660 iis
303 1632 349 1667 qui
364 1631 432 1659 salvi
442 1630 521 1662 ﬁunt,
538 1634 564 1657 et
580 1629 608 1657 in
619 1629 650 1657 iis
664 1629 708 1665 qui
724 1634 851 1664 pereunt.
873 1638 887 1655 »
903 1630 951 1657 Vel
964 1629 1018 1658 hoc

223 1676 299 1710 dicit,
324 1675 400 1711 quod
424 1674 617 1710 nosmetipsos.
646 1674 763 1702 hostiam
786 1673 939 1707 offerimus,
955 1682 1018 1702 mo—

222 1720 318 1748 riendo
334 1723 444 1756 propter
457 1719 597 1747 Christum
628 1729 633 1746 :
650 1718 692 1746 vel
715 1718 789 1754 quod
804 1718 837 1746 ad
853 1718 951 1746 Christi
966 1719 1019 1746 vic-

222 1765 330 1799 timam,
348 1764 430 1792 veluti
441 1764 552 1800 quidam
573 1762 695 1797 sufﬁtus,
710 1767 738 1790 et
763 1771 813 1790 nos
826 1763 1016 1792 incendamur.

223 1810 303 1846 Quod
328 1817 391 1838 vero
422 1810 469 1842 ait,
495 1813 538 1836 est
568 1807 724 1844 hujusmodi
753 1816 760 1834 :
789 1808 849 1836 Sive
876 1812 1019 1836 serventur

220 1855 343 1891 quidam,
358 1854 414 1882 sive
441 1857 561 1889 pereant,
580 1853 761 1888 Evangelium
776 1852 916 1888 propriam
935 1853 1020 1880 virtu-

220 1904 278 1928 tem
294 1900 403 1932 retiuet,
430 1906 536 1935 nosque
567 1905 771 1934 perseveramus
793 1897 858 1925 illud
873 1905 932 1925 esse
946 1898 1019 1932 quod

220 1953 326 1973 sumus.
346 1947 386 1972 Ac
406 1943 641 1980 quemadmodum
659 1943 759 1974 lumen,
773 1943 879 1970 etiamsi
903 1942 1020 1978 caligine

221 1989 365 2025 perfundat
372 1996 419 2016 eos
428 1988 474 2024 qui
489 1987 630 2015 debilioris
645 1988 718 2014 visus
728 1991 802 2018 sunt.
817 1987 909 2014 lumen
928 1991 1021 2016 tamen

222 2038 284 2061 est:
301 2033 352 2061 mel
381 2040 502 2068 quoque,
517 2031 627 2059 etiarnsi
654 2032 740 2060 ictero
767 2031 956 2059 laborantibus
983 2032 1019 2068 (α)

221 2085 347 2106 amarum
364 2076 455 2109 fuerit,
466 2076 544 2104 dulce
559 2080 649 2103 tamen
668 2081 708 2104 est
730 2085 737 2104 ε
753 2076 826 2103 hunc
848 2076 882 2103 ad
906 2076 1022 2104 modum

223 2121 404 2157 Evangelium
420 2120 483 2148 boni
501 2120 594 2148 odoris
617 2124 669 2154 est,
684 2120 734 2148 etsi
751 2120 881 2148 increduli
905 2120 1020 2156 quidam

223 2170 348 2202 pereunt.
373 2166 409 2194 Et
430 2173 482 2193 nos
495 2176 507 2189 α
523 2165 613 2193 bonus
626 2164 696 2192 odor
711 2173 808 2193 sumus
824 2175 836 2188 ν
858 2173 912 2192 non
927 2169 1021 2194 autem

222 2211 389 2246 simpliciter,
402 2210 452 2238 sed
469 2221 479 2235 ι
499 2211 568 2238 Deo.
586 2221 597 2233 ιι
612 2209 728 2244 Quando
741 2217 805 2238 vero
820 2209 1017 2245 illejudicave-
1033 2228 1059 2260 ο

220 2255 257 2284 rit
275 2255 347 2284 istuc
359 2255 420 2291 quis
434 2258 477 2283 est
488 2255 536 2291 qui
549 2254 738 2282 contradicat?

257 2301 346 2328 Vsus.
363 2303 405 2328 16.
417 2311 430 2323 ι
441 2299 512 2327 Aliis
523 2299 636 2335 quidem
645 2298 715 2327 odor
727 2299 826 2327 mortis
839 2298 876 2327 ad
890 2302 1019 2334 mortem,

221 2344 281 2372 aliis
296 2352 360 2372 vero
382 2343 454 2372 odor
475 2343 538 2372 vita:
552 2343 588 2372 ad
601 2343 694 2373 vitam.
723 2355 737 2368 ι
763 2344 832 2378 Quia
849 2343 957 2371 dixerat
971 2351 1023 2372 nos

220 2389 325 2417 bonam
339 2396 398 2416 esse
422 2388 599 2424 fragrantiam
615 2387 803 2424 pereuntibus,
827 2396 861 2416 ne
883 2388 1022 2416 arbitreris

223 2433 286 2461 illos
299 2441 409 2470 quoque
423 2435 483 2461 Deo
496 2432 681 2468 acceptabiles
694 2440 764 2467 esse,
777 2432 921 2460 subintulit
936 2433 996 2461 hzec
1013 2443 1020 2461 :

221 2478 353 2511 Odorem,
382 2477 517 2514 inquiens,
543 2478 618 2505 hunc
639 2477 683 2505 alii
707 2477 818 2513 quidem
833 2477 969 2513 recipiunt
992 2482 1023 2506 ut

221 2528 375 2557 serventur,
395 2524 438 2550 alii
461 2527 493 2550 ut
506 2525 619 2559 pereant
636 2531 641 2549 :
660 2522 772 2557 perinde
792 2530 825 2550 ac
839 2530 903 2550 sues
913 2527 940 2550 et
957 2530 1021 2550 can-

222 2567 317 2596 tharos
338 2572 511 2604 unguentum
533 2566 671 2595 suffocare
693 2567 801 2601 dicitur,
831 2571 860 2595 et
884 2567 1021 2601 Christus,

222 2615 298 2649 petra
311 2611 448 2646 scandali,
462 2616 490 2640 et
509 2611 539 2639 in
552 2611 664 2639 ruinam
678 2611 783 2647 positus
795 2615 848 2640 est.
863 2613 934 2640 Tum
949 2611 1021 2647 ignis

1070 959 1145 1003 part.
1171 964 1283 1003 ςὨσπερ
1307 959 1351 993 οὖν
1376 966 1390 994 ὁ
1413 966 1459 1000 τῆς
1473 965 1558 1005 ὀσμῆς
1580 959 1805 1005 ὀσφραινόμενος,
1823 965 1852 993 ὅτι

1069 1009 1117 1046 μὲν
1132 1008 1188 1038 ἔστι
1201 1011 1284 1048 μῖρον
1299 1009 1420 1047 κείμενόν
1435 1021 1504 1045 που,
1520 1004 1589 1038 οἶδεν
1603 1021 1611 1028 σ
1628 1009 1755 1038 ποταπὸν
1773 1009 1799 1038 δὲ
1817 1009 1851 1044 τὴν

1069 1053 1160 1083 οὐσίαν
1175 1077 1182 1089 ,
1208 1053 1296 1083 οὖχέτι
1318 1065 1325 1072 ·
1352 1053 1421 1083 οὕτω
1447 1054 1492 1083 καὶ
1523 1054 1618 1091 ἡμεῖς,
1652 1053 1693 1082 ὅτι
1724 1054 1774 1092 μὲν
1800 1054 1853 1086 Θεὸς

1070 1097 1154 1135 ἔστιν,
1173 1098 1251 1137 ἴσμεν
1262 1110 1269 1117 ·
1283 1098 1311 1128 τί
1330 1098 1357 1128 δὲ
1379 1097 1428 1134 τὴν
1450 1097 1540 1128 οὐσίαν
1551 1120 1558 1134 ,
1577 1098 1677 1128 οὐκέτι.
1694 1097 1806 1128 Ὧσανεὶ
1822 1094 1853 1127 οἶδ

1071 1143 1244 1183 ουμιατήριόν
1283 1144 1362 1181 ἰσμεν
1390 1143 1545 1182 βασιλικὸν,
1574 1143 1621 1172 καὶ
1649 1143 1719 1172 ὅπου
1759 1143 1789 1172 ἂν
1815 1145 1852 1171 ἆτ-

1071 1187 1203 1225 ἐλθωμεν,
1226 1187 1271 1217 καὶ
1291 1187 1340 1223 τὴν
1356 1187 1442 1225 ὀσμὴν
1454 1190 1499 1216 τοῦ
1516 1190 1697 1226 πνευματιχοῦ
1714 1188 1800 1228 μύρου
1814 1200 1852 1217 πε-

1072 1232 1224 1272 ριφέρομεν,
1255 1232 1375 1261 τουτέστι
1406 1234 1452 1267 τῆς
1479 1232 1649 1271 θεογνωσίας.
1683 1230 1760 1261 ’Ᾱνω
1787 1233 1853 1262 nim

1072 1278 1167 1313 εἰπὼν,
1183 1277 1223 1306 ὅτι
1239 1277 1360 1307 Πάντοτε
1386 1277 1617 1316 θριαμϐευόμεθα,
1639 1279 1685 1305 νῦν
1710 1289 1806 1316 φησιν,
1824 1277 1852 1306 ἔτι

1074 1322 1129 1351 Καὶ
1151 1324 1177 1352 ἐν
1198 1320 1279 1350 παντὶ
1306 1323 1380 1361 τόπῳ
1405 1321 1578 1358 εὖωδιάζομεν
1602 1319 1663 1354 τοὺς
1688 1322 1853 1360 ἀνθρώπους.

1074 1367 1135 1399 Πᾶς
1157 1366 1219 1405 γὰρ,
1246 1365 1291 1395 καὶ
1318 1365 1414 1402 τόπος,
1440 1365 1485 1394 καὶ
1509 1365 1616 1405 καιρὸς,
1646 1367 1700 1394 τῶν
1735 1366 1867 1405 ἡμετέρων

1074 1410 1272 1449 ἐμπέπλησται.
1307 1409 1395 1440 Ὥστε
1423 1409 1462 1439 δεῖ
1495 1409 1581 1451 φέρειν
1612 1410 1764 1448 γενναίως,
1793 1410 1814 1440 εί
1836 1423 1853 1448 γε

1073 1458 1188 1485 τοσαῦτα
1211 1454 1257 1485 καὶ
1293 1457 1338 1484 νῦν
1364 1449 1535 1494 δοξαζόμεθα
1550 1454 1597 1484 καὶ
1633 1455 1687 1495 πρὸ
1724 1457 1781 1484 τῶν

1073 1500 1171 1530 λόντων
1176 1523 1182 1530 .

1119 1599 1134 1618 ιι
1147 1587 1213 1620 Ὅτι
1225 1589 1342 1629 Χριστοῦ
1355 1588 1451 1618 εὖωδία
1470 1588 1550 1626 ἐσμὲν
1565 1590 1603 1629 τῷ
1621 1590 1686 1628 Θεῷ
1701 1589 1733 1618 ἓν
1754 1594 1806 1624 τοῖς
1820 1601 1855 1619 σω·

1119 1608 1134 1618 ιλ
1163 1608 1213 1620 VII
1225 1608 1293 1629 Λνιυ
1302 1608 1342 1618 HM)
1355 1608 1451 1618 ενωυιῑι
1470 1608 1550 1626 ευμεν
1570 1608 1603 1629 ΒΨ
1622 1608 1686 1628 υΕΨ
1701 1608 1732 1618 δ’
1759 1608 1806 1624 ιυιῆ
1820 1608 1855 1619 0111*

1072 1633 1206 1672 ζομένοις,
1221 1633 1266 1663 χαὶ
1281 1635 1307 1663 ἐν
1330 1638 1383 1666 τοῖς
1408 1633 1610 1672 ἀπολλυμένοις.
1626 1647 1639 1660 ιν
1664 1633 1703 1664 Ἣ
1723 1635 1805 1664 τοῦτό
1818 1608 1867 1675 3913-1

1073 1689 1133 1714 σιν,
1148 1678 1188 1707 ὅτι
1205 1677 1334 1711 Ἑαυτοὺς
1355 1678 1446 1707 Θυσίαν
1468 1678 1668 1718 προσφέρομεν,
1689 1679 1867 1714 ἀποθνήσκω-ξ

1073 1734 1114 1756 τες
1135 1722 1177 1752 διὰ
1199 1723 1242 1764 τὸν
1268 1722 1383 1762 Χριστόν
1409 1734 1416 1741 ⁸
1437 1721 1454 1758 ἢ
1482 1724 1524 1751 ὅτι
1540 1723 1606 1753 Ἐπὶ
1681 1726 1731 1753 τοῦ
1760 1725 1855 1764 Χριπεῖ

1073 1769 1181 1808 σφαγῇ,
1193 1763 1246 1798 οἷόν
1265 1780 1291 1797 τι
1304 1767 1427 1806 θυμίαμα
1443 1767 1489 1796 καὶ
1504 1770 1582 1805 ἡμεῖς
1597 1767 1816 1807 ἐπιθυμιώμεθα.
1829 1768 1854 1797 Ὃ

1073 1812 1100 1841 δὲ
1117 1813 1197 1850 λέγει,
1212 1813 1327 1842 τοιοῦτόν
1343 1813 1425 1848 ἐστιν,
1439 1812 1478 1841 ὅτι
1499 1812 1556 1842 Κᾶν
1568 1812 1705 1847 σώζωνταί
1723 1825 1811 1848 ⁴τινες,
1823 1812 1856 1841 κᾶν

1074 1857 1260 1893 ἆπόλλωνται,
1287 1857 1317 1886 τὸ
1344 1858 1507 1896 Εὐαγγέλιον
1523 1858 1595 1896 μένει
1613 1856 1674 1896 ἔχον
1698 1859 1752 1894 τὴν
1777 1857 1855 1888 ciuili

1074 1901 1185 1940 ἀρετὴν,
1201 1901 1246 1930 καὶ
1269 1903 1346 1940 ἡμεῖς
1373 1901 1486 1939 μένομεν
1510 1904 1587 1931 τοῦτο
1605 1901 1677 1934 ὄντες
1691 1902 1763 1942 ὅπερ
1785 1902 1855 1939 {quin

1075 1946 1130 1975 Καὶ
1145 1945 1236 1986 ὥσπερ
1251 1947 1281 1975 τὸ
1296 1948 1350 1985 φῶς
1365 1945 1415 1975 κᾶν
1439 1946 1546 1985 σκοτίζῃ
1566 1946 1626 1979 τοὺς
1648 1947 1772 1981 ἀσθενεῖς
1782 1969 1789 1982 ,
1804 1947 1856 1984 ὅμως

1074 1991 1128 2030 φῶς
1141 1992 1196 2020 ἐστι
1210 1999 1216 2006 ·
1231 1990 1276 2019 καὶ
1296 1990 1327 2020 τὸ
1348 1990 1426 2029 μέλι,
1446 1989 1495 2019 κᾶν
1514 1995 1569 2024 τοῖς
1584 1991 1718 2030 ἰκτεριῶσι
1733 1991 1824 2031 πικρὸν
1834 1986 1856 2028 ,

1075 2034 1147 2072 ὅμως
1161 2035 1244 2074 γλυκύ
1264 2035 1334 2064 ἐστιν
1349 2047 1356 2054 ·
1380 2034 1450 2064 οὕτω
1465 2035 1510 2064 καὶ
1535 2035 1565 2065 τὸ
1592 2035 1760 2074 Εὖαγγέλιον
1784 2035 1857 2065 εὐῶδές

1074 2080 1131 2109 ἐστι
1142 2103 1150 2115 ,
1165 2079 1215 2108 κᾶν
1232 2080 1404 2112 ἀπιστοῦντές
1416 2092 1485 2113 τινες
1505 2080 1700 2110 ἀπολλύωνται.
1727 2081 1784 2110 Καὶ
1796 2083 1857 2117 ἡμεῖς

1077 2135 1092 2152 α
1112 2124 1206 2154 εὐωδία
1222 2123 1304 2162 ἐσμέν
1317 2136 1323 2143 ·
1340 2139 1351 2151 1
1367 2124 1412 2154 καὶ
1419 2125 1474 2164 οὐχ
1485 2125 1584 2161 ἁπλῶς,
1596 2125 1676 2161 ἀλλὰ,
1694 2138 1707 2152 ι
1720 2128 1763 2166 τῷ
1775 2126 1840 2164 Θεῷ.
1849 2137 1856 2148 ι

1074 2167 1162 2198 Ὅταν
1179 2169 1206 2198 δὲ
1223 2170 1318 2203 ἐκεῖνος
1331 2169 1496 2210 ψηφίζηται,
1511 2168 1549 2202 τίς
1563 2170 1577 2198 ὁ
1592 2169 1738 2208 ἀντιλέγων
1753 2182 1763 2207 ;

1133 2307 1148 2326 α
1171 2292 1219 2331 Οἷς
1244 2297 1293 2336 μὲν
1317 2298 1388 2336 ὀσμὴ
1415 2298 1529 2328 θανάτου
1557 2299 1594 2332 εἷς
1624 2297 1756 2338 θάνατον,
1782 2294 1816 2332 οἷς
1839 2297 1857 2326 δὲ

1076 2340 1146 2379 ὀσμὴ
1167 2343 1235 2376 ζωῆς
1251 2342 1287 2376 εἷς
1301 2342 1382 2378 ζωήν.
1398 2352 1414 2372 n
1431 2342 1543 2378 Ἐπειδὴ
1566 2339 1641 2373 εἶπεν
1651 2365 1660 2380 ,
1675 2342 1716 2372 ὅτι
1733 2354 1749 2373 α
1765 2342 1854 2373 Εὖωδίι

1076 2385 1156 2423 ἐσμὲν
1169 2386 1195 2414 ἐν
1211 2389 1264 2420 τοῖς
1275 2386 1465 2425 ἀπολλυμένοις
1478 2398 1485 2406 ·
1499 2400 1512 2413 ιο
1524 2386 1568 2416 ἵνα
1586 2387 1623 2426 μὴ
1638 2387 1760 2428 νομίσῃς,
1776 2388 1812 2416 δτι
1821 2389 1856 2416 xi-

1076 2431 1157 2459 κεῖνοι
1180 2430 1367 2470 εὖπρόσδεκτοί
1388 2432 1413 2456 ⁴7
1443 2434 1529 2468 εἰσιν,
1553 2432 1674 2472 ἐπήγαγε
1700 2435 1800 2469 ταῦτα,
1822 2430 1856 2460 ιιιέ

1077 2485 1173 2514 φησιν,
1198 2475 1238 2504 ὅτι
1264 2476 1312 2511 τὴν
1327 2475 1437 2505 εὐωδίαν
1459 2476 1558 2512 ταύτην
1584 2478 1608 2507 οἱ
1633 2476 1681 2512 μὲν
1701 2477 1767 2506 οὕτω
1783 2486 1852 2516 προσ-

1078 2519 1170 2555 ίενται,
1188 2519 1258 2549 ὥστε
1273 2522 1400 2557 σωθῆναι,
1422 2522 1445 2550 οἱ
1463 2521 1491 2550 δὲ
1505 2520 1574 2550 ὥστε
1591 2521 1738 2551 ἀπολέσθαι
1754 2533 1760 2539 ·
1780 2520 1853 2556 dim?

1077 2564 1122 2592 καὶ
1136 2563 1184 2596 τὰς
1205 2559 1252 2600 ὗς,
1266 2565 1312 2594 καὶ
1331 2564 1390 2597 τοὺς
1414 2565 1557 2605 κανθάρους
1569 2588 1577 2604 ,
1598 2567 1704 2604 λέγεται
1723 2565 1815 2604 πνίγειν
1827 2564 1849 2591 τέ

1076 2610 1158 2648 μ’ὖρον
1174 2620 1180 2626 ·
1200 2608 1246 2638 καὶ
1272 2610 1286 2637 ὁ
1309 2610 1442 2649 Χριστὸς,
1465 2609 1550 2650 πέτρα
1573 2611 1737 2647 σκανδάλου,
1761 2610 1804 2639 καὶ
1824 2608 1852 2638 εἰ(

916 2692 1007 2722 Variae
1028 2692 1176 2723 lectiones.

255 2747 275 2764 ⁵⁷
293 2747 500 2784 εὖπροσδόκητοι,
514 2746 567 2773 καὶ
581 2746 744 2782 ἀτρόσδεκτοι
763 2754 793 2774 ο.

254 2829 294 2862 (ιι)
311 2827 385 2856 Edit.
406 2827 498 2857 Lond.
513 2827 608 2860 habet,
622 2835 670 2855 nec
682 2834 787 2862 quoque
801 2827 909 2855 etiamsi
922 2827 1154 2860 febricitantibus.
