1867 3081
33 181 93 207 825

484 180 659 210 EXPOSITIO
678 182 712 210 IN
731 182 835 210 EPIST.
855 183 877 210 ll
895 183 941 211 AD
960 183 1037 211 COR.
1059 197 1093 203 —
1113 183 1188 210 CAP.
1211 183 1252 210 Ill.

1651 187 1704 213 826

32 244 152 272 πτῶσιν
171 243 296 282 κείμενος
308 254 314 262 ·
331 243 376 272 καὶ
391 243 420 272 τὸ
434 245 502 283 πῦρ,
514 243 558 274 τὸν
569 245 667 284 χρυσὸν
684 244 851 286 λαμπρύνον,
870 248 895 279 Α
908 253 916 273 ι

941 254 1007 274 lrum
1026 245 1162 273 illuminat
1173 245 1327 281 clariusque
1340 244 1440 278 reddit,
1459 246 1552 282 spinas
1575 255 1640 276 vero
1656 247 1699 276 uri

32 287 86 321 τὰς
103 288 236 320 ἀκάνθας
252 293 371 329 πιμπρᾷ.

50 345 53 347 ·
81 345 95 358 ιι
120 332 186 361 Καὶ
211 332 274 370 πρὸς
292 335 374 362 ταῦτα
395 332 433 366 τίς
455 333 562 373 ἳκονόςς
582 345 597 363 n
613 334 724 370 Ἐπειδὴ
748 334 853 374 μεγάλα

34 376 221 417 ἐφθέγξατο,
237 376 277 406 ὅτι
300 389 315 405 α
335 378 442 407 Εὖωδία
460 378 538 416 ἐσμὲν
551 400 559 414 ,
575 390 589 408 ι)
615 380 660 408 καὶ
678 380 718 408 ὅτι
738 381 853 420 Θριαμ-

34 421 185 460 ϐευόμεθα
219 433 226 440 ·
255 422 335 451 πάλιν
371 427 569 462 μετριοφρονιί,
605 424 651 453 καί
680 435 774 462 φησιν,
813 423 853 454 ὅτι

37 466 114 505 Πρὸς
130 469 229 495 ταῦτα
241 467 258 501 ἡ
275 466 393 506 ἡμετέρα
409 467 530 496 ἀσθένεια
548 469 596 497 οὐκ
610 468 702 506 ἤρκει,
719 470 741 498 εἰ
759 468 796 507 μὴ
821 464 852 505 ἦν

34 513 52 545 ἡ
69 513 120 540 τοῦ
135 512 219 540 θεοῦ
234 510 343 549 δύναμις
356 523 362 530 -
387 511 485 541 ἐκείνου
505 511 556 552 γὰρ
581 512 610 542 τὸ
625 517 678 542 πᾶν
689 535 697 549 ,
714 514 759 543 καὶ
779 513 852 543 οὐδὲν

34 555 197 594 ἡμέτερον.

80 611 96 628 ε
124 600 174 630 Οὖ
192 600 248 640 γάρ
263 601 343 639 ἐσμεν
357 623 365 636 ,
389 602 424 634 ὡς
448 601 562 639 πολλοὶ,
588 602 782 638 καπηλεύοντες
808 603 853 633 τὸν

35 644 119 684 λόγον
135 646 192 674 τοῦ
210 645 293 675 Θεοῦ.
316 656 329 673 ›
343 643 413 679 Τοὺς
429 646 658 685 ψευδαποστόλους
675 647 786 676 ἐνταῦθα
803 648 852 684 δη-

35 691 78 719 λοῖ
92 688 134 726 ⁸⁸,
152 688 183 719 οἳ
201 689 250 725 τὴν
266 692 312 719 τοῦ
331 690 402 720 Θεοῦ
419 690 498 730 χάριν
516 692 611 720 οἰκεῖον
625 691 739 732 ἔφασκον
755 693 852 733 κατόρ-

37 737 138 772 θωμα·
152 733 208 763 καί
218 745 310 774 φησιν,
326 734 364 763 ὅτι
380 735 431 764 Διὰ
443 737 522 765 τοῦτο
537 733 609 766 εἷπον
619 748 626 755 ⁸
639 749 651 762 ι
663 736 711 770 Τίς
725 738 813 770 ⁴ίκιιινός
824 747 853 776 ;»

36 780 82 808 καὶ
100 780 143 819 τῷ
160 779 232 818 Θεῷ
253 779 282 808 τὸ
308 783 360 808 πᾶν
377 779 512 816 ἀνέθηκα,
536 780 602 810 διότι
625 782 672 810 οὐκ
688 782 759 819 εἰμὶ,
781 784 816 816 ὡς
830 784 854 812 οἱ

907 295 936 319 et
949 290 1080 319 absumit.

944 347 957 360 ι
978 337 1012 363 Et
1025 335 1060 363 ad
1069 335 1127 364 haec
1140 335 1200 371 quis
1214 334 1346 363 idoneus?
1362 346 1374 359 ν
1390 335 1460 369 Quia
1475 343 1573 371 magna
1584 336 1700 371 dixerat,

906 381 1050 413 nimirum,
1069 392 1081 405 ι
1100 381 1194 407 Bonus
1213 379 1282 408 odor
1303 387 1409 412 sumus,
1428 391 1440 403 υ
1454 384 1482 407 et
1497 392 1509 404 σι
1535 380 1701 417 Triumpha-

907 433 980 460 mur,
1013 436 1024 450 ι
1055 433 1149 453 rursus
1172 425 1205 453 ad
1230 424 1400 453 moderatam
1427 425 1510 452 animi
1536 427 1702 456 sententiam

907 469 997 497 redit:
1024 469 1066 497 Ad
1081 469 1150 502 haec,
1166 469 1302 505 inquiens,
1325 473 1418 497 nostra
1442 469 1616 498 imbecillitas
1634 479 1689 499 non

907 513 1062 542 sufliciebat
1073 513 1133 542 sine
1145 513 1264 549 potentia
1279 514 1330 541 Dei
1342 523 1350 547 ;
1366 513 1440 541 illius
1452 513 1527 542 enim
1541 517 1632 543 totum
1642 515 1695 544 hoc

907 563 949 586 est
960 557 1035 594 quod
1049 559 1166 594 agimus,
1180 557 1301 594 nihilque
1313 562 1439 586 nostrum
1454 562 1504 586 est.

943 604 1031 631 VEnS.
1051 606 1092 630 I7.
1112 614 1124 626 τι
1148 604 1209 630 Non
1234 602 1308 630 enim
1321 610 1428 637 sumus,
1444 607 1475 630 ut
1496 603 1586 637 multi,
1602 611 1700 640 caupo-

907 652 1002 676 nantes
1027 649 1143 675 verbum
1169 647 1229 675 Dei.
1251 659 1263 670 υ
1285 646 1516 682 Pseudapostolos
1541 648 1584 676 hic
1606 653 1699 683 notat,

908 693 955 729 qui
983 692 1032 720 Dei
1049 692 1164 728 gratiam
1189 699 1272 719 suum
1295 699 1354 720 esse
1374 699 1444 728 opus
1458 691 1653 721 afﬁrmabant:
1669 701 1701 721 ac

908 739 1066 773 Proplerea,
1081 737 1180 772 inquit,
1199 736 1268 770 dixi,
1287 748 1300 761 ι
1316 736 1384 772 Quis
1413 741 1455 764 est
1471 736 1604 766 idoneus?
1627 750 1639 762 ι
1655 746 1696 772 ac,

909 783 967 810 Deo
995 786 1085 810 totum
1100 781 1182 808 retuli
1207 785 1361 817 acceptum,
1378 781 1451 817 quod
1476 789 1533 809 non
1557 789 1618 810 sum
1629 783 1700 810 sicut

37 823 284 864 ψευδαπόστολοι,
321 824 481 859 χαπηλεύων
519 825 565 854 καὶ
592 825 703 855 νοθεύων
728 826 775 861 τὴν
805 827 854 856 δω-
868 836 916 875 B|

941 826 1121 862 eudapostoli,
1148 833 1306 862 cauponans
1339 830 1366 853 et
1393 826 1551 854 adulterans
1583 827 1697 855 verbum

38 867 103 907 ρεὰν
119 870 171 897 τοῦ
194 868 280 898 Θεοῦ.
304 868 457 898 Αἶνίττεται
485 869 511 898 δὲ
531 869 623 902 αὐτοὺς
647 871 692 899 καὶ
707 870 755 905 τὴν
777 871 852 900 διδα-

40 912 161 942 σκαλίαν
191 913 334 946 δολοῦντας
358 917 412 946 τοῖς
438 915 486 948 τῆς
511 913 561 948 ἔξω
577 915 670 954 σοφίας
689 915 852 955 σοφίσμασι,

40 957 86 986 καὶ
101 957 263 997 χρημάτων
281 958 435 991 πωλοῦντας
446 981 453 993 ,
475 958 538 998 ὅπερ
555 958 654 999 δωρεὰν
671 959 723 990 ἔδει
740 960 850 992 διδόναι.

40 1001 112 1031 Ἀλλ’
128 1003 184 1041 οὐχ
199 1003 279 1040 ἡμεῖς
294 1004 418 1032 τοιοῦτοι.
436 1001 550 1042 Ἐπάγει
566 1003 652 1033 τοίνυν
667 1015 673 1022 ·

87 1101 103 1119 ιι
117 1090 198 1120 Ἀλλ’
213 1092 248 1124 ὣς
269 1091 296 1126 ἐξ
313 1091 491 1132 εἰλικρινείας,
510 1093 570 1122 ἀλλ’
593 1094 629 1127 ὡς
645 1093 674 1122 ἐκ
689 1094 771 1130 Θεοῦ,
788 1106 852 1124 κατ-

43 1134 159 1165 ενώπιον
175 1138 226 1165 τοῦ
244 1137 315 1166 Θεοῦ
332 1138 357 1166 ἐν
372 1137 482 1176 Χριστῷ
505 1137 648 1175 λαλοῦμεν.
669 1150 683 1166 υ
697 1138 852 1175 Τουτίστιν,

43 1180 73 1208 ἐκ
99 1183 228 1220 καθαρᾶς
254 1181 299 1210 καὶ
324 1180 419 1210 ἀδόλου
445 1180 568 1220 γνώμης,
598 1182 644 1211 καὶ
668 1183 703 1215 ὡς
726 1184 756 1212 ἐκ
780 1183 852 1213 Θεοῦ

44 1224 149 1264 ἔχοντες
167 1224 186 1253 ἃ
207 1226 354 1263 λαλοῦμεν,
370 1225 415 1254 καὶ
430 1227 478 1265 οὐχ
497 1227 532 1259 ὡς
549 1226 649 1256 οἴκοθεν
664 1228 739 1257 αὐτοὶ
754 1239 852 1267 κατορ-

44 1271 158 1302 θῶντες.
188 1271 247 1299 Καὶ
277 1281 291 1299 ιι
306 1271 332 1299 ἐν
358 1271 486 1310 Χριστῷο
507 1281 522 1299 n
551 1271 598 1300 οὐχ
624 1271 651 1300 ἐν
731 1273 851 1314 ἡμετέρᾳ

46 1314 143 1354 σοφία,
158 1314 234 1344 ἀλλὰ
300 1315 367 1354 παρ’
384 1315 483 1344 ἐκείνου
499 1315 611 1353 δυνάμει
621 1315 647 1334 ⁴⁹
664 1317 848 1356 ἐνηχούμενοι.

45 1362 84 1392 Τὸ
99 1362 142 1398 δὲ,
162 1374 177 1391 τ
192 1362 328 1393 Ένώπιον
343 1366 389 1392 τοῦ
403 1364 495 1402 Θεοῦ,
518 1374 533 1392 υ
554 1359 645 1400 εἶπεν,
665 1364 708 1394 ἵνα
730 1365 799 1404 δείξῃ
821 1366 851 1395 τὸ

48 1407 116 1440 εὖϐὲς
139 1409 189 1443 τῆς
221 1408 331 1447 καρδίας
359 1408 404 1437 καὶ
427 1409 669 1449 εὖποιρῤησίαστον.
714 1410 849 1440 Τοσοῦτον

47 1450 96 1490 γὰρ
114 1454 131 1488 ἡ
153 1452 255 1492 καρδία
280 1454 358 1491 ἡμῶν
381 1453 438 1483 ἕστι
461 1453 582 1494 καθαρὰ,
599 1454 690 1494 φησὶν,
716 1453 784 1484 ὥστε
811 1457 849 1496 τῷ

48 1497 109 1536 Θεῷ
123 1497 212 1534 αὐτὴν
229 1497 417 1538 ἐμφανίζομεν.

349 1569 494 1601 ΚΕΦΑΛ,
512 1569 555 1601 Γ’.

87 1643 99 1656 ί
120 1631 274 1672 Ἀρχόμεθα
288 1631 369 1661 πάλιν
386 1631 493 1665 ἑαυτοὺς
514 1632 677 1663 συνιστάνειν
690 1644 699 1672 ;
711 1647 723 1659 ι
739 1633 849 1671 Ἐπειδὴ

52 1676 153 1715 μεγάλα
179 1676 243 1716 περὶ
268 1678 363 1718 ἑαυτοῦ
391 1677 547 1717 ἐφθέγξατο,
577 1678 678 1718 φησίν⁸
702 1678 783 1713 Ἴσως
811 1692 850 1714 τις

51 1721 120 1760 ἐρεῖ·
143 1721 182 1751 Τί
206 1725 298 1757 τοῦτο,
313 1716 335 1750 ὦ
357 1716 466 1758 Παῦλε,
490 1716 606 1761 ἐπαίρεις
632 1723 741 1752 σεαυτὸν
765 1727 849 1754 ταῦτα

51 1764 132 1803 λέγων
153 1765 218 1805 περὶ
234 1768 356 1798 σεαυτοῦ.
385 1765 493 1802 Ταύτην
507 1762 552 1796 οὖν
580 1766 626 1802 τὴν
642 1768 772 1798 ἀντίθεσιν
793 1769 849 1798 λύει

53 1808 93 1837 διὰ
113 1811 167 1838 τῶν
182 1810 243 1845 ἑξῆς
259 1822 266 1829 ·

96 1865 110 1882 (ι
122 1855 154 1883 Εἰ
170 1854 209 1893 μὴ
233 1855 378 1895 χρῄζομεν,
400 1854 436 1888 ὥς
453 1867 537 1894 τινες,
557 1858 723 1886 συστατικῶν
740 1858 846 1886 ἐπιστο-

53 1899 102 1926 λῶν
125 1899 190 1938 πρὸς
218 1901 300 1937 ὓμᾶς,
323 1899 341 1935 ἢ
366 1900 392 1934 ἐξ
414 1901 488 1938 ὑμῶν
517 1902 701 1937 συστατικῶν,
726 1913 740 1930 υ
760 1902 847 1932 Τοῦτο

56 1942 120 1980 μετὰ
152 1943 303 1984 βαρύτητος
335 1944 422 1983 λέγει,
451 1944 667 1983 πληκτικώτερον
692 1948 776 1975 ποιῶν
802 1946 845 1976 τὸν

53 1987 125 2026 λόγον
139 1999 146 2006 ·
161 1989 307 2018 αἰνίττεται
317 1989 344 2018 δὲ
360 1990 419 2022 τοὺς
434 1989 596 2022 ἀποστόλους
613 1990 640 2009 ⁵ο
652 1989 712 2024 τοὺς
725 1991 828 2030 ψευδεῖς
838 2014 845 2026 ,

908 871 968 899 Dei.
987 871 1080 900 lunuit
1093 875 1183 898 autem
1195 891 1202 904 ,
1218 870 1292 906 quod
1310 871 1361 906 ipsi
1375 871 1511 906 Evangelii
1532 871 1613 899 etiam
1633 872 1700 900 doc-

906 912 1007 940 trinam
1022 911 1170 947 depravent
1192 911 1318 939 humanm
1332 911 1472 946 sapientia:
1485 911 1701 940 ratiocinationi-

908 956 959 984 bus
971 964 1002 984 ac
1016 956 1129 992 pecunia
1143 954 1288 983 divendere
1302 959 1444 989 conentur,
1462 954 1535 991 quod
1552 955 1635 991 gratis
1647 955 1702 984 im-

909 1001 1079 1037 pertiendum
1093 1005 1161 1029 erat.
1178 1001 1279 1028 Verum
1293 1007 1343 1028 nos
1351 1008 1407 1028 non
1417 1007 1515 1029 sumus
1529 999 1697 1036 hujusmodi.

907 1045 994 1074 Infert
1007 1046 1091 1082 igitur
1106 1055 1113 1074 :

946 1107 959 1120 ι
982 1096 1034 1124 Sed
1057 1099 1187 1131 tanquam
1210 1102 1241 1122 ex
1256 1094 1423 1128 sinceritate,
1449 1094 1496 1123 sed
1517 1098 1649 1131 tanquam
1669 1103 1701 1124 ex

907 1143 977 1174 Deo,
999 1144 1062 1168 ante
1080 1143 1257 1176 conspectum
1282 1140 1333 1167 Dei
1353 1139 1379 1167 in
1393 1139 1501 1167 Christo
1523 1139 1670 1175 loquimur.
1686 1152 1698 1164 ι

906 1187 967 1213 Hoc
985 1189 1037 1216 est,
1062 1192 1092 1211 ex
1107 1192 1173 1220 pura
1196 1184 1367 1220 minimeque
1388 1183 1473 1220 256
1495 1183 1583 1212 fallaci
1596 1188 1698 1218 mente,

906 1238 938 1257 ac
948 1230 1031 1257 veluti
1042 1237 1073 1256 ex
1089 1229 1144 1257 Deo
1165 1229 1296 1256 habentes
1316 1237 1346 1256 ea
1359 1236 1420 1264 qua:
1432 1228 1580 1264 loquimur,
1602 1232 1630 1257 et
1644 1236 1702 1256 non

907 1274 988 1302 veluti
1001 1282 1047 1310 per
1068 1282 1119 1302 nos
1141 1274 1190 1309 ipsi
1205 1273 1356 1310 quidquam
1379 1274 1572 1308 transigamus.
1591 1285 1602 1298 σ
1625 1274 1661 1301 Et
1674 1274 1702 1302 in

905 1318 1014 1347 Christo
1035 1329 1040 1347 :
1071 1330 1083 1342 ιι
1105 1326 1161 1346 non
1183 1326 1230 1354 per
1250 1322 1373 1346 nostram
1399 1318 1573 1354 sapientiam,
1603 1325 1701 1346 verum

905 1363 975 1391 illius
998 1363 1115 1399 potentia
1139 1363 1237 1390 imbuti
1258 1366 1286 1390 et
1308 1362 1432 1391 instituti.
1458 1374 1470 1388 ιι
1487 1365 1559 1391 Ante
1570 1370 1702 1399 conspec-

904 1411 963 1436 tum
979 1420 990 1432 -
1008 1412 1101 1436 autem
1115 1418 1129 1434 ιι
1155 1408 1205 1436 Dei
1221 1419 1233 1431 ν
1253 1407 1332 1441 dixit,
1353 1411 1384 1436 ut
1407 1407 1499 1436 cordis
1522 1408 1564 1436 sui
1586 1409 1701 1436 rectitu-

903 1452 996 1481 dinem
1016 1457 1044 1481 et
1056 1453 1212 1481 libertatem
1236 1453 1371 1481 ostendat.
1388 1452 1465 1481 Adeo
1490 1453 1566 1481 enim
1586 1460 1634 1481 cor
1648 1460 1701 1481 no-

903 1502 992 1527 strum
1009 1506 1107 1535 purum
1118 1502 1169 1532 est,
1181 1502 1212 1526 ut
1222 1502 1249 1526 et
1261 1500 1318 1526 Deo
1333 1498 1424 1534 ipsum
1435 1497 1599 1527 indicemus.

1208 1573 1329 1602 CAPUT
1343 1573 1392 1601 ΙΙΙ.

941 1637 1030 1664 Vsus.
1056 1639 1081 1664 1.
1096 1647 1109 1659 οι
1126 1635 1274 1671 lncipimus
1296 1635 1397 1663 iterum
1423 1635 1609 1672 nosmetipsos
1623 1643 1699 1663 com-

903 1681 1081 1709 mendare?»
1098 1679 1329 1716 Quandoquidem
1348 1687 1444 1716 magna
1463 1679 1498 1708 de
1512 1680 1600 1715 seipse
1623 1679 1699 1708 locu-

904 1729 948 1753 tus
967 1729 1035 1759 erat,
1047 1725 1096 1758 ait,
1114 1725 1218 1760 Aliquis
1239 1724 1355 1752 fortasse
1375 1724 1464 1752 dicere
1479 1728 1585 1760 poterat
1627 1723 1701 1760 Quid

904 1770 966 1804 hoc,
981 1778 997 1798 ο
1011 1770 1091 1797 Paule
1105 1769 1185 1797 ihznc
1195 1768 1229 1797 de
1241 1769 1329 1804 teipso
1341 1769 1445 1802 dicens,
1461 1770 1581 1804 teipsum
1599 1768 1697 1798 offers.

903 1816 982 1843 Hanc
996 1815 1078 1851 igitur
1090 1814 1272 1850 objectionem
1286 1822 1334 1849 per
1345 1814 1481 1849 sequentia
1494 1814 1584 1841 diluit.

941 1869 953 1883 α
974 1859 1048 1886 Num
1069 1865 1192 1893 egemus,
1208 1861 1238 1884 ut
1251 1856 1384 1890 nonnulli,
1399 1857 1628 1885 commendaltiis
1644 1858 1670 1886 lii
1679 1863 1702 1886 t—

902 1902 968 1931 teris
979 1903 1013 1930 ad
1033 1909 1091 1934 vos,
1109 1906 1157 1929 aut
1178 1909 1210 1929 ex
1237 1900 1315 1928 vobis
1339 1901 1578 1929 commendatit'is
1601 1903 1613 1929 Ρ
1640 1903 1700 1930 Hoc

901 1955 966 1976 cum
986 1946 1132 1974 acerbitate
1149 1946 1281 1982 loquitur,
1303 1953 1461 1973 sermonem
1475 1953 1528 1973 suu
1542 1953 1558 1973 ιι
1574 1947 1698 1982 asperio-

901 2000 960 2021 rem
982 1991 1111 2020 reddens.
1148 1990 1376 2027 Pseudapostolos
1403 1994 1495 2018 autem
1524 1990 1623 2025 irnuit,
1652 1992 1700 2028 qui

55 2029 77 2059 οἳ
100 2031 136 2069 μὴ
164 2033 268 2072 ἔχοντες
293 2034 323 2062 ἐκ
350 2035 401 2062 τῶν
421 2033 523 2063 οἰκείων
549 2033 632 2074 ἔργων
657 2029 844 2078 γνωρίζεσθαι,
862 2047 886 2078 D
901 2045 915 2065 c

941 2044 965 2064 cn
987 2036 1102 2072 propriis
1121 2035 1177 2064 suis
1198 2035 1328 2071 operibus
1349 2043 1405 2063 non
1430 2041 1542 2071 possent
1565 2036 1700 2065 inclares-

57 2082 210 2110 συστατικὰς
247 2078 388 2111 ἐπιστολὰς
421 2078 596 2115 πλάττοντες,
630 2079 777 2117 διεκόμιζον
807 2075 845 2114 οἶς

57 2119 85 2147 ἂν
106 2120 212 2159 ἤθελον,
236 2122 279 2151 διὰ
305 2122 404 2152 τούτων
431 2122 621 2161 συνιστώμενοι
650 2123 695 2153 καὶ
720 2124 844 2164 γνωριζό-

59 2175 137 2201 μενοι.
153 2165 191 2196 Ὃ
206 2167 294 2196 τοίνυν
307 2168 378 2206 λέγει
395 2167 585 2207 βαρυνόμενος,
607 2169 686 2198 τοῦτό
700 2170 771 2198 ἐστιν
785 2181 791 2187 ·
811 2170 842 2199 Εἰ

59 2208 92 2245 μὴ
104 2209 153 2249 ἄρα
168 2222 207 2245 τις
220 2212 281 2251 εἴπῃ
294 2235 302 2249 ,
321 2211 362 2241 ὅτι
383 2212 421 2241 δεῖ
433 2215 505 2250 ἡμᾶς
519 2212 680 2246 συστατικὰς
703 2213 844 2247 ἐπιστολὰς

59 2253 218 2294 ἐπιφέρεσθαι
242 2256 306 2296 πρὸς
327 2258 408 2294 ὑμᾶς,
422 2255 466 2285 ἵνα
489 2257 522 2286 δι’
537 2258 623 2286 αὐτῶν
638 2259 842 2296 γνωρισθῶμεν,

58 2295 74 2368 ἒ
99 2300 175 2352 πάλιν
205 2300 232 2333 ἐξ
359 2301 425 2340 πρὸς
452 2301 566 2338 ἄλλους;
596 2295 662 2331 Εἶτα
689 2295 844 2337 ἓνδιαθέτως

73 2353 145 2368 πανει
160 2355 168 2364 θ

73 2353 146 2382 παγει
160 2355 168 2364 “

100 2441 115 2460 α
137 2431 171 2463 Ἦ
192 2433 338 2471 Ἐπιστολὴ
362 2436 439 2473 ἡμῶν
464 2437 538 2474 ὑμεῖς
563 2436 622 2466 ἔστι
642 2437 844 2476 ἔγγεγραμμένη

62 2476 112 2508 ταῖς
132 2478 250 2517 καρδίαις
265 2481 357 2519 ἡμῶν,
384 2479 566 2519 γινωσκομένη
593 2481 638 2510 καὶ
662 2482 846 2521 ἀναγινωσκο-

65 2521 122 2566 μένη
142 2523 189 2551 ὑπὸ
210 2525 315 2553 πάντων
338 2523 494 2564 ἀνθρώπων.
516 2536 530 2553 ι
546 2523 638 2564 Ὅπερ
661 2525 693 2554 ἂν
718 2526 846 2566 ἐποίησε,

65 2562 136 2601 φησὶ,
157 2566 188 2595 τὰ
211 2569 357 2607 γράμματα
385 2562 548 2598 συνιστῶντα
574 2562 661 2608 ἡμὰς,
685 2571 731 2600 καὶ
747 2562 846 2601 αἷδεσίί

67 2616 122 2655 μοξις
134 2614 271 2655 ποιοῦντα,
296 2616 376 2643 τοῦτο
400 2615 474 2652 ὑμεῖς
497 2614 616 2652 ποιεῖτε,
633 2615 678 2644 καὶ
702 2615 846 2655 ὁρώμενοι,

67 2651 105 2680 καὶ
125 2654 273 2694 ἀκουόμενοι
296 2669 303 2677 ·
327 2658 374 2688 καὶ
396 2651 461 2688 ὅπου
484 2657 516 2687 ἂν
539 2651 847 2700 ἀπέλθωμενίπεριφέ-

69 2703 136 2733 ρομιν
161 2701 228 2739 ὑμᾶς
258 2714 266 2722 ν
286 2703 314 2732 ἐν
410 2702 507 2743 καρδίᾳ
541 2703 592 2743 γὰρ
618 2703 847 2745 ἐγγεγραμμένους

900 2089 971 2116 cere,
987 2080 1226 2109 commendatitias
1251 2079 1385 2116 ﬁngentes
1408 2080 1546 2115 epistolas,
1561 2081 1594 2108 ad
1614 2089 1699 2117 quos-

898 2134 1007 2163 cunque
1026 2126 1125 2154 vellent
1148 2124 1328 2161 perferebant,
1347 2125 1448 2161 quibus
1469 2125 1505 2153 ita
1519 2127 1697 2154 commenda-

897 2171 999 2200 bantur
1010 2175 1037 2199 et
1050 2170 1266 2198 innotescebant.
1281 2170 1361 2204 Quod
1375 2170 1456 2206 igitur
1469 2177 1533 2198 cum
1548 2171 1700 2200 acerbitate

898 2216 973 2250 dicit,
998 2220 1039 2244 est
1065 2215 1221 2251 hujusmodi
1252 2223 1260 2242 :
1285 2216 1361 2243 Num
1390 2215 1472 2250 igitur
1490 2215 1564 2242 dicat
1589 2215 1697 2252 aliquis,

899 2260 974 2297 quod
989 2263 1115 2296 oporteat
1129 2266 1181 2287 nos
1194 2259 1325 2295 epistolas
1343 2259 1583 2288 commendatitias
1597 2259 1697 2289 alferre

899 2305 934 2334 ad
964 2313 1023 2340 vos,
1051 2309 1082 2333 ut
1112 2312 1160 2340 per
1187 2304 1260 2340 ipsas
1291 2304 1368 2332 vobis
1399 2303 1622 2340 manifestemur,
1652 2309 1701 2334 aut

897 2357 1007 2378 rursum
1020 2357 1052 2378 ex
1072 2349 1150 2377 vobis
1163 2348 1199 2377 ad
1213 2349 1283 2377 alios
1292 2350 1305 2377 Ρ
1324 2348 1428 2377 Deinde
1447 2356 1479 2377 ex
1495 2348 1596 2377 affectu
1610 2357 1696 2386 appo-

899 2394 950 2423 site
959 2394 1051 2423 subdit
1065 2404 1071 2422 :

933 2440 1022 2468 Vnus.
1036 2442 1062 2467 2.
1081 2450 1093 2464 ι
1114 2438 1235 2474 Epistola
1256 2442 1349 2467 nostra
1380 2446 1428 2467 vos
1450 2439 1517 2467 estis
1539 2439 1641 2476 scripta
1666 2439 1696 2467 in

899 2484 1029 2512 cordibus
1042 2484 1154 2517 nostris,
1162 2491 1226 2520 quae
1238 2483 1415 2520 cognoscitur
1421 2488 1449 2512 et
1457 2484 1558 2520 legitur
1566 2485 1600 2512 ab
1611 2484 1700 2513 homi-

902 2529 981 2558 nibus
994 2528 1136 2557 omnibus.
1148 2541 1160 2553 υ
1171 2528 1251 2565 Quod
1258 2528 1396 2562 fecissent,
1406 2529 1612 2565 inquit,litteraa
1625 2537 1702 2557 com-

900 2574 1059 2602 mendantes
1074 2581 1124 2601 nos
1136 2578 1164 2602 et
1178 2574 1344 2602 venerabiles
1360 2573 1515 2605 reddentes,
1539 2574 1592 2601 hoc
1608 2574 1696 2608 ipsum

901 2627 949 2647 vos
961 2618 1060 2653 facitis,
1076 2618 1143 2647 dum
1157 2618 1201 2646 alii
1215 2626 1263 2646 vos
1277 2618 1380 2652 vident,
1394 2617 1465 2646 etde
1477 2618 1553 2645 vobis
1567 2617 1696 2651 audiunt;

901 2667 929 2692 et
951 2671 1116 2700 quocunque
1139 2663 1252 2699 profecti
1280 2662 1422 2697 fuerimus,
1448 2670 1496 2690 vos
1529 2661 1697 2690 circumferi-

901 2716 964 2737 mus
978 2718 985 2738 :
998 2716 1064 2737 nam
1077 2703 1160 2737 cordi
1167 2711 1262 2737 nostro
1281 2708 1427 2744 inscriptos
1440 2710 1589 2743 gestamus,
1602 2707 1696 2735 omni-

741 2780 837 2811 Varia
858 2781 1012 2812 lectiones.

100 2828 118 2845 ⁸⁸
129 2833 197 2866 φησὶν
209 2843 236 2864 o.
273 2837 296 2855 ⁸⁵
309 2837 383 2873 σοφίᾳ
393 2844 420 2867 ο.
459 2837 481 2855 ⁸ο
491 2837 708 2874 ψευδαποστόλοικ
720 2846 748 2868 ο.
