1867 3081
200 180 251 207 827

705 177 963 205 THEOPHYLACTI
981 177 1160 205 BULGARIIE
1178 176 1337 205 ARCHIEP.
1783 181 1822 208 828

208 241 258 269 bus
275 239 470 269 denuntiantes
494 239 623 267 virtutem
648 242 775 267 vestram.
798 239 915 268 Proinde
934 247 991 268 cun

1054 239 1183 280 ἔχομεν,“
1202 239 1248 269 καὶ
1288 244 1369 270 πᾶσιν
1407 239 1614 278 ὕποδεικνῦομεν
1641 239 1690 275 τὴν
1719 242 1822 282 ὑμετέραν

212 293 261 313 vos
288 285 404 313 habeam
426 284 571 320 epistolam
594 292 638 312 me
658 284 719 312 aliis
743 284 1000 320 commendantem,

211 338 268 358 non
287 330 398 365 indigeo
422 329 539 357 aliorum
570 328 690 365 epistolis
712 337 727 356 a
751 329 840 364 vobis,
862 337 910 365 per
934 337 1001 365 quas

204 375 377 403 innotescam
401 374 591 410 ignorantibus
612 381 668 402 me.
693 375 779 402 Porro
808 381 871 402 cum
898 381 946 402 vos
973 374 1000 402 in

202 423 299 448 mente
313 427 374 447 mea
393 419 462 450 sitis.
493 426 549 446 non
567 426 636 454 opus
659 418 746 446 habeo
768 423 798 446 ut
818 419 931 454 quidam
952 419 997 447 alii

199 472 245 492 me
267 464 346 492 vobis
368 463 528 499 praedicent.
544 462 588 491 Ad
608 463 716 499 ignotos
730 463 803 491 enim
819 463 998 492 commenda-

199 508 372 537 titiislitteris
385 516 455 544 opus
472 512 525 543 est,
543 515 601 535 non
621 508 655 536 ad
669 508 804 544 cognitos.
833 509 890 536 Vos
904 512 998 536 autem

199 554 237 582 ita
269 553 358 581 menti
384 560 456 581 meae
476 553 597 588 inscripti
623 553 704 588 estis,
735 557 767 581 ut
793 553 919 582 excidere
941 561 997 582 non

198 597 322 634 possitis.
348 597 399 625 Hie
421 601 514 625 autem
534 597 723 625 testimonium
745 596 811 626 dicit
831 606 887 625 non
907 597 996 626 solum

201 650 301 670 eorum
321 641 455 675 charitati,
480 641 658 670 verumetiam
672 641 806 677 operibus.
826 642 866 670 Ut
878 642 924 678 qui
937 642 994 670 suf-

194 686 319 715 ﬁcientes
342 686 445 714 fuerint
468 686 572 715 cunctis
588 686 750 715 mortalibus
764 687 938 723 praeceptoris
950 688 995 716 sui

194 730 361 767 dignitatem
384 735 614 759 commonstrare.
644 730 850 767 Discipulorum
875 739 994 768 namque

194 776 280 805 virtus
294 780 492 812 praeceptorem
506 780 597 804 ornat.

235 822 322 849 Vens.
336 824 362 848 3.
389 833 401 845 α
417 819 582 848 Manifestati
606 820 679 856 quod
699 820 765 849 estis
790 820 906 856 epistola
920 821 995 849 Chri-

198 866 248 894 sti.
268 877 281 890 ι
307 866 368 900 Qua
390 865 516 894 ratione?
540 865 621 900 Quod
641 865 684 894 lex
706 865 807 894 Christi
821 870 848 894 et
866 865 995 894 mandata

194 910 274 947 ejus,
291 910 445 938 litterarum
467 910 564 944 instar,
577 910 649 946 apud
667 917 717 938 vos
736 914 868 939 maneant
885 915 914 939 et
927 919 989 940 cus-

197 955 349 984 todiantur.

238 1011 252 1024 α
284 999 368 1036 257
389 999 546 1028 Ministrata
558 1008 575 1028 a
590 1000 678 1035 nobis,
692 1000 822 1038 inscripta
842 1009 900 1030 non
921 1006 994 1030 atra-

195 1048 304 1079 mento,
328 1044 377 1073 sed
390 1045 492 1081 Spiritu
512 1045 563 1073 Dei
578 1044 693 1073 viventis
715 1055 721 1073 :
743 1054 799 1074 non
816 1046 916 1074 tabulis
929 1047 995 1083 lapi-

195 1088 268 1123 deis,
303 1089 353 1117 sed
387 1089 486 1117 tabulis
522 1089 613 1118 cordis
645 1090 760 1118 carneis.
794 1101 806 1115 ι
842 1091 994 1119 Occasione

200 1135 371 1171 apprehensa
384 1135 564 1172 comparandi
587 1135 675 1171 legem
687 1143 752 1164 cum
770 1137 930 1173 Evangelia,
949 1145 994 1167 or-

199 1179 273 1208 ditur
281 1179 354 1214 hinc,
364 1179 489 1216 inquiena
509 1189 515 1208 :
527 1180 767 1215 Quemadmodum
774 1182 864 1209 Moses
871 1183 996 1211 minister

196 1223 253 1253 fuit
264 1224 341 1261 legis,
354 1224 394 1253 sic
404 1229 432 1252 et
446 1233 496 1253 nos
513 1230 609 1254 vestrae
624 1225 652 1253 in
666 1225 780 1254 verbum
792 1226 854 1254 ﬁdei
875 1227 995 1265 ministri

192 1270 358 1298 exstitimus.
373 1270 408 1297 Et
425 1269 537 1306 perinde
551 1274 581 1298 ut
597 1270 620 1298 is
633 1271 741 1298 tabulas
755 1271 873 1307 lapideas
885 1272 994 1308 incidit,

190 1314 229 1343 sic
239 1318 267 1342 et
285 1322 338 1343 nos
354 1319 444 1342 vestra
454 1314 545 1343 corda.
560 1315 618 1342 Lex
638 1323 720 1350 porro
741 1320 901 1345 atramento
922 1318 991 1346 scri-

191 1358 322 1393 bebatur;
348 1359 526 1395 Evangelium
548 1364 640 1388 autem
655 1360 684 1388 iu
708 1361 785 1388 vobis
796 1369 846 1397 per
860 1362 993 1398 Spiritum

194 1405 327 1440 scriptum
347 1409 399 1432 est.
430 1404 539 1438 Quanto
552 1405 635 1440 igitur
647 1405 792 1433 intervallo
816 1407 936 1441 Spiritus
957 1409 992 1436 ab

193 1453 350 1477 atramento
369 1449 462 1482 distat,
478 1453 506 1476 et
524 1457 572 1477 cor
591 1457 606 1476 a
620 1449 719 1485 lapide,
739 1453 820 1478 tanto
840 1454 868 1478 et
886 1452 994 1480 Novum

193 1495 426 1522 Testamentuma
439 1494 497 1529 lege
507 1493 651 1530 discrepat.
667 1494 748 1529 Quod
763 1502 827 1522 vero
842 1495 891 1529 ait,
914 1506 928 1521 ‹‹
964 1496 992 1525 in

193 1537 301 1566 tabulis
322 1538 415 1566 cordis
438 1538 557 1573 carneis,
571 1550 584 1563 ιι
600 1538 640 1566 sic
665 1539 722 1574 lege
742 1546 792 1574 per
804 1539 986 1575 hyperbaton,

197 1593 210 1607 ι
231 1583 257 1610 in
278 1583 380 1610 tabulis
402 1583 508 1610 carneis
534 1591 542 1609 :

192 1626 317 1655 medium
338 1627 501 1662 impositum
523 1631 575 1661 est,
592 1638 605 1651 ιι
622 1627 675 1654 hoc
695 1631 737 1655 est
753 1638 766 1652 ι
780 1628 878 1657 cordis.
898 1640 911 1653 ι
936 1632 991 1658 Aut

193 1671 259 1707 quia
286 1670 368 1698 corda
392 1675 457 1698 sunt
483 1671 599 1707 lapidea,
632 1671 823 1700 induratorum
848 1673 990 1710 nimirum,

193 1721 256 1741 eam
288 1713 324 1741 ob
347 1721 408 1742 rem
431 1713 599 1742 credentium
615 1714 697 1742 corda
711 1723 808 1744 carnea
823 1724 883 1745 esse
911 1718 990 1753 dixit,

194 1758 298 1794 quippe
312 1766 373 1795 quae
389 1762 453 1786 sunt
464 1759 575 1795 capacia
585 1760 672 1787 verbi.

228 1803 320 1831 Vsus.
346 1806 404 1838 4,5.
422 1814 435 1828 ι
460 1803 600 1833 Fiduciam
632 1809 725 1833 autem
748 1805 881 1835 habemus
906 1807 990 1836 talem

194 1855 242 1884 per
268 1848 408 1876 Christum
435 1847 471 1877 ad
501 1850 604 1884 Deum,
630 1857 686 1878 non
723 1851 798 1886 quod
821 1851 990 1882 sufﬁcientes

193 1895 281 1924 simus
309 1895 428 1932 cogitare
453 1895 554 1932 aliquid
580 1904 595 1924 a
630 1896 720 1931 nobis,
745 1897 823 1934 quasi
845 1905 878 1927 ex
909 1899 990 1928 nobis

191 1940 266 1976 ipsis.
285 1952 297 1965 ιι
319 1941 390 1976 Quia
409 1941 637 1969 commonstravit
653 1942 763 1970 Novum
781 1943 989 1973 Testamentum

192 1986 294 2013 Vetere
318 1993 378 2014 esse
397 1985 497 2021 majus,
521 1993 693 2022 consequens
711 1991 803 2015 autem
826 1993 885 2016 erat
908 1990 989 2017 retio-

196 2028 294 2063 cinari,
316 2029 390 2064 quod
411 2034 440 2057 et
450 2037 502 2057 nos
520 2030 646 2066 deinceps
670 2031 786 2066 apostoli
805 2032 875 2060 Novi
893 2034 989 2061 Testa-

195 2074 283 2101 menti
308 2073 430 2101 ministri
448 2073 568 2110 majores
594 2083 690 2103 sumus
717 2077 804 2110 Mose,
830 2077 877 2112 qui
901 2078 989 2106 Veteri

193 2119 374 2147 Testamento
411 2118 536 2146 inserviit
567 2129 573 2147 :
601 2119 629 2147 id
655 2124 748 2148 autem
772 2129 902 2157 arrogans
930 2130 989 2151 esse

192 2162 338 2191 videbatur
366 2173 373 2190 :
396 2163 482 2198 Nihil,
519 2164 616 2201 inquit,
642 2169 781 2200 nostrum,
815 2166 863 2194 sed
892 2166 989 2196 ﬁducia

1054 284 1161 324 ἀρετήν.
1181 284 1269 314 Ὥστε
1289 284 1379 321 ἐπειδὴ
1394 286 1464 323 ὑμᾶς
1475 285 1530 324 ἔχω
1549 285 1695 321 ἐπιστολὴν
1720 289 1822 316 συνιστῶ-

1052 329 1102 359 σάν
1132 341 1165 368 με
1190 330 1254 368 πρὸς
1273 330 1386 366 ἄλλους,
1410 331 1441 359 οὗ
1465 329 1560 369 δέομαι
1588 329 1678 359 ἄλλων
1703 331 1821 361 ἐπιστολῶν

1051 376 1117 414 παρ’
1139 375 1214 413 ὑμῶν
1229 375 1267 413 ⁵¹,
1279 373 1322 403 ἴνα
1338 374 1372 403 δι’
1386 374 1492 404 ἐκείνων
1508 376 1648 414 γνωρισθῶ
1662 380 1715 408 τοῖς
1726 376 1822 414 timoris":

1052 430 1097 457 με.
1120 418 1200 448 Ἀλλὰ
1224 419 1268 448 καὶ
1293 418 1387 455 ἐπειδὴ
1410 420 1437 448 ἔν
1516 418 1621 459 διανοίᾳ
1647 418 1697 458 μού
1718 421 1783 458 ἔστε,
1801 422 1821 450 οὗ

1051 464 1145 502 δέομαι
1173 463 1217 493 ἵνα
1247 476 1280 502 με
1305 464 1473 500 συστήσωσιν
1499 464 1575 494 ἄλλοι
1595 464 1666 498 τινὲς
1688 465 1748 504 πρὸς
1761 467 1820 503 ὑμᾶς.

1052 509 1123 549 Πρὸς
1143 508 1195 549 γὰρ
1211 508 1269 542 τοὺς
1296 510 1414 548 ἀγνῶτας
1439 509 1525 539 δεῖταί
1548 521 1587 542 τις
1610 510 1783 548 γραμμάτων,
1801 511 1820 539 οὖ

1049 554 1115 593 πρὸς
1135 553 1195 588 τοὺς
1210 554 1310 587 εἰδότας
1325 564 1332 572 ·
1352 554 1427 592 ὑμεῖς
1442 553 1470 583 δὲ
1486 555 1513 583 ἐν
1588 553 1694 594 διανοίᾳ
1717 554 1761 591 μού
1778 556 1819 583 ἕστε

1050 597 1282 638 ἐγγεγραμμένοι,
1307 597 1376 628 ὥστε
1391 598 1459 637 μηδὲ
1472 599 1617 628 ἀποπεσεῖν
1633 598 1819 629 δύνασθαι.Ἔν-

1048 645 1132 672 ταῧθα
1148 643 1175 672 δὲ
1198 647 1327 683 μαρτυρεῖ
1352 644 1440 677 αὐτοῖς
1468 644 1498 672 οὖ
1522 642 1603 682 μόνον
1631 642 1747 681 ἀγάπην,
1770 643 1820 672 ἀλλὰ

1047 688 1094 717 καὶ
1108 687 1305 727 κατορθώματα
1321 699 1329 706 ·
1344 688 1409 728 εἴγε
1425 688 1512 718 ῑκανοὶ
1534 683 1604 724 ἦσαν
1626 687 1746 717 δεικνύειν
1758 692 1819 716 πᾶσιν

1048 731 1194 772 ἀνθρώποις
1208 735 1253 762 τοῦ
1279 733 1440 762 διδασκάλου
1453 733 1484 763 τὸ
1505 731 1625 770 ἀξίωμα.
1647 733 1709 762 Τῶν
1722 732 1766 772 γὰρ
1780 744 1819 771 μα-

1047 779 1133 814 θητῶν
1146 779 1163 813 ἡ
1177 776 1259 817 ἀρετὴ
1268 799 1276 813 ,
1290 777 1334 806 τὸν
1352 777 1510 807 διδάσκαλον
1526 779 1647 815 κοσμεῖλ

1087 835 1100 849 α
1117 820 1328 861 Φανεροῦμενοι,
1339 821 1379 852 ὅτι
1391 821 1451 852 ἐστὶ
1460 822 1585 858 ἐπιστολὴ
1601 823 1727 861 Χριστοῦ.
1741 822 1818 858 »Πῶς

1046 867 1095 907 Τῷ
1106 867 1151 896 τὸν
1165 867 1245 905 νόμον
1267 868 1313 896 τοῦ
1333 867 1472 905 Χριστοῦ,
1496 866 1542 896 καὶ
1561 866 1610 900 τὰς
1626 865 1728 899 ἐντολὰς
1745 867 1817 898 αὐτοῦ.

1045 911 1213 952 γραμμάτων
1224 911 1301 948 δίκην
1314 913 1401 950 μένειν
1413 910 1476 951 παρ’
1493 913 1554 950 ὓμῖν
1568 911 1618 941 καὶ
1635 911 1802 952 φυλάττεσθαι.

1092 1010 1108 1029 α
1123 1001 1315 1035 Διακονηθιῖσα
1337 1000 1381 1040 ὑφ’
1394 1001 1472 1038 ἡμῶν
1483 1022 1491 1037 ,
1519 999 1721 1039 ἐγγεγραμμένη
1742 1001 1767 1029 οὔ
1783 998 1818 1037 μέ-

1047 1045 1122 1081 λανι,
1138 1044 1207 1074 ἀλλὰ
1231 1044 1372 1083 Πνεύματι
1386 1045 1457 1074 Θεοῦ
1472 1046 1582 1081 ζῶντος,
1598 1047 1648 1074 οὐκ
1664 1045 1689 1074 ἐν
1703 1043 1775 1078 πλαῇ
1786 1046 1817 1073 λι-

1048 1088 1143 1126 Θίναις,
1167 1089 1226 1118 ἀλλ’
1243 1090 1270 1119 ἐν
1291 1088 1372 1123 πλαξὶ
1398 1088 1507 1129 καρδίας
1532 1089 1682 1128 σαρκίναις.
1710 1099 1725 1117 n
1749 1088 1816 1129 Ἀρορ·

1049 1135 1101 1173 μῆς
1124 1133 1285 1174 δραξάμενος
1309 1135 1355 1163 τοῦ
1381 1133 1426 1163 τὸν
1450 1134 1530 1172 νόμον
1557 1138 1699 1174 συγκρῖναι
1721 1134 1777 1172 πρὸς
1797 1134 1818 1162 τὸ

1049 1178 1226 1218 Εὐαγγέλιον,
1242 1179 1355 1218 ἄρχεται
1369 1179 1502 1214 ἐντεῦθεν,
1514 1178 1561 1208 καί
1573 1190 1666 1218 φησιν,
1682 1179 1719 1207 ὅτι
1732 1177 1818 1217 Ὥσπερ

1049 1226 1063 1254 ὁ
1092 1225 1193 1259 Μωσῆς
1223 1223 1341 1257 διάκονος
1367 1225 1416 1253 τοῦ
1443 1223 1524 1262 νόμου
1549 1224 1670 1262 ἐγένετο,
1699 1222 1761 1252 οὕτω
1785 1222 1817 1251 ui

1049 1271 1125 1307 ἡμεῖς
1147 1270 1194 1304 τῆς
1210 1269 1339 1309 ὑμετέρας
1361 1269 1397 1302 εἰς
1410 1268 1440 1298 τὸ
1463 1268 1589 1308 κήρυγμα
1615 1268 1727 1301 πίστεως
1747 1266 1818 1296 διάκο-

1048 1328 1087 1346 νοι
1102 1313 1244 1354 ἐγενόμεθα
1259 1324 1266 1332 ·
1280 1313 1327 1343 καὶ
1348 1313 1439 1352 ὥσπερ
1459 1314 1556 1346 ἐκεῖνος
1578 1312 1628 1346 τὰς
1652 1313 1750 1345 πλάκας
1771 1311 1817 1340 ἐλά-

1049 1361 1155 1397 ξευσεν,
1171 1358 1240 1388 οὕτω
1263 1359 1308 1387 καὶ
1332 1360 1409 1396 ἡμεῖς
1426 1357 1474 1391 τὰς
1494 1356 1627 1397 ὑμετέρας
1650 1357 1761 1396 καρδίας.
1779 1356 1818 1386 Καὶ

1049 1408 1063 1436 ὁ
1078 1406 1126 1445 μὲν
1141 1404 1220 1442 νόμος
1246 1402 1340 1441 μέλανι
1367 1401 1468 1442 ἐγράφη
1482 1413 1489 1421 ι
1516 1402 1546 1431 τὸ
1572 1402 1600 1431 δὲ
1629 1402 1782 1445 Εὗξγγέλιον
1798 1402 1817 1429 ἐν
1854 1412 1855 1416 ‘

1049 1442 1111 1490 ὗμῖν
1153 1448 1292 1486 Πνεύματι
1326 1446 1485 1488 γέγραπται.
1522 1446 1604 1485 Ὀσῳ
1649 1442 1693 1475 οὖν
1724 1445 1818 1485 ὃιαρέριι
1854 1459 1855 1490 γ

1049 1497 1163 1533 Πνεῦμα
1183 1492 1309 1530 μέλανος,
1333 1492 1378 1521 καὶ
1401 1491 1499 1532 καρδία
1515 1493 1607 1526 λίθου,
1624 1491 1739 1530 τοσούτῳ
1757 1490 1815 1524 καὶῆ

1046 1539 1131 1575 Καινὴ
1155 1540 1201 1568 τοῦ
1223 1538 1313 1576 νόμου.
1329 1536 1369 1567 Τὸ
1383 1537 1426 1574 δὲ,
1443 1547 1459 1566 α
1481 1536 1529 1567 Ἐν
1551 1536 1636 1571 πλαξὶ
1657 1536 1758 1576 καρδίας
1770 1546 1817 1573 σαρ-

571 1594 584 1607 ι
610 1582 706 1610 deinde
733 1583 823 1619 adjice
837 1584 913 1620 quod
940 1593 989 1621 per

1050 1587 1146 1620 ιίναις,
1161 1594 1175 1612 n
1194 1582 1277 1616 οὕτως
1299 1580 1431 1621 ἀνάγνωθι
1456 1581 1518 1610 καθ’
1547 1582 1697 1621 ὗπερϐατόν
1713 1592 1720 1599 ·
1750 1591 1763 1608 «
1781 1578 1815 1608 Ἐν

1045 1629 1126 1664 πλαξὶ
1163 1627 1300 1668 σαρκίναις
1325 1637 1332 1645 ·
1367 1636 1383 1656 n
1415 1621 1473 1656 εἶτα
1501 1625 1544 1655 διὰ
1577 1627 1675 1664 μέσου,
1703 1623 1816 1657 τουτέστι,

1050 1687 1064 1705 ο
1081 1673 1210 1714 Καρδίας.
1225 1683 1240 1701 n
1259 1671 1299 1702 Ἢ
1321 1671 1367 1700 καὶ
1393 1670 1483 1706 ἐπειδὴ
1502 1670 1612 1711 καρδίαι
1634 1671 1683 1701 εἰσὶ
1697 1670 1781 1700 λίθιναι
1797 1669 1816 1696 αἱ

1043 1721 1095 1749 τῶν
1110 1716 1315 1758 πεπωρωμένων
1327 1738 1335 1752 ,
1351 1714 1393 1745 διὰ
1413 1718 1491 1745 τοῦτο
1513 1715 1561 1748 τὰς
1575 1718 1630 1745 τῶν
1649 1716 1745 1745 πιστῶν
1762 1724 1814 1752 καρ-

1043 1765 1100 1799 δίας
1114 1755 1240 1803 σαρκίνας
1259 1755 1330 1790 εἶπεν
1340 1783 1349 1799 ,
1364 1761 1400 1793 ὡς
1415 1759 1536 1794 δεκτικὰς
1550 1762 1596 1790 τοῦ
1610 1759 1698 1800 λόγου.

1084 1823 1096 1836 α
1113 1802 1278 1842 Πεποίθησιν
1295 1806 1322 1834 δὲ
1337 1803 1461 1840 τοιαύτην
1477 1804 1574 1844 ἔχομεν
1590 1805 1636 1834 διὰ
1657 1806 1702 1834 τοῦ
1721 1802 1814 1842 Χριστοῦ
1854 1802 1855 1837 ἒ

1042 1853 1109 1894 πρὸς
1120 1853 1163 1883 τὸν
1176 1850 1246 1882 Θεόν
1262 1860 1270 1868 ·
1288 1850 1338 1890 οὖχ
1356 1848 1397 1879 ὅτι
1410 1849 1496 1879 ἱκανοί
1511 1850 1599 1894 γέσμεν
1614 1850 1660 1889 ἐφ’
1675 1850 1767 1894 ἑαυτῷν
1779 1847 1813 1894 lo-

1041 1891 1166 1937 γίσασοαί
1180 1909 1226 1934 τι,
1244 1897 1279 1929 ὡς
1300 1894 1327 1928 ἐξ
1347 1895 1459 1923 ἑαυτῶν.
1478 1907 1490 1920 ι
1511 1893 1623 1926 Ἐπειδὴ
1641 1891 1760 1937 ἔδειξε-τὰ
1779 1891 1813 1924 τῆς

1042 1932 1113 1976 Νέας
1129 1943 1210 1981 μείζω
1219 1932 1275 1970 τῶν
1291 1941 1338 1975 τῆς
1350 1939 1477 1972 Παλαιᾶς
1497 1949 1504 1957 θ
1520 1939 1664 1968 ἀκόλουθον
1680 1937 1706 1967 δὲ
1720 1932 1749 1973 ἦν
1764 1935 1812 1981 συλξ

1041 1979 1214 2026 λογίσασθαι,
1235 1985 1276 2014 ὅτι
1301 1983 1355 2014 Καὶ
1377 1986 1454 2021 ἡμεῖς
1476 1984 1568 2014 λοιπὸν
1593 1985 1617 2013 οἱ
1643 1979 1813 2026 ἆπόστολοι,οἷ

1042 2025 1157 2063 διάκονοι
1172 2033 1221 2067 τῆς
1237 2028 1320 2065 Νέας,
1338 2028 1455 2068 μείζονές
1469 2030 1549 2065 ἐσμεν
1565 2029 1687 2061 Μωσέως
1698 2051 1706 2065 ,
1719 2027 1760 2055 τοῦ
1773 2025 1813 2053 δια-

1042 2077 1202 2113 κονήσαντος
1277 2074 1396 2113 Παλαιᾷ·
1419 2073 1505 2102 ἐδόκει
1519 2072 1546 2102 δὲ
1561 2076 1640 2102 τοῦτο
1663 2069 1813 2106 ἀλαζονείας·

1042 2121 1131 2162 φησὶν,
1146 2121 1186 2150 ὅτι
1201 2119 1286 2150 Οὐδὲν
1302 2118 1446 2158 ἡμέτερον,
1465 2117 1523 2147 ἀλλ’
1537 2119 1555 2153 ἡ
1569 2118 1724 2153 πεποίθησις
1741 2114 1810 2162 ἡμξῦνι

1041 2159 1159 2196 τουτέστι
1188 2165 1218 2194 τὸ
1243 2163 1373 2203 καύχημα
1400 2164 1491 2201 ἡμῶν,
1520 2163 1563 2192 διὰ
1579 2165 1625 2192 τοῦ
1643 2163 1751 2202 Χριστοῦ
1771 2159 1812 2203 ἐστι

194 2211 300 2241 nostra,
326 2207 354 2236 id
366 2212 407 2236 est
433 2208 560 2245 gloriatio
584 2213 686 2243 nostra,
712 2218 761 2246 per
781 2210 921 2239 Christum
944 2217 986 2241 est

1050 2211 1108 2251 πρὸς
1123 2211 1166 2241 τὸν
1187 2209 1266 2240 Θεόν.
1292 2202 1327 2239 Ὅ
1350 2207 1402 2248 γὰρ
1426 2207 1541 2248 Χριστὸς
1563 2208 1646 2242 αἴτιος
1664 2202 1810 2252 inissa?“

193 2252 229 2281 ad
245 2254 345 2282 Deum.
372 2252 495 2282 Christus
518 2253 593 2282 enim
606 2254 686 2283 nobis
702 2259 744 2283 est
757 2255 784 2283 in
797 2263 882 2284 causa
895 2264 943 2285 cur
958 2257 985 2285 in

192 2297 253 2325 Deo
277 2297 437 2334 gloriemur,
467 2297 590 2334 nihilque
622 2299 700 2335 plane
725 2304 850 2329 nostrum
873 2305 924 2335 est,
952 2309 986 2331 ne

192 2342 339 2370 minimum
365 2341 488 2378 quidem.
508 2344 569 2371 Hoc
594 2344 667 2372 enim
685 2343 797 2379 indicat,
817 2353 882 2374 cum
909 2346 949 2374 ait
976 2356 984 2375 :

195 2397 209 2411 ι
229 2388 292 2415 Non
321 2394 417 2415 sumus
439 2387 607 2416 sufﬁcientes
628 2388 746 2425 cogitare
781 2390 884 2426 aliquid
909 2391 991 2420 veluti

192 2438 227 2459 ex
242 2431 400 2467 nobisipsis.
412 2443 426 2456 ιι

230 2476 315 2504 Vnns.
343 2478 370 2504 6.
396 2488 408 2500 ι
429 2475 481 2504 Sed
509 2476 673 2507 sufﬁcientia
696 2483 791 2507 nostra
806 2487 839 2507 ex
861 2481 921 2508 Deo
937 2485 987 2515 est,

199 2520 244 2557 qui
257 2525 284 2548 et
298 2528 349 2549 nos
358 2520 472 2550 idoneos
479 2521 541 2550 fecit
552 2522 692 2551 ministros
706 2524 964 2553 NoviTestamenti.
976 2537 988 2550 ιι

194 2565 332 2601 Potentia,
359 2566 459 2602 inquit,
487 2571 579 2595 nostra
599 2575 632 2595 ex
657 2569 717 2596 Deo
744 2572 786 2596 est
812 2578 819 2597 :
844 2569 902 2605 ipse
916 2569 988 2598 enim

194 2611 314 2640 idoneos
336 2619 388 2640 nos
413 2611 542 2647 reddidit,
570 2611 623 2640 hoc
643 2617 686 2641 est
707 2613 859 2649 roboravit,
874 2615 991 2644 idoneos

191 2655 257 2685 fecit
269 2657 413 2686 ministros
425 2665 535 2695 magnae
544 2666 577 2687 ac
583 2658 684 2688 divina;
697 2659 812 2697 hujusce
826 2660 876 2693 rei,
892 2667 991 2696 nempe

191 2702 261 2731 Novi
281 2703 456 2732 Testamenti.

1041 2247 1103 2296 θεῷ
1114 2257 1281 2299 καυχᾶσθαι,
1297 2253 1343 2283 καὶ
1359 2252 1432 2299 οὐδὲν
1447 2247 1590 2299 ᾗμέτερον,
1614 2251 1673 2281 οὐδὲ
1693 2247 1808 2299 soi-Mx:-

1040 2294 1113 2330 στον.
1138 2294 1223 2330 Τοῦτο
1247 2298 1299 2338 γὰρ
1326 2297 1402 2335 δηλοῖ
1424 2296 1467 2326 διὰ
1492 2299 1537 2327 τοῦ
1554 2298 1638 2327 εἰπεῖν
1653 2309 1659 2316 ·
1686 2309 1699 2323 ι
1714 2294 1750 2325 Οὔ
1770 2294 1809 2328 γάρ

1040 2346 1119 2384 ἐσμεν
1133 2343 1220 2374 ἱκανοὶ
1233 2341 1390 2384 λογίσασθαί
1404 2354 1430 2372 τι
1444 2344 1479 2377 ὥς
1494 2341 1521 2377 ἐξ
1533 2343 1646 2373 ἑαυτῶν.
1662 2353 1676 2372 ν

1085 2487 1101 2504 α
1117 2474 1188 2505 Ἀλλ’
1212 2476 1230 2510 ἡ
1253 2473 1376 2511 ἱκανότης
1401 2475 1478 2513 ἡμῶν
1502 2475 1533 2504 ἐκ
1557 2476 1603 2504 τοῦ
1631 2474 1714 2510 Θεοῦ,
1734 2471 1757 2503 ὃς
1775 2466 1808 2513 καῖ

1043 2521 1172 2551 ἱκάνωσεν
1198 2523 1270 2559 ἡμᾶς
1298 2512 1431 2553 διακόνους
1457 2521 1558 2555 Καινῆς
1585 2518 1723 2555 Διαθήκης.
1746 2526 1758 2544 υ
1783 2512 1808 2559 ᾟ

1044 2565 1171 2604 δύναμις,
1190 2556 1282 2605 φήσὶν,
1299 2566 1376 2603 ἡμῶν
1392 2565 1422 2594 ἐκ
1434 2564 1504 2594 Θεοῦ
1520 2565 1590 2593 ἐστιν
1602 2575 1609 2582 ·
1625 2563 1698 2596 αὒτὸς
1709 2560 1752 2600 γὰρ
1762 2556 1807 2605 ίξιά·

1044 2622 1127 2641 νωσεν
1150 2613 1239 2649 ἡμᾶς,
1267 2609 1402 2639 τουτέστιν
1436 2608 1648 2647 ἐνεδυνάμωσεν,
1675 2601 1808 2649 immisti?“

1044 2645 1187 2695 εἰργάσατο
1208 2645 1344 2688 διακόνους
1371 2657 1418 2684 τοῦ
1443 2645 1561 2693 μεγάλου
1587 2645 1678 2684 τούτου
1696 2650 1738 2682 καὶ
1755 2645 1806 2677 θείαν

1043 2700 1204 2741 πράγματος
1218 2702 1266 2738 τῆς
1282 2701 1385 2737 Καινῆς
1403 2699 1550 2737 Διαθήκης.

886 2785 980 2816 Variae
1001 2786 1152 2818 lectiones.

229 2829 251 2847 ⁸¹
267 2829 327 2865 πρὸς
337 2828 402 2866 ὕμᾶς
419 2838 447 2858 o.
