1867 3081
52 177 105 204 829

96 249 110 267 (ι
124 239 168 268 Οὖ
185 239 359 279 γράμματος,
373 240 443 270 ἀλλὰ
456 241 622 280 Πνεύματος.
640 253 655 269 ιι
675 241 731 272 Καὶ
746 243 760 270 ὁ
775 241 852 279 νόμος
867 245 894 276 Α

51 284 98 321 μὲν
116 285 301 322 πνευματικὸς
324 281 356 320 ἧν
369 308 377 323 ,
394 285 544 322 τουτέστιν,
566 286 617 315 ὑπὸ
634 286 790 324 Πνεύματος
809 287 853 316 δο-

50 327 99 370 θείς
115 340 121 346 ι
139 329 171 357 οὖ
190 329 247 366 μὴν
264 331 374 368 Πνεῦμα
399 330 535 370 ἐχορήγει,
557 333 592 364 ὡς
611 333 627 366 ἡ
653 331 752 366 Καινή.
766 333 853 361 Τοῦτο

50 367 92 401 οὖν
105 372 194 410 λέγει¹
213 373 254 402 ὅτι
270 373 365 411 Ἡμεῖς
379 388 389 400 ιι
404 376 433 404 οὐ
451 375 609 414 γράμματος
623 388 634 401 »
648 376 850 412 ἐπιστεύθημεν,

48 418 82 449 ὣς
90 418 103 445 ὁ
114 418 237 454 Μωσῆς,
251 431 262 444 ι
272 418 341 447 ἀλλὰ
354 419 510 457 Πνεύματος
519 434 529 445 ιι
542 420 682 459 χορηγίαν.
700 420 752 450 Καὶ
764 419 815 460 γὰρ
824 421 852 449 οὗ

51 461 128 499 μόνον
146 462 321 501 πνευματικὰ
335 463 380 493 καὶ
395 464 420 483 ⁵³
433 466 490 493 θεῖα
501 465 638 494 ἐδίδασκον
655 466 679 493 οἱ
701 465 852 501 ἀπόστολοι,

50 506 118 534 ἀλλὰ
129 506 176 535 καὶ
188 507 238 541 τὰς
248 509 340 548 χεῖρας
353 508 511 542 ἐπιτιθέντες
521 531 528 544 ,
549 511 659 547 ΙΙνεῖῖμα
678 509 808 538 ἐδίδοσαν.

91 564 103 576 ιι
131 552 174 581 Τὸ
197 551 251 591 γὰρ
279 553 392 591 γράμμα
423 553 594 591 ἀποκτείνει,
622 553 652 583 τὸ
685 554 711 583 δὲ
739 555 850 591 Πνεῦμα

48 596 181 628 ζωοποιεῖ.
205 610 217 622 η
248 596 283 627 ⁸0
297 597 394 637 νόμος,
412 598 508 637 φησὶν,
531 598 576 627 ἐὰν
601 598 670 638 λάϐῃ
687 598 745 627 τινὰ
761 599 850 638 ἁμαρ-

49 639 126 668 τόντα
140 641 215 669 κατὰ
238 640 267 670 τὸ
283 642 373 671 δοκοῦν
393 642 548 682 ἐλάχιστον,
571 644 605 675 ὡς
621 644 665 672 τὸν
688 643 721 672 τὰ
739 642 801 676 ξύλα
823 644 849 671 ἐν

49 683 187 724 Σαϐϐάτῳ
205 685 387 722 συλλέξαντα,
405 688 507 727 ἀναιρεῖ
523 698 530 705 '
547 687 576 716 τὸ
591 686 618 716 δὲ
636 687 708 727 ἅγιον
729 689 849 726 Πνεῦμα,

49 727 105 762 τοὺς
135 730 222 769 μυρία
249 730 320 760 κακὰ
345 732 611 770 πεπλημμεληκότας
638 731 848 771 ὑποδεχόμενον,

49 773 73 801 ἐν
134 774 315 814 κολυμϐήθρᾳ
335 778 380 805 τοῦ
398 776 584 816 βαπτίσματος
609 777 722 813 δικαιοῖ,
749 777 793 805 καὶ
809 788 849 805 νε-

49 818 229 857 νικρωμένους
246 822 278 859 τῇ
295 819 414 860 ἁμαρτίᾳ
430 822 563 854 ζωοποιεῖ.

91 872 105 890 (ι
120 863 152 892 Εἰ
167 863 195 892 δὲ
217 865 236 899 ἡ
255 865 374 894 διακονία
389 868 435 894 τοῦ
456 865 570 895 θανάτου
587 866 613 894 ἐν
631 865 788 906 γράμμασιν
805 866 848 894 ἐν-

499 178 674 207 EXPOSITIO
695 178 727 207 IN
746 178 850 207 EPIST.
871 178 892 206 ll
911 179 958 207 AD
977 179 1055 208 COR.
1077 195 1111 200 —
1130 180 1206 208 CAP.
1226 181 1270 208 Ill.

1653 181 1706 210 880

947 253 959 266 ι
980 243 1043 270 Non
1059 242 1166 277 litteras,
1181 241 1228 270 sed
1243 242 1372 278 Spiritus.
1395 253 1408 266 υ
1423 243 1481 270 Lex
1495 241 1610 278 quidem
1624 242 1706 279 spiri-

906 287 990 314 tualis
1014 291 1065 320 est,
1090 287 1142 314 hoc
1165 290 1207 314 est
1238 295 1252 314 a
1271 287 1373 322 Spiritu
1396 285 1459 314 data
1494 296 1503 314 :
1528 295 1586 315 non
1609 291 1704 315 tamen

905 331 1039 366 Spiritum
1050 331 1253 367 suppeditabat,
1267 336 1298 358 ut
1311 332 1432 358 Novum.
1446 332 1507 358 Hoc
1518 331 1603 366 igitur
1614 331 1680 360 dicit
1694 341 1702 360 :

906 376 991 403 Nobis
1006 384 1062 403 non
1078 375 1176 404 litterae
1190 376 1262 403 sicut
1285 376 1386 412 Moysi,
1408 375 1458 404 sed
1470 375 1588 411 Spiritus
1602 383 1704 412 suppe-

905 419 1002 447 ditatio
1012 421 1161 448 commissa
1174 425 1223 449 est.
1238 421 1347 448 Etenim
1360 428 1416 448 non
1428 423 1537 447 tantum
1552 419 1702 455 spiritualia

905 469 933 491 et
955 464 1046 492 divina
1071 465 1208 493 docebant
1233 465 1362 501 apostoli,
1386 465 1567 493 verumetiam
1587 472 1702 493 manum

904 509 1090 545 imponentes,
1106 510 1239 546 Spiritum
1256 510 1368 538 dabant.

943 563 956 579 «
970 554 1071 582 Littera
1082 555 1156 583 enim
1173 554 1282 588 occidit,
1298 554 1417 590 Spiritus
1429 558 1525 582 autem
1540 553 1670 582 viviﬁcat.
1685 565 1700 579 »

904 598 971 632 Lex,
999 599 1098 635 inquit,
1123 600 1145 627 si
1167 600 1305 636 acceperit
1332 599 1490 635 quempiam
1525 602 1698 635 peccantem,

903 643 985 670 etiam
1011 644 1039 671 in
1065 652 1098 672 eo
1119 644 1194 680 quod
1210 644 1358 672 minimum
1383 643 1532 677 videretur,
1550 643 1632 671 veluti
1654 643 1700 679 qui

903 687 930 714 iu
958 688 1077 716 Sabbato
1100 689 1171 724 ligna
1192 688 1354 725 collegisset,
1377 697 1441 716 eum
1465 688 1537 716 tollit
1556 696 1571 716 e
1594 688 1699 716 medio.

903 732 1020 767 Spiritus
1043 738 1138 760 autem
1163 738 1272 761 sanctus
1295 741 1342 761 eos
1369 733 1414 769 qui
1433 733 1579 761 innumera
1601 733 1700 768 ﬂagitia

902 777 1102 805 commiserunt
1136 778 1296 813 suscipiens,
1327 778 1357 805 in
1389 778 1495 806 lavacro
1526 777 1700 814 baptismatis

898 820 1032 856 justiﬁcat
1048 826 1225 858 mortuosque
1239 826 1352 858 peccato
1366 822 1494 850 viviﬁcat.

939 865 1024 902 258
1031 868 1119 894 Vens.
1129 870 1154 894 7.
1171 876 1185 893 ι(
1196 867 1277 902 Quod
1287 867 1310 894 si
1319 867 1486 895 ministratio
1497 866 1698 895 mortislitteris

48 907 223 945 τετυπωμένη
240 909 267 937 ἐν
283 909 363 942 λίθοις
388 910 496 949 ἐγενήθη
515 913 541 940 ἐν
566 910 640 949 δόξῃ,
662 923 676 938 ι)
694 910 805 944 Διδάξας
821 911 846 938 ἐν
861 909 884 940 Β

938 910 1052 938 formata
1064 911 1092 938 in
1115 911 1252 947 lapidibus
1272 911 1325 939 fuit
1349 911 1377 939 in
1401 911 1500 947 gloria.
1526 913 1595 940 Cum
1615 919 1698 947 supra

50 953 99 984 τοῖς
113 952 169 981 ἄνω
180 953 230 988 τὴν
242 954 371 993 διαφορὰν
385 957 432 990 τῆς
448 954 518 988 Νέας
528 957 563 989 ὡς
575 957 639 994 πρὸς
653 955 701 991 τὴν
714 954 848 992 Παλαιὰν,

49 997 83 1034 τῷ
99 996 201 1032 ἐκείνην
231 998 280 1037 μὲν
297 1000 322 1028 ἐν
344 998 459 1036 μέλανι,
484 1000 583 1036 ταύτην
607 999 633 1029 δὲ
661 1000 686 1029 ἐν
707 1000 850 1037 Πνεύματι

50 1041 191 1081 γεγράφθαι
214 1054 221 1061 ·
242 1043 368 1079 κάκείνην
393 1044 418 1072 ἐν
442 1044 538 1079 λίθοις,
560 1044 660 1080 ταύτην
684 1044 711 1074 δὲ
736 1046 762 1074 ἐν
781 1055 848 1083 καρ-

51 1085 112 1118 δίαις
141 1098 148 1104 ·
177 1087 225 1116 καὶ
261 1088 426 1117 ἀποκτείνειν
453 1087 501 1126 μὲν
537 1089 655 1125 ἐκείνην,
688 1089 789 1124 ταύτην
821 1088 847 1118 δὲ

52 1131 180 1163 ζωοποιεῖν
196 1143 204 1150 ⁸
221 1135 267 1161 νῦν
290 1132 414 1170 βούλεται
437 1133 537 1169 δεῖξαι,
552 1133 592 1163 ὅτι
614 1134 660 1163 καὶ
675 1137 691 1170 ἡ
714 1134 776 1168 δόξα
801 1136 846 1162 τοῦ

51 1174 210 1214 Εὖαγγελίου
225 1176 335 1214 μείζων.
354 1177 433 1207 Ἐπεὶ
455 1177 482 1207 δὲ
503 1180 516 1207 ὁ
534 1178 612 1215 νόμος
628 1178 756 1213 αἰσθητὴν
771 1178 846 1212 δόξαν

52 1218 109 1258 ἔσχε
120 1242 127 1255 ,
140 1220 186 1256 τὴν
203 1224 250 1251 τοῦ
263 1221 406 1260 προσώπου
422 1223 549 1256 Μωσέως·
562 1226 576 1259 ἡ
589 1223 616 1252 δὲ
630 1224 728 1259 Καινὴ,
739 1223 845 1259 νοητὴν,

52 1263 80 1297 ἣν
94 1265 175 1298 οὐδεὶς
192 1266 326 1301 αἰσθητῶς
339 1269 388 1306 ὁρᾷ
405 1278 412 1285 ·
434 1267 487 1296 ἀπὸ
502 1268 630 1307 λογισμοῦ
653 1268 679 1287 ⁵³
700 1268 747 1303 τὴν
764 1269 845 1308 ὓπερ-

53 1307 111 1347 οχὴν
127 1311 172 1345 τῆς
193 1313 240 1339 τοΐι⁵
261 1311 423 1350 Εὐαγγελίου
445 1311 518 1348 δόξης
541 1312 674 1348 δείκνυσι,
691 1311 736 1341 καί
753 1324 844 1352 φησιν,

52 1351 88 1380 ὅτι
110 1354 123 1382 ὁ
146 1353 225 1392 νόμος
264 1355 382 1388 διάκονος
412 1352 443 1392 ἦν
472 1355 595 1387 θανάτου.
625 1358 684 1387 Οὖκ
714 1351 771 1386 εἷπε
801 1358 844 1393 δὲ,

54 1396 200 1434 Ποιητικὸς,
216 1398 262 1428 ἵνα
288 1399 325 1438 μὴ
347 1401 384 1440 δῷ
409 1400 499 1440 χώραν
520 1405 574 1435 τοῖς
590 1401 748 1440 αἱρετικοῖς,
772 1403 842 1438 ἀλλ’,

54 1440 200 1487 ”ξ“πουργός.
227 1443 266 1473 Ἦ
290 1444 341 1485 γὰρ
365 1445 483 1485 ἁμαρτία
510 1441 541 1481 ἦν
563 1445 690 1482 ποιητικὴ
715 1446 844 1482 θανάτου,

54 1488 118 1519 οὗτος
138 1487 166 1531 ἑὲ
189 1489 236 1524 τὴν
256 1489 365 1519 κόλασιν
391 1491 499 1528 ἐπῆγεν.
519 1490 599 1520 Ἀλλὰ
628 1490 673 1520 καὶ
696 1491 844 1531 γράμματα

54 1530 114 1567 μόνα
137 1527 184 1568 ἦν,
209 1534 239 1562 οὐ
264 1534 387 1572 βοήθειάν
406 1546 465 1564 τινα
489 1534 617 1575 παρέχων
642 1540 695 1568 τοῖς
716 1537 844 1574 ἀγωνιζο-

903 953 1042 983 docuisset
1065 956 1216 984 discrimen
1239 956 1309 984 Novi
1335 961 1362 984 et
1383 955 1490 984 Veteris
1517 956 1697 990 Testamenti,

902 999 979 1034 quod
993 999 1059 1028 illud
1074 1000 1183 1036 quidem
1196 1005 1360 1035 atramento,
1374 1001 1428 1029 hoc
1439 1008 1502 1028 vero
1517 1000 1620 1036 Spiritu
1629 1001 1696 1029 scri-

902 1043 995 1072 bitur:
1010 1050 1037 1072 et
1049 1045 1114 1073 illud
1125 1045 1239 1081 quidem
1254 1046 1282 1073 in
1294 1046 1438 1081 lapidibus,
1453 1045 1505 1074 hoc
1519 1054 1583 1074 vero
1598 1045 1624 1073 in
1637 1053 1698 1074 cor-

901 1088 982 1116 dibus
999 1090 1135 1118 scribatur
1158 1099 1164 1118 :
1181 1094 1242 1118 tum
1262 1091 1335 1126 quod
1350 1091 1416 1119 illud
1430 1091 1546 1125 occidat,
1567 1090 1621 1118 hoc
1634 1098 1698 1119 vero

901 1133 1033 1162 viviﬁcet:
1056 1143 1129 1163 nunc
1143 1135 1286 1163 ostendere
1309 1135 1378 1169 vult,
1395 1135 1468 1171 quod
1483 1136 1568 1171 gloria
1588 1143 1697 1172 quoque

901 1179 1038 1214 Evangelii
1055 1180 1142 1216 maior
1160 1180 1204 1208 sit.
1219 1180 1288 1215 Quia
1304 1189 1367 1208 vero
1387 1181 1429 1208 lex
1451 1181 1564 1216 gloriam
1580 1181 1698 1209 sensibi-

901 1224 955 1250 lrm
971 1223 1075 1258 habuit,
1088 1225 1163 1252 illam
1185 1226 1288 1253 scilicet
1301 1233 1363 1261 qua:
1383 1226 1413 1253 in
1428 1226 1504 1253 vultu
1518 1225 1604 1254 Mosis
1622 1226 1696 1254 reni-

898 1268 990 1302 tebat,
1018 1269 1128 1297 Novum
1144 1277 1208 1297 vero
1232 1271 1440 1298 Testamentum
1470 1270 1694 1306 intellectualem,

899 1320 982 1348 quam
997 1321 1080 1341 nemo
1097 1314 1260 1342 sensibiliter
1275 1314 1366 1349 videt;
1386 1323 1402 1343 a
1417 1315 1629 1343 ratiocinatione
1652 1323 1697 1343 ex-

898 1357 1050 1385 cellentiam
1087 1359 1250 1394 evangelica:
1283 1359 1376 1394 gloria:
1403 1359 1533 1393 ostendit,
1559 1359 1694 1395 inquiens,

900 1403 955 1429 Lex
975 1402 1102 1430 ministra
1116 1407 1174 1431 erat
1189 1404 1293 1432 mortis.
1315 1406 1379 1432 Non
1391 1404 1459 1432 dixit
1473 1408 1566 1432 autem
1588 1404 1694 1432 Factrix

898 1446 1006 1480 mortis,
1019 1454 1053 1475 ne
1068 1447 1117 1475 det
1130 1448 1222 1475 locum
1236 1448 1381 1482 haereticis,
1397 1448 1456 1483 sed,
1473 1448 1611 1484 Adjutrix.
1627 1450 1694 1477 Pec-

896 1494 988 1518 catum
1006 1500 1126 1528 namque
1140 1498 1258 1521 mortem
1269 1493 1401 1526 faciebat;
1420 1493 1463 1522 lex
1478 1498 1569 1521 autem
1581 1502 1694 1530 poenam

897 1534 1015 1564 induxit.
1045 1537 1182 1564 Praeterea
1206 1538 1303 1566 littera:
1335 1542 1443 1566 tantum
1472 1539 1513 1565 lex
1545 1537 1608 1573 fuit,
1639 1547 1694 1567 non

55 1575 143 1612 μένοις,
159 1576 223 1617 ὅπερ
239 1578 286 1607 ἐπὶ
301 1582 347 1608 τοῦ
364 1579 550 1618 βαπτίσματος
574 1580 694 1619 γίνεται,
708 1581 777 1610 ἀλλὰ
795 1580 840 1610 καὶ
859 1588 882 1618 α

937 1581 1028 1608 xilium
1045 1586 1180 1617 praestans
1194 1583 1374 1615 certantibus.
1395 1583 1468 1619 quod
1491 1584 1520 1610 lit
1541 1583 1569 1611 iu
1592 1583 1695 1620 baptis-

71 1619 76 1630 ι
204 1623 210 1631 I
282 1623 289 1631 ς
324 1623 335 1643 ζ
389 1623 396 1634 /
509 1625 516 1636 ε
562 1625 573 1634 σι
638 1624 645 1634 r
727 1625 734 1635 π
750 1626 758 1632 ν
820 1625 825 1634 μ

54 1631 94 1653 τας
116 1633 243 1662 τιμωριας
275 1625 477 1657 ανεςαλειπτους
507 1636 694 1654 ιποοεικνυων.
737 1626 773 1654 LV
800 1627 840 1654 λι-

54 1666 98 1697 θοις
116 1666 174 1705 γὰρ,
200 1667 300 1706 φησὶν,
331 1669 531 1707 ἐντετυπωμένη
556 1665 589 1705 ἧν
618 1672 634 1705 ἡ
651 1670 771 1699 διακονία
796 1672 841 1699 τοῦ

54 1710 155 1740 θανάτου
167 1711 247 1748 αὕτη.
265 1713 297 1742 Εἰ
311 1712 398 1742 τοίνυν
414 1715 428 1742 ὁ
443 1714 522 1752 νόμος
537 1716 650 1747 τοιοῦτος
665 1713 715 1753 ὢν,
730 1714 840 1752 ἐγενήθη

52 1754 75 1781 ἐν
99 1755 169 1795 δόξῃ,
211 1756 289 1796 πόσῳ
317 1759 419 1796 μᾶλλον
445 1760 463 1794 ἡ
500 1758 593 1798 χάρις,
622 1761 639 1794 ἡ
676 1760 840 1799 ἀσυγκρίτως

54 1799 227 1840 amt-pm;

91 1856 105 1873 α
117 1844 201 1876 ’Ὥστε
226 1846 264 1884 μὴ
282 1846 411 1877 δύνασθαι
427 1847 544 1878 ἀτενίσαι
559 1847 620 1881 τοὺς
640 1847 710 1881 υἱοὺς
727 1848 839 1888 Ἰσραὴλ

54 1889 85 1921 εἷς
101 1891 127 1919 τὸ
149 1891 292 1932 πρόσωπον
315 1892 449 1929 Μωσέως,
470 1892 513 1922 διὰ
536 1891 583 1928 τὴν
605 1892 680 1927 δόξαν
697 1895 741 1922 τοῦ
757 1905 839 1932 προσ-

53 1932 116 1963 ώπου
131 1938 221 1970 αὐτοῦ,
241 1937 290 1971 τὴν
313 1937 543 1976 καταργουμένην.
562 1951 573 1963 ιι
593 1939 745 1977 Κατηγοριῖ
758 1939 838 1974 λελη-

53 1978 122 2012 θότως
133 1982 182 2009 τῶν
197 1981 343 2011 Ἰουδαίων.
361 1981 442 2012 Οὕτω
454 1982 518 2021 γὰρ,
537 1983 625 2022 φησὶν,
639 1978 707 2018 ἦσαν
722 1987 836 2022 παχεῖς,

54 2023 82 2067 ᾧς
104 2024 166 2061 μηδὲ
190 2026 320 2061 αἰσθητὴν
346 2026 421 2060 δόξαν
448 2027 573 2056 δύνασθαι
602 2029 677 2067 ὁρᾷν.
702 2028 760 2057 Οὐκ
779 2023 835 2057 εἷπε

55 2065 91 2100 δὲ,
105 2068 140 2097 ὅτι
154 2071 166 2098 ὃ
182 2070 259 2108 νόμος
280 2070 326 2100 καὶ
344 2072 371 2100 αἱ
387 2071 485 2105 πλάκες
507 2067 579 2111 εἶχον
593 2071 641 2107 τὴν
666 2071 752 2108 δόξαν,
768 2073 836 2102 ἀλλὰ

54 2109 77 2138 τὶν
92 2113 201 2148 Μωσέως
215 2115 357 2154 πρόσωπον
374 2126 380 2132 ³
395 2117 409 2144 ὁ
419 2116 472 2156 γὰρ
488 2109 589 2152 Μωσῆς
601 2113 633 2153 ἧν
647 2116 765 2153 ἔνδοξος,
787 2118 836 2157 οὐχ

56 2155 78 2182 αἶ
91 2157 182 2192 πλάκες
195 2162 239 2188 τοῦ
255 2159 349 2197 νόμου.
364 2159 445 2189 Ἀλλὰ
463 2160 508 2189 καὶ
524 2161 605 2196 αὐτὴν
626 2161 674 2197 τὴν
695 2161 770 2195 δόξαν
789 2165 834 2191 τοῦ

57 2199 159 2235 Μωσέως
183 2205 319 2244 καθαιρεῖ,
353 2205 571 2244 καταργουμένην
602 2206 687 2245 λέγων
715 2205 833 2244 ταύτην,

56 2243 104 2273 ἀντὶ
117 2249 173 2283 τοῦ,
190 2249 356 2287 παυομένην.
382 2249 457 2289 ’Όρα
479 2250 505 2279 δὲ
519 2272 526 2286 ,
552 2250 592 2279 ὅτι
615 2252 663 2280 οὐκ
683 2245 758 2289 εἷπε,
775 2251 833 2287 Τὴν
848 2273 873 2303 D

56 2290 137 2303 --.καὶ
201 2293 257 2303 ηκχι
299 2293 337 2303 πει
400 2294 417 2303 ιη
475 2295 484 2303 κ
535 2294 567 2303 οι
750 2295 755 2303 1
793 2297 801 2303 ι

56 2290 173 2336 πογηρὰν,
194 2293 281 2333 ἀλλὰ,
299 2293 356 2330 Τὴν
378 2294 451 2327 τέλος
475 2294 666 2333 λαμϐάνουσαν
679 2317 688 2332 ,
715 2295 759 2325 καὶ
786 2297 836 2336 ἄρ-

56 2333 140 2367 γοῦσαν
145 2357 151 2365 .

93 2387 106 2405 α
126 2379 183 2414 Πῶς
209 2383 268 2422 οὐχὶ
288 2384 389 2420 μᾶλλον
416 2385 433 2419 ἡ
457 2384 576 2414 διακονία
603 2387 648 2414 τοῦ
679 2385 836 2423 Πνεύματος

56 2418 120 2467 ἔσται
140 2425 163 2452 ἐν
185 2426 260 2465 δόξῃ,
287 2438 303 2456 ›)
321 2426 428 2467 ’Ὠσπερ
453 2424 510 2458 εἶπε
535 2428 579 2458 τὸν
602 2429 680 2467 νόμον
699 2431 834 2460 διακονίαν

56 2464 165 2516 θξινάτου,
185 2471 325 2501 ἀκόλουθον
347 2467 379 2508 ἧν
402 2474 485 2502 εἰπεῖν
507 2474 537 2504 τὸ
561 2474 723 2512 Εὖαγγέλιον
741 2475 833 2504 διακο-

55 2513 103 2559 ξξξιν
117 2513 198 2559 ςυλῆξ·
223 2516 236 2545 ὃ
263 2516 290 2546 δὲ
318 2516 348 2546 τὸ
370 2519 458 2555 μεῖζον
484 2513 561 2557 εἶπε,
589 2531 603 2546 ιι
630 2519 796 2558 Πνεύματος.
814 2531 828 2549 ι)

159 2559 240 2596 Καινὴ
257 2552 380 2597 Διαοήχη
393 2562 522 2602 χορηγίαν
535 2552 592 2602 ἕλει
607 2564 636 2593 οὖ
653 2552 722 2599 Casii;
742 2564 832 2603 μόνον,

58 2595 115 2626 ἀλλὰ
126 2600 154 2630 τὸ
175 2606 258 2641 μεῖζον
270 2628 278 2644 ,
302 2595 348 2635 xui
364 2595 537 2647 Πὲὲόμάτος,
549 2595 604 2638 ’τοῦ
629 2607 677 2645 τὴν
703 2595 773 2644 ζωην
787 2595 834 2649 χοΖ

898 1630 984 1659 mate,
1013 1625 1062 1654 sed
1086 1630 1113 1654 et
1144 1627 1278 1662 supplicia
1315 1627 1471 1655 indelebilia
1507 1627 1691 1657 subindicans.

898 1670 1048 1705 Lapidibus
1062 1671 1138 1698 enim
1151 1672 1318 1706 impressum
1331 1672 1382 1700 fuit
1395 1673 1448 1700 hoc
1460 1673 1559 1700 mortis
1569 1674 1692 1702 ministe-

896 1715 977 1742 rium.
991 1715 1019 1742 Si
1029 1715 1110 1751 igitur
1124 1715 1174 1749 lex,
1186 1725 1249 1744 cum
1265 1717 1422 1753 hujusmodi
1433 1717 1479 1751 sit,
1495 1717 1547 1745 fuit
1558 1718 1690 1753 ingloria,

896 1764 998 1794 quanto
1024 1761 1114 1796 potius
1135 1761 1232 1797 gratia,
1256 1769 1317 1797 qua:
1342 1762 1418 1790 illam
1443 1762 1693 1799 incomparabiliter

896 1804 1022 1832 excellit?

932 1858 947 1875 ι(
967 1850 1007 1876 Ita
1019 1853 1050 1876 ut
1064 1857 1121 1877 non
1145 1854 1257 1885 possent
1270 1849 1391 1886 deﬁgere
1406 1850 1500 1878 oculos
1511 1851 1557 1879 ﬁlii
1579 1852 1690 1880 Israelis

894 1893 923 1920 iu
938 1892 1040 1921 faeiem‘
1055 1894 1140 1929 Moysi
1155 1898 1267 1929 propter
1291 1894 1409 1930 gloriam
1430 1895 1521 1923 vultus
1548 1896 1607 1930 ejus
1627 1904 1688 1932 quae

893 1937 1025 1965 aboletur.
1045 1950 1057 1962 ι-
1075 1939 1237 1966 Clanculum
1251 1939 1363 1967 Iudaeos
1378 1943 1498 1968 accusat.
1520 1940 1597 1968 Adeo
1612 1949 1690 1968 nam-

894 1990 945 2017 que
964 1982 1056 2017 rudes,
1085 1983 1181 2019 inquit,
1210 1983 1330 2017 l'uerunt,
1355 1987 1386 2011 ut
1413 1992 1501 2020 neque
1530 1985 1688 2013 sensibilem

892 2027 1009 2062 gloriam
1024 2028 1121 2056 intueri
1137 2032 1257 2063 possent.
1276 2029 1339 2056 Non
1352 2028 1421 2056 dixit
1435 2033 1539 2061 autem,
1556 2029 1630 2064 quod
1646 2030 1688 2058 lex

892 2075 919 2098 et
933 2071 1032 2100 tabula:
1045 2072 1192 2100 habuerint
1206 2073 1335 2108 gloriam,
1351 2073 1398 2101 sed
1412 2073 1500 2101 vultus
1515 2074 1612 2101 Mosis.
1626 2075 1690 2113 Mm

891 2124 935 2144 ses
948 2117 1023 2144 enim
1038 2117 1151 2145 celebris
1166 2121 1236 2152 erat,
1252 2126 1309 2145 non
1323 2117 1424 2146 tabula:
1439 2118 1516 2154 legis.
1531 2118 1688 2153 Quinetiam

892 2161 980 2196 ipsam
1002 2162 1089 2189 Mosis
1102 2162 1218 2198 gloriam
1240 2162 1320 2196 tollit,
1338 2162 1468 2190 abolitam
1492 2163 1568 2191 illam
1583 2163 1687 2197 dicens,

891 2205 942 2233 hoc
965 2210 1007 2234 est
1032 2207 1226 2242 quiescentem.
1252 2207 1318 2236 Vide
1346 2212 1437 2236 autem
1463 2208 1603 2243 quomodo
1632 2216 1687 2236 non

891 2250 999 2283 dixerit.
1024 2259 1150 2287 pravam,
1176 2251 1237 2286 sed,
1265 2251 1350 2280 ﬁnem
1372 2252 1552 2288 accipientem
1575 2256 1603 2280 et
1627 2261 1687 2281 ces-

891 2299 1007 2323 santem.

926 2391 1012 2418 νιος.
1024 2393 1049 2419 8.
1065 2400 1079 2417 «
1093 2391 1240 2426 Quomodo
1259 2399 1317 2420 non
1334 2391 1423 2427 magis
1441 2391 1608 2420 ministratio
1623 2393 1686 2428 Spi-

891 2435 958 2462 ritus
969 2435 1022 2462 erit
1037 2435 1063 2462 in
1077 2436 1182 2471 gloria?
1204 2446 1218 2461 ››
1234 2435 1476 2471 Quemadmodum
1499 2437 1587 2472 legem
1606 2437 1685 2466 dixe—

887 2483 929 2506 rat
944 2480 1131 2508 ministerium
1146 2481 1257 2514 mortis,
1273 2481 1310 2509 ita
1329 2488 1502 2517 consequens
1512 2485 1570 2509 erat
1583 2481 1685 2514 dicere,

889 2525 1066 2560 l-lvangelium
1082 2532 1142 2553 esse
1163 2525 1347 2553 ministerium
1363 2526 1425 2553 vita:
1441 2535 1447 2553 :
1463 2530 1491 2553 at
1505 2525 1579 2561 quod
1595 2526 1686 2561 majus

889 2573 930 2596 cst
954 2569 1031 2602 dixit,
1058 2570 1202 2604 nimirum,
1231 2580 1245 2596 ιι
1268 2570 1395 2606 Spiritus.
1431 2581 1444 2595 π
1470 2572 1578 2599 Nomm
1606 2570 1681 2598 enim

888 2614 1096 2642 Testamentum
1118 2614 1309 2652 suppeditandi
1330 2615 1487 2643 facultatem
1509 2614 1601 2642 habet.
1621 2622 1678 2642 non

725 2744 820 2774 Variae
840 2745 988 2776 lectiones.

87 2819 105 2836 ⁸¹
114 2823 162 2852 τινὰ
175 2833 198 2856 o.
235 2830 257 2848 ⁸³
270 2831 442 2869 συλλογισμοῦ
455 2840 483 2861 o.
