1867 3081
166 176 213 202 831

672 172 931 200 THEOPHYLACTI
952 171 1130 199 BULGARLE
1148 170 1302 199 ARCHIEP.
1762 169 1806 196 832

165 237 253 264 vitam
266 235 362 269 modo,
377 235 425 264 sed
441 235 514 272 quod
529 234 617 271 majus
629 240 681 268 est,
696 235 829 270 Spiritum
853 242 962 270 quoque

1068 236 1167 267 οὖντος.
1187 234 1285 273 Πολλῷ
1306 227 1351 262 οὖν
1373 232 1476 270 μᾶλλον
1497 232 1566 267 αὓτη
1585 230 1664 260 ἔσται
1683 231 1713 259 ἓν
1737 229 1806 270 δόξῃ,

164 281 259 316 ipsum
274 281 320 317 qui
336 280 421 308 vitam
441 279 606 316 suppeditat.
622 280 683 307 Hoc
698 279 779 315 igitur
792 279 881 307 multo
894 279 965 307 cele-

172 325 248 353 brius
261 326 312 353 erit
330 326 400 360 lego.

206 371 296 398 Vens.
319 373 347 397 9.
369 379 382 396 ιι
410 370 480 398 Nam
499 369 521 397 si
542 369 707 397 ministratio
723 368 909 397 damnationis
923 371 966 396 est

172 415 271 451 gloria,
287 414 376 442 multo
392 414 479 450 magis
501 413 622 442 abundat
648 413 834 441 ministerium
856 413 966 450 iustitiae

173 459 202 487 in
224 459 321 495 gloria.
351 469 366 485 ι)
387 460 494 486 Rursus
519 457 647 486 eamdem
674 459 839 486 sententiam
866 462 963 485 versat.

172 505 357 540 interpretans
369 508 462 531 autem
478 502 619 538 quomodo
639 502 746 530 dixerit.
771 512 785 528 ιι
804 502 906 530 Littera
919 510 966 530 oc-

172 548 250 582 cidit,
267 560 279 573 ιι
301 549 386 584 legem
409 548 448 576 ait
465 555 523 575 esse
548 547 735 575 ministerium
757 547 965 576 condemnatio-

172 594 226 627 nis,
252 597 283 621 ut
297 593 460 629 punitricem
476 592 590 629 peccati,
613 599 672 619 non
693 591 854 620 factricem:
877 593 966 620 Evan-

172 638 272 674 gelium
283 641 388 670 autem,
399 636 581 664 ministerium
595 635 723 672 justitiaz;
739 644 803 664 nam
815 644 869 664 non
877 636 966 664 solum

172 691 187 710 a
202 690 283 718 pmua
303 686 330 710 et
351 681 485 718 supplicio
500 681 606 715 liberat,
620 689 717 709 verum
739 681 871 717 justiﬁcat
885 681 967 709 etiam

172 731 338 763 peccatores.
374 727 464 754 Multo
495 726 578 762 igitur
608 725 696 762 magis
727 725 904 761 Evangelium
939 726 968 753 in

173 771 258 808 gloria
273 771 335 799 erit.

208 816 293 852 259
309 818 399 844 Vsus.
419 819 460 844 ιο.
473 825 486 841 (ι
502 816 611 843 Etenim
624 823 712 852 neque
728 814 912 852 gloriﬁcatum
927 818 969 843 est

173 861 246 897 quod
260 860 446 897 gloriﬁcatum
461 865 513 894 est,
536 861 562 889 in
584 860 635 888 hac
650 865 736 896 parte,
755 863 865 896 propter
881 859 969 888 excel-

1018 279 1088 319 ἤπερ
1103 280 1117 308 ὁ
1132 278 1221 317 νόμος.

1063 382 1076 395 α
1105 369 1140 399 Εἰ
1164 368 1216 408 γὰρ
1241 370 1258 404 ἡ
1285 367 1405 397 διακονία
1433 368 1481 403 τῆς
1504 366 1708 406 κατακρίσεως,
1734 364 1811 399 8&4-

1020 414 1109 453 πολλῷ
1125 414 1226 452 μᾶλλον
1244 415 1262 448 ἡ
1282 411 1401 443 διακονία
1414 413 1462 448 τῆς
1478 410 1648 447 δικαιοσύνης
1667 410 1812 450 περισσεύει

1021 459 1047 487 ἐν
1062 458 1133 497 δόξῃ.
1153 471 1166 484 ι
1185 458 1273 488 Πάλιν
1292 456 1323 486 τὸ
1344 457 1410 486 αὐτὸ
1433 456 1520 495 νόημα
1535 456 1559 473 ³⁸
1574 454 1745 495 περιστρέφει
1755 467 1762 473 ·

1021 503 1141 541 μηνεύων
1165 502 1210 537 δὲ,
1225 503 1280 535 πῶς
1301 497 1386 538 εἶπεν,
1408 500 1449 531 ὅτι
1472 501 1540 531 «Τὸ
1556 500 1671 540 γράμμα
1694 500 1810 529 ἀποκτεί-

1020 559 1077 584 νει,
1092 558 1106 576 n
1128 546 1193 587 φησὶ
1207 546 1252 575 τὸν
1265 545 1344 584 νόμον
1370 541 1437 575 εἶναι
1459 545 1594 575 διακονίαν
1616 544 1812 583 κατακρίσεως,

1021 593 1056 625 ὣς
1079 591 1234 621 κολαστικὸν
1261 590 1411 630 ἁμαρτίας,
1437 591 1466 620 οὗ
1485 590 1623 625 ποιητικόν
1651 599 1659 607 '
1683 589 1812 618 διακονίαν

1022 635 1048 665 δὲ
1070 635 1254 672 δικαιοσύνης,
1274 635 1304 664 τὸ
1322 635 1486 674 Εὖαγγέλιον
1501 646 1509 653 ·
1532 635 1562 663 οὐ
1576 633 1657 672 μόνον
1678 633 1732 673 γὰρ
1756 634 1813 663 ἄπο-

1021 680 1077 710 λύει
1092 682 1140 716 τῆς
1164 681 1317 716 κολάσεως,
1344 679 1412 709 ἀλλὰ
1432 679 1476 709 καὶ
1502 679 1600 708 δικαιοῖ
1613 678 1672 711 τοὺς
1696 678 1814 718 ἁμαρτω-

1022 727 1092 759 λούς.
1107 726 1205 766 nona
1221 720 1265 754 οὖν
1278 725 1379 763 μᾶλλον
1391 726 1418 755 ἐν
1429 723 1491 764 δόξῃ
1507 722 1582 753 ἔσται
1598 722 1628 753 τὸ
1644 722 1813 762 Εὖαγγέλιον.

1067 828 1079 841 ιι
1098 815 1153 845 Καὶ
1178 814 1229 854 γὰρ
1249 813 1308 844 οὐδὲ
1336 814 1492 848 δεδόξασται
1505 813 1546 843 ’τὸ
1576 813 1770 851 δεδοξασμένον
1794 813 1814 842 ἐν

1023 859 1108 900 τούτῳ
1124 861 1162 890 τῶ
1178 859 1267 899 μέρει,
1282 859 1369 888 ἕνεκεν
1392 861 1439 895 τῆς
1464 858 1692 898 ὑπερϐαλλούσης
1706 857 1789 894 δόξης.
1801 868 1813 886 ι

173 905 275 933 lentem
295 906 419 942 gloriam.
442 918 452 928 -
481 905 553 940 Quid
568 904 693 939 confero,
714 905 813 941 inquit,
834 906 919 933 Vetus
941 909 968 932 et

1068 904 1081 933 .i.
1095 898 1121 934 τί
1131 925 1139 940 ,
1153 898 1232 944 φησῖ,
1247 903 1381 943 συγκρίνω
1395 902 1443 939 τὴν
1463 903 1591 933 Παλαιὰν
1601 902 1648 932 καὶ
1663 902 1712 938 τὴν
1731 902 1814 939 Νέαν;

174 951 285 978 Novum
305 951 513 978 Testamentum
540 950 609 978 inter
624 952 701 978 sese?
726 951 813 977 Tanta
837 953 878 978 est
893 949 968 977 enim

174 995 244 1023 Novi
263 995 432 1029 excellentia,
457 999 488 1023 ut
511 1006 524 1019 «ι
552 995 581 1023 iu
602 994 653 1023 hac
676 999 762 1031 parte,
794 1007 806 1019 -
834 994 861 1022 id
887 995 968 1022 estin

173 1041 389 1076 comparatione,
411 1048 446 1068 ne
465 1040 579 1076 gloriam
599 1039 712 1076 quidem
735 1039 835 1067 habere
858 1043 970 1075 putetur

174 1085 246 1120 quod
259 1084 442 1121 gloriﬁcatum
454 1089 505 1118 est,
515 1086 599 1112 Vetus
606 1084 739 1112 nimirum
747 1086 968 1117 Testamentum,

175 1133 285 1165 propter
312 1129 563 1165 supereminentnm
597 1128 665 1157 Novi
691 1129 817 1164 gloriam.
855 1128 969 1156 Etiamsi

175 1174 250 1202 enim
277 1174 317 1201 lex
334 1173 482 1210 gloriﬁcata
505 1178 546 1202 est
567 1181 616 1210 per
630 1174 759 1209 seipsam,
786 1177 897 1209 propter
922 1180 969 1201 ex-

175 1219 332 1246 cellentiam
356 1222 451 1246 tamen
476 1218 571 1254 gloriae
595 1218 736 1254 Evangelii
763 1218 879 1254 ingloria
895 1217 970 1246 vide-

175 1267 229 1291 tur.
251 1263 445 1291 Animadverte
467 1267 560 1291 autem
582 1263 656 1299 quod
680 1263 720 1290 vel
736 1271 785 1298 per
805 1262 870 1294 hoc,
885 1263 971 1290 Vetus

174 1309 383 1336 Testamentum
415 1307 601 1336 commendat.
637 1307 864 1343 Comparationes
899 1307 971 1335 enim

177 1352 247 1380 ﬁunt
259 1353 331 1381 inter
343 1357 470 1389 cognata.

210 1399 301 1426 Vens.
320 1400 363 1426 11.
378 1409 391 1421 α
413 1398 439 1426 Si
454 1397 528 1425 enim
542 1396 617 1433 quod
637 1396 771 1431 aboletur,
795 1404 843 1433 per
855 1396 972 1433 gloriam

174 1441 235 1476 fuit,
256 1443 343 1470 multo
369 1442 455 1478 magis
480 1442 554 1478 quod
579 1446 683 1475 manet,
711 1441 738 1469 in
766 1441 851 1478 gloria
876 1441 939 1469 erit.
959 1453 971 1466 ι

176 1487 267 1515 Aliam
279 1487 414 1514 rationem
429 1486 522 1522 adjicit
539 1495 545 1513 :
564 1486 591 1514 Si
613 1486 688 1513 enim
703 1486 747 1514 lex
761 1493 824 1522 quae
837 1485 973 1514 abolenda

176 1535 204 1558 et
226 1531 384 1568 abroganda
404 1535 473 1563 erat,
502 1538 549 1566 per
571 1530 688 1566 gloriam
717 1530 780 1558 data
805 1534 855 1564 est,
885 1530 973 1558 multo

175 1576 265 1612 magis
292 1577 321 1603 in
344 1575 429 1610 gloria
455 1575 506 1602 erit
521 1575 616 1602 stabile
638 1583 670 1602 ac
684 1582 793 1611 semper
806 1575 944 1603 duratura
963 1583 974 1603 1

176 1621 285 1647 Novum
300 1621 517 1648 Testamentum.

213 1665 304 1692 Vsus.
327 1667 370 1692 12.
394 1673 407 1689 ‹‹
425 1664 566 1692 Habentes
586 1663 671 1700 igitur
685 1663 764 1691 talem
781 1671 868 1699 spem,
883 1664 972 1692 multa

177 1708 275 1736 ﬁducia
291 1709 406 1737 utimur.
424 1721 435 1733 -
453 1708 520 1744 Quia
539 1709 675 1744 ingentem
691 1709 841 1744 quamdam
854 1709 972 1744 gloriam

177 1755 254 1781 Novo
270 1753 403 1787 attribuit,
417 1754 463 1790 qui
478 1761 542 1781 vero
568 1754 639 1781 istuc
653 1753 825 1787 audiverant,
841 1758 971 1790 tanquam

175 1797 287 1831 inﬁrmi,
303 1797 460 1826 sensibilem
475 1797 592 1833 gloriam
602 1797 692 1825 videre
706 1797 852 1833 cupiebant
869 1806 876 1826 :
889 1798 972 1833 Spem

176 1842 320 1877 habemus,
343 1842 441 1879 inquit.
465 1843 602 1877 Qualem?
623 1842 703 1877 Quod
723 1842 877 1879 majoribus
892 1842 972 1870 bonis

174 1887 300 1916 honorati
324 1895 355 1915 ac
375 1887 467 1916 donati
490 1888 578 1916 simus
601 1895 686 1923 quam
712 1888 814 1921 Moses,
837 1891 974 1923 quotquot

175 1932 324 1961 credimus.
341 1932 413 1960 Hinc
426 1932 511 1960 multa
526 1932 627 1960 ﬁducia
642 1932 749 1960 utimur
762 1939 826 1967 erga
841 1939 888 1959 eos
902 1939 972 1967 quos

175 1977 356 2010 instituimus,
375 1976 446 2004 nihil
466 1976 594 2010 celantes,
619 1976 686 2004 nihil
701 1976 784 2004 etiam
806 1976 972 2012 praetermit-

175 2025 265 2049 tentes
292 2031 298 2049 :
333 2029 423 2056 neque
450 2021 600 2049 metuimus
628 2025 750 2048 vestrum
781 2024 971 2056 conspectum,

176 2065 409 2101 quemadmodum
431 2067 523 2093 Moses
547 2064 718 2094 Iudaeorum.
740 2067 802 2094 Non
818 2065 892 2093 enim
906 2065 973 2093 estis

176 2110 279 2138 inﬁrmi
297 2117 376 2145 aeque
396 2114 479 2145 atque
499 2110 549 2137 illi.
565 2111 657 2138 Moses
671 2110 745 2138 enim
763 2117 827 2138 cum
851 2109 972 2138 secunda

176 2155 233 2182 vice
253 2155 405 2190 accepisset
420 2154 526 2182 tabulas
544 2158 626 2190 atque
646 2163 662 2183 a
676 2159 769 2183 monte
784 2154 971 2189 descenderet,

176 2199 276 2227 faciem
294 2199 414 2227 habebat
428 2198 499 2227 adeo
518 2199 702 2235 splendidam,
724 2203 756 2227 ut
778 2198 870 2227 Judaei
885 2207 972 2235 neque

175 2244 303 2272 accedere
321 2243 356 2272 ad
369 2251 434 2272 eum
449 2248 569 2280 possent,
591 2251 680 2280 neque
693 2243 846 2280 quidquam
861 2252 924 2272 cum
939 2252 972 2272 eo

177 2289 262 2325 loqui,
286 2288 376 2316 donec
396 2289 505 2317 vultum
533 2289 672 2317 obvelaret
694 2290 714 2316 i.
738 2288 827 2324 Hujus
851 2289 974 2317 historia:

175 2334 278 2362 Paulus
292 2333 336 2361 hic
348 2334 406 2369 jam
423 2334 560 2366 meminit,
576 2338 605 2362 et
619 2334 657 2361 ait
671 2342 678 2360 :

215 2379 302 2406 Vsns.
320 2381 362 2406 13.
381 2390 394 2402 «ι
410 2379 443 2406 Et
457 2386 513 2406 non
527 2378 600 2406 sicut
609 2380 702 2407 Moses
714 2378 833 2414 ponebat
845 2378 973 2407 velamen

176 2431 261 2459 super
279 2422 376 2450 faciem
395 2431 484 2456 suam,
500 2427 531 2451 ut
551 2431 607 2451 non
626 2422 804 2451 intenderent
821 2423 870 2451 ﬁlii
890 2423 973 2451 Israel

175 2468 204 2496 in
219 2467 303 2495 ﬁnem
317 2467 377 2504 ejus
394 2467 469 2504 quod
483 2467 619 2496 aboletur.
635 2479 647 2492 ιι
664 2468 695 2496 Id
708 2472 759 2502 est,
778 2475 835 2495 non
850 2471 891 2496 est
905 2476 974 2503 opus

175 2520 226 2540 nos
240 2512 360 2548 contegi,
382 2512 493 2548 perinde
507 2520 539 2540 ac
553 2513 645 2540 Moses
666 2521 695 2540 se
719 2512 892 2549 contegebat.
921 2514 973 2540 Po-

174 2557 252 2585 testis
271 2557 343 2585 enim
368 2565 417 2585 vos
438 2557 560 2593 aspicere
583 2557 698 2593 gloriam
722 2557 793 2586 hanc
816 2566 901 2594 quam
924 2565 976 2585 nos

175 2601 323 2636 habemus,
349 2601 467 2638 gloriam
489 2601 553 2630 dico
576 2602 730 2639 Evangelii,
748 2611 904 2639 quanquam
927 2603 974 2631 illa

175 2647 257 2683 longe
272 2647 418 2675 clariorem
436 2656 443 2674 :
458 2646 512 2675 hoc
533 2651 586 2681 est,
601 2648 714 2684 potestis
737 2647 888 2685 intelligere
912 2655 974 2684 my-

218 2726 326 2756 jExod.
343 2734 456 2762 xxxiv,
471 2729 514 2756 34.

1023 948 1149 984 Τοσαύτη
1162 948 1213 989 γὰρ
1234 950 1281 984 τῆς
1301 947 1372 981 Νέας
1386 950 1403 984 ἡ
1418 947 1537 988 ὖπεροχὴ
1549 970 1557 986 ,
1577 947 1648 977 ὥστε
1668 957 1682 976 ιι
1697 948 1725 976 ἐν
1740 947 1818 986 τούτῳ

1022 996 1061 1033 τῷ
1077 993 1171 1033 μέρει,
1196 1006 1208 1019 ι
1222 992 1357 1022 τουτέστιν
1374 993 1400 1022 ἐν
1424 994 1463 1032 τῷ
1479 992 1685 1032 συγκρίνεσθαι,
1704 991 1766 1022 οὐδὲ
1780 992 1817 1020 δό-

1024 1038 1069 1073 ξαν
1090 1038 1162 1077 ἔχειν
1181 1037 1372 1076 νομισθήσεται
1399 1037 1428 1066 τὸ
1456 1036 1663 1075 δεδοξασμένον,
1690 1036 1818 1066 τουτέστιν

1024 1085 1040 1117 ἡ
1058 1082 1185 1118 Παλαιὰ,
1201 1081 1244 1111 διὰ
1265 1081 1313 1117 τὴν
1335 1081 1555 1122 ὑπερϐάλλουσαν
1578 1081 1654 1116 δόξαν
1671 1083 1721 1116 τ’ἧς
1744 1081 1818 1114 Νέας.

1027 1127 1121 1157 Καίτοι
1136 1127 1188 1166 γὰρ
1203 1126 1391 1163 δεδοξασμένος
1412 1127 1426 1155 ὁ
1443 1125 1522 1164 νόμος
1539 1126 1616 1159 αὐτὸς
1630 1126 1692 1155 καθ’
1712 1126 1818 1161 ἑαυτὸν1

1024 1171 1096 1210 ὅμως
1112 1171 1155 1200 διὰ
1173 1170 1202 1200 τὸ
1219 1170 1386 1211 ὑπερϐάλλον
1411 1173 1457 1207 τῆς
1476 1170 1552 1207 δόξης
1576 1173 1623 1200 τοῦ
1647 1170 1822 1210 Εὖαγγελίου,

1025 1215 1115 1250 ἄδοξος
1131 1214 1264 1255 φαίνεται.
1277 1213 1352 1255 ⁸Ορα
1369 1214 1412 1251 δὲ,
1431 1214 1474 1244 ὅτι
1493 1217 1539 1244 καὶ
1559 1215 1586 1244 ἐν
1608 1214 1696 1255 τούτῳ
1717 1220 1822 1254 συνιστᾷ

1027 1261 1075 1296 τὴν
1093 1259 1219 1290 Παλαιάν
1235 1271 1242 1279 ⁸
1256 1261 1283 1289 αἱ
1302 1259 1355 1299 γὰρ
1380 1259 1529 1299 συγκρίσεις
1554 1259 1598 1289 ἐπὶ
1619 1261 1672 1289 τῶν
1693 1261 1821 1299 συγγενῶν

1025 1305 1154 1344 γίνονται.

1069 1407 1084 1423 α
1110 1396 1144 1426 Εἰ
1169 1394 1221 1435 γὰρ
1246 1395 1277 1424 τὸ
1295 1394 1525 1434 καταργούμενον,
1551 1394 1594 1424 διὰ
1613 1394 1690 1431 δόξης
1706 1407 1713 1415 ·
1739 1396 1824 1435 πολλῷ

1028 1441 1128 1478 μᾶλλον
1152 1439 1182 1469 τὸ
1203 1439 1297 1478 μένον,
1327 1442 1352 1470 ἐν
1370 1439 1442 1479 δόξῃ.
1468 1453 1480 1466 ι
1513 1440 1567 1469 Καὶ
1593 1439 1674 1469 ἄλλον
1699 1440 1824 1479 λογισμὸν

1026 1484 1210 1524 προστίθησιν.
1251 1485 1283 1514 Εἰ
1310 1484 1362 1524 γὰρ
1387 1486 1402 1513 ὁ
1425 1484 1530 1522 μέλλων
1559 1484 1757 1524 καταργεῖσθαι
1785 1484 1825 1513 καὶ

1028 1528 1159 1558 παύεσθαι
1180 1528 1273 1567 νόμος,
1297 1529 1340 1558 διὰ
1357 1528 1432 1564 δόξης
1452 1528 1528 1564 ἐδόθη
1546 1536 1554 1544 ⁸
1570 1528 1662 1568 πολλῷ
1678 1529 1786 1567 μᾶλλον
1801 1529 1823 1558 ἓν

1027 1574 1089 1614 δόξῃ
1104 1574 1180 1603 ἔσται
1193 1575 1211 1609 ἡ
1225 1573 1335 1612 μόνιμος
1352 1573 1396 1602 καὶ
1412 1573 1452 1603 ἀεὶ
1468 1572 1582 1612 ἐσομένη
1598 1573 1655 1604 Νέα
1668 1574 1805 1610 Διαθήκη.

1072 1675 1085 1692 ιι
1094 1663 1224 1704 Ἔχοντες
1241 1659 1286 1693 οὖν
1300 1663 1425 1698 τοιαύτην
1443 1663 1538 1693 ἐλπίδα
1554 1686 1562 1702 ,
1586 1664 1674 1704 πολλῇ
1694 1663 1822 1705 παῤῥηία

1026 1708 1166 1748 χρώμεθα.
1187 1722 1199 1735 ι
1225 1709 1336 1744 Ἐπειδὴ
1363 1708 1481 1747 μεγάλην
1495 1708 1554 1738 τινὰ
1574 1708 1652 1742 δόξαν
1672 1720 1827 1748 προσεμαρ-

1025 1754 1120 1791 τύρησε
1137 1755 1170 1792 τῇ
1195 1752 1254 1794 Νέᾳ
1266 1764 1272 1771 ·
1287 1753 1311 1782 οἱ
1336 1752 1363 1782 δὲ
1390 1753 1526 1786 ἀκούοντες
1544 1751 1607 1785 ἴσως
1629 1754 1767 1789 αἰσθητὴν
1783 1755 1826 1782 ἒπ-

1027 1797 1137 1836 εθύμουν
1152 1797 1216 1827 ἰδεῖν
1237 1796 1313 1830 δόξαν
1328 1799 1363 1830 ὡς
1379 1799 1493 1831 ἀσθενεῖς
1505 1808 1512 1815 ·
1530 1797 1627 1837 φησὶν,
1651 1796 1693 1826 ὅτι
1710 1797 1826 1828 Ἐλπίδα

1044 1842 1150 1881 ἔχομεν.
1186 1841 1332 1878 Ποταπήν,
1355 1841 1420 1872 Ὅτι
1444 1841 1570 1880 μειζόνων
1593 1841 1759 1880 ἠξιώθημεν,
1783 1842 1823 1878 ἢὸ

1026 1888 1144 1924 Μωσῆς,
1178 1886 1274 1920 πάντες
1303 1887 1327 1916 οἱ
1353 1886 1542 1920 πιστεύσαντες
1567 1897 1574 1904 ·

1025 1931 1111 1970 πολλῇ
1139 1930 1276 1972 παρρησία
1299 1929 1427 1970 χρώμεθα
1460 1930 1526 1970 πρὸς
1555 1929 1616 1964 τοὺς
1638 1930 1824 1969 μαθητευομέ·

1023 1987 1082 2008 νους
1094 1998 1102 2014 ,
1121 1975 1195 2005 οὐδὲν
1218 1975 1464 2015 ἀποκρυπτόμενοι,
1481 1974 1554 2005 οὐδὲν
1575 1975 1806 2014 ὑποστελλόμενος
1819 1987 1825 1993 ·

1023 2019 1068 2049 καὶ
1082 2021 1111 2049 οὗ
1131 2019 1287 2057 δεδοίκαμεν
1309 2021 1384 2058 ὑμῶν
1405 2019 1453 2052 τὰς
1468 2019 1555 2059 ὄψεις,
1572 2019 1695 2059 καθάπερ
1712 2022 1727 2049 ὁ
1750 2021 1822 2050 Μω-

1024 2066 1072 2100 σῆς
1085 2066 1136 2093 τῶν
1160 2063 1294 2094 Ἰουδαίων
1311 2075 1318 2082 ·
1343 2065 1372 2093 οὗ
1387 2063 1438 2103 γάρ
1460 2065 1519 2093 ἐστε
1543 2065 1678 2102 ἀσθενεῖς,
1696 2067 1734 2097 ὡς
1757 2065 1823 2093 ἐκεῖ·

1024 2120 1075 2139 νοι.
1089 2108 1124 2139 Ὀ
1143 2108 1196 2148 γὰρ
1219 2109 1339 2144 Μωσῆς,
1364 2108 1431 2147 μετὰ
1453 2108 1483 2138 τὸ
1506 2109 1537 2137 ἐκ
1557 2108 1682 2148 δευτέρου
1704 2108 1826 2143 δέξασθαι

1026 2153 1074 2188 τὰς
1088 2153 1211 2190 πλάκας,
1236 2152 1357 2187 καταϐὰς
1379 2152 1492 2182 ἀπὸτοῦ
1515 2153 1607 2191 ὅρους,
1629 2152 1660 2181 τὸ
1687 2153 1827 2192 πρόσωπον

1029 2193 1099 2238 εἶχεν
1125 2197 1302 2237 ἆπολοίμπον,
1326 2198 1363 2231 ὡς
1386 2197 1423 2236 μὴ
1449 2197 1575 2226 δύνασθαι
1600 2196 1660 2230 τοὺς
1688 2197 1827 2229 Ἰουδαίους

1028 2242 1165 2282 προσιέναι
1182 2243 1270 2282 αὐτῷ,
1295 2241 1342 2271 καὶ
1364 2241 1548 2281 διαλέγεσθαι,
1570 2241 1620 2275 ἕως
1635 2241 1697 2272 ὅτου
1713 2242 1823 2278 ἐπέθηκε

1027 2287 1160 2326 κάλυμμα
1182 2289 1221 2327 τῷ
1241 2287 1389 2327 προσώπῳ.
1413 2287 1520 2322 Ταύτης
1545 2288 1592 2321 τῆς
1615 2286 1734 2327 ἱστορίας
1762 2288 1824 2316 ἂνα-

1029 2331 1174 2370 μιμνήσκει
1190 2334 1235 2361 ν’ὖν
1251 2333 1265 2360 ὁ
1278 2332 1384 2365 Παῦλος
1394 2353 1402 2368 ,
1422 2331 1468 2361 καί
1484 2342 1564 2372 φησιν
1577 2342 1584 2349 ·

1072 2390 1085 2402 ι
1103 2377 1156 2406 Καὶ
1175 2377 1205 2406 οὔ
1221 2376 1341 2416 καθάπερ
1358 2377 1460 2411 Μωσῆς
1480 2376 1561 2405 ἐτίθει
1584 2375 1778 2414 κᾶλυμμίέπὶ
1800 2376 1826 2404 τὸ

1029 2420 1172 2461 πρόσωπον
1198 2422 1278 2450 αὑτοῦ
1291 2444 1299 2458 ,
1317 2420 1383 2460 πρὸς
1396 2420 1426 2450 τὸ
1450 2420 1487 2460 μὴ
1513 2419 1633 2450 ἀτενίσαι
1646 2420 1672 2438 ⁵⁵
1687 2420 1746 2454 τοὺς
1762 2420 1827 2453 υἱοὺς

1029 2464 1140 2505 Ἰσραὴλ
1155 2467 1190 2498 εἷς
1203 2464 1233 2494 τὸ
1254 2465 1328 2499 τέλος
1344 2467 1388 2494 τοῦ
1403 2464 1651 2505 καταργουμένου.ξ-
1668 2466 1695 2495 Τ
1695 2465 1827 2498 ουτέστιν,

1030 2510 1071 2540 Οὖ
1099 2509 1178 2550 χρεία
1201 2509 1383 2539 καλύπτεσθαι
1399 2512 1470 2548 ἡμᾶς
1490 2509 1611 2549 καθάπερ
1634 2508 1679 2538 τὸν
1703 2510 1824 2545 Μωσῆν·

1031 2555 1135 2584 δυνατοὶ
1150 2554 1203 2594 γὰρ
1229 2555 1291 2583 ἰδεῖν
1307 2556 1383 2592 ὑμεῖς
1406 2554 1454 2590 τὴν
1474 2554 1551 2588 δόξαν
1574 2553 1688 2591 ταύτην,
1706 2553 1737 2589 ἣν
1754 2556 1827 2592 ἠμῖς

1031 2598 1144 2639 ἔχομεν,
1169 2599 1216 2635 τὴν
1242 2601 1287 2628 τοῦ
1312 2598 1495 2639 Εὖαγγελίου,
1520 2598 1607 2628 καίτοι
1640 2598 1825 2638 λαμπροτέραν

1032 2642 1112 2673 οὖσαν
1128 2643 1228 2681 ἐκείνης
1241 2655 1249 2663 ο
1273 2642 1412 2680 τουτέστι,
1435 2642 1556 2674 Δύνασθε
1578 2647 1646 2674 νοεῖν
1671 2643 1702 2672 τὰ
1723 2643 1826 2681 μυστ-ή-

873 2763 974 2794 Variae
994 2764 1146 2794 lectiones.

215 2813 238 2831 ⁸⁸
251 2813 332 2850 ὄνομα
345 2820 374 2842 o.
411 2813 433 2831 ⁸⁵
445 2813 566 2840 δύνασθαι
579 2820 611 2842 0.

1600 1886 1647 1915 καὶ
1676 1887 1722 1916 διὰ
1753 1889 1826 1917 τοῦτο
1866 1907 1867 1919 ξ
