1867 3081
69 177 115 205 833
435 175 610 203 EXPOSITIO
628 174 661 202 ΙΝ
681 173 788 202 EPIST.
810 173 842 200 ll.
861 173 907 201 AD
927 173 1005 202 COR.
1022 189 1054 194 —
1075 175 1149 202 CAP.
1171 176 1212 203 lIl.

1651 178 1704 206 834

70 251 109 279 ρια
131 239 176 267 τοῦ
191 238 264 268 Θεοῦ
283 237 320 274 ⁸⁸,
340 237 422 277 ἤγουν
435 237 467 268 τὸ
488 236 671 276 Εὖαγγέλιον,
686 236 732 266 καὶ
754 237 784 266 οὗ
808 236 836 266 δε

938 238 992 266 cria
1007 237 1070 271 Dei,
1090 245 1187 273 nempe
1205 237 1403 273 Evangelium,
1420 246 1510 275 neque
1521 248 1591 276 opus
1610 244 1652 268 est
1672 248 1704 268 ea

69 283 146 321 όμεθα
161 282 339 323 ἀποκρύπτειν
353 285 438 312 ταῦτα
457 283 535 319 ὑμῖν,
557 282 647 321 ὥσπερ
670 281 722 311 τινὶ
746 280 853 319 καλύμ-

68 339 142 365 ματι,
210 327 336 367 ἀσαφείᾳ.
359 328 396 358 Οἱ
416 326 444 356 δὲ
466 326 634 367 Ἰσραηλῖται
654 330 750 365 παχεῖς
765 325 853 361 ὄντες,

68 374 112 402 οὐκ
124 371 253 407 ἠδύναντο
269 372 348 406 ἰδεῖν,
375 370 415 401 ὅτι
435 372 510 405 τέλος
526 372 582 411 ἔχει
597 373 610 400 6
634 371 713 410 νόμος
725 394 732 406 ,
748 371 793 400 καὶ
815 370 855 398 ὅτι

67 416 316 456 καταργηθήσεται·
332 416 363 445 τὸ
376 415 427 456 γὰρ
447 415 578 454 κάλυμμα
599 416 648 451 τὴν
667 415 781 455 παχεῖαν
809 415 855 444 αὖ·

68 463 114 490 τῶν
138 461 254 491 διάνοιαν
280 460 355 497 δηλοῖ
370 460 407 497 ⁵⁷,
434 461 470 494 ὡς
494 459 552 496 ἑξῆς
580 460 700 500 μαθήσῃ.
723 459 801 492 Τινὲς
827 458 855 488 δὲ

68 505 142 539 οὕτως
156 505 267 542 ἐνόησαν
277 529 286 542 ,
308 505 349 534 ὅτι
364 504 427 534 αὐτὸ
442 506 518 534 τοῦτο
532 504 562 534 τὸ
578 504 616 544 μὴ
640 505 765 535 δύνασθαι
787 503 855 533 ἐκεί-

67 562 119 584 νους
133 550 267 587 ἀτενίσαι,
284 549 398 579 ἐδείκνυε
412 549 461 585 τὴν
478 548 556 584 δόξαν
572 549 644 583 τέλος
662 548 787 589 ἔχουσαν.
805 547 853 583 Μὴ

67 595 182 634 ὁρωμένη
208 594 278 635 γὰρ,
296 594 355 624 οὖδὲ
370 593 432 628 δόξα
448 589 480 631 ἦν
499 604 505 611 ·
533 593 580 624 καὶ
603 594 685 627 οὕτως
710 594 855 629 ἐδηλοῦτο,

67 639 103 669 ὅτι
124 640 300 680 ὀλιγοχρόνιος
327 638 418 677 ἔσται,
448 640 479 669 ἐκ
512 642 559 669 τοῦ
593 638 662 678 μηδὲ
687 637 766 673 δόξαν
790 636 855 678 φαί-

67 686 161 716 νεσθαι.

102 788 114 801 ι
129 774 197 805 Ἀλλ’
207 775 388 816 ἐπωρώθησαν
409 775 443 804 τὰ
455 774 578 813 νοήματα
596 775 681 804 αὖτῶν
699 785 704 793 ·
725 774 788 815 ἄχρι
804 773 855 813 γὰρ

66 821 108 856 τῆς
131 819 244 859 σήμερον
274 819 305 849 τὸ
333 820 397 850 αὐτὸ
418 819 549 858 κάλυμμα
574 819 620 848 ἐπὶ
644 821 677 859 τῇ
705 818 855 857 ἀναγνώσει

67 866 108 900 τῆς
123 865 247 898 Παλαιᾶς
264 865 398 901 Διαθήκης
414 865 504 903 μένει,
521 863 559 903 μὴ
580 865 832 902 ἀνακαλυπτόμενον
846 886 854 902 ,

67 908 115 938 ὅτι
129 909 154 938 ἐν
170 910 280 950 Χριστῷ
295 913 479 948 καταργεῖται.
506 920 520 937 ι
548 908 699 949 Ἐπωρώθη
710 932 718 948 ,
741 909 821 949 φησὶν
841 911 855 938 6

67 955 119 988 νοῦς
145 955 248 990 αὐτῶν,
278 954 322 984 καὶ
346 953 388 983 διὰ
407 956 485 983 τοῦτο
508 953 568 983 οὔτε
592 955 616 982 οἱ
640 954 700 984 τότε
724 954 854 990 ἔϐλεπον,

67 998 121 1028 οὔτε
133 1000 157 1028 οἱ
171 1001 215 1028 νῦν
227 1022 235 1036 ,
260 1000 295 1033 ὡς
309 998 502 1037 πεπωρωμένοι
511 1021 519 1034 ,
540 998 587 1027 καὶ
601 998 631 1027 τὸ
646 998 711 1028 αὐτὸ
724 999 854 1037 κάλυμμα

68 1043 162 1083 ἔχοντες
177 1044 203 1073 ἐν
218 1044 258 1084 τῷ
278 1043 413 1084 προσώπῳ
437 1045 484 1072 τοῦ
507 1043 630 1077 Μωσέως
642 1066 649 1079 ,
675 1044 813 1073 τουτέστιν
829 1045 855 1073 ἐν

68 1090 97 1128 τῇ
110 1088 258 1130 ἐπιπολαίῳ
280 1087 428 1127 ἀναγνώσει
452 1090 499 1118 τοῦ
521 1088 601 1127 νόμου
616 1088 642 1107 ⁵⁸
657 1088 780 1127 (Μωσέα
803 1087 854 1128 γὰρ

68 1132 106 1162 τὸν
123 1133 199 1171 νόμον
212 1133 338 1171 ὀνομάζει
359 1132 490 1172 Χριστὸς,
506 1134 542 1166 ὡς
556 1134 585 1163 τὸ
596 1156 603 1170 ,
623 1144 637 1162 ιι
651 1132 766 1172 Ἔχουσι
784 1134 855 1162 Μω-

69 1177 111 1206 σέα
131 1178 173 1207 καὶ
191 1177 252 1212 τοὺς
276 1177 412 1218 προφήτας
426 1178 471 1216 -),
494 1177 539 1206 καὶ
556 1178 613 1207 οὐδὲ
639 1177 856 1207 ἀνακαλύπτεται

69 1222 161 1258 αὐτοῖς,
184 1222 244 1253 οὐδὲ
270 1221 485 1261 διαγινώσκεται,
514 1221 554 1251 ὅτι
575 1224 589 1251 6
619 1221 736 1262 Χριστὸς
760 1222 856 1260 ἔμελλε

70 1269 224 1306 καταργῆσαι
245 1266 295 1303 τὴν
314 1266 448 1296 Παλαιοίν.
469 1266 560 1296 Ὥστε
582 1269 629 1303 τῆς
647 1268 733 1296 αὐτῶν
749 1266 856 1306 γνώμης

70 1311 96 1340 τὸ
108 1315 225 1350 πταῖσμα
246 1320 254 1328 ’
274 1313 292 1347 ἡ
312 1311 364 1352 γὰρ
388 1310 529 1350 πώρωσις,
558 1311 666 1350 γνώμης
691 1311 852 1351 ἁμάρτημα.

71 1354 113 1391 Μὴ
130 1355 221 1393 τοίνυν,
245 1355 330 1396 φησὶ,
354 1355 520 1394 θαυμάζετε,
542 1357 565 1385 εἰ
590 1356 628 1394 μὴ
643 1355 768 1385 δύνανται
792 1356 856 1385 ἰδεῖν

71 1398 113 1435 τὴν
127 1400 198 1434 δόξαν
212 1403 260 1431 τοῦ
277 1401 395 1440 Χριστοῦ
410 1400 448 1438 ⁵9,
465 1400 511 1429 καὶ
523 1403 665 1430 πιστεῦσαι
681 1402 704 1430 οἱ
718 1401 855 1430 Ἰουδαῖοι·

71 1445 122 1474 οὐδὲ
144 1446 192 1486 γὰρ
207 1446 258 1482 τὴν
285 1447 331 1475 τοῦ
357 1445 455 1484 νόμου,
477 1445 524 1482 τὴν
554 1446 697 1482 ἐλάττονα,
725 1445 856 1481 ἠδύναντο

72 1489 134 1519 (δεῖν.
151 1485 183 1520 Εἴ
197 1490 250 1530 γὰρ
275 1490 376 1525 ἐκείνην
401 1485 485 1526 εἶδον,
503 1490 610 1524 πάντως
632 1489 663 1519 ἂν
679 1490 725 1520 καὶ
742 1489 790 1525 τὴν
811 1493 857 1520 τοῦ

71 1534 187 1572 Χριστοῦ.
206 1535 279 1569 Δόξα
294 1534 346 1575 γὰρ
364 1533 445 1571 νόμου
457 1534 488 1564 τὸ
509 1534 574 1575 πρὸς
598 1535 642 1564 τὸν
662 1535 778 1575 Χριστὸν
796 1535 856 1564 ἐπι.

71 1546 187 1572 Λριστου.
206 1546 279 1569 nega
294 1546 330 1574 γα
364 1546 445 1571 νομου
457 1546 488 1564 το
509 1546 574 1575 προς
598 1547 642 1564 τον
662 1546 778 1575 Λριστον
796 1546 855 1564 επι-

71 1579 182 1620 στρέψαι.
200 1581 258 1610 Ποῦ
270 1579 298 1609 δὲ
313 1546 385 1609 εἶπεν
399 1579 440 1608 ὅτι
459 1582 473 1609 6
485 1578 564 1618 νόμος
577 1579 604 1598 ⁶⁰
620 1581 645 1609 ἐν
664 1581 774 1619 Χριστῷ
790 1579 855 1618 μέλ-

71 1623 106 1652 λει
127 1626 339 1664 κπαργηθῆναι;
368 1624 423 1654 Καὶ
445 1625 472 1654 ἐν
496 1626 554 1664 τῷ,
582 1638 594 1651 ι
625 1624 771 1665 Προφήτην
794 1626 856 1662 ὑμῖν

71 1668 204 1705 ἀναστήσει
231 1668 329 1709 Κύριος
352 1670 366 1698 6
390 1669 459 1702 Θεός
477 1680 484 1687 ’
507 1670 586 1699 αὐτοῦ
611 1669 756 1699 ἀκούσεσθε
786 1669 856 1698 κατὰ

71 1712 158 1743 πάντα.
171 1725 185 1742 ι
200 1713 288 1744 Ὥστε
310 1714 368 1743 ἐπεὶ
383 1714 595 1753 προσετάσσοντο
616 1714 698 1744 αὐτοῦ
723 1715 856 1751 ἀκοῦσαι,

71 1757 139 1791 αὐτὸς
154 1758 180 1788 δὲ
194 1759 240 1788 καὶ
255 1758 289 1788 τὰ
309 1758 443 1788 Σάίϐατα
459 1758 609 1798 παρέλυσε,
625 1759 668 1788 καὶ
685 1759 732 1794 τὴν
750 1770 854 1799 περιτο·

71 1802 190 1839 ιιὴν,καὶ
214 1803 302 1833 τᾶλλα
327 1804 434 1833 ἅπαντα
449 1815 456 1822 ·
475 1806 490 1833 6
514 1803 591 1842 νόμος
615 1803 667 1844 ἄρα
690 1803 856 1844 προσέτασσε

72 1847 113 1882 τὴν
133 1849 227 1878 οἰκείαν
248 1848 406 1879 κατάλυσιν.
428 1847 508 1878 Ἀλλὰ
530 1849 576 1878 καὶ
599 1849 625 1877 ἐν
649 1850 686 1888 τῷ
702 1849 748 1882 τὰς
764 1849 856 1882 θυσίας

71 1892 205 1930 προστάξαι
219 1893 338 1932 γίνεσθαι
358 1892 406 1931 μὶν
428 1893 455 1922 ἐν
482 1893 520 1922 ἑνὶ
537 1895 610 1932 ναῷ,
625 1895 717 1922 τοῦτον
734 1893 761 1922 δὲ
778 1893 857 1922 αὐτὸν

71 1936 143 1965 πάλιν
163 1939 282 1967 καθελεῖν
293 1961 301 1975 ,
317 1939 347 1967 οὖ
371 1937 418 1971 τὰς
442 1937 532 1971 θυσίας
557 1937 649 1978 ἀνῄρει
665 1938 802 1971 παντελῶς
816 1938 856 1974 t7';

74 1981 133 2017 Καὶ,
157 1993 171 2009 α
193 1981 232 2012 Σὺ
251 1982 348 2022 Αἱερεὺς
371 1983 406 2016 εἷς
432 1982 475 2011 τὸν
501 1983 584 2011 αἰῶνα
611 1982 680 2011 κατὰ
707 1982 756 2018 τὴν
783 1981 855 2016 τάξιν

72 2025 232 2067 Μιλχισιδέχ
250 2038 256 2045 ·
272 2037 286 2055 ιι
308 2026 371 2063 καὶ,
397 2040 410 2053 ιι
431 2026 535 2056 Θυσίαν
559 2026 605 2056 καὶ
628 2026 783 2066 προσφορὰν
809 2027 856 2056 οὐκ

71 2070 203 2107 ἠθέλησας,
219 2083 233 2102 ιι
257 2072 350 2102 Ταῦτα
366 2071 418 2112 γὰρ
433 2071 522 2101 πάντα
536 2071 610 2106 λύσις
623 2075 668 2102 τοῦ
683 2072 775 2111 νόμου.

111 2170 124 2188 u
137 2159 203 2190 Ἀλλ’
225 2161 275 2194 ἕως
289 2160 406 2201 σήμερον
416 2161 495 2198 ἡνίκα
511 2160 722 2199 ἀναγινώσκεται
737 2163 840 2198 Μωσῆς
849 2184 857 2198 ,

73 2203 190 2243 κάλυμμα
212 2205 258 2235 ἐπὶ
281 2206 330 2241 τὴν
355 2206 465 2245 καρδίαν
481 2206 569 2235 αὐτῶν
594 2210 690 2237 κεῖται.
708 2220 720 2232 ι»

73 2248 185 2289 ἀνωτέρω
209 2245 293 2286 εἶπεν,
311 2250 353 2281 ὅτι
378 2250 508 2290 κάλυμμα
529 2251 574 2280 ἐπὶ
592 2252 624 2290 τῇ
644 2251 791 2290 ἀναγνώσει
810 2254 857 2288 τῆς

75 2292 187 2327 Παλαιᾶς
200 2299 287 2324 κεῖται
300 2307 306 2314 ·
334 2294 378 2324 ἵνα
401 2295 438 2333 μή
463 2307 502 2329 τις
523 2294 620 2335 νομίσῃ
634 2318 642 2334 ,
660 2296 701 2326 ὅτι
724 2297 856 2335 κάλυμμα

73 2336 135 2375 λέγει
156 2339 201 2375 τὴν
218 2342 264 2369 τοῦ
279 2339 360 2379 νόμου
385 2340 532 2380 ἀσάφειαν,
558 2340 648 2380 Οὐχὶ,
673 2340 770 2380 φησὶν,
786 2341 856 2371 ἀλλὰ

73 2381 114 2416 τὴν
129 2382 248 2423 πώρωσιν
273 2385 319 2414 καὶ
340 2385 484 2425 παχύτητα
506 2386 555 2420 τῆς
577 2385 664 2414 αὐτῶν
689 2385 798 2424 καρδίας
814 2386 855 2423 ⁶²,

73 2426 162 2464 ταύτην
176 2430 243 2468 φημὶ
258 2429 388 2468 κάλυμμα
403 2439 410 2447 ⁸
427 2429 482 2460 ἐπεὶ
498 2429 543 2459 καὶ
558 2431 585 2459 ἐν
601 2431 633 2469 τῇ
649 2429 708 2470 ὄψει
726 2431 855 2467 Μωσέως,

75 2470 140 2517 οὖδι¹
159 2474 254 2503 ἐκεῖνον
269 2473 371 2512 ἔκειτο,
389 2475 458 2504 ἀλλὰ
475 2473 518 2504 διὰ
533 2473 582 2510 τήν
600 2474 700 2504 τούτων
715 2475 856 2517 παχύτητα

75 2515 113 2545 καὶ
127 2517 312 2556 ἄμϐλυωπίαν.

114 2606 232 2638 ιιἫνίκα
255 2608 277 2638 δ’
298 2608 330 2639 ἂν
351 2609 498 2650 ἐπιστρέψῃ
523 2610 588 2650 πρὸς
615 2609 729 2651 Κύριον,
755 2622 857 2652 περιαι-

910 283 986 311 vobis
1007 282 1174 311 obscuritate
1194 286 1328 318 tanquam
1345 283 1481 311 velamine
1505 286 1637 321 quopiam
1659 293 1705 313 oc-

910 328 1021 356 cultare.
1039 327 1169 355 Israelita:
1190 331 1295 360 autem,
1319 331 1415 363 utpote
1439 327 1532 362 rudes,
1555 337 1610 357 non
1625 334 1704 365 pote-

909 377 971 401 rant
985 372 1075 400 videre
1094 371 1169 408 quod
1183 371 1266 399 ﬁnem
1280 371 1405 400 habitura
1427 380 1484 401 erat
1500 373 1553 406 lex,
1576 374 1703 409 quodque

910 416 1067 453 abroganda
1083 415 1162 444 foret.
1177 416 1274 444 Velum
1285 417 1358 444 enim
1369 417 1499 453 pinguem
1511 425 1619 446 necnon
1632 426 1704 446 cras-

909 469 969 490 sam
979 469 1075 490 eorum
1091 465 1214 489 mentem
1227 460 1374 497 signiﬁcat,
1388 465 1418 489 ut
1432 462 1503 490 infra
1517 461 1616 490 disces.
1629 463 1703 490 Non-

908 506 976 534 nulli
989 514 1052 534 vero
1064 506 1101 534 ita
1118 505 1324 540 intellexerunt,
1339 505 1418 542 quod
1432 506 1499 534 illud
1516 506 1616 543 ipsum,
1629 507 1704 543 quod

909 551 1014 579 vultum
1032 550 1089 587 ejus
1106 550 1207 579 intueri
1223 558 1278 578 non
1297 554 1456 586 potuerunt,
1473 551 1632 580 ostenderet
1647 552 1704 588 glu-

909 596 980 624 riam
990 595 1071 624 istam
1085 595 1168 623 ﬁnem
1181 594 1293 623 habere.
1308 596 1377 623 Cum
1394 596 1468 623 enim
1488 604 1543 624 non
1556 595 1704 630 videretur,

908 641 993 677 gloria
1016 648 1071 669 non
1094 643 1173 668 erat:
1191 644 1273 676 atque
1291 639 1343 668 hac
1369 640 1476 669 ratione
1497 641 1704 677 signiﬁcabatur

909 693 971 714 eam
986 693 1043 714 non
1059 685 1106 713 diu
1119 684 1293 720 duraturam,
1313 684 1538 722 quandoquidem
1557 693 1592 714 ne
1614 685 1703 722 gloria

910 730 1020 766 quidem
1035 733 1185 766 appareret.

946 775 1030 810 260
1041 775 1132 802 Vsus.
1147 776 1188 801 14.
1206 784 1218 797 ι
1235 772 1290 801 Sed
1302 773 1392 815 obtusi
1405 777 1469 802 sunt
1482 781 1578 803 sensus
1593 782 1704 809 eorum,

910 820 978 848 Nam
998 819 1026 847 in
1041 818 1205 847 hodiernum
1225 825 1310 854 usque
1325 817 1400 846 diem
1426 818 1502 847 idem
1525 819 1649 847 velamen
1676 819 1704 847 in

871 869 894 900 Β
909 864 1025 892 lectione
1044 862 1150 891 Veteris
1163 863 1331 891 Testamenti
1359 867 1455 892 manet
1473 871 1528 891 non
1543 864 1704 897 revelatum,

907 909 982 946 quod
996 909 1026 936 in
1049 908 1158 936 Christo
1172 907 1307 935 aboletur.
1335 919 1348 932 ιι
1365 908 1506 936 Excaecata
1526 912 1578 943 est,
1604 908 1704 944 inquit,

909 962 988 983 mens
1005 961 1104 983 eorum
1127 962 1133 980 τ
1149 960 1181 981 ac
1200 956 1345 988 propterea
1365 960 1454 989 neque
1469 953 1516 989 qui
1539 957 1598 981 tum
1614 953 1705 982 vixere

910 999 1048 1033 videbant,
1075 1005 1163 1034 neque
1186 997 1233 1034 qui
1268 998 1349 1027 hodie
1376 1002 1523 1035 supersunt
1548 1003 1663 1026 cernunt
1696 1009 1702 1026 :

909 1045 1009 1081 quippe
1021 1045 1149 1073 excaecati
1173 1045 1237 1080 sint,
1262 1045 1389 1082 idemque
1413 1043 1599 1072 velamentum
1619 1043 1703 1071 habe-

909 1094 958 1118 aut
971 1090 998 1118 in
1013 1089 1079 1118 facie
1098 1091 1193 1122 Mosis,
1208 1090 1268 1126 [hoc
1291 1094 1344 1124 est,
1365 1090 1394 1117 in
1408 1088 1571 1125 superﬁciali
1586 1088 1702 1116 lectione

910 1135 986 1172 legis.
1001 1135 1071 1162 Nam
1086 1136 1181 1163 Mosen
1201 1135 1327 1163 Christus
1349 1135 1437 1170 legem
1461 1133 1598 1167 nominat,
1624 1136 1655 1161 ut
1676 1133 1702 1160 in

910 1187 942 1208 eo
958 1179 1018 1207 loco
1034 1189 1040 1207 :
1056 1191 1069 1204 α
1091 1179 1200 1208 Habent
1216 1181 1311 1207 Mosen
1327 1183 1355 1207 et
1374 1178 1521 1214 prophetas
1534 1175 1557 1205 ".
1582 1189 1594 1202 »ι
1610 1178 1704 1213 Neque

910 1224 1048 1253 revelatur
1071 1225 1120 1258 eis,
1143 1232 1233 1261 neque
1263 1223 1442 1260 dignoscitur,
1469 1222 1543 1259 quod
1579 1222 1704 1250 Christus

909 1273 982 1297 esset
1015 1269 1208 1306 antiquatums
1243 1269 1330 1297 Vetus
1359 1269 1575 1296 Testamentum.
1606 1268 1703 1302 Itaque

911 1314 1011 1342 mentis
1025 1321 1121 1342 eorum
1139 1322 1217 1342 error
1229 1317 1271 1342 est
1287 1323 1294 1341 :
1311 1313 1449 1350 siquidem
1463 1312 1608 1341 exczecatio
1624 1319 1702 1340 men-

910 1359 944 1386 tis
957 1363 998 1386 est
1009 1363 1160 1395 peccatum.
1176 1360 1217 1387 Ne
1231 1359 1313 1395 igitur
1328 1359 1429 1386 mirum
1452 1357 1587 1391 sit.vobis,
1604 1356 1703 1392 inquit,

911 1403 933 1431 si
953 1411 1008 1431 non
1027 1404 1132 1440 possint
1143 1403 1245 1431 intueri
1258 1403 1284 1431 in
1300 1403 1415 1439 gloriam
1427 1402 1538 1437 Christi,
1555 1406 1583 1430 et
1595 1401 1705 1430 credere

910 1448 999 1477 Judaei
1014 1458 1020 1476 :
1036 1456 1123 1485 neque
1137 1449 1210 1476 enim
1222 1448 1339 1484 gloriam
1355 1448 1431 1483 legis,
1449 1455 1510 1484 quae
1525 1447 1615 1475 minor
1633 1449 1702 1480 erat,

911 1493 1066 1529 conspicere
1086 1497 1220 1529 poterant.
1243 1493 1272 1521 Si
1292 1493 1366 1520 enim
1389 1493 1458 1527 legis
1481 1492 1596 1528 gloriam
1622 1490 1705 1519 vidis-

911 1541 982 1572 sent,
1007 1537 1105 1566 Christi
1127 1538 1210 1566 etiam
1224 1537 1340 1574 gloriam
1361 1537 1502 1565 vidissent.
1519 1536 1614 1565 Gloria
1629 1535 1703 1563 enim

911 1582 976 1618 legis
989 1587 1041 1616 est,
1067 1582 1101 1610 ad
1122 1583 1264 1611 Christum
1280 1582 1414 1610 converti.
1440 1582 1490 1609 Ubi
1508 1585 1603 1609 autem
1625 1580 1706 1614 dixit,

909 1627 985 1664 quod
998 1627 1038 1655 lex
1053 1635 1102 1663 per
1119 1627 1258 1656 Christum
1273 1628 1309 1655 sit
1321 1626 1494 1662 abroganda?
1508 1626 1564 1653 Illic
1578 1625 1626 1654 ubi
1641 1625 1679 1653 ait
1694 1633 1701 1652 :

912 1683 924 1696 ι
946 1672 1110 1708 Prophetam
1141 1672 1218 1700 vobis
1247 1671 1379 1700 excitabit
1400 1671 1538 1699 Dominus
1560 1672 1636 1698 Deus
1659 1678 1667 1700 ι
1695 1679 1701 1697 :

909 1716 999 1752 ipsum
1014 1725 1062 1753 per
1075 1717 1167 1745 omnia
1178 1716 1302 1745 audietis.
1327 1728 1339 1741 ιι
1357 1718 1454 1752 Itaque
1468 1723 1532 1744 cum
1543 1715 1706 1751 juberentur

910 1761 1002 1797 ipsum
1027 1761 1132 1795 audire,
1148 1762 1206 1797 ipse
1227 1769 1290 1789 vero
1305 1765 1332 1789 et
1350 1760 1470 1789 Sabbata
1490 1759 1662 1793 dissolveret,
1678 1763 1706 1786 et

910 1806 1146 1834 circumcisionem
1164 1806 1271 1842 aliaque
1293 1806 1388 1833 omnia
1414 1806 1478 1833 :lex
1500 1805 1584 1840 igitur
1614 1805 1706 1839 impe«

909 1850 988 1878 rabat
1002 1851 1143 1886 propriam
1160 1851 1202 1878 sui
1217 1850 1438 1878 dissolutionem.
1461 1849 1574 1884 Insuper
1593 1856 1639 1884 per
1654 1848 1707 1875 hoc

911 1894 984 1931 quod
1003 1895 1131 1931 praecepit
1145 1903 1223 1922 sacra
1237 1894 1295 1922 ﬁeri
1310 1894 1337 1921 in
1349 1901 1404 1922 uno
1425 1893 1538 1928 templo,
1564 1901 1597 1921 ac
1611 1900 1707 1920 rursus

910 1940 976 1968 illud
993 1940 1082 1975 ipsum
1099 1939 1240 1972 destruxit,
1255 1946 1344 1966 nonne
1366 1937 1501 1966 sacriﬁcia
1525 1936 1642 1965 omnino
1655 1944 1704 1964 au-

910 1984 1034 2013 ferebat?
1059 1986 1104 2017 Et,
1126 1993 1141 2010 ‹ι
1162 1985 1204 2012 'l‘u
1241 1991 1270 2012 es
1292 1982 1420 2011 sacerdos
1442 1982 1469 2010 in
1491 1986 1637 2015 aeternum,
1665 1989 1707 2009 se-

910 2029 1032 2058 cundum
1050 2029 1177 2057 ordinem
1193 2027 1392 2057 Melchisedech
1411 2029 1477 2061 ¹¹λ;››
1500 2031 1538 2061 et,
1556 2037 1569 2053 α
1594 2026 1706 2055 Sacriﬁ-

912 2075 986 2102 cium
1006 2079 1034 2102 et
1047 2074 1216 2102 oblationem
1231 2072 1346 2102 noluisti
1361 2077 1386 2102 η.
1411 2084 1423 2098 »ι
1438 2072 1497 2100 Hac
1517 2071 1589 2100 enim
1611 2071 1703 2099 omnia

912 2119 978 2155 legis
991 2123 1057 2147 sunt
1069 2119 1181 2148 solutio.

948 2169 1038 2195 Vsus.
1062 2169 1106 2194 12.
1123 2177 1136 2190 ι
1151 2165 1206 2194 Sed
1220 2173 1307 2201 usque
1319 2165 1346 2193 in
1361 2164 1526 2193 hodiernum
1541 2164 1617 2192 diem
1635 2171 1701 2191 cum

744 2206 856 2242 Ἐπιιδὴ
874 2211 1010 2248 Dlegitur
1041 2213 1145 2245 Moses,
1173 2210 1297 2238 velamen
1324 2210 1444 2246 positum
1475 2213 1517 2237 est
1545 2216 1630 2244 super
1654 2216 1702 2236 cor

910 2264 1016 2285 eorum.
1043 2267 1054 2280 ι
1080 2256 1151 2292 Quia
1175 2262 1256 2291 supra
1279 2254 1395 2288 dixerat,
1423 2253 1497 2290 quod
1523 2253 1552 2281 in
1586 2252 1705 2280 lectione

911 2301 1010 2329 veteris
1032 2300 1100 2336 legis
1124 2299 1253 2328 velamen
1275 2299 1455 2336 sitpositum,
1479 2306 1513 2326 ne
1535 2297 1594 2334 quis
1606 2297 1706 2325 existi-

911 2350 969 2374 met
991 2344 1067 2382 quod
1091 2344 1275 2373 velamentum
1299 2344 1363 2379 legis
1395 2343 1595 2371 obscuritatem
1621 2342 1704 2376 diuit,

909 2390 1140 2426 Haudquaquam,
1155 2388 1326 2425 inquitﬁsed
1351 2389 1502 2417 caecitatem
1526 2392 1555 2416 et
1579 2387 1706 2415 crassitu-

912 2436 1006 2465 dinem
1034 2434 1124 2463 cordis
1153 2442 1261 2468 eorum,
1289 2433 1360 2461 hanc
1394 2432 1458 2461 dico
1486 2433 1670 2461 velamentum
1697 2440 1704 2459 :

911 2479 1134 2518 quandoquidem
1156 2479 1183 2506 in
1199 2477 1267 2506 facie
1289 2478 1456 2512 llIosis,non
1480 2481 1592 2514 propter
1606 2476 1706 2512 ipsum,

911 2525 959 2554 sed
979 2529 1090 2562 propter
1107 2531 1205 2552 eorum
1226 2523 1377 2552 crassitiem
1399 2523 1649 2557 hebetudinemque
1665 2521 1704 2548 vi-

911 2578 958 2599 sus
973 2570 1093 2606 positum
1104 2573 1174 2597 erat.
1683 2574 1685 2576 ·

947 2616 1039 2644 Vens.
1056 2616 1099 2643 16.
1118 2625 1131 2638 ι
1147 2613 1263 2648 Quando
1282 2617 1376 2642 autem
1397 2619 1546 2641 conversus
1571 2609 1655 2639 fuerit
1673 2609 1708 2638 ad

105 2668 118 2688 ι
130 2674 192 2703 Luc.
207 2683 271 2711 xvr,
287 2679 332 2705 29.
372 2676 379 2694 ¹
396 2677 479 2706 Deut.
497 2684 589 2710 mu,
608 2680 652 2706 ts.
690 2681 710 2696 ω
725 2678 797 2706 Psal.
814 2685 836 2708 ο

957 2682 972 2696 ι
986 2677 1060 2706 Psal.
1075 2684 1184 2711 χχχιχ,
1199 2679 1226 2704 7.

754 2732 848 2762 Variae
869 2733 1017 2762 lectiones.

107 2783 126 2801 ⁸⁷
148 2787 226 2819 καλῶς
250 2791 293 2816 τοῦ
308 2789 456 2825 εὗαγγελίου
483 2797 510 2818 o.
549 2789 569 2807 ⁵⁷
584 2790 660 2817 καλεῖ
681 2799 706 2819 ο,
747 2790 768 2807 ⁵⁸
797 2793 840 2824 τῆς
864 2791 970 2822 παλαιᾶς
997 2790 1115 2824 διαθήκης
1142 2798 1168 2818 o.
1207 2788 1229 2806 ⁵⁸
1245 2790 1288 2815 τοῦ
1311 2787 1375 2814 Θεοῦ
1396 2795 1424 2816 o.
1461 2786 1484 2804 ⁸ο
1498 2785 1513 2813 ὁ
1528 2786 1604 2822 νόμος
1625 2786 1664 2813 ὃτι
1679 2794 1705 2813 o.

77 2821 93 2839 ⁶¹
108 2830 208 2862 φανερῶς
220 2836 246 2856 0.
283 2829 305 2847 θ’
319 2821 428 2861 διανοίας
440 2839 467 2859 ο.
