1867 3081
161 177 212 203 835

669 173 925 201 THEOPHYLACTI
945 173 1125 200 BULGARIE
1145 173 1303 201 ARCHIEP.
1760 175 1809 200 836

160 237 324 272 Dominum,
353 235 492 265 auferetur
527 236 663 264 velamen.
692 235 828 264 Dominus
857 239 945 263 autem

1041 239 1095 264 ῖται
1109 235 1139 264 τὸ
1154 236 1285 274 κάλυμμα
1303 247 1310 254 ⁸
1327 237 1341 264 ὁ
1361 234 1388 264 δὲ
1406 235 1503 275 Κύριος
1519 235 1549 265 τὸ
1573 235 1687 273 Πνεῧμέ
1706 236 1774 266 ἐστι.
1791 246 1804 263 n

159 283 277 318 Spiritus
297 284 349 310 est.
374 292 387 306 υ
414 282 530 310 Modum
553 281 596 309 hic
621 281 688 310 dicit
713 289 768 317 quo
787 280 845 308 ﬁeri
866 280 954 316 possit

158 331 191 355 ut
203 326 376 363 corrigantur
392 326 522 355 Israelita;
536 335 544 353 :
568 337 581 351 α
597 326 714 361 Quando
729 333 877 353 conversus
892 324 955 353 fue-

157 372 194 400 rit
207 372 243 400 ad
258 371 421 405 Dominum,
437 383 452 397 π
478 371 567 408 inquit
582 380 588 399 :
605 371 657 399 hoc
671 375 723 404 est,
737 370 849 406 quando
863 378 878 398 a
895 370 954 405 lege

156 416 297 451 defecerit,
320 417 520 452 accesseritque
548 415 678 451 Spirituali
701 415 859 450 Evangelio,
887 418 954 442 tunc

158 461 299 490 auferetur
330 462 527 490 velamentum.
556 461 628 488 Nam
652 460 761 497 quando
798 461 899 492 Moses,
923 463 953 486 ut

157 505 271 534 historia
294 506 386 541 habet,
412 506 446 534 ad
462 505 614 534 Dominum
633 505 854 538 convertebatur,
883 507 953 532 rete-

155 554 216 579 ctus
229 554 296 578 erat.
310 550 341 579 ld
352 558 417 578 vero
431 550 514 578 futuri
530 555 610 587 typus
624 555 682 578 erat
700 560 706 577 :
720 558 785 577 nam
800 556 863 577 cum
883 556 952 576 con-

155 603 248 623 versus
261 595 398 632 quispiam
413 594 496 623 fuerit
507 595 541 623 ad
567 594 700 631 Spiritum
716 595 752 630 (is
766 594 839 622 enim
852 593 951 621 Domi-

155 648 207 668 nus
225 643 289 674 est),
308 644 374 668 tunc
393 640 499 668 nudam
528 639 632 668 videbit
652 639 749 667 faciem
777 638 950 674 legislatoris,

154 685 211 713 imo
226 685 283 720 ipse
305 685 358 713 erit
378 685 406 713 in
429 685 516 713 Mosis
541 684 638 712 ordine
659 688 686 712 et
709 685 780 718 loco,
801 688 829 711 et
843 683 951 711 fruetur

154 729 251 766 gloria,
276 729 344 766 legis
363 729 492 766 gloriam,
516 734 652 765 quantum
671 728 774 757 dictum
793 731 845 762 est,
869 734 948 763 supe-

153 779 244 802 rante.
265 775 346 810 261
372 775 451 802 Hanc
473 774 548 805 enim
569 773 681 803 donabit
703 773 832 809 Spiritus,
855 775 950 808 utpote

153 819 293 848 Dominus
304 823 332 847 et
345 819 530 855 omnipotens.

189 865 329 894 Vsus.l7.
347 874 362 890 (ί
381 864 438 893 Ubi
462 869 554 893 autem
567 864 684 900 Spiritus
710 863 834 897 Domini,
859 861 894 890 ibi
916 862 948 889 li-

153 909 255 938 bertas.
274 921 287 934 ιι
304 910 335 937 ln
348 909 407 946 lege
427 909 525 945 jugum
543 913 602 937 erat
617 913 644 937 et
658 908 776 936 servitus
792 917 799 935 ε
815 907 840 935 in
865 907 949 942 Spiri-

153 958 198 983 tus
216 959 310 983 autem
328 955 388 991 lege
402 958 430 982 et
444 954 599 990 Evangelio,
620 954 741 987 libertas,
758 956 789 981 ut
809 952 877 980 citra
901 951 950 979 ob—

150 1001 287 1030 etaculum
301 1006 329 1030 et
340 1001 426 1030 libere
439 1001 566 1029 videatur
576 1001 662 1037 gloria
676 999 797 1029 Domini.

187 1093 276 1122 Vsus.
307 1096 351 1121 18.
383 1102 398 1120 α
421 1093 480 1121 Nos
504 1100 569 1121 vero
592 1100 690 1121 omnes
724 1092 844 1121 revelata
884 1091 950 1120 facie

151 1137 270 1166 Sloriam
288 1138 396 1165 Domini
413 1137 596 1174 speculantes,
611 1137 644 1166 ad
660 1137 786 1166 eamdem
798 1137 948 1173 imaginem

151 1182 393 1217 transformamur,
418 1191 434 1211 a
457 1182 541 1219 gloria
563 1183 592 1210 in
617 1183 747 1219 gloriam,
776 1186 908 1218 tanquam
933 1189 949 1210 a

153 1227 261 1256 Domini
281 1228 392 1264 Spiritu.
415 1239 428 1252 ι
446 1229 553 1262 Tanta,
568 1228 665 1264 inquit,
683 1227 807 1255 libertate
821 1232 849 1255 et
871 1227 948 1263 inge—

150 1272 254 1301 nuitate
264 1272 394 1306 fruimur,
416 1276 448 1300 ut
461 1280 558 1300 omnes
573 1280 625 1300 nos
645 1272 748 1304 ﬁdeles,
770 1280 826 1300 non
849 1280 946 1307 quem-

149 1317 299 1345 admodum
315 1325 386 1346 unus
399 1317 453 1345 illic
467 1318 570 1351 Moses,
591 1320 690 1345 retecta
705 1316 772 1344 facie
791 1316 857 1352 (non
871 1316 946 1344 enim

150 1365 191 1390 est
214 1362 286 1397 apud
308 1361 450 1390 credentes
475 1362 668 1395 velamentum)
697 1361 814 1398 gloriam
835 1361 947 1388 Domini

147 1406 327 1442 speculantes,
345 1406 380 1434 ad
395 1406 526 1435 eamdem
541 1407 689 1442 imaginem
703 1406 945 1438 transformemur,

149 1451 201 1479 hoc
214 1455 266 1486 est,
282 1451 410 1480 eamdem
433 1451 552 1487 gloriam
578 1451 751 1486 recipiamus,
767 1455 796 1478 et
814 1454 945 1486 tanquam

148 1496 302 1532 speculum,
328 1495 504 1532 splendorem
528 1495 693 1531 recipientes
720 1503 751 1523 ac
779 1503 876 1522 rursus
902 1502 946 1522 re-

148 1541 329 1576 splendentes.
354 1542 395 1568 Ac
415 1540 655 1575 quemadmodum
674 1544 820 1576 argentum
843 1539 893 1567 soli
914 1547 945 1567 ex

148 1585 263 1613 adverso
278 1585 402 1621 positum
420 1584 511 1612 radios
525 1583 659 1621 quosdam
674 1589 701 1612 et
719 1585 808 1620 ipsum
829 1584 944 1620 appulsu

148 1630 215 1657 solis
224 1629 350 1662 remittit,
362 1629 401 1656 sic
415 1633 442 1656 et
454 1637 506 1656 nos
523 1629 550 1656 in
563 1628 728 1664 baptismate
749 1637 796 1664 per
810 1629 942 1665 Spiritum

150 1674 258 1710 purgati
284 1673 413 1709 illiusque
436 1673 519 1701 radiis
546 1673 780 1709 illustrati,jubar
804 1673 944 1709 quoddam

150 1718 291 1754 spirituale
305 1718 485 1752 remittimus,
505 1725 538 1746 ac
562 1718 794 1746 transformamur
816 1718 851 1747 ad
866 1727 944 1746 eam-

152 1762 218 1791 dem
243 1762 403 1799 imaginem,
428 1770 443 1790 a
467 1762 552 1798 gloria
576 1763 693 1799 Spiritus
707 1763 743 1791 ad
758 1763 874 1800 gloriam
897 1771 945 1790 no-

151 1811 237 1836 stram
252 1816 259 1835 :
278 1815 392 1844 eamque
406 1809 502 1842 talem,
515 1807 623 1843 qualem
642 1816 689 1843 par
703 1812 744 1836 est
764 1808 864 1836 habere
878 1816 942 1835 eum

149 1852 217 1888 quia
229 1852 332 1888 Spiritu
347 1852 471 1887 Domini,
489 1852 536 1888 qui
552 1852 618 1881 nulli
640 1857 684 1880 est
702 1853 851 1888 subjectus,
879 1853 944 1880 illu-

148 1902 252 1926 stratus
273 1902 324 1926 est.
347 1898 418 1926 Nam
441 1905 506 1926 cum
525 1898 659 1925 Dominus
678 1898 724 1931 sit,
741 1897 842 1925 heriles
861 1897 943 1926 etiam

149 1942 221 1971 faces
237 1943 329 1971 habet.
353 1942 492 1978 Siquidem
506 1951 604 1970 omnes
622 1942 714 1971 ﬁdeles
733 1943 834 1978 Spiritu
848 1946 943 1970 sancto

147 1988 286 2024 replentur
304 1995 351 2024 per
371 1987 504 2022 baptisma
531 1987 675 2023 animaque
700 1988 822 2023 ipsorum
847 1987 942 2022 fulget,

147 2032 372 2068 quandoquidem
390 2031 474 2059 etiam
488 2031 580 2059 Moses
595 2031 715 2059 divinam
735 2031 849 2068 gloriam
875 2039 943 2059 cou-

145 2077 274 2112 spieatus,
289 2075 503 2104 transformatus
513 2080 593 2104 estet
608 2077 664 2111 ipse
680 2076 710 2103 in
726 2076 808 2109 hanc,
825 2076 878 2103 hoc
892 2080 942 2109 est,

146 2121 296 2157 assumpsit
314 2125 343 2149 et
356 2120 414 2156 ipse
433 2119 578 2156 fulgorem,
599 2120 721 2157 luxitque
744 2121 836 2148 vultus
849 2121 942 2157 ipsius,

145 2167 246 2203 quippe
258 2165 306 2203 qui
321 2165 408 2202 ﬁgura
417 2165 503 2192 nostri
516 2169 596 2194 esset.

447 2303 568 2331 CAPUT
588 2304 634 2331 IV.

177 2357 267 2385 Vsus.
288 2359 313 2384 t.
335 2367 349 2381 «
369 2355 434 2385 Ideo
452 2356 582 2384 habentes
608 2356 678 2384 hanc
696 2356 938 2391 ministrationem,

142 2400 378 2437 quemadmodum
414 2400 634 2429 misericordiam
668 2402 807 2429 consecuti
833 2410 938 2436 sumus,

142 2454 198 2474 non
214 2445 368 2474 deﬁcimus.
390 2457 403 2470 ν
419 2445 487 2480 Quia
501 2446 587 2473 multa
604 2454 636 2474 ac
650 2454 747 2481 magna
760 2446 878 2479 dixerat,
896 2447 939 2474 ni-

142 2490 257 2523 mirum,
269 2491 327 2518 Nos
345 2490 461 2526 apostoli
485 2492 561 2518 Mose
583 2490 703 2526 majores
718 2498 813 2518 sumus
828 2492 901 2523 (nam
915 2491 938 2519 si

143 2543 250 2569 omnes,
264 2535 350 2562 multo
371 2535 458 2571 magis
473 2534 536 2568 isti),
553 2539 631 2563 curat
650 2543 734 2568 nunc,
755 2535 877 2571 adeoque
893 2536 938 2563 de-

141 2580 228 2608 mittit
250 2584 389 2608 tumorem
415 2580 510 2613 istum,
531 2579 581 2607 Dei
601 2583 652 2612 est,
670 2580 804 2615 inquiens,
827 2580 936 2608 univer-

142 2632 214 2653 sum.
230 2625 284 2653 Nos
296 2624 369 2653 enim
379 2624 495 2652 ministri
512 2624 707 2652 tantummodo
717 2632 812 2653 sumus
830 2636 835 2653 :
850 2633 940 2661 neque

141 2669 205 2698 illud
221 2670 306 2698 etiam
322 2669 505 2697 ministerium
519 2673 643 2697 nostrum
663 2673 716 2703 est,
732 2669 791 2704 sed,
811 2679 825 2696 (ι
837 2678 935 2706 quem-

137 2713 301 2748 admodum,
317 2725 330 2738 ι
346 2714 446 2750 inquit,
468 2725 481 2739 ι
493 2714 712 2742 misericordiam
728 2715 872 2743 consecuti
887 2723 936 2743 su-

1011 279 1090 318 Λέγει
1106 282 1150 308 ν’ὗν
1165 280 1260 319 τρόπον
1271 303 1278 317 ,
1302 281 1336 309 δι’
1352 275 1381 309 οἷ
1397 280 1506 309 δυνατόν
1521 281 1578 309 ἐστι
1595 281 1771 319 δισρθιηθῆναι
1784 280 1808 299 ⁸³

1009 325 1069 358 τοὺς
1085 324 1264 364 Ἰσραηλίτας.
1283 336 1296 352 ιι
1313 324 1401 355 Ὅταν
1418 324 1563 364 ἐπιστρέψῃ
1584 325 1649 365 πρὸς
1663 325 1775 364 Κύριον,
1791 337 1805 352 ι

1010 369 1074 408 φησί
1084 381 1090 387 ·
1105 369 1253 405 τουτέστιν,
1278 369 1366 400 Ὅταν
1381 371 1484 409 ἀποστῇ
1499 372 1545 399 τοῦ
1561 369 1652 406 νόμου,
1665 369 1712 398 καὶ
1727 381 1807 408 προσ-

1008 413 1070 453 έλθῃ
1094 415 1131 454 τῷ
1167 417 1340 454 πνευματιχῷ
1374 415 1547 454 Εὐαγγελίῳ,
1574 414 1634 444 τότε
1661 416 1806 454 περιαιρεῖ-

1007 470 1051 487 ται
1072 459 1102 488 τὸ
1116 459 1257 497 κάλυμμα.
1276 459 1331 489 Καὶ
1351 459 1402 498 γὰρ
1422 460 1468 488 καὶ
1483 458 1528 488 ἐπὶ
1544 460 1591 494 τῆς
1613 459 1751 497 ἱστορίας,
1764 459 1804 488 ὅτε

1008 503 1073 543 πρὸς
1097 504 1140 532 τὸν
1164 505 1233 534 Θεὸν
1249 504 1394 544 ἐπέστρεψε
1416 506 1534 540 Μωσῆς,
1551 503 1805 543 ἀνακεκσὶ.υμμένος

1006 544 1048 584 ἦν.
1065 550 1152 579 Τοῦτο
1177 548 1204 577 δὲ
1228 551 1272 578 τοῦ
1298 548 1437 587 μέλλοντος
1457 548 1540 582 τύπος
1559 544 1604 584 ἦν,
1617 548 1658 578 ὅτι
1675 549 1739 577 ὅταν
1753 550 1804 578 ἐπι·

1006 595 1111 633 στραοῇ
1137 605 1175 627 τις
1189 593 1253 633 πρὸς
1275 593 1305 622 τὸ
1322 595 1434 632 Πνεῦμα
1459 593 1558 633 (τοῦτο
1577 593 1629 633 γὰρ
1647 595 1660 622 δ
1678 593 1805 632 Κύριος),

1005 638 1065 667 τότε
1092 638 1190 676 γυμνὸν
1222 637 1315 678 ὄψεται
1346 638 1376 667 τὸ
1403 637 1544 678 πρόσωπον
1575 641 1621 668 τοῦ
1643 639 1802 676 νομοθέτου·

1006 683 1107 721 μᾶλλον
1130 683 1157 712 δὲ
1182 682 1258 716 αὐτὸς
1282 683 1357 712 ἔσται
1380 684 1405 712 ἒν
1428 682 1501 717 τάξει
1525 683 1659 718 Μωσέως,
1691 682 1738 711 καὶ
1761 685 1805 718 τῆς

1005 727 1080 763 δόξης
1106 727 1254 756 ἀπολαύσει
1270 729 1318 762 τῆς
1340 727 1557 768 ὗπερϐαλλούσης
1582 727 1630 762 τὴν
1652 729 1699 756 τιῧ
1723 727 1801 765 νόμου

1005 771 1099 809 δόξαν,
1116 770 1175 801 ὅσον
1193 771 1314 811 εἴρηται·
1337 771 1437 808 ταύτην
1463 772 1515 811 γάρ
1535 784 1576 802 σοι
1601 772 1747 812 χαρίσεται
1771 771 1799 800 τὸ

1006 817 1132 855 Πνεῦμα,
1148 817 1182 850 ὡς
1200 816 1296 856 Κύριος
1312 816 1357 846 καὶ
1373 816 1587 855 παντοδύναμος.

1045 875 1056 886 ι
1070 857 1111 891 OE
1131 861 1159 890 δὲ
1173 860 1204 890 τὸ
1218 863 1329 900 Πνεῦμα
1347 861 1462 901 Κυρίου,
1480 862 1537 890 ἐκεῖ
1556 861 1706 901 ἐλευθερία.
1725 875 1736 888 1
1753 861 1800 892 Ἐν

1003 907 1041 945 τῷ
1057 905 1130 945 νόμῳ
1146 906 1219 944 ζυγὸς
1242 901 1275 941 ἦν
1298 905 1344 935 καὶ
1365 907 1470 935 δουλεία
1486 915 1494 923 ⁸
1509 907 1535 935 ἐν
1558 906 1584 935 δὲ
1601 908 1639 946 τῷ
1653 910 1701 936 τοῦ
1715 906 1801 936 Πνεύ-

1004 962 1086 989 ματος
1111 949 1186 990 νόμῳ
1213 949 1259 980 καὶ
1284 952 1321 990 τῷ
1351 951 1524 991 Εὖαγγελίῳ,
1549 951 1685 989 ἐλευθερία
1700 973 1708 986 ,
1737 950 1802 980 ὥστε

1006 994 1148 1028 ἀκωλύτως
1176 994 1221 1024 καὶ
1249 993 1390 1035 ἐλευθέρως
1419 995 1529 1035 βλέπειν
1567 995 1615 1033 τὴν
1651 995 1730 1029 δόξαν
1758 998 1801 1025 τοῦ

1009 1039 1118 1080 Κυρίου.

1044 1098 1057 1111 ι
1087 1083 1182 1121 Ἡμεῖς
1206 1083 1233 1114 δὲ
1260 1083 1358 1118 πάντες
1387 1084 1636 1124 ἀνακεκαλυμμένῳ
1664 1084 1800 1125 προσώπῳ

1003 1128 1051 1165 τὴν
1065 1128 1140 1163 δόξαν
1154 1129 1254 1169 Κυρίου
1276 1129 1513 1168 κατοπτριζόμενοι
1523 1152 1531 1166 ,
1548 1129 1596 1167 τὴν
1612 1130 1696 1164 αὐτὴν
1715 1130 1801 1159 εἰκόνα

1004 1174 1262 1214 μεταμορφρούμεθα
1284 1174 1337 1204 ἀπὸ
1359 1174 1434 1209 δόξης
1446 1175 1483 1207 εἰς
1502 1173 1578 1208 δόξαν
1589 1197 1597 1212 ,
1614 1175 1738 1214 καῡέπερ
1751 1174 1801 1203 ἀπὸ

1004 1218 1102 1258 Κυρίου
1127 1219 1293 1256 Πνεύματος.
1316 1230 1330 1247 υ
1349 1220 1484 1249 Τοσοῦτον
1507 1219 1679 1257 ἀπολαύομεν
1699 1221 1801 1248 ἐλευθε-

1003 1263 1060 1302 ρίας
1085 1263 1131 1292 καὶ
1165 1263 1312 1302 εὐγενείας,
1342 1263 1442 1303 φησὶν,
1465 1263 1534 1293 ὥστε
1559 1264 1657 1297 πάντες
1682 1264 1759 1300 ἡμεῖς
1778 1265 1801 1293 οἱ

1001 1307 1109 1344 πιστοὶ,
1134 1308 1186 1348 οὐχ
1209 1307 1300 1348 ὥσπερ
1325 1309 1380 1337 ἐκεῖ
1397 1303 1433 1341 εἷς
1455 1310 1469 1337 ὁ
1495 1309 1599 1344 Mum-Ec
1615 1309 1652 1343 ⁵⁵,
1670 1310 1801 1338 ἀνακεκα-

1001 1351 1129 1392 λυμμένῳ
1144 1351 1278 1392 προσώπῳ
1304 1352 1350 1391 (οὗ
1375 1352 1427 1393 γάρ
1442 1354 1498 1382 ἐστι
1524 1353 1598 1392 παρὰ
1617 1353 1672 1386 τοῖς
1695 1353 1800 1382 πιστεύ-

1001 1397 1212 1435 σασικάλυμμα)
1231 1397 1278 1432 τὴν
1299 1396 1375 1430 δόξαν
1388 1399 1433 1426 τοῦ
1455 1397 1554 1437 Κυρίου
1567 1398 1592 1416 (³⁵
1621 1398 1782 1437 κατοπτριζό
1792 1415 1799 1420 -

1002 1452 1085 1479 μενοι,
1102 1441 1150 1476 τὴν
1162 1442 1244 1477 αὐτὴν
1258 1441 1346 1470 εἰκόνα
1369 1442 1628 1482 μεταμορφρούμεθα
1638 1465 1647 1478 ,
1666 1443 1796 1480 τουτέστι,

1000 1485 1048 1522 τὴν
1073 1485 1155 1521 αὐτὴν
1177 1485 1253 1520 δόξαν
1279 1481 1541 1524 μεταλαμϐάνομεν,
1566 1481 1620 1516 οἶον
1647 1487 1798 1526 κιὲτοπτρον

1001 1529 1072 1563 ὄντες
1093 1530 1139 1559 καὶ
1158 1530 1295 1570 δεχόμενοι
1310 1530 1357 1566 τὴν
1379 1531 1557 1571 λαμπρότητα
1569 1553 1576 1566 ,
1592 1531 1638 1560 καὶ
1654 1527 1728 1563 αὖθις
1750 1534 1798 1561 ἆν-

1001 1574 1189 1608 τιστίλὲοντες.
1233 1575 1289 1604 Καὶ
1315 1575 1406 1615 ὥσπερ
1441 1577 1554 1615 ἄργυρος
1585 1575 1695 1615 ἄντικρυ
1726 1576 1798 1611 ἡλίου

1000 1619 1138 1657 κείμενος,
1166 1619 1327 1658 ἀντιπέμπει
1355 1620 1427 1653 τινὰς
1454 1621 1562 1653 ἀκτῖνας
1587 1620 1632 1649 καὶ
1658 1621 1737 1653 αὐτὸς

1000 1663 1138 1704 προσϐολῇ
1160 1667 1205 1693 τοῦ
1223 1664 1311 1700 ἡλίου”
1333 1664 1403 1693 οὕτω
1426 1664 1473 1694 καὶ
1495 1666 1573 1703 ἡμεῖς
1597 1665 1623 1693 ἓν
1645 1667 1684 1704 τῷ
1703 1666 1796 1704 βαπτί-

1000 1719 1083 1746 σματι
1112 1709 1302 1749 καθαιρόμενοι
1325 1709 1369 1738 διὰ
1391 1711 1437 1738 τοῦ
1470 1709 1646 1748 Πνεύματος,
1671 1710 1717 1738 καὶ
1742 1714 1796 1743 ταῖς

999 1753 1100 1782 ἐκείνου
1119 1754 1208 1782 ἀκτῖσι
1235 1754 1480 1791 καταυγαζόμενοι,
1505 1754 1601 1792 αἴγλην
1618 1754 1678 1782 τινὰ
1703 1753 1796 1790 νοητὴν

999 1797 1046 1826 καὶ
1069 1797 1143 1827 αὐτοὶ
1167 1798 1383 1836 ἄντιπέμπομεν,
1409 1799 1455 1828 καὶ
1482 1798 1726 1838 μεταμορφούμεθα
1747 1798 1793 1834 τὴν

999 1841 1081 1877 αὐτὴν
1108 1841 1212 1878 εἰκόνα,
1246 1843 1298 1872 ἀπὸ
1324 1842 1399 1878 δόξης
1423 1845 1471 1878 τῆς
1494 1847 1540 1872 τοῦ
1567 1844 1740 1880 Πνεύμπτος,
1763 1845 1796 1877 εἷς

999 1887 1074 1921 δοξαν
1100 1886 1149 1922 τὴν
1172 1887 1320 1926 ἡμετέραν,
1342 1887 1388 1916 καὶ
1405 1887 1545 1925 τοιαύτην,
1563 1887 1620 1916 οἵαν
1636 1888 1707 1922 εἰκὸς
1728 1888 1794 1927 ἔχειν

997 1931 1042 1960 τὸν
1069 1930 1120 1960 ὑπὸ
1152 1934 1197 1960 τοῦ
1226 1932 1383 1966 Πνεύματος
1408 1934 1454 1961 τοῦ
1480 1933 1596 1972 Κυρίου,
1629 1934 1675 1962 καὶ
1704 1933 1794 1971 μηδενὶ

1000 1975 1175 2014 ὑποκειμένου
1201 1976 1444 2015 καταυγαζόμενον.
1471 1978 1567 2017 Κύριος
1591 1978 1643 2017 γὰρ
1666 1977 1717 2015 ὢν,
1743 1981 1793 2008 Δε-

999 2022 1127 2054 σποτικὰς
1154 2021 1210 2060 ἔχει
1229 2021 1276 2050 καὶ
1295 2021 1342 2053 τὰς
1365 2022 1549 2058 λαμπηδόνας.
1571 2022 1674 2054 Πάντες
1701 2023 1752 2062 γὰρ
1768 2022 1794 2061 ξοὶ

999 2065 1106 2103 πιστοὶ,
1136 2065 1292 2103 Πνεύματος
1320 2066 1396 2104 ἁγίου
1424 2067 1588 2106 πληροῦνται
1611 2066 1654 2095 διὰ
1680 2069 1725 2096 τοῦ
1748 2069 1794 2106 βα-

998 2109 1161 2147 πτίσματος,
1184 2109 1228 2139 καὶ
1254 2110 1355 2147 λάμπει
1371 2112 1457 2140 αὐτῶν
1482 2113 1497 2146 ἡ
1523 2111 1597 2151 ψυχή
1615 2122 1622 2129 ’
1638 2112 1697 2140 ἐπεὶ
1723 2111 1793 2141 καὶὸ

998 2155 1100 2190 Maio-ig
1134 2154 1197 2183 ἰδὼν
1219 2154 1267 2190 τήν
1293 2155 1365 2184 θείαν
1398 2155 1490 2191 δόξαν,
1523 2156 1720 2195 μετεμορῑμῖιθη
1750 2155 1791 2185 καὶ

999 2199 1074 2232 αὐτὸς
1090 2198 1154 2239 πρὸς
1173 2199 1288 2236 ταύτην,
1313 2199 1450 2234 τουτέστι,
1468 2199 1600 2238 μετέλαϐε
1626 2201 1672 2230 καὶ
1699 2201 1790 2234 αὖτὸς,

960 2245 985 2276 D
999 2242 1046 2272 xui
1059 2242 1163 2283 ἔλαμπε
1179 2244 1209 2272 τὸ
1222 2244 1380 2284 πρόσωπον,
1395 2245 1474 2278 τύπος
1489 2243 1525 2274 ὢν
1546 2246 1632 2283 ἡμῶν.

1296 2303 1439 2334 ΚΕΦΑΛ.
1464 2303 1505 2333 Δ¹.

1036 2366 1052 2383 α
1068 2355 1119 2385 Διὰ
1139 2357 1215 2385 τοῦτο
1230 2355 1335 2396 ἔχοντες
1351 2355 1399 2392 τὴν
1419 2356 1553 2386 διακονίαν
1571 2356 1689 2394 ταύτην,
1709 2357 1790 2390 καθὼς

994 2399 1157 2438 ἠλεήθημεν,
1184 2401 1231 2430 οὐκ
1259 2401 1437 2439 ἐκκακοῦμεν.
1461 2412 1475 2429 ι)
1505 2401 1616 2437 Ἐπειδὴ
1643 2403 1733 2432 πολλὰ
1749 2401 1790 2431 καὶ

994 2446 1098 2482 μεγάλα
1119 2440 1208 2480 εἶπεν,
1237 2445 1277 2474 ὅτι
1303 2445 1359 2476 Καὶ
1384 2445 1505 2479 Μωσέως
1528 2446 1632 2483 μείζους
1660 2447 1740 2485 ἐσμὲν
1768 2447 1788 2475 οἱ

994 2489 1135 2518 ἀπόστολοι
1160 2490 1198 2528 (εἰ
1222 2492 1273 2528 γὰρ
1302 2489 1417 2526 πάντες,
1445 2492 1536 2529 πολλῷ
1561 2493 1663 2529 μᾶλλον
1691 2487 1788 2530 οὗτοι),

991 2533 1082 2562 λοιπὸν
1105 2533 1242 2573 θεραπεύει
1258 2534 1300 2564 τὸν
1317 2535 1413 2573 ὄγκον,
1435 2535 1481 2564 καί
1495 2547 1590 2575 φησιν,
1605 2536 1645 2564 ὅτι
1659 2539 1705 2565 τοῖ’)
1720 2537 1788 2565 Θεοῦ

992 2579 1046 2608 ἔστι
1072 2578 1100 2607 τὸ
1125 2583 1189 2609 πᾶν.
1208 2578 1301 2617 Ἡμεῖς
1316 2580 1366 2618 γὰρ
1384 2579 1499 2608 διάκονοι
1523 2582 1603 2615 μόνον
1626 2581 1723 2617 ἐσμὲν,
1744 2580 1786 2608 καὶ

992 2623 1051 2652 οὐδὲ
1075 2625 1150 2652 τοῦτο
1174 2623 1264 2659 τὸτῆς
1286 2623 1420 2657 διακονίας
1443 2624 1571 2663 ἡμέτερον
1585 2647 1592 2661 ,
1619 2624 1689 2654 ἀλλὰ
1709 2636 1723 2653 ιι
1738 2637 1787 2654 κα-

992 2667 1056 2704 Θὼς,
1071 2678 1085 2696 ι)
1104 2667 1185 2708 φησὶν
1197 2690 1205 2705 ,
1231 2679 1245 2697 (ι
1259 2668 1410 2705 ἠλεήθημεν
1425 2680 1432 2687 ·
1448 2682 1460 2694 ν
1482 2671 1527 2698 τοῦ
1543 2669 1612 2698 θείου
1636 2670 1688 2709 γὶρ
1704 2670 1784 2700 ἐλέους

990 2711 1036 2741 καὶ
1051 2715 1137 2744 τοῦτο.
1157 2713 1197 2743 Τὸ
1217 2713 1245 2742 δὲ
1263 2712 1431 2753 ὑπερϐατὸν,
1453 2713 1530 2743 «Διὰ
1547 2717 1622 2743 τοῖῗτο
1639 2715 1684 2744 ait
1700 2716 1775 2744 Exu-

836 2760 932 2792 Varia:
956 2761 1106 2793 lectiones.

174 2809 197 2826 ⁵³
210 2809 408 2845 κατορθωθῆναι.
425 2817 452 2838 ο.
491 2809 513 2826 ⁵⁸
528 2810 606 2836 ἐκεῖσε
625 2809 640 2835 ὁ
655 2813 691 2836 Μ.
708 2817 735 2837 o.

775 2809 796 2826 ⁸⁵
811 2809 950 2845 πνεύματος
960 2829 968 2843 ,
982 2810 1024 2836 καὶ
1037 2811 1127 2845 πατρὸς
1141 2818 1168 2840 ο.
