1867 3081
51 155 95 182 837
465 152 638 181 EXPOSlTlO
658 153 691 181 IN
711 153 815 181 EPIST.
835 153 857 183 Π
875 154 922 182 AD
941 154 1020 183 COR.
1040 169 1075 175 —
1094 155 1170 184 CAP.
1191 156 1233 183 Ill.

50 218 134 253 χοῦμεν
146 225 152 233 ·
169 228 182 241 ι
202 214 334 252 τουτέστι,
349 214 425 245 Διότι
445 215 570 245 τοιούτων
593 215 760 255 ἠξιώθημεν,
776 216 823 245 οὖκ
837 218 863 250 Α
879 224 955 250 mus;
982 228 994 240 ι

49 259 229 300 ἀπαγορεύομεν
253 260 319 299 πρὸς
342 259 401 294 τοὺς
430 260 580 300 κινδύνους,
605 260 669 300 πρὸς
692 261 739 294 τὰς
762 260 820 290 θλί-

47 306 111 345 ψεις,
132 303 218 340 ἐπειδὴ
239 303 309 338 ἅπαξ
331 304 478 341 ἐλεηθέντες
504 305 653 345 ἐτάχθημεν
684 305 822 335 διακονεῖν.

1623 158 1675 186 838

1024 217 1123 245 divina:
1148 218 1221 245 enim
1245 221 1274 245 et
1296 217 1366 246 istuc
1390 218 1591 249 misericordiae
1619 225 1661 248 est

876 261 1052 298 Hyperbaton
1065 266 1159 290 autem
1174 261 1226 290 hoc
1239 266 1290 296 est,
1307 273 1320 286 ι
1337 262 1402 290 Ideo
1413 271 1468 291 non
1486 264 1639 299 deﬁcimus,
1655 277 1668 290 ι

877 306 930 334 hoc
943 310 1000 340 est,
1027 306 1092 342 quia
1110 306 1191 334 tantis
1205 314 1301 334 sumus
1322 305 1428 342 dignati
1448 307 1598 345 donatique
1618 310 1673 338 bo—

47 353 96 387 nis,
112 361 163 381 non
182 353 358 382 destituimur
377 361 467 390 neque
489 353 634 382 deﬁcimus
660 353 696 383 ad
719 352 854 390 pericula,
871 351 907 380 ad
938 350 1117 385 aﬂlictiones,
1149 355 1293 387 postquam
1324 351 1409 379 semel
1438 351 1658 383 misericordiam

47 397 179 430 consecuti,
194 397 309 426 ordinati
325 406 422 427 sumus
435 398 601 427 ministrare.

81 456 92 469 ι
108 442 173 472 Ἀλλ’
190 443 359 475 ἀπειπάμεθα
380 443 414 473 τὰ
433 443 536 484 κρυπτὰ
551 445 599 479 τῆς
615 443 742 484 αἶσχύνης
753 465 762 481 ,
783 442 821 482 μὴ

47 490 232 527 περιπατοῦντες
255 488 281 517 ἐν
297 487 456 529 πανουργία.
479 502 491 514 ι
506 488 575 522 Τοὺς
593 488 822 528 ψευδαποστόλους

45 531 224 568 αἰνίττεται,οἳ
245 533 414 572 ὑπεκρίνοντο
437 533 536 563 πάντα.
561 532 750 572 Λαμεοίνοντες
771 533 822 573 γὰρ

45 575 137 616 κρύφα,
160 576 295 616 ἐφαίνοντο
318 577 356 617 μὴ
383 577 585 616 λαμϐάνοντες·
613 577 683 617 ἅγιοι
703 577 822 614 ἐδόκουν,

45 619 82 650 καὶ
95 622 230 662 ἀκάθαρτοι
245 618 326 658 ἦσαν.
353 622 448 660 Ἡμεῖς
463 618 524 659 οῦν,
539 622 633 663 φησὶν,
651 623 821 660 ἀπειπάμεθα

45 665 69 694 τὸ
90 667 194 696 τοιαῦτά
217 666 360 707 πράττειν,
393 667 410 696 ἃ
440 667 622 707 φανερούμενα
651 666 822 707 καταισχύνει

14 706 15 711 ¹
44 709 80 738 τὸν
93 710 255 751 πράττοντα,
270 712 303 741 τὰ
319 711 375 750 μεθ’
396 706 558 752 ὗπολιρίσεως
571 711 674 748 δηλαδὴ
686 706 820 752 γινόμενα.

44 753 165 795 Ἐπιφέρει
179 756 230 796 γάρ
241 768 248 776 ·
268 767 284 786 ιι
298 756 345 792 Μὴ
361 759 568 795 περιπατοῦντες
583 757 610 786 ἓν
626 756 785 797 πανουργίᾳ.
804 769 817 783 ι

43 798 117 829 Ὥστε
134 801 215 829 ταῦτά
243 802 301 831 ἐστι
323 801 356 830 τὰ
379 801 508 841 αἰσχύνην
529 802 705 840 ἐμποιοῦντα,
733 801 767 830 τὰ
794 801 820 830 ἒν

43 845 173 885 πανουργίᾳ
196 845 332 884 γινόμενα,
363 847 396 876 Εἰ
425 846 453 875 δὲ
479 845 525 875 καὶ
547 847 608 887 περὶ
632 845 753 886 πράξεων
779 846 821 875 αἰ-

43 890 118 928 σχρῶν
132 889 233 925 νοήσεις
255 893 347 930 τοῦτο,
364 890 438 921 οὐδὲν
453 890 544 921 καινόν
561 902 568 910 '
586 890 631 920 καὶ
646 893 758 921 τοιοῦτοι
772 889 823 930 γὰρ

43 933 61 960 οἱ
71 934 281 972 ψευδαπόστολοι.

75 1037 87 1050 ι
99 1024 173 1061 Μηδὲ
197 1025 335 1060 δολοῦντες
356 1026 400 1056 τὸν
419 1027 497 1066 λόγον
520 1028 567 1056 τοῦ
581 1027 664 1057 Θεοῦ.
679 1039 691 1053 ι
713 1026 754 1057 Οὖ
770 1025 822 1065 μό-

42 1079 92 1104 νον,
114 1069 204 1109 φησὶν,
225 1071 241 1100 ὁ
263 1070 317 1110 βίος
337 1072 413 1109 ἡμῶν
437 1071 537 1105 ἁπλοῦς
553 1072 609 1101 ἐστι
634 1071 680 1101 καὶ
695 1070 824 1109 καθαρὸς,

42 1112 80 1142 καὶ
94 1113 229 1154 ἀπόνηρος,
256 1115 326 1144 ἀλλὰ
350 1115 441 1145 καὶτὸ
459 1115 544 1155 δόγμα
568 1116 614 1146 καὶ
629 1117 643 1145 ὁ
663 1116 740 1155 λόγος
760 1115 823 1144 ἄδο-

41 1157 87 1190 λος.
102 1159 139 1188 Οὗ
161 1159 211 1200 γὰρ
231 1159 439 1200 παραμίγνυμὺ
453 1172 479 1190 τι
500 1162 547 1196 τῆς
562 1160 610 1194 ἔξω
626 1160 718 1201 σοφίας
735 1161 823 1199 αὐτῷ,

41 1203 55 1237 ἢ
76 1204 253 1234 κολακευτικόν
275 1217 318 1241 τι,
342 1204 360 1240 ἢ
384 1205 514 1245 χρήματα
534 1205 696 1245 συλλέγομεν
722 1206 752 1234 ἐκ
776 1207 822 1234 τοῦ

41 1246 156 1285 λόγου,ἢ
183 1252 225 1278 νῦν
251 1249 301 1288 μὲν
322 1252 415 1286 τοῦτο,
434 1252 479 1279 νῦν
500 1249 528 1279 δὲ
552 1250 636 1279 ἐκεῖνο
662 1249 821 1288 διδάσκομεν

41 1292 95 1330 πρὸς
105 1292 159 1327 τοὺς
178 1293 286 1335 καιροὺς
301 1294 347 1324 καὶ
365 1294 399 1324 τὰ
411 1295 543 1336 πρόσωπα
553 1314 564 1328 ς
584 1296 620 1329 ὡς
635 1295 658 1325 οἱ
683 1295 820 1335 ψευδαπό-

41 1337 123 1369 στολοι.

73 1428 90 1464 ξ·
111 1426 186 1458 Ἀλλὰ
204 1431 238 1470 τῇ
267 1428 413 1470 φανερώσει
434 1431 480 1465 τῆς
503 1428 628 1466 ἀληθείας
646 1429 820 1460 συνιστῶντες

40 1471 132 1506 ἑαυτοὺς
154 1473 216 1514 πρὸς
240 1478 332 1503 πᾶσαν
367 1475 515 1512 συνείδησιν
539 1473 684 1514 ἀνθρώπων
708 1473 818 1504 ἐνώπιον

911 442 997 469 Vens.
1021 443 1048 468 2.
1073 452 1086 466 ιι
1102 440 1155 470 Sed
1176 440 1362 469 abdicavimus
1381 442 1487 469 occulta
1510 441 1666 479 dedecoris,

875 493 932 513 non
955 485 1130 514 ambulantes
1154 485 1181 514 in
1201 486 1309 514 astutia.
1329 498 1341 510 ιι
1357 486 1585 522 Pseudapostolos
1605 489 1670 517 sub-

876 531 992 558 obscure
1007 534 1085 558 notat
1099 535 1127 558 et
1141 530 1269 567 intelligit
1283 531 1339 565 hic,
1355 531 1403 567 qui
1421 532 1591 561 simulabant
1607 541 1668 562 om-

877 576 930 603 nia.
948 575 1120 611 Accipientes
1131 576 1204 604 enim
1223 576 1305 612 262
1325 576 1495 611 clanculum,
1512 577 1674 607 videbantur

877 628 935 648 non
952 620 1075 656 accipere
1100 621 1212 648 :sancti
1237 621 1267 648 in
1291 621 1411 656 speciem
1425 621 1620 656 cernebantur,
1644 627 1671 651 et

877 665 1015 693 immundi
1041 670 1131 693 erant.
1160 666 1217 693 Nos
1245 673 1323 699 vero,
1356 665 1459 701 inquit,
1484 667 1672 696 recusavimus

876 707 939 735 talia
964 709 1152 742 committere,
1169 716 1230 744 qua:
1250 716 1312 736 cum
1332 708 1554 743 manifestantur,
1574 719 1669 747 perpe-

876 755 993 780 trantem
1007 752 1142 781 dedecore
1161 753 1298 787 afﬁciunt,
1317 761 1416 789 nempe
1431 762 1493 790 quae
1506 762 1570 783 cum
1582 755 1672 792 hypo-

876 798 936 825 crisi
952 798 1151 834 transiguntur.
1175 798 1261 826 Infert
1280 799 1354 826 enim
1374 808 1380 826 :
1396 810 1409 823 ι
1426 807 1482 827 non
1496 800 1672 830 ambulantes

877 841 906 868 in
919 842 1026 870 astutia.
1054 854 1065 866 ιι
1089 842 1207 871 Proinde
1227 842 1287 871 hinc
1302 847 1367 870 sunt
1382 844 1426 871 illa
1447 851 1509 880 quae
1531 850 1674 875 contume-

880 886 943 914 liam
959 887 1079 922 pariunt,
1095 895 1156 923 qua:
1174 888 1277 915 scilicet
1292 888 1390 916 astutia
1408 884 1608 925 transiguntur.
1625 891 1674 920 Sin

879 930 915 959 de
929 932 1054 968 turpibus
1062 932 1215 960 actionibus
1229 933 1298 961 istuc
1314 933 1457 970 intelligas,
1472 933 1537 962 nihil
1552 935 1673 964 mirum:

878 984 943 1004 nam
959 976 1117 1012 hujusmodi
1131 977 1214 1005 etiam
1231 982 1295 1005 sunt
1308 977 1523 1014 pseudapostoli.

916 1033 928 1046 ιι
952 1023 1047 1058 Neque
1067 1021 1250 1051 adulterantes
1262 1022 1375 1051 verbum
1389 1023 1448 1051 Dei.
1471 1035 1484 1048 ιι
1500 1025 1563 1052 Non
1583 1024 1673 1054 solum

879 1065 948 1100 vita,
963 1066 1066 1102 inquit,
1081 1070 1176 1095 nostra
1195 1067 1313 1103 simplex
1336 1071 1378 1096 est
1397 1072 1426 1096 et
1446 1075 1515 1104 pura
1536 1072 1562 1096 et
1577 1076 1674 1105 expers

877 1111 1003 1145 sceleris,
1027 1119 1121 1140 verum
1143 1112 1227 1140 etiam
1241 1112 1366 1141 doctrina
1393 1116 1487 1141 nostra
1510 1117 1538 1141 et
1557 1115 1672 1143 verbum

877 1154 970 1183 fraude
987 1160 1090 1184 carent.
1102 1157 1164 1184 Non
1185 1157 1258 1185 enim
1272 1157 1423 1193 quidquam
1438 1161 1556 1186 externae
1568 1159 1675 1195 sapien-

874 1199 922 1228 tiae
941 1200 1126 1229 admiscemus
1140 1201 1204 1236 ipsi,
1229 1205 1276 1228 aut
1300 1200 1451 1238 quidquam
1468 1201 1673 1239 adulatorium,

875 1249 924 1273 aut
941 1253 972 1272 ex
989 1244 1072 1273 verbo
1089 1245 1219 1281 pecunias
1233 1245 1385 1281 colligimus
1399 1255 1406 1273 :
1423 1250 1471 1274 aut
1488 1246 1547 1282 jam
1561 1248 1675 1284 quidem

875 1289 940 1323 hoc,
960 1289 1019 1325 jam
1042 1297 1106 1317 vero
1130 1289 1198 1317 illud
1220 1289 1367 1323 docemus,
1390 1298 1440 1326 pro
1462 1294 1621 1326 temporum
1645 1296 1674 1320 et

875 1341 1055 1370 personarum
1093 1334 1315 1370 opportunitate,
1352 1334 1463 1371 perinde
1502 1343 1534 1363 ac
1571 1337 1670 1372 pseud-

875 1378 1001 1415 apostoli.

910 1435 923 1448 σι
939 1423 994 1452 Sed
1013 1424 1042 1452 in
1063 1423 1283 1453 manifestatione
1306 1425 1427 1453 veritatis
1445 1426 1674 1456 commendantes

873 1476 924 1497 nos
937 1469 1010 1504 ipsos
1023 1469 1058 1497 ad
1071 1477 1184 1497 omnem
1199 1469 1395 1497 conscientiam
1411 1469 1557 1499 hominum
1576 1479 1671 1500 coram

40 1518 77 1545 τοῦ
89 1518 162 1548 Θεοῦ.
178 1513 196 1544 ν·
212 1520 248 1550 Οἱ
268 1519 316 1558 μὲν
332 1519 552 1559 ψευδαπόστολοι,
567 1513 646 1558 φησὶ,
663 1519 818 1548 συνιστῶσιν

910 1521 944 1542 eo.
958 1526 970 1538 ιι
987 1513 1191 1549 Pseudapostoli
1202 1514 1399 1542 commendant
1408 1515 1512 1551 seipsos
1522 1523 1571 1551 per
1585 1515 1671 1553 hypo-

39 1561 130 1595 ἑιυτοὺς
151 1564 206 1597 ταῖς
232 1564 403 1603 ἱποκρίσεσι,
432 1564 478 1594 καὶ
502 1565 540 1604 τῷ
566 1563 704 1603 φαίνεσθαι
732 1563 814 1602 ἄλλο,

39 1606 93 1635 ἄλλο
105 1606 171 1641 ὄντες
183 1619 191 1626 ο
214 1607 270 1647 ἐγὼ
295 1607 324 1638 δὲ
348 1610 461 1638 συνιστῶ
483 1608 597 1647 ἐμαυτὸν
617 1621 629 1635 ι
695 1607 818 1648 φανερώ-

39 1660 71 1679 θει
84 1653 126 1688 τῆς
140 1653 265 1688 ἀληθείας
279 1662 286 1670 “
310 1666 322 1679 ι
336 1653 484 1690 τουτέστιν,
501 1654 588 1686 αὐτοῖς
609 1657 663 1686 τοῖς
679 1653 818 1692 πράγμασι

38 1694 138 1734 μάρτυσι
159 1697 297 1737 χρώμενος
307 1709 315 1716 ⁸
339 1693 392 1727 οἶον
406 1698 475 1737 λέγω
487 1720 495 1734 ,
514 1697 555 1727 ὅτι
579 1697 653 1727 οὐδὲν
665 1697 797 1735 λαμϐάνω
807 1720 816 1734 ,

39 1739 76 1768 καὶ
97 1741 225 1781 μάρτυρας
240 1742 298 1782 ἔχω
317 1744 385 1781 bna;
400 1753 407 1760 ⁶
429 1743 476 1772 καὶ
497 1742 528 1772 τὰ
545 1741 615 1772 ἄλλα
629 1742 736 1779 ὁμοίως.
765 1741 818 1771 Καὶ

38 1782 96 1813 οὕτω
132 1788 244 1817 συνιστῶ
274 1787 390 1826 ἕμαυτὸν
423 1786 487 1827 πρὸς
515 1786 617 1820 πάντας
645 1786 815 1826 ἀνθρώπους,

38 1827 149 1864 ἀπίστους
171 1843 198 1861 τε
220 1831 267 1861 καὶ
289 1831 413 1870 πιστοὺς,
437 1831 482 1862 τόν
501 1843 529 1861 τε
559 1831 616 1870 βίον
634 1842 685 1868 μου
708 1831 813 1869 ἀπογυ-

37 1874 113 1912 μνῶν,
127 1875 170 1905 καὶ
185 1875 215 1905 τὸ
228 1875 356 1917 κήρυγμα
374 1875 485 1916 φανερὸν
499 1880 566 1904 πᾶσι
586 1875 730 1914 προτιθεὶς,
747 1874 816 1904 ὥστε

37 1919 162 1952 μανθάνειν
178 1921 253 1952 αὐτό.
274 1917 342 1951 Εἶτα
364 1921 459 1958 ἐπειδὴ
476 1920 585 1950 δυνατὸν
602 1920 755 1960 ἀνθρώπους
768 1921 817 1950 λα-

37 1962 95 2002 θεῖν,
113 1965 206 2004 φησὶν,
223 1965 264 1996 ὅτι
289 1979 301 1993 ι
315 1965 445 1996 Ἐνώπιον
464 1969 510 1996 τοῦ
530 1967 616 2002 Θεοῦ,
635 1979 648 1992 ιο
667 1964 696 1995 ὃν
711 1966 733 1995 οἱ
754 1966 817 2005 ψευα

37 2005 178 2040 δαπόστολοι
193 2011 316 2051 μάρτυρα
334 2010 405 2052 ἔχειν
419 2012 468 2040 οὐκ
481 2010 513 2040 ἂν
529 2010 656 2045 δέξαιντο.

76 2066 89 2084 c
116 2055 146 2084 Εἰ
167 2055 193 2084 δὲ
217 2056 263 2085 καὶ
286 2055 487 2094 κεκαλυμμένον
514 2055 571 2085 ἐστὶ
599 2054 629 2084 τὸ
653 2053 816 2093 Εὖαγγέλιον

37 2100 102 2136 ἡμῶν
113 2122 121 2138 ,
137 2100 163 2128 ἐν
177 2104 230 2133 τοῖς
247 2100 440 2139 ἀπολλυμένοις
455 2100 480 2120 ⁶⁶
496 2100 552 2130 ἐστὶ
567 2100 780 2138 κεκαλυμμένον.
799 2111 811 2125 ι

40 2143 117 2173 Εἰπὼν
137 2144 207 2182 ἅνω,
229 2145 271 2174 ὅτι
291 2146 313 2174 εἷ
333 2145 380 2174 καὶ
405 2145 459 2179 τοῖς
483 2144 665 2184 Ἰσραηλίταις
687 2144 818 2182 κάλυμμα

868 1557 963 1593 crisin,
980 1562 1008 1586 et
1017 1566 1064 1594 per
1076 1558 1127 1586 hoc
1141 1559 1215 1594 quod
1232 1559 1277 1587 alii
1297 1567 1357 1587 esse
1373 1559 1528 1594 videantur,
1541 1568 1606 1588 cum
1625 1561 1670 1590 alii

871 1602 925 1630 sint
937 1613 944 1635 ;
960 1610 1010 1639 ego
1024 1611 1088 1631 vero
1095 1603 1259 1631 commendo
1272 1603 1410 1640 meipsum
1423 1613 1437 1630 «
1448 1604 1672 1633 manifestatione

872 1646 1006 1681 veritatis,
1032 1659 1045 1671 ι»
1070 1647 1123 1675 hoc
1143 1651 1201 1682 est,
1219 1647 1283 1684 ipsis
1297 1648 1426 1683 operibus
1449 1656 1498 1684 pro
1514 1649 1672 1679 testimonio

871 1695 956 1720 utor:
976 1692 1058 1720 veluti
1072 1691 1152 1726 dico,
1175 1700 1219 1720 me
1242 1692 1310 1720 nihil
1329 1693 1450 1729 accipere
1470 1698 1499 1721 et
1521 1701 1570 1722 vos
1589 1698 1672 1722 testes

872 1735 959 1764 habeo
979 1745 985 1764 :
1002 1741 1028 1765 et
1043 1737 1082 1764 sic
1102 1736 1128 1764 in
1144 1737 1260 1765 caneris.
1280 1739 1373 1773 Atque
1386 1737 1426 1765 sic
1446 1746 1488 1765 me
1504 1738 1623 1774 praadico
1645 1743 1673 1767 et

870 1781 1038 1809 commendo
1045 1781 1119 1817 apud
1126 1789 1222 1809 omnes
1232 1781 1370 1814 homines,
1384 1786 1440 1810 tam
1451 1781 1575 1811 inﬁdeles
1585 1791 1669 1819 quam

871 1825 971 1860 ﬁdeles,
988 1833 1050 1853 cum
1073 1826 1155 1853 vitam
1171 1833 1260 1853 meam
1275 1830 1409 1862 retegens,
1425 1830 1486 1854 tum
1504 1827 1579 1854 verbi
1603 1835 1671 1863 pra:-

868 1869 1034 1898 dicationcm
1046 1870 1175 1898 omnibus
1188 1869 1222 1897 ad
1236 1869 1399 1897 discendum
1411 1877 1580 1906 proponens.
1598 1871 1668 1905 Quia

870 1922 933 1943 vero
953 1914 1010 1942 ﬁeri
1026 1917 1116 1950 potest
1130 1919 1160 1942 ut
1175 1914 1300 1942 homines
1313 1913 1453 1948 fallantur,
1469 1913 1575 1951 adjicit,
1593 1926 1606 1939 ιι
1621 1923 1668 1943 co-

870 1968 932 1988 ram
946 1960 1015 1993 Deo,
1032 1970 1045 1983 »
1062 1966 1145 1995 quem
1157 1959 1363 1996 pseudapostoli
1383 1963 1484 1987 testem
1498 1967 1556 1987 non
1571 1959 1670 1988 admit~

871 2007 971 2033 terent.

906 2050 996 2077 Vsus.
1014 2051 1040 2076 8.
1062 2059 1073 2072 -
1094 2047 1174 2083 Quod
1189 2048 1213 2076 si
1227 2047 1308 2076 etiam
1331 2051 1457 2084 opertum
1482 2052 1524 2076 est
1547 2049 1671 2086 Evange-

871 2091 940 2120 lium
962 2097 1107 2125 nostrum,
1133 2093 1160 2120 in
1179 2093 1211 2121 iis
1226 2093 1274 2129 qui
1296 2097 1411 2128 pereunt
1434 2097 1476 2121 est
1490 2097 1630 2129 opertum.
1656 2106 1669 2118 ιι

873 2137 943 2165 Cum
963 2145 1045 2172 supra
1062 2137 1185 2172 dixisset,
1202 2137 1317 2165 Etiamsi
1333 2137 1461 2166 Israelitis
1481 2138 1605 2166 velamen
1620 2147 1670 2175 ap-

38 2188 168 2226 ιπίκειται,
202 2191 262 2220 ἄλλ’
289 2191 313 2219 οἱ
342 2191 431 2220 πιστοὶ
459 2182 536 2228 ἡμεῖς
570 2188 818 2230 ἀνακεκαλυμμένῳ

912 2182 996 2209 situm
1009 2186 1065 2214 est,
1083 2186 1206 2210 attamen
1218 2190 1269 2210 nos
1284 2182 1378 2210 ﬁdeles
1394 2186 1489 2218 aperta
1511 2182 1582 2211 facie
1593 2184 1672 2212 vide-

37 2232 156 2273 προσώπῳ
168 2236 272 2274 ὁρῶμεν
296 2247 304 2254 ·
318 2235 383 2276 φησὶ
397 2237 456 2272 νῦν,
472 2234 512 2264 ὅτι
529 2245 545 2264 σ
561 2235 596 2265 Εἰ
609 2234 655 2264 καὶ
671 2234 727 2264 ἔστι
740 2245 818 2263 κεκαο

36 2276 154 2315 λυμμίνον
179 2279 209 2308 τὸ
233 2279 421 2320 Ἐυαγγέλιον,
446 2283 499 2313 τοῖς
520 2278 640 2312 ἀπίστοις
666 2278 722 2309 ἐστὶ
737 2290 818 2308 κεκα-

37 2321 163 2360 λυμμένον.
186 2338 199 2349 ι
213 2323 305 2364 Ὅπερ
329 2323 381 2364 γὰρ
404 2323 464 2353 τότε
485 2324 539 2358 τοῖς
560 2323 696 2357 Ἰουδαίοις
719 2323 819 2362 ἐγίνετο

37 2365 91 2404 πρὸς
106 2367 219 2405 Μωσέα,
235 2371 316 2398 τοῦτο
332 2370 376 2398 νῦν
391 2371 445 2402 τοῖς
462 2368 585 2402 ἀπίστοις
599 2368 664 2408 πρὸς
684 2368 714 2397 τὸ
729 2369 818 2407 Εὐαγο

36 2409 119 2447 γέλων.
134 2412 263 2443 Ἐκείνιυν
279 2414 306 2443 δὲ
322 2413 352 2443 τὸ
364 2413 504 2453 ἔγκλημα,
519 2414 550 2443 οὗ
564 2415 610 2442 τοῦ
627 2412 790 2452 Εὖαγγελίου
807 2422 814 2430 ⁸

37 2454 84 2484 ἐπεὶ
108 2457 131 2486 εἴ
151 2469 180 2496 γε
197 2458 370 2495 ἐπίστευσαν,
395 2459 485 2498 ἑώρων
511 2458 543 2487 ἂν
563 2457 609 2488 καὶ
634 2457 709 2487 αὐτοὶ
723 2460 817 2487 ἀνακε-

37 2500 192 2539 καλλυμένως
206 2503 256 2539 τὴν
269 2502 345 2537 δόξαν
361 2505 407 2532 τοῦ
422 2503 503 2533 Θεοῦ.

74 2556 87 2573 (ι
103 2546 145 2575 Ἐν
160 2542 198 2580 οἷς
220 2550 235 2576 ὁ
259 2548 327 2581 Θεὸς
342 2551 387 2578 τοῦ
404 2548 496 2581 αἰῶνος
520 2549 614 2577 τούτου
636 2547 770 2587 ἐτύφλωσε
785 2546 818 2576 τὰ

39 2590 150 2627 νοήματα
165 2593 218 2621 τῶν
248 2593 384 2629 ἀπίστων,
410 2593 445 2627 εἷς
469 2592 499 2621 τὸ
523 2591 561 2630 μὴ
585 2592 700 2630 αὐγάσαι
731 2593 819 2625 αὐτοῖς

39 2633 75 2662 τὸν
99 2636 231 2675 φωτισμὸν
257 2641 302 2666 τοῦ
321 2637 484 2677 Εὖαγγελίου
509 2639 555 2673 τῆς
579 2636 654 2672 δόξης
680 2639 727 2666 τοῦ
750 2637 818 2676 Χρι-

37 2680 100 2709 στοῦ.
127 2693 139 2707 ι
165 2681 214 2712 Ἐν
234 2683 288 2716 τοῖς
305 2677 512 2721 ἀπολλυμένοις,
538 2682 617 2722 φησὶ,
638 2681 745 2715 πολλοῖς
759 2677 817 2711 οὖσι

875 2235 938 2256 mus
948 2249 955 2262 ,
966 2235 1041 2256 nunc
1055 2228 1106 2262 ait,
1123 2228 1150 2256 Si
1166 2232 1291 2264 opertum
1306 2233 1348 2256 est
1365 2229 1555 2265 Evangelium,
1571 2229 1672 2258 inﬁde-

873 2272 945 2300 libus
957 2276 1001 2301 est
1018 2277 1156 2309 opertum.
1171 2272 1252 2307 Quod
1265 2273 1339 2300 enim
1355 2276 1414 2300 tum
1426 2273 1531 2302 Iudaeis
1544 2278 1672 2310 respectu

872 2316 959 2345 Mosis
971 2316 1155 2352 contingebat,
1176 2317 1250 2345 idem
1269 2325 1341 2344 nunc
1356 2316 1522 2353 inﬁdelibus,
1543 2323 1671 2355 respectu

872 2360 1022 2397 Evangelii.
1038 2361 1152 2389 Illorum
1168 2366 1259 2390 autem
1280 2362 1359 2398 culpa
1373 2365 1426 2395 est,
1438 2369 1496 2390 non
1510 2363 1648 2400 Evangelii
1665 2373 1671 2391 :

873 2413 935 2433 nam
958 2406 980 2433 si
998 2405 1200 2440 credidissent,
1220 2407 1303 2434 etiam
1317 2405 1369 2442 ipsi
1382 2410 1475 2442 aperte
1494 2407 1585 2443 palam
1602 2415 1672 2436 con-

871 2450 1024 2486 spexissent
1038 2450 1154 2486 gloriam
1169 2450 1231 2478 Dei.

908 2551 998 2578 Vsus.
1019 2554 1047 2579 4.
1065 2562 1076 2574 α
1092 2552 1123 2578 in
1138 2549 1238 2586 quibus
1252 2551 1327 2578 Deus
1344 2550 1436 2579 sarculi
1453 2550 1534 2587 hujus
1553 2559 1672 2579 exceca-

872 2596 911 2624 vit
931 2601 1040 2624 mentes
1064 2595 1231 2631 inﬁdelium,
1255 2604 1289 2624 ne
1311 2595 1415 2632 fulgeat
1435 2596 1488 2624 illis
1504 2597 1670 2624 illumiuatio

872 2641 1010 2676 Evangelii
1025 2641 1120 2676 gloria:
1143 2640 1256 2668 Christi.
1271 2650 1285 2666 ι)
1310 2642 1387 2668 Inter
1409 2648 1474 2674 eos,
1496 2640 1603 2676 inquit,
1625 2641 1672 2676 qui

872 2689 1004 2721 pereunt,
1018 2685 1065 2722 qui
1086 2685 1164 2713 multi
1180 2689 1248 2713 sunt
1265 2690 1293 2713 et
1311 2685 1395 2720 varii,
1407 2688 1473 2713 sunt
1486 2684 1569 2712 etiam
1584 2685 1672 2713 incre-

733 2761 828 2791 νοτίαν
850 2760 1001 2792 lectiones.

65 2803 85 2821 ⁸⁸
95 2805 201 2838 ἀπίστοις
215 2815 243 2835 o.
