1867 3081
17 147 55 174 851
440 144 614 172 EXPOSITIO
635 145 666 172 IN
687 143 792 172 EPIST.
812 144 833 171 li
852 143 897 171 AD
916 143 994 171 COR.
1019 158 1049 163 —-
1071 143 1145 171 CAP.
1167 144 1207 170 IV.

1588 143 1643 171 842

18 208 74 238 ἀλλὰ
95 206 211 246 Χριστόν.
238 219 250 232 I
273 206 384 246 Ἐκείνῳ
408 202 452 235 οὖν
468 207 608 244 πολεμεῖτε
626 208 665 246 τῷ
688 218 788 246 κηρυσ-

895 214 919 234 [ιι
930 205 1056 241 nosipsos
1071 204 1264 240 prmdicamus,
1277 204 1324 232 sed
1337 204 1477 233 Christum
1487 226 1496 238 ,
1509 215 1523 230 ν
1536 204 1642 234 Adver-

16 251 111 290 σομίνῳ.
125 251 214 289 Ἡμεῖς
228 250 280 290 γὰρ
295 253 418 280 τοσοῧτον
433 252 462 280 οὖ
482 250 652 289 κηρύσσομεν
667 251 788 287 ἑαυτοὺς,

18 297 74 326 ὥστε
96 296 137 326 καὶ
156 296 185 325 οὗ
218 295 420 336 παραιτούμεθα
446 295 532 325 δοῦλοι
556 297 630 334 ὑμῶν
655 291 721 326 εἶναι
747 295 790 325 διὰ

18 342 52 370 τὸν
79 340 195 380 Χριστόν·
221 340 358 378 τουτέστι,
383 340 458 370 Διότι
485 340 580 374 ἐκείνος
605 341 688 374 οὕτως
720 342 791 379 ἡμᾶς

18 385 132 424 ἠγάπησε,
151 384 196 415 καὶ
209 384 297 414 πάντα
317 385 382 424 ὃπὶρ
398 386 475 424 ἡμῶν
488 384 610 424 ἔπραξεν.

49 489 59 500 ι
71 473 129 504 Ὀτι
151 474 164 502 ὁ
180 473 249 507 Θεὸς
272 475 286 503 6
305 472 404 510 εἰπὼν,
430 474 460 503 ἐκ
475 473 585 507 σκότους
602 475 656 514 φῶς
670 473 789 514 λάμψαι,

18 519 38 552 ὃς
55 519 162 558 ἔλαμψεν
179 519 206 547 ἐν
231 519 289 551 ταῖς
314 517 435 558 καρδίαις
459 520 549 555 ἡμῶν,
572 519 636 558 πρὸς
657 519 791 558 φωτισμὸν

19 567 54 599 τῆς
66 563 175 602 γνώσεως
199 564 245 597 τ’ἤς
267 562 342 598 δόξης
365 565 410 592 τοῦ
426 563 495 593 Θεοῦ
512 565 538 592 ἐν
552 562 688 603 προσώπῳ
703 563 792 599 Ἰησοῦ

18 609 125 647 Χριστοῦ.
147 620 159 633 ιι
183 606 236 637 Διὰ
256 607 291 642 τί,
314 606 405 647 φησὶν,
423 609 472 648 οὐχ
491 607 598 640 ἑαυτοὺς
613 607 793 647 κηρύττομεν,

19 652 78 682 Διότι
95 654 108 681 ὁ
127 651 192 684 Θεὸς
215 651 335 692 ἔλαμψεν
358 654 384 681 ἐν
409 656 466 684 ταῖς
492 652 613 692 καρδίαις
635 654 728 690 ἡμῶν,
747 652 793 681 καὶ

19 697 91 736 ὥσπερ
112 697 145 730 εἷς
163 696 194 725 τὸ
217 696 359 735 πρόσοικον
386 699 432 726 τοῦ
459 697 576 730 Μωσέως
601 696 700 733 πάλαι,
724 697 794 726 οὕτω

20 745 54 771 νῦν
66 743 96 775 εἰς
118 743 193 779 ἡμᾶς.
214 742 275 781 Οὐχ
297 740 388 781 ὥσπερ
413 741 439 771 δὲ
469 741 512 770 ἐπὶ
537 744 584 777 τῆς
609 742 717 781 πρώτης
737 741 792 770 κτί-

21 798 81 821 σεως,
104 781 168 822 εἶπε,
187 786 234 816 καὶ
257 786 358 824 ἐγένετο
373 788 427 825 φῶς
447 787 477 815 ἐκ
500 786 624 824 σκότους,
648 786 726 822 οὕτω,
748 787 794 816 καὶ

19 834 53 860 νῦν
72 826 132 867 εἷπε,
157 831 205 860 καὶ
227 830 328 870 ἐγένετο
352 832 414 871 φῶς·
441 832 499 860 ἀλλ’
522 831 597 864 αὐτὸς
621 833 685 869 ἡμῖν
703 831 794 870 γέγονε

20 877 70 915 φῶς.
87 874 163 908 Αὐτὸς
179 875 232 916 γὰρ
247 876 366 915 ἔλαμψεν
382 878 447 913 ἡμῖν
469 876 495 904 ἐν
510 875 645 916 προσώπῳ
665 877 794 916 Χριστοῦ,

20 920 134 958 τουτέστι,
159 920 202 949 διὰ
228 921 273 949 τοῦ
299 921 427 959 Χριστοῦ.
455 920 506 950 Διὰ
533 920 584 960 γὰρ
610 924 656 950 τοῦ
681 922 798 959 Χριστοῦ

20 964 104 1003 λάμπει
118 966 141 993 lv
162 965 228 1003 ἡμῖν
245 966 259 994 6
284 964 390 1005 Πατὴρ,
416 965 462 994 καὶ
480 965 618 1004 χαρίζεται
643 979 655 991 ιι
679 965 723 994 τὸν
739 977 797 1006 φω-

19 1009 97 1046 τισμὸν
114 1010 158 1045 τῆς
176 1008 314 1049 γνώσεως,
345 1023 358 1035 ιι
382 1010 412 1038 οὖ
437 1011 485 1043 τ’ἧς
509 1010 598 1042 οὐσίας
621 1010 712 1046 αὐτοῦ,
731 1009 799 1039 ἀλλὰ

23 1055 86 1088 «τῆς
106 1053 186 1089 δόξης.
209 1066 224 1082 ι
240 1053 314 1093 Ὅρα
339 1053 366 1083 δὲ
391 1056 438 1089 τῆς
461 1054 574 1093 Τριάδος
595 1053 641 1090 τὴν
665 1054 798 1093 θεολογίαν

19 1099 78 1137 παρὰ
98 1100 132 1138 τῷ
157 1098 259 1138 Παύλῳ
275 1098 318 1128 καὶ
337 1101 390 1127 νῦν·
411 1098 472 1138 περὶ
488 1098 536 1136 μὲν
550 1101 596 1129 τοῦ
626 1099 798 1137 Πνεύματος,

20 1155 30 1168 ί
47 1141 97 1178 Τὴν
121 1142 194 1176 δόξαν
230 1147 276 1173 τοῦ
304 1142 400 1182 Κυρίου
425 1144 663 1183 κατοπριζόμεθω
694 1157 706 1169 ι
733 1145 747 1172 ὁ
772 1144 800 1172 δὲ

21 1186 101 1225 Κύριος
122 1187 149 1216 τὸ
165 1187 277 1225 Πνεῦμα
293 1189 357 1216 ἐστι·
374 1187 436 1228 περὶ
456 1187 483 1216 δὲ
499 1190 543 1217 τοῦ
566 1189 641 1224 Υἱοῦ,
664 1188 720 1218 Τὸν
741 1200 798 1228 φω-

20 1232 98 1269 τισμὸν
120 1233 165 1267 τῆς
179 1231 257 1268 δόξης
271 1235 317 1261 τοῦ
334 1233 499 1272 Εὗαγγελίου
518 1235 562 1262 τοῦ
586 1234 716 1272 Χριστοῦ
740 1233 801 1272 περὶ

21 1276 43 1304 δὲ
55 1278 95 1306 τοῦ
109 1276 213 1316 Πατρὸς
228 1280 271 1307 νῦν
280 1299 288 1313 ,
307 1287 321 1305 (ι
336 1278 391 1308 Τὸν
405 1277 541 1318 φωτισμὸν
556 1279 604 1313 τῆς
620 1278 742 1317 γνώσεως
755 1279 802 1313 τῆς

21 1319 82 1356 δόξης
96 1334 106 1347 ι
124 1322 214 1350 αὐτοῦ.

53 1364 187 1405 ιἚχομιν
215 1365 243 1395 δὲ
263 1365 307 1396 τὸν
328 1365 459 1406 θησαυρὸν
481 1368 571 1396 τοῦτον
596 1367 623 1396 ἐν
638 1365 802 1406 ὀστρακίνοις

21 1409 133 1440 σκεύεσιν.
159 1424 170 1436 ιι
194 1410 308 1446 Ἐπειδὴ
330 1411 418 1440 πολλὰ
449 1412 495 1440 καὶ
520 1411 624 1450 μεγάλα
655 1407 713 1441 εἷπε
742 1411 802 1451 περὶ

22 1456 60 1490 τῆς
82 1455 228 1495 ἀπορρήτου
257 1455 341 1491 δόξης,
371 1454 414 1484 ἵνα
440 1455 477 1494 μή
504 1467 542 1488 τις
568 1455 640 1495 εἴτ-ιη’
669 1455 724 1486 Καὶ
746 1457 802 1489 πῶς

844 259 890 279 sus
904 259 968 279 eum
986 250 1077 286 itaque
1087 249 1234 282 dimicatis,
1245 249 1291 285 qui
1304 249 1480 284 praedicatur.
1496 251 1553 278 Nos
1565 250 1640 278 enim

844 295 913 324 adeo
928 303 982 322 non
1008 294 1189 330 praedicamus
1211 293 1354 329 nosipsos,
1380 297 1411 321 ut
1431 301 1487 321 non
1508 294 1637 322 detrecte-

844 348 909 368 mus
925 339 997 368 servi
1018 339 1100 367 vestri
1122 346 1182 367 esse
1205 343 1317 374 propter
1339 338 1496 371 Christum,
1513 337 1565 366 hoc
1584 343 1642 372 est,

845 388 886 415 Εο
898 387 972 423 quod
988 386 1033 414 ille
1052 386 1093 415 sic
1110 393 1162 414 nos
1180 384 1291 420 dilexit,
1306 389 1335 413 et
1350 385 1443 414 omnia
1457 385 1547 413 nostri
1561 393 1643 413 causa

845 432 910 469 egit.

882 476 967 512 264
972 477 1092 505 Vsns.6.
1100 487 1113 500 ι
1119 475 1257 511 Quoniam
1264 476 1350 507 Deus.
1355 474 1401 511 qui
1407 473 1477 502 dixit
1483 473 1517 502 de
1523 474 1643 502 tenebris

847 522 936 549 lucem
958 521 1156 557 splendescere,
1171 521 1217 557 qui
1242 520 1328 548 illuxit
1349 519 1376 547 in
1394 519 1524 547 cordibus
1543 519 1646 547 nostris

845 567 880 595 ad
900 566 1129 594 illuminationem
1143 565 1313 601 cognitionis
1333 565 1428 600 gloria:
1445 565 1514 598 Dei,
1528 565 1557 592 in
1579 563 1646 592 facie

846 612 910 640 Jesu
924 611 1033 639 Christi.
1055 623 1067 635 η
1081 613 1185 647 Quare,
1201 610 1306 646 inquit,
1325 609 1450 645 nosipsos
1470 617 1526 637 non
1541 609 1646 645 praadi—

847 659 958 685 camus?
981 655 1051 690 Quia
1073 657 1147 683 Deus
1172 655 1262 682 illuxit
1290 654 1319 682 in
1342 654 1470 682 cordibus
1483 654 1602 686 nostris,
1619 658 1647 682 et

848 701 959 737 perinde
972 709 1005 728 ac
1021 699 1100 728 faciei
1119 699 1204 728 Mosis
1225 699 1383 736 quondam,
1405 699 1444 727 sic
1464 699 1546 727 nobis
1571 706 1648 726 nunc

847 745 961 774 refulsit.
983 747 1067 773 Porro
1086 753 1142 772 non
1156 744 1393 780 quemadmodum
1409 745 1438 772 in
1463 744 1550 780 prima
1573 752 1649 772 crea-

848 791 937 824 tione,
952 790 1037 824 dixit,
1060 795 1087 818 et
1107 789 1177 818 facta
1190 794 1232 818 est
1247 789 1293 817 lux
1319 797 1334 817 e
1354 789 1494 822 tenebris,
1516 789 1554 816 sic
1573 797 1649 817 nunc

849 835 928 868 dixit,
956 839 984 863 et
1007 834 1075 862 facta
1098 838 1140 862 est
1163 834 1210 862 lux
1235 844 1242 862 π
1269 833 1319 861 sed
1342 835 1400 869 ipse
1425 833 1505 861 nobis
1531 833 1649 862 effectus

849 884 890 908 est
904 881 1006 907 lumen.
1022 879 1164 915 Siquidem
1180 879 1203 906 is
1219 879 1308 906 illuxit
1322 878 1401 906 nobis
1415 878 1443 905 in
1453 877 1521 906 facie
1535 878 1648 909 Christi,

852 924 904 952 hoc
927 928 978 958 est,
992 931 1040 960 per
1057 923 1209 952 Christum.
1228 924 1279 951 Per
1293 923 1431 951 Christum
1441 923 1517 950 enim
1532 922 1603 950 lucet
1620 922 1649 950 in

850 969 932 997 nobis
948 970 1036 1001 Pater,
1049 968 1150 1004 datque
1172 978 1185 994 (ι
1200 968 1430 996 illuminationem
1445 966 1620 1002 cognitionis.
1637 978 1649 991 ι

851 1021 909 1041 non
927 1013 1087 1041 substantiae
1108 1020 1175 1046 suae,
1198 1012 1245 1040 sed
1261 1024 1274 1036 «ι
1291 1012 1396 1048 gloriae.
1423 1023 1436 1036 ι
1456 1011 1652 1039 Animadverte

851 1062 943 1085 autem
955 1057 1095 1086 Trinitatis
1107 1057 1270 1093 mysterium
1283 1056 1357 1092 apud
1372 1056 1485 1084 Paulum
1502 1056 1555 1083 hoc
1567 1055 1650 1084 etiam

853 1102 880 1130 in
895 1102 965 1129 loco.
979 1103 1020 1130 De
1034 1102 1136 1137 Spiritu
1151 1109 1270 1131 namque
1284 1101 1364 1135 dicit,
1380 1112 1394 1125 «ι
1411 1101 1534 1129 Gloriam
1549 1100 1651 1128 Domi-

854 1147 882 1174 ni
900 1147 1072 1182 speculamur
1098 1157 1103 1173 :
1127 1158 1141 1171 ι
1164 1146 1304 1174 Dominus
1326 1147 1401 1173 enim
1417 1145 1532 1181 Spiritus
1546 1149 1602 1178 est;
1617 1145 1652 1173 de

853 1191 924 1220 Filio
937 1195 1043 1225 autem,
1058 1191 1295 1219 llluminationem
1310 1190 1405 1227 gloria:
1421 1189 1561 1226 Evangelii
1578 1189 1654 1217 Chriv

853 1236 906 1269 sti;
921 1235 956 1264 de
971 1236 1050 1264 Patre
1065 1240 1158 1264 autem
1173 1244 1256 1270 nunc,
1275 1246 1288 1261 α
1303 1235 1537 1263 illuminationem
1557 1234 1653 1270 cogni-

855 1280 935 1309 tionis
949 1281 1044 1317 glorize
1062 1292 1075 1305 ιι
1092 1280 1188 1316 ipsius.

891 1373 979 1400 Vnns.
995 1374 1019 1398 7.
1037 1383 1050 1395 ι
1069 1371 1212 1399 Habemus
1230 1374 1324 1399 autem
1339 1369 1501 1398 thesaurum
1516 1370 1601 1398 istum
1626 1369 1654 1398 in

856 1416 928 1443 vasis
948 1415 1086 1443 ﬁctilibus.
1107 1426 1121 1440 »
1142 1417 1293 1451 Postquam
1315 1415 1404 1443 multa
1430 1419 1457 1443 et
1471 1415 1600 1451 praeclara
1620 1413 1656 1442 de

856 1459 987 1487 ineffabili
1002 1459 1087 1496 gloria
1112 1460 1220 1488 locutus
1239 1463 1327 1494 esset,
1341 1467 1376 1487 ne
1390 1460 1453 1495 quis
1469 1459 1560 1493 dicat,
1577 1460 1654 1496 Quo-

22 1498 118 1535 μένομεν
144 1501 170 1529 ἐν
197 1502 286 1540 θνητῷ
310 1499 416 1537 σώματι
439 1501 463 1529 οἳ
494 1503 616 1537 τοιαῦτα,
645 1503 680 1534 ὡς
706 1500 796 1539 λέγεις1

895 1504 941 1532 )ἀο
956 1512 1021 1540 ergo
1036 1512 1180 1532 manemus
1203 1505 1231 1532 in
1246 1505 1356 1532 mortali
1378 1511 1508 1539 corpore,
1533 1504 1555 1532 si
1576 1503 1655 1537 talia,

23 1543 145 1580 λαϐόντεςς
165 1546 263 1584 φησὶν,
285 1544 325 1574 ὅτι
348 1544 403 1574 Καὶ
428 1547 505 1574 τοῦτο
520 1544 584 1573 αὐτὸ
600 1547 646 1580 τῆς
662 1547 708 1574 τοῦ
731 1546 802 1575 Θεοῦ

21 1588 153 1626 δυνάμεως,
176 1589 218 1619 ὅτι
241 1590 395 1630 ὀστράκινον
422 1591 514 1624 σκεῦος
538 1589 670 1624 τοιούτους
697 1593 803 1627 θησαυ-

23 1631 70 1669 ροὺς
81 1637 168 1672 χωρεῖ.

58 1687 71 1706 α
82 1677 137 1707 Ἰνα
154 1679 171 1714 ἡ
187 1677 323 1717 ὓπερϐολὴ
338 1680 385 1714 τῆς
402 1678 538 1715 δυνάμεως
591 1681 637 1709 τοῦ
650 1679 732 1715 Θεοῦ,
757 1679 803 1709 καὶ

22 1720 52 1758 μὴ
66 1721 90 1755 ἐξ
105 1724 191 1759 ἡμῶν.
222 1734 237 1750 ι
255 1722 328 1760 Ἵνα,
345 1722 438 1763 φησὶν,
498 1722 632 1763 ὑπερϐολὴ
648 1725 694 1758 τῆς
715 1735 804 1763 φαινο-

21 1765 89 1803 μένης
111 1767 138 1796 ἐν
153 1769 218 1805 ἡμῖν
237 1768 372 1805 δυνάμεως
397 1770 440 1797 τοῦ
466 1768 536 1797 Θεοῦ
553 1763 583 1808 ᾗ,
604 1768 649 1797 καὶ
669 1768 706 1806 μή
729 1771 805 1806 ἡμεῖς

21 1811 174 1848 νομιζώμεθα
203 1814 348 1852 κατορθοῦν
372 1811 398 1846 ἐξ
423 1814 526 1841 ἑαυτῶν
551 1825 588 1848 τι,
613 1812 682 1841 ἀλλὰ
709 1813 806 1846 πάντες

20 1855 40 1883 οἱ
59 1857 163 1895 ὁρῶντες
187 1860 237 1886 τοῦ
260 1858 329 1886 Θεοῦ
356 1858 470 1896 λέγωσιν
495 1852 561 1886 εἶναι
581 1857 612 1886 τὸ
627 1861 692 1887 πᾶν.
711 1857 804 1886 Αἶνίτ-

21 1910 85 1928 τεται
111 1899 137 1930 δὲ
159 1901 220 1934 τοὺς
245 1901 487 1941 ψευδαποστόλους,
514 1901 554 1931 ὅτι
580 1903 682 1936 ἑαυτοῖς
707 1902 738 1931 τὸ
753 1906 806 1931 πᾶν

22 1943 167 1986 ἐπέγραφον.

56 2002 67 2014 ι
89 1989 133 2019 Ἐν
156 1989 238 2020 παντὶ
262 1989 426 2029 θλιϐόμενοι,
450 1989 510 2020 ἀλλ’
537 1991 566 2020 οὗ
591 1990 807 2032 στενοχωρούμε-

23 2043 64 2063 νοι.
81 2047 92 2060 υ
115 2034 166 2064 Καὶ
191 2037 328 2074 τοσοῦτον,
354 2035 451 2075 φησὶν,
480 2035 538 2064 ἔστι
561 2035 590 2064 τὸ
616 2040 668 2064 πᾶν
693 2038 740 2071 τῆς
762 2038 808 2066 τοῦ

23 2078 84 2107 Θεοῦ
104 2079 250 2117 δυνάμεως,
272 2079 341 2108 ὥστε
365 2079 452 2109 καίτοι
473 2080 625 2119 ὀστράκινοι
650 2080 739 2116 ὄντες,
763 2080 808 2110 καὶ

24 2122 141 2157 τοσούτοις
161 2124 379 2164 περικρουόμενοι
404 2128 574 2164 πειρασμοῖς,
598 2125 628 2154 οὗ
659 2124 808 2165 θραυόμεθα

24 2166 62 2194 καὶ
86 2169 237 2207 ἀπόλλυμεν
264 2168 308 2198 τὸν
331 2169 359 2197 εν
389 2170 454 2206 ἡμῖν
478 2168 620 2207 θησαυρόν.
651 2169 807 2207 Θλιϐόμεθα

25 2210 68 2250 γὰρ
92 2213 117 2241 ἓν
139 2213 219 2242 παντὶ
245 2214 339 2252 καιρῷ,
365 2212 411 2242 καὶ
435 2212 520 2253 τόπῳ,
536 2213 582 2242 καὶ
601 2213 758 2253 πράγματι,
781 2215 808 2243 ἕν

26 2255 112 2293 φίλοις,
140 2258 167 2287 ἐν
196 2259 310 2298 ἐχθροῖς·
339 2258 398 2287 ἀλλ’
424 2258 453 2287 οὖ
483 2257 738 2299 στενοχωρούμεοα,
762 2260 808 2288 τοῦ

26 2299 86 2329 Θεοῦ
100 2302 275 2336 πλατύνοντος
287 2301 334 2334 τὰς
348 2302 457 2342 καρδίας
473 2304 561 2340 ἡμῶν.

59 2358 72 2371 ι
86 2345 282 2386 Ἀπορούμενοι,
305 2347 365 2376 ἀλλ’
378 2349 425 2377 οὐκ
446 2347 662 2386 ἐξαπορούμενοι.
686 2358 702 2376 ι)
723 2349 810 2378 Τουτ-

28 2387 100 2426 έστιν,
134 2393 170 2425 εἰς
209 2392 321 2431 ἀπορίας
358 2391 404 2421 καὶ
437 2391 588 2431 ἀμηχανίας
628 2392 812 2430 ἐμπίπτοντες·

27 2434 88 2469 πλὴν
103 2436 162 2465 ἄλλ’
186 2436 259 2475 ὀρθοὶ
281 2435 420 2474 ἱστάμενοι
446 2436 493 2465 καὶ
517 2437 564 2466 οὖκ
589 2436 813 2476 ἀπογινώσκοντες

28 2478 239 2531 καὶκήττώμενοι,
252 2481 322 2510 ἀλλὰ
336 2480 430 2521 πόρους
452 2482 479 2511 ἐν
499 2482 562 2521 Θεῷ
585 2481 745 2521 εὑρίσκοντες
766 2481 812 2512 καὶ

28 2533 147 2559 νικωντες.

63 2625 74 2639 α
94 2614 270 2654 Διωκόμενοι,
296 2615 354 2645 ἀλλ’
369 2616 416 2645 οὔκ
431 2615 695 2655 ἐγκαταλειπόμενοι.
712 2629 725 2642 ι
741 2616 814 2646 Διώ-

31 2668 109 2687 κουσιν
134 2662 208 2697 ἡμᾶς
229 2661 252 2690 οἱ
278 2660 420 2700 ἄνθρωποι,
446 2662 505 2691 ἄλλ’
520 2663 534 2691 ὃ
554 2661 621 2695 Θεὸς
640 2662 686 2691 οὗκ
701 2662 816 2700 ἐγκατα-

31 2701 115 2732 λείπει.
138 2704 212 2745 Πρὸς
236 2705 384 2744 γυμνασίαν
407 2705 459 2746 γὰρ
481 2707 576 2745 ἡμῶν,
592 2706 622 2736 οὗ
639 2706 703 2746 πρὸς
720 2702 815 2745 ἧτταν,

33 2752 225 2788 συγχωροῦνται
240 2752 337 2781 ταῦτα.

164 2845 282 2873 Panos.
298 2846 350 2875 Gn.
371 2845 481 2874 CXXIV.

859 1553 889 1577 ut
908 1549 991 1584 dicis,
1012 1549 1218 1584 acceperimus?
1232 1550 1293 1577 Hoc
1306 1550 1412 1585 ipsum,
1425 1549 1526 1584 inquit,
1541 1548 1592 1576 Dei
1610 1556 1658 1584 po-

857 1595 950 1623 tentiae
971 1594 1145 1623 tribuendum
1166 1599 1221 1628 est,
1236 1593 1310 1631 quod
1333 1602 1378 1622 vas
1389 1598 1540 1622 testaceum
1562 1593 1658 1629 hujus,

858 1639 933 1667 modi
951 1639 1093 1668 thesauros
1106 1640 1186 1675 capit.

896 1696 909 1710 ι
929 1687 969 1714 Ut
982 1686 1137 1713 excellentia
1153 1685 1282 1720 potentia:
1300 1686 1336 1714 sit
1349 1685 1408 1719 Dei,
1427 1689 1456 1713 et
1473 1693 1531 1713 non
1549 1692 1583 1713 ex
1606 1691 1657 1712 no-

858 1729 910 1758 bis.
925 1740 938 1755 »
955 1731 994 1758 Ut
1010 1730 1178 1762 excellentia,
1195 1730 1293 1766 inquit,
1308 1731 1440 1765 potentiae
1451 1737 1512 1766 qua).
1530 1729 1558 1757 in
1577 1729 1657 1757 nobis

859 1779 981 1811 apparet,
994 1775 1043 1803 Dei
1057 1776 1101 1808 sit,
1116 1782 1182 1802 neve
1200 1775 1392 1802 existimemur
1405 1783 1455 1802 nos
1469 1783 1484 1802 a
1499 1775 1579 1802 nobis
1591 1774 1658 1810 ipsis

859 1818 962 1854 aliquid
974 1819 1070 1854 egisse,
1085 1826 1181 1846 verum
1195 1825 1292 1845 omnes
1313 1817 1359 1853 qui
1378 1817 1479 1850 vident,
1503 1817 1552 1844 Dei
1564 1817 1656 1844 dicant

860 1863 912 1890 hoc
927 1866 1017 1890 totum
1032 1870 1100 1890 esse.
1120 1864 1204 1891 Notat
1218 1866 1312 1889 autem
1328 1861 1567 1897 pseudapostolos,
1587 1869 1656 1897 quo-

861 1908 937 1936 niam
952 1907 1068 1943 sibiipsis
1081 1907 1235 1936 universum
1249 1906 1431 1935 ascribebant.

896 1995 988 2023 Vsus.
1005 1998 1033 2023 8.
1055 2004 1070 2021 ιι
1095 1996 1127 2023 In
1141 1994 1273 2023 omnibus
1295 1993 1501 2022 tribulationem
1526 1993 1657 2029 patimur.

862 2040 910 2069 sed
937 2048 992 2068 non
1015 2040 1214 2076 angustiamur.
1236 2051 1248 2063 -
1270 2038 1362 2071 Adeo,
1385 2037 1486 2074 inquit,
1504 2042 1597 2066 totum
1617 2043 1659 2066 est

861 2085 991 2121 potentiae
1015 2085 1080 2119 Dei,
1105 2089 1137 2112 ut
1158 2084 1284 2120 quamvis
1308 2083 1418 2111 testacei
1444 2083 1548 2117 simus,
1573 2084 1658 2112 tantis

862 2135 975 2166 tamque
998 2130 1077 2158 variis
1097 2128 1296 2157 tentationibus
1314 2128 1442 2164 impulsi,
1465 2135 1519 2156 non
1546 2127 1657 2164 franga-

863 2183 936 2206 mur,
952 2182 1039 2210 neque
1057 2173 1203 2209 perdamus
1219 2173 1380 2200 thesaurum
1399 2172 1446 2208 qui
1462 2172 1490 2199 in
1509 2171 1590 2199 nobis
1608 2175 1658 2199 est.

862 2218 1021 2254 Aiﬂigimur
1040 2218 1111 2245 enim
1127 2218 1154 2245 in
1169 2217 1246 2245 omni
1270 2221 1409 2252 tempore,
1425 2220 1454 2243 et
1475 2216 1551 2249 loco,
1570 2219 1598 2243 et
1612 2223 1656 2248 re,

864 2263 935 2290 inter
954 2262 1075 2295 amicos,
1090 2262 1161 2290 inter
1182 2262 1273 2289 hostes
1297 2272 1303 2289 :
1322 2261 1369 2289 sed
1392 2260 1428 2288 ad
1449 2260 1589 2296 angustias
1603 2268 1661 2288 non

863 2307 1001 2344 cogimur,
1017 2308 1072 2334 Deo
1086 2307 1168 2334 corda
1180 2311 1274 2334 nostra
1288 2305 1419 2333 dilataute

903 2364 916 2376 ι
939 2352 1115 2388 Aporiamur,
1139 2351 1187 2379 sed
1202 2358 1257 2378 non
1280 2350 1468 2378 destituimur.
1494 2361 1508 2374 ι
1522 2351 1586 2378 Hoc
1597 2354 1661 2383 est,

865 2397 893 2425 in
909 2405 1050 2425 summam
1065 2404 1158 2424 rerum
1177 2395 1319 2432 penuriam
1339 2399 1367 2422 et
1382 2394 1574 2422 difﬁcultatem
1594 2395 1661 2422 inci~

865 2441 978 2477 dentes,
1011 2445 1200 2469 verumtamen
1235 2440 1303 2468 recti
1332 2439 1529 2474 consistentes,
1559 2439 1586 2468 in
1615 2439 1663 2468 de-

867 2486 1052 2522 sperationem
1081 2493 1138 2513 non
1165 2485 1347 2517 devolvimur,
1375 2492 1465 2520 neque
1493 2485 1627 2512 vincimur
1655 2492 1663 2511 :

867 2535 998 2559 caeterum
1015 2530 1043 2558 in
1072 2532 1132 2558 Deo
1151 2530 1255 2558 exitum
1271 2529 1440 2563 invenimus,
1475 2533 1558 2566 atque
1577 2528 1664 2556 vinci-

868 2583 941 2603 mus.

905 2621 995 2648 Vitas.
1026 2621 1053 2647 9.
1082 2631 1095 2644 σι
1122 2619 1345 2648 Persecutionem
1371 2619 1500 2656 patimur,
1530 2616 1577 2645 sed
1605 2625 1664 2646 non

869 2663 1096 2700 derelinquimur.
1111 2676 1123 2688 ιι
1134 2665 1339 2700 Persequuntur
1346 2665 1457 2700 quidem
1468 2669 1520 2690 nos
1531 2661 1666 2696 homines,

871 2717 969 2737 verum
980 2711 1056 2737 Deus
1070 2717 1121 2737 nos
1141 2716 1197 2738 non
1219 2708 1329 2737 deserit.
1350 2708 1394 2736 Ad
1413 2706 1572 2736 exercitium
1594 2706 1666 2734 enim

871 2758 1015 2788 nostrum,
1043 2761 1100 2782 non
1122 2757 1153 2782 ut
1177 2753 1404 2787 succumbamus,
1428 2752 1488 2780 hac
1502 2750 1669 2788 permittun-

872 2803 928 2828 tur.

1479 2843 1514 2869 27
