1867 3081
198 164 249 191 843

235 237 247 248 ι
264 225 417 260 Dejicimur
431 224 561 260 quidem,
577 224 626 253 sed
639 232 694 252 non
710 225 841 260 perimus.
861 236 874 249 ι
892 225 995 260 Corpo-
1010 225 1037 257 Α

198 277 244 303 re,
261 270 363 305 inquit,
379 273 407 297 et
424 269 544 297 externis
560 269 640 297 rebus
660 269 694 297 ab
714 269 876 297 adversariis
890 269 993 297 nostris

197 314 354 350 dejicimur,
374 313 422 342 sed
437 322 494 342 non
514 314 647 350 perimus,
662 319 795 350 quantum
811 314 844 342 ad
866 314 992 342 alacrita-

197 363 255 387 tem
263 360 415 395 animaeque
424 359 608 388 constantiam
617 359 723 393 attinet,
734 363 795 388 tum
804 359 894 395 quoad
903 360 992 395 ipsum

196 412 295 440 corpus
308 413 323 432 a
334 406 392 432 Deo
407 405 487 432 etiam
503 413 708 432 conservamur.

234 449 320 485 265
332 450 418 478 Vsus.
436 453 478 477 10.
497 461 509 474 ιι
526 451 640 486 Semper
654 453 774 477 mortem
795 449 908 477 Domini
929 450 993 477 Jesu

196 494 225 522 in
239 502 355 530 corpore
373 493 613 528 circumferentes,
629 498 660 521 ut
675 498 703 522 et
722 494 776 522 vita
794 495 860 522 Jesu
879 493 995 521 manife-

197 543 284 567 stetur
297 539 325 567 in
352 547 466 574 corpore
488 543 595 567 nostro.
618 551 631 563 ι»
655 540 717 567 Hoc
741 543 798 572 est,
823 539 995 575 quotidianas

196 588 300 612 mortes
323 584 508 618 sustinentes,
531 584 724 620 imitantesque
741 589 860 612 mortem
882 583 995 611 Domini

195 629 258 656 Jesu
273 636 392 664 semper,
407 627 524 664 hincque
539 628 622 656 vitam
636 629 719 664 ipsius
733 633 994 662 commonstrantes,

195 681 244 702 seu
267 673 514 707 resurrectionem,
542 673 568 700 in
590 681 705 709 corpore
733 678 838 701 nostro.
866 674 893 701 Si
920 674 994 701 enim

196 718 334 754 quispiam
354 725 410 745 non
428 717 522 745 credat
541 717 616 753 quod
638 718 775 746 Dominus
798 718 994 753 resurrexerit,

196 771 260 791 cum
281 770 333 790 nos
355 762 475 798 quotidie
497 763 662 796 morientes,
689 767 717 791 et
739 763 859 799 quotidie
879 763 996 792 viventes

197 806 386 844 conspexerit,
408 806 479 835 bona
501 815 564 835 cum
579 808 682 836 ratione
696 816 754 836 non
779 808 897 844 amplius
919 808 997 836 dubi-

196 852 276 880 tabit.

230 898 319 925 Vsus.
334 899 378 925 It.
405 907 418 920 ι
433 896 547 932 Semper
569 896 642 926 enim
669 905 719 926 nos
745 897 791 934 qui
810 897 941 932 vivimus,
966 898 994 925 in
1010 905 1034 937 Β

195 947 319 970 mortem
340 941 478 970 tradimur
502 947 614 978 propter
628 943 738 977 Jesum,
757 947 789 970 ut
807 947 836 971 et
850 943 905 971 vita
927 945 993 971 Jesu

196 987 386 1016 manifestetur
409 985 437 1014 in
461 987 570 1015 mortali
599 995 680 1015 carne
702 991 804 1015 nostra.
828 999 841 1012 ν
860 989 913 1016 Per
934 988 993 1016 haec

195 1033 391 1067 interpretatur
407 1031 547 1069 quomodo
560 1032 663 1060 dixerit
679 1038 798 1060 mortem
819 1034 886 1061 Jesu
905 1043 911 1060 :
927 1042 992 1061 nam

196 1076 344 1104 obscurum
369 1081 437 1105 erat.
454 1077 530 1105 Solet
542 1077 617 1104 enim
632 1082 764 1113 perpetuo
782 1077 897 1105 obscure
919 1077 992 1105 dicta

195 1121 356 1150 dilucidare.
380 1124 455 1151 Istud
471 1127 572 1156 autem,
595 1134 607 1147 ι
629 1123 665 1150 Ut
678 1127 705 1151 et
720 1123 772 1150 vita
788 1124 853 1151 Jesu
875 1123 991 1151 manife-

195 1171 293 1201 stetur,
323 1179 335 1192 ιο
361 1172 462 1204 praeter
486 1168 607 1204 priorem
633 1167 822 1203 acceptionem
842 1169 928 1196 etiam
954 1169 994 1196 sic

195 1211 386 1248 accipiendum
412 1215 454 1241 est
482 1222 489 1240 :
516 1211 761 1247 Quemadmodum
795 1221 846 1241 nos
873 1218 992 1241 mortem

195 1256 295 1285 Christi
308 1258 477 1285 sustinemus
492 1265 575 1291 nunc,
591 1258 765 1293 viventesque
775 1261 886 1294 propter
900 1258 991 1293 ipsum

195 1302 265 1329 mori
279 1302 420 1338 elegimus,
437 1302 473 1330 ita
484 1302 528 1330 ille
540 1307 665 1330 mortuos
674 1306 733 1330 tum
748 1302 886 1330 viviﬁcare
896 1303 968 1331 volet
985 1313 991 1330 :

195 1345 225 1374 id
234 1345 309 1382 quod
322 1346 386 1374 alibi
397 1346 473 1374 ait':
492 1358 505 1370 ει
521 1346 549 1375 Si
565 1346 639 1374 enim
653 1346 762 1375 Christo
782 1348 991 1382 commorimur,

195 1391 277 1419 simul
290 1391 374 1418 etiam
389 1399 453 1419 cum
468 1398 500 1419 eo
515 1391 647 1418 vivemus.
666 1402 678 1415 ι

229 1436 316 1463 Vnus.
342 1437 385 1463 12.
408 1446 421 1459 α
439 1436 509 1471 Ergo
535 1443 611 1462 mors
632 1434 660 1462 in
674 1435 756 1462 nobis
780 1439 921 1470 operatur,
936 1435 991 1463 vita

193 1482 284 1506 autem
306 1479 333 1506 in
352 1479 440 1507 vobis.
459 1490 471 1503 ι
498 1480 619 1506 Mortem
645 1478 688 1506 hic
702 1480 870 1507 tentationes
896 1484 992 1514 vocat,

193 1523 247 1551 hoc
260 1523 356 1551 dicens
378 1532 385 1550 :
403 1524 459 1551 Nos
479 1523 592 1558 quidem
607 1523 636 1550 in
658 1524 782 1558 periculis
806 1531 920 1558 sumus,
946 1532 995 1553 vos

193 1572 287 1596 autem
312 1568 382 1601 vita,
413 1575 475 1604 quae
499 1575 531 1595 ex
557 1567 683 1603 periculis
706 1572 828 1603 paratur,
855 1569 992 1603 fruimini,
1009 1583 1032 1615 ρ

194 1612 338 1648 Evangelia
356 1619 452 1647 nempe
467 1612 544 1639 vobis
563 1611 730 1648 praedicata,
751 1621 800 1648 per
816 1613 892 1649 quod
909 1614 994 1642 vitam

196 1656 283 1684 vivitis
297 1656 503 1692 sempiternam.

232 1703 322 1730 Vnus.
348 1704 391 1729 13.
414 1713 426 1726 «ι
445 1702 585 1730 Habentes
608 1707 699 1730 autem
714 1703 842 1731 eumdem
863 1705 997 1741 Spiritum

195 1746 270 1781 ﬁdei,
283 1746 437 1775 secundum
449 1746 525 1782 quod
534 1747 669 1783 scriptum
679 1751 737 1776 est:
753 1748 874 1782 Credidi,
886 1755 998 1786 propter

196 1790 269 1827 quod
283 1791 391 1819 locutus
406 1799 470 1819 sum
484 1796 495 1809 ³
511 1800 518 1819 :
537 1795 565 1819 et
578 1800 630 1820 nos
643 1792 792 1826 credimus,
811 1798 953 1829 propterea
970 1799 999 1823 et

195 1835 346 1872 loquimur.
364 1848 376 1860 ν
390 1836 587 1864 Tentationum
603 1844 684 1872 supra
697 1837 870 1866 mentionem
886 1837 959 1873 fecit,
971 1843 999 1867 et

198 1881 297 1909 mortis
305 1890 314 1916 ,-
328 1880 427 1909 deinde
444 1881 490 1914 ait,
515 1880 589 1918 quod
610 1881 653 1909 Ab
668 1881 728 1909 istis
750 1882 830 1910 etiam
851 1883 932 1911 Jesus
946 1891 998 1911 nos

196 1925 333 1959 liberavit,
357 1926 547 1961 rationemque
569 1925 704 1960 reddidit,
734 1934 834 1962 nempe
859 1927 921 1955 ideo
947 1936 998 1956 nos

197 1970 333 2003 liberavit,
346 1974 377 1997 ut
391 1970 598 1998 resurrectionis
615 1977 672 1998 sua:
687 1969 770 1998 ﬁdem
790 1971 883 2000 faciat.
901 1972 999 2000 Subdit

199 2015 290 2051 itaque
303 2014 360 2050 jam
378 2021 468 2048 nunc,
494 2014 568 2049 quod
592 2013 646 2042 ﬁde
672 2014 724 2042 hoc
739 2019 866 2050 oporteat
891 2021 998 2045 certum

200 2058 291 2092 reddi,
305 2062 333 2086 et
346 2065 402 2085 non
416 2058 568 2086 rationibus
585 2062 692 2086 tantum
709 2068 715 2086 :
736 2059 997 2094 Quemadmodum,

199 2103 322 2138 inquiens
333 2122 341 2135 ,
362 2101 447 2129 David
470 2102 667 2130 tentationibus
682 2103 844 2137 immersus,
861 2109 888 2132 et
906 2113 920 2133 a
938 2107 998 2134 Deo

199 2147 260 2175 solo
271 2147 304 2174 ab
320 2146 353 2174 iis
367 2151 494 2182 ereptus,
513 2147 599 2180 dixit,
617 2157 632 2174 ιι
651 2148 775 2182 Credidi,
799 2155 910 2186 propter
924 2151 999 2186 quod

199 2191 309 2219 locutus
323 2199 387 2219 sum
403 2200 412 2218 :
427 2203 439 2216 ιι
460 2191 499 2219 sic
521 2196 550 2219 et
563 2200 613 2219 nos
626 2193 755 2220 eumdem
778 2193 842 2221 ﬁdei
865 2195 998 2231 Spiritum

669 162 926 190 THEOPllYLACTI
948 161 1124 189 BULGARUE
1142 161 1299 188 ARCHIEP.
1794 161 1836 187 844

1109 236 1122 250 α
1149 222 1408 261 Καταϐαλλόμενοί,
1423 222 1542 251 ἀλλὀὐχ
1564 221 1754 260 ἀπολλύμενοι.
1771 235 1783 248 ι
1797 224 1836 262 Τῷ

1051 268 1158 307 σώματι
1183 269 1229 297 καὶ
1257 271 1311 301 τοῖς
1336 266 1410 300 ἐκτὸς
1437 266 1672 304 καταϐαλλόμενοι
1697 265 1773 306 παρὰ
1793 269 1836 296 τῶν

1049 312 1287 349 ἀντιπαλαιόντων,
1304 313 1362 342 ἀλλ’
1374 312 1422 341 οὐχ
1437 312 1630 350 ἀπολλύμενοι,
1698 312 1835 351 προθυμία,

1049 357 1094 386 καὶ
1109 360 1142 398 τῇ
1155 360 1202 393 τῆς
1217 359 1306 398 ψυχῆς
1324 356 1455 394 ἐνστάσει,
1469 357 1513 386 καὶ
1528 357 1588 386 κατ’
1607 356 1671 386 αὖτὸ
1687 357 1716 386 δὲ
1726 356 1756 385 τὸ
1769 358 1836 394 σῶμα

1049 403 1101 432 ὑπὸ
1117 404 1188 433 Θεοῦ
1204 401 1422 441 συντηρούμενοι.

1091 459 1105 475 α
1123 447 1244 477 Πάντοτε
1269 447 1318 482 τὴν
1333 446 1460 486 νέκρωσιν
1475 448 1521 476 τοῦ
1538 445 1638 485 Κυρίου
1654 447 1745 482 Ἰησοῦ
1764 446 1789 475 ἐν
1807 447 1837 487 τῷ

1049 492 1153 531 σώματι
1180 492 1373 532 περιφέροντες,
1403 490 1447 520 ἵνα
1477 491 1524 521 καὶ
1558 493 1574 527 ἡ
1599 490 1653 527 ζωὴ
1681 493 1730 520 τοῦ
1760 491 1838 526 Ἰησοῦ

1049 539 1186 578 φανερωθῇ
1207 537 1233 566 ὲν
1256 538 1294 576 τῷ
1323 535 1429 575 σώματι
1445 537 1534 575 ἡμῶν.
1561 546 1576 565 n
1595 535 1743 574 Τουτέστι,
1769 536 1836 564 θανά-

1048 593 1109 615 τους
1130 580 1323 621 καθημερινοὺς
1348 581 1539 621 ὑφιστάμενοι,
1557 580 1603 610 καὶ
1630 580 1789 618 μιμούμενοι
1801 580 1836 609 τὸν

1049 627 1160 656 θάνατον
1182 629 1227 656 τοῦ
1253 626 1350 666 Κυρίου
1377 625 1435 660 ἀεὶ,
1459 627 1602 656 κάντεῦθεν
1629 625 1776 658 δεικνύντες
1799 624 1836 654 ni

1049 671 1096 707 τὴν
1123 671 1192 707 ζωὴν
1217 673 1310 708 αὑτοῦ,
1335 670 1394 707 ἤτοι
1419 671 1467 707 τὴν
1494 670 1657 706 ἀνάστασιν,
1679 671 1707 699 ἐν
1733 671 1772 709 τῷ
1793 670 1837 698 σώ-

1050 728 1114 756 ματι
1138 717 1225 755 ἡμῶν.
1242 717 1274 746 Εἰ
1299 715 1352 756 γάρ
1377 727 1416 749 τις
1440 717 1547 744 ἀπιστεῖ
1572 714 1612 744 ὅτι
1634 714 1737 750 ἀνέστη
1752 716 1766 744 ὁ
1787 713 1837 745 Κύ-

1051 773 1112 802 ριος,
1135 763 1206 799 ἡμᾶς
1238 762 1306 800 δρῶν
1330 761 1393 789 καθ’
1415 760 1520 800 ἡμέραν
1547 759 1595 798 μὶν
1619 759 1838 795 ἀποθνήσκοντας,

1049 806 1107 836 καθ’
1132 806 1236 846 ἡμέραν
1257 805 1284 835 δὲ
1311 807 1425 843 ζῶντας,
1452 805 1501 834 οὐκ
1524 804 1557 834 ἂν
1581 804 1622 833 ἔτι
1646 804 1764 844 εὐλόγως
1784 805 1836 833 ἀπι-

1051 851 1148 890 στήσῃ.

1090 909 1103 923 ι
1118 895 1172 925 Ἀεὶ
1195 894 1245 935 γὰρ
1265 896 1342 934 ἡμεῖς
1368 895 1392 925 οἳ
1417 896 1512 930 ζῶντες
1538 895 1574 928 εἷς
1596 893 1710 923 θάνατον
1734 894 1836 934 παραδι-

1049 941 1148 979 δόμεθα
1172 940 1215 969 διὰ
1231 941 1346 977 Ἰησοῦν,
1365 939 1408 969 ἵνα
1428 939 1474 969 χαὶ
1489 942 1506 976 ἡ
1529 939 1582 974 ζωὴ
1598 941 1645 968 τοῦ
1665 939 1757 974 Ἰησοῦ
1772 950 1835 979 φανε-

1048 988 1119 1025 ρωθῇ
1136 987 1162 1015 ἒν
1178 987 1211 1024 τῇ
1227 986 1309 1024 θνητῇ
1334 984 1414 1025 σαρκὶ
1437 985 1526 1022 ἡμῶν.
1545 996 1557 1010 ι
1572 983 1624 1014 Διὰ
1639 983 1745 1012 τούτων
1764 985 1836 1023 ἑρμη-

1046 1030 1130 1066 νεύει,
1160 1032 1217 1063 πῶς
1244 1025 1304 1059 εἶπε
1329 1029 1377 1063 τὴν
1404 1029 1532 1068 νέκρωσιν
1551 1030 1596 1058 τοῦ
1620 1028 1724 1064 Ἰησοῦ⁴
1751 1028 1838 1068 danais

1046 1073 1098 1114 γὰρ
1113 1070 1156 1111 ἦν’
1174 1074 1249 1104 εἴωθε
1269 1073 1321 1114 γὰρ
1339 1074 1379 1103 ἀεὶ
1395 1073 1429 1103 τὰ
1446 1074 1537 1113 ἀσαφῆ
1560 1073 1730 1113 σαφηνίζειν.
1755 1073 1793 1103 Τὸ
1807 1072 1838 1110 δὲ,

1048 1132 1060 1145 α
1074 1118 1135 1149 Ἵνα
1160 1121 1177 1155 ἠ
1193 1119 1247 1154 ζωὴ
1270 1121 1316 1148 τοῦ
1332 1118 1422 1154 Ἰησοῦ
1439 1120 1590 1158 φανερωθῇ,
1607 1132 1618 1143 ι
1640 1117 1710 1156 πρὸς
1783 1129 1838 1157 προ-

1047 1163 1109 1205 τέρα
1126 1165 1223 1203 ἔκδοχῇ
1238 1164 1282 1193 καὶ
1301 1163 1384 1197 οὕτως
1406 1163 1569 1200 ἐκληπτέον,
1584 1162 1625 1192 ὅτι
1649 1163 1763 1203 Ὥσπερ
1777 1165 1838 1200 ἡμεῖς

1047 1208 1091 1237 τὸν
1106 1208 1215 1238 θάνατον
1231 1210 1277 1237 τοῦ
1292 1209 1411 1247 Χριστοῦ
1430 1207 1596 1246 ὑπομένομεν
1613 1209 1675 1243 νῦν,
1696 1207 1747 1236 καὶ
1761 1208 1838 1241 ζῶντες

1048 1253 1194 1292 αἱρούμεθα
1220 1253 1254 1282 δι’
1270 1253 1349 1282 αὐτὸν
1369 1255 1468 1290 θανεῖν,
1487 1252 1557 1282 οὕτω
1580 1251 1627 1281 καὶ
1642 1251 1726 1285 αὐτὸς
1743 1251 1838 1291 uigin-

1047 1309 1091 1327 ται
1110 1297 1289 1331 ἀποθανόντας
1304 1299 1468 1336 ζωογονῆσαι
1485 1297 1554 1325 τότε·
1577 1296 1643 1336 ὅπερ
1663 1296 1712 1325 καὶ
1734 1297 1837 1335 ἀλλαχοῦ

1049 1353 1140 1382 φησιν·
1164 1356 1175 1368 ι
1190 1343 1224 1371 Εἰ
1247 1341 1298 1382 γὰρ
1324 1341 1551 1380 συναπεθάνομεν,
1576 1341 1623 1370 καὶ
1643 1342 1805 1380 συζήσομεν.
1824 1354 1833 1366 ι
1866 1378 1867 1381 η

1089 1446 1101 1458 ι
1115 1431 1202 1462 Ὥστε
1225 1432 1240 1460 ὁ
1259 1431 1308 1470 μὲν
1333 1431 1444 1465 θάνατος
1460 1431 1487 1460 ἐν
1511 1433 1576 1469 ἡμῖν
1601 1431 1769 1471 ἐνεργεῖται,
1787 1433 1802 1466 ἡ
1820 1429 1838 1458 δὲ

1049 1475 1103 1513 ζωὴ
1124 1478 1150 1506 ἐν
1177 1478 1250 1515 ὑμῖν.
1279 1489 1292 1502 I
1315 1477 1440 1507 Θάνατον
1466 1477 1579 1506 ἐνταῦθα
1598 1475 1661 1509 τοὺς
1686 1474 1839 1516 πιιρασμούς

1049 1533 1131 1563 φησι,
1162 1524 1238 1551 τοῦτο
1263 1521 1365 1560 λέγων,
1392 1520 1432 1550 ὅτι
1463 1520 1562 1559 Ἡμεῖς
1591 1520 1640 1559 μὲν
1669 1522 1696 1550 ἐν
1727 1520 1839 1552 κινδύνοις

1049 1566 1137 1604 ἐσμέν
1163 1568 1238 1605 ὑμεῖς
1268 1566 1295 1595 δὲ
1323 1566 1369 1601 τὴν
1401 1568 1432 1596 ἐκ
1459 1567 1512 1595 τῶν
1541 1565 1670 1595 κινδύνων
1701 1567 1838 1605 καρποῦσθε

1051 1610 1138 1647 ζωὴν,
1158 1611 1203 1640 ἅτε
1229 1613 1273 1640 τοῦ
1300 1610 1465 1650 Εὐαγγελίου
1488 1610 1687 1651 κηρυττομένου
1714 1612 1793 1650 ὑμῖν,
1816 1609 1839 1638 ξε

1051 1651 1081 1684 οἶ
1096 1655 1144 1691 τὴν
1159 1655 1264 1685 αἷώνιον
1286 1657 1347 1691 ζῆτε
1360 1655 1439 1690 ζωήν.

1095 1713 1108 1727 α
1121 1699 1251 1740 Ἔχοντες
1266 1700 1293 1730 δὲ
1312 1700 1341 1730 τὸ
1361 1700 1425 1730 αὐτὸ
1441 1701 1554 1738 Πνεῦμα
1569 1701 1615 1736 τῆς
1636 1700 1766 1737 πίστεως,
1783 1699 1839 1728 κατὰ

1052 1745 1082 1773 τὸ
1117 1745 1309 1785 γεγραμμένον·
1347 1745 1531 1782 Ἐπίστευσα,
1561 1744 1603 1774 διὸ
1641 1745 1775 1780 ἐλάλησα*
1806 1742 1839 1772 καὶ
1864 1756 1865 1785 ἦ

1052 1791 1128 1828 ἡμεῖς
1148 1788 1320 1828 πιστεύομεν,
1343 1789 1383 1819 διὸ
1406 1789 1453 1819 καὶ
1476 1790 1622 1828 λαλοῦμεν.
1652 1802 1664 1815 ι
1687 1789 1838 1828 Πειρασμῖη

1053 1834 1232 1872 ἐμνημόνευσε
1258 1834 1304 1864 καὶ
1327 1834 1446 1864 θανάτων
1474 1833 1606 1873 ἀνωτέρω·
1633 1828 1704 1870 εἶτα,
1734 1834 1773 1864 ὅτι
1799 1832 1838 1862 Καὶ

1052 1880 1083 1907 ἐκ
1099 1878 1198 1908 τούτων
1213 1879 1304 1919 ῥύεται
1325 1881 1408 1916 ἡμᾶς,
1424 1878 1517 1920 φησὶν,
1536 1880 1550 1907 ὃ
1566 1878 1680 1914 Ἰησοῦς·
1697 1878 1749 1908 καὶ
1772 1888 1839 1918 προσ-

1052 1922 1130 1958 έθηκε
1155 1924 1298 1963 λογισμὸν,
1315 1923 1355 1953 ὅτι
1378 1924 1421 1953 διὰ
1444 1926 1522 1953 τοῦτο
1550 1924 1656 1964 ῥύεται,
1681 1922 1730 1952 ἵνα
1753 1920 1838 1952 πιστώ-

1053 1979 1132 2003 σηται
1147 1967 1196 2004 τὴν
1211 1968 1291 1997 αὐτοῦ
1307 1968 1462 1998 ἀνάστασιν.
1486 1969 1545 1998 Νῦν
1560 1964 1619 2004 οῦν,
1635 1967 1730 2008 φησὶν,
1747 1968 1786 1997 ὅτι
1804 1966 1838 1995 καὶ
1863 1983 1864 2008 γ

1053 2012 1140 2041 πίστει
1173 2013 1214 2041 δεῖ
1237 2015 1314 2042 τοῦτο
1342 2014 1612 2053 πεπληροφορῆαθαι,
1641 2013 1688 2041 καὶ
1716 2013 1748 2042 οὖ
1775 2011 1837 2050 μόνον

1051 2057 1195 2096 λογισμοῖς.
1216 2057 1270 2087 Καὶ
1285 2069 1379 2098 φησιν,
1398 2057 1438 2087 ὅτι
1451 2056 1561 2097 Ὥσπερ
1575 2058 1590 2086 ὁ
1604 2055 1690 2087 Δαυῒδ
1704 2058 1734 2086 ἐν
1755 2067 1839 2095 πειρα-

1052 2101 1127 2140 σμοῖς
1151 2101 1196 2138 ὣν,
1219 2102 1264 2131 καὶ
1279 2104 1330 2132 ὑπὸ
1344 2105 1415 2133 Θεοῦ
1436 2101 1516 2140 μόνου
1535 2101 1648 2143 ῥυσθεὶς,
1666 2100 1728 2141 ἔφη·
1745 2115 1758 2128 ι
1773 2099 1837 2131 Ἐπί·

1054 2157 1166 2183 στευσα,
1193 2146 1233 2176 διὸ
1258 2147 1386 2182 ἐλάλησα·
1415 2160 1426 2173 ι
1457 2146 1527 2176 οὕτω
1557 2146 1604 2176 καὶ
1629 2149 1709 2184 ἡμεῖς
1732 2146 1763 2175 τὸ
1788 2143 1837 2184 αὖὼ
1862 2151 1863 2154 ‘

1054 2191 1166 2227 Πνεῦμα
1191 2190 1295 2231 ἔχοντες
1320 2193 1368 2227 τῆς
1393 2190 1524 2227 πίστεως,
1550 2190 1616 2230 ὅπερ
1639 2183 1762 2223 ιιᾶκεῖνος
1780 2183 1836 2228 εἶχε,

198 2235 341 2270 habentes,
366 2244 449 2272 quem
464 2241 490 2264 et
505 2236 548 2264 ille
572 2236 697 2271 habebat,
718 2237 865 2272 credimus,
888 2247 920 2267 ac
935 2247 995 2268 eam

1094 2235 1221 2274 πτεῦομεν,
1245 2236 1290 2265 καὶ
1306 2235 1350 2265 διὰ
1371 2238 1447 2266 τοῦτο
1461 2236 1508 2266 καὶ
1530 2236 1663 2273 λαλοῦμεν
1674 2258 1683 2273 ,
1705 2235 1745 2264 ὅτι
1761 2234 1836 2271 ὥσπερ

200 2279 235 2307 ob
257 2287 368 2308 causam
383 2280 533 2315 loquimur,
551 2280 624 2315 quod
640 2280 752 2315 perinde
765 2285 796 2308 ut
813 2283 893 2311 Jesus
910 2291 1000 2311 resur-

199 2323 284 2357 rexit,
304 2324 343 2352 sic
360 2332 410 2351 nos
426 2324 542 2360 pericula
557 2325 640 2360 hujus
653 2326 786 2360 temporis
802 2327 955 2362 vincemus,
971 2333 999 2356 et

199 2375 296 2396 rursus
307 2368 497 2396 excitabimur.
510 2369 643 2403 Observa,
656 2369 731 2405 quod
747 2369 819 2398 idem
834 2372 868 2399 sit
880 2372 1001 2408 Spiritus

199 2412 306 2441 Veteris
321 2417 348 2440 et
366 2413 436 2441 Novi
458 2414 640 2448 Testamenti,
660 2418 772 2450 propter
788 2423 836 2443 eos
850 2416 897 2452 qui
911 2417 999 2453 legem

200 2455 414 2489 calumniantur,

234 2500 325 2528 Vnus.
348 2503 392 2534 l4,
413 2502 458 2527 15.
482 2510 495 2523 «ι
521 2499 659 2533 Scientes,
685 2501 761 2537 quod
788 2501 834 2538 qui
857 2503 999 2533 suscitavit

197 2545 309 2577 Jesum,
329 2548 357 2572 et
376 2552 429 2572 nos
447 2544 587 2572 suscitabit
599 2565 606 2578 ,
625 2549 652 2573 et
670 2546 819 2574 constituet
844 2548 996 2577 vobiscum.

199 2589 300 2617 Omnia
313 2590 386 2617 enim
403 2594 514 2626 propter
527 2597 586 2623 vos,
602 2593 633 2617 ut
648 2590 791 2618 abundans
807 2592 894 2627 gratia
909 2594 996 2629 pluri-

199 2635 251 2662 bus
271 2636 371 2671 gratias
397 2634 539 2671 agentibus
564 2635 685 2664 abundet
706 2635 740 2663 ad
756 2636 872 2672 gloriam
894 2639 956 2666 Dei.
983 2651 996 2664 ιο

198 2680 282 2714 Quid,
298 2680 394 2716 inquit,
409 2680 559 2714 credimus.
574 2684 603 2708 et
618 2680 682 2716 quid
695 2681 843 2710 novimus?
860 2684 998 2720 Quoniam

198 2729 226 2754 et
238 2733 314 2754 nunc
332 2734 366 2754 ex
391 2726 519 2762 periculis
539 2734 592 2755 nos
618 2726 729 2763 eripiet,
748 2735 779 2756 ac
803 2728 831 2756 in
854 2733 996 2764 posterum

232 2809 243 2823 τ
257 2808 339 2836 Rom.
354 2815 424 2842 vru,
444 2811 471 2836 6.
511 2812 521 2826 '
536 2808 607 2836 Psal.
625 2815 698 2842 cxv,
719 2812 744 2836 ι.

1055 2279 1158 2316 Ἰησοῦς
1174 2279 1284 2321 ἀνέστη,
1300 2281 1369 2311 οὕτω
1385 2280 1431 2310 καὶ
1453 2282 1529 2319 ἡμεῖς
1544 2283 1588 2309 νῦν
1603 2292 1632 2309 τε
1654 2281 1706 2309 τῶν
1726 2278 1836 2309 κινδύνων

1055 2326 1245 2365 περιεσόμεθα,
1270 2325 1316 2355 καὶ
1346 2321 1380 2355 αἰῖ
1400 2324 1664 2363 συναναστησόμεθα.
1692 2323 1836 2361 Σημιίωσιι

1054 2368 1092 2405 δὲ,
1113 2369 1153 2399 ὅτι
1175 2370 1205 2400 τὸ
1229 2370 1293 2400 αὖτό
1316 2371 1428 2409 Πνεῦμα
1451 2369 1498 2400 καὶ
1522 2371 1548 2399 ἐν
1616 2371 1742 2410 Παλαιᾷ,
1757 2367 1801 2398 καὶ
1816 2367 1835 2395 ἦν
1861 2374 1862 2392 1

1054 2415 1087 2454 τῇ
1103 2416 1201 2456 Καινῇ,
1215 2415 1259 2444 διὰ
1272 2414 1332 2449 τοὺς
1346 2416 1391 2445 τὸν
1405 2413 1485 2454 νόμον
1501 2414 1703 2449 διαϐάλλοντας.
1861 2414 1862 2422 1

1094 2516 1108 2530 ι
1126 2503 1233 2538 Εἰδότες
1255 2503 1296 2534 ὅτι
1313 2505 1328 2534 ὁ
1347 2504 1450 2544 ἐγείρας
1471 2503 1576 2540 Ἰησοῦν
1599 2503 1646 2534 χαὶ
1666 2505 1737 2541 ἡμᾶς
1752 2501 1832 2540 Meti:

1052 2547 1097 2578 καὶ
1121 2548 1288 2588 παραστήσει
1307 2547 1354 2578 σὺν
1378 2550 1453 2587 ὑμῖν.
1476 2548 1520 2579 Τὰ
1542 2549 1594 2590 γὰρ
1610 2549 1698 2578 πάντα
1717 2548 1751 2576 δι’
1766 2547 1834 2590 ὑμεξγ

1050 2592 1094 2622 ἵνα
1121 2594 1137 2628 ἡ
1163 2594 1241 2634 χάρις
1264 2593 1450 2630 πλεονάσασα,
1471 2593 1514 2622 διὰ
1529 2588 1586 2622 τῶν
1599 2594 1725 2623 πλειόνων
1743 2590 1789 2626 τὴν

1051 2631 1193 2678 χαριστίαν
1205 2631 1373 2679 περισσεύσῃ
1398 2639 1434 2672 εἰς
1457 2637 1505 2673 τὴν
1529 2637 1606 2672 δόξαν
1621 2640 1668 2667 τοῦ
1685 2638 1762 2667 Θεοῦ.
1777 2645 1790 2663 ι

1052 2682 1211 2720 πιστεύομεν
1221 2705 1230 2721 ,
1247 2678 1322 2723 φησὶ,
1341 2682 1386 2712 καὶ
1401 2683 1427 2712 τί
1441 2682 1568 2720 οῐδαμεν;
1585 2681 1651 2713 Ὅτι
1668 2681 1711 2712 καῖ
1725 2683 1770 2709 νῦν
1791 2678 1832 2723 rit-If

1051 2727 1176 2757 κινδύνων
1201 2721 1274 2767 ἡμάς
1299 2727 1444 2767 ἐξελιῖται,
1468 2727 1515 2757 καὶ
1535 2727 1643 2768 ὕστερον
1668 2721 1832 2761 ἀναστήσει6

1865 1432 1867 1495 1

1864 1794 1865 1859 1

1865 1432 1867 1495 1

1864 1794 1865 1859 1

1863 1983 1864 2023 1

1863 2025 1864 2103 1
