1867 3081
18 166 60 193 84⁵5
447 163 622 192 EXPOSITIO
641 163 673 191 lN
695 163 785 191 EPIS'I

888 163 907 190 D
927 162 1007 191 COR.
1026 163 1150 191 —CAP.
1171 164 1210 194 ν.

1586 166 1638 194 846

20 228 111 259 καὶτὸν
125 227 224 263 Ἰησοῦν
253 226 374 267 ἐγείρας,
400 227 446 258 καὶ
465 229 631 268 παραστήσει
655 228 703 258 σὺν
728 231 785 267 ὖμῖν

885 228 990 262 citabit,
1005 228 1029 257 is
1057 228 1104 264 qui
1119 231 1146 256 et
1166 229 1261 257 Jesum
1275 229 1416 264 excitavit,
1435 230 1563 266 sistetque
1588 239 1638 260 nos

21 272 195 304 ἀπολαύσοντας
215 272 267 300 τῶν
291 273 408 311 ἀγαθῶν,
427 273 631 313 Παραθαῤῥύνει
654 274 680 303 δὲ
697 274 790 308 αὖτοὺς

20 317 72 358 πρὸς
88 316 131 352 τήν
147 316 231 345 πίστιν
255 316 301 346 καὶ
316 316 364 353 τὴν
387 317 488 356 ἀγαθὴν
501 318 646 348 πολιτείαν.
667 318 790 348 Αἷνιττό-

20 373 82 400 μενος
103 361 128 390 δὲ
149 360 205 394 τοὺς
225 361 455 402 ψευδαποστόλους
470 362 605 402 λέγοντας,
633 362 674 392 δτι
696 362 791 401 Ἡμεῖς

17 407 84 444 ἔσμεν
103 406 205 443 μεσῖται
229 410 284 439 τοῖς
314 409 446 445 μαθηταῖς
474 408 526 436 τῶν
553 406 628 447 παρὰ
650 410 697 437 τοῦ
720 409 790 439 Θεοῦ

18 452 115 488 ἀγαθῶν,
130 449 219 490 φησὶν,
235 449 275 479 ὅτι
293 461 307 479 ι
324 452 365 481 Δι’
381 452 451 490 ὑμᾶς
477 452 533 481 ἐστι
548 451 582 481 τὰ
596 452 696 487 πάντα,
719 465 731 479 ιι
747 452 791 482 καὶ

17 497 29 531 ἡ
51 495 181 528 ἇνάστασις
205 494 286 534 αὕτη,
315 495 374 535 οὐχὶ
399 496 443 526 διὰ
468 496 512 526 τὸν
535 497 621 534 δεῖνα,
645 496 663 532 ἢ
688 497 732 527 διὰ
747 497 790 527 τὸν

17 541 84 569 δεῖνα.
109 540 192 569 Τοῦτο
219 539 246 569 δὲ
263 544 333 570 ποιεῖ
359 542 465 577 δΘεὸς,
494 542 541 571 καὶ
566 541 704 582 χαρίζεται
726 543 790 572 πολ-

16 585 70 620 λοῖς,
92 583 156 613 ὥστε
179 585 374 620 πλεοναζούσης
396 587 442 622 τῆς
458 587 566 626 χάριτος
581 587 726 616 πλεονάσαι
746 587 791 617 καὶ

14 629 52 664 τὴν
65 628 226 668 εὐχαριστίαν
243 629 285 660 διὰ
300 631 405 660 πολλῶν
421 631 572 671 προσώπων
590 631 790 672 προσαγομένην

15 674 43 706 εἷς
63 672 132 707 δόξαν
148 675 229 704 Θεοῦ,
249 673 335 704 Ὥστε
361 677 385 705 οἱ
410 675 620 716 ψευδαπόστολοι
641 676 688 712 τὴν
711 677 790 716 χάριν

13 719 50 746 τοῦ
63 719 128 747 Θεοῦ
143 718 168 738 ⁵⁸
184 719 413 760 σφετεριξάμενοι,
429 721 577 761 ἀμαυροῦσι
592 720 636 750 καὶ
652 721 700 757 τὴν
714 721 791 756 δόξαν

14 773 81 791 αυτου
85 785 92 792 ι

45 820 56 832 ι
70 806 114 837 Διὸ
137 808 183 837 οὐκ
207 809 391 848 ἐκχακοῦμεν,
413 810 474 839 ἀλλ’
497 811 519 839 εἶ
542 811 587 840 καὶ
611 813 625 841 ὁ
648 810 698 845 ιξω
718 812 792 850 ἡμῶν

843 272 940 302 iisdem
961 272 1102 301 vobiscum
1117 272 1196 301 bonis
1215 272 1407 309 perfruituros.
1425 274 1533 303 Excitat
1546 279 1639 304 autem

844 326 891 346 eos
909 318 943 346 ad
954 317 1038 346 ﬁdem
1052 322 1080 345 et
1092 317 1192 346 bonam
1201 318 1296 346 vitam.
1309 319 1416 346 Notans
1430 322 1523 347 autem
1537 319 1641 355 pseud-

845 362 983 399 apostolos
992 362 1037 398 qui
1053 362 1138 398 266
1149 362 1288 396 dicebant,
1303 364 1362 391 Nos
1369 371 1464 391 sumus
1476 363 1641 393 mediatores

844 406 982 435 bonorum
996 415 1058 443 quae
1067 407 1209 443 discipulis
1219 415 1234 435 a
1243 409 1302 436 Deo
1309 407 1484 443 proveniunt,
1499 419 1513 433 ι
1523 409 1640 445 Propter

845 459 903 484 vos,
920 463 933 476 ι
951 452 1050 488 inquit,
1067 461 1081 477 ει
1101 456 1167 480 sunt
1180 453 1283 486 omnia,
1303 464 1317 477 ι
1332 453 1416 481 etiam
1439 453 1496 489 ipsa
1514 460 1639 482 resurre-

845 496 910 529 ctio,
926 504 982 524 non
996 500 1108 533 propter
1123 496 1196 525 hunc
1214 497 1254 525 vel
1269 497 1356 526 illum.
1372 499 1432 526 Hoc
1449 501 1545 526 autem
1565 499 1640 527 Deus

845 540 923 575 facit,
940 541 1088 578 multisque
1112 542 1228 578 gratiam
1246 550 1323 570 suam
1345 541 1467 576 exhibet,
1483 547 1516 571 ut
1536 543 1639 572 exube-

844 589 922 614 rante
936 586 1036 622 gratia,
1054 586 1176 614 abundet
1199 591 1226 614 et
1240 586 1390 623 gratiarum
1413 587 1497 622 actio,
1513 595 1529 616 a
1544 588 1639 617 multis

845 630 967 666 personis
980 631 1007 658 in
1017 630 1131 667 gloriam
1143 631 1192 660 Dei
1214 631 1313 660 oblata.
1332 632 1422 667 Quare
1435 632 1638 669 pseudapostoli

845 677 960 712 gratiam
976 675 1027 704 Dei
1042 675 1094 704 sibi
1107 676 1440 711 ascribentes,obscurant
1453 677 1537 706 etiam
1553 677 1639 714 ipsius

845 719 970 756 gloriam.

882 810 974 837 Vsas.
992 811 1035 838 Io.
1053 821 1066 834 α
1081 811 1230 846 Propterea
1251 817 1309 838 non
1333 809 1486 846 deﬁcimus,
1510 811 1560 841 sed
1579 812 1642 842 licet

15 851 309 899 a'vﬁ‘pwmcqﬂziperm,
344 855 402 884 ἀλλ¹
429 856 443 884 ὃ
471 854 567 884 ἔσωθεν
602 857 785 886 ἀνακαινοῦτω

885 854 928 890 qui
954 853 1021 882 foris
1039 858 1080 882 est
1094 858 1190 883 noster
1213 855 1298 883 homo
1321 858 1525 892 corrumpatur,
1548 861 1641 886 tamen

13 895 87 936 ἡμέρα
109 897 153 926 καὶ
175 898 276 939 ἡμέρᾳ.
301 913 314 925 ι
336 899 425 936 Διότι,
443 900 532 939 φησὶν,
553 900 660 939 οἴδαμεν
679 900 728 937 τὴν
747 905 792 932 τοῦ

13 941 72 970 Θεοῦ
93 941 215 980 δύναμιν,
243 943 290 972 καὶ
314 943 353 973 ὅτι
376 946 421 973 νῦν
446 956 476 974 τε
501 947 573 984 ἡμᾶς
596 948 648 976 τῶν
668 946 792 976 κινδύνων

13 985 102 1024 ῥύεται,
122 999 166 1016 χαι
186 987 295 1028 ὕστερον
312 989 457 1024 ἀναστήσει
479 990 627 1031 λαμπροὺς,
652 991 700 1020 οὐκ.
715 992 794 1021 ἐκχα-

13 1033 106 1069 χοῦμεν,
129 1031 187 1062 οὐδὲ
216 1033 420 1073 ἄπαγορεύομεν
444 1034 602 1074 πάσχοντες’
631 1035 676 1065 καὶ
705 1037 719 1065 ὀ
744 1035 792 1074 μὲν

13 1087 22 1100 ι
35 1074 78 1108 ἔξω
91 1075 225 1115 ἄνθρωπος
235 1100 242 1114 ,
260 1090 272 1104 ι
287 1079 418 1116 τουτέστι,
434 1078 464 1108 τὸ
485 1082 574 1118 σῶμα,
589 1094 601 1107 ι
621 1079 764 1121 φθείρεται.
781 1093 793 1107 ι

14 1120 79 1156 Πῶςς
103 1122 316 1160 Μαστιζόμενος,
343 1123 526 1161 ἐλαυνόμενος.
553 1138 565 1150 α
590 1123 624 1155 Ὁ
645 1125 673 1154 δέ
694 1125 758 1164 ἔσω,
781 1140 794 1152 ι·

12 1165 130 1202 τουτέστι,
146 1166 175 1196 τὸ
190 1169 300 1206 πνεῦμα
316 1167 362 1197 χαὶ
376 1171 393 1204 ἡ
413 1168 502 1209 ψυχὴ,
525 1180 540 1198 α
554 1170 754 1200 ἀνακαινοῦται.
775 1181 790 1199 ι

13 1209 80 1255 Πιῦςς
108 1209 218 1249 Ἀγαθὰς
248 1212 357 1246 ἐλπίδας
391 1213 509 1252 ἔχουσα,
540 1215 586 1243 καὶ
610 1216 794 1255 παῤῥησιαζο-

13 1252 82 1292 μένη,
95 1255 128 1290 ὡς
143 1256 186 1285 διὰ
199 1257 246 1287 τὸν
261 1257 330 1287 Θεὸν
345 1257 499 1298 πάσχουσα,
513 1260 558 1288 καὶ
573 1252 714 1300 χαίροῦσα.

46 1356 55 1369 ι
77 1345 114 1375 Τὸ
135 1345 186 1385 γὰρ
200 1346 355 1386 παραυτίκα
380 1347 493 1387 ἐλαφρὸν
507 1349 554 1384 τῆς
573 1347 684 1389 θλίψεως
698 1350 775 1386 ἡμῶν
785 1372 793 1388 ,

12 1389 63 1416 καθ’
77 1390 224 1430 ὑπερϐολὴν
248 1392 284 1425 εἷς
306 1391 474 1432 ὗπερϐολὴν,
495 1392 599 1422 αἰώνιον
618 1393 698 1433 βάρος
721 1393 794 1430 δόξης

13 1434 185 1473 κατεργάζεται
205 1436 283 1474 ἡμῖν.
303 1447 319 1466 1)
337 1436 510 1477 Ἑρμηνεύει,
535 1439 590 1471 πῶς
605 1439 795 1468 ἀνακαινοῦται

12 1477 83 1522 δγέσω
102 1479 255 1519 ἄνθρωπος,
280 1481 326 1510 καί
341 1493 435 1522 φησιν,
449 1481 490 1512 ὅτι
513 1482 703 1521 ἐνθυμούμενος
723 1484 763 1513 ὃτι
777 1485 793 1519 ἠ

845 899 868 927 is
880 899 928 936 qui
940 899 1015 927 intus
1033 903 1086 933 est,
1103 903 1252 928 renovatur
1265 900 1299 928 de
1313 900 1357 928 die
1372 900 1401 928 in
1421 900 1506 929 diem.
1526 911 1541 928 ν
1563 902 1641 937 Quo-

845 944 932 978 niam,
946 944 1046 980 inquit,
1063 945 1192 973 novimus
1207 944 1257 973 Dei
1272 945 1435 980 potentiam,
1453 949 1482 974 et
1493 946 1567 982 quod
1590 946 1643 975 hoc

846 993 970 1024 tempore
982 997 1033 1017 nos
1048 997 1063 1017 a
1083 989 1210 1025 periculis
1231 989 1338 1024 liberet,
1351 993 1380 1018 et
1393 989 1468 1027 quod
1484 995 1578 1027 postea
1591 999 1643 1021 nos

846 1033 989 1062 suscitabit
1005 1034 1173 1071 splendidos,
1195 1042 1253 1062 non
1267 1034 1423 1067 deﬁcimus,
1437 1043 1528 1071 neque
1546 1035 1643 1073 despe-

847 1086 940 1107 ramus
952 1078 1020 1107 dum
1033 1079 1161 1115 patimur.
1177 1080 1277 1114 Porro,
1294 1091 1307 1104 σι
1329 1080 1447 1108 exterior
1467 1080 1564 1115 homo,
1584 1091 1596 1105 υ
1617 1081 1644 1109 id

848 1127 899 1157 est.
914 1131 1023 1160 corpus,
1047 1124 1234 1160 corrumpitur
1249 1133 1255 1151 :
1273 1124 1439 1160 quomodo?
1461 1125 1529 1153 dum
1554 1125 1645 1161 ﬂagris

848 1168 972 1203 creditur,
984 1168 1051 1197 dum
1062 1169 1188 1205 agitatur.
1205 1181 1218 1194 ι
1231 1169 1350 1198 Interior
1365 1181 1379 1194 ιι
1394 1177 1471 1204 vero,
1486 1169 1515 1198 id
1529 1174 1584 1205 est,
1593 1170 1646 1206 spi-

847 1213 918 1241 ritus
932 1217 961 1241 et
982 1214 1086 1248 anima,
1103 1218 1272 1242 renovatur:
1295 1222 1416 1251 quanam
1432 1215 1559 1243 ratione?
1580 1223 1644 1243 cum

849 1257 918 1286 bene
931 1262 1032 1294 sperat,
1053 1263 1080 1287 et
1093 1258 1223 1287 audacter
1242 1259 1308 1296 agit,
1322 1260 1401 1295 quasi
1424 1264 1538 1296 propter
1553 1261 1643 1288 Deum

849 1302 953 1339 patiens
966 1307 995 1331 et
1008 1303 1141 1339 gaudens.

884 1349 975 1376 Vsas.
997 1351 1039 1376 17.
1063 1358 1076 1374 α
1097 1348 1126 1376 ld
1138 1349 1214 1377 enim
1227 1348 1301 1385 quod
1326 1348 1354 1377 in
1379 1349 1506 1385 praesenti
1525 1354 1567 1378 est
1581 1358 1645 1380 mo—

848 1397 1028 1421 mentaneum
1043 1397 1071 1420 et
1086 1393 1142 1421 leve
1155 1393 1340 1422 tribulationis
1353 1398 1466 1428 nostrae,
1488 1402 1570 1431 supra
1584 1403 1646 1424 mo-

848 1436 916 1466 dum
928 1438 956 1465 in
970 1437 1139 1466 sublimitate
1146 1442 1279 1466 aeternum
1292 1438 1401 1474 pondus
1411 1439 1506 1475 gloriae
1517 1444 1646 1476 operatur

849 1482 938 1510 nobis.
957 1492 972 1508 ιν
988 1483 1185 1518 interpretatur
1207 1483 1349 1519 quomodo
1363 1488 1512 1512 renovetur
1531 1485 1648 1513 interior

12 1521 52 1568 μὲν
74 1525 158 1564 θλῖψις
181 1521 430 1565 παραυτίκανέστὶ,
457 1527 593 1564 τουτέστι,
618 1527 777 1568 πρόσκαιρος

887 1535 945 1561 mo,
969 1535 1078 1564 nempe,
1095 1527 1164 1555 dum
1190 1535 1283 1556 secum
1306 1532 1416 1564 reputat
1438 1529 1516 1565 quod
1535 1528 1648 1557 afﬂictio

11 1566 49 1613 {tu}
67 1569 181 1609 ἐλαφρὰ,
204 1570 251 1600 διὰ
273 1573 350 1600 τοῦτο
376 1571 440 1601 αὐτὸ
464 1571 504 1601 ὅτι
526 1566 695 1613 πρόσκαιρος·
768 1572 795 1603 δὲ

12 1610 63 1657 δόξα
87 1614 130 1642 χαὶ
155 1614 264 1648 αἰώνιός
289 1617 361 1653 ἐστι,
384 1615 429 1645 καὶ
459 1610 794 1657 βᾶροςῖχειξτουτέστι,

11 1655 107 1702 μέγεθος
129 1659 312 1698 ὑπερϐολικῶς
336 1660 518 1701 ὖπερϐολιχόν·
543 1655 619 1691 τοῦτο
648 1661 699 1702 γὰρ
725 1663 797 1702 λέγει

11 1699 47 1730 διὰ
65 1705 119 1742 τοῦ,
143 1717 155 1731 q
172 1705 245 1734 Καθ’
262 1699 414 1745 ὗπερϐολῆν
429 1707 465 1740 εἰς
479 1699 678 1746 ὓπερὸολήνίι

43 1803 54 1816 α
69 1791 115 1826 Μὴ
137 1793 308 1823 σκοπούντων
331 1795 407 1832 ἡμῶν
424 1794 458 1823 τὰ
484 1794 651 1834 βλεπόμενα,
668 1795 738 1826 ἀλλὰ
763 1796 798 1826 τὰ

10 1833 41 1880 μὴ
66 1837 226 1875 βλεπόμενα.
256 1838 300 1868 Τὰ
323 1838 375 1879 γὰρ
391 1833 562 1879 βλεπόμενα,
577 1840 737 1880 πρόσκαιρα·
764 1841 798 1871 τὰ

10 1878 32 1925 δε
56 1880 90 1917 μὴ
117 1881 284 1920 βλεπόμενα,
311 1883 415 1914 αἰώνια.
443 1896 457 1912 ι
477 1885 540 1918 Πῶς
560 1878 674 1925 ἐλαφρόν
695 1878 765 1914 ἔστιν
780 1887 797 1922 ἡ

9 1923 94 1962 θλὶψις,
116 1925 244 1956 δείκνυσι.
262 1928 345 1964 Διότι,
362 1929 436 1969 φησὶ,
452 1929 541 1958 πάντα
556 1943 567 1955 α
585 1923 621 1959 τδί
632 1923 797 1969 βλεπόμενα,

9 1968 146 2014 πρόσκαιρα
162 1972 198 1991 ⁷ο·
215 1984 231 2000 τι
256 1972 324 2001 ὥστε
341 1973 386 2002 καὶ
401 1975 418 2009 ἡ
435 1975 536 2014 θλῖψις,
551 1974 598 2003 καὶ
609 1976 627 2010 ἠ
638 1968 799 2009 νάνοίπαυσιςσ

9 2012 137 2059 χαὶαῧτη
164 2016 218 2057 γὰρ
249 2018 424 2056 βλεπόμενον,
458 2012 510 2048 Διὰ
542 2021 621 2048 τοῦτο
650 2019 703 2059 γὰρ
727 2014 797 2057 εἶπε,

9 2057 70 2104 ιηΤὰ
87 2060 257 2099 βλεπόμενα,
281 2075 292 2087 ιι
316 2061 360 2091 ἵνα
375 2062 420 2092 καὶ
443 2063 541 2100 ταύτην
567 2057 710 2104 περιλάϐᾑ,
728 2064 799 2094 Οὔτε

10 2095 47 2130 οὖν
61 2105 93 2143 τῇ
119 2104 208 2145 θλίψει
237 2107 473 2145 χαταπεσούμεθα,
503 2108 563 2138 οὔτι
650 2109 801 2139 ἀναπαύσει

9 2150 240 2193 χαυνωθησόμιθα·
268 2151 420 2191 πρόσκαιρα
444 2152 467 2170 ⁷¹
485 2152 536 2193 γὰρ
560 2153 708 2193 ἀμφότερα.
725 2154 799 2184 Τού-

849 1576 1038 1600 momentanea
1050 1572 1096 1606 sit,
1113 1572 1141 1600 id
1164 1576 1216 1606 est,
1233 1573 1412 1609 temporaria,
1433 1577 1461 1601 et
1484 1573 1564 1608 levis,
1583 1582 1647 1610 pro.

849 1620 909 1652 pter
923 1616 976 1644 hoc
989 1617 1078 1653 ipsum
1097 1616 1173 1653 quod
1189 1617 1226 1645 sit
1241 1617 1417 1653 temporaria.
1433 1617 1529 1646 Gloria
1543 1622 1647 1652 autem,

849 1666 876 1689 et
895 1666 997 1689 aeterna
1011 1665 1062 1694 est,
1075 1665 1103 1689 et
1120 1661 1228 1697 pondus
1250 1661 1342 1696 habet,
1365 1661 1418 1690 hoc
1432 1666 1484 1697 est,
1506 1663 1646 1699 magnitu-

849 1705 943 1734 dinem
959 1706 1124 1734 excellenter
1141 1706 1330 1738 excellentem.
1344 1705 1398 1734 hoc
1416 1707 1492 1736 enim
1514 1711 1557 1735 est
1570 1707 1644 1743 quod

851 1751 901 1786 ait,
913 1751 974 1777 Καθ’
987 1750 1127 1786 ὓπερὸολὴν
1143 1750 1176 1782 εἶς
1191 1750 1340 1786 ὓπερεολήν.

886 1796 974 1823 Vsns.
997 1799 1039 1823 18.
1063 1806 1076 1819 α
1090 1796 1154 1823 Non
1168 1794 1419 1830 contemplantibus
1431 1794 1513 1823 nobis
1532 1803 1595 1832 quae
1608 1795 1648 1823 vi-

850 1839 962 1874 dentur,
977 1839 1028 1868 sed
1039 1847 1102 1876 qua:
1117 1847 1174 1868 non
1187 1839 1326 1867 videntur.
1339 1839 1408 1874 Quae
1419 1839 1494 1868 enim
1502 1840 1646 1874 'vidcntur,

851 1884 1018 1922 temporaria
1030 1888 1111 1912 sunt:
1125 1892 1188 1920 qua:
1201 1891 1264 1911 vero
1283 1891 1340 1912 non
1354 1883 1492 1918 videntur,
1506 1888 1619 1912 eterna.
1635 1896 1647 1908 -

852 1931 944 1965 Quam
956 1929 1015 1958 leve
1029 1929 1065 1957 sit
1077 1928 1190 1963 afﬂctio,
1204 1928 1326 1957 ostendit
1340 1936 1388 1964 per
1409 1928 1463 1956 hoc
1477 1928 1554 1965 quod
1572 1929 1649 1963 dicit,

855 1986 867 1999 α
883 1974 993 2009 Omnia,
1005 1982 1068 2011 quae
1080 1974 1216 2007 videntur.
1226 1974 1394 2010 temporaria
1404 1977 1485 2002 sunt:
1497 1985 1510 1998 ν
1522 1973 1614 2011 itaque
1622 1977 1650 2003 et

853 2019 978 2054 afﬂictio,
1001 2019 1058 2047 imo
1080 2023 1107 2047 et
1133 2019 1191 2055 ipsa
1209 2019 1342 2055 requies:
1367 2026 1431 2046 nam
1452 2022 1479 2046 et
1498 2019 1555 2055 ipsa
1580 2019 1649 2047 visui

854 2064 984 2101 subiacet.
999 2064 1043 2092 0h
1056 2071 1118 2092 eam
1138 2063 1212 2092 enim
1224 2071 1335 2091 causam
1352 2063 1429 2091 dixit.
1445 2074 1458 2088 ι
1475 2065 1543 2100 Qua:
1558 2063 1651 2092 viden-

853 2112 910 2143 tur,
937 2119 950 2133 ι
977 2112 1010 2136 ut
1033 2107 1104 2136 hanc
1131 2115 1241 2144 quoque
1265 2106 1522 2143 comprehenderet.
1553 2109 1651 2144 Neque

853 2153 935 2190 igitur
946 2152 1089 2181 afﬂictioni
1107 2152 1330 2185 succumbemus,
1350 2159 1437 2188 neque
1452 2152 1508 2180 otio
1521 2155 1549 2180 et
1559 2153 1650 2188 quiete

10 2200 54 2219 των
69 2192 95 2221 δὲ
106 2194 234 2224 τοιούτων
251 2196 350 2233 ὄντων,
369 2208 382 2225 ‹ι
399 2196 433 2226 τὰ
447 2197 485 2235 μὴ
500 2192 652 2237 βλεπόμενα
668 2199 774 2235 αἰώνια,

885 2197 1007 2226 labimur
1027 2205 1033 2224 :
1051 2201 1200 2233 utrumque
1213 2196 1286 2224 enim
1298 2196 1499 2232 temporarium
1513 2201 1565 2224 est.
1577 2197 1648 2225 Cum

10 2236 141 2274 τουτέστιν,
166 2241 184 2275 ἡ
203 2241 329 2279 βασιλεία
353 2241 398 2270 καὶ
413 2243 430 2277 ἡ
450 2242 566 2276 κόλασις·
583 2241 653 2272 ὥστε
666 2243 711 2272 χαὶ
733 2243 800 2273 ἐκεί-

10 2290 50 2315 νην
70 2285 170 2321 ποθεῖν,
187 2285 235 2314 καὶ
252 2286 351 2322 ταύτην
365 2285 482 2327 φεύγειν.

298 2376 441 2407 ΚΕΦΑΛ.
462 2375 504 2407 Ε’.

44 2437 56 2470 ξ
73 2425 196 2466 Οἴδαμεν
213 2428 266 2468 γὰρ
282 2428 321 2458 ὅτι
343 2429 388 2458 ἐὰν
406 2433 424 2466 ἡ
446 2430 558 2470 ἐπίγειος
580 2431 657 2468 ἡμῶν
671 2430 742 2460 οἰκία
757 2433 802 2461 τοῦ

11 2468 112 2514 σκήνους
135 2474 294 2513 καταλυθῇ,
321 2474 462 2513 οἰκοδομὴν
487 2468 518 2504 ἐκ
539 2476 610 2505 Θεοῦ
625 2475 738 2514 ἔχομεν,
764 2477 803 2506 οἰ-

10 2513 76 2560 ιιείαν
104 2517 329 2560 ἀχειροποίητον,
360 2519 464 2548 αἰώνιον
489 2520 515 2549 ἐν
542 2524 596 2553 τοῖς
626 2521 756 2560 οὐρανοῖς.
790 2534 803 2547 ιι

11 2554 210 2604 Ἐπειδὴνεῖπεν
240 2563 372 2603 ἀνωτέρω,
398 2563 437 2593 ὅτι
466 2564 527 2594 ὅσον
556 2566 569 2594 ὁ
594 2564 644 2598 ἔξω
659 2554 805 2604 ’ἄνθρωπος

11 2603 147 2642 ῃθείρεται,
173 2611 301 2637 τοσοῦτον
328 2610 341 2637 ὁ
365 2609 418 2638 ἔσω
439 2610 641 2648 ἀνακαινοῦται,
664 2609 748 2639 ἐδόκει
777 2609 804 2639 δὲ

11 2649 92 2677 καινόν
115 2662 140 2679 τι
165 2651 272 2690 λέγειν,
296 2654 392 2693 φησὶν,
419 2653 458 2683 ὅτι
486 2655 586 2693 μᾶλλον
613 2654 676 2684 ὅταν
701 2653 806 2688 τελείως

12 2694 90 2734 φθαρῇ
108 2695 138 2724 τὸ
156 2697 255 2733 θνητὸν
271 2701 348 2727 τοῦτο
365 2699 443 2737 σῶμα
464 2699 510 2729 καὶ
532 2698 632 2738 γήϊνον,
649 2698 708 2729 τότε
723 2698 806 2739 μυρία

855 2243 947 2279 itaque
960 2242 1020 2270 haec
1038 2250 1067 2270 se
1081 2241 1118 2270 ita
1139 2241 1267 2275 habeant,
1283 2252 1295 2265 ιι
1320 2249 1351 2268 ea
1365 2248 1426 2277 quae
1444 2249 1500 2269 non
1513 2241 1650 2277 videntur,

855 2291 956 2316 aeterna
971 2291 1045 2321 sunt,
1061 2299 1074 2311 ιι
1091 2285 1122 2314 id
1137 2290 1188 2320 est,
1204 2293 1319 2322 regnum
1332 2289 1361 2313 et
1378 2293 1459 2322 paena
1475 2296 1484 2314 .-
1504 2285 1574 2315 illud
1585 2294 1652 2324 ergo

855 2331 1022 2367 desiderate,
1039 2331 1110 2360 hanc
1122 2339 1187 2359 vero
1202 2331 1346 2359 declinate.

1159 2385 1280 2413 CAPUT
1313 2385 1347 2413 V.

891 2436 981 2463 Vens.
1000 2438 1024 2462 1.
1043 2446 1055 2459 ιι
1076 2434 1185 2463 Scimus
1197 2434 1273 2461 enim
1284 2433 1356 2469 quod
1365 2433 1387 2461 si
1404 2433 1542 2463 terrestris
1554 2439 1650 2464 nostra

856 2479 958 2508 domus
971 2479 1053 2515 hujus
1065 2479 1233 2507 tabernaculi
1247 2478 1423 2511 dissolvatur,
1443 2479 1653 2508 aediﬁcationem

858 2532 890 2552 ex
902 2525 962 2552 Deo
970 2524 1113 2557 habemus,
1122 2523 1239 2551 domum
1248 2531 1304 2551 non
1314 2523 1511 2558 manufactam,
1519 2529 1654 2552 aeternam

860 2569 887 2596 in
910 2569 994 2597 caelis.
1016 2580 1028 2593 υ
1046 2568 1115 2603 Quia
1137 2576 1221 2604 supra
1244 2568 1350 2596 dixerat
1375 2579 1381 2596 ε
1404 2569 1516 2604 Quanto
1535 2569 1654 2596 exterior

859 2614 943 2642 homo
965 2613 1164 2649 corrumpitur,
1195 2617 1272 2640 tanto
1297 2617 1444 2641 renovatur
1466 2613 1590 2646 interior,
1623 2620 1654 2640 ac

859 2658 960 2695 aliquid
977 2658 1014 2686 ita
1033 2658 1096 2686 novi
1111 2658 1202 2686 dicere
1226 2657 1374 2693 videretur,
1391 2657 1428 2685 ait
1448 2657 1524 2693 quod
1545 2657 1656 2694 quando

859 2702 979 2739 perfecte
1000 2706 1160 2738 corruptum
1183 2701 1266 2736 267
1290 2701 1369 2729 fuerit
1395 2701 1522 2737 mortale,
1535 2701 1609 2730 istud
1631 2703 1660 2729 et

699 2762 793 2792 Variae
815 2762 967 2793 lectiones.

42 2820 64 2838 ⁵³
80 2821 165 2856 Ἰησοῦ
180 2831 208 2852 0.
251 2823 273 2841 ’¹⁰
284 2825 431 2862 πρόσκαιρα,
444 2825 474 2852 τὰ
487 2826 513 2853 δὲ
528 2824 562 2862 μὴ
582 2826 726 2863 βλεπόμενα
740 2826 846 2854 αἰώνια·
863 2828 928 2853 ὥστε
945 2834 982 2854 m.
1021 2825 1042 2842 ⁷³
1058 2824 1117 2860 πρὸς
1131 2824 1217 2859 καιρόν
1234 2831 1273 2851 m.
