1867 3081
200 163 252 190 847

706 162 964 190 'l‘HEUPHYLACTl
984 160 1163 188 BULGARIE
1183 160 1342 188 ARCHIEP.
1788 159 1830 185 848

199 227 325 252 terrestre
337 231 448 261 corpus,
469 228 528 252 tum
547 225 692 252 innumera
705 225 786 252 nobis
809 225 881 253 bona
895 224 989 260 germi-

1087 222 1114 251 Iv
1144 222 1288 262 βλαστήσει
1315 220 1411 260 ἀγαθώ
1437 220 1494 259 ἅμα
1523 221 1551 250 δὲ
1574 221 1620 250 καὶ
1645 220 1708 260 περὶ
1729 220 1830 249 ἀναστά-
1866 218 1867 243 ἶ

197 269 311 297 nabunt.
327 268 414 296 Simul
426 272 518 296 autem
530 273 558 296 et
573 268 607 297 de
623 269 834 297 ressurrectione
849 268 915 304 ipsis
934 275 993 295 rur-

196 321 243 342 sus
272 313 395 347 disserit,
409 313 520 341 etiamsi
553 321 609 341 non
635 313 704 341 adeo
735 313 878 349 perspicue
903 321 935 340 ac
963 312 991 339 in

198 358 305 393 priore,
331 365 366 386 ne
395 358 470 394 ipsos
494 358 620 386 nondum
639 357 806 386 reformatos
835 357 991 386 existimare

199 402 333 431 videatur.
366 403 535 430 Terrestrem
568 407 660 430 autem
684 403 797 431 domum
827 402 996 430 tabernaculi

199 455 300 484 corpus
310 447 473 476 nominavit.
488 449 574 475 Porro
593 447 662 475 dum
678 447 883 475 tabernaculum
906 451 994 481 vocat,

199 492 394 527 temporariam
420 492 678 528 corruptibilemque
693 492 751 528 ejus
763 495 890 519 naturam
911 491 997 527 signi-

201 536 262 564 ficat
274 536 496 564 :tabernaculum
513 537 587 564 enim
604 537 657 565 tale
672 536 783 572 quidam
804 541 854 564 est.
876 535 994 564 Etiamsi

200 585 292 608 autem
307 588 497 617 saepenumero
523 581 698 609 tabernacula
721 585 831 608 vocetur
852 581 995 616 justorum

201 625 287 661 quies,
301 632 398 653 verum
419 625 489 652 istuc
503 633 568 653 cum
583 625 733 660 appendice
760 624 873 659 dicitur,
897 632 995 660 nempe

200 670 372 697 tabernacula
395 674 508 697 mterna.
524 670 716 698 Animadverte
737 674 831 697 autem
852 669 992 706 quomodo

200 715 324 743 terrestri
340 715 447 742 cmleste
465 719 493 742 et
505 715 683 743 tabernaculo
697 719 831 742 aeternum
849 716 987 750 opposuit.

202 759 370 794 Exaggerans
380 763 471 787 autem
486 760 645 788 encomium
656 758 756 787 futura:
763 759 858 795 gloriae
870 760 993 795 corporis

201 803 300 838 nostri,
315 803 418 832 addidit
430 804 522 836 etiam,
537 816 548 825 ι-
565 806 626 832 Non
636 803 840 839 manufactam;
855 815 867 828 η
892 812 949 832 non
963 809 994 832 ut

1046 278 1112 300 σεως
1127 268 1214 300 αὐτοῖς
1230 265 1378 305 διαλέγεται
1394 266 1492 301 πάλιν,
1508 266 1531 295 εἰ
1553 266 1598 294 καὶ
1614 265 1641 283 ⁷³
1657 265 1696 303 μὴ
1711 264 1828 305 ἇριδήλως

1044 312 1079 346 ὡς
1103 312 1130 341 ἒν
1156 313 1190 351 τῇ
1211 310 1338 350 προτέρα⁴
1364 309 1408 339 ἵνα
1441 309 1480 348 μὴ
1508 309 1569 350 δόξῃ
1604 310 1643 339 ἔτι
1672 309 1830 350 ἆδιορθώτους

1045 355 1139 390 αὖτοὺς
1167 355 1292 394 νομίζειν.
1324 355 1460 393 Ἐπίγειον
1494 354 1521 384 δὲ
1548 354 1634 383 οἰκίαν
1668 354 1788 390 σκήνους,
1808 355 1830 383 τὸ

1045 402 1124 438 σῶμα
1139 401 1273 430 ἐκάλεσεν·
1293 399 1337 430 διὰ
1356 399 1384 428 δὲ
1399 402 1445 429 τοῦ
1460 401 1554 435 σκῆνος
1577 399 1642 428 αὐτὸ
1669 399 1789 435 καλέσαι,
1808 399 1831 427 τὸ

1046 444 1210 485 πρόσκαιρον
1242 444 1370 480 ἐδήλωσε·
1397 446 1513 474 τοιοῦτον
1539 443 1591 483 γὰρ
1607 445 1624 479 ἡ
1646 443 1740 480 σκηνή.
1763 444 1792 473 Εἰ
1811 444 1832 473 δὲ

1045 489 1091 518 καὶ
1107 489 1236 522 πολλάκις
1259 489 1354 524 σκηναὶ
1375 490 1518 518 καλοῦνται
1542 488 1589 517 καὶ
1606 489 1632 517 αἱ
1652 490 1705 517 τῶν
1733 489 1830 517 δικαίων

1046 534 1222 570 ἀναπαύσεις,
1259 534 1328 562 ἀλλὰ
1364 533 1432 571 μετὰ
1470 533 1633 573 προσθήκης·
1663 533 1762 562 αἶώνιοι
1790 533 1832 572 γὰρ

1046 580 1153 614 σκηναί.
1175 578 1250 619 Ὅρα
1277 579 1320 614 δὲ,
1343 580 1399 611 πῶς
1422 577 1487 618 πρὸς
1512 578 1560 614 τὴν
1583 578 1700 616 ἐπίγειον
1721 578 1832 612 ἀντέθηκε

1046 623 1093 659 τὴν
1110 623 1240 662 οὐράνιον·
1266 623 1330 662 πρὸς
1353 623 1383 652 τὸ
1407 625 1515 659 σκῆνος,
1536 622 1586 658 τὴν
1611 622 1727 652 αἰώνιον.
1753 622 1832 656 Africus

1046 667 1073 696 δὲ
1099 668 1129 697 τὸ
1150 668 1281 706 ἐγκώμιον
1307 669 1354 702 τῆς
1376 667 1525 706 μελλούσης
1552 667 1629 701 δόξης
1655 670 1700 696 τοῦ
1726 667 1834 705 σώματος

1045 713 1136 750 ἡμῶν,
1156 712 1218 748 καὶ,
1235 723 1249 741 α
1268 711 1500 752 Ἀχειροποίητον,
1519 726 1530 738 ι
1549 712 1723 751 προσέθηκεν·
1741 713 1788 752 uix
1807 714 1834 744 ὥς

1046 756 1109 796 πρὸς
1138 757 1340 792 ἀντιδιαστολὴν
1362 756 1454 786 τούτου
1483 758 1528 786 τοῦ
1551 756 1688 794 σώματος’
1715 756 1772 786 οὐδὲ
1793 758 1835 796 γὰρ

1044 801 1227 841 χειροποίητόν
1243 802 1298 830 ἐστι
1311 804 1397 830 τοῦτο.
1413 801 1490 834 Τινὲς
1506 801 1533 830 δὲ
1547 801 1734 841 χειροποίητον
1748 801 1774 820 ⁷³
1794 801 1831 839 μὲν

201 853 353 884 opponeret
367 849 476 884 corpori
499 848 561 877 huic
582 858 588 876 :
604 849 657 877 hoc
671 849 734 876 enin
762 856 818 876 non
833 853 874 877 est
894 857 989 877 manu-

1087 846 1208 886 ,(aVlT‘hV
1229 847 1255 875 ἓν
1366 845 1446 883 ζωὴν,
1461 848 1556 881 σκῆνος
1571 846 1599 875 δὲ
1621 846 1651 875 τὸ
1676 846 1756 884 σῶμα
1774 857 1834 886 φαεν

199 892 315 921 factum.
329 893 459 921 Nonnulli
479 898 571 921 autem
592 894 708 922 domum
731 894 926 926 manufactam,
945 901 993 930 pro

201 938 253 965 vita
272 946 355 974 quam
370 938 398 965 in
412 938 490 966 terris
509 937 644 974 degimus,
659 943 823 974 acceperunt
845 948 852 967 :
869 939 994 966 taberna-

200 982 293 1010 culum
313 986 419 1016 autem,
441 990 540 1018 corpus
558 982 669 1018 ipsum:
693 987 722 1010 ut
744 983 779 1011 sit
793 983 865 1019 quod
879 983 992 1016 dicitur,

200 1026 357 1062 hujusmodi
373 1036 380 1053 ί
394 1028 420 1056 Si
445 1027 577 1056 dissoluta
592 1027 689 1061 fuerit,
709 1035 770 1064 quae
785 1028 813 1056 in
836 1032 907 1056 terra
933 1032 991 1063 est,

199 1071 253 1099 vita
267 1072 389 1108 corporis
403 1072 504 1105 nostri,
524 1079 587 1108 quae
603 1076 632 1099 et
652 1072 812 1100 manufacta
826 1072 881 1100 dici
897 1072 991 1108 possit,

199 1120 331 1152 tanquam
361 1125 376 1144 a
407 1116 535 1145 manibus
561 1117 712 1152 composita
741 1118 836 1153 (panis
864 1117 938 1145 enim
966 1121 994 1145 et

199 1161 292 1189 vinum
305 1165 332 1189 et
346 1161 453 1195 similia,
468 1169 501 1189 ex
515 1161 614 1197 quibus
630 1161 683 1189 vita
696 1166 790 1189 nostra
803 1166 920 1195 constat,
934 1169 993 1189 ma-

199 1205 280 1233 nibus
302 1205 501 1240 coniiciuntur)
528 1214 534 1232 ε
560 1204 721 1234 habebimus
747 1206 829 1233 aliam
855 1206 936 1233 vitam
966 1205 995 1233 in

1048 889 1116 919 ὥστε
1139 885 1206 920 εἶναι
1228 890 1259 920 τὸ
1273 890 1415 929 λεγόμενον
1438 893 1565 920 τοιοῦτον·
1579 889 1649 920 Ἐὰν
1670 891 1803 930 καταλυθῇ
1822 893 1834 925 ἦ

1047 935 1091 963 ἐπὶ
1115 937 1163 974 γῆς
1186 933 1239 971 ζωὴ
1265 937 1311 963 τοῦ
1343 934 1466 972 σώματος
1490 936 1575 973 ἡμῶν
1603 935 1663 971 ἥτις
1690 934 1737 964 καὶ
1763 946 1836 974 χειρο-

1047 979 1155 1015 ποίητος
1190 979 1222 1008 ἂν
1260 978 1362 1018 ῥηθείη,
1391 981 1426 1012 ὡς
1456 979 1509 1008 ἀπὸ
1542 981 1638 1019 χειρῶν
1669 981 1836 1018 συνισταμένη

1047 1023 1137 1063 (ἄρτος
1151 1023 1203 1064 γὰρ
1227 1025 1272 1053 καὶ
1295 1019 1373 1059 οἶνος,
1395 1024 1441 1052 καὶ
1459 1024 1492 1053 τὰ
1508 1027 1633 1060 τοιαῦτα,
1652 1024 1680 1059 ἐξ
1703 1020 1740 1054 ὧν
1763 1024 1804 1053 καὶ
1823 1027 1835 1059 ἦ

1047 1068 1101 1103 ζωὴ
1128 1070 1225 1106 ἡμῶν,
1252 1067 1295 1097 διὰ
1329 1070 1425 1108 χειρῶν
1452 1069 1599 1107 γίνονται
1629 1068 1723 1107 ἕξομεν
1756 1070 1836 1108 ἑτέραν

1049 1112 1118 1148 ζωὴν
1134 1114 1160 1142 ἐν
1175 1113 1294 1152 οὐρανοῖς
1313 1112 1446 1152 ἄφθαρτον
1468 1113 1514 1142 καὶ
1535 1113 1754 1153 ἀχειροποίητον,
1772 1125 1836 1143 τουτ-

1049 1157 1133 1193 έστιν,
1159 1157 1188 1186 οὗ
1216 1157 1413 1197 προσδεομένην
1438 1159 1485 1193 τῆς
1509 1159 1561 1188 τῶν
1586 1158 1726 1197 ἡμετέρων
1750 1160 1836 1198 χειρῶν

1049 1202 1183 1241 ἐργασίας.

199 1250 275 1278 caelis
300 1249 533 1286 incorruptibilem
564 1253 591 1278 et
630 1258 685 1278 non
720 1250 923 1286 manufactam,
953 1250 1005 1277 hoc
1029 1255 1081 1282 est.
1107 1258 1163 1278 non
1190 1250 1359 1287 indigentem
1394 1255 1554 1280 nostrarum
1586 1259 1720 1280 manuum
1750 1260 1838 1288 opera-
1866 1279 1867 1288 ,

198 1295 281 1323 tione.

232 1341 321 1369 Vnus.
342 1343 369 1368 2.
396 1351 410 1364 α
430 1341 502 1368 Nam
524 1340 551 1368 in
574 1340 628 1368 hoc
643 1340 856 1376 ingemiscimus,
885 1340 991 1369 habita-

197 1384 300 1412 tionem
330 1388 474 1419 nostram,
504 1392 566 1420 qua:
590 1384 624 1412 de
647 1385 720 1413 ccelo
742 1389 803 1419 est,
831 1385 990 1421 superindui

197 1429 348 1464 cupientes.
366 1441 379 1453 ι»
399 1429 516 1465 Qualem
535 1428 754 1457 habitationem?
771 1431 878 1466 Corpus
900 1431 990 1458 incor-

196 1474 330 1510 ruptibile.
351 1475 388 1501 Ex
412 1473 481 1502 coelo
502 1477 594 1501 autem
618 1474 707 1509 ipsum
730 1474 808 1509 dicit,
838 1483 893 1502 non
919 1475 992 1511 quod

1086 1357 1099 1371 ι
1128 1345 1183 1374 Καὶ
1207 1345 1258 1384 γὰρ
1284 1345 1311 1374 ἐν
1337 1344 1424 1386 τούτῳ
1446 1345 1619 1383 στενάζομεν,
1634 1346 1666 1376 τὸ
1693 1346 1838 1387 οἰκητήριον

1046 1389 1122 1426 ἡμῶν
1147 1389 1177 1418 τὸ
1202 1389 1228 1423 ἐξ
1252 1389 1363 1429 οὐρανοῦ
1391 1390 1585 1421 ἐπενδύσασθαι
1608 1392 1806 1424 ἐπιποθοῦντες.
1830 1406 1839 1416 -

1046 1433 1128 1463 Ποῖον
1140 1433 1305 1473 οἷκητήριονς
1324 1434 1364 1464 Τὸ
1379 1435 1459 1473 σῶμα
1482 1435 1512 1464 τὸ
1537 1435 1682 1475 ἄφθαρτον.
1699 1436 1747 1470 Ἐξ
1769 1437 1840 1475 οὖρα-

1047 1480 1091 1507 νοῢ
1116 1477 1145 1506 δέ
1168 1489 1248 1518 φησιν
1272 1478 1353 1515 αὐτὸ,
1370 1480 1420 1518 οὐχ
1444 1479 1485 1508 ὅτι
1510 1479 1610 1509 ἄνωθεν
1627 1480 1762 1518 κάτεισιν,
1789 1481 1840 1509 ἀλλ’

196 1518 343 1547 descendat
371 1525 386 1545 a
419 1518 567 1554 supernis,
593 1519 640 1546 sed
671 1519 745 1553 quod
775 1519 989 1554 incorruptibili—

1087 1545 1088 1549 η
1113 1523 1209 1552 ἐκεῖθεν
1235 1523 1292 1562 ἔχει
1317 1523 1525 1562 ἐκπεμπομένην
1552 1524 1600 1560 τὴν
1626 1527 1673 1560 ri:
1699 1525 1841 1565 ἀφθαρσίας

196 1563 259 1590 tatis
285 1562 404 1598 gratiam
422 1562 487 1589 inde
509 1562 658 1590 demissam
688 1563 779 1591 habet.
804 1563 882 1591 Adeo
909 1564 990 1599 igitur

196 1614 254 1634 non
270 1610 312 1634 est
335 1613 404 1641 opus
422 1610 454 1633 ut
468 1606 613 1642 quisquam
635 1607 763 1635 turbetur
777 1609 813 1635 ob
827 1609 989 1637 tentationes

196 1649 319 1686 corporis
332 1649 451 1686 quadam
471 1658 502 1678 ex
518 1655 594 1686 parte
608 1652 806 1687 contingentes,
819 1656 848 1680 ut
857 1660 872 1680 e
883 1653 989 1681 diverso

196 1695 285 1730 potius
303 1695 479 1731 ingemiscere
494 1695 656 1729 debeamus,
672 1696 744 1731 quod
762 1705 817 1725 non
831 1698 988 1726 universum

197 1739 372 1775 corruptibile
389 1747 488 1776 corpus
501 1748 646 1774 exuamus,
661 1745 691 1768 ut
711 1741 922 1778 incorruptibile
937 1742 989 1771 hoc

196 1784 431 1820 superinduamus.
445 1786 591 1821 Propterea
606 1793 660 1813 non
677 1785 883 1815 tabernaculum
898 1787 988 1823 ipsum

193 1829 360 1861 nominavit,
387 1830 449 1864 sed,
479 1829 693 1864 habitationem,
724 1831 808 1859 veluti
827 1839 988 1868 permanen-

192 1874 300 1903 tiorem.

228 1921 316 1948 Vnus.
334 1922 360 1947 3.
389 1930 402 1944 α
416 1919 443 1947 Si
464 1923 557 1947 tamen
581 1920 682 1954 vestiti,
703 1928 761 1949 non
776 1921 843 1950 nudi
865 1922 988 1950 invenia-

194 1971 267 1991 mur.
277 1973 292 1990 ν
309 1965 350 1992 Ne
361 1963 505 1992 conﬁdant
515 1972 612 1993 omnes
625 1965 878 2001 incorruptibilitati
893 1974 989 2003 corpo-

193 2009 241 2036 ris.
258 2019 270 2032 α
285 2007 312 2036 Si
322 2008 418 2041 modo,
430 2017 444 2033 »
459 2008 558 2044 inquit,
572 2020 585 2033 α
599 2009 687 2038 induti
703 2010 921 2047 incorruptione,
935 2021 950 2038 ν
962 2015 990 2039 et

194 2060 294 2087 corpus
307 2052 515 2088 incorruptibile
539 2053 715 2089 accipientes,
736 2066 749 2080 α
777 2063 835 2083 non
855 2055 920 2083 nudi
943 2056 987 2083 in-

195 2096 338 2124 veniamur
355 2108 367 2121 -
385 2105 400 2125 a
417 2097 503 2134 gloria
517 2102 545 2126 et
557 2099 712 2134 securitate,
740 2103 869 2136 tanquam
885 2101 987 2136 peccati

193 2140 401 2170 deformitatem
423 2141 562 2170 habentes.
577 2143 753 2172 Resurrectio
776 2152 894 2180 namque
909 2152 987 2172 com-

193 2185 287 2214 munis
301 2190 354 2221 est,
368 2186 457 2214 honos
467 2195 524 2215 non
536 2187 613 2216 item.

228 2232 320 2260 Vens.
336 2234 362 2259 4.
376 2243 389 2256 α
402 2232 476 2260 Nam
491 2235 518 2260 et
530 2232 576 2268 qui
589 2241 686 2261 sumus
699 2234 727 2262 in
737 2234 916 2263 tabernaculo
926 2234 989 2268 hoc,

193 2276 412 2312 ingemiscimus,
432 2281 566 2313 quatenus
596 2278 725 2306 nolumus
753 2279 913 2315 exspoliari,
940 2279 989 2307 sed

194 2321 383 2356 supervestiri,
408 2325 439 2349 ut
463 2321 641 2350 absorbeatur
665 2323 741 2359 quod
765 2324 881 2352 mortale
904 2327 946 2352 est
973 2332 987 2351 a

194 2364 258 2392 vita.
284 2376 297 2389 ιι
322 2365 393 2400 Quia
415 2365 565 2394 molestum
586 2366 730 2395 videbatur
751 2368 826 2403 quod
843 2368 925 2402 dixit,
943 2370 987 2397 ln-

192 2408 368 2445 gemiscimus
407 2409 594 2438 desiderantes
633 2411 741 2440 liberari
784 2420 800 2439 a
832 2420 946 2449 corpore
980 2423 986 2441 :

191 2452 337 2481 ineffabilis
351 2454 426 2481 enim
443 2458 486 2482 est
499 2454 599 2483 animae
615 2455 649 2483 ad
664 2463 765 2492 corpus
779 2456 889 2485 affectio
905 2466 912 2485 :
926 2458 988 2486 Non

192 2502 346 2535 propterea,
368 2498 470 2535 inquit.
502 2499 717 2535 ingemiscimus,
743 2505 775 2529 ut
792 2501 952 2537 simpliciter
971 2511 986 2531 a

189 2550 306 2580 corpore
318 2543 476 2578 liberemur,
497 2551 591 2572 verum
611 2545 672 2580 quia
687 2545 886 2582 superinduere
898 2547 987 2576 incor-

189 2588 397 2624 ruptibilitatem
412 2589 578 2624 expetimus,
602 2590 670 2617 adeo
683 2594 713 2618 ut
727 2599 781 2618 non
797 2591 849 2619 hoc
872 2592 985 2628 quidem

189 2633 274 2669 268
295 2641 395 2662 exuere
418 2633 555 2668 volumus,
579 2642 673 2662 verum
701 2643 716 2663 a
747 2640 924 2672 corruptione
950 2637 985 2666 li—

188 2678 286 2713 bcrari,
303 2682 335 2706 ut
355 2687 370 2706 a
385 2679 439 2706 vita
460 2680 600 2715 corruptio
615 2680 778 2716 insumatur,
804 2689 860 2710 non
874 2689 983 2718 corpus.

1045 1566 1132 1606 χοίριν.
1157 1568 1291 1597 Τοσοῦτον
1316 1564 1360 1597 οὖν
1383 1569 1412 1597 οὐ
1428 1568 1468 1596 δεῖ
1481 1570 1624 1598 λυπεῖσθαι
1638 1569 1682 1598 ἐπὶ
1705 1571 1762 1603 τοῖς

1046 1610 1124 1650 μέρος
1162 1614 1208 1641 τοῦ
1246 1611 1368 1651 σώματος
1396 1617 1562 1653 πειρασμοῖς,
1590 1613 1660 1643 ὥστε
1697 1614 1841 1644 τούναντίσῖ

1045 1657 1146 1693 μᾶλλον
1173 1657 1306 1691 στενάζειν
1324 1657 1482 1697 ὀφείλομεν,
1509 1657 1550 1687 ὅτι
1578 1657 1616 1696 μὴ
1646 1659 1796 1691 καθολικῶς
1820 1659 1842 1687 τὸ

1044 1701 1159 1740 φθαρτὸν
1185 1703 1265 1739 σῶμα
1302 1702 1498 1739 ἆπεκδυόμεθα,
1533 1701 1578 1731 ἵνα
1605 1702 1743 1743 ἄφθαρτον
1773 1705 1840 1732 coit:

1045 1745 1259 1783 ἐπενδυσώμεθα.
1283 1746 1336 1776 Διὰ
1360 1749 1451 1784 τοῦτο,
1470 1747 1528 1776 οὐδὲ
1550 1749 1647 1783 σκῆνος
1669 1748 1739 1778 αὐτὸ
1755 1748 1841 1778 ἐκάλε-

1044 1800 1102 1826 σεν,
1119 1790 1180 1819 ἀλλ’
1193 1790 1362 1831 οἰκητήριον,
1380 1792 1415 1824 ὡς
1429 1790 1623 1832 μονιμώτερον.

1084 1939 1096 1952 ι
1124 1925 1158 1956 Ei
1182 1938 1213 1965 γε
1240 1926 1286 1956 καὶ
1314 1927 1502 1964 ἐνδυσάμενοι,
1527 1928 1557 1957 οὖ
1582 1928 1678 1967 γυμνοὶ
1708 1928 1843 1967 εὑρεθησόι

1045 1972 1123 2007 μεθα.
1149 1983 1161 1996 ι
1185 1970 1244 2001 Ἵνα
1272 1971 1310 2009 μὴ
1339 1972 1459 2012 θαρῤῶσι
1486 1972 1583 2006 πάντες
1611 1973 1656 2002 δίὰ
1680 1972 1734 2009 τὴν
1750 1975 1843 2013 ἆφθαρ·

1044 2013 1103 2042 σίαν
1126 2016 1173 2044 τοῦ
1189 2015 1321 2053 σώματος,
1336 2016 1425 2056 φησίν·
1448 2029 1461 2044 ε
1489 2016 1526 2046 Εἴ
1538 2027 1569 2055 γε
1582 2016 1630 2046 καὶ
1644 2017 1822 2056 ἐνδυσάμενοι
1835 2031 1843 2041 -

1043 2057 1092 2094 τὴν
1109 2059 1268 2100 ἀφθαρσίαν,
1297 2061 1342 2090 καὶ
1366 2062 1446 2099 σῶμα
1467 2061 1600 2102 ἄφθαρτον
1616 2061 1761 2101 λαϐόντες,
1787 2074 1800 2087 ι
1820 2062 1842 2090 οὶ

1042 2103 1136 2142 γυμνοὶ
1162 2103 1356 2143 εὑρεθησόμεθα
1390 2118 1402 2131 ι
1432 2104 1507 2142 δόξης
1533 2105 1580 2135 καὶ
1609 2105 1783 2146 ἀσφαλείας,
1813 2107 1843 2136 ὣς
1866 2104 1867 2108 ¹

1043 2147 1091 2183 τὴν
1114 2148 1143 2177 ἐκ
1163 2151 1210 2185 τῆς
1230 2148 1362 2188 ἁμαρτίας
1385 2149 1578 2188 ἀσχημοσύνην
1593 2149 1714 2190 ἔχοντες,
1733 2150 1771 2181 ε1-1
1800 2150 1841 2188 μὲν

1043 2190 1093 2231 γὰρ
1108 2192 1270 2232 ἀνάστασις,
1286 2193 1371 2230 κοινή”
1387 2195 1404 2229 ἡ
1424 2193 1451 2222 δὲ
1465 2195 1542 2233 τιμὴ,
1557 2193 1598 2225 οὔ.

1091 2247 1106 2266 α
1121 2237 1175 2267 Καὶ
1189 2237 1240 2277 γὰρ
1255 2239 1278 2267 οἱ
1296 2238 1366 2271 ὄντες
1377 2239 1415 2279 ,ἐν
1431 2240 1469 2278 τῷ
1488 2239 1580 2275 σκήνει
1602 2239 1707 2279 τούτῳ,
1726 2241 1846 2273 gravitr

1044 2292 1103 2318 μεν,
1122 2281 1296 2322 βαρυνόμενοι
1316 2284 1356 2323 ἐφ’
1371 2278 1393 2323 ᾧ
1410 2284 1439 2312 οὗ
1457 2283 1566 2322 θέλομεν
1582 2278 1770 2321 ἐκδύσασθαι,
1793 2284 1845 2312 ἀλλ’

1044 2325 1252 2363 ἐπενδύσασθαι,
1288 2326 1331 2356 ἵνα
1366 2329 1505 2367 καταποθῇ
1533 2327 1564 2357 τὸ
1591 2328 1686 2364 θνητὸν
1713 2329 1771 2358 ὕπὸ
1807 2329 1846 2362 τῆς

1043 2371 1121 2406 ζωῆς.
1140 2381 1155 2399 ιι
1174 2370 1286 2407 Ἐπειδὴ
1310 2371 1432 2412 φορτικὸν
1454 2372 1539 2401 ἐδόκει
1558 2372 1691 2411 ὃέλεγεν,
1712 2373 1758 2402 ὅτι
1781 2373 1844 2402 Στε-

1043 2414 1153 2454 νᾶζομεν
1168 2417 1354 2454 ἐπιθυμοῦντες
1375 2417 1402 2436 ⁷⁴
1425 2417 1616 2454 ἀπαλλαγῆναι
1638 2421 1686 2447 τοῦ
1713 2427 1846 2456 σωματος

1042 2459 1087 2488 καὶ
1112 2459 1162 2500 γὰρ
1180 2461 1293 2501 ἅῤῥητος
1317 2462 1407 2500 σχέσις
1487 2463 1561 2501 ψυχῇ
1588 2461 1653 2502 πρὸς
1683 2462 1718 2491 τὸ
1754 2463 1845 2498 σῶμ-α’

1042 2503 1136 2543 φησὶν,
1156 2504 1196 2534 ὅτι
1220 2506 1260 2535 Οὖ
1283 2505 1326 2534 διὰ
1351 2508 1428 2535 τοῦτο
1452 2506 1624 2542 στενάζομεν,
1646 2505 1689 2535 ἵνα
1718 2509 1770 2536 τοῦ
1797 2504 1845 2534 σόν

1042 2559 1123 2587 ματος
1144 2549 1235 2582 ἅπλῶς
1262 2549 1474 2589 ἀπαλλαγῶμεν,
1497 2550 1567 2580 ἀλλὰ
1590 2550 1714 2584 θέλοντες
1739 2549 1846 2580 ἐπενδό-

1041 2595 1138 2622 σασθαι
1163 2592 1209 2628 τὴν
1234 2593 1392 2633 ἀφθαρσίαν
1407 2596 1443 2628 ὥς
1457 2594 1536 2624 τοῦτό
1552 2606 1581 2633 γε
1595 2594 1656 2624 οὐδὲ
1677 2594 1844 2624 ἐκδύσασθαι

1042 2638 1206 2677 βουλόμεθα,
1223 2637 1292 2668 ἀλλὰ
1307 2640 1353 2674 τῆς
1373 2641 1470 2679 φθορᾶς
1485 2640 1692 2678 ἀπαλλαγῆναι,
1714 2638 1759 2667 ἵνα
1778 2638 1842 2666 ἀνα-

1039 2681 1111 2721 λωθῇ
1136 2682 1181 2711 καὶ
1197 2683 1335 2723 δαπανηθῇ
1361 2685 1378 2719 ἠ
1402 2683 1486 2724 φθορὰ
1512 2683 1564 2713 ὑπὸ
1585 2685 1632 2719 τῆς
1654 2684 1734 2719 ζωῆς.
1759 2682 1793 2711 οὗ
1810 2681 1839 2709 τὸ

880 2741 977 2772 Varie
998 2743 1150 2776 lectiones.

221 2790 242 2807 7'
255 2791 302 2826 γάρ
317 2799 344 2818 o.
383 2791 405 2808 ⁷³
422 2791 513 2827 ἐπιγεν.
527 2800 553 2819 o.
594 2792 615 2809 7‘
630 2792 805 2825 ἐπεποθοῦντες
821 2803 857 2823 m.
