1867 3081
40 158 90 185 849

496 158 674 187 EXPOSITIO
694 160 726 187 IN
746 159 850 186 EPIST.
871 159 893 186 ΙΙ
907 160 954 187 AD
974 160 1052 188 COR.
1074 175 1108 181 —
1127 161 1200 189 CAP.
1222 162 1254 188 V.

1634 164 1686 190 850

37 221 125 258 σῶμα.
153 219 198 250 οὗ
231 219 281 260 γὰρ
305 219 348 250 διὰ
376 220 406 250 τὸ
429 221 506 259 σῶμα
533 221 625 255 ἁπλῶς
653 220 832 262 βαρυνόμεθα,
850 224 875 254 Α
891 222 908 249 1"

920 229 953 250 on
979 222 1054 250 enim
1079 222 1238 258 simpliciter
1267 227 1379 260 propter
1403 232 1504 260 corpus
1529 232 1684 260 gravamur.

37 264 104 294 ἀλλὰ
139 265 209 294 διότι
238 265 292 295 ἐστὶ
329 265 455 306 φθαρτόν.
473 265 610 296 Ἐντεῦθεν
643 268 670 297 δὲ
699 268 835 300 παντελῶς

36 308 234 350 ἕμφράττονται
261 311 314 339 τῶν
338 312 477 350 αἱρετικῶν
505 311 539 341 τὰ
563 312 695 350 στόματα.
716 313 757 342 Οὗ
783 311 834 352 γὰρ

35 354 92 393 περὶ
108 354 195 384 ἄλλου
221 354 266 384 καὶ
287 355 369 385 ἄλλου
384 355 508 394 σώματος
531 357 545 385 ὁ
569 357 659 396 λόγος,
679 356 749 386 ἀλλὰ
773 356 834 396 περὶ

37 400 129 438 φθορᾶς
147 398 196 428 καὶ
214 398 370 438 ἀφθαρσίας.

73 456 86 469 ε
111 442 148 474 Ὁ
181 443 210 472 δὲ
237 443 470 483 κατεργασάμενος
495 447 565 484 ἡμᾶς
593 447 628 479 εἷς
655 445 720 475 αὐτὸ
745 448 831 480 τοῦτο,

34 487 109 520 θεός.
127 498 142 516 ›
161 488 234 521 Θεὸς
258 488 286 518 δέ
309 489 384 525 dari,
413 490 503 529 φησὶν,
528 492 542 519 ὁ
569 491 603 523 εἰς
619 491 683 520 αὐτὸ
708 493 784 520 τοῦτο
808 490 833 524 ἐξ

36 533 115 571 ἀρχῆς
142 533 380 576 κατιργασέμινος
405 535 487 572 ἡμᾶς’
514 534 631 576 καὶγὰρ
657 535 830 574 ἐδημιούργη-

35 587 74 605 σεν
98 579 172 615 ἡμᾶς
201 576 247 606 ἵνα
275 572 348 615 ὦμεν
380 578 508 618 ἄψθαρτοι
524 589 531 596 ”
563 572 666 609 χαῗοῦ
697 582 740 608 νῦν
757 583 833 609 τοῦτο

36 620 116 654 ἔδοξεν
133 622 224 662 αὐτῷ,
249 623 309 652 ἀλλ’
331 622 358 657 ἐξ
375 624 470 663 ἀρχῆς.
486 622 571 653 Ὥστε
586 624 691 658 πάντως
713 624 740 644 ⁷⁵
755 624 832 663 γενή-

36 677 116 697 σεται.

73 721 86 739 ε
101 710 136 741 ’0
151 711 201 740 καὶ
230 712 291 745 δοὺς
313 713 377 750 ἡμῖν
400 712 445 741 τὸν
468 713 610 754 αῤῥαϐῶνα
634 715 680 742 τοῦ
703 714 831 752 Πνεύμα-

35 767 84 788 τος.
101 769 112 782 ι
123 756 224 789 Θέλεις
236 778 244 792 ,
262 756 357 796 φησὶν,
382 757 532 794 ἆπόδειξιν;
556 757 642 787 Δώσω
657 768 698 786 σοι
721 759 766 787 καὶ
779 759 829 787 ἄλ-

34 800 90 835 λην.
111 799 162 830 Διὰ
188 802 236 829 τοῦ
262 801 446 840 βαπτίσματος
470 804 582 840 Πνεῦμα
608 804 673 840 ἡμῖν
696 802 763 838 δοὺς,
787 803 831 832 τὸν

35 844 173 884 ἀρραϐῶνα
190 847 240 881 τῆς
262 846 410 886 ἀφθαρσίας
428 847 520 876 ἔδωκε.
539 847 593 876 Καὶ
607 847 658 887 γὰρ
675 847 770 886 ἧγίαοι
791 850 835 878 καὶ

888 266 938 294 sed
966 267 1032 302 quia
1059 271 1102 295 est
1135 267 1324 304 corruptibile.
1354 268 1426 296 Hinc
1450 272 1543 297 autem
1573 269 1685 298 omnino

889 310 1082 340 hereticorum
1097 319 1146 340 ora
1167 311 1359 340 obstruuntur.
1386 314 1448 341 Non
1473 313 1548 341 enim
1572 314 1606 342 de
1629 314 1684 342 alio

888 359 969 391 atque
992 356 1046 384 alio
1065 365 1181 392 corpore
1199 364 1293 385 sermo
1312 361 1363 391 est,
1383 356 1432 386 sed
1455 357 1491 386 de
1511 358 1684 394 corruptione

887 404 914 428 et
932 400 1202 437 incorruptibilitate.

923 447 1011 474 Vns.
1030 448 1057 472 5.
1075 457 1088 470 α
1105 446 1159 481 Qui
1173 451 1266 474 autem
1284 446 1369 474 et'iicit
1382 454 1434 474 nos
1461 446 1496 474 ad
1510 446 1590 479 illud.
1614 448 1685 475 Deus

887 494 937 518 est.
957 500 971 516 ιι
992 491 1066 518 Deus
1088 495 1142 525 est,
1166 491 1267 527 inquit,
1289 491 1334 527 qui
1357 491 1478 526 primum
1500 499 1551 519 nos
1569 490 1604 519 ad
1631 491 1684 520 hoc

887 533 988 562 effecit.
1011 535 1120 562 Etenim
1135 535 1262 563 condidit
1285 543 1348 569 nos,
1368 539 1399 563 ut
1412 535 1502 563 simus
1521 536 1684 572 incorrupti.

887 578 964 607 biles.
979 580 1071 614 Neque
1084 579 1136 607 hoc
1156 587 1232 607 nunc
1251 580 1374 616 primum
1394 579 1418 607 ei
1439 579 1550 616 placuit,
1565 579 1612 608 sed
1624 580 1683 616 jam

887 623 950 652 inde
963 632 977 652 ιι
991 624 1133 660 principio.
1151 625 1246 660 Itaque
1265 625 1381 652 omnino
1395 624 1450 652 ﬁet.

923 726 935 738 ει
958 715 1012 749 Qui
1027 714 1103 742 dedit
1115 715 1200 742 etiam
1223 715 1305 743 nobis
1318 715 1416 751 pignus
1439 715 1566 751 Spiritus.
1587 726 1600 740 ιι
1626 716 1683 744 De-

886 760 1134 793 monstrationem,
1151 760 1250 796 inquit,
1269 760 1365 795 cupis?
1385 760 1510 788 Alteram
1527 760 1578 788 tibi
1599 759 1680 788 dabo.

885 805 938 839 Qui
963 805 1042 832 nobis
1072 813 1119 840 per
1141 805 1276 840 baptisma
1302 805 1436 840 Spiritum
1469 804 1560 838 dedit,
1583 804 1682 841 pignus

891 857 1002 885 quoque
1020 849 1235 877 immortalitatis
1247 849 1326 877 nobis
1341 849 1483 885 impertiit.
1497 850 1607 878 Etenim
1619 858 1683 878 san-

34 888 116 929 ψυχὴν
131 889 178 919 καὶ
201 891 292 928 σῶμα,
319 891 365 919 καὶ
381 891 499 930 θειότερα
523 891 661 930 ἀμφότερα
684 891 822 927 πεποίηκε,
840 889 863 920 Β
879 897 906 921 cl

920 893 1007 921 [icavit
1021 897 1048 921 et
1058 894 1180 922 animam
1193 897 1221 921 et
1234 901 1344 930 corpus,
1368 897 1395 921 et
1410 898 1525 930 utraque
1547 894 1680 922 diviniora

37 935 78 968 τῆς
103 933 235 974 ἁμαρτίας
267 934 431 971 ἀπαλλάξας,
456 935 482 969 ἐξ
502 931 534 971 ἧς
559 938 573 964 ὁ
597 936 716 969 θάνατος.
742 934 831 966 Ὥστε

37 977 87 1006 (ml
115 979 229 1016 Πνεῦμα
259 978 372 1015 δέδωκε,
399 980 531 1018 πρόδηλον
554 979 595 1009 ὅτι
628 983 677 1016 τῆς
700 981 832 1020 ἁμαρτίας

38 1022 192 1058 ἀπήλλαξεν
209 1024 346 1064 ἁμαρτίας
361 1024 388 1054 δὲ
405 1024 578 1060 ἀπαλλάξας,
600 1025 646 1054 καὶ
661 1025 709 1060 τὴν
733 1026 831 1066 φθορὰν

35 1067 206 1107 κατήργησεν·
231 1068 260 1102 ἐξ
285 1068 419 1108 ἁμαρτίας
441 1070 493 1110 γὰρ
515 1071 532 1103 ἡ
560 1070 651 1109 φθορά.
668 1069 762 1103 Οὕτως
785 1066 829 1099 οῦν

37 1112 169 1151 ἇῤῥαϐῶνα
184 1115 232 1148 τῆς
247 1112 396 1151 μελλούσης
418 1114 561 1147 ἀθανασίας
580 1114 611 1143 τὸ
636 1116 758 1152 Πνεῦμα.
777 1115 830 1145 Καὶ

37 1155 116 1190 ἄλλως
147 1157 190 1194 δὲ,
221 1158 282 1192 δοὺς
309 1160 353 1187 νῦν
387 1161 454 1197 ἡμῖν
485 1160 599 1199 μερικῶς
632 1158 661 1188 τὸ
697 1160 827 1197 Πνεῦμα,

37 1200 133 1235 πάντως
157 1203 304 1242 ᾶρῥαϐὢνεί
327 1215 386 1232 τινα
416 1203 528 1239 ἔδωκεν,
555 1203 624 1233 ὥστε
651 1204 696 1233 καὶ
719 1204 749 1233 τὸ
768 1204 828 1234 ὅλον

37 1245 118 1276 δώσει.
137 1248 199 1280 Ili-3c
227 1249 251 1276 δ’
276 1247 308 1276 ἂν
332 1247 428 1286 δώσει,
455 1249 478 1277 εἰ
501 1248 538 1287 μὴ
565 1248 709 1287 μέλλοιμεν
725 1249 828 1289 ,ἀξιοπρ-

38 1292 148 1326 τισθῆναι
181 1293 258 1332 ψυχῇ
286 1304 315 1321 τε
342 1293 389 1322 καὶ
423 1293 546 1331 σώματι;
575 1293 674 1323 Λαϐὼν
707 1288 751 1322 οὖν
787 1295 828 1322 ἐν-

37 1337 112 1378 ταῦθα
137 1338 167 1365 τὸ
191 1337 281 1376 ὀλίγον
307 1337 353 1366 καὶ
376 1338 450 1378 ψυχῇ
474 1338 520 1367 χαὶ
535 1337 641 1375 σώματι
665 1333 717 1366 οἷον
741 1339 827 1378 ἀρῤα-

38 1377 103 1409 ὄῶνα
113 1402 120 1416 ,
137 1380 225 1416 ἔλπιζε
245 1382 285 1410 ὅτι
301 1382 347 1411 καὶ
369 1382 398 1412 τὸ
413 1383 474 1412 ὅλον
489 1383 548 1412 τότε
564 1381 630 1416 ἔξεις
644 1377 804 1422 ὁλοκλήρως.

74 1484 86 1496 ι
99 1471 265 1511 Θαρροῦντες
286 1466 330 1501 οῦν
351 1471 478 1507 πάντοτε,
502 1472 547 1501 καὶ
573 1472 670 1506 εἰδότες
686 1472 725 1502 ὅτι
749 1473 824 1508 ἐνδη-

887 937 1018 973 reddidit,
1043 946 1058 965 a
1086 942 1196 974 peccato
1228 946 1279 966 nos
1303 938 1434 972 liberans,
1455 946 1489 966 ex
1517 946 1572 974 quo
1605 946 1681 966 mors

887 986 1033 1018 propagata
1041 986 1108 1010 erat.
1117 982 1251 1018 Quocirca
1259 991 1321 1010 cum
1333 983 1464 1018 Spiritum
1475 982 1556 1011 nobis
1565 982 1681 1017 dederit,

887 1027 1058 1063 perspicuum
1071 1031 1115 1055 est
1133 1027 1206 1062 quod
1219 1035 1234 1054 a
1250 1031 1362 1062 peccato
1379 1027 1514 1055 liberavit.
1530 1029 1555 1055 A
1570 1031 1681 1064 peccato

887 1079 950 1099 vero
970 1075 1114 1107 postquam
1135 1079 1186 1099 nos
1213 1071 1348 1106 liberavit,
1369 1071 1574 1107 corruptionem
1598 1072 1680 1100 etiam

883 1116 1019 1144 destruxit
1044 1125 1051 1144 :
1075 1123 1108 1144 ex
1129 1120 1241 1151 peccato
1267 1116 1339 1144 enim
1364 1116 1514 1152 corruptio.
1537 1117 1578 1144 Ita
1599 1116 1681 1153 igitur

885 1160 985 1188 futurae
1000 1160 1214 1188 immortalitatis
1223 1160 1320 1196 pignus
1333 1165 1374 1188 est
1388 1161 1516 1196 Spiritus.
1532 1162 1566 1188 Et
1582 1160 1680 1189 aliter:

884 1205 936 1241 Qui
946 1205 1022 1234 dedit
1036 1205 1115 1233 nobis
1125 1205 1153 1232 in
1164 1205 1291 1241 praesenti
1300 1205 1433 1241 Spiritum
1443 1214 1475 1233 ex
1489 1210 1574 1241 parte,
1584 1205 1680 1242 pignus

883 1250 1020 1286 quoddam
1035 1249 1112 1278 dedit
1125 1258 1154 1278 se
1167 1254 1254 1278 totum
1277 1258 1389 1286 quoque
1401 1249 1576 1278 traditurum.
1600 1250 1680 1285 Quo-

883 1294 967 1322 modo
988 1297 1080 1322 autem
1099 1294 1186 1328 dabit,
1207 1295 1258 1322 uisi
1283 1302 1398 1331 corpore
1421 1299 1449 1323 et
1472 1295 1567 1322 animo
1591 1295 1680 1323 incor—

882 1339 1024 1375 ruptibiles
1054 1339 1136 1367 futuri
1159 1339 1265 1367 simus?
1287 1339 1341 1368 Ubi
1366 1339 1449 1375 igitur
1473 1339 1601 1375 pusillum
1633 1339 1678 1368 hic

881 1384 1024 1420 acceperis,
1050 1383 1234 1412 arrhabonem
1260 1383 1396 1418 videlicet,
1420 1383 1528 1412 conﬁde
1546 1383 1623 1420 quod
1649 1388 1678 1413 et

880 1432 970 1456 totum
984 1433 1050 1456 tunc
1064 1436 1175 1464 prorsus
1186 1428 1223 1456 sis
1238 1428 1390 1457 habiturus.

915 1474 1005 1501 Vens.
1026 1476 1086 1500 6-8.
1104 1484 1117 1497 α
1132 1473 1271 1501 Audentes
1285 1473 1369 1509 igitur
1383 1481 1504 1509 semper,
1519 1477 1547 1501 et
1559 1474 1677 1502 scientes

39 1516 137 1550 μοῦντις
161 1517 199 1556 τῷ
226 1516 334 1553 σώματι
359 1517 530 1555 ἐκδημοῦμεν
547 1517 600 1546 ἀπὸ
624 1517 735 1556 Κυρίου.
761 1516 830 1557 (Διὰ
847 1519 908 1553 qu

921 1517 957 1545 od
971 1517 1038 1546 dum
1059 1525 1155 1546 sumus
1173 1518 1200 1545 in
1224 1517 1277 1547 hoc
1291 1526 1417 1554 corpore,
1442 1518 1650 1554 peregrinamur
1661 1527 1677 1546 a

37 1557 139 1593 πίστεως
163 1561 214 1600 γὰρ
244 1564 459 1600 περιπατοῦμεν,
484 1563 513 1591 οὖ
543 1562 585 1590 διὰ
608 1562 716 1602 εἴδους.)
740 1563 825 1602 Θαῤ-

40 1603 124 1642 ροῦμεν
143 1604 231 1634 δὲκαὶ
255 1605 412 1643 εὐδοκοῦμεν
434 1607 535 1644 μᾶλλον
558 1607 710 1645 ἐκδημῆσαι
726 1608 756 1635 ἐχ
778 1609 823 1636 τοῦ

39 1646 160 1688 σώματος,
186 1649 233 1678 καὶ
249 1650 397 1686 ἐνδημῆσαι
411 1651 476 1689 πρὸς
501 1651 608 1690 Κύριον.
630 1664 643 1677 ι
660 1650 724 1681 Ἔτι
740 1651 824 1680 ἐκεῖνο

39 1695 217 1728 κατασκευάζει
243 1694 256 1723 ὃ
273 1694 396 1734 ἀνωτέρω
418 1691 507 1731 εἶπεν,
528 1695 568 1724 ὄτι
591 1697 632 1725 Οὐ
653 1697 823 1735 φροντίζομεν

38 1737 82 1765 τῶν
102 1738 234 1768 κινδύνων·
250 1740 273 1768 οἱ
288 1739 401 1768 κίνδυνοι
415 1739 477 1778 γὰρ,
493 1740 570 1779 φησὶ,
587 1740 632 1769 καὶ
647 1741 671 1770 οἱ
699 1741 822 1776 θάνατοι,

39 1779 64 1809 τὸ
76 1783 188 1812 εὐκταῖον
203 1785 268 1822 ἡμῖν
292 1785 386 1823 χρῆμα
403 1784 429 1803 ⁷⁵
449 1784 621 1823 προξενοῦσι,
646 1784 693 1819 τὴν
719 1785 823 1824 ἄφθαρ-

39 1824 102 1864 σίαν,
118 1827 149 1856 δι’
171 1829 203 1863 ἢν
230 1827 276 1857 καὶ
293 1828 468 1866 στενάζομεν,
489 1829 535 1857 καὶ
560 1828 736 1868 προσάγουσιν
752 1831 824 1867 ἡμᾶς

39 1869 122 1909 τάχιον
145 1874 180 1913 τῷ
200 1872 326 1912 Δισπότῃ
343 1875 430 1910 ἡμῶν.
460 1885 474 1900 α
496 1874 664 1913 Θαρροῦντες
689 1868 733 1902 οῦν
753 1874 823 1903 ποίν-

40 1925 106 1954 τοτε,
130 1929 141 1943 ι
165 1917 301 1954 τουτέστι,
327 1917 374 1954 Μὴ
402 1917 560 1957 φοϐούμενοι
588 1918 656 1955 μήτε
680 1918 821 1957 διωγμοὺς,

41 1959 99 1994 μήτε
122 1961 273 1997 ἐπιϐουλὰς,
308 1962 375 2000 μήτε
399 1963 535 1996 θανάτους.
560 1963 634 2002 Ὅρα
660 1962 687 1992 δὲ
718 1962 823 2002 σοφίαν,

41 2004 87 2037 πῶς
101 2005 233 2047 ἀπέκρυψε
248 2007 283 2036 τὰ
297 2006 416 2044 ὀνόματα
430 2009 475 2036 τοῦ
491 2007 602 2037 θανάτου
623 2007 669 2036 καὶ
683 2010 728 2042 τῆς
743 2009 825 2044 ζωῆς,

41 2048 79 2077 χαὶ
91 2049 136 2085 τὴν
159 2053 205 2088 μὲν
227 2051 354 2089 ἐνδημίαν
373 2051 436 2091 πρὸς
462 2051 567 2092 Κύριον,
582 2052 630 2087 τὴν
652 2051 679 2081 δὲ
695 2053 824 2090 ἐκδημίαν

42 2093 87 2122 ἀπὸ
101 2095 341 2136 Κυρίουγτέθειχεν,
368 2095 412 2124 ἵνα
433 2097 524 2134 μηδεὶς
543 2099 589 2132 τῆς
607 2096 741 2136 παρούσης
757 2099 824 2132 ζωῆς

881 1562 1010 1590 Domino.
1036 1563 1096 1597 (Per
1120 1561 1202 1590 ﬁdem
1231 1562 1305 1590 enim
1331 1562 1526 1596 ambulamus,
1546 1571 1603 1590 non
1628 1571 1676 1599 per

877 1607 1018 1642 speciem.)
1039 1607 1182 1634 Audemus
1202 1611 1312 1640 autem,
1335 1611 1362 1634 et
1381 1607 1483 1635 bonam
1505 1607 1676 1636 voluntatem

879 1650 1013 1678 habemus
1028 1651 1115 1687 magis
1128 1651 1295 1686 peregrinari
1318 1659 1333 1678 τι
1347 1659 1474 1687 corpore,
1490 1655 1517 1679 et
1531 1656 1676 1687 praesentes

877 1703 937 1723 esse
950 1695 984 1723 ad
1000 1696 1163 1723 Dominum.
1183 1707 1196 1719 ι
1209 1695 1379 1724 Conﬁrmata
1398 1696 1571 1732 pergitquod
1593 1705 1674 1732 supra

878 1740 946 1768 dixit
966 1749 973 1767 :
995 1748 1104 1776 nempe,
1123 1741 1196 1776 quod
1215 1741 1340 1768 Pericula
1355 1749 1410 1768 non
1425 1749 1577 1769 moramur.
1603 1743 1674 1770 Nam

879 1785 996 1820 pericula
1011 1789 1038 1812 et
1047 1789 1159 1819 mortes,
1175 1785 1272 1820 inquit,
1295 1793 1355 1812 rem
1369 1785 1448 1813 nobis
1461 1790 1585 1821 optatam
1605 1794 1672 1814 con-

878 1829 979 1862 ciliant,
994 1829 1143 1862 nimirum,
1158 1828 1442 1864 incorruptibilitatem
1465 1835 1577 1865 propter
1590 1839 1673 1866 quam

877 1873 1096 1909 ingemiscimus,
1109 1877 1137 1901 et
1149 1873 1263 1901 celerius
1272 1881 1323 1901 nos
1332 1873 1367 1902 ad
1383 1874 1535 1902 Dominum
1547 1879 1673 1902 nostrum

878 1918 1040 1954 perducunt.
1061 1930 1073 1942 -
1094 1918 1235 1945 Audentes
1248 1917 1332 1953 igitur
1346 1926 1469 1954 semper,
1487 1930 1499 1942 u
1514 1918 1540 1947 id
1555 1923 1605 1952 est,
1617 1927 1673 1947 non

878 1966 1034 1990 metuentes
1065 1970 1153 1998 neque
1187 1962 1395 1998 persecutiones
1425 1971 1516 1999 neque
1546 1963 1672 1996 insidias,

876 2015 964 2043 neque
987 2012 1101 2035 mortes.
1129 2007 1261 2043 Expende
1287 2011 1380 2036 autem
1405 2007 1578 2043 sapientiam,
1601 2016 1672 2044 quo-

876 2051 961 2080 modo
986 2052 1097 2080 nomina
1112 2052 1211 2080 mortis
1228 2056 1255 2079 et
1279 2052 1342 2080 vita:
1371 2052 1534 2086 occultarit;
1559 2052 1673 2080 alteram

878 2095 991 2132 quidem
1007 2096 1181 2132 praesentiam
1209 2096 1283 2132 apud
1299 2096 1460 2130 Dominum,
1477 2097 1592 2125 alteram
1611 2105 1673 2125 vero

43 2135 164 2177 ἐξίχηται,
187 2135 230 2170 οἶα
252 2139 284 2175 δὴ
301 2140 454 2178 ἀπαγοῦσης
477 2140 530 2169 ἀπὸ
555 2144 600 2170 τοῦ
625 2135 734 2180 κυρίου.
755 2137 822 2172 Εἶτα
841 2135 864 2165 D
882 2149 908 2177 ρ(

920 2142 1127 2177 regrinationem
1150 2150 1166 2170 a
1195 2142 1318 2170 Domino
1341 2141 1462 2175 faciens,
1484 2146 1516 2170 ut
1539 2149 1621 2170 nemo
1640 2142 1673 2170 de

42 2180 78 2209 ἵνα
92 2184 125 2221 μή
148 2196 185 2217 τις
208 2184 280 2224 sin-‘9'
295 2185 330 2215 Τί
351 2180 413 2221 οῦνς
438 2185 468 2214 τὸ
494 2187 572 2224 σῶμα
598 2188 669 2224 ἡμᾶς
690 2187 823 2226 ἀλλοτριοῐ

44 2225 88 2254 ἀπὸ
103 2230 146 2256 τοῦ
162 2230 249 2266 Θεοῦ,
269 2229 440 2269 διωρθώσατο
455 2233 543 2266 τοῦτο,
563 2230 653 2260 εἰπών·
670 2245 682 2257 ιι
705 2231 756 2261 Διὰ
778 2231 822 2260 πί-

44 2281 113 2314 ἳτιως
124 2273 172 2313 γὰρ
193 2277 405 2314 περιπατοῦμεν,
422 2276 451 2305 οὖ
470 2275 514 2304 διὰ
536 2274 628 2309 εἴδους
648 2290 661 2302 ιι
678 2275 822 2311 τουτέστιν,

44 2312 163 2361 ³Εξινταίἰθα
188 2312 237 2356 μὲν
265 2312 349 2348 αὐτὸν·
373 2318 465 2358 ἴσμεν,
494 2320 564 2349 ἀλλὰ
594 2320 716 2361 μετρίως·
748 2323 824 2350 τοῦτο

43 2358 86 2398 γάρ
100 2362 205 2399 ἔστιτὸ,
235 2377 246 2389 ι
266 2363 317 2394 Διά
333 2363 455 2397 πίστεως·
475 2376 488 2393 ι
515 2365 544 2394 οὐ
570 2365 658 2402 μέντοι
682 2366 823 2405 πρόσωπον

43 2404 98 2442 πρὸς
110 2406 256 2444 πρόσωπον,
265 2408 331 2448 ὅπερ
344 2409 400 2438 ἐστὶ
413 2408 454 2444 τὸ,
473 2421 485 2434 α
500 2408 552 2439 Διὰ
566 2410 661 2443 εἴδους.
678 2421 691 2438 υ
707 2410 784 2440 Ἐπεὶ
797 2409 824 2439 δὲ

44 2449 115 2494 ταῦτα
129 2450 207 2485 οὕτως
222 2453 288 2492 ἔχει,
309 2463 323 2481 ι(
335 2453 512 2491 Εὐδοχοῦμεν·
537 2466 553 2482 ι
568 2453 700 2492 τουτέστι,
717 2455 823 2494 Σφόδρα

45 2491 206 2533 ἐπιθυμοῦμεν
304 2498 466 2526 ἐκδύσασθαι
491 2498 522 2527 τὸ
552 2500 633 2536 σῶμα
659 2502 747 2535 τοῦτο,
780 2499 825 2528 καὶ

47 2537 104 2571 μετὰ
129 2540 225 2580 Κυρίου
254 2541 389 2580 γενέσθαι.
421 2543 482 2572 Οὖιι
512 2537 569 2572 εἷπε
599 2543 640 2580 δὲ,
666 2543 825 2584 Ἄφθαρσίας

47 2587 187 2628 μιξασχεῖν,
202 2585 270 2615 ἀλλὰ
297 2586 327 2615 τὸ
342 2590 477 2626 κρεῖττον,
500 2586 530 2617 τὸ
546 2587 614 2626 μετὰ
631 2588 731 2628 Κυρίου
745 2583 822 2617 εἶναι·

48 2626 122 2660 μεῖζον
134 2628 183 2669 γὰρ
198 2632 274 2660 τοῦτο
295 2633 343 2667 τῆς
358 2631 516 2672 ἀφθαρσίας.

879 2190 1012 2222 praesente
1027 2187 1082 2214 vita
1105 2186 1232 2222 pendeat,
1255 2190 1285 2214 ut
1298 2193 1361 2222 quae
1378 2194 1392 2214 ο
1406 2186 1527 2214 Domino
1545 2186 1672 2214 abducat.

877 2231 994 2265 Deinde,
1020 2239 1054 2259 ne
1073 2231 1134 2267 quis
1156 2231 1239 2264 dicat,
1261 2230 1333 2265 Quid
1351 2231 1434 2266 igitur
1464 2232 1476 2258 Ρ
1500 2238 1601 2266 corpus
1624 2239 1675 2259 nos

877 2275 982 2304 alienos
996 2275 1058 2303 facit
1076 2284 1090 2303 a
1105 2277 1180 2304 Deo?
1195 2275 1313 2303 correxit
1327 2275 1389 2308 hoc,
1410 2274 1538 2311 inquiens
1557 2284 1564 2303 :
1590 2287 1602 2300 ιι
1625 2276 1675 2304 Per

878 2321 962 2350 ﬁdem
972 2321 1045 2349 enim
1059 2321 1244 2353 ambulamus,
1256 2329 1311 2348 non
1321 2328 1369 2356 per
1381 2321 1513 2356 speciem,
1529 2330 1543 2347 ιι
1557 2319 1610 2349 hoc
1621 2325 1673 2355 est,

879 2365 923 2394 hic
938 2367 1029 2402 ipsum
1044 2365 1156 2402 quidem
1175 2365 1312 2399 novimus,
1332 2365 1379 2393 sed
1400 2364 1508 2393 modice
1522 2365 1587 2398 (hoc
1600 2366 1674 2394 enim

879 2415 921 2439 est
942 2422 955 2435 ι
976 2412 1030 2438 Per
1055 2410 1160 2445 ﬁdem;
1178 2422 1190 2435 ιι
1211 2418 1267 2438 non
1280 2410 1392 2446 quidem
1419 2409 1488 2438 facie
1506 2409 1541 2438 ad
1567 2409 1675 2444 faciem,

879 2457 955 2495 quod
972 2460 1022 2491 est)
1041 2469 1054 2482 ιι
1068 2459 1121 2485 Per
1135 2457 1266 2494 speciem.
1283 2468 1295 2481 ι
1309 2457 1380 2485 Cum
1393 2461 1485 2484 autem
1499 2457 1558 2485 haec
1569 2457 1609 2485 sic
1631 2457 1680 2484 lia-

880 2503 971 2537 beant,
985 2515 997 2527 ιι
1005 2503 1111 2530 Bonam
1123 2503 1291 2530 voluntatem
1302 2501 1449 2535 habemus,
1463 2513 1476 2525 ι
1485 2502 1536 2529 hoc
1542 2507 1593 2536 est,
1600 2501 1676 2529 valde

881 2548 966 2584 269
990 2547 1181 2576 desideramus
1203 2554 1304 2575 exuere
1319 2554 1419 2582 corpus
1432 2546 1495 2578 hoc,
1519 2551 1603 2582 atque
1619 2553 1677 2573 esse

880 2600 943 2620 cum
967 2592 1098 2620 Domino.
1119 2593 1181 2620 Non
1200 2591 1268 2619 dixit
1292 2595 1402 2623 autem,
1437 2591 1676 2618 lmmortalitatem

879 2637 986 2672 assequi
1003 2647 1010 2665 ε
1027 2644 1123 2664 verum
1139 2635 1212 2672 quod
1228 2636 1402 2672 praestantius
1414 2640 1466 2668 est,
1479 2642 1543 2662 cum
1558 2633 1677 2662 Domino

880 2689 938 2710 esse
952 2690 960 2709 :
981 2681 1034 2710 boc
1047 2682 1121 2710 enim
1133 2681 1339 2710 immortalitate
1349 2680 1440 2716 majus
1450 2683 1505 2708 est.

720 2765 816 2794 Varia
837 2765 987 2795 lectiones.

81 2805 100 2823 ⁷³
114 2809 202 2843 πάντας
217 2812 351 2841 αἰνίττεται
364 2821 392 2842 0.
431 2814 454 2832 ⁷⁸
466 2816 551 2850 κτῆμα
564 2822 592 2843 ο·
