1867 3081
34 170 82 196 853

471 166 648 195 EXPOSITIO
669 168 700 195 ΙΝ
722 167 828 195 EPIST.
850 168 871 195 ll
891 168 937 195 AD
957 167 1036 196 COR.
1055 183 1089 189 —
1108 168 1183 196 CAP.
1203 170 1236 196 V.

1625 171 1677 199 854

34 231 74 261 τὸν
97 231 168 262 Θεὸν
194 231 272 259 τοῦτο
293 231 429 268 ποιοῦμεν,
452 228 496 259 ἵνα
521 229 559 268 μὴ
579 230 654 268 ὑμεῖς
681 231 828 268 νομίζοντες
843 234 868 266 Α
883 230 911 258 all

920 229 956 264 bi,
979 230 1186 265 insipientiam),
1222 231 1282 264 Dei,
1308 231 1407 268 inquit,
1435 232 1504 261 istuc
1532 241 1613 262 causa
1641 233 1679 262 fa-

35 279 100 314 ἡμᾶς
114 276 246 311 εὐτελεῖς,
263 275 448 315 καταφρονῆτε
457 298 465 311 ,
479 274 525 304 xui
547 275 698 305 ἀπόλλυσθε
711 275 749 316 .
763 275 827 305 ἀπό-

36 320 134 359 λησθε]·
152 320 184 348 ἄν
208 320 237 348 τέ
254 331 280 348 τι
307 318 412 359 μέτριον
427 318 474 348 καὶ
497 319 622 349 ταπεινὸν
637 319 771 356 εἴπωμεν,
793 319 827 349 δι’

36 367 106 403 ὑμᾶς,
120 364 164 393 ἶνα
180 364 282 402 μάθητε
296 369 518 404 ταπεινοφρονεῑν.
553 362 594 394 *Η
615 365 660 394 καὶ
678 364 774 398 ἄλλως
794 366 827 395 Εἰ

36 410 79 449 μὲν
103 409 246 447 μαίνεσθαί
265 420 304 442 τις
329 411 400 447 ἡμᾶς
425 408 578 445 ὑποπτεύει,
602 410 676 449 παρὰ
691 411 761 439 Θεοῦ
782 409 827 438 τὸν

37 453 122 493 μισθὸν
154 453 337 493 ἐκδεχόμεθα,
371 453 438 493 ὑπὲρ
470 449 506 482 ὧν
542 453 586 482 ἐπὶ
619 457 672 487 τοῖς
703 454 828 488 τοιούτοις

37 498 242 536 ὑποπτευόμεθα·
259 499 281 527 εἶ
302 497 330 527 δὲ
354 499 498 538 σωφρονεῖν
522 500 637 536 ἡγεῖται,
659 498 736 532 αὐτὸς
759 500 828 528 ἄπο-

36 543 132 573 λαυέτω
156 545 204 579 τῆς
227 543 257 572 ἐκ
287 545 334 572 τοῦ
357 543 500 582 σωφρονεῖν
524 545 596 580 ἡμᾶς
619 543 758 582 ὠφελείας.
787 543 826 574 Ἢ

37 589 77 617 καὶ
100 589 197 621 ἄλλως
213 589 248 617 Εἰ
271 588 431 626 μαινόμεθα,
458 587 502 617 διὰ
526 588 570 617 τὸν
592 588 660 618 Θεὸν
678 588 827 626 μαινόμεθα

37 635 147 669 τοιαῦτα,
170 632 216 662 ἶνα
230 634 302 670 ἡμᾶς
328 633 401 672 αὐτῷ
426 633 658 671 παραστήσωμεν.
683 633 828 670 Ἐμαίνετο

38 678 61 707 δὲ
84 677 134 717 ἄρα
148 679 162 707 ὁ
185 679 295 710 Παῦλος
317 677 414 714 μανίαν
437 677 579 717 ἐρωτικὴν,
600 680 648 706 τοῦ
661 678 732 707 Θεοῦ
748 679 827 717 ἐρῶν,

39 722 78 751 καὶ
90 724 124 755 ὥς
136 721 252 761 ἐραστὴς
267 721 360 762 ἐκείνῳ
379 724 430 756 ζῶν
441 745 450 759 ,
467 723 504 762 τῷ
530 721 666 762 ἐρωμένῳ,
689 722 768 760 φημὶ,
784 722 828 752 καὶ

39 766 123 800 ἐκστὰς
139 768 247 805 ἑαυτοῦ,
262 767 306 796 καὶ
319 766 379 800 ὅλος
391 766 456 807 πρὸς
471 766 514 796 τὸν
530 766 599 796 Θεὸν
615 767 761 805 μεταστὰς,
783 767 829 796 καὶ

39 811 64 840 οὐ
83 810 129 845 τὴν
141 813 237 840 ἑαυτοῦ
253 812 304 846 ζῶν
318 811 400 850 ζωὴν,
423 810 493 840 ἀλλὰ
506 810 555 846 τὴν
570 813 615 840 τοῦ
629 812 762 851 ἐρωμένου
771 834 779 848 ,
794 813 830 846 ὡς

40 856 132 896 σφόδρα
147 856 277 895 ἐρωτικὴν
290 855 349 891 ἤτοι
372 856 526 894 ἀγαπητήν.
550 856 584 886 Εἰ
606 852 650 885 οὖν
674 856 828 895 ἐξέστημεν,

41 900 120 940 φησὶν,
134 902 234 937 αὑτῶν,
248 901 286 941 τῷ
309 901 372 941 Θεῷ
384 900 490 934 πάντως
511 899 669 939 ἐξέστημεν,
689 901 748 930 ἀντὶ
770 903 827 938 τοῦ,

41 945 79 974 διὰ
93 945 135 974 τὸν
146 945 226 976 Θεόν.

76 1049 86 1061 ι
99 1034 133 1065 Ἢ
146 1036 196 1075 γὰρ
210 1035 304 1074 ἀγάπη
319 1037 365 1064 τοῖ’)
379 1036 497 1074 Χριστοῦ
516 1036 542 1055 ⁷⁷
558 1034 662 1074 συνέχει
675 1036 757 1073 ἡμᾶς,
772 1035 831 1075 κρί-

40 1091 124 1114 ναντας
151 1082 241 1117 τοῦτο,
266 1079 306 1109 ὅτι
328 1081 350 1109 εἴ
384 1075 420 1113 εἶς
450 1080 517 1121 ὑπὲρ
545 1080 653 1110 πάντων
686 1080 827 1118 ἀπέθανεν,

41 1124 87 1165 ἄρα
110 1126 132 1154 οἱ
162 1125 261 1158 πάντες
297 1123 439 1154 ἀπέθανον·
473 1124 518 1154 ἵνα
553 1127 577 1154 οἱ
611 1127 706 1159 ζῶντες
734 1125 831 1164 μηκέτι

41 1169 131 1202 ἑαυτοῖς
142 1171 234 1208 ζῶσιν,
256 1169 325 1199 ἀλλὰ
347 1171 384 1209 τῷ
407 1169 473 1209 ὑπὲρ
496 1171 583 1199 αὐτῶν
604 1170 763 1198 ἀποθανόντι
785 1170 830 1199 καὶ

42 1213 171 1253 ἐγερθέντι.
197 1228 211 1240 ι
230 1213 268 1244 ¢H
295 1213 388 1252 ἀγάπη
413 1216 459 1243 τοῦ
481 1215 553 1244 Θεοῦ
569 1214 600 1250 ἢν
621 1213 773 1248 ἐπεδείξατο
794 1216 830 1248 εἰς

42 1260 114 1296 ἡμᾶς,
139 1260 247 1299 συνέχει
267 1260 339 1297 ἡμᾶς
363 1258 408 1288 καὶ
431 1261 542 1288 συνωθεῖ
563 1260 598 1291 εἷς
616 1258 646 1288 τὸ
670 1259 830 1288 κινδυνεύειν

44 1302 101 1343 ὑπὲρ
125 1304 221 1341 αὐτοῦ,
249 1306 327 1332 τοῦτο
351 1304 440 1336 καλῶς
462 1305 527 1343 παρ’
555 1305 657 1337 ἑαυτοῖς
678 1303 829 1343 κρίναντας,

43 1346 78 1376 ὅτι
92 1347 146 1377 ἐπεὶ
160 1348 292 1377 ἀπέθανεν
312 1347 378 1388 ὑπὲρ
399 1347 524 1383 πάντων,
541 1348 673 1387 πρόδηλον
700 1347 740 1377 ὅτι
760 1348 831 1376 ποίν-

44 1403 81 1425 τες
98 1388 160 1431 ’ἦμεν
179 1391 366 1430 ἄπολωλότες,
390 1391 436 1421 καὶ
463 1392 506 1422 διὰ
523 1395 599 1421 τοῦτο
619 1392 748 1421 ἀπέθανεν
766 1392 831 1432 ὑπὲρ

44 1437 89 1466 τῶν
115 1437 292 1467 ἀπολωλότων
319 1437 364 1467 καὶ
394 1437 634 1476 τεθανατωμένων,
665 1436 709 1466 ἵνα
737 1437 830 1476 ζωώσῃ

44 1482 114 1519 ἡμᾶς.
140 1481 217 1512 Ἐπεὶ
256 1477 300 1511 οὖν
327 1480 465 1518 ἔζώωσεν,
495 1483 544 1511 οὖκ
571 1482 710 1522 ὀφείλομεν
737 1482 828 1511 λοιπὸν

44 1526 134 1560 ἑαυτοῖς
155 1529 213 1566 ζῇν,
242 1527 299 1556 ἀλλ’
324 1527 416 1566 ἐκείνῳ
442 1526 516 1556 δι’ὃν
541 1528 636 1564 ζῶμεν·
654 1526 680 1559 ὃς
705 1528 734 1556 οὖ
751 1528 829 1565 μόνον

45 1571 161 1600 ἀπέθανεν
177 1571 246 1610 ὑπὲρ
261 1572 354 1609 ἡμῶν,
372 1571 441 1600 ἀλλὰ
464 1571 510 1600 καὶ
534 1572 648 1611 ἠγέρθη,
672 1571 718 1606 τὴν
739 1573 829 1611 ἀπαρ-

44 1615 88 1654 ῖὴν
102 1618 190 1653 ἡμῶν,
216 1616 353 1652 τουτέστι,
375 1615 405 1645 τὸ
421 1617 500 1645 αὑτοῦ
516 1618 595 1653 σῶμα
611 1617 647 1649 εἷς
661 1616 705 1645 τὸν
721 1617 829 1656 οὐρανὸν

46 1660 185 1699 ἀναγαγὼν,
210 1661 258 1690 καὶ
274 1659 316 1689 ἵνα
341 1662 412 1698 ἡμᾶς
432 1661 538 1693 πάντως
561 1661 694 1700 ἆναγαίγῃ.
711 1660 760 1694 Τίς
779 1660 830 1699 γὰρ

45 1703 103 1738 ὅλως
123 1704 198 1744 χρεία
214 1706 315 1734 ἐκεῖνον
331 1704 357 1724 ⁷⁸
368 1705 485 1733 ἀνελθεῖν
496 1727 505 1742 ,
526 1705 548 1734 εἰ
564 1705 601 1743 μὴ
618 1705 761 1743 ἐμέλλομεν
785 1705 831 1734 καὶ

46 1749 112 1785 ἡμεῖς
124 1751 174 1778 τῶν
188 1749 288 1788 ὁμοίων
313 1753 419 1789 τυχεῑν;
439 1749 524 1779 ’Ὠστε
550 1749 592 1778 καὶ
617 1749 683 1778 διότι
699 1749 830 1778 ἀπέθανεν

46 1792 104 1832 ὖπὲρ
118 1795 208 1831 ἡμῶν,
230 1793 276 1823 καὶ
299 1793 365 1823 διότι
385 1793 505 1828 ἐζώωσεν
526 1795 608 1831 ἡμᾶς,
625 1793 670 1823 καὶ
690 1793 755 1823 διότι
772 1793 831 1828 τοὺς

47 1838 191 1876 ἀρραϐῶνας
213 1841 281 1877 ἡμῖν
305 1840 352 1874 τῆς
376 1838 525 1879 ἀφθαρσίας
553 1838 666 1874 ἔδωκεν,
692 1838 830 1878 ὀφείλομεν

47 1882 109 1922 αὖτῷ
123 1884 177 1922 ζῇν,
194 1884 242 1913 καὶ
256 1882 315 1922 οὐχὶ
329 1884 387 1916 ταῖς
400 1884 500 1912 ἑαυτῶν
515 1882 676 1921 ἐπιθυμίαις.

81 1981 96 1998 ε
109 1969 192 2001 Ὥστε
211 1971 288 2008 ἡμεῖς
307 1971 360 2000 ἀπὸ
383 1973 428 2000 τοῦ
444 1973 490 2001 νῦν
515 1971 609 2001 οὐδένα
631 1971 741 2009 οἴδαμεν
761 1970 832 2000 κατὰ⁵

48 2014 135 2054 σάρκα.
153 2026 167 2044 ι
184 2016 264 2046 Ἐπεὶ
286 2016 383 2049 πάντες
402 2016 595 2050 θανατωθέντες
611 2016 662 2045 ὑπὸ
683 2018 728 2051 τῆς
743 2016 830 2054 ἁμαρ-

48 2058 112 2097 τίας,
127 2060 316 2096 ἀνεζωώθησαν
332 2061 383 2089 ὑπὸ
405 2063 450 2090 τοῦ
469 2061 584 2100 Χριστοῦ
604 2060 647 2089 διὰ
666 2063 711 2089 τοῦ
734 2059 832 2100 βαπτί-

49 2113 144 2141 σματος·
170 2105 278 2139 εἰκότως
298 2105 392 2134 οὐδένα
416 2105 536 2142 οἴδαμεν,
561 2105 636 2146 φησὶ,
657 2105 708 2133 τῶν
728 2106 830 2134 πιστῶν

49 2147 109 2176 κατὰ
132 2148 216 2188 σάρκα
242 2151 327 2184 ζῶντα
344 2149 382 2186 ⁷³,
408 2150 541 2187 τουτέστι,
558 2149 629 2179 κατὰ
649 2149 696 2184 τὴν
713 2149 830 2178 παλαιὰν

49 2191 88 2220 καὶ
101 2183 224 2232 σαρκίκὴν
249 2183 397 2225 πολιτείαν.
426 2183 604 2234 Πάντεςνγὰρ
628 2183 871 2233 τῷνῐινεύματιθ

50 2236 269 2276 ἀναγεννηθέντις,
291 2239 351 2268 νέαν
377 2239 421 2268 καὶ
443 2238 626 2278 πνευματικὴν
650 2238 718 2274 ζωὴν
735 2238 831 2278 μετέρ-

50 2289 141 2319 χονται.

85 2339 96 2352 ε
111 2328 143 2357 Εἰ
156 2328 182 2356 δὲ
196 2328 241 2357 καὶ
258 2327 412 2367 ἐγνώκαμεν
424 2328 494 2357 κατὰ
510 2328 597 2368 σάρκα
619 2328 750 2368 Χριστὸν,
764 2327 832 2358 ἄλλᾶ

51 2370 89 2398 νῦν
112 2372 194 2401 οὐκέτι
208 2372 383 2412 γινώσκομεν.
412 2386 424 2399 ι
441 2373 579 2402 Δείκνυσιν
609 2371 650 2402 ὅτι
671 2373 716 2402 καὶ
739 2372 833 2402 τούτου

51 2414 129 2452 αὐτοῦ,
150 2419 194 2446 τοῦ
214 2416 251 2455 μὴ
267 2417 336 2446 κατὰ
351 2417 438 2457 σάρκα
454 2419 517 2458 ζῇν,
533 2417 614 2457 φημὶ,
638 2417 757 2458 ἀρχηγὸν
773 2418 834 2457 ἔχο-

52 2469 92 2503 ιέεν
113 2460 154 2489 τὸν
177 2461 304 2501 Χριστόν·
321 2462 367 2491 καί
393 2473 489 2502 φησιν,
505 2462 544 2491 ὅτι
566 2463 599 2491 Εἰ
622 2462 696 2491 καὶὸ
721 2462 835 2503 Χριστὸς

52 2502 78 2546 ἦν
93 2514 150 2534 ποτε
163 2506 230 2535 κατὰ
246 2505 333 2545 σάρκα
343 2529 352 2546 ,
376 2506 446 2535 ἀλλὰ
467 2509 511 2536 νῦν
527 2506 615 2536 οὐκέτι
630 2506 697 2536 ἐστί.
721 2506 756 2537 Τί
771 2502 832 2544 οὖνς

52 2545 93 2581 τὴν
121 2549 203 2589 σάρκα
230 2549 359 2587 ἀπέθετο;
390 2550 437 2586 Μὴ
465 2550 574 2588 γένοιτοο
599 2551 634 2583 ὥς
661 2550 713 2590 γὰρ
740 2551 836 2586 ἀνελή-

53 2593 108 2636 φθη,
123 2593 190 2623 οὕτω
213 2594 240 2614 ⁸ο
256 2595 303 2624 καὶ
330 2594 474 2625 ἐλεύσεται.
500 2595 646 2636 Ἀνελήφθη
661 2595 688 2624 δὲ
714 2596 740 2624 ἔν
756 2595 834 2635 σαρκὶ

54 2634 92 2663 καὶ
112 2637 176 2675 μετὰ
193 2641 240 2669 τοῦ
257 2639 390 2678 σώματος.
406 2639 441 2670 Τί
456 2639 543 2669 τοίνυν
560 2634 653 2681 φησίν;
667 2637 734 2670 Ὀτι
758 2634 835 2678 ἡμεῖς

93 2716 166 2746 ‘Act.
183 2726 227 2754 ιν,
242 2722 284 2748 ιι.

881 275 980 308 cimus,
1005 283 1040 302 ne
1058 282 1106 302 vos
1126 275 1314 304 existimantes
1333 284 1384 304 nos
1410 285 1469 304 esse
1487 277 1561 311 viles,
1582 286 1678 314 asper-

882 319 984 347 nemini
1006 323 1034 347 et
1063 319 1189 355 pereatis.
1217 320 1276 348 Sive
1310 320 1486 349 moderatum
1513 322 1625 357 quidam
1649 328 1678 351 et

882 364 985 391 humile
997 363 1129 396 dicamus.
1152 369 1263 400 propter
1284 373 1343 399 vos,
1366 366 1404 393 uti
1431 366 1540 394 discatis
1563 367 1677 396 humilia

882 416 988 444 sapere.
1011 409 1058 437 Vel
1083 409 1179 436 aliter:
1196 409 1223 437 Si
1243 410 1304 445 quis
1324 418 1375 438 nos
1400 410 1490 438 furere
1512 412 1677 446 suspicetur,

882 461 897 481 a
926 456 983 482 Deo
1005 454 1161 482 mercedem
1182 455 1342 490 recipimus,
1368 463 1401 483 eo
1425 455 1497 491 quod
1522 455 1679 492 hujusmodi

881 499 1030 534 suspicioni
1040 499 1128 526 simus
1138 499 1264 534 obnoxii;
1276 500 1318 527 sin
1330 500 1438 528 sobrios
1454 508 1504 528 nos
1516 508 1576 528 esse
1589 504 1677 536 putet,

883 543 940 578 ipse
952 544 1051 579 pariter
1063 544 1181 572 utilitate
1192 552 1207 572 e
1226 545 1372 572 sobrietate
1387 549 1481 573 nostra
1499 546 1677 581 proveniente

884 587 1050 624 perfruatur.
1064 589 1113 616 Vel
1128 589 1208 616 aliam
1226 589 1261 616 ad
1282 590 1417 618 rationem
1439 599 1445 618 :
1462 591 1490 617 Si
1517 590 1676 624 insanimus,

883 633 933 660 Dei
956 641 1035 660 causa
1060 633 1095 660 ita
1116 633 1278 667 insanimus,
1294 638 1324 661 ut
1346 643 1395 661 vos
1411 635 1445 662 ad
1472 635 1561 670 ipsum
1580 635 1678 671 perdu-

883 685 987 705 camus.
1002 678 1155 706 Insaniebat
1165 679 1255 714 itaque
1279 679 1379 706 Paulus
1399 679 1562 707 amatoriam
1585 687 1680 716 quam-

882 722 945 750 dam
970 722 1117 755 insaniam,
1145 724 1234 750 Deum
1257 731 1370 757 amans,
1393 732 1425 751 ac
1442 724 1572 752 amatoris
1592 725 1678 752 instar

884 766 921 794 illi
936 767 1039 802 vivens,
1060 775 1158 803 nempe
1177 768 1316 802 adamato,
1338 773 1413 796 extra
1431 769 1550 804 seipsum
1572 774 1676 805 raptus,

882 819 914 839 ac
929 816 1004 840 totus
1021 812 1049 840 in
1066 814 1154 840 Deum
1165 813 1325 847 translatus,
1343 821 1394 841 nec
1405 821 1484 841 suam
1497 814 1580 850 ipsius
1595 814 1679 842 vitam

884 856 985 890 vivens,
1001 856 1047 884 sed
1060 857 1118 892 ejus
1133 865 1214 892 quem
1226 862 1311 890 amat,
1325 859 1491 886 amatoriam
1508 859 1596 894 plane,
1621 859 1679 887 sive

884 900 1013 929 dilectam
1029 906 1057 929 et
1073 901 1149 929 valde
1165 902 1287 930 charam.
1308 903 1335 930 Si
1351 903 1434 938 igitur
1451 912 1465 931 ει
1488 903 1569 931 nobis
1585 911 1679 932 exces-

884 945 983 980 simus,
996 946 1091 982 inquit,
1107 948 1164 974 Deo
1185 947 1298 975 omnino
1318 948 1498 980 excessimus,
1521 947 1549 976 id
1562 952 1615 983 est,
1628 948 1680 976 Dei

885 999 977 1018 causa.

918 1036 1002 1063 Vsus.
1020 1038 1062 1069 l4,
1081 1039 1124 1063 15.
1144 1047 1157 1060 ι
1175 1036 1298 1064 Charitas
1317 1037 1392 1065 enim
1407 1037 1507 1065 Christi
1526 1041 1605 1074 urget
1616 1045 1679 1071 nos,

885 1080 1052 1108 mstimantes
1063 1080 1126 1114 hoc,
1139 1082 1212 1117 quod
1223 1081 1246 1109 si
1261 1090 1332 1109 unus
1346 1090 1394 1117 pro
1407 1082 1536 1110 omnibus
1555 1087 1681 1110 mortuus

885 1129 937 1159 est,
961 1133 1025 1161 ergo
1046 1133 1142 1153 omnes
1165 1126 1266 1154 mortui
1287 1131 1367 1160 sunt;
1385 1131 1414 1154 ut
1436 1127 1481 1162 qui
1496 1127 1600 1161 vivunt,
1622 1127 1680 1163 jam

887 1178 943 1198 non
958 1170 1008 1197 sibi
1032 1170 1133 1204 vivant,
1155 1171 1202 1199 sed
1217 1172 1240 1199 ei
1260 1171 1306 1207 qui
1331 1180 1380 1207 pro
1395 1171 1459 1207 ipsis
1482 1177 1609 1200 mortuus
1630 1177 1681 1207 est,

885 1220 912 1242 et
924 1215 1078 1243 resurrexit.
1093 1227 1104 1240 η
1122 1216 1238 1243 Dilectio
1253 1216 1300 1244 Dei
1312 1225 1396 1252 quam
1410 1216 1534 1244 exhibuit
1546 1225 1609 1253 erga
1620 1225 1681 1251 nos,

886 1265 965 1296 urget
981 1268 1030 1288 nos
1048 1265 1076 1288 et
1095 1261 1235 1297 compellit
1248 1266 1278 1289 ut
1293 1262 1352 1297 ejus
1372 1269 1466 1289 amore
1484 1262 1601 1297 pericula
1618 1262 1683 1290 sub-

885 1313 991 1338 eamus,
1033 1305 1086 1333 hoc
1120 1306 1206 1342 probe
1242 1305 1315 1341 apud
1346 1314 1397 1334 nos
1417 1306 1582 1342 judicantes,
1608 1306 1683 1342 quod

886 1349 950 1385 quia
977 1354 1106 1378 mortuus
1128 1355 1170 1378 est
1189 1359 1238 1386 pro
1265 1350 1404 1386 omnibus,
1435 1351 1609 1386 perspicuum
1642 1354 1684 1379 est

885 1394 959 1430 quod
975 1403 1072 1423 omnes
1088 1395 1267 1431 perieramus,
1291 1403 1407 1431 eamque
1422 1395 1458 1423 ob
1474 1403 1586 1423 causam
1608 1403 1682 1424 mor-

884 1443 948 1467 tuus
963 1443 1006 1467 est
1024 1448 1073 1475 pro
1088 1440 1120 1467 iis
1134 1440 1179 1473 qui
1195 1441 1344 1476 perierant,
1360 1440 1540 1476 obierantque
1552 1444 1681 1474 mortem,

886 1488 916 1511 ut
938 1492 988 1512 nos
1008 1484 1166 1512 viviﬁcaret.
1191 1486 1329 1520 Quoniam
1354 1485 1435 1520 igitur
1458 1492 1509 1512 nos
1529 1485 1680 1518 viviﬁcavit,

883 1537 940 1556 non
961 1528 1094 1556 debemus
1119 1537 1202 1564 porro
1230 1530 1308 1557 nobis
1335 1530 1401 1565 ipsis
1422 1530 1523 1564 vivere,
1553 1529 1603 1557 sed
1631 1530 1682 1563 illi,

885 1577 996 1609 propter
1009 1581 1090 1609 quem
1112 1573 1256 1602 vivimus:
1283 1574 1330 1610 qui
1356 1573 1459 1602 nedum
1487 1579 1615 1602 mortuus
1640 1578 1684 1602 est

885 1626 934 1654 pro
958 1618 1046 1652 nobis,
1072 1626 1167 1646 verum
1184 1619 1267 1646 etiam
1293 1619 1452 1651 resurrexit,
1476 1619 1611 1654 primitias
1633 1627 1683 1646 no-

885 1667 965 1696 stras,
987 1663 1039 1690 hoc
1054 1667 1104 1697 est,
1125 1671 1226 1699 corpus
1253 1671 1332 1691 suum
1354 1663 1381 1691 in
1401 1663 1487 1691 caelos
1507 1663 1637 1696 referens,
1655 1667 1685 1691 ut

885 1708 996 1735 omnino
1011 1715 1062 1735 nos
1081 1708 1166 1736 etiam
1182 1716 1214 1736 eo
1230 1709 1370 1744 perducat.
1386 1708 1460 1744 Quid
1476 1709 1551 1736 enim
1571 1715 1684 1744 prorsus

886 1760 954 1787 opus
968 1757 1026 1780 erat
1040 1753 1117 1780 illum
1137 1752 1297 1787 ascendere,
1311 1753 1362 1780 nisi
1386 1761 1437 1780 nos
1451 1760 1561 1788 quoque
1583 1752 1683 1780 similia

885 1797 1057 1824 consecuturi
1079 1798 1221 1824 essemus?
1244 1797 1374 1831 Proinde,
1401 1797 1462 1832 quia
1487 1801 1614 1824 mortuus
1643 1800 1684 1824 est

887 1849 935 1876 pro
951 1841 1038 1874 nobis,
1071 1845 1098 1868 et
1124 1841 1186 1876 quia
1216 1841 1360 1868 viviﬁcavit
1385 1849 1447 1873 nos,
1470 1845 1498 1868 et
1520 1841 1582 1876 quia
1604 1841 1684 1869 nobis

884 1885 1052 1913 arrhabones
1067 1885 1330 1920 incorruptibilitatis
1344 1885 1427 1917 dedit,
1443 1885 1492 1920 ipsi
1501 1886 1530 1912 in
1542 1889 1684 1921 posterum

884 1929 1015 1957 debemus
1028 1929 1127 1964 vivere,
1142 1930 1214 1957 haud
1229 1930 1330 1957 nostris
1344 1929 1553 1965 cupiditatibus.

920 1975 1010 2002 Vsus.
1029 1977 1068 2002 16.
1081 1975 1199 2010 «Itaque
1212 1982 1261 2002 nos
1278 1982 1310 2002 ex
1332 1974 1384 2002 hoc
1401 1974 1541 2002 neminem
1554 1973 1683 2002 novimus

886 2019 1036 2047 secundum
1055 2027 1175 2047 carnem.
1202 2031 1215 2043 ν
1232 2020 1301 2055 Quia
1324 2027 1425 2047 omnes
1439 2019 1548 2046 occisia
1569 2022 1681 2054 peccato

886 2064 1043 2097 reviximus,
1058 2068 1086 2091 et
1096 2064 1223 2092 viviﬁcati
1231 2072 1327 2091 sumus
1338 2064 1469 2092 aChristo
1476 2072 1524 2100 per
1533 2064 1676 2099 baptisma,

886 2109 983 2136 merito
1005 2109 1146 2136 neminem
1166 2109 1293 2137 novimus
1308 2109 1440 2143 ﬁdelium,
1461 2109 1559 2145 inquit,
1578 2116 1678 2136 secun-

886 2152 954 2181 dum
980 2161 1090 2181 carnem
1116 2154 1260 2187 viventem,
1286 2153 1338 2181 hoc
1357 2158 1408 2187 est,
1421 2153 1499 2189 juxta
1519 2157 1637 2181 veterem
1654 2157 1682 2180 et

887 2199 1025 2226 carnalem
1043 2199 1140 2226 vitam.
1167 2200 1275 2226 Omnes
1304 2199 1376 2226 enim
1400 2198 1503 2233 Spiritu
1520 2197 1682 2234 regenerati,

886 2251 987 2271 novam
997 2247 1023 2271 et
1035 2243 1204 2279 spiritualem
1216 2243 1299 2271 vitam
1313 2242 1428 2271 ducunt.

924 2329 1005 2365 271
1022 2341 1034 2353 «ι
1051 2329 1108 2356 Etsi
1123 2329 1302 2365 cognovimus
1314 2328 1465 2356 secundum
1481 2335 1592 2356 carnem
1603 2328 1685 2356 Chri-

887 2379 972 2408 stum,
987 2373 1034 2401 sed
1049 2382 1122 2402 nunc
1135 2382 1189 2402 non
1204 2374 1342 2402 novimus.
1361 2385 1372 2398 ο
1386 2373 1495 2401 Iudicat
1510 2372 1585 2409 quod
1600 2374 1680 2401 Chri-

888 2423 963 2447 stum
984 2418 1083 2446 ducem
1105 2423 1132 2446 et
1154 2419 1303 2455 principem
1330 2418 1462 2446 habemus
1482 2418 1564 2455 hujus
1587 2418 1687 2453 ipsius,

889 2472 989 2500 nempe
999 2467 1029 2491 ut
1043 2463 1195 2492 secundum
1212 2471 1321 2491 carnem
1333 2471 1388 2491 non
1400 2463 1534 2497 vivamus,
1549 2463 1618 2496 Etsi,
1641 2463 1685 2490 in-

889 2509 996 2545 quiens,
1012 2509 1136 2536 Christus
1150 2508 1213 2536 olim
1228 2508 1380 2536 secundum
1399 2516 1511 2536 carnem
1524 2512 1591 2541 erat,
1613 2516 1686 2535 nunc

890 2558 983 2582 tamen
1005 2561 1061 2582 non
1088 2558 1139 2581 est.
1162 2553 1234 2589 Quid
1258 2553 1340 2581 inde?
1366 2561 1513 2581 carnemne
1540 2552 1686 2588 deposuit?

890 2599 1005 2627 Minime
1029 2607 1037 2626 :
1059 2606 1124 2626 nam
1146 2598 1383 2634 quemadmodum
1405 2601 1561 2632 assumptus
1575 2601 1626 2629 est.
1649 2596 1688 2624 sic

889 2644 974 2671 etiam
992 2643 1083 2672 veniet
1099 2644 1108 2660 ι
1122 2664 1128 2671 .
1146 2645 1314 2679 Assumptus
1331 2646 1371 2671 est
1386 2647 1480 2670 autem
1500 2641 1527 2669 in
1550 2647 1644 2674 carne,
1660 2644 1688 2668 et

730 2761 823 2790 Varia!
846 2761 999 2790 lectiones.

83 2819 102 2837 ⁷⁷
127 2823 186 2851 Θεοῦ
200 2833 227 2854 o.
263 2827 285 2844 ⁷⁸
299 2827 386 2863 ἃκείνῳ
399 2835 425 2856 0.
465 2827 487 2845 7”
501 2828 562 2854 ὄντα
576 2835 604 2856 o.
643 2827 665 2844 ⁸ο
679 2829 790 2858 τοιοῦτος
799 2835 826 2855 o.
