1867 3081
204 161 257 188 855

715 158 973 187 THEOPHYLACTI
990 158 1170 187 BULGARIE
1189 160 1344 188 ARCHIEP.
1791 164 1827 191 856

203 229 268 250 cum
280 227 409 257 corpore.
424 220 498 256 Quid
510 220 592 256 igitur
605 220 674 248 dicit
682 221 695 248 Ρ
706 220 786 255 Quod
803 229 855 249 nos
865 225 930 249 tunc
940 221 1000 257 qui-

1060 221 1102 251 ιὶν
1124 221 1183 264 τότε
1207 222 1338 262 λιτόμεθα
1357 222 1427 252 κατὰ
1450 222 1538 262 σάρκα
1553 224 1615 263 ζῆν,
1635 223 1699 252 ὅταν
1715 224 1740 253 ἐν
1760 224 1827 264 ἆμαρ-

203 265 267 295 dem
284 265 438 293 secundum
457 273 569 293 carnem
589 265 678 293 vivere
696 264 824 299 dicimur,
843 265 955 302 quando
974 265 1000 293 in

213 311 330 348 peccatis
351 309 487 337 fuerimus
500 320 506 337 :
518 314 634 346 tumque
648 318 703 338 non
722 310 872 338 secundum
888 317 1000 338 carnem

206 355 306 389 vivere,
321 353 432 390 quando
456 362 511 381 non
536 355 748 390 peccaverimus.
766 354 891 382 Christus
906 358 1001 382 autem

205 400 360 429 secundum
381 406 492 426 carnem
516 399 614 427 vixisse
634 399 743 432 dicitur.
771 399 880 435 quando
905 407 1003 427 secun-

205 445 272 475 dum
290 443 427 473 naturales
445 447 471 471 et
486 444 636 480 inculpatos
648 443 762 472 affectus
778 444 855 477 vixit,
871 443 1000 476 esuriens,

206 491 313 525 sitiens,
334 491 484 525 dormiens,
509 490 646 518 laborans.
661 490 740 517 Nunc
763 493 856 516 autem
877 496 935 516 non
960 492 1002 516 est

206 536 360 565 secundum
380 543 504 568 carnem,
527 534 581 562 hoc
597 538 649 567 est,
671 534 705 562 ab
725 533 766 561 bis
785 533 956 561 naturalibus
974 537 1005 561 et

206 581 351 616 inculpatis
375 579 568 608 affectionibus
600 579 728 607 liberatus
756 583 809 612 est,
836 578 1000 614 impassibile

204 630 232 654 et
245 625 400 653 immortale
412 633 512 660 corpus
524 624 643 656 habens;
658 628 689 651 ut
701 631 751 651 nos
763 631 881 658 quoque,
898 623 999 659 inquit,

205 670 314 699 abunde
333 670 441 704 doceat,
456 677 491 697 ne
502 668 616 696 ulterius
627 667 780 695 secundum
798 675 911 695 carnem
925 671 953 696 et
972 668 1000 695 in

204 714 322 751 peccatis
334 714 468 747 vivamus,
479 713 527 740 sed
538 713 689 740 secundum
704 712 838 747 spiritum.

242 759 332 787 Vens.
355 761 396 786 17.
411 770 424 782 ιι
442 759 538 794 Itaque
553 757 575 784 si
589 757 650 793 quis
665 757 692 784 in
705 757 825 789 Christo,
838 763 908 784 nova
925 764 1001 785 crea-

205 808 277 832 tura.
310 815 322 828 1
345 803 374 831 Si
392 803 452 839 quis
473 802 590 830 credidit
617 801 736 835 Christo,
763 801 790 829 in
811 801 894 828 aliam
921 801 1000 836 plane

205 853 357 877 creaturam
386 847 520 883 pervenit,
547 851 575 874 et
606 854 674 874 nova
698 849 822 874 creatura
852 846 919 873 facta
949 850 998 874 est.

205 894 267 922 Non
283 892 417 920 debemus
435 892 516 928 igitur
532 891 684 919 secundum
702 896 824 919 veterem
837 898 945 918 morem
960 891 999 918 vi-

205 947 279 967 vere.

243 995 256 1009 ε
277 985 373 1012 Vetera
392 983 570 1014 transierunt,
589 990 652 1010 ecce
669 990 738 1010 nova
758 981 830 1010 facta
849 986 914 1010 sunt
938 991 999 1011 om-

204 1029 259 1057 nia.
282 1041 295 1053 ι
323 1028 419 1064 Qualia
444 1030 551 1056 vetera?
569 1032 710 1063 peccatum
730 1031 758 1054 et
786 1027 906 1056 Judaicaa
927 1036 1002 1056 cerc-

205 1074 317 1102 moniaa.
343 1073 414 1100 Nam
436 1076 512 1100 vetus
543 1076 683 1108 peccatum
706 1072 848 1107 praeteriit,
876 1081 1000 1109 novaque

205 1117 284 1146 nobis
298 1118 401 1151 anima,
421 1121 449 1144 et
464 1125 567 1145 novum
588 1124 688 1152 corpus
703 1116 807 1144 factum
828 1121 880 1151 est,
899 1121 928 1145 et
952 1125 1000 1152 pro

203 1161 326 1191 Judaicis
340 1161 469 1189 omnibus
495 1169 564 1188 nova
589 1160 670 1188 nobis
697 1160 766 1187 facta
791 1165 855 1188 sunt
874 1161 965 1188 omnia
992 1169 998 1188 :

205 1214 255 1243 pro
271 1206 339 1242 lege,
367 1205 562 1241 Evangelium;
582 1213 631 1240 pro
654 1205 864 1241 Hierosolymis,
885 1206 998 1239 calum;

203 1259 255 1288 pro
275 1251 388 1287 templo.
411 1251 525 1278 interior
550 1250 670 1283 cortina,
693 1250 722 1277 in
746 1257 797 1285 qua
829 1254 1001 1278 sacrosancta

203 1295 324 1324 Trinitas
355 1305 364 1329 ς
394 1303 443 1331 pro
480 1295 698 1326 circumcisione,
732 1294 867 1330 baptisma
907 1306 914 1328 ς
951 1302 1001 1330 pro

204 1347 318 1374 manna,
343 1347 443 1375 corpus
464 1338 531 1372 Dei;
557 1346 606 1374 pro
630 1346 711 1374 aqua,
734 1339 844 1374 sanguis
870 1338 1000 1372 Domini;

211 1393 262 1421 pro
276 1385 350 1420 virga
369 1384 454 1412 Mosis
470 1383 512 1411 vel
531 1384 659 1417 Aaronis,
677 1391 759 1416 crux;
777 1391 827 1418 pro
846 1390 928 1419 agno,
953 1383 1003 1411 Fi-

204 1429 258 1458 lius
285 1429 354 1464 Dei;
374 1429 534 1464 _omniaque
565 1428 616 1456 alia
637 1427 765 1456 eamdem
799 1427 832 1455 ad
856 1428 1000 1456 rationem.

240 1519 333 1547 νιος.
351 1520 394 1545 18.
408 1528 420 1541 ι
433 1517 535 1545 Omnia
554 1520 646 1544 autem
657 1524 689 1544 ex
698 1517 768 1549 Deo,
782 1516 829 1551 qui
839 1516 1002 1544 reconcilia-

205 1564 244 1591 vit
261 1570 314 1590 nos
332 1561 435 1597 sibiipsi
449 1569 497 1597 per
508 1562 602 1588 Jesum
620 1560 772 1588 Christum.
786 1570 800 1586 ι)
816 1561 883 1589 Haec
906 1561 1002 1589 omnia

1057 266 1124 300 τίαις
1148 261 1221 304 ὦμεν
1237 278 1243 284 ·
1274 267 1320 296 καὶ
1341 267 1401 297 τότε
1426 267 1463 305 μὴ
1489 261 1539 305 νζῇν
1566 261 1637 297 κατὰ
1666 261 1826 307 σάρκαίὸτσν

1056 310 1094 349 μὴ
1118 311 1324 351 ἁμαρτάνωμεν.
1343 311 1378 342 ¢0
1403 312 1430 341 δὲ
1446 313 1561 352 Χριστὸς
1583 313 1656 342 κατὰ
1677 313 1760 353 σάρκα
1772 315 1827 353 λέγε-

1055 367 1099 384 ται
1116 358 1212 392 ζῆσαι,
1233 356 1274 386 ὅτε
1290 357 1359 386 κατὰ
1376 356 1407 386 τὰ
1432 357 1531 396 φυσικὰ
1548 358 1592 386 καὶ
1607 358 1758 394 eadem“
1771 361 1826 394 πάθη

1056 400 1113 437 ἔζη,
1130 403 1236 439 πεινῶν,
1254 402 1351 442 διψῶν,
1367 403 1468 438 ὃτι-νῶν,
1493 404 1601 431 κοπιῶν.
1630 404 1688 433 Νῦν
1707 402 1743 439 δὲ,
1759 403 1827 433 οὐκέτι

1056 446 1125 474 κατὰ
1162 447 1259 485 σάρκα’
1287 446 1418 483 τουτέστι,
1448 446 1548 476 τούτων
1576 448 1630 476 τῶν
1667 450 1776 486 φυσικῶν
1795 449 1828 477 καὶ

1057 489 1225 526 ἀδιαϐλήτων
1248 492 1405 529 ἀπηλλάγη,
1423 491 1522 525 ἀπαθὲς
1546 491 1592 521 καὶ
1612 491 1745 531 ἀκήρατον
1768 493 1828 531 σῶμα

1056 533 1144 574 ἔχων·
1159 534 1218 572 ἵνα,
1246 535 1328 576 φησὶ,
1351 536 1457 568 πάντως
1482 536 1526 564 καὶ
1549 537 1621 575 ἡμᾶς
1643 538 1674 565 ἐκ
1700 538 1827 575 περιουσίας

1056 579 1147 619 διδάξῃ
1175 579 1271 617 μηκέτι
1293 581 1340 619 ζῇν
1363 579 1433 610 κατὰ
1455 580 1559 621 σάρκα,
1580 581 1627 610 καὶ
1647 581 1825 621 ἁμιιρτητοιῶς1

1056 624 1125 654 ἀλλὰ
1139 625 1209 654 κατὰ
1221 626 1338 663 πνεῦμα.

1096 770 1108 782 ιι
1132 755 1220 786 ’Ὥστε
1239 756 1263 786 εἴ
1277 768 1315 789 τις
1329 757 1356 785 ἓν
1380 757 1499 796 Χριστῷ,
1516 756 1594 792 καινὴ
1620 757 1716 790 κτίσις.
1734 770 1746 783 ι
1762 757 1790 786 Εἴ
1801 769 1827 789 τις

1055 800 1191 830 ἐπίστευσε
1215 803 1252 842 τῷ
1269 801 1394 840 Χριστῷ,
1418 802 1454 834 εἰς
1467 801 1558 840 ἑτέραν
1575 801 1749 840 δημιουργίαν
1766 797 1826 838 ἦλθε,

1055 846 1101 874 καὶ
1115 846 1162 874 νέα
1177 845 1261 879 κτίσις
1281 845 1393 886 ἐγένετο,
1413 847 1472 876 Οὗκ
1496 845 1639 886 ὀφείλομεν
1659 842 1704 876 οῦν
1724 846 1784 876 κατὰ
1803 846 1826 874 τὰ

1055 889 1159 919 παλαιὰ
1177 892 1236 930 ζῇν.

1097 993 1111 1011 ι
1137 981 1180 1012 Τὰ
1207 983 1308 1022 ἀρχαῖα
1333 982 1476 1021 παρῆλθεν·
1501 980 1557 1010 ἰδοὺ
1583 981 1679 1021 γέγονε
1707 981 1738 1010 τὰ
1761 980 1826 1010 πάντι

1054 1026 1143 1056 καινά.
1164 1041 1174 1052 ιι
1191 1027 1261 1056 Ποῖα
1278 1027 1394 1066 ἆρχαῖα;
1415 1026 1468 1056 Καὶ
1483 1026 1517 1055 τὰ
1533 1028 1580 1061 τῆς
1595 1026 1743 1065 ἁμαρτίας,
1757 1026 1826 1054 nisi.

1055 1071 1199 1101 Ἰουδαϊκά·
1227 1070 1273 1101 καὶ
1296 1071 1347 1111 γὰρ
1370 1071 1416 1100 καὶ
1443 1071 1546 1100 παλαιὰ
1580 1071 1702 1110 ἁμαρτία
1724 1071 1825 1110 παρῆλθε,

1055 1116 1100 1146 καὶ
1116 1115 1194 1151 καινὴ
1218 1117 1283 1154 ἡμῖν
1299 1115 1387 1155 ψυχὴ,
1404 1115 1450 1144 καὶ
1465 1116 1555 1144 καινὸν
1578 1117 1660 1153 σῶμα
1684 1115 1778 1154 γέγονε¹
1796 1115 1827 1142 ιιι

1056 1161 1114 1190 ἀντὶ
1139 1162 1191 1190 τῶν
1215 1160 1371 1190 Ἰουδαϊκῶν
1403 1160 1529 1196 πάντων,
1557 1160 1640 1189 καινὰ
1668 1161 1732 1195 ἡμῖν
1755 1159 1828 1187 πάντα

1056 1206 1114 1235 ἀντὶ
1150 1207 1197 1234 τοῦ
1227 1205 1327 1243 νόμου,
1367 1205 1537 1243 Εὖαγγέλιον
1566 1204 1626 1233 ἀντὶ
1664 1203 1827 1242 Ἰερουσαλὴμ,

1055 1249 1173 1289 οὐρανός·
1198 1250 1256 1278 ἀντὶ
1271 1252 1334 1278 ναοῦ
1345 1272 1354 1286 ,
1370 1249 1400 1279 τὸ
1423 1248 1551 1288 ἐσώτερον
1581 1251 1628 1278 τοῦ
1646 1247 1828 1284 καταπετάσμα-

1055 1306 1113 1329 τος,
1140 1295 1166 1323 ἐν
1203 1289 1225 1334 ᾧ
1251 1296 1267 1330 ἡ
1296 1294 1388 1334 Τριάςο
1415 1294 1474 1322 ἀντὶ
1511 1294 1670 1333 περιτομῆς,
1705 1293 1826 1334 ﬁciuntur

1056 1339 1114 1368 ἀντὶ
1130 1341 1175 1368 τοῦ
1197 1339 1294 1378 μάννα,
1320 1340 1400 1376 σῶμα
1423 1339 1503 1368 Θεοῦ
1525 1339 1584 1367 ἀντὶ
1598 1340 1645 1367 τοῦ
1662 1338 1761 1374 ὕδατος,
1779 1331 1826 1372 αἷμα

1057 1383 1204 1414 Δεσπότου·
1246 1383 1304 1412 ἀντὶ
1342 1383 1440 1424 ῥάϐδου
1478 1382 1598 1415 Μωσέως
1627 1382 1646 1417 ἢ
1687 1381 1792 1421 Ἀαρὼν,
1819 1383 1826 1408 ἰ

1057 1428 1178 1467 σταυρός·
1206 1428 1263 1458 ἀντὶ
1286 1430 1332 1457 τοῦ
1358 1429 1455 1466 ἀμνοῦ,
1488 1427 1552 1460 Υἱὸς
1581 1428 1665 1457 Θεοῦ·
1692 1426 1736 1456 καὶ
1761 1425 1827 1454 πάντα

1056 1473 1142 1502 τᾶλλα
1156 1472 1291 1505 ὡσαύτως.

1101 1528 1116 1546 ιι
1131 1518 1157 1547 Τ
1159 1517 1175 1546 ὰ
1195 1517 1222 1546 δὲ
1239 1518 1327 1546 πάντα
1343 1517 1373 1546 ἐκ
1388 1517 1461 1546 Θεοῦ
1483 1519 1529 1546 τοῦ
1552 1515 1764 1549 καταλλάξαντος
1776 1515 1828 1551 ἡμᾶς

1057 1563 1143 1601 ἐαυτῷ
1166 1561 1208 1590 διὰ
1234 1562 1323 1596 Ἰησοῦ
1344 1562 1473 1601 Χριστοῦ.
1499 1572 1514 1590 n
1540 1561 1637 1591 Ταῦτα
1663 1560 1690 1590 δὲ
1713 1559 1790 1589 πάντα
1809 1558 1828 1586 ἓιί

203 1607 287 1635 nobis
297 1606 359 1634 data
374 1610 439 1633 sunt
449 1613 465 1633 a
483 1607 554 1636 Deo.
569 1605 614 1641 qui
629 1604 816 1632 reconciliavit
833 1613 884 1632 nos
898 1605 1000 1641 sibiipsi

1060 1607 1126 1635 Θεοῦ
1162 1608 1226 1643 ἡμῖν
1257 1605 1376 1643 δέδοται,
1409 1608 1455 1635 τοῦ
1490 1605 1756 1640 ἆποκαταλλάξαντος
1777 1605 1828 1639 ἡμᾶς

205 1659 254 1688 per
277 1650 501 1678 intercessionem
517 1650 576 1678 Filii
603 1649 645 1677 sui
657 1649 679 1677 '.
699 1650 764 1677 Non
787 1649 860 1677 enim
884 1658 933 1677 nos
951 1650 1000 1685 ipsi

204 1695 385 1729 occurrimus,
410 1693 459 1723 sed
480 1694 539 1731 ipse
562 1701 613 1722 nos
636 1694 741 1722 vocavit
755 1702 803 1730 per
816 1699 935 1722 mortem
955 1695 1001 1723 Fi-

205 1740 235 1769 lii
252 1739 306 1768 sui.

244 1795 258 1811 ι(
283 1785 320 1812 Et
331 1783 405 1813 dedit
423 1784 502 1813 nobis
525 1784 707 1812 ministerium
725 1783 962 1812 reconciliationis.
986 1795 1000 1810 »

205 1831 230 1859 Ο
241 1829 460 1867 profunditatem
480 1829 549 1858 clem
556 1829 636 1857 entia:
648 1828 747 1857 divinae
760 1830 766 1856 i
783 1829 852 1857 Cum
865 1830 940 1857 enim
952 1831 1001 1857 Pa-

204 1880 246 1904 ter
254 1880 282 1903 et
301 1875 401 1903 Filium
423 1882 506 1902 suum
521 1874 642 1910 legatum
665 1874 796 1907 misisset,
822 1882 942 1910 eumque
957 1882 1002 1902 oc-

203 1920 292 1948 cisum
310 1919 482 1955 conspicatus
508 1923 581 1946 esset
597 1918 632 1946 ab
659 1918 692 1946 iis
707 1919 753 1954 qui
782 1919 1002 1946 reconciliatione

204 1964 368 2000 indigerent.
386 1971 474 1999 neque
490 1963 528 1990 sic
548 1967 643 1990 tamen
663 1963 783 1999 neglexit
800 1963 936 1998 homines,
955 1971 1000 1991 ve-

205 2017 268 2037 rum
300 2008 487 2035 ministerium
521 2007 761 2041 reconciliationis,
792 2008 889 2044 inquit,
924 2007 1002 2036 nobis

206 2053 336 2088 apostolis
359 2052 415 2079 suis
443 2051 529 2084 dedit,
556 2055 588 2078 ut
619 2052 834 2087 circumeuntes,
864 2052 1002 2089 legatione

206 2097 353 2133 fungamur
371 2096 405 2124 ad
424 2104 471 2124 eos
486 2096 532 2133 qui
551 2104 566 2125 a
581 2097 637 2124 Deo
652 2096 819 2132 defecerunt,
844 2105 946 2133 eosque
967 2097 1002 2126 ad

207 2149 272 2171 eum
290 2142 483 2177 perducamus.

241 2188 330 2215 Vnns.
349 2189 389 2214 19.
412 2197 426 2211 u
440 2185 576 2223 Quoniam
590 2186 702 2222 quidem
715 2187 791 2215 Deus
807 2190 865 2214 erat
880 2187 908 2215 in
923 2187 1003 2216 Chri-

206 2235 250 2260 sto
263 2232 399 2259 mundum
408 2231 583 2259 reconcilians
591 2232 652 2264 sibi,
662 2240 718 2259 non
732 2232 872 2267 imputans
889 2233 928 2260 eis
943 2241 1003 2268 pec-

205 2280 264 2304 cata
278 2277 412 2312 ipsorum.
432 2288 444 2300 ιο
461 2277 541 2312 Quod
557 2284 609 2304 nos
630 2276 682 2304 sibi
696 2276 754 2311 ipse
777 2277 1002 2311 reconciliaverit,

207 2329 289 2357 supra
300 2322 379 2349 dixit.
390 2322 430 2349 Ne
441 2321 525 2355 272
532 2321 592 2356 quis
600 2321 682 2356 igitur
696 2321 769 2348 dicat
785 2332 791 2349 ;
806 2322 889 2357 Atqui
902 2323 1002 2351 Filium

206 2374 290 2395 suum
310 2366 385 2393 misit
399 2377 404 2392 ;
427 2373 502 2392 nunc
513 2366 553 2392 ait
564 2366 637 2400 quod
648 2366 747 2393 Filium
761 2366 870 2402 quidem
884 2367 1000 2401 miserit,

205 2414 458 2438 verumtamennon
465 2410 539 2437 solus
549 2409 632 2437 Filius
639 2410 808 2446 exhortatur,
816 2419 909 2439 verum
920 2413 1003 2440 etiam

205 2457 289 2484 Pater
308 2455 445 2482 mundum
466 2454 568 2489 sibiipsi
588 2455 771 2483 reconciliavit
787 2463 835 2491 per
860 2456 1002 2484 Christum

205 2499 268 2533 (hoc
278 2499 353 2526 enim
370 2502 412 2526 est
424 2499 500 2532 illud,
528 2510 541 2522 ι
558 2499 585 2526 in
599 2498 711 2527 Christo
734 2503 759 2533 ιο)
779 2504 940 2536 tantamque
954 2501 1003 2529 bo-

202 2543 318 2571 nitatem
333 2543 492 2572 liominibus
505 2544 636 2578 ostendit,
660 2549 691 2572 ut
705 2552 761 2572 non
774 2545 867 2573 solum
881 2553 935 2573 non
950 2554 1001 2582 pu-

201 2588 295 2622 nierit,
310 2596 406 2616 verum
420 2589 506 2617 etiam
524 2589 715 2617 reconciliatus
733 2590 768 2617 sit
783 2599 790 2617 :
817 2598 867 2618 nec
891 2594 1000 2619 tantum

201 2633 346 2667 dimiserit,
373 2633 423 2662 sed
444 2642 479 2662 ne
493 2634 670 2670 imputaverit
689 2634 802 2671 quidem
827 2639 947 2671 peccata.
971 2636 998 2664 Si

204 2678 282 2706 enim
308 2679 445 2707 rationem
468 2679 578 2716 exigere
611 2680 752 2714 voluisset,
779 2680 894 2709 omnino
927 2680 998 2716 peri-

198 2723 296 2752 issent.

246 2804 279 2831 “I
291 2804 369 2832 Joan.
387 2811 430 2838 rv,
444 2807 471 2832 7.

1056 1651 1141 1690 ἑαυτῷ
1167 1650 1210 1679 διὰ
1233 1652 1279 1687 τῆς
1302 1649 1435 1688 μεσιτείας
1457 1652 1504 1679 τοῦ
1528 1651 1594 1680 Υἱοῦ
1622 1651 1716 1680 αὐτοῦ.
1734 1649 1770 1679 Οὐ
1791 1647 1827 1685 γὰρ

1055 1697 1132 1733 ἡμεῖς
1156 1696 1228 1735 αὖτῷ
1246 1695 1480 1735 προσεδράμομεν,
1507 1695 1568 1724 ἀλλ’
1593 1695 1674 1729 αὐτὸς
1695 1697 1763 1734 ἡμᾶς
1780 1691 1826 1721 εκά-

1056 1740 1117 1769 λεσε
1131 1741 1174 1769 διὰ
1188 1743 1234 1769 τοῦ
1251 1740 1365 1769 Θανάτου
1384 1742 1430 1769 τοῦ
1447 1740 1523 1769 Υἶοῦ.

1099 1795 1114 1813 α
1135 1783 1189 1814 Καὶ
1216 1783 1304 1817 δόντος
1321 1785 1384 1821 ἡμῖν
1408 1784 1457 1819 τὴν
1482 1783 1617 1813 διακονίαν
1646 1785 1695 1819 τῆς
1718 1781 1826 1812 καταλλπ-

1055 1831 1114 1868 γῆς.
1143 1841 1155 1854 ι
1169 1827 1211 1858 Ὦ
1236 1829 1313 1867 βάθος
1330 1828 1544 1869 φιλανθρωπίαςῐ
1572 1828 1690 1868 Πέμψας
1711 1829 1758 1866 γὰρ
1777 1825 1824 1869 πρέ-

1057 1873 1122 1903 σϐυν
1138 1875 1153 1903 ὃ
1178 1873 1274 1912 Πατὴρ
1290 1868 1426 1909 τὸννΥἱὸν,
1444 1868 1501 1902 εἶτα
1525 1876 1614 1902 τοῦτον
1632 1873 1762 1913 σφαγέντα
1782 1868 1826 1898 ἰδὼν

1056 1918 1129 1958 παρὰ
1154 1920 1205 1947 τῶν
1238 1921 1285 1953 τῆς
1311 1918 1483 1958 καταλλαγῆς
1512 1917 1666 1956 δεομένων,
1691 1916 1747 1947 οὐδὲ
1767 1914 1826 1944 οὕτω(

1056 1963 1176 2000 ἠμέλησε
1199 1965 1251 1992 τῶν
1276 1962 1438 2003 ἀνθρώπων,
1464 1962 1532 1992 ἀλλὰ
1560 1962 1608 1998 τὴν
1640 1961 1768 1992 διακονίαν
1794 1959 1826 1991 τῆς

1057 2009 1229 2046 καταλλαγῆς
1265 2009 1341 2046 ἡμῖν,
1368 2007 1443 2046 φησὶ,
1471 2007 1525 2041 τοῖς
1557 2008 1714 2039 ἄποστολοις
1743 2005 1825 2039 ἔδιωιειἲ

1056 2050 1098 2081 ἵνα
1117 2052 1316 2092 περιερχόμενοι
1342 2051 1531 2091 πρισϐεύωμεν
1555 2052 1620 2091 πρὸς
1645 2051 1705 2084 τοὺς
1728 2047 1825 2079 ἀποστά-

1057 2108 1103 2131 τας
1116 2100 1160 2127 τοῦ
1177 2099 1259 2134 Θεοῦ,
1282 2097 1327 2126 καὶ
1343 2096 1520 2136 προσάγωμεν
1537 2095 1632 2130 αὐτοὺς
1647 2097 1730 2136 αὐτῷ.

1099 2197 1110 2208 π
1133 2183 1182 2217 ⁶Ως
1197 2183 1238 2213 ὅτι
1255 2182 1323 2216 Θεὸς
1338 2178 1369 2218 ἧν
1386 2183 1411 2211 ἐν
1428 2182 1539 2222 Χριστῷ
1563 2182 1664 2220 κόσμον
1680 2181 1760 2220 ἑαυτῷ
1775 2187 1824 2206 κατ’

1059 2227 1212 2264 αλλάσσων,
1235 2227 1272 2264 μὴ
1297 2227 1462 2265 λογιζόμενος
1485 2227 1572 2260 αὐτοῖς
1587 2226 1622 2256 τὰ
1646 2223 1824 2265 παραπτώματα

1059 2273 1158 2302 αὐτῶν.
1183 2284 1198 2300 ι
1231 2267 1312 2302 Εἶπεν
1343 2271 1407 2308 ἄνω,
1429 2270 1470 2299 ὅτι
1496 2271 1574 2305 αὐτὸς
1598 2269 1755 2306 κατήλλαξεν
1775 2268 1825 2301 ἡμᾶς

1058 2318 1152 2356 ἑαυτῷ.
1180 2316 1239 2347 Ἵνα
1265 2312 1308 2346 οῦν
1336 2316 1373 2354 μή
1400 2327 1438 2349 τις
1464 2315 1536 2355 εἴπῃ·
1568 2316 1621 2345 Καὶ
1644 2316 1697 2354 μὴν
1721 2314 1759 2342 τὸν
1778 2309 1822 2340 Υἱόν

1057 2361 1169 2402 ἔπεμψε·
1202 2364 1248 2391 ν’ὗν
1275 2373 1367 2400 φησιν,
1396 2361 1437 2390 ὅτι
1469 2361 1524 2390 Τὸν
1560 2361 1625 2391 Υἱὸν
1655 2360 1702 2399 μὲν
1732 2355 1822 2402 ἔπεμψε

1057 2400 1199 2447 πλὴν-οὐχ
1214 2408 1227 2435 ὁ
1249 2406 1311 2438 Υἱὸς
1334 2405 1410 2444 μόνος
1432 2405 1595 2444 παρεκάλει,
1617 2405 1686 2434 ἀλλὰ
1700 2402 1741 2432 καὶ
1754 2402 1766 2429 ὁ
1780 2400 1821 2447 lli.-

1056 2452 1106 2490 τὴρ
1133 2447 1165 2488 ἦν
1190 2451 1382 2481 καταλλάσσων
1402 2452 1474 2490 αὑτῷ
1496 2450 1539 2479 τὸν
1555 2449 1654 2488 κόσμον
1670 2448 1712 2477 διὰ
1725 2443 1821 2490 ΧριστοῨ

1057 2500 1134 2527 τοῦτο
1155 2496 1206 2536 γὰρ
1235 2496 1280 2531 τὸ,
1300 2506 1314 2523 α
1332 2496 1379 2526 Ἐν
1405 2496 1523 2534 Χριστῷ·
1550 2507 1562 2520 υ
1583 2495 1629 2524 καὶ
1647 2492 1768 2526 τοσαύτην
1785 2488 1820 2536 τοξί

1057 2542 1204 2582 ἀνθρώποις
1230 2541 1383 2580 ἀγαθότητα
1409 2539 1633 2578 ἐπιδεικνύμενος,
1657 2538 1722 2568 ὥστε
1745 2537 1769 2564 οὗ
1787 2531 1820 2582 μέ-

1056 2599 1097 2616 νον
1109 2580 1160 2617 οὐκ
1175 2587 1315 2624 ἐκόλασεν,
1337 2585 1406 2615 ἀλλὰ
1428 2585 1473 2614 καὶ
1495 2585 1663 2623 κατηλλάγη
1685 2581 1726 2612 καὶ
1744 2580 1768 2608 οὔ

1054 2643 1098 2661 νον
1114 2633 1227 2672 ἀφῆκεν,
1251 2622 1314 2660 ἀλλ’»
1337 2630 1397 2660 οὐδὲ
1419 2630 1559 2668 ἐλογίσατο
1573 2622 1818 2672 τὰςνᾶμαρτίαςίκαί

1052 2676 1103 2716 γὰρ
1130 2667 1162 2711 ἐὴ
1187 2675 1233 2705 καὶ
1257 2677 1280 2705 εἰ
1305 2676 1419 2711 ἠθέλησε
1441 2667 1535 2713 λόγους
1559 2674 1717 2710 ἀπαιτῆσαι,
1740 2667 1817 2697 πάντως

1052 2720 1084 2751 ἂν
1099 2720 1249 2751 ἀπώλοντο.
