1867 3081
26 183 72 209 857

459 181 632 210 EXPOSITIO
651 182 684 209 1N
705 182 807 210 EPIST.
828 183 853 211 ll
870 183 916 210 AD
936 183 1014 211 COR.
1036 197 1070 203 —
1090 182 1165 210 CAP.
1185 182 1218 208 V.

1602 180 1655 208 858

62 254 77 272 ε
94 243 144 273 Καὶ
158 242 263 282 θέμενος
275 244 302 272 ἐν
314 245 377 281 ἡμῖν
391 243 436 273 τὸν
449 243 527 283 λόγον
539 245 587 279 τῆς
600 245 782 284 καταλλαγῆς.
795 258 807 271 ι
821 275 822 278 η

899 256 915 270 ‹‹
934 246 970 273 Et
986 245 1078 280 posuit
1096 244 1124 272 in
1140 243 1221 271 nobis
1241 242 1357 271 verbum
1385 242 1622 271 reconciliationis.
1641 254 1653 267 ιι

27 287 100 318 Οὐδὲν
125 284 167 318 οῦν
195 287 316 327 φορτικὸν
342 287 366 306 ⁸⁴
390 289 451 325 ὑμῖν
478 293 562 318 ποιεῖν
587 289 736 329 ἐτάχθημεν
758 290 809 319 ὑπὸ

26 332 96 368 Θεοῦ,
130 332 198 361 ἀλλὰ
229 332 424 362 καταλλάσσων
453 334 520 370 ὑμᾶς
544 334 625 371 αὐτῷ.
654 333 733 364 Ἐπεὶ
758 333 810 374 γὰρ

27 376 86 414 ἐμοὶ,
114 376 209 416 φησὶν,
235 377 282 406 οὐκ
310 376 487 415 ἐπείσθησαν,
521 377 705 418 παραμείνατε
735 379 809 417 ὑμεῖς

26 421 242 461 παρακαλοῦντες,
259 420 308 455 ἕως
321 421 352 451 ἂν
367 421 488 458 πείσητε.

58 524 68 537 ι
82 510 165 550 Ὑπὲρ
190 512 308 551 Χριστοῦ
329 507 373 541 οὖν
401 512 595 552 πρεσϐεύομεν,
612 514 647 546 ὣς
672 516 719 543 τοῦ
736 514 807 544 Θεοῦ

26 557 229 595 παρακαλοῦντος
256 556 289 585 δι’
323 558 410 596 ἡμῶν·
441 557 553 595 δεόμεθα
584 557 649 597 ὑπὲρ
678 559 806 597 Χριστοῦ,

25 600 197 639 καταλλάγητε
210 603 248 641 τῷ
260 602 334 641 Θεῷ.
353 615 366 627 ιο
381 618 422 625 -
438 615 450 628 ιι
463 602 549 642 ’Υπὲρ
561 603 687 642 Χριστοῦ,
701 615 715 630 ιι
732 614 806 632 τουτ-

25 645 93 680 ἐστιν,
117 644 174 673 ἀντὶ
198 648 245 674 τοῦ
275 646 390 685 Χριστοῦ
416 646 610 685 πρεσϐεύομεν.
638 645 729 686 Ὀπιρ
754 647 805 687 γὰρ

24 688 119 725 ἔμελλεν
143 690 240 722 ἐκεῖνος
260 694 355 728 ποιεῖν,
376 691 454 727 ἡμεῖς
479 691 658 729 ἀνεδεξάμεθα
683 695 737 721 νῦν·
761 692 805 720 καὶ

24 732 102 772 ὥσπερ
127 734 158 762 δι’
183 734 283 764 ἐκείνου
303 735 449 774 παρεκάλει
472 738 544 774 ἡμᾶς
570 738 584 765 ὁ
604 735 713 775 Πατὴρ,
736 736 805 766 οὕτω

23 778 60 806 καὶ
71 781 112 821 νῦν
127 779 161 807 δι’
177 781 254 816 ἡμῶν
272 781 435 819 παρακαλεῖ,
451 778 494 808 ἵνα
511 781 700 818 καταλλαγῆτε
717 782 801 821 αὐτῷ.

23 822 71 851 Οὖιι
85 817 137 852 εἷπε
162 822 199 860 δὲ,
226 817 538 858 Καταλλάξατεγὲαυτοῖς
559 825 603 854 τὸν
626 817 708 863 Θεὸν,
729 817 802 861 ἀλλ’,

863 289 936 318 Nihil
962 290 1042 326 igitur
1068 289 1217 317 molestum
1231 291 1279 315 aut
1302 294 1452 315 onerosum
1469 287 1548 315 vobis
1565 287 1656 322 impo-

862 342 927 362 nere
940 334 1119 370 praecipimur
1134 341 1149 361 a
1164 334 1233 366 Deo,
1252 332 1301 360 sed
1314 336 1345 359 ut
1358 339 1406 360 vos
1421 331 1471 367 ipsi
1497 332 1657 360 reconcilie-

861 387 934 407 mus.
946 380 1015 414 Quia
1027 379 1100 407 enim
1115 378 1194 411 mihi,
1205 377 1302 413 inquit,
1317 384 1374 404 non
1393 375 1581 409 crediderunt,
1599 383 1656 412 per-

862 429 983 453 severate
1010 432 1058 452 vos
1082 423 1272 457 adhortantes,
1295 421 1430 458 tantisper
1455 421 1524 450 dum
1548 428 1658 457 persua-

861 469 962 498 seritis.

897 516 985 543 Vnus.
1005 517 1049 542 20.
1067 526 1079 538 ιι
1102 515 1156 542 Pro
1175 513 1282 541 Christo
1303 512 1386 548 igitur
1402 511 1539 548 legatione
1564 510 1655 546 fungi-

861 567 935 593 mur,
948 563 1079 595 tanquam
1096 559 1155 586 Deo
1167 557 1328 585 exhortante
1335 564 1384 592 per
1396 564 1458 584 nos.
1468 555 1655 583 Obsecremus

861 612 911 640 pro
935 604 1054 637 Christo,
1075 603 1287 631 reconciliamini
1303 603 1373 630 Deo.
1390 612 1403 625 ι
1419 616 1455 622 -
1468 612 1480 625 υ
1498 601 1552 628 Pro
1575 600 1654 628 Chri-

860 653 913 681 sto,
929 660 941 672 υ
956 648 981 676 id
999 652 1050 680 est,
1065 647 1166 676 Christi
1184 647 1243 675 loco
1265 645 1467 674 intercedimus.
1481 644 1563 680 Quod
1578 644 1652 672 enim

858 693 904 721 ille
917 692 1040 721 facturus
1054 697 1122 725 erat,
1143 700 1192 720 nos
1205 691 1376 727 suscepimus
1391 698 1467 718 nunc
1484 699 1492 718 :
1512 693 1540 717 et
1557 697 1652 726 quem-

859 737 1011 766 admodum
1027 745 1074 773 per
1093 737 1169 765 illum
1180 736 1376 764 adhortabatur
1403 743 1453 762 nos
1466 735 1557 767 Pater,
1575 734 1615 762 sic
1627 738 1654 762 et

857 790 930 810 nunc
955 790 1003 818 per
1024 790 1074 810 nos
1093 781 1262 814 adhertatur,
1291 784 1322 808 ut
1343 780 1392 815 ipsi
1421 779 1648 807 reconciliemini.

860 828 921 854 Non
928 826 994 854 dixit
1002 830 1107 858 autem,
1119 825 1301 853 Reconciliate
1314 824 1391 852 vobis
1401 823 1467 859 ipsis
1478 825 1580 858 Deum,
1592 823 1651 857 sed,

22 865 103 903 Ὑμεῖς
126 867 314 906 καταλλάγητε
343 868 424 908 αὐτῷ.
450 867 545 906 Ἱ“μ.εἷς
574 870 625 909 γὰρ
654 871 725 910 αὐτῷ
753 871 822 910 ἰχ-]

880 879 912 899 os
930 871 980 906 ipsi
994 870 1217 899 reconciliemini.
1233 871 1288 897 Vos
1301 870 1376 897 enim
1396 869 1489 896 hostes
1501 869 1561 904 ejus
1573 868 1648 902 estis,

23 911 134 949 θραίνετε·
159 913 257 946 ἐκεῖνος
281 911 309 942 δὲ
329 912 456 942 οὐδέποτε
483 915 556 952 ὑμῖν·
583 914 651 948 Θεὸς
678 914 729 954 γὰρ
757 914 802 944 καὶ

23 955 114 995 Πατήρ.
140 955 255 986 “Ωσανεὶ
278 957 306 986 δὲ
336 957 496 991 πταίσαντος
520 959 608 992 αὐτοῖς
632 962 678 989 τοῦ
713 961 802 995 Θεοῦ,

22 999 80 1029 οὕτω
92 1006 201 1030 ποιεῖται
225 1001 276 1038 τὴν
296 1001 460 1042 πρεσϐείαν,
480 1001 524 1032 ἵνα
548 1003 743 1044 συγχωρήσωσι
766 1006 803 1044 τῷ

23 1046 84 1084 Θεῷ.
110 1043 148 1075 *Ω
178 1047 294 1080 πλοῦτος
322 1047 519 1087 εὐσπλαγχνίας
549 1047 594 1077 καὶ
627 1043 801 1088 σῦγκαταϐάέ

23 1092 88 1122 om!

59 1145 72 1162 ιι
83 1135 132 1165 Τὸν
145 1135 196 1175 γὰρ
211 1135 252 1172 μὴ
267 1136 363 1175 γνόντα
378 1136 523 1176 ἁμαρτίαν,
538 1137 604 1177 ὑπὲρ
619 1139 695 1176 ἡμῶν
710 1138 802 1178 ἆμαρ-

22 1178 70 1208 τίαν
90 1180 223 1216 ἐποίησεν,
251 1179 294 1210 ἵνα
310 1183 386 1218 ἡμεῖς
400 1181 538 1219 γενώμεθα
564 1182 714 1218 δικαιοσύνη
730 1184 802 1213 θεοῦ

23 1224 44 1252 ἐν
56 1225 129 1263 αὐτῷ.
150 1239 162 1251 ι
177 1224 243 1254 Ἵνα
267 1225 305 1263 μὴ
329 1225 410 1264 λέγω,
436 1226 510 1266 φησὶ,
534 1226 619 1256 τᾶλλα
645 1227 745 1265 πάντα,
762 1227 802 1256 ὅτι

22 1268 141 1307 εὐεργέτην
166 1268 332 1307 ἠτιμάσατε,
357 1269 396 1299 ὅτι
420 1270 494 1304 δίκας
519 1272 566 1300 οὐκ
589 1272 737 1308 ἀπῄτησεν,
761 1272 802 1301 ὅτι

22 1314 109 1349 μᾶλλον
125 1314 200 1347 αὐτὸς
224 1315 330 1354 πρῶτος
351 1316 554 1354 καταλλαγῆναι
578 1314 673 1354 εἵλετο,
696 1316 742 1345 καὶ
767 1317 800 1346 δι’

21 1356 33 1385 ὃ
58 1357 154 1393 ἐποίησε
177 1361 223 1387 νῦν
253 1359 300 1387 οὐκ
324 1358 396 1392 ἄξιόν
420 1360 475 1388 ἐστι
503 1361 705 1400 καταλλαγῆναι
731 1362 801 1401 αὐτῷ

21 1402 94 1437 ὑμᾶς,
108 1402 143 1432 Τί
156 1405 252 1438 τοῦτο;
269 1401 334 1432 Ὀτι
347 1403 392 1432 τὸν
409 1403 473 1433 Υἷὸν
488 1405 568 1434 αὐτοῦ
592 1405 636 1434 τὸν
651 1404 689 1444 μὴ
705 1405 800 1444 γνϐντα

21 1446 149 1486 ἁμαρτίαν,
164 1447 300 1481 τουτέστι,
315 1447 359 1475 τὸν
377 1448 609 1485 αὖτοδικαιοσύνην
632 1449 710 1486 ὄντα,
733 1449 797 1489 ὗπὲρ

19 1491 83 1527 ἡμῶν
97 1491 199 1528 ἐποίησε
224 1493 314 1521 θανεῖν
338 1493 373 1525 ὡς
389 1492 549 1532 ἁμαρτωλὸν
572 1494 618 1522 καὶ
639 1496 797 1533 κακοῦργον.

856 916 915 952 ipse
930 923 994 943 vero
1019 923 1161 951 nunquam
1175 918 1262 942 vester
1275 923 1281 941 :
1295 913 1432 949 siquidem
1443 914 1516 940 Deus
1530 916 1557 940 et
1571 913 1651 940 Pater

855 964 905 988 est.
922 960 1005 994 Quasi
1025 967 1090 987 vero
1110 961 1183 987 Deus
1202 958 1348 986 adversum
1367 965 1415 985 eos
1435 957 1588 992 deliquerit,
1611 957 1650 985 sic

857 1013 905 1042 per
924 1005 1027 1040 legatos
1047 1004 1201 1037 intercedit,
1226 1007 1257 1031 ut
1274 1002 1434 1031 condonent
1456 1003 1526 1030 Deo.
1549 1002 1651 1030 Miram

857 1049 962 1085 pietatis
980 1053 1008 1077 et
1029 1048 1205 1085 indulgentia:
1221 1049 1276 1076 sive
1294 1046 1493 1075 humiliationis
1514 1046 1651 1083 magnitu-

856 1095 949 1123 dinem
962 1096 968 1122 ι

891 1140 982 1168 Vsus.
995 1142 1040 1167 21.
1052 1151 1066 1164 ι
1077 1141 1148 1167 Eum
1163 1138 1236 1166 enim
1243 1138 1288 1174 qui
1301 1141 1445 1173 peccatum
1460 1145 1516 1165 non
1526 1140 1649 1170 noverat,

857 1192 906 1219 pro
918 1184 998 1212 nobis
1011 1188 1152 1220 peccatum
1178 1183 1252 1217 fecit,
1271 1186 1301 1210 ut
1318 1190 1369 1210 nos
1387 1181 1560 1210 efﬁceremur
1573 1181 1653 1216 justi-

856 1228 891 1256 tia
908 1229 959 1256 Dei
976 1229 1006 1256 in
1018 1229 1087 1264 ipso.
1110 1240 1124 1253 ν
1141 1229 1182 1256 Ne
1195 1227 1358 1262 alia,inquit,
1372 1226 1464 1254 omnia
1479 1234 1651 1254 commemo-

852 1281 925 1308 rem,
944 1273 1017 1309 quod
1036 1273 1239 1301 benefactorem
1263 1276 1385 1299 vestrum
1410 1271 1560 1307 ignominia
1583 1269 1650 1299 affe-

855 1318 937 1350 cistis,
963 1318 1038 1354 quod
1060 1317 1209 1345 vindictam
1232 1317 1254 1345 is
1268 1325 1323 1344 non
1343 1316 1474 1352 exegerit,
1491 1315 1566 1351 quod
1593 1315 1650 1351 ipse

856 1362 960 1398 primus
982 1363 1072 1398 potius
1086 1362 1255 1390 reconciliari
1276 1361 1404 1394 voluerit,
1423 1368 1516 1388 nonne
1538 1364 1651 1396 propter

855 1406 882 1434 id
896 1406 969 1442 quod
979 1415 1052 1434 nunc
1064 1406 1140 1439 fecit,
1153 1414 1201 1434 vos
1216 1406 1267 1441 ipsi
1279 1405 1448 1434 reconciliari
1460 1405 1575 1441 dignum
1592 1407 1650 1433 est?

853 1451 992 1486 Quidnam
1016 1451 1108 1479 istud?
1122 1451 1203 1486 Quod
1223 1451 1324 1478 Filium
1345 1458 1427 1478 suum
1440 1449 1485 1485 qui
1505 1453 1648 1485 peccatum

852 1503 908 1523 non
927 1500 1020 1529 norat,
1038 1495 1091 1524 hoc
1110 1500 1161 1529 est,
1174 1495 1219 1531 qui
1239 1495 1296 1531 ipsa
1304 1495 1411 1530 justitia
1431 1498 1500 1528 erat,
1515 1502 1565 1522 ceu
1588 1501 1650 1530 pec-

21 1533 245 1585 -:[::1rrlxa:ra'puro¢
260 1536 341 1585 γὰρΠὸ
355 1538 521 1578 κρεμάμενος
538 1538 584 1585 ἐπὶ
598 1538 684 1572 ξύλου·
709 1552 722 1565 ν
737 1539 795 1575 καὶ,
813 1541 822 1571 4

880 1543 975 1568 ιῑοῐθιιι
1000 1548 1032 1568 ac
1061 1540 1235 1574 sceleratum,
1252 1547 1302 1575 pro
1320 1539 1398 1567 nobis
1420 1539 1506 1566 morti
1526 1538 1648 1566 tradidit.

21 1592 31 1603 ι
42 1579 108 1608 Μετὰ
122 1581 227 1619 ἀνόμων
245 1580 380 1620 ἐλογίσθη.
399 1593 412 1609 ι)
432 1582 486 1612 Καὶ
501 1583 548 1611 οὐκ
560 1579 642 1619 εἶπεν,
657 1583 696 1613 ὅτι
712 1583 800 1623 ἁμαρ-

20 1623 91 1652 τωλὸν
105 1625 237 1661 ἐποίησεν,
255 1626 336 1662 ἀλλὰ,
356 1638 370 1654 ιι
387 1625 540 1666 Ἁμαρτίαν·
558 1641 570 1654 υ
589 1627 652 1667 ὅπερ
671 1628 725 1657 ἐστὶ
741 1630 798 1666 μεῖ-

20 1669 55 1701 ζον
80 1667 136 1698 Ἵνα
154 1670 179 1698 τί
228 1671 236 1680 ’
327 1681 333 1687 ⁸
359 1670 371 1683 ⁸
487 1672 500 1679 ’”
649 1674 666 1681 ’⁸
770 1673 777 1683 ’

58 1692 64 1699 .
203 1682 335 1709 γενηται,
374 1673 419 1701 Ινα
435 1674 512 1710 ἡμεις
536 1672 727 1709 διχαιωθωμεν·
750 1684 798 1702 ουκ

20 1711 41 1745 ἐξ
61 1712 137 1752 ἔργων
161 1714 260 1752 νόμου,
287 1715 346 1744 ἀλλ’
369 1716 400 1744 ἐκ
424 1717 470 1750 τῆς
502 1716 610 1756 χάριτος
640 1720 685 1746 τοῦ
714 1718 794 1748 Θεοῦ.

19 1757 92 1787 Τοῦτο
112 1759 161 1798 γάρ
187 1761 260 1789 ἐστιν
289 1761 305 1795 ἡ
330 1762 375 1789 τοῦ
399 1761 470 1790 Θεοῦ
497 1761 658 1797 δικαιοσύνη,
678 1761 740 1791 ὅταν
759 1775 797 1796 τις

18 1801 97 1840 χάριτι
121 1803 344 1847 δικαιωθῇ,“ϐταν
379 1805 497 1844 μηδεμία
525 1806 600 1841 κηλὶς
626 1808 728 1847 εὑρεθῇ·
754 1807 797 1836 διὰ

18 1849 83 1877 τοῦτο
102 1846 151 1887 γὰρ
173 1848 233 1878 οὐδὲ
261 1843 344 1885 εἶπεν,
359 1847 421 1879 Ἵνα
436 1849 574 1889 γενώμεθα
587 1843 795 1889 δίκαιόιίᾶλλὰ,

19 1903 30 1943 ξ
47 1892 202 1965 λιέἱιιιαιοονὺνη
229 1894 322 1931 Θεοῦ,
339 1906 354 1923 u
372 1894 420 1930 τὴν
441 1894 589 1935 ὑπερϐολὴν
613 1897 660 1932 τῆς
689 1896 796 1937 χάριτος

19 1944 44 1965 οη
81 1948 101 1965 ν.

19 1937 101 1972 δηλῶν.

283 1983 429 2014 ΚΕΦΑΛ.
451 1984 502 2022 ς’.

53 2059 65 2074 ι
82 2048 270 2088 Συνεργοῦντες
285 2048 311 2079 δὲ
327 2050 373 2080 καὶ
388 2051 599 2089 παρακαλοῦμεν
613 2073 621 2088 ,
637 2050 675 2090 μὴ
696 2053 732 2085 εἷς
747 2064 793 2081 κε-

19 2090 53 2119 νὸν
73 2093 118 2127 τὴν
137 2094 214 2133 χάριν
238 2097 285 2124 τοῦ
305 2095 376 2124 Θεοῦ
403 2095 526 2129 δέξασθαι
551 2098 627 2134 ὑμᾶς.
655 2109 668 2122 ι»
692 2098 795 2136 Συνερ-

18 2137 99 2180 γοῦμεν
113 2139 194 2176 ἡμεῖς,
214 2139 293 2179 φησὶ,
309 2140 355 2169 καὶ
371 2141 432 2178 ὑμῖν
448 2142 493 2169 καὶ
512 2141 549 2180 τῷ
565 2141 636 2180 Θεῷ·
659 2144 719 2180 ὑμῖν
737 2141 794 2180 μὲν,

17 2177 52 2208 ἵνα
69 2184 172 2218 σωθῆτεε
200 2185 240 2224 τῷ
262 2186 325 2223 Θίῷ
340 2184 379 2219 δὲ,
396 2185 432 2217 εἶς
449 2185 480 2214 τὸ
503 2186 644 2224 πληρῶσαι
658 2186 688 2215 τὸ
714 2187 792 2215 αὐτοῦ

855 1596 869 1609 α
891 1585 1051 1613 Maledictus
1071 1585 1144 1613 enim
1164 1585 1212 1620 qui
1237 1584 1337 1620 pendet
1363 1591 1397 1611 ex
1428 1583 1503 1619 ligno
1522 1588 1543 1616 ',
1568 1594 1582 1608 ιι
1609 1587 1647 1615 et,

854 1640 868 1654 ι
889 1630 960 1657 Cum
983 1630 1084 1665 iniquis
1102 1633 1243 1665 reputatus
1259 1632 1301 1657 est
1317 1631 1337 1656 ‘.
1361 1639 1374 1652 υ
1398 1629 1453 1655 Nec
1468 1627 1548 1659 dixit,
1572 1627 1647 1663 quod

852 1678 1024 1709 peccatorem
1039 1674 1144 1707 fecerit,
1171 1674 1229 1707 sed,
1245 1685 1258 1697 α
1273 1675 1430 1704 Peccatum,
1450 1684 1462 1697 ι
1475 1671 1550 1707 quod
1581 1679 1639 1699 ma-

848 1718 895 1753 jus
905 1722 954 1746 est.
972 1719 1028 1746 Cur
1043 1718 1114 1746 istuc
1135 1718 1255 1746 factum?
1266 1719 1306 1746 Ut
1321 1725 1372 1745 nos
1379 1717 1574 1753 justiﬁcemur,
1586 1723 1642 1744 non

851 1770 884 1790 ex
896 1763 1024 1798 operibus
1038 1763 1117 1798 legis,
1134 1763 1181 1790 sed
1196 1771 1228 1790 ex
1243 1763 1331 1798 gratia
1351 1762 1409 1789 Dei.
1425 1763 1492 1789 Haec
1512 1761 1587 1789 enim
1603 1765 1644 1788 est

851 1807 898 1834 Dei
909 1807 1025 1842 justitia,
1037 1815 1101 1834 cum
1116 1806 1176 1842 quis
1193 1807 1278 1842 gratia
1286 1806 1451 1842 justiﬁcatus
1470 1805 1563 1838 fuerit,
1579 1813 1643 1832 cum

849 1851 940 1879 nullus
955 1851 983 1879 in
1004 1859 1036 1878 eo
1066 1858 1170 1883 naevus,
1200 1850 1307 1878 nullave
1335 1850 1441 1877 macula
1476 1850 1642 1877 inveniatur.

850 1896 998 1931 Propterea
1012 1895 1086 1923 enim
1102 1903 1158 1922 non
1171 1894 1249 1928 dixit,
1264 1895 1298 1922 Ut
1311 1893 1466 1922 efﬁciamur
1477 1893 1540 1929 justi
1557 1902 1564 1920 :
1580 1892 1641 1927 sed,

851 1951 865 1965 ι
881 1939 992 1969 Justitia
1008 1940 1069 1974 Dei,
1084 1950 1098 1964 ι»
1112 1940 1207 1976 gratia:
1218 1938 1407 1967 excellentiam
1420 1938 1578 1966 ostendam.

1152 1994 1272 2022 CAPUT
1287 1994 1334 2022 VI.

885 2057 975 2085 Vnns.
1004 2068 1016 2080 ει
1041 2057 1227 2092 Cooperantes
1241 2059 1332 2083 autem
1353 2055 1437 2083 etiam
1452 2054 1641 2089 exhortamur,

848 2109 882 2129 ne
901 2102 928 2129 in
949 2109 1066 2129 vacuum
1081 2101 1200 2137 gratiam
1226 2101 1277 2128 Dei
1296 2100 1440 2136 recipiatis.
1466 2111 1478 2124 ιι
1503 2100 1642 2135 Coepera-

849 2153 922 2179 mur,
942 2147 1042 2182 inquit,
1059 2154 1108 2173 nos
1127 2150 1154 2173 et
1172 2145 1248 2174 vobis
1261 2149 1289 2173 et
1302 2146 1361 2172 Deo
1379 2154 1386 2172 :
1415 2144 1490 2172 vobis
1517 2144 1641 2180 quidem,

848 2195 880 2218 ut
893 2191 1057 2223 servemini;
1075 2190 1158 2225 273
1169 2191 1226 2217 Deo
1241 2193 1343 2222 autem,
1355 2193 1386 2217 ut
1397 2189 1564 2216 voluntatem
1581 2189 1641 2225 ejus

18 2224 114 2263 θέλημα,
138 2228 274 2264 τουτέστι,
294 2228 325 2257 τὸ
349 2230 433 2258 σῶσαι
446 2231 526 2267 ἡμᾶς·
551 2229 596 2259 καὶ
621 2230 822 2270 παρακαλοῦ-Ι

880 2235 1025 2271 tpleamus,
1044 2224 1100 2263 hoc
1108 2224 1169 2268 iest,
1191 2239 1221 2262 ut
1240 2242 1287 2262 vos
1302 2234 1391 2261 salvos
1414 2233 1562 2261 reddamus
1578 2224 1642 2261 :Vet

20 2279 58 2304 μεν
84 2271 135 2300 ἀντὶ
165 2275 210 2301 τοῦ
246 2273 375 2312 Χριστοῦ,
402 2275 465 2313 ἄχρι
494 2276 540 2307 τῆς
563 2274 686 2312 δευτέρας
713 2275 792 2304 αὐτοῦ

18 2315 158 2359 παρουσίας,
180 2317 226 2346 καὶ
248 2317 297 2351 ἕως
318 2317 350 2347 ἂν
365 2313 436 2354 ὦμεν
453 2319 480 2346 ἐν
503 2320 540 2358 τῷ
562 2319 620 2359 βίῳ,
635 2318 679 2348 ἵνα
699 2319 736 2357 μὴ
755 2322 790 2353 εἷς

17 2357 78 2405 κενὸν
99 2360 200 2396 δέξησθε
223 2361 271 2397 τὴν
295 2363 373 2402 χάριν
398 2365 444 2391 τοῦ
460 2357 542 2394 Θεοῦ.
567 2357 603 2405 ΤΞ
629 2363 679 2403 γὰρ
699 2364 790 2405 ὄφελος

16 2401 135 2442 ἆμαρτιῶν
160 2407 347 2445 ἀπαλλαγῆναι
373 2407 464 2447 χάριτι
488 2407 554 2447 θείᾳ,
577 2401 639 2437 εἶτα
649 2401 729 2437 πάλιν
751 2410 789 2438 οἰ-

14 2447 62 2493 λείᾳ
76 2449 184 2489 ῥᾳθυμία
204 2451 302 2481 τούτων
324 2453 492 2489 πλησθῆναι;
511 2452 600 2482 Πάλιν
624 2453 675 2492 γὰρ
695 2453 788 2493 ἔχθρα,

16 2491 52 2537 καὶ
69 2496 142 2527 κενῶς
163 2495 254 2525 λοιπὸν
286 2496 388 2535 ἐγένετο
416 2499 432 2533 ἡ
459 2498 536 2537 χάρις
563 2498 599 2530 εἰς
632 2491 788 2536 ἡμᾶςξ-Μὴ

15 2535 84 2565 τοίνυν
98 2539 221 2576 νομίσητε
240 2541 280 2570 ὅτι
303 2541 331 2570 τὸ
355 2544 515 2578 πιστεῦσαι,
538 2544 616 2572 τοῦτο
641 2541 718 2580 μόνον
733 2543 789 2572 ἐστὶ

16 2582 164 2622 καταλλαγὴ,
179 2584 248 2614 ἀλλὰ
270 2585 316 2614 καὶ
331 2585 465 2620 πολιτείας
479 2586 566 2626 χρεία.

48 2636 59 2670 ν
75 2627 147 2667 Λέγει
158 2629 210 2668 γάρ
222 2641 229 2647 ·
246 2630 338 2670 Καιρῷ
353 2631 438 2670 δεκτῷ
459 2631 595 2665 ἐπήκουσά
611 2642 676 2669 σου,
699 2633 744 2662 καὶ
761 2633 786 2661 ἕν

15 2668 88 2710 ἡμέρᾳ
100 2673 228 2712 σωτηρίας
249 2668 384 2711 ἰϐοήσησοί
406 2668 467 2704 σοι’
491 2675 547 2705 ἰδοὺ
561 2679 606 2706 νῦν
626 2668 717 2716 καιρὸς
741 2677 785 2706 εὖ-

48 2737 140 2766 'Dcut.
158 2747 224 2775 χχι,
240 2744 266 2769 8.
308 2742 383 2770 xlea.
405 2749 518 2778 χχχιιι,
536 2746 579 2771 12.

847 2279 956 2308 Christo
971 2279 1031 2307 loco
1042 2279 1077 2308 ad
1089 2279 1243 2307 secundum
1260 2287 1346 2314 usque
1362 2278 1510 2306 adventum
1525 2278 1597 2313 ejus,
1609 2285 1640 2306 ac

845 2324 976 2360 tantisper
996 2324 1063 2352 dum
1083 2324 1242 2357 vixerimus,
1257 2323 1410 2356 hortamur,
1436 2331 1471 2350 ne
1493 2322 1520 2350 in
1535 2330 1640 2351 vanum

844 2369 994 2404 suscipiatis
1004 2369 1120 2405 gratiam
1133 2368 1190 2396 Dei.
1207 2368 1276 2404 Quid
1293 2367 1369 2396 enim
1388 2366 1498 2403 prodest
1512 2375 1526 2394 a
1542 2375 1641 2403 pecca-

844 2414 880 2441 tis
901 2413 988 2441 divina
1004 2413 1089 2449 gratia
1105 2413 1228 2447 liberari,
1245 2412 1343 2441 deinde
1357 2420 1454 2440 rursus
1467 2412 1499 2439 iis
1519 2419 1566 2447 per
1581 2419 1642 2448 pro-

845 2458 932 2494 priam
947 2458 1101 2486 socordiam
1123 2458 1250 2493 impleri?
1273 2458 1380 2485 Rursus
1399 2457 1474 2484 enim
1497 2456 1639 2484 inimicitia

844 2503 976 2536 nascitur,
1005 2507 1033 2531 et
1052 2503 1137 2540 gratia
1163 2502 1214 2530 Dci
1229 2510 1292 2538 erga
1315 2510 1365 2530 nos
1387 2502 1514 2538 deinceps
1538 2501 1637 2529 frustra

844 2548 882 2576 ﬁt.
900 2549 940 2576 Ne
954 2548 1051 2584 igitur_
1062 2547 1236 2581 existimetis,
1256 2547 1331 2583 quod
1350 2555 1426 2575 mera
1446 2546 1514 2574 ﬁdes
1535 2546 1572 2574 sit
1596 2554 1639 2573 re-

842 2593 1006 2626 conciliatio,
1021 2600 1116 2620 verum
1128 2592 1183 2620 vita
1198 2591 1279 2619 etiam
1289 2596 1332 2619 est
1346 2591 1510 2619 necessaria.

877 2638 966 2665 Vsns.
977 2640 1004 2664 2.
1016 2648 1028 2661 ι
1045 2637 1172 2665 Aitenim
1182 2638 1216 2657 1-⁵
1231 2638 1385 2672 :Tempore
1396 2639 1506 2670 accepto
1521 2634 1634 2662 exaudi-

842 2682 868 2709 vi
881 2685 919 2716 te,
931 2685 959 2710 et
970 2681 1103 2710 indiebus
1115 2681 1212 2709 salutis
1221 2680 1313 2716 adjuvi
1326 2684 1362 2708 te.
1380 2681 1449 2708 Ecce
1468 2687 1543 2706 nunc
1557 2682 1628 2706 tem-

633 2748 663 2764 “
679 2744 732 2772 lsa.
755 2751 778 2778 ι,
792 2747 840 2773 49.

690 2793 787 2823 Variae
809 2793 960 2825 lectiones.

43 2823 59 2841 ⁸¹
70 2829 162 2861 φρικτόν
177 2837 216 2858 In.
