1867 3081
231 169 282 196 8⁵9

763 163 1021 192 THEOPHYLACTI
1041 163 1220 191 BULGABIIE
1237 162 1396 192 ARCHIEP.
1802 169 1835 195 ω

230 237 281 266 pus
295 228 471 265 acceptabile,
484 235 548 256 ecce
561 234 638 255 nunc
652 226 711 255 dies
719 226 825 255 salutis.
843 238 855 251 ι
870 226 1023 262 Qualenam

1093 225 1240 266 ιρόσδεκτος
1251 247 1260 262 ,
1276 225 1330 255 ἰδοὺ
1346 228 1391 256 νῦν
1406 225 1494 266 ἡμέρα
1516 226 1664 267 σωτηρίας.
1678 238 1693 257 n
1709 229 1779 262 Ποῖος
1793 241 1834 259 ιιι-

231 279 341 310 tempus
364 273 547 309 acceptabile?
568 272 683 303 Gratiae.
706 272 736 299 in
757 279 811 307 quo
835 275 877 299 est
899 271 1026 299 remissio

232 323 420 356 peccatorum,
440 317 609 353 justitiaque
630 316 861 345 subministratio.
885 316 962 345 Istud
987 320 1029 344 est

232 363 400 400 acceptabile
415 367 534 398 tempus,
554 362 585 389 in
596 369 652 397 quo
669 368 722 389 nos
735 362 811 389 Deus
825 360 931 396 recipit,
946 368 1026 388 exau-

231 409 329 445 ditque
352 416 415 442 nos,
435 411 462 435 et
475 410 575 436 servat.
591 405 689 434 Judicii
704 406 778 434 enim
791 409 916 441 tempore
938 413 1028 442 neque

232 454 371 488 exaudiet,
390 460 481 488 neque
493 451 642 488 adjuvabit,
664 459 755 487 neque
767 451 895 478 servabit.
922 451 954 478 In
976 450 1029 478 hoc

233 499 328 535 itaque
362 498 458 534 gratiae
483 501 610 532 tempore
635 500 741 524 certare
768 495 918 530 debemus;
948 495 1029 523 facile

231 550 353 580 namque
364 549 543 578 assequemur
557 541 681 577 prmmia.

266 635 357 662 Vsus.
371 636 399 661 3.
417 644 429 657 α
447 632 558 660 Nullam
570 631 625 659 ulla
639 631 669 659 in
681 639 710 659 re
724 631 822 659 dantes
833 629 1030 664 offensionem,

234 683 266 708 ut
276 687 333 707 non
347 679 515 714 vituperetur
530 676 717 704 ministerium
738 679 874 704 nostrum.
892 687 904 700 -
918 675 1030 704 Adhor-

237 728 340 756 tamur,
369 722 466 758 inquit.
491 725 519 750 et
542 729 735 757 cooperamur.
761 720 925 755 Quomodo?
953 720 1028 748 Citra

234 767 417 797 offensionem
431 767 563 795 viventes.
586 768 636 794 Per
661 766 826 793 narrationis
839 769 932 792 autem
954 764 1028 792 ordi-

233 821 299 842 nem
308 812 439 846 consulit,
450 815 481 840 ut
492 815 520 840 et
533 811 583 846 ipsi
598 811 676 838 illum
687 810 858 838 intueantur.
873 810 920 837 Sic
938 810 1024 841 enim,

1084 270 1126 310 ρὸς
1154 271 1360 310 εὖπρόσδεκτος;
1387 271 1422 302 Ὁ
1450 273 1498 307 τῆς
1524 271 1653 312 χάριτος,
1681 273 1707 302 ἐν
1731 269 1751 314 ᾧ
1775 274 1834 314 ἄρξαις

1083 316 1303 355 ἁμαρτημάτων,
1330 315 1376 357 καὶ
1403 316 1572 353 δικαιοσύνης
1594 317 1721 357 χορηγία.
1748 314 1834 352 Οὗτοςό

1083 361 1172 394 δεκτὸς
1187 361 1276 400 καιρὸς
1287 383 1294 396 ,
1310 361 1336 390 ἰν
1351 356 1373 401 ᾧ
1398 360 1504 401 δέχεται
1524 362 1600 400 ἡμᾶς
1610 356 1725 399 νόνΘεὸς,
1744 363 1782 392 καὶ
1793 365 1836 392 in-

1083 405 1154 435 κούει
1178 407 1271 444 ἡμῶν,
1298 405 1344 434 καὶ
1369 405 1456 440 σώζει.
1484 405 1533 436 Ἐν
1558 406 1614 446 γὰρ
1640 408 1679 446 τῷ
1700 410 1742 442 τῆς
1763 408 1837 447 κρίσεως

1083 451 1184 490 καιρῷ,
1201 449 1260 480 οὔτε
1285 450 1460 480 ἐπακούσεται
1473 473 1481 489 ,
1503 450 1562 480 οὔτε
1583 451 1726 491 βοηθήσει,
1745 452 1791 481 οὔτε
1802 455 1835 482 ιώ-

1084 506 1134 525 σει.
1152 495 1200 525 Ἐν
1222 495 1289 535 τῷδε
1308 497 1355 531 τῆς
1378 495 1487 535 χάριτος
1510 490 1554 524 οὖν
1582 498 1687 535 καιρῷ,
1706 498 1835 535 ἀγωνίζεσθαι

1083 539 1221 613 ἓφῗίλομεν
1246 551 1252 558 ·
1281 541 1392 574 εὐκόλως
1421 540 1474 580 γὰρ
1505 540 1698 579 ἐπιτευξόμεοα
1725 543 1769 570 τῶν
1791 544 1835 581 βρι-

1103 596 1114 613 ε
1127 596 1173 613 ων.

1103 584 1173 614 είων.

1129 639 1143 657 (ι
1159 628 1303 666 Μηδεμίαν
1326 630 1352 659 ἐν
1380 629 1473 667 μηδενὶ
1498 629 1617 663 διδόντες
1638 629 1792 669 προσκοπὴν,
1810 630 1836 659 ἵει

1085 673 1122 713 μὴ
1153 675 1269 713 μωμηθῇ
1296 675 1313 709 ἡ
1341 673 1462 704 διακονία
1488 676 1576 713 ἡμῶν.
1605 688 1619 701 ι
1653 675 1836 713 Παρακαλοῦμεν,

1084 718 1162 758 φησὶ,
1176 720 1222 749 καὶ⁵
1236 721 1422 759 συνεργοῦμεν.
1443 721 1525 756 HJK;
1556 719 1756 758 Πολιτευόμενοι
1778 722 1835 758 ἄπρο-

1085 763 1200 797 σκόπως.
1226 763 1274 794 Ἐν
1297 764 1369 798 τάξει
1393 763 1420 793 δὲ
1442 764 1592 803 διηγήσεως
1619 764 1792 802 συμϐουλεύει,
1810 764 1837 792 In

1084 808 1129 837 καὶ
1148 808 1222 838 αὐτοὶ
1242 808 1307 848 πρὸς
1332 808 1411 838 αὐτὸν
1426 810 1574 848 ἀφορῶσιν.
1594 807 1675 838 Οὕτω
1695 807 1753 848 γὰρ,
1771 809 1836 849 φησὶν,

234 857 336 893 inquit,
360 857 474 884 instituo
490 855 573 883 vitam
600 863 702 890 meam,
715 859 747 882 ut
760 854 863 882 nedum
878 862 936 882 non
948 862 1028 882 accu-

1093 852 1222 882 ἱπευθύνω
1237 853 1281 882 τὸν
1298 853 1354 893 βίον
1380 865 1449 891 μου,
1472 852 1542 883 ὥστε
1563 854 1596 882 οὐ
1620 853 1689 892 λέγω
1702 852 1738 882 ὅτι
1755 864 1838 891 κατηγο-

232 902 345 935 sationi,
364 909 464 929 verum
477 901 518 928 Ne
536 899 715 935 querimoniae
726 899 839 935 quidem
855 899 970 934 exiguae,
985 902 1033 926 aut

233 946 363 976 seandalo
378 945 500 981 cuipiam
518 945 611 972 locum
623 944 698 978 dem,
710 951 745 972 ne
759 943 886 979 culpetur
904 943 1031 971 ministe-

234 992 306 1021 rium
333 994 472 1019 nostrum.
495 991 619 1018 Rursum
643 997 699 1017 non
722 988 803 1022 dixit,
823 989 863 1016 Ne
877 992 1032 1022 accusetur,

234 1044 342 1070 verum,
358 1037 399 1064 Ne
418 1035 564 1063 minimam
588 1033 697 1070 quidem
723 1034 965 1070 reprehensionem
985 1041 1032 1061 ac-

233 1081 318 1118 cipiat
326 1088 395 1117 opus
410 1087 513 1114 meum,
529 1084 557 1107 et
571 1078 754 1106 ministerium
779 1085 884 1106 meum.
900 1077 1032 1106 Nonnulli

235 1133 300 1155 vero
314 1125 354 1153 sic
366 1124 536 1160 interpretati
551 1127 633 1151 sunt:
651 1125 692 1151 Ne
706 1123 871 1158 vituperium
886 1124 914 1150 in
933 1122 1032 1158 prandi-

235 1171 372 1199 cationem
394 1169 535 1202 reﬂectat;
557 1168 629 1196 hanc
647 1168 721 1196 enim
744 1167 929 1196 ministerium
951 1175 1033 1195 suum

236 1215 363 1252 appellat.
378 1216 422 1243 Me
433 1214 508 1242 enim
523 1213 597 1241 male
615 1213 734 1247 vivente,
750 1212 908 1248 praedicatio
923 1211 1033 1240 concul-

237 1260 344 1289 cahitur
369 1264 397 1288 et
426 1258 633 1294 vituperabitur.
667 1257 827 1285 Clanculum
856 1260 948 1284 autem
974 1255 1034 1283 illos

237 1312 347 1341 quoque
364 1303 530 1337 subindicat,
548 1303 622 1338 quod
637 1302 722 1330 Vobis
733 1301 818 1330 etiam
833 1301 904 1329 male
916 1300 1034 1328 viventi-

236 1351 299 1384 bus,
324 1349 361 1377 ad
397 1349 535 1377 Christum
564 1351 593 1376 et
627 1346 710 1375 ﬁdem
738 1346 908 1383 blasphemia
936 1345 1034 1374 redun-

239 1395 324 1424 dabit.

272 1440 364 1467 Vnns.
377 1441 406 1465 4.
423 1449 437 1462 ι
453 1437 505 1466 Sed
520 1436 550 1464 in
564 1436 692 1465 omnibus
709 1435 873 1464 exhibentes
887 1442 940 1463 nos
949 1435 1035 1471 ipsos,

1089 898 1145 938 ρίας
1155 921 1164 937 ,
1177 899 1236 927 ἀλλ’
1251 898 1310 927 οὐδὲ
1330 898 1457 938 μέμψεως
1476 899 1556 938 ψιλῆς
1568 921 1577 937 ,
1603 899 1703 937 μᾶλλον
1719 898 1743 927 δὲ
1755 898 1837 927 σκανδί-

1085 943 1131 972 λου
1146 942 1236 982 χώραν
1251 943 1280 972 οὐ
1296 943 1394 980 δίδωμί
1409 954 1458 971 τινι
1471 965 1481 978 ,
1504 943 1547 971 ἵνα
1561 943 1604 981 μὴ
1620 944 1732 981 μωμηθῇ
1745 944 1758 977 ἦ
1777 943 1837 971 διεκο-

1085 987 1129 1016 νία
1143 989 1232 1024 ἡμῶν.
1256 987 1345 1017 Πάλιν
1369 988 1416 1017 οὐκ
1439 983 1606 1024 εἶπεν,”ινα
1631 987 1669 1026 μὴ
1692 989 1835 1025 κατηγορηθῇ.

1087 1032 1146 1061 ἀλλ’
1163 1031 1224 1062 Ἵνα
1239 1031 1307 1070 μηδὲ
1330 1031 1374 1060 τὸν
1398 1031 1513 1071 τυχόντα
1535 1034 1633 1070 μῶμον
1646 1032 1744 1068 δέξηται
1757 1032 1780 1060 τὸ
1790 1031 1836 1070 ἔροτιν

1087 1088 1157 1115 μου,
1172 1076 1219 1106 καὶ
1241 1079 1258 1112 ἡ
1280 1075 1398 1106 διακονία
1415 1088 1465 1114 μου
1481 1076 1517 1106 ⁸³.
1542 1076 1623 1110 Τινὲς
1645 1076 1673 1105 δὲ
1688 1076 1760 1109 οὕτως
1777 1075 1835 1115 ἡρμή-

1087 1133 1181 1151 νευσαν
1195 1133 1201 1140 ·
1218 1121 1278 1151 Ἵνα
1306 1119 1344 1159 μὴ
1369 1121 1510 1161 ἆναδράμῃ
1523 1123 1537 1150 ὁ
1566 1123 1662 1160 μῶμος
1681 1122 1714 1154 εἰς
1728 1120 1754 1149 τὸ
1773 1119 1836 1157 κήρυτ-

1088 1178 1126 1205 μα
1140 1177 1146 1184 ·
1169 1168 1246 1196 τοῦτο
1269 1165 1321 1206 γὰρ
1343 1165 1477 1196 διακονίαν
1504 1167 1587 1196 αὐτοῦ
1612 1166 1698 1196 καλεῖ.
1724 1165 1793 1203 Ἐμοῦ
1807 1164 1835 1202 γὰρ

1088 1213 1176 1243 κακῶς
1200 1213 1310 1248 ζῶντος,
1335 1210 1365 1240 τὸ
1397 1210 1523 1250 κήρυγμα
1556 1210 1793 1246 καταπατηθήσεται
1810 1208 1836 1236 καὶ

1088 1255 1305 1292 διαϐληθήσεται.
1344 1255 1501 1292 Δεληθότως
1532 1252 1578 1285 οὖν
1608 1255 1655 1285 καὶ
1681 1253 1766 1287 αὖτοὺς
1787 1254 1837 1281 titur

1088 1299 1204 1329 νίττεται
1232 1300 1274 1337 ⁸³,
1305 1299 1346 1330 ὅτι
1373 1299 1428 1330 Καὶ
1469 1302 1544 1339 ὖμῶν
1572 1302 1664 1333 κακῶς
1700 1299 1799 1334 ζώντων,
1817 1297 1836 1327 εξ

1088 1344 1134 1374 τὸν
1150 1345 1265 1385 Χριστὸν
1283 1344 1329 1375 καὶ
1352 1344 1401 1381 τὴν
1417 1345 1506 1374 πίστιν
1531 1344 1725 1385 ἀναδραμεῖται
1745 1345 1760 1378 ἡ
1779 1343 1835 1381 βλασ-

1090 1402 1176 1431 φημια
1181 1412 1188 1419 .

1132 1447 1148 1463 α
1165 1435 1235 1465 ²Δλλ¹
1259 1436 1286 1464 ἐν
1309 1434 1389 1464 παντὶ
1405 1436 1576 1468 συνιστῶντες
1606 1433 1730 1469 ἑαυτοὺς,
1751 1433 1779 1465 ὣς
1794 1431 1836 1460 Θεῶ

236 1488 367 1519 tanquam
382 1483 431 1510 Dei
446 1481 575 1510 ministri.
599 1492 611 1506 ι
627 1482 687 1508 Hoc
705 1480 795 1516 majus
809 1483 862 1512 est,
875 1487 931 1507 non
944 1480 1033 1508 solum

1093 1479 1212 1510 ἲιάκονοι.
1228 1494 1240 1506 ι
1255 1480 1343 1510 Τοῦτο
1367 1481 1455 1518 μεῖζον
1467 1502 1475 1517 ,
1496 1479 1526 1509 τὸ
1548 1478 1588 1518 μὴ
1611 1478 1689 1518 μόνον
1705 1476 1782 1507 ἑαυτὸν
1795 1485 1835 1503 κατ’

237 1529 274 1558 sei
279 1536 358 1564 psum
372 1527 408 1555 ab
422 1524 645 1555 accusationibus
657 1528 686 1553 et
708 1524 966 1560 reprehensionibus
983 1532 1033 1560 pu-

237 1581 300 1602 rum
309 1573 410 1606 facere,
423 1578 519 1599 verum
529 1570 611 1599 etiam
622 1569 783 1605 hujusmodi
797 1569 880 1596 vitam
889 1576 1034 1596 common-

237 1622 337 1651 strare,
363 1620 394 1644 ut
410 1623 460 1651 per
480 1615 568 1650 ipsam
592 1617 722 1649 appareat
740 1621 800 1641 esse
821 1613 948 1641 minister
973 1613 1034 1641 Dei.

238 1663 300 1690 Non
316 1661 386 1689 dixit
400 1664 505 1692 autem.
521 1661 700 1694 Apparentes,
717 1658 776 1692 sed,
793 1669 806 1682 ι
820 1657 996 1692 Exhibentes,
1020 1669 1032 1683 υ

239 1706 293 1734 hoc
307 1709 357 1740 est,
373 1705 608 1733 demonstrantes.

278 1761 291 1775 α
307 1751 339 1778 In
355 1749 486 1786 patientia
508 1748 607 1776 multa.
640 1758 652 1772 ι
671 1746 785 1776 Modum
800 1746 867 1775 dicit
890 1755 946 1784 quo
970 1748 1035 1776 talis

238 1796 336 1829 evasit,
362 1803 410 1831 per
424 1793 589 1830 patientiam
611 1791 738 1820 videlicet
765 1800 772 1817 :
791 1800 843 1820 nec
862 1792 1034 1828 simpliciter,

239 1839 297 1874 sed,
313 1851 326 1864 ι
341 1841 394 1868 Per
417 1839 552 1872 multam,
570 1849 583 1863 ιι
599 1837 696 1874 inquit.
716 1838 778 1865 Non
793 1837 868 1865 enim
890 1838 956 1865 satis
984 1841 1035 1872 est,

237 1893 328 1914 unum
341 1883 445 1921 aliquid
467 1888 495 1912 et
516 1883 634 1911 alterum
660 1881 788 1917 sufferre,
810 1886 943 1911 caeterum
966 1890 1036 1918 opus

238 1935 279 1959 est
292 1929 329 1959 ad
344 1930 426 1958 linem
438 1936 526 1964 usque
539 1928 686 1956 sustinere.

275 1986 287 1999 α
310 1977 343 2003 ιιι
358 1973 593 2005 tribulationibus,
604 1972 633 2000 in
652 1971 874 2000 necessitatibus.
887 1982 901 1996 ››
913 1971 977 1998 Haec
997 1975 1039 1998 est

239 2019 425 2048 tribulationis
451 2017 571 2045 intensio
593 2020 620 2044 et
645 2016 828 2052 exaggeratio,
866 2015 975 2051 quando
997 2015 1038 2043 in-

240 2063 411 2092 extricabilia
448 2061 524 2089 mala
555 2060 666 2095 fuerint,
699 2068 762 2097 qua:
799 2060 945 2088 hominem
977 2068 1039 2096 pre-

243 2112 331 2136 munt.

278 2164 290 2177 ιι
312 2153 344 2180 In
356 2150 499 2196 angustiis.
517 2162 530 2175 π
547 2151 615 2186 Quae
634 2153 726 2178 sunta
739 2149 821 2184 fame,
836 2149 878 2177 vel
903 2149 1037 2186 simplici-
1056 2165 1081 2196 Β

243 2202 284 2226 ter
297 2205 312 2225 a
327 2195 535 2225 tentationibus.

278 2240 362 2277 274
371 2243 460 2270 Vsus.
471 2244 498 2269 5.
512 2252 525 2265 ι
536 2241 569 2268 In
583 2240 701 2276 plagiset
714 2238 880 2272 carceribus,
895 2250 908 2263 ι»
923 2238 1040 2274 Quando

243 2288 329 2323 plaga:
348 2291 375 2314 et
397 2294 520 2314 carceres
542 2286 644 2319 adsint,
663 2285 723 2313 vide
748 2290 883 2320 quantum
905 2285 941 2313 sit
956 2285 1039 2319 mali;

242 2331 379 2367 siquidem
400 2331 440 2358 vel
462 2331 582 2358 alterum
610 2330 712 2358 horum
728 2337 776 2366 per
798 2337 827 2358 se
851 2330 888 2358 sit
908 2329 1041 2365 gravissi-

245 2384 333 2404 mum.

280 2432 293 2445 «
316 2421 350 2448 In
369 2419 558 2447 seditionibus.
581 2431 594 2443 ν
610 2420 673 2446 Hoc
687 2423 737 2452 est,
763 2418 790 2446 in
810 2419 1040 2454 persectionibus,

243 2465 356 2502 quando
378 2471 435 2492 non
452 2464 577 2492 habuerit
598 2464 697 2500 aliquis
715 2463 765 2491 ubi
786 2463 884 2498 pedem
904 2463 980 2499 ﬁgat,
1007 2464 1042 2491 de

245 2511 305 2538 loco
316 2510 353 2546 ,in
366 2510 459 2536 locum
472 2513 557 2536 actus.

281 2566 293 2579 ιι
314 2556 347 2582 In
362 2553 513 2587 laboribus,
528 2553 555 2581 in
570 2553 679 2589 vigiliis,
693 2553 721 2580 in
730 2551 848 2588 jejuniis.
876 2563 888 2576 ι
907 2553 978 2581 Cum
997 2553 1040 2581 di-

243 2600 330 2628 xisset
343 2599 377 2627 de
392 2598 524 2633 externis,
538 2606 599 2634 quae
620 2606 668 2626 sua
689 2602 755 2626 sunt
771 2597 828 2634 jam
852 2597 896 2626 hic
915 2597 1040 2634 apponit,

243 2645 342 2680 quibus
353 2648 450 2680 suapte
464 2648 562 2679 sponte
569 2651 628 2672 sese
643 2642 784 2678 affligebat
799 2652 806 2670 :
821 2654 834 2667 α
852 2643 1038 2678 Laboribus,»

245 2697 376 2718 manuum
404 2688 517 2723 scilicet,
550 2696 598 2725 per
625 2695 694 2724 quos
716 2691 745 2716 et
779 2687 900 2724 seipsum
924 2691 953 2716 et
973 2687 1041 2716 alios

1088 1526 1202 1565 ηγοριῶν
1224 1525 1269 1554 καὶ
1285 1523 1387 1562 μώμων
1401 1525 1516 1564 καθαρὸν
1536 1529 1641 1560 ποιεῖν,
1655 1522 1721 1552 ἀλλὰ
1737 1520 1775 1551 καὶ
1785 1519 1837 1548 τοιοῖ-

1089 1581 1132 1598 τον
1159 1569 1214 1608 βίον
1241 1568 1451 1608 ἐπιδείκνυσθαι,
1477 1568 1547 1598 ὥστε
1573 1569 1610 1598 δι’
1637 1568 1714 1597 αὐτοῦ
1741 1565 1836 1605 φαίνεσθαι

1089 1613 1135 1643 καὶ
1148 1607 1268 1643 διάκονον
1285 1615 1367 1644 Θεοῦ.
1386 1614 1446 1643 Οὐκ
1460 1609 1520 1643 εἶπε
1540 1613 1584 1650 δὲ,
1599 1611 1767 1649 Φαινόμενοι,
1781 1607 1835 1639 illi.

1092 1669 1106 1688 α
1124 1660 1317 1696 Συνιστιῖιντες,
1332 1672 1344 1684 ιι
1356 1657 1506 1695 τουτέστιν,
1522 1657 1729 1689 ἀποδεικνύντες.

1133 1759 1147 1777 α
1167 1748 1215 1778 Ἐν
1236 1749 1356 1787 ὑπομονῇ
1381 1749 1478 1788 πολλῇ.
1493 1759 1507 1776 ι
1531 1747 1614 1787 Λέγει
1636 1746 1680 1776 καὶ
1701 1744 1742 1774 τὸν
1762 1741 1835 1788 τρόφι

1091 1794 1147 1827 πῶς
1172 1792 1275 1832 ἐγένετο
1290 1785 1431 1829 τοιοῦτος,
1455 1785 1499 1822 ’ὅτι
1524 1793 1568 1822 διὰ
1578 1785 1633 1828 -τῆς
1658 1785 1837 1834 ὓπψωῆςιγσέγ

1093 1837 1183 1871 ἁπλῶς
1206 1836 1252 1874 δὲ,
1280 1837 1350 1866 ἀλλὰ
1372 1837 1418 1866 καὶ
1439 1838 1587 1873 «Πολλῆς.
1605 1849 1620 1865 ι
1638 1837 1678 1866 Οὖ
1693 1834 1739 1874 γὰρ
1752 1833 1807 1871 ἀρκιῖ
1821 1838 1836 1855 τ’

1091 1881 1119 1911 ἓν
1132 1894 1158 1911 τι
1170 1881 1216 1911 καὶ
1236 1881 1357 1922 δεύτερον
1373 1883 1524 1921 ὑπενεγκεῖν
1535 1904 1544 1920 ,
1569 1881 1641 1911 ἀλλὰ
1660 1881 1698 1910 δεῖ
1716 1880 1770 1918 ἄχρι
1780 1874 1836 1903 πέλω(

1093 1926 1243 1965 ὑπομένειν.

1135 1964 1151 2000 α
1168 1971 1215 2000 Ἐν
1239 1970 1374 2011 θλίψεσιν,
1397 1971 1425 2001 ἐν
1455 1970 1596 2010 ἀνάγκαις,
1612 1982 1628 2001 n
1653 1969 1736 1999 Τοῦτο
1759 1964 1836 2011 ἕπίτασξξ

1093 2017 1140 2051 τῆς
1155 2015 1266 2055 Θλίψεως
1276 2004 1294 2052 ,⁸
1304 2004 1371 2045 ὅταν.
1381 2004 1549 2050 ἀδιεξόδεντα
1597 2015 1632 2046 τὰ
1645 2013 1712 2045 κακᾶ
1725 2011 1814 2050 ἄγχοντα
1823 2004 1836 2023 ³⁸

1093 2060 1137 2090 τὸν
1153 2060 1301 2100 ἄνθρωπον.

1135 2159 1147 2173 α
1163 2145 1211 2176 Ἐν
1227 2145 1425 2185 στενοχωρίαις.
1442 2158 1456 2172 ι
1471 2147 1540 2180 Ταῖς
1558 2145 1613 2176 ἀπὸ
1628 2146 1672 2176 τοῦ
1683 2143 1765 2180 λιμοῦ,
1781 2135 1836 2173 ἦταῇ

1096 2191 1146 2220 τῶν
1162 2192 1317 2230 πειρασμῶν
1334 2190 1437 2224 ἁπλῶς.

1138 2247 1151 2264 α
1168 2225 1217 2265 ⁷Εὸ
1242 2225 1375 2273 πληγαῖς,
1397 2235 1424 2264 ἐν
1439 2235 1581 2273 φυλακαῖς.
1599 2248 1611 2262 υ
1634 2234 1716 2264 Ὅταν
1737 2227 1774 2259 καὶ
1792 2225 1835 2271 πλητ

1093 2279 1138 2320 γαὶ
1153 2279 1197 2309 καὶ
1209 2279 1344 2320 φυλακαὶ,
1365 2279 1415 2318 δρα
1430 2278 1512 2308 πόσον
1538 2279 1567 2309 τὸ
1591 2278 1684 2309 κακόν
1707 2275 1763 2305 ὅπου
1778 2281 1800 2310 γε
1810 2277 1836 2296 ιν

1093 2325 1124 2354 τὸ
1137 2323 1224 2364 ἕτερον
1241 2323 1339 2354 τούτων
1353 2323 1418 2354 αὐτὸ
1431 2324 1491 2354 καθ’
1507 2323 1572 2353 αὑτὸ
1583 2323 1734 2364 βαρύτατον.

1134 2429 1148 2442 ι
1163 2415 1210 2445 Ἐν
1233 2416 1455 2450 ἀκαταστασίαις.
1477 2427 1493 2445 1»
1516 2416 1676 2453 Τουτέστιν,
1693 2415 1717 2443 ἒν
1736 2406 1832 2453 διωγμοίίι

1094 2460 1157 2490 ὅταν
1172 2459 1210 2499 μὴ
1225 2460 1275 2501 ἔχῃ
1291 2473 1331 2495 τις
1352 2464 1403 2491 ποῦ
1427 2463 1478 2502 στῇ
1488 2484 1496 2498 ,
1521 2461 1688 2499 ἐλαυνόμενος
1705 2458 1731 2486 ἐκ
1745 2452 1804 2482 τόπω
1814 2456 1833 2474 ⁸4

1095 2505 1184 2535 τόπον.
1807 2533 1826 2541 ..ι

1135 2563 1148 2575 ι
1173 2549 1220 2579 Ἐν
1236 2549 1343 2588 κόποις,
1358 2551 1385 2579 ἐν
1411 2550 1569 2590 ἀγρυπνίαις
1580 2574 1588 2590 ,
1611 2552 1636 2581 ἐν
1653 2544 1795 2590 νηστείαις.
1807 2535 1833 2565 Εί’

1094 2594 1153 2624 πὼν
1163 2594 1197 2623 τὰ
1208 2594 1284 2633 παρὰ
1297 2596 1348 2624 τῶν
1365 2594 1415 2629 ἔξω
1435 2583 1472 2632 δὲ,
1486 2595 1520 2624 τὰ
1536 2583 1599 2635 παρ’
1611 2595 1696 2625 ἑαυτοῦ
1711 2583 1831 2635 προστίθησξῖ

1096 2639 1224 2676 ἐνταῦθα,
1244 2631 1500 2680 ἀεκὼνγὶκακοῦχει
1521 2631 1625 2670 ἔαυτόν.
1646 2652 1657 2665 σι
1678 2631 1831 2667 Kéﬂlh'm

1095 2685 1148 2713 τῶν
1164 2685 1261 2724 χειρῶν
1272 2705 1280 2721 ,
1297 2684 1330 2713 δι’
1341 2679 1377 2714 ὧν
1389 2683 1436 2714 καὶ
1449 2684 1543 2714 ἑαυτὸν
1557 2686 1605 2715 καὶ
1619 2684 1706 2714 ἄλλους
1719 2679 1801 2716 Ῑτμφν

937 2750 1032 2780 Variae
1052 2750 1203 2781 lectiones.

279 2819 301 2836 ³²
315 2819 464 2845 διδασκαλία
479 2826 516 2846 m.
555 2818 578 2836 ⁸³
593 2818 675 2849 αὐτοῖς
692 2826 720 2846 ο.
759 2818 782 2836 ⁸⁵
797 2817 889 2853 ἔχοντα
908 2825 935 2846 0.
974 2817 996 2834 ⁸⁵
1012 2818 1128 2853 περὶτῶν
1143 2817 1232 2848 ἔξωθεν
1245 2825 1271 2845 o.
