1867 3081
239 177 289 204 863

731 177 988 206 THEOPHYLACTI
1008 179 1185 208 BULGARLE
1203 182 1360 210 ARCHIEP.
1820 185 1851 210 Sﬁl

236 245 336 274 corpus
348 245 411 266 cum
432 237 525 266 anima
539 238 656 274 partitur
676 237 802 272 dolores;
820 239 849 267 in
862 241 1031 269 contumelia

1094 242 1117 271 τὸ
1130 244 1209 282 σῶμα
1234 244 1368 285 μερίζεται
1386 245 1433 274 σὺν
1606 245 1656 278 τὰς
1678 245 1849 284 ἀλγηδόνας-ἐι

236 290 301 310 vero
311 283 369 310 sive
378 282 491 310 infamia
503 286 594 310 totum
615 290 687 310 onus
697 283 794 312 anima:
806 284 933 313 imminet
945 294 954 313 :
965 285 1037 314 unde

236 330 265 355 et
274 327 344 355 Iobo
358 327 430 354 istuc
440 327 546 355 caeteris
557 327 642 363 plagis
652 328 762 363 gravius
773 332 839 356 erat.
857 340 870 354 ιο

273 382 286 395 ι
301 371 442 407 Tanquam
456 371 618 400 seductores
627 376 656 399 et
670 379 788 401 veraces.
804 384 815 397 -
831 374 893 401 Hoc
905 378 947 402 est
960 375 1036 411 quod

234 415 315 448 dixit,
332 427 345 440 ι
366 417 418 444 Per
433 415 615 451 ignominiam
631 420 658 444 et
669 416 769 445 bonam
787 417 900 446 famam.

273 461 360 488 Vsus.
376 463 403 488 9.
422 471 434 484 ι
449 460 529 488 Velut
549 461 665 496 ignorati
679 466 707 489 et
721 462 814 497 agniti.
833 474 846 486 ι
872 463 939 491 Aliis
962 464 1035 492 enim

237 505 357 533 adamati
371 509 398 532 et
416 505 524 540 cogniti
541 510 628 539 erant,
643 506 686 534 alii
704 515 767 534 vero
785 507 858 543 ipsos
877 513 905 535 et
924 509 1034 537 novisse

235 549 348 586 quidem
367 550 469 586 dignati
485 554 575 578 erant.
597 552 658 578 Hoc
672 556 763 579 autem
779 551 850 580 idem
864 557 906 580 est
918 561 983 581 cum
1000 561 1034 582 eo

236 593 310 630 quod
325 593 404 628 dixit,
417 605 430 618 α
446 595 498 622 Per
510 594 628 630 gloriam
641 599 668 622 et
683 595 876 631 ignominiam.
893 608 907 621 ιι

274 650 286 663 ι
301 640 444 674 Tanquam
456 639 614 673 morientes,
627 644 654 668 et
667 648 731 668 ecce
745 641 871 669 vivimus.
885 653 898 666 ιι
911 641 968 670 Hoc
980 646 1032 676 est,

236 687 369 720 tanquam
387 683 468 712 morti
488 683 591 712 addicti
607 689 634 712 et
648 684 835 718 condemnati,
849 694 880 713 ac
897 691 1033 722 quatenus

235 728 269 756 ad
281 732 400 756 mentem
415 728 605 756 insidiantium
616 729 742 765 pertinet.
761 742 773 754 ιι
791 731 940 759 morientes
955 741 969 758 ι)
984 739 1032 768 per

235 772 285 801 Dei
297 777 388 801 autem
399 773 551 809 potentiam
566 785 578 797 σι
594 781 659 801 ecce
673 774 802 802 vivimus.
821 786 834 800 ιι

273 828 287 842 ι
301 818 445 853 Tanquam
457 817 594 854 castigati,
612 822 639 846 et
651 826 707 846 non
729 819 823 846 occisi.
847 831 859 844 ι
884 821 1036 859 Permittit,

236 862 337 898 inquit,
351 862 410 890 haec
423 863 508 896 Deus,
523 867 553 890 ut
567 863 674 890 erudiat
695 871 745 891 nos
759 868 786 891 et
798 864 923 900 castiget.
949 866 1037 900 Quart-

1092 287 1120 316 δὲ
1133 291 1166 328 τῇ
1182 289 1335 330 δυσφημίαι,
1351 292 1382 319 τὸ
1395 289 1454 319 ὅλον
1471 290 1553 330 βάρος
1566 289 1609 319 ἐπὶ
1627 289 1677 326 τὴν
1692 290 1786 330 ψυχήν.
1798 289 1851 319 Ὀθιτ

1092 333 1138 362 καὶ
1153 335 1190 373 τῷ
1206 333 1269 364 Ἰὼϐ
1285 334 1428 374 βαρύτερον
1439 337 1516 364 τοῦτο
1526 335 1578 363 τῶν
1590 334 1682 364 ἄλλων
1697 335 1805 373 πληγῶν.

1133 388 1148 407 ιι
1166 377 1217 411 ίΩς
1232 379 1327 408 πλάνοι
1342 379 1388 408 καὶ
1404 379 1519 414 ἀληθεῖς.
1537 392 1551 405 ι
1578 378 1669 409 Τοῦτό
1695 380 1763 408 ἐστιν
1779 379 1790 408 ὃ
1803 374 1853 408 εἶπε*

1091 422 1142 453 Διὰ
1155 423 1306 463 δυσφημίας
1320 423 1366 452 καὶ
1382 424 1523 462 εὐφημίας.
1541 437 1554 450 ι

1129 481 1141 494 ι
1161 467 1209 500 Ὡς
1232 466 1404 506 ἀγνοούμενοι
1429 469 1475 498 καὶ
1505 468 1751 508 ἐπιγινωσκόμενοι.
1777 480 1789 497 ιι
1811 470 1852 499 Τοῖς

1091 513 1137 551 μὲν
1158 512 1210 551 γὰρ
1236 508 1303 548 ἦσαν
1323 513 1549 550 περισπούδαστοι
1573 513 1619 542 καὶ
1639 513 1780 552 γνώριμοι·
1801 514 1818 542 οἱ

1089 557 1148 586 οὐδὲ
1167 557 1264 586 εἰδέναι
1279 557 1372 591 αὖτοὺς
1383 557 1484 593 ἠξίουν.
1500 559 1588 588 Τοῦτο
1603 557 1632 587 δὲ
1655 557 1750 587 ταύτόν
1761 559 1806 588 ἐστι

1089 616 1100 628 ι
1117 601 1169 631 Διὰ
1181 601 1256 637 δόξης
1271 602 1316 631 καὶ
1334 602 1451 640 ἀτιμίας.
1471 616 1484 629 ι

1129 660 1142 673 ι
1154 645 1206 680 Ὧς
1219 647 1444 684 ἀποθνήσκοντες,
1458 647 1502 676 καὶ
1515 646 1572 677 ἰδοὺ
1586 649 1688 685 ζῶμεν.
1705 658 1720 675 ι)
1736 647 1851 677 Τουτέσπη.

1086 693 1122 724 ὡς
1149 690 1313 720 ἓπιθανάτιοι
1340 691 1386 720 καὶ
1409 692 1564 727 κατᾶδιχοι,
1592 692 1639 721 καὶ
1668 690 1728 721 ὅσον
1750 692 1804 730 πρὸς
1821 691 1850 718 rr-

1086 735 1193 773 γνώμην
1221 737 1274 764 τῶν
1303 735 1545 775 ἕττιϐουλευόντισιιν⁷
1579 747 1594 765 ι(
1610 735 1820 771 ἀποθνήσκοντες·
1844 750 1849 759 ι

1087 780 1130 809 διὰ
1143 780 1170 809 δὲ
1185 780 1230 815 τὴν
1245 783 1292 809 τοῦ
1304 782 1374 811 Θεοῦ
1390 780 1501 820 δύναμιν
1521 793 1535 810 (ι
1548 781 1604 810 ἰδοὺ
1620 783 1720 819 ζῶμεν.
1738 794 1750 807 ι

1137 836 1152 854 ιι
1167 825 1216 858 Ὡς
1227 825 1424 863 παιδευόμενοι,
1447 826 1492 855 καὶ
1509 826 1547 864 μὴ
1560 828 1761 864 θανατούμενοι.
1783 838 1792 850 ι
1804 825 1850 862 Συγ-

1092 873 1174 909 χωριί
1193 869 1236 905 δὲ,
1262 870 1341 909 φησὶ,
1366 872 1450 899 ταῦτα
1464 870 1579 908 ὃῃΘεὸς,
1601 869 1647 898 ἵνα
1668 868 1775 909 παιδεύῃ
1795 870 1849 905 ἡμᾶς.

236 907 400 941 etiamnum,
420 911 483 934 ante
507 906 598 935 futura
614 907 659 934 illa
680 908 803 943 praemia,
825 917 881 937 non
901 910 1028 946 exiguum

1094 905 1171 943 Ὼστε
1193 913 1238 943 καὶ
1264 905 1315 953 πρὸ
1338 915 1390 943 τῶν
1407 905 1506 944 ἐκεῖθεν
1522 905 1640 952 μισθῶν,
1669 916 1699 944 οὗ
1722 905 1804 952 μικρὸν
1822 914 1849 941 "Ev-

233 951 313 979 nobis
335 959 350 979 a
371 951 549 987 castigatione
572 951 678 980 lucrum
704 953 838 988 provenit.
869 957 893 982 A
926 954 1029 982 Davide

234 1000 325 1024 autem
338 995 390 1024 hoc
401 995 580 1032 desumptum
591 1000 633 1024 est
640 993 664 1030 ⁵,
678 1007 690 1020 ι
707 998 850 1033 Castigans
863 1008 877 1024 π
891 998 976 1033 enim,
989 999 1029 1027 in-

234 1041 293 1077 quit
306 1041 361 1074 ille,
379 1052 392 1064 α
406 1041 545 1077 castigavit
571 1049 617 1069 me
642 1042 792 1076 Dominus,
816 1046 845 1070 et
869 1044 952 1071 morti
972 1051 1029 1072 non

233 1085 344 1113 tradidit
357 1093 412 1113 me.
439 1096 452 1109 ν

270 1131 360 1158 Vnus.
384 1133 425 1158 10.
450 1141 462 1154 ι
479 1131 624 1166 Tanquam
647 1129 784 1166 dolentes,
809 1139 918 1168 semper
937 1136 1029 1160 autem

233 1174 392 1210 gaudentes.
406 1184 420 1200 ι)
439 1175 519 1210 Apud
533 1178 640 1202 exteros
651 1175 776 1210 quidem,
787 1176 878 1204 mmsti
894 1176 1030 1209 videmur,

235 1219 272 1247 ait
293 1228 299 1247 :
330 1227 381 1247 nos
400 1227 464 1247 vero
489 1219 573 1248 solida
604 1219 743 1255 voluptate
766 1220 941 1257 perfruimur.
970 1222 1031 1250 Non

231 1263 303 1292 enim
324 1263 471 1300 aliquando
489 1265 624 1299 laetamur,
644 1265 790 1301 aliquando
804 1273 872 1299 non,
892 1266 943 1294 sed
956 1273 1029 1294 sem-

233 1316 291 1345 per.

267 1355 412 1389 Tanquam
431 1358 551 1389 egentes,
566 1354 670 1382 multos
683 1358 778 1382 autem
794 1355 1000 1391 locupletantes.
1018 1368 1030 1380 υ

231 1398 337 1426 Divitiis
364 1403 424 1427 tum
449 1399 635 1434 spiritualibus
649 1403 709 1427 tum
735 1400 908 1428 sensibilibus
933 1401 1034 1429 mullos

229 1443 411 1479 locupletavit.
429 1443 536 1471 Etenim
562 1445 688 1472 omnium
703 1444 776 1472 ardes
791 1445 841 1472 sibi
864 1449 970 1481 apertas
985 1445 1033 1473 ha-

233 1489 311 1522 bens,
344 1487 569 1523 opulentissimus
606 1492 673 1520 erat,
705 1496 736 1516 ac
762 1489 821 1517 aliis
846 1489 980 1525 impertiri
1008 1493 1035 1518 et

1083 961 1166 988 ταῧϐα
1180 958 1210 987 τὸ
1225 957 1333 998 κέρδος,
1354 958 1384 988 τὸ
1398 961 1445 995 τῆς
1464 959 1595 993 παιδείας.
1613 961 1706 989 Τοῦτο
1725 959 1751 987 δὲ
1771 958 1813 986 ἀπὸ
1823 959 1850 985 :93

1085 1003 1170 1032 Δαυΐδ
1181 1012 1188 1020 ·
1211 1004 1307 1036 ἐκεῖνος
1327 1003 1391 1043 γὰρ,
1416 1017 1429 1029 ι
1448 1003 1604 1040 Παιδεύων,
1623 1014 1637 1032 ιι
1671 1003 1758 1044 φησὶν,
1775 1015 1786 1031 ιι
1798 1002 1849 1030 ἐπιέ-

1085 1047 1160 1077 δευσέ
1176 1059 1209 1086 με
1226 1049 1240 1076 ὁ
1256 1047 1370 1087 Κύριος,
1386 1049 1424 1087 τῷ
1440 1048 1468 1078 δὲ
1483 1048 1588 1089 θανάτῳ
1603 1049 1633 1077 οὗ
1649 1046 1784 1088 παρέδωκέ
1799 1057 1846 1084 μω

1126 1147 1138 1159 α
1155 1133 1202 1166 Ὡς
1226 1133 1405 1172 λυπούμενοι,
1428 1133 1469 1162 ἀεὶ
1484 1134 1512 1163 δὲ
1529 1133 1683 1174 χαίροντες.
1705 1146 1719 1159 ι
1736 1131 1804 1171 Παρὰ
1820 1132 1847 1167 μὲ

1086 1182 1139 1212 τοῖς
1166 1178 1231 1215 ἔξω,
1257 1178 1338 1218 φησὶ,
1369 1178 1497 1216 δοκοῦμεν
1524 1180 1658 1215 ἂθυμεῖν-
1689 1181 1762 1216 ἡμεῖς
1781 1175 1802 1205 δὲ
1820 1178 1847 1207 τὶν

1085 1223 1182 1258 ἡδονὴν
1198 1222 1379 1260 αἰκμοῖζουσαν
1395 1224 1503 1262 ἔχομεν,
1526 1225 1567 1253 Οὐ
1590 1223 1641 1263 γὰρ
1666 1222 1730 1253 ποτὶ
1753 1221 1793 1260 μὲν
1808 1221 1848 1259 χιι-

1089 1279 1183 1307 ρομεν,
1203 1267 1267 1296 ποτὲ
1283 1268 1310 1296 δὲ
1327 1266 1372 1303 οὒ,
1391 1269 1448 1297 ἀλλ’
1461 1267 1513 1298 ἀεί.

1130 1365 1144 1381 α
1161 1353 1210 1386 Ὧς
1237 1352 1359 1392 πτωχοὶ,
1375 1353 1489 1386 πολλοὺς
1517 1352 1545 1381 δὲ
1572 1352 1765 1386 πλουτίζοντες.
1786 1362 1795 1376 ι
1815 1350 1847 1378 Κιι

1087 1397 1157 1427 κατὰ
1179 1397 1223 1426 τὸν
1240 1397 1419 1436 πνευματικὸν
1448 1399 1562 1427 πλοῦτον
1587 1396 1704 1430 πολλοὺς
1731 1394 1845 1426 ἐπλούτιζεν

1088 1443 1134 1472 καὶ
1159 1441 1227 1472 κατὰ
1256 1442 1299 1471 τὸν
1325 1442 1450 1477 αἰσθητὸν
1477 1441 1516 1472 δέ.
1539 1442 1595 1472 Καὶ
1610 1442 1663 1481 γὰρ
1691 1441 1737 1473 τὰς
1762 1439 1846 1481 dravi»

1089 1487 1172 1520 οἰκίας
1196 1486 1367 1526 ἀνεῳγμένας
1396 1486 1467 1526 αὐτῷ
1498 1486 1566 1525 ἔχων
1582 1511 1588 1521 ,
1613 1485 1802 1516 πλουσιώτατος
1818 1477 1845 1516 ξπ

231 1534 337 1561 nutrire
363 1533 462 1568 potuit,
477 1532 589 1568 perinde
615 1540 646 1560 ac
671 1537 779 1560 sanctos
804 1533 832 1560 in
852 1534 1032 1563 Hierusalem.

1094 1531 1138 1560 καὶ
1157 1531 1248 1565 ἄλλοις
1271 1530 1398 1570 παρέχειν
1420 1531 1466 1560 καὶ
1490 1530 1596 1570 τρέφειν
1619 1531 1775 1569 δυνάμενος,
1788 1526 1846 1563 (iam;

231 1577 335 1606 Iudicat
346 1580 439 1604 autem
453 1576 506 1605 hoc
515 1581 543 1604 et
552 1585 600 1612 per
612 1577 763 1613 sequentia.

269 1677 283 1692 ι
299 1667 446 1701 Tanquam
468 1666 536 1694 nihil
559 1666 704 1699 habentes,
725 1671 753 1694 et
777 1667 871 1695 omnia
893 1668 1033 1704 possiden-

232 1715 282 1738 tes.
297 1722 310 1735 ιν
321 1710 375 1745 Qui
388 1711 460 1738 enim
475 1710 541 1738 nulli
557 1719 649 1738 rerum
666 1711 860 1746 temporalium
884 1712 920 1740 ad
931 1713 1032 1742 victum

232 1759 259 1783 et
270 1756 407 1784 amictum
421 1756 618 1791 pertinentium
636 1755 735 1784 afﬁxus
750 1761 801 1790 est,
823 1765 885 1793 qua:
907 1758 1031 1786 omnium

231 1805 306 1835 sunt,
318 1800 408 1828 habet.
425 1810 438 1826 ιι
450 1800 477 1829 Si
488 1800 563 1828 enim
577 1800 634 1828 ﬁeri
645 1805 748 1837 posset,
765 1812 778 1826 ι
793 1801 893 1837 inquit,
909 1814 921 1826 α
938 1803 1031 1831 oculos

232 1849 336 1873 vestros
361 1845 498 1873 eruissetis
512 1849 540 1873 et
560 1844 626 1873 mihi
648 1844 792 1874 dedissetis
805 1848 834 1880 ες
857 1857 870 1872 ι)
888 1847 1030 1882 quomodo

231 1890 314 1927 igitur
328 1890 397 1918 tales
410 1890 534 1926 pecuniis
550 1890 737 1926 pepercissent
753 1899 816 1927 erga
830 1891 920 1927 ipsum
941 1893 952 1918 ?
964 1893 1030 1920 Haec

231 1939 322 1963 autem
338 1935 431 1963 omnia
457 1935 509 1962 illis
532 1935 678 1969 recensuit,
705 1943 739 1963 ne
753 1936 789 1963 ob
803 1935 906 1972 aliquid
932 1944 1029 1964 eorum

231 1987 293 2016 quae
306 1980 395 2007 tristia
412 1980 585 2013 videbantur,
599 1980 786 2008 turbarentur.

267 2025 359 2052 Vsus.
377 2027 419 2051 tl.
435 2035 448 2047 ι
459 2024 498 2051 0s
508 2027 632 2051 nostrum
645 2029 718 2060 patet
732 2024 765 2052 ad
774 2032 831 2059 vos,
846 2032 863 2052 ο
881 2025 1027 2059 Corinthii,

232 2076 280 2097 cor
299 2073 424 2096 nostrum
451 2068 597 2096 dilatatum
621 2073 671 2096 est.
698 2079 711 2093 ι
742 2071 894 2105 Postquam
917 2070 1027 2105 propria

231 2113 383 2141 certamina
399 2113 591 2146 recensuisset.
619 2113 738 2149 ipsisque
758 2114 839 2141 veluti
859 2121 906 2149 per
930 2122 1026 2142 narra-

231 2157 382 2186 tiunculam
401 2157 552 2194 quamdam
567 2158 651 2193 276
663 2158 834 2191 ostendisset,
851 2157 926 2194 quod
939 2159 1028 2194 ipsum

230 2202 332 2230 imitari
357 2202 511 2236 debuerint,
536 2202 662 2238 deinceps
682 2203 882 2238 .increpaturus
904 2207 945 2231 est
972 2211 1028 2238 eos,

230 2255 279 2274 ceu
292 2254 355 2274 eum
366 2255 421 2275 non
436 2246 585 2274 admodum
598 2247 750 2283 diligentes.
764 2250 852 2275 Antea
868 2255 932 2275 vero
947 2255 1030 2283 quam

230 2291 284 2320 hoc
305 2291 396 2325 faciat,
412 2292 553 2327 propriam
574 2291 736 2320 charitatem
757 2292 1029 2328 ostendit:Semper.

231 2335 369 2371 inquiens,
395 2336 456 2364 volo
473 2336 552 2364 vobis
568 2336 644 2372 loqui
665 2340 694 2364 et
720 2335 864 2370 disserere,
885 2345 917 2364 ac
936 2337 1028 2370 libere,

230 2387 348 2415 cumque
363 2379 463 2408 ﬁducia
475 2381 557 2408 verba
577 2380 684 2408 facere:
708 2380 760 2408 hoc
785 2381 860 2409 enim
885 2380 1029 2417 signiﬁcat,

233 2437 246 2450 ι
267 2425 306 2452 Os
319 2429 446 2452 nostrum
469 2429 553 2461 patet.
578 2437 590 2449 ιο
607 2426 652 2454 Sic
671 2429 766 2453 autem
788 2425 868 2459 dicit,
892 2426 955 2461 quia
983 2434 1030 2454 eos

231 2469 428 2506 objurgaturus
450 2474 503 2503 est,
523 2469 643 2498 indicans
659 2477 719 2498 eam
737 2477 797 2498 esse
810 2471 934 2498 maxime
943 2470 1030 2499 dilec-

230 2515 346 2548 tionem,
375 2514 461 2549 ipsam
484 2514 611 2542 videlicet
636 2514 765 2551 loquendi
790 2515 953 2543 libertatem.
967 2517 1029 2544 Non

229 2560 321 2588 solum
331 2563 423 2587 autem
433 2567 481 2587 ore
493 2559 606 2587 ostendo
617 2559 794 2587 dilectionem
806 2567 910 2595 meam,
921 2568 1029 2588 verum-

228 2605 310 2633 etiam
328 2603 421 2637 corde.
447 2604 574 2639 amplum
595 2603 662 2632 illud
682 2608 710 2632 et
722 2605 809 2632 latum
829 2612 892 2642 erga
913 2613 961 2633 vos
977 2605 1028 2633 ha-

228 2650 307 2679 bens.
328 2649 431 2678 Fervor
445 2649 521 2677 enim
539 2648 698 2678 dilectionis
722 2653 753 2678 et
765 2657 797 2678 os
820 2657 916 2679 meum
928 2650 1026 2686 aperit,

264 2737 277 2753 δ
293 2734 394 2764 Matth.
413 2743 444 2770 v,
463 2738 502 2763 Il.
541 2736 553 2752 ε
567 2735 655 2764 Galat.
679 2743 723 2771 IV,
740 2738 782 2764 15.

1087 1576 1132 1605 καὶ
1146 1575 1206 1609 τοὺς
1230 1577 1257 1604 ἐν
1280 1575 1462 1615 Ἰερουσαλὴμ
1477 1575 1576 1615 ἁγίους.
1600 1575 1688 1612 Δηλοῖ
1709 1575 1735 1604 δὲ
1749 1576 1811 1602 τοῦτο
1820 1581 1846 1600 x12

1087 1620 1131 1649 διὰ
1143 1621 1195 1649 τῶν
1212 1619 1280 1656 ἑξῆς.

1128 1678 1140 1691 α
1156 1664 1206 1697 Ὡς
1220 1664 1302 1702 μηδὲν
1327 1664 1430 1703 ἔχοντες
1440 1687 1448 1698 ι
1464 1664 1510 1694 καὶ
1531 1664 1621 1693 πάντα
1635 1665 1795 1704 κατέχοντες.
1809 1674 1816 1685 ι
1827 1658 1845 1685 ’0

1087 1708 1137 1749 γὰρ
1163 1709 1257 1746 μηδενὶ
1284 1709 1490 1748 προσηλώμενος
1506 1710 1560 1739 τῶν
1589 1711 1737 1749 βιωτικῶν,
1757 1706 1786 1736 τὰ
1803 1705 1846 1732 πάν·

1087 1748 1138 1782 των
1156 1754 1181 1772 ⁸⁷
1197 1753 1263 1792 ἔχει.
1287 1765 1303 1781 ι
1326 1754 1359 1784 Εἰ
1375 1754 1485 1784 δυνατὸν
1508 1753 1570 1794 γὰρ,
1588 1767 1600 1779 υ
1618 1754 1703 1793 φησὶ,
1719 1766 1731 1779 ι
1751 1750 1790 1781 καὶ
1810 1748 1845 1798 10:4:

1086 1797 1237 1838 ὀφθαλμοὺς
1261 1799 1336 1836 ὑμῶν
1364 1798 1546 1837 ἐξορύξαντες,
1565 1797 1685 1828 ἐδώκατέ
1709 1807 1767 1836 μοι·
1789 1808 1798 1820 υ
1813 1802 1845 1821 πυ(

1086 1838 1130 1872 οὖν
1146 1842 1293 1882 χρημάτων
1309 1843 1340 1872 ἂν
1363 1843 1500 1883 ἐφείσαντο
1517 1844 1541 1872 οἳ
1561 1846 1674 1872 τοιοῦτοι
1691 1841 1752 1882 πρὸς
1766 1841 1841 1869 τοῧτθνπ

1085 1887 1178 1917 Ταῦτα
1202 1888 1229 1917 δὲ
1252 1887 1339 1916 πάντα
1366 1889 1453 1920 αὐτοῖς
1477 1887 1633 1924 κατέλεξεν,
1649 1886 1695 1917 ἵνα
1722 1886 1756 1925 μὴ
1779 1882 1844 1920 ταράτ-

1083 1944 1182 1962 των-ται
1197 1931 1240 1962 ἐπί
1250 1943 1301 1961 τινι
1316 1934 1368 1962 τῶν
1383 1931 1529 1962 δοκούντων
1545 1933 1685 1972 λυπηρῶν.

1127 2021 1194 2052 «Τὸ
1218 2021 1307 2059 στόμα
1321 2022 1398 2059 ἡμῶν
1425 2021 1525 2062 ἀνέῳγε
1550 2021 1615 2062 πρὸς
1637 2023 1723 2060 tam,
1737 2015 1758 2049 δ
1782 2015 1844 2062 Κσξέν

1083 2069 1151 2095 θιοι·
1174 2069 1190 2102 ἡ
1206 2066 1302 2105 καρδία
1326 2068 1402 2104 ἡμῶν
1428 2060 1624 2096 πεπλάτυνται.
1643 2079 1657 2093 ι
1681 2066 1748 2099 Τοὺς
1766 2060 1843 2105 οἰκείους

1081 2111 1185 2149 ἀγῶνας
1207 2104 1373 2146 καταλέξας,
1396 2110 1443 2140 καὶ
1472 2110 1557 2145 δείξας
1579 2112 1683 2148 αὐτοῖς,
1710 2113 1742 2144 ὡς
1763 2109 1784 2137 ἓν
1795 2104 1842 2154 τέξξε

1083 2155 1244 2193 διηγήσεως,
1260 2155 1330 2188 ὅπως
1343 2154 1397 2195 χρὴ
1411 2154 1490 2185 αὐτὸν
1507 2158 1664 2194 μιμεῖσθαι,
1682 2156 1766 2193 μέλλει
1783 2152 1843 2199 λῡιξέτ

1084 2199 1265 2229 καθάπτεσθαι
1287 2201 1388 2236 αὐτῶν,
1412 2201 1448 2233 ὥς
1461 2201 1491 2229 οὗ
1518 2201 1620 2239 optisz
1648 2200 1726 2229 αὐτὸν
1752 2199 1843 2244 ἆγιιπωξ·

1085 2257 1147 2275 των.
1178 2244 1246 2284 Πρὶν
1264 2244 1290 2273 δὲ
1316 2247 1392 2274 τοῦτο
1415 2247 1541 2281 ποιῆσαι,
1570 2244 1701 2274 δείκνυσιν
1724 2241 1798 2272 αὐτοῖς
1815 2241 1842 2269 π’

1084 2288 1184 2318 οἰκείαν
1201 2289 1326 2328 ἀγάπην,
1345 2289 1391 2318 καὶ
1407 2301 1486 2328 φησιν
1498 2312 1506 2328 ,
1524 2288 1565 2318 ὅτι
1583 2289 1634 2319 Ἀεὶ
1653 2290 1774 2328 βούλομαι
1789 2291 1843 2330 πρως

1084 2334 1174 2363 λαλεῖν
1198 2333 1259 2370 ὑμῖν
1283 2333 1329 2362 καὶ
1353 2333 1534 2372 διαλέγεσθαι,
1557 2334 1604 2363 χαὶ
1631 2331 1799 2376 ἀνυποστόλφς

1086 2377 1153 2417 μετὰ
1175 2378 1326 2419 παῤῥησίας
1343 2379 1446 2408 λαλεῖν.
1465 2379 1554 2408 Τοῦτο
1578 2378 1631 2417 γὰρ
1659 2379 1731 2414 δηλοῖ
1752 2374 1788 2404 διὰ

1087 2415 1101 2451 ὲ
1118 2415 1274 2463 Ἇνέῳγετὸ
1286 2422 1382 2460 στόμα.
1400 2433 1414 2452 ι)
1434 2422 1514 2452 Οὕτω
1529 2422 1558 2452 δὲ
1573 2415 1658 2462 λέγει,
1685 2418 1770 2454 ἔπειδῆ
1781 2415 1840 2455 tum)“

1085 2469 1173 2500 αὐτοῖς
1186 2470 1324 2507 ἐπιτιμᾷν,
1340 2467 1465 2497 δεικνύων
1483 2467 1524 2497 ὅτι
1545 2470 1622 2497 τοῦτο
1639 2467 1751 2506 μάλιστα
1764 2462 1840 2510 ἀγάπην

1084 2514 1100 2548 ἡ
1118 2513 1268 2553 παῤῥησία.
1298 2513 1337 2542 Οὐ
1355 2511 1435 2550 μόνον
1457 2512 1484 2541 δὲ
1499 2514 1537 2552 τῷ
1555 2512 1670 2546 στόματι
1695 2511 1796 2545 δείκνυμι
1811 2513 1839 2553 τῇ*

1084 2557 1192 2596 ἀγάπην
1203 2579 1211 2593 ,
1229 2556 1298 2586 ἀλλὰ
1322 2556 1369 2586 καὶ
1434 2556 1529 2597 καρδία
1539 2579 1547 2592 ,
1562 2558 1691 2586 πλατεῖαν
1705 2554 1790 2601 ταύτην
1800 2557 1840 2601 ἷρθί

1083 2603 1153 2640 ὑμᾶς
1173 2601 1252 2641 ἔχων.
1269 2600 1306 2632 Ἱί
1329 2601 1380 2642 γὰρ
1395 2601 1480 2640 θέρμη
1496 2604 1543 2637 τῆς
1559 2601 1666 2640 ἀγάπης
1691 2600 1733 2630 καὶ
1746 2597 1771 2626 τὸ

1084 2638 1134 2685 μου
1149 2638 1267 2686 ἄνοῖγει,
1281 2638 1390 2682 καὶττῆν
1412 2638 1524 2687 καρδίαν
1541 2638 1592 2685 μου
1613 2645 1755 2681 ἕπλάτυνι,
1766 2638 1838 2671 μηθ’

926 2780 1018 2810 Variae
1041 2780 1190 2811 lectiones.

265 2825 286 2842 ⁸⁷
300 2825 380 2852 πάντα
393 2825 492 2862 κατέχει
505 2833 532 2854 ο.
564 2834 567 2835 ⁷
