1867 3081
13 175 67 201 365

478 171 653 199 EXPOSITIO
674 171 705 199 IN
724 172 827 199 EPIST.
850 172 869 199 ll
889 173 934 199 AD
954 171 1031 199 COR.
1052 186 1087 192 —
1106 172 1180 199 CAP.
1200 173 1244 200 Vl.

1617 174 1668 201 866

13 239 90 274 ρεῖαν
121 233 264 271 ἐποίησεν,
297 232 366 262 ὥστε
392 232 494 267 πάντας
519 235 588 272 ὑμᾶς
611 235 725 274 χωρεῖν·
751 234 816 274 ὅπερ
833 238 878 271 At

916 241 959 262 cor
965 241 1058 262 meum
1064 233 1199 268 dilatavit,
1207 234 1385 270 amplumque
1392 234 1522 269 reddidit,
1531 239 1563 264 ut
1572 243 1669 264 omnes

13 280 62 308 καὶ
78 278 201 319 ἐπιφέρει
210 288 218 296 ·

57 337 70 351 αι
90 324 146 353 Καὶ
170 324 201 352 οὔ
223 323 428 363 στενοχωρεῖσθε
456 324 482 353 ἐν
514 323 596 361 ἡμῖν’
617 325 822 363 στενοχωρεῖσθε

13 369 45 398 δὲ
57 370 84 398 ἒν
100 372 158 402 τοῖς
183 368 345 408 σπλάγχνοις
369 369 452 405 ὑμῶν.
480 379 495 397 ι)
510 367 605 406 ’Υμεῖς
626 368 674 405 μὲν
687 391 694 404 ,
721 368 820 408 φησὶν,

14 414 45 442 ἐν
125 413 179 452 ἐμῇ
206 413 319 452 καρδίᾳ,
346 412 460 450 πλατείᾳ
485 412 570 452 οὔσῃ,
599 413 822 452 ἄστενοχωρήτως

14 457 155 497 χωρεῦετε
171 457 223 493 δν,
238 456 284 486 καὶ
300 459 386 486 ταῦτα
407 459 528 486 τοσοῦτοι
554 456 636 490 ὄντες.
651 457 700 487 Ἐν
725 457 753 486 δὲ
770 460 823 490 τοῖς

14 503 158 541 ὑμετέροις
186 501 350 541 σπλάγχνοις
381 502 559 542 στενοχωρίαν
595 502 696 537 πολλὴν
729 502 820 541 ἔχετε,

17 547 66 576 καὶ
95 547 127 576 οὖ
154 546 266 576 δύνασθε
290 545 413 580 πλατέως
441 546 565 586 χωρῆσαι(
589 559 638 583 με,
663 546 749 576 καίτοι
777 546 822 575 ἕνα

19 591 103 621 ὄντα·
130 591 281 627 τουτέστιν,
308 590 382 629 Ἐγὼ
409 590 455 629 μὲν
484 591 585 631 σφόδρα
613 593 682 629 ὑμᾶς
708 592 821 630 ἀγαπῶ,

20 637 97 673 ὑμεῖς
124 637 152 666 δὲ
177 637 300 675 ἀγαπᾶτε
325 636 373 674 μέν
398 647 449 674 με,
481 636 527 664 καὶ
557 635 634 675 ἔχετέ
660 647 694 674 με
719 638 745 665 ἒν
770 635 823 668 τοῖς

20 682 203 720 σπλάγχνοις,
228 681 286 710 ἀλλ’
312 680 567 720 ἐστενοχωρημένως
580 702 589 716 ,
619 680 666 710 καὶ
692 681 721 709 οὐ
749 681 822 709 πλα-

21 737 100 760 τεως.

66 783 81 798 ιι
98 770 160 805 Τὴν
184 769 211 799 δὲ
232 769 315 805 αὐτὴν
334 768 501 808 ἀντιμισθίαν
527 769 583 809 (ὥς
608 768 707 802 τέκνοις
731 768 822 808 λέγω)

21 814 190 850 πλατύνθητε
221 814 267 844 καὶ
290 816 375 851 ὑμεῖς.
401 824 416 843 n
444 813 500 850 Τὴν
527 814 611 849 αὐτὴν
635 813 752 851 ἀμοιϐὴν
775 813 821 842 καὶ

22 859 137 895 ἰσότητα
151 861 198 894 τῆς
220 858 309 899 φιλίας
332 859 515 898 εἷσενέγκατεξ,
532 859 577 888 καὶ
593 858 760 893 πλατύνθητε
779 858 824 887 καὶ

877 286 925 306 vos
944 279 1042 314 capiat.
1060 278 1132 307 Unde
1146 279 1228 306 etiam
1244 277 1327 307 infert
1343 286 1349 304 :

911 324 1001 352 Vsns.
1020 326 1063 351 12.
1087 334 1100 347 ι
1118 325 1153 351 Et
1164 331 1220 351 non
1234 323 1426 360 angustiamini
1440 324 1469 352 in
1485 323 1566 352 nobis
1589 333 1596 352 :
1617 332 1668 353 an-

877 368 1033 404 gustiamini
1043 372 1135 396 autem
1151 367 1179 396 in
1189 368 1338 396 visceribus
1346 368 1451 396 vestris.
1462 378 1476 395 n
1487 370 1554 402 Vos,
1570 369 1668 405 inquit.

877 413 905 440 in
924 412 1008 441 corde
1022 420 1096 447 meo,
1111 413 1167 440 lato
1185 412 1330 447 nimirum,
1356 413 1416 441 sine
1430 414 1556 449 angustia
1577 413 1669 442 locum

878 457 992 491 habetis,
1003 458 1084 493 idque
1099 465 1162 485 cum
1175 461 1218 485 tot
1228 458 1297 485 sitis.
1313 459 1342 485 ln
1358 458 1457 485 vestris
1470 461 1561 486 autem
1582 458 1670 486 visce~

877 502 955 529 ribus
976 510 1074 537 magna
1089 506 1131 530 est
1156 502 1292 538 angustia,
1315 510 1367 530 nec
1391 509 1445 535 me,
1472 502 1597 538 quamvis
1612 503 1672 531 uni-

877 555 952 579 cum,
968 547 1049 582 plene
1072 554 1169 582 capere
1183 546 1297 582 potestis
1317 556 1324 573 :
1347 547 1400 574 hoc
1417 550 1467 580 est,
1486 548 1542 583 Ego
1557 547 1670 582 quidem

877 592 956 619 valde
979 599 1027 619 vos
1040 591 1135 626 diligo,
1159 599 1207 619 vos
1225 599 1289 619 vero
1303 591 1417 627 diligitis
1437 591 1549 628 quidem
1574 599 1629 625 me,
1646 596 1672 619 ct

877 636 982 664 habetis
996 644 1042 664 me
1056 635 1082 663 in
1107 636 1263 668 visceribus,
1287 635 1337 663 sed
1353 640 1472 672 angusto
1493 635 1587 670 modo,
1615 645 1670 664 non

877 681 981 717 amplo.

910 772 1000 799 Vsns.
1018 773 1059 798 13.
1077 782 1089 795 ι
1115 770 1250 799 Eamdem
1264 775 1356 799 autem
1374 771 1597 805 retributionem,
1612 775 1672 800 tan-

877 823 960 852 quam
980 815 1044 843 ﬁliis
1057 815 1130 849 dico,
1143 815 1296 843 dilatamini
1311 820 1338 843 et
1350 824 1409 844 vos.
1431 828 1444 840 ν
1460 817 1606 851 Eamdem,
1632 818 1673 845 in-

879 860 949 896 quit,
965 860 1221 895 compensationem
1243 861 1370 889 amicitia
1384 865 1410 889 et
1422 862 1608 897 aequalitatem
1624 870 1672 890 vos

23 905 116 942 ὑμεῖς,
133 905 168 937 ὡς
185 903 230 932 καὶ
251 903 314 942 ἐγώ.
339 903 462 933 Δείκνυσι
479 903 506 932 δὲ
521 903 567 932 καὶ
589 902 666 942 χρέος
685 902 714 931 ὂν
733 905 822 931 τοῦτο·
838 899 862 930 Β

916 904 984 938 "crte,
1012 913 1044 932 ac
1068 905 1138 932 latos
1158 913 1206 932 vos
1227 913 1336 941 quoque
1357 905 1474 938 reddite,
1502 906 1617 941 perinde
1640 914 1672 934 ac

25 962 39 975 ι
55 947 105 982 Ὡς
131 948 230 980 τέκνοις
248 958 264 977 n
288 947 358 987 γὰρ,
374 948 456 988 φησὶ,
473 961 485 973 ι
508 946 594 986 λέγω·
623 958 639 976 ιδ
660 946 733 976 οὐδὲν
755 948 823 985 μέγα

26 994 113 1031 αὐτῷ,
140 994 162 1022 εἰ
189 993 279 1032 πατὴρ
303 991 354 1028 ὢν,
383 992 434 1022 ὕπὸ
453 992 551 1021 τέκνων
584 993 716 1031 φιλεῖσθαι
745 991 821 1025 ἀξιῶ.

24 1038 111 1077 Χρέος
125 1037 176 1077 γὰρ
190 1039 268 1066 τοῦτο
279 1037 332 1069 τοῖς
347 1037 436 1066 παισί.

71 1139 85 1156 ε
103 1127 151 1163 Μὴ
167 1127 267 1167 γίνεσθε
291 1128 504 1167 ἑτεροζυγοῦντες
520 1127 650 1160 ἀπίστοις.
674 1140 686 1153 ι
709 1125 770 1157 Ἵνα
785 1125 823 1164 μὴ

29 1173 93 1212 δόξῃ
109 1173 142 1201 δι’
162 1172 256 1202 ἑαυτὸν
277 1175 363 1201 ταῦτα
390 1172 494 1210 λέγειν,
510 1172 640 1201 δείκνυσιν
667 1172 707 1200 ὅτι
731 1170 774 1200 διὰ
795 1171 825 1201 τὸ

29 1218 136 1247 ἐκείνων
156 1217 246 1257 κέρδος
260 1217 354 1257 χρῄζει
367 1219 414 1252 τῆς
429 1216 517 1256 φιλίας
539 1217 640 1252 αὐτῶν,
665 1216 710 1245 καὶ
728 1215 825 1245 ὡσανεί

28 1274 107 1303 φησι·
123 1261 209 1292 Τοῦτό
231 1263 286 1291 ἐστι
301 1264 331 1291 τὸ
357 1263 465 1302 ἀγαπᾷν
493 1273 544 1300 με,
567 1261 596 1290 τὸ
620 1261 657 1299 μὴ
673 1260 819 1299 συναναμί-

28 1309 138 1346 γνυσθαι
159 1308 228 1345 ὑμᾶς
247 1307 300 1339 τοῖς
325 1306 445 1339 ἀπίστοις
472 1306 518 1335 καὶ
542 1305 683 1335 ἐπικλίνειν
709 1305 772 1345 πρὸς
796 1305 826 1334 τὸ

32 1345 112 1392 μέρος
138 1352 236 1381 αὐτῶν.
265 1351 326 1381 Οὖχ
351 1345 407 1380 εἷπε
438 1349 481 1386 δὲ,
506 1350 555 1385 Μὴ
581 1350 823 1388 συναναμίγνυσθε,

32 1396 112 1433 ἀλλὰ,
123 1394 189 1431 «Μὴ
200 1395 303 1434 γίνεσθε
315 1396 522 1435 ἑτεροζυγοῦντες
535 1395 600 1424 ⁸⁷“.
613 1408 624 1421 ι
636 1395 766 1432 τουτέστι,
777 1394 825 1430 Μὴ

31 1439 189 1470 ἀδικεῖτετὸ
204 1440 319 1476 δίκαιον,
344 1439 537 1477 ἕπικλινόμενοι
566 1439 612 1468 καὶ
640 1438 826 1479 προσκείμενοι

30 1479 69 1518 οῖς
84 1486 110 1514 οὖ
136 1483 220 1523 θέμις.
236 1484 277 1514 Τὸ
297 1484 347 1524 γὰρ
362 1484 542 1524 ἓτεροζυγεῗν,
563 1483 607 1513 ἐπὶ
631 1485 709 1523 ζυγοῦ
734 1484 825 1513 ἀδίκου

28 1529 150 1568 λέγεται,
166 1529 228 1558 ὅταν
238 1528 312 1568 ἡμία
327 1528 458 1568 πλάστιγξ
473 1530 557 1568 βαρῇ.

75 1630 87 1648 ι
101 1617 150 1652 Τίς
175 1617 226 1657 γὰρ
238 1616 338 1657 μετοχὴ
355 1617 510 1657 δικαιοσύνῃ
526 1617 572 1647 καὶ
593 1616 709 1657 ἅνομίᾳ;
722 1628 738 1645 ι
761 1617 825 1648 Ἐν-

32 1665 115 1692 ταῦθα
129 1663 180 1702 οὖχ
198 1664 292 1692 ἑαυτοῦ
308 1663 353 1692 καὶ
376 1664 429 1692 τῶν
455 1662 574 1692 ἀπίστων
589 1662 726 1702 σύγκρισιν
743 1666 827 1692 ποιεῖ-

33 1719 91 1744 ται,
108 1708 177 1737 ἀλλὰ
192 1710 240 1743 τῆς
265 1708 315 1736 τῶν
338 1707 483 1747 Κορινθίων
499 1708 593 1746 ἀρετῆς
609 1707 655 1735 καὶ
682 1707 826 1745 εὐγενείας,

33 1753 138 1788 καὶτῆς
163 1752 269 1782 ἐκείνων
294 1751 476 1792 φαυλότητος·
499 1751 598 1781 ὡσανεὶ
615 1753 629 1780 ὁ
648 1750 738 1790 πατὴρ
760 1753 826 1790 ὁρῶν

33 1799 76 1827 τὸν
105 1797 160 1827 υἱὸν
194 1796 390 1836 διεφθαρμένοις
423 1795 570 1836 ἀνθρώποις
599 1795 726 1831 συνόντα,
756 1796 826 1835 λέγει

33 1842 97 1880 πρὸς
116 1841 210 1871 αὐτόν·
236 1842 284 1874 Τίς
309 1840 433 1870 κοινωνία
518 1843 552 1880 σῇ
578 1839 694 1879 εὖγενείᾳ
723 1841 768 1868 καὶ
794 1841 827 1878 τῇ

32 1886 136 1916 ἐκείνων
162 1885 274 1926 μιαρίας
306 1884 401 1923 ’Υμεῖς
425 1881 488 1924 οὖν,
511 1884 591 1926 φησὶ,
615 1883 767 1919 δικαιοσύνη
785 1884 829 1913 αὗ-

34 1930 157 1971 τόχρημά
180 1932 241 1960 ἔστι
251 1943 257 1949 ·
273 1931 369 1960 ἐκεῖνοι
385 1930 413 1959 δὲ
428 1929 527 1968 ἀνομία
539 1941 546 1948 ·
564 1929 604 1963 τίς
619 1928 705 1958 τοίνυν
725 1928 827 1968 μετοχή

35 1977 95 2013 ὖμῖν
109 1976 258 2013 κᾶκείνοις;

78 2031 92 2049 ιι
112 2020 160 2054 Τίς
184 2019 212 2049 δὲ
238 2019 360 2049 κοινωνία
393 2018 461 2059 φωτὶ
495 2018 559 2059 πρὸς
589 2019 698 2052 σκότοςς
734 2017 774 2051 τίς
801 2017 828 2047 δὲ

37 2064 202 2105 συμφώνησις
230 2065 339 2103 Χριστῷ
367 2063 432 2103 πρὸς
450 2063 566 2102 Βελίαρ;
593 2074 608 2092 ι
628 2064 701 2093 [lact
724 2063 829 2105 rpp'wror:

41 2109 120 2138 θέλων
139 2108 233 2142 αὐτοὺς
256 2110 407 2144 ἀποστῆσαι
432 2109 485 2137 τῶν
508 2107 646 2144 ἀπίστων,
670 2108 716 2136 οὐκ
741 2102 826 2142 εἶπεν,

39 2153 76 2182 ὅτι
95 2153 143 2187 Τίς
166 2153 289 2182 κοινωνία
304 2155 358 2186 τοῖς
374 2155 420 2181 τοῦ
436 2151 522 2193 φωτὸς
546 2152 611 2191 πρὸς
627 2150 685 2184 τοὺς
703 2153 748 2180 τοῦ
766 2150 828 2180 σκό-

38 2197 143 2236 τουςςῆ
164 2199 219 2231 τοῖς
250 2199 295 2226 τοῦ
323 2198 438 2236 Χριστοῦ
464 2196 530 2237 πρὸς
557 2196 615 2230 τοὺς
643 2198 688 2226 τοῖο
714 2195 827 2235 Βελίαρ;

40 2243 95 2272 ἀλλ’
120 2242 187 2272 αὐτὰ
212 2241 246 2272 τὰ
269 2241 417 2282 πράγματα
447 2241 505 2271 ἀντὶ
531 2242 584 2282 τῶν
616 2239 766 2280 προσώπων
786 2240 829 2269 τέ-

39 2289 118 2323 θεικε,
144 2289 197 2325 φῶς
222 2286 267 2317 καὶ
291 2286 398 2325 σκότος,
424 2285 439 2316 ὃ
465 2286 545 2316 πλέον
568 2281 618 2322 ἦν·
643 2285 689 2314 καὶ
713 2285 828 2324 Χριστὸν

39 2332 80 2361 καὶ
96 2331 210 2371 Βελίαρ,
226 2331 241 2360 ὃ
264 2331 389 2369 σημαίνει
413 2331 457 2361 τὸν
484 2331 645 2365 ἀποστάτην.
662 2330 713 2359 Διὰ
735 2330 828 2359 τούτου

39 2377 63 2406 δὲ
76 2375 254 2416 φοϐερώτερον
267 2375 372 2408 πάντως
383 2374 427 2405 τὸν
440 2375 518 2414 λόγον
535 2375 669 2411 ἐποίησεν.

79 2431 94 2450 α
107 2420 145 2450 Ἣ
167 2420 207 2454 τίς
225 2420 299 2460 μερὶς
314 2421 400 2460 πιστῷ
424 2421 492 2458 μετὰ
508 2420 637 2458 ἀπίστους
655 2430 669 2448 ι
695 2418 830 2449 Ἐνταῦθα

41 2467 87 2495 τῶν
101 2465 250 2505 προσώπων
274 2463 465 2503 1μνήσοη,ἵνα
481 2464 519 2503 μὴ
542 2464 602 2503 δόξῃ
623 2463 718 2498 κακίας
739 2464 831 2497 ἁπλῶς

41 2511 204 2550 κατηγορεῖν,
251 2509 346 2550 ἀρετὴν
357 2509 486 2540 ἐπαινεῖν.

76 2568 88 2582 ι
101 2555 150 2589 Τίς
161 2555 189 2585 δὲ
211 2554 403 2594 συγκατάθεσις
422 2555 480 2594 ναῷ
503 2555 575 2584 Θεοῦ
605 2553 673 2594 μετὰ
699 2553 830 2590 εἰδώλων;

43 2599 128 2638 Ὑμεῖς
140 2600 192 2640 γὰρ
218 2599 281 2633 ναὸς
306 2600 378 2629 Θεοῦ
402 2599 462 2629 ἔστε
485 2600 589 2633 ζῶντος.
611 2612 622 2623 ι
640 2600 676 2629 Οἱ
697 2598 745 2637 μὲν
769 2597 831 2626 ἄπι-

43 2654 93 2673 στοι
118 2645 175 2674 ναοὶ
201 2643 317 2674 εἰδώλων
346 2643 429 2679 εἰσὶν,
450 2642 468 2679 ἢ
492 2643 538 2672 καὶ
561 2642 658 2672 εἴδωλα
671 2652 678 2660 ·
702 2642 776 2680 ὓμεῖς
800 2642 826 2671 δὲ

43 2688 95 2722 ναὸς
108 2689 176 2719 Θεοῦ
186 2700 194 2708 ο
213 2690 263 2728 οὐχ
277 2686 332 2719 οἵου
352 2688 425 2718 αὐτοὶ
441 2687 612 2727 μυθεύονται,
625 2687 694 2717 ἀλλὰ
720 2689 825 2721 ζῶντος.

878 958 938 986 ego.
969 949 1075 977 Iudicat
1098 954 1190 977 autem
1219 954 1245 977 et
1269 949 1322 977 hoc
1346 958 1404 978 esse
1422 950 1547 978 debitum
1563 960 1572 978 :
1593 962 1606 975 α
1634 953 1673 980 Ut

877 993 941 1022 ﬁliis
956 1005 968 1019 ι
985 994 1071 1027 enim,
1088 994 1187 1030 inquit,
1210 1005 1222 1018 ι
1238 994 1311 1022 dico.
1325 1006 1338 1018 ιι
1357 995 1429 1022 Nihil
1444 995 1538 1031 magni
1554 995 1672 1031 postulo,

879 1039 900 1066 si
916 1043 992 1075 pater
1016 1047 1079 1066 cum
1101 1040 1165 1072 sim,
1185 1047 1200 1066 a
1227 1039 1287 1067 ﬁliis
1314 1040 1400 1067 amari
1421 1040 1500 1076 cupio
1528 1051 1534 1068 :
1560 1040 1674 1069 interest

879 1083 951 1112 enim
964 1092 1115 1119 puerorum
1130 1084 1190 1111 hoc.

915 1129 1003 1156 Vens.
1033 1131 1074 1156 14.
1100 1139 1110 1152 ι
1134 1130 1173 1156 Ne
1187 1128 1221 1156 ad
1245 1129 1359 1157 alteram
1375 1129 1483 1157 lancem
1502 1129 1672 1159 acclinemini

879 1181 943 1201 cum
963 1172 1129 1201 inﬁdelibus.
1154 1184 1166 1197 ι
1179 1174 1220 1201 Ne
1235 1178 1347 1210 propter
1369 1175 1490 1210 seipsum
1506 1175 1556 1203 ista
1583 1176 1674 1204 dicere

880 1218 1016 1251 videatur,
1023 1217 1147 1246 ostendit
1157 1217 1232 1254 quod
1245 1222 1356 1254 propter
1370 1219 1493 1254 ipsorum
1503 1220 1610 1248 lucrum
1618 1220 1676 1248 illo-

879 1270 942 1290 rum
965 1263 1085 1290 amicitia
1108 1262 1220 1299 indiget,
1237 1263 1274 1290 ita
1289 1262 1376 1291 ferme
1395 1263 1519 1300 inquiens
1535 1274 1541 1292 :
1559 1265 1620 1293 Hoc
1634 1269 1676 1292 est

881 1306 992 1342 diligere
1003 1315 1060 1341 me,
1072 1307 1094 1335 si
1110 1315 1166 1335 non
1179 1307 1379 1336 commisceatis
1390 1316 1437 1336 vos
1448 1308 1612 1343 inﬁdelibus,
1623 1317 1675 1338 nec

880 1351 915 1379 ad
930 1359 1026 1380 eorum
1045 1355 1137 1388 partes
1150 1352 1297 1380 inclinatis.
1316 1353 1378 1380 Non
1404 1353 1473 1381 dixit
1493 1357 1599 1388 autem,
1614 1356 1674 1382 Non

880 1395 1122 1430 commisceamini,
1137 1396 1196 1430 sed,
1212 1408 1224 1420 ι
1238 1398 1279 1425 Ne
1295 1397 1329 1425 ad
1342 1397 1456 1425 alteram
1471 1398 1576 1426 lancem
1598 1399 1674 1426 incli-

880 1441 994 1474 nemini,
1012 1453 1024 1464 ιι
1040 1441 1092 1469 hoc
1101 1445 1154 1475 est,
1168 1442 1310 1469 Justitiam
1324 1441 1423 1477 injuria
1443 1450 1478 1470 ne
1491 1442 1626 1477 efﬁciatis,
1642 1443 1675 1471 iis

880 1486 983 1513 scilicet
995 1485 1131 1519 inclinati,
1155 1490 1182 1513 et
1201 1486 1386 1520 adhaerentes,
1401 1487 1501 1522 quibus
1523 1495 1581 1515 non
1603 1488 1673 1516 licet.

881 1531 952 1558 Nam
977 1529 1129 1565 ίτεροζυγεῖν
1151 1529 1185 1558 de
1209 1530 1307 1566 injusta
1331 1530 1400 1558 libra
1424 1531 1539 1565 dicitur,
1564 1531 1675 1568 quando

880 1574 1014 1602 nimirum
1031 1574 1115 1602 altera
1138 1575 1199 1602 lanx
1212 1575 1318 1610 gravior
1335 1575 1478 1603 exstiterit.

919 1631 932 1643 ι
946 1620 1016 1654 Quae
1026 1620 1101 1647 enim
1111 1619 1401 1656 participatiojustitiae
1412 1629 1476 1648 cum
1489 1620 1650 1656 iniquitate?
1662 1633 1674 1645 υ

882 1664 934 1692 Hic
957 1671 1013 1692 non
1049 1663 1176 1699 suiipsius
1201 1667 1229 1692 et
1259 1664 1409 1693 inﬁdelium
1443 1665 1676 1701 comparationem

880 1707 957 1742 facit,
988 1708 1036 1736 sed
1067 1708 1276 1737 Corinthiorum
1308 1709 1415 1737 virtutis
1441 1714 1469 1737 et
1492 1710 1677 1745 ingenuitatis,

880 1753 1048 1788 illorumque
1075 1753 1214 1788 pravitatis
1231 1763 1237 1780 :
1255 1753 1367 1788 perinde
1381 1761 1413 1781 ac
1437 1753 1459 1781 si
1487 1758 1563 1790 pater
1583 1754 1677 1782 videns

881 1797 969 1825 ﬁlium
983 1805 1047 1824 cum
1062 1797 1218 1825 hominibus
1236 1797 1391 1833 depravatis
1402 1803 1626 1834 conversantem,
1643 1798 1677 1826 ad

881 1849 946 1870 eum
960 1841 1054 1869 dicat:
1067 1842 1135 1875 Quae
1148 1845 1190 1869 est
1203 1841 1416 1869 communicatio
1428 1846 1484 1870 tua:
1500 1843 1676 1878 generositati

881 1894 946 1914 cum
961 1886 1071 1913 illorum
1095 1885 1264 1921 pollutione?
1285 1887 1340 1913 Vos
1355 1886 1439 1922 igitur
1460 1887 1560 1922 reipsa,
1575 1887 1676 1922 inquit,

880 1930 989 1966 justitia
998 1929 1078 1963 estis;
1097 1929 1135 1957 illi
1152 1937 1215 1958 vero
1229 1930 1360 1965 iniquitas
1381 1939 1388 1957 :
1413 1930 1478 1965 quid
1503 1930 1586 1967 igitur
1600 1931 1677 1959 vobis

881 1983 946 2003 cum
972 1975 1023 2002 illis
1035 1982 1183 2002 commune
1195 1978 1237 2002 est
1246 1977 1260 2002 φ

917 2021 1007 2048 Vsss.
1025 2022 1086 2048 15.x
1099 2019 1167 2054 Quae
1174 2023 1267 2047 autem
1289 2019 1404 2047 societas
1415 2019 1469 2047 luci
1488 2019 1524 2047 ad
1535 2019 1678 2048 tenebras?

883 2065 950 2100 Quae
975 2067 1017 2092 est
1036 2063 1182 2092 conventio
1202 2063 1310 2092 Christo
1335 2063 1369 2092 ad
1382 2064 1488 2092 Belial?
1511 2076 1523 2089 ι
1539 2064 1677 2093 Omnibus

883 2109 975 2137 modis
989 2108 1082 2136 volens
1096 2113 1127 2136 ut
1154 2108 1205 2144 ipsi
1220 2108 1350 2136 deﬁciant
1369 2109 1404 2137 ab
1428 2109 1596 2143 inﬁdelibus,
1622 2117 1678 2138 non

883 2153 961 2188 dixit,
976 2154 1044 2188 Quae
1058 2153 1141 2188 277
1160 2157 1199 2181 est
1214 2154 1330 2181 societas
1344 2153 1486 2182 illustratis
1497 2155 1598 2182 lumine
1612 2162 1676 2182 cum

883 2197 1081 2226 tenebricosisi‘
1104 2197 1146 2225 vel
1159 2197 1323 2226 Christianis
1338 2206 1401 2226 cum
1414 2199 1569 2232 ,Belialitis?
1584 2207 1679 2226 verum

884 2250 928 2271 res
945 2243 1016 2279 ipsas
1042 2249 1092 2278 pro
1107 2242 1232 2278 peronis
1256 2243 1358 2278 posuit,
1374 2243 1466 2271 lumen
1482 2247 1509 2271 et
1530 2244 1677 2278 tenebras;

883 2287 956 2324 quod
972 2288 1031 2323 plus
1040 2292 1098 2315 est:
1119 2291 1147 2316 et
1156 2287 1296 2315 Christum
1310 2291 1338 2315 et
1350 2288 1443 2322 Belial,
1456 2287 1530 2324 quod
1544 2288 1680 2324 signiﬁcat

884 2332 1061 2360 desertorem.
1078 2332 1150 2360 Hinc
1163 2336 1256 2360 autem
1273 2332 1390 2360 omnino
1407 2333 1601 2361 terribiliorem
1614 2341 1679 2361 ora-

885 2377 987 2406 tionem
1010 2375 1083 2405 fecit.

923 2433 936 2446 ι
950 2423 1006 2450 Aut
1019 2429 1081 2458 quae
1096 2425 1137 2450 est
1150 2429 1214 2458 pars
1229 2421 1303 2450 ﬁdeli
1314 2429 1380 2449 cum
1394 2421 1518 2450 inﬁdeli?
1532 2434 1545 2447 ι
1559 2423 1613 2451 Hic
1621 2431 1681 2460 per-

885 2473 1018 2496 sonarum
1044 2466 1186 2501 meminit,
1212 2474 1250 2494 ne
1276 2466 1400 2495 videatur
1426 2467 1492 2496 vitia
1517 2468 1680 2505 simpliciter

885 2519 1023 2546 accusare,
1039 2512 1080 2539 vel
1095 2512 1228 2539 virtutem
1240 2511 1446 2540 commendare.

920 2558 1009 2585 Vnus.
1031 2559 1076 2584 ιϐ.
1107 2567 1120 2580 ει
1143 2556 1210 2591 Quis
1224 2559 1318 2584 autem
1332 2564 1481 2585 consensus
1500 2557 1608 2593 templo
1628 2557 1680 2585 Dei

885 2609 947 2629 cum
960 2601 1060 2629 idolis?
1075 2601 1131 2628 Vos
1144 2600 1219 2628 enim
1232 2601 1298 2628 estis
1311 2601 1447 2637 templum
1464 2600 1512 2629 Dei
1528 2601 1651 2629 viventis.
1666 2613 1678 2626 ι

880 2645 1006 2674 lnﬁdeles
1027 2653 1092 2674 sane
1106 2645 1208 2680 templa
1223 2645 1361 2674 idolorum
1380 2650 1454 2679 sunt,
1471 2645 1512 2673 vel
1523 2645 1582 2680 ipsa
1596 2646 1678 2674 etiam

882 2689 966 2718 idola.
993 2691 1050 2718 Vos
1076 2694 1169 2718 autem
1189 2690 1329 2726 templum
1356 2690 1406 2718 Dei
1429 2690 1505 2724 estis,
1534 2697 1592 2718 non
1617 2690 1681 2719 talis

722 2753 816 2784 Variae
838 2753 988 2784 lectiones.

75 2822 108 2840 θ’
122 2823 159 2852 is.
174 2823 298 2859 χωρεῖσθε
314 2831 340 2851 ο.
380 2822 428 2839 ⁸⁷η
446 2822 478 2858 μὴ
493 2823 661 2858 ἐτεροζυγεῖτε
677 2830 703 2850 0.
