1867 3081
227 180 280 206 867

226 240 335 277 qualem
348 240 398 276 ipsi
418 240 534 276 ﬁngunt,
553 240 612 275 sed,
633 241 762 270 viventis.
777 242 842 277 Quis
855 242 941 277 igitur
953 249 1022 269 con-
1037 241 1064 274 Α

225 293 332 319 sensus,
348 285 376 314 id
401 289 453 320 est,
481 285 645 320 similitudo,
671 287 829 321 conventio,
859 287 935 315 vobis
956 294 1022 314 cum

227 330 286 358 istis
301 331 314 358 ἓ

264 386 278 399 ι
293 375 371 403 Sicut
383 374 452 403 dixit
463 369 553 403 Deusd
565 385 570 403 :
583 375 721 410 Quoniam
732 375 891 404 inhabitabo
902 377 930 404 in
945 375 1021 412 ipsis.

227 423 255 448 et
266 419 454 454 inambulabo,
470 427 573 456 eroque
588 421 711 456 ipsorum
727 423 812 455 Deus,
827 425 855 450 et
868 421 918 458 ipsi
942 424 1023 449 erunt

227 464 293 492 mihi
308 465 435 500 populus.
462 476 475 490 ι
492 466 534 493 Ne
547 465 649 494 adulari
672 466 805 500 videatur,
827 474 859 494 ex
883 466 1022 502 Scriptura

227 510 375 537 conﬁrmat
387 509 462 546 quod
471 510 529 538 sint
543 511 678 546 templum
692 512 755 539 Dei.
764 511 845 546 Quod
861 511 942 548 igitur
953 513 1022 539 Deus

227 554 254 582 in
266 554 346 582 nobis
358 554 475 588 habitet,
496 555 597 591 prioris
615 556 679 584 vitae
692 557 796 592 puritas
811 565 877 584 sane
898 556 999 592 praebet
1013 565 1020 583 :

227 598 303 635 quod
327 607 389 626 vero
404 599 538 634 ambulet,
565 605 679 629 conatus
700 601 813 636 posthac
834 605 861 629 et
882 601 1022 637 diligentia

227 643 303 672 facit.
323 644 392 672 Cum
406 645 479 672 enim
499 644 584 673 homo
599 654 682 681 purus
697 646 790 678 fuerit,
805 646 941 674 inhabitat
958 654 1021 673 eum

227 688 303 716 Deus
317 697 323 716 :
340 693 412 724 post,
429 690 451 717 si
472 689 507 717 ad
532 689 606 718 aliud
623 690 764 726 quoddam
781 699 849 727 opus
869 694 1022 723 moveatur,

227 732 395 761 inambulare
417 733 530 768 dicitur,
553 735 664 771 quando
700 735 802 763 scilicet
828 737 913 770 Deus,
940 735 1023 771 ipsius

228 777 260 804 ﬁt
287 779 373 813 Deus,
395 778 432 806 ita
460 779 488 807 in
523 780 742 815 patriarcharum
776 780 902 808 ordinem
931 788 1024 808 ascen-

228 821 329 850 dentis.

264 868 349 896 Vsns.
369 870 410 918 lt.
422 879 440 918 ,α
456 869 572 918 Propter
585 868 659 905 quod
673 869 745 918 exite
760 869 794 898 de
813 869 904 898 medio
915 877 1022 904 eorum,
1039 886 1063 918 Β

227 915 254 939 et
267 912 441 948 separamini,
461 917 488 941 et
511 913 652 950 impurum
679 915 765 942 nolite
784 919 907 951 tangere,
932 919 959 942 et
974 922 1023 951 ego

227 956 375 992 suscipiam
395 965 454 991 vos,
477 957 543 985 dicit
567 959 724 986 Dominus“.
745 970 757 983 ι
779 960 840 987 Νοι]
869 959 947 993 dixit,
983 961 1023 987 Ne

228 1000 316 1037 agatis
329 1001 457 1035 absurda,
470 1002 528 1036 sed,
547 1014 560 1027 ι
578 1005 616 1030 Ne
633 1004 756 1039 attingite
770 1015 782 1029 -
800 1004 921 1040 quidem.
935 1005 1025 1039 impu-

227 1045 293 1074 ritas
316 1050 408 1074 autem
429 1046 529 1082 duplex
551 1052 594 1075 est
622 1058 628 1075 :
654 1048 739 1076 altera
758 1049 871 1085 quidem
890 1049 1024 1084 corporis,

228 1089 312 1118 altera
330 1099 395 1119 vero
424 1091 524 1120 animae
552 1101 559 1120 :
586 1093 686 1121 anima:
710 1093 834 1129 quidem,
862 1097 893 1121 ut
907 1092 1026 1121 sordidae

229 1135 418 1171 cogitationes,
444 1140 473 1164 et
493 1137 591 1165 intueri
616 1137 761 1174 impudicis
782 1138 878 1172 oculis,
900 1137 1026 1166 vindictze

228 1179 373 1215 cupiditas,
385 1180 452 1215 doli,
475 1181 557 1218 idque
582 1190 670 1218 genus
692 1183 745 1210 alia
764 1192 770 1210 :
798 1183 922 1218 corporis
949 1190 1024 1216 vero,

229 1229 261 1252 ut
285 1224 437 1259 fornicatio,
460 1226 635 1261 adulterium,
671 1228 819 1264 omnisque
840 1227 1023 1264 impudicitia.

229 1269 295 1297 Vult
306 1270 388 1306 igitur
402 1270 535 1306 utrinque
548 1279 601 1300 nos
626 1279 685 1300 esse
698 1281 793 1308 puros.
808 1273 886 1301 Exite
905 1272 989 1307 igitur
1010 1279 1025 1299 e

228 1313 321 1342 medio
347 1314 511 1350 inﬁdelium,
537 1320 567 1344 et
589 1318 784 1353 segregemini,
813 1317 866 1346 hoc
894 1321 948 1351 est,
975 1317 1026 1345 soli

228 1358 313 1394 agite,
328 1359 500 1395 separemini,
525 1364 553 1388 et
571 1361 631 1397 puri
646 1365 743 1395 estote,
755 1366 782 1390 et
803 1366 864 1390 tum
878 1362 1026 1398 suscipiam

229 1410 286 1431 vos.
303 1403 375 1432 Cum
395 1405 470 1432 enim
496 1404 652 1434 discesseris
675 1414 690 1434 a
718 1406 817 1443 pravis,
847 1410 908 1435 tum
925 1407 1026 1435 unieris

229 1448 303 1476 Deo.

264 1493 356 1521 Vens.
369 1497 396 1522 8.
413 1505 426 1518 -
444 1495 477 1522 Et
501 1501 549 1522 ero
562 1494 638 1522 vobis
663 1495 692 1523 in
707 1496 828 1529 Patrem,
844 1499 872 1524 et
885 1504 933 1524 vos
948 1497 1024 1525 eritis
1042 1481 1065 1513 θ

230 1537 298 1565 mihi
315 1538 343 1565 in
363 1538 436 1566 ﬁlios
447 1543 476 1566 et
487 1538 567 1571 ﬁlias,
578 1539 645 1567 dicit
658 1541 794 1568 Dominus
808 1541 996 1576 omnipotens.
1012 1554 1024 1566 ιι

230 1582 327 1610 Viden‘
353 1583 401 1618 qui
415 1582 573 1618 praedixerit
598 1584 744 1620 propheta,
771 1593 832 1620 quae
850 1586 909 1621 jam
932 1585 961 1614 in
975 1594 1027 1615 nos

229 1626 354 1662 pervenit
366 1634 414 1662 per
427 1627 574 1663 baptisma,
592 1629 833 1664 regenerationem
851 1630 1026 1667 ﬁliorumque

233 1670 411 1706 adoptionem
425 1673 436 1699 Ρ

541 1725 664 1754 CAPUT
675 1728 736 1756 VII.

267 1787 356 1815 Vsns.
374 1790 399 1815 1.
413 1799 426 1812 ιι
438 1788 497 1816 Has
515 1796 580 1825 ergo
593 1788 726 1819 habentes
741 1791 946 1828 promissiones,
961 1793 1025 1821 cha-

230 1831 340 1866 rissimi,
356 1833 524 1862 mundemus
539 1841 589 1862 nos
601 1835 636 1863 ab
653 1836 728 1863 omni
747 1836 955 1872 inquinamento
966 1846 1026 1866 car-

231 1876 272 1904 nis
285 1880 314 1904 et
335 1877 453 1913 spiritus.
470 1890 483 1904 υ
511 1879 612 1914 Quales
626 1880 836 1916 promissiones?
851 1882 931 1918 Quod
953 1887 1025 1911 tem-

230 1922 304 1958 plum
323 1921 409 1951 simus
430 1923 482 1952 Dei
507 1931 513 1949 :
530 1925 602 1960 quod
617 1924 771 1953 habeamus
784 1927 983 1955 inhabitantem
999 1928 1026 1956 in

229 1967 312 1994 nobis
325 1971 354 1995 et
380 1967 598 1996 inambulantem
627 1970 717 2005 ipsum
743 1972 834 1999 Deum
857 1976 884 1999 et
906 1973 1025 2000 Patrem.

232 2011 317 2047 278
335 2013 490 2048 Purgemus
500 2013 627 2049 nosipsos
635 2015 669 2043 ab
683 2015 799 2051 impuris
812 2016 943 2052 operibus
958 2017 1026 2050 (haec

229 2056 304 2083 enim
330 2057 422 2084 carnis
449 2060 513 2085 sunt
535 2057 730 2094 coinquinatio)
758 2065 787 2088 et
810 2068 825 2088 a
850 2060 967 2089 sordidis
991 2070 1023 2090 ac

229 2099 348 2128 turbidis
361 2101 574 2137 cogitationibus
586 2113 594 2137 ς
608 2103 666 2132 haec
685 2105 758 2133 enim
772 2109 839 2134 sunt
852 2106 1025 2135 contamina-

230 2144 269 2173 tio
283 2145 406 2180 spiritus,
420 2146 448 2174 id
461 2150 513 2182 est,
538 2148 645 2176 animae.

269 2201 282 2214 ι
297 2190 472 2220 Perﬁcientes
486 2193 736 2222 sanctiﬁcationem
760 2194 790 2222 in
809 2195 910 2224 timore
935 2196 995 2224 Dei.
1012 2209 1025 2222 ι

231 2235 295 2263 Non
331 2236 398 2265 satis
424 2241 476 2272 est,
503 2238 604 2274 inquit,
635 2238 773 2267 abstinere
799 2239 833 2268 ab
860 2240 1026 2277 impuritate,

230 2288 324 2308 verum
344 2289 412 2317 opus
424 2286 467 2310 est
484 2282 568 2310 etiam
579 2283 678 2319 aliquid
693 2284 756 2312 boni
772 2285 915 2320 perﬁcere,
927 2294 1027 2323 nempe

229 2325 486 2361 sanctiﬁcationetn,
503 2327 531 2355 id
551 2331 603 2362 est,
621 2328 776 2364 puritatem,
803 2332 1026 2366 temperantiam.

231 2381 242 2394 ι
268 2370 302 2397 In
314 2370 415 2399 timore
433 2383 445 2395 ι
461 2375 555 2399 autem
574 2383 587 2396 σι
603 2373 664 2406 Dei,
679 2383 693 2398 ›ι
708 2374 842 2409 apposuit,
856 2376 897 2403 vel
912 2377 973 2412 quia
987 2380 1029 2405 est

231 2415 412 2449 temperantia
428 2415 564 2450 instituta,
581 2421 612 2445 ut
624 2417 727 2452 placeat
742 2418 908 2454 hominibus,
922 2425 951 2448 et
973 2429 1028 2449 non

228 2459 256 2486 in
273 2458 377 2486 timore
391 2459 442 2487 Dei
469 2469 477 2488 :
502 2461 543 2488 vel
565 2461 686 2490 ostendit
704 2463 783 2490 nobis
801 2465 941 2499 quomodo
955 2465 1027 2495 hanc

230 2503 416 2540 perﬁciamus,
441 2512 555 2541 nempe,
575 2506 603 2534 in
624 2507 728 2535 timore
752 2508 814 2536 Dei.
830 2510 901 2537 Nam
920 2510 1027 2540 etiamsi

229 2547 324 2576 smviat
334 2549 555 2585 concupiscentia
567 2551 668 2585 carnis,
682 2552 809 2580 timorem
829 2553 879 2581 Dei
895 2554 975 2591 habe,
995 2564 1027 2584 ac

228 2593 340 2621 tolletur
355 2593 469 2622 insania.
495 2595 557 2623 Non
581 2596 668 2624 solam
696 2601 789 2625 autem
811 2601 1024 2635 temperantiam

230 2646 278 2674 per
291 2639 506 2668 sanctimoniam
525 2641 672 2677 intelliges.
687 2649 785 2671 verum
799 2644 881 2672 etiam
900 2646 1025 2681 quamvis

229 2683 258 2712 in
272 2683 327 2712 vita
342 2685 501 2720 puritatem.

264 2737 279 2759 ⁸¹
294 2743 385 2771 Levit.
400 2751 487 2780 xxvr,
503 2747 547 2773 12.
585 2750 596 2763 ·
613 2746 667 2774 Isa.
688 2753 743 2782 LII,
758 2749 802 2775 11.

1039 2132 1067 2165 D

735 179 990 208 THEOPHYLACTI
1010 176 1188 204 BULGARIE
1207 175 1363 204 ARCHIEP.

1793 179 1824 204 Bﬁi

1079 239 1129 272 Τίς
1153 234 1198 268 οὖν
1220 238 1424 278 συγκατάθεσις,
1446 237 1604 275 ’τουτέστιν,
1629 237 1755 278 ὁμοιότης,
1775 239 1824 268 συνέ-

1079 285 1167 317 λευσις
1175 307 1183 320 ,
1198 285 1260 322 ὗμῖν
1271 284 1334 324 πρὸς
1344 282 1468 322 τούτους,

1117 388 1129 400 ι
1149 374 1247 408 Καθὼς
1262 369 1335 404 εἶπεν
1350 376 1364 403 ὁ
1385 373 1468 409 Θεὸς,
1491 375 1532 404 ὅτι
1547 373 1694 409 Ἐνοικήσω
1717 375 1739 403 ἐν
1755 375 1825 410 αὐτοῖς,

1077 419 1123 448 καὶ
1154 419 1384 459 ἐμπεριπατήσω,
1413 419 1459 448 καὶ
1485 419 1582 458 ἔσομαι
1611 420 1694 448 αὐτῶν
1719 419 1780 456 Θεὸς,
1798 419 1826 448 xxi

1078 464 1152 493 αὐτοὶ
1166 465 1271 494 ἔσονταί
1293 476 1338 502 μοι
1361 464 1430 497 λαός.
1453 477 1463 489 ι
1484 463 1544 494 Ἵνα
1568 463 1605 503 μὴ
1622 463 1680 502 δόξῃ
1698 464 1826 499 κολακεύειν,

1078 508 1131 538 ἀπὸ
1145 511 1191 545 τ’ἦς
1208 510 1317 549 Γραφῆς
1328 508 1458 538 δείκνυσιν
1470 508 1510 537 ὅτι
1523 509 1573 537 εἶσὶ
1587 508 1648 541 ναὸς
1665 509 1738 539 Θεοῦ.
1752 508 1782 537 Τὸ
1797 509 1825 547 μὲν

1078 555 1212 589 ἐνοικῆσαι
1225 556 1252 583 ἕν
1274 555 1336 592 ἡμῖν
1352 554 1396 583 τὸν
1411 553 1481 583 Θεὸν
1490 576 1499 590 ,
1521 553 1641 593 προξενεῖ
1654 555 1670 589 ἧ
1684 556 1723 582 τοῦ
1737 554 1826 592 προτέρου

1079 598 1136 637 βίου
1164 599 1312 638 καθαρότης
1324 610 1330 617 ·
1345 599 1376 627 τὸ
1399 598 1426 627 δὲ
1449 598 1496 628 καὶ
1512 599 1737 637 ἓμπεριπατῆσαι,
1754 600 1766 633 ἡ
1783 598 1827 635 1157i

1077 645 1161 672 ταῦτα
1175 644 1285 680 σπουδή.
1309 644 1427 683 Καθαρῷ
1442 643 1493 682 γὰρ
1508 643 1564 672 ὄντι
1584 645 1621 683 τῷ
1637 643 1755 682 ἀνθρώπῳ
1765 644 1827 671 ἐνοικεῖ

1077 689 1092 717 ὃ
1103 688 1173 722 Θεός
1185 700 1191 707 ’
1208 683 1265 717 εἶτα
1282 688 1328 717 καὶ
1353 688 1418 728 πρὸς
1440 688 1518 727 ἕτερα
1542 688 1624 717 πάλιν
1641 688 1701 727 ἔργα
1724 687 1827 726 nimiam}

1077 733 1268 772 ἐμπεριπατεῖν
1282 734 1388 772 λέγεται
1397 744 1404 751 °
1419 731 1462 762 ὅτε
1476 733 1507 768 δὴ
1532 732 1579 762 καὶ
1593 732 1662 766 Θεὸς
1679 733 1749 760 αὐτοῦ
1761 734 1828 771 γίνεται

1077 777 1092 805 ὁ
1103 778 1183 816 Θεὸς,
1197 779 1232 811 εἰς
1247 776 1294 813 τὴν
1315 777 1388 811 τάξιν
1409 779 1462 806 τῶν
1481 778 1658 817 πατριαρχῶν
1673 775 1826 807 ἀναϐαίνοντος.

1122 876 1135 893 α
1153 864 1201 894 Διὸ
1226 863 1341 898 ἔξέλθετε
1365 865 1397 893 ἐκ
1415 863 1496 903 μέσου
1513 863 1601 892 αὐτῶν
1627 863 1672 893 καὶ
1696 861 1827 903 ἆρορίσθητι,

1078 909 1124 939 καὶ
1141 909 1292 949 ἀκαθάρτου
1313 908 1350 948 μὴ
1371 909 1499 946 ἅπτεσθε,
1520 909 1599 948 κάγὼ
1625 908 1759 945 εἰσδέξομαι
1771 909 1826 945 ὑμεῖς,

1078 954 1149 993 λέγει
1179 955 1287 994 Κύριος.
1319 967 1330 980 ›ι
1349 955 1409 983 Οὐκ
1433 950 1506 990 εἷπε,
1536 954 1584 989 Μὴ
1619 954 1743 992 πράττητε
1762 954 1828 986 item.

1079 999 1166 1035 ἀλλὰ,
1181 1012 1192 1025 ι
1205 999 1282 1034 Μηδὲ
1301 998 1427 1030 ἅπτεσθε.
1446 1012 1457 1025 ι
1473 999 1509 1029 Ἣ
1525 999 1552 1028 δὲ
1568 998 1714 1038 ἀκαθαρσία
1733 997 1803 1032 διττή·
1818 996 1828 1030 ἦ

1080 1043 1219 1082 σώματος,
1235 1043 1253 1078 ἢ
1268 1045 1355 1084 ψυχῆς
1366 1054 1373 1061 ’
1392 1045 1478 1084 ψυχῆς
1500 1044 1565 1082 μὲν,
1584 1046 1621 1077 ὡς
1635 1045 1657 1073 οἱ
1678 1042 1828 1083 ῥυπαροὶ

1079 1088 1157 1127 σμοὶ,
1182 1087 1274 1118 καὶτὸ
1300 1088 1434 1128 ἐμϐλέψαι
1460 1088 1620 1122 ἀκολάστοις
1644 1089 1786 1128 ὀφθαλμοῖς,
1802 1087 1828 1114 iui

1080 1132 1272 1171 μνησικακίαι,
1291 1133 1337 1162 καὶ
1362 1134 1434 1162 δόλοι
1442 1156 1452 1171 ,
1476 1134 1522 1162 καὶ
1543 1133 1578 1162 τὰ
1605 1136 1726 1162 τοιαῦτα·
1747 1131 1828 1168 diem

1080 1177 1124 1213 δὲ,
1141 1179 1175 1210 ὡς
1187 1177 1295 1216 πορνεία
1306 1200 1314 1214 ,
1327 1177 1448 1217 μοιχεία,
1464 1178 1508 1207 καὶ
1524 1182 1601 1207 πᾶσα
1617 1177 1643 1197 ⁸⁸
1657 1176 1827 1215 ἀσέλγεια-Βαᾶ-

1079 1222 1154 1250 λεται
1174 1222 1260 1251 τοίνυν
1280 1221 1441 1262 ἑκατέρωθεν
1457 1225 1527 1260 ἡμᾶς
1542 1217 1610 1252 εῖναι
1627 1224 1754 1262 καθαρούς.
1771 1219 1830 1252 Ἐξέλ-

1079 1269 1139 1296 θετε
1163 1262 1208 1296 οὖν
1229 1268 1259 1296 ἐκ
1285 1267 1367 1306 μέσου
1392 1269 1444 1297 τῶν
1464 1268 1601 1305 ἀπίστων,
1631 1268 1676 1297 καὶ
1700 1265 1828 1306 ἀφορίσθητε,

1080 1311 1216 1348 τουτέστι,
1235 1312 1370 1350 μονώθητε
1385 1312 1429 1342 καὶ
1442 1312 1622 1352 καθαρίσθητι
1635 1336 1643 1350 ,
1659 1311 1701 1342 καὶ
1714 1311 1763 1340 τότε
1774 1308 1829 1339 εἰσδέ-

1080 1356 1158 1394 ξομαι
1182 1359 1261 1395 ὑμᾶς.
1285 1356 1374 1387 Ὅταν
1402 1357 1453 1398 γὰρ
1479 1358 1641 1396 ἀπαλλαγῇς
1668 1357 1718 1386 τῶν
1742 1354 1830 1393 πονηρῶν

1079 1400 1137 1430 τότε
1153 1401 1271 1442 ἑνωθήσῃ
1286 1402 1360 1441 Θεῷ.

1121 1505 1133 1517 ι
1149 1491 1205 1521 Καὶ
1231 1490 1326 1530 ἔσομαι
1342 1493 1404 1530 ὑμῖν
1420 1494 1457 1525 εἷς
1472 1491 1599 1532 Πατέρα,
1627 1492 1673 1521 καὶ
1694 1493 1758 1528 ὓμεῐς
1774 1489 1831 1518 ἔσεσθε

1081 1547 1126 1575 μοι
1149 1539 1184 1570 εἰς
1214 1536 1284 1570 υἳοὶις
1307 1536 1353 1566 καὶ
1379 1536 1538 1576 θυγατέρας,
1563 1536 1634 1575 λέγει
1662 1536 1751 1576 Κύριος
1768 1545 1850 1564 παντθη

1081 1582 1197 1623 κράτωρ.
1216 1593 1230 1610 ο
1248 1581 1348 1623 ⁸ορᾷς,
1374 1584 1430 1616 πῶς
1460 1582 1682 1623 προανεφώνησεν
1702 1584 1715 1611 ὃ
1737 1580 1831 1620 προφήτης

1080 1626 1127 1663 τὴν
1155 1628 1190 1660 εἷς
1217 1630 1288 1666 ἡμᾶς
1314 1631 1358 1657 ν’ὗν
1383 1628 1522 1667 φθάσασαν
1545 1628 1590 1656 διὰ
1615 1631 1661 1657 τοῦ
1693 1626 1832 1667 garriam“:

1081 1671 1256 1711 ἀνα-γέννησιν
1271 1672 1317 1702 καὶ
1333 1672 1477 1709 υἱοθεσίαν;
1849 1669 1850 1702 ξ

1373 1736 1518 1766 ΚΕΦΑΔ.
1543 1734 1588 1765 Z'.

1125 1801 1140 1819 α
1155 1789 1264 1822 Ταύτας
1277 1784 1321 1818 οὖν
1338 1789 1442 1828 ἔχοντες
1457 1789 1504 1822 τὰς
1525 1787 1700 1828 ἐπαγγελίας,
1722 1784 1831 1833 ἀγαπητηξ·

1081 1834 1269 1874 καθαρίσωμεν
1293 1833 1402 1867 ἑαυτοὺς
1428 1833 1482 1863 ἀπὸ
1506 1833 1605 1867 παντὸς
1622 1835 1750 1879 μολυσμοῦ
1770 1839 1832 1879 σαριῦξ

1079 1879 1126 1909 καὶ
1149 1879 1306 1916 πνεύματος.
1336 1891 1349 1905 ι
1373 1878 1478 1914 Ποίας;
1500 1879 1540 1907 Τὸ
1562 1878 1622 1908 ναοὶ
1647 1874 1711 1907 εἶναι
1733 1874 1832 1920 Θεοῦ,ἢ

1080 1924 1150 1964 ἔχειν
1171 1924 1249 1953 αὐτὸν
1263 1924 1414 1953 ἐνοικοῦντα
1429 1923 1475 1952 καὶ
1491 1924 1719 1962 ἐμπεριπατοῧντα
1739 1921 1775 1949 τὸν
1790 1919 1832 1969 Θξω

1081 1969 1126 1998 καὶ
1141 1968 1260 2009 Πατέρα.
1283 1968 1480 2007 Καθαρίσωμεν
1496 1967 1605 2001 ἑαυτοὺς
1625 1969 1678 1996 ἀπὸ
1691 1969 1738 1996 τῶν

1079 2025 1132 2043 των
1163 2013 1246 2052 ἔργων
1261 2022 1270 2030 ⁸
1286 2015 1372 2042 ταῦτα
1394 2013 1445 2052 γὰρ
1467 2013 1604 2051 μολυσμὸς
1630 2011 1736 2051 σαρκός·
1755 2009 1790 2038 καὶ
1803 2009 1832 2035 τῦ*

1080 2060 1205 2098 ῥυπαρῶν
1220 2057 1266 2087 καὶ
1291 2059 1418 2096 ἒμπαθῶν
1442 2058 1578 2096 λογισμῶν
1590 2069 1598 2076 ·
1612 2060 1696 2087 ταῦτα
1709 2056 1763 2097 ιγὰρ
1781 2053 1833 2091 (Labr

1081 2102 1146 2142 σμὸς
1157 2102 1307 2141 πνεύματος
1316 2125 1323 2139 ,
1337 2103 1458 2132 τουτέστι
1467 2125 1476 2140 ,
1487 2104 1535 2138 τῆς
1556 2104 1655 2143 ψυχὴ.

1123 2206 1135 2220 ε
1147 2192 1349 2226 Ἐπιτελοῖῖντες
1375 2192 1525 2231 ἁγιωσύνην
1541 2194 1569 2222 ἐν
1592 2192 1666 2233 φόϐῳ
1689 2187 1833 2238 ΘξρῧιΔῗωξ

1082 2239 1174 2277 ἀρκεῖ,
1190 2238 1270 2277 φησὶν
1281 2260 1289 2276 ,
1307 2238 1454 2284 ἀπέχεσθαι
1475 2238 1659 2284 ἀκαθαρσίας,
1681 2237 1743 2284 illi.
1762 2234 1792 2263 δεῖ
1806 2234 1834 2284 x‘tl

1082 2282 1235 2312 ἐπιτελέσαι
1249 2294 1275 2311 τι
1289 2282 1388 2321 ἀγαθὸν
1397 2305 1404 2319 ,
1424 2281 1473 2317 τὴν
1495 2282 1658 2321 ἁγιωσύνην,
1674 2280 1792 2312 τουτέστι,

1081 2327 1268 2367 καθαρότητα,
1293 2319 1340 2363 τὴν
1363 2319 1544 2367 σωφροσύνην.
1571 2328 1612 2357 Τὸ
1636 2327 1674 2365 δὲ,
1691 2339 1703 2352 ι
1727 2324 1769 2354 Ἐν

1081 2366 1170 2409 Θεοῦ,
1188 2387 1199 2398 ι
1223 2371 1384 2411 προσέθηκεν
1394 2395 1402 2409 ,
1445 2372 1512 2401 διότι
1526 2371 1583 2401 ἐστὶ
1595 2372 1641 2401 καὶ
1655 2366 1792 2405 Emi-1,8507%
1801 2376 1832 2411 ςπ-

1081 2416 1197 2457 φροσύνη
1216 2416 1281 2456 πρὸς
1308 2417 1570 2457 ἄνθρωπαρέσκειαν,
1586 2416 1632 2446 καὶ
1653 2416 1682 2445 οὗ
1703 2413 1764 2443 κατὰ
1782 2409 1831 2464 ρὸὅσν

1081 2464 1152 2492 Θεοῦ
1168 2471 1175 2478 ·
1201 2461 1363 2497 ἣδείκνυσιν
1384 2462 1450 2499 ἡμῖν
1478 2463 1534 2495 πῶς
1556 2460 1737 2498 ἐπιτελὲσομεν
1752 2460 1831 2503 tamt-

1081 2507 1121 2536 δτι
1136 2508 1162 2536 ἐν
1178 2505 1252 2548 φόϐῳ
1273 2507 1355 2536 Θεοῦ.
1381 2507 1414 2536 Εἰ
1433 2506 1484 2546 γὰρ
1506 2506 1552 2535 καὶ
1568 2509 1686 2546 τυραννεῖ
1706 2506 1721 2539 ἡ
1744 2503 1832 2548 ἒῗιουμίξ

1080 2553 1127 2587 τῆς
1143 2542 1256 2591 σαρκὸς..
1280 2551 1349 2580 ἀλλὰ
1367 2542 1447 2592 φόϐον
1471 2542 1516 2590 ἔχε
1531 2542 1619 2587 Θεοῖί,
1635 2550 1679 2579 καὶ
1700 2542 1831 2592 λυθήσεῖαιῆ

1081 2597 1174 2635 μανία.
1195 2595 1243 2631 Μὴ
1263 2597 1341 2634 μόνον
1366 2590 1393 2625 δὲ
1416 2596 1464 2631 τὴν
1481 2595 1652 2636 σωφροσύνην
1672 2593 1759 2630 νοήσῃ(
1779 2590 1832 2625 ἄτην

1081 2641 1176 2678 σύνην,
1189 2640 1247 2671 ἀλλ’
1265 2641 1355 2675 ἅπλῶς
1367 2644 1456 2670 πᾶσαν
1469 2639 1518 2676 τὴν
1530 2642 1557 2670 ἓν
1571 2640 1620 2681 βίῳ
1633 2638 1791 2678 καθαρότητα-

923 2789 1018 2820 Variae
1041 2790 1192 2821 lectiones.

268 2828 290 2845 se
304 2827 372 2863 άλλη
386 2836 412 2857 ο.
