1867 3081
20 168 63 194 869

56 241 68 256 ι
84 226 225 267 Χωρήσατε
254 229 341 265 ἡμᾶς,
366 226 460 256 οὐδένα
487 227 668 266 ἠδικήσαμεν,
698 226 791 256 οὐδένα
805 229 832 260 Α

19 272 174 314 ἐφθείραμεν,
189 270 280 300 οὐδένα
311 271 567 309 ἐπλεονεκτήσαμεν.
592 283 606 300 ι)
636 271 724 301 Πάλιν
748 271 793 301 τὸν

19 318 69 357 περὶ
95 316 194 355 ἀγάπης
226 320 293 345 κινεῖ
323 315 541 356 λόγον.Ἐπειδὴ
568 317 619 356 γὰρ
646 315 793 352 ἐπέπληξεν

22 361 102 394 αὐτοὺς
122 360 215 397 εἰπὼν,
232 359 272 390 ὅτι
299 361 378 390 αὐτοῦ
401 361 449 399 μὲν
465 363 662 401 ἆποσκιρτῶσι,
677 361 793 390 χολλῶν‹

18 406 55 436 ταὶ
79 405 104 435 δὲ
127 405 243 439 ἀπίστοις
270 405 316 435 καὶ
347 405 522 446 ἀκαθάρτοις’
551 408 596 435 νῦν
627 404 795 436 καταλεαίνει

19 450 113 487 αὐτοὺς,
132 449 176 479 καὶ
200 462 280 491 φησι,
305 463 318 476 ι
343 450 493 490 Χωρήσατε
519 453 608 489 ἡμᾶς·
628 465 640 477 1
656 449 794 487 τουτέστι,

19 495 116 529 Δέξασθε
139 497 207 532 ἡμᾶς
222 494 360 534 πλατέως,
386 496 433 525 καὶ
457 494 495 534 μὴ
513 494 739 536 στενοχωρώμεθα
767 495 794 524 ἓν

20 540 80 578 ὑμῖν.
103 539 286 577 Αἷνιττόμενος
313 539 340 569 δὲ
365 539 424 573 τοὺς
443 540 681 580 ψευδαποστόλους,
700 539 795 579 φησὶν,

18 584 50 613 ὅτι
62 598 72 611 α
85 583 182 614 Οὐδένα
207 584 392 623 ἠδικήσαμεν,
408 595 422 613 ι)
449 587 475 614 ἐν
497 585 634 625 χρήμασιν
647 596 654 604 ·
672 595 685 613 α
703 584 796 614 οὐδένα

18 629 154 669 ἐφθείραμεν
167 640 173 648 ·
189 642 201 654 ι
224 629 374 666 τουτέστιν,
395 628 606 668 Ἦπατ-ιίσαμεν,
623 631 650 660 ἐν
665 629 794 667 δόγμασιν

18 674 109 703 ἀσεϐέσι
134 673 177 703 τὸν
198 676 259 704 νοῦν
287 675 375 704 αὐτῶν
403 675 618 715 διαφθείραντες·
659 686 673 703 (ι
692 673 794 704 οὐδένα

18 718 263 756 ίπλεονεκτήσαμεν·
291 732 304 746 ι
333 719 485 756 τουτέστιν,
523 720 585 760 Οὐχ
618 718 795 759 ἡρπάσαμεν,

18 764 57 793 οὐκ
71 763 300 803 ἐχρηματισάμεθα
315 765 446 804 προφάσει
457 766 503 794 τοῦ
517 765 695 804 κηρύγματος.

51 822 61 836 ε
76 809 112 838 Οὐ
137 808 202 849 πρὸς
231 809 388 848 κατάκρισιν
409 809 497 848 λέγω·
512 809 658 849 προείρηκα
682 807 734 848 γὰρ
755 806 796 838 ὅτι

19 853 39 882 Iv
50 857 102 887 ταῖς
123 853 244 894 καρδίαις
262 855 339 892 ἡμῶν
355 855 414 883 ἐστε
431 855 468 887 εἷς
491 853 522 883 τὸ
544 854 734 883 συναποθανεῖν
751 853 796 882 καὶ

19 900 93 936 συζῇν.
107 912 119 924 ιι
133 889 191 929 Οὐκ
215 899 262 928 ἐπὶ
335 903 494 938 κατακρῖναι
515 900 600 937 ὕμᾶς,
614 901 698 928 ταῦτα
713 898 794 937 λέγω.
813 889 837 921 Β

18 943 89 972 Πόθεν
108 944 200 979 δῆλονς
219 942 271 973 Ἐκ
285 945 333 979 τῆς
359 943 480 982 ἀγάπης,
503 943 544 973 ὅτι
560 945 587 973 ἐν
601 947 658 976 ταῖς
677 943 798 983 καρδίαις

19 988 82 1024 ἡμῶν
104 989 172 1019 ἐστι.
190 987 272 1018 Ἐπεὶ
288 987 315 1018 δὲ
342 987 381 1017 ἔνι
392 988 438 1017 καὶ
465 989 588 1027 ἀγαπᾷν,
605 987 642 1026 μὴ
664 987 746 1017 θέλειν
770 986 797 1016 δὲ

17 1033 226 1069 συγκινδυνεύειν,
253 1033 349 1074 φησίν⁶
378 1047 391 1059 σι
421 1034 468 1065 Εἷς
493 1033 523 1062 τὸ
551 1034 750 1063 συναποθανεῖν,
778 1042 793 1060 ››

17 1075 83 1106 Ἐπεὶ
108 1078 134 1106 δὲ
158 1077 254 1107 πολλοὶ
278 1079 438 1117 εὐημεροῦσι
463 1079 516 1111 τοῖς
531 1076 614 1117 φίλοις
633 1078 662 1106 οὐ
688 1075 799 1116 συγχαί-

17 1131 77 1159 poem
90 1122 130 1152 διὰ
152 1121 300 1162 βασκανίαν
312 1145 322 1161 ,
338 1121 486 1162 προσέθηκε
505 1121 552 1151 καὶ
573 1121 619 1158 τὸ,
644 1135 656 1148 α
673 1122 768 1161 Συζῇν.
786 1133 798 1147 ι

17 1165 49 1194 Τὸ
68 1171 116 1195 πᾶν
139 1165 183 1197 οὖν
207 1166 286 1197 τοῦτό
303 1178 398 1207 φησιν,
424 1166 464 1196 ὅτι
487 1166 542 1197 Καὶ
569 1168 596 1196 ἔν
619 1166 746 1199 κινδύνοις
769 1167 798 1196 οὐ

17 1209 148 1249 φευξόμεθα
171 1214 260 1251 ὑμᾶς,
285 1212 331 1242 καὶ
353 1213 380 1242 ἐν
406 1211 559 1252 εὐημερίαις
585 1211 733 1250 συζήσομεν
753 1210 800 1241 καὶ

17 1255 41 1282 οὗ
54 1256 222 1296 φθονήσομεν.

52 1398 66 1416 ιι
79 1386 167 1423 Πολλή
180 1399 227 1426 μοι
239 1387 377 1428 παρρησία
391 1385 457 1426 πρὸς
469 1387 539 1424 ὑμᾶς
549 1408 558 1426 ,
574 1385 661 1422 πολλή
677 1397 721 1424 μοι
733 1385 800 1415 καύ-

16 1443 82 1471 χησις
106 1431 170 1472 ὑπὲρ
186 1433 276 1470 ὑμῶν.
294 1445 306 1458 ιο
329 1430 442 1468 Ἐπειδὴ
462 1431 546 1461 ἐδόκει
569 1431 695 1467 πλήττειν
708 1429 801 1464 αὐτοὺς

16 1476 102 1515 λέγων,
114 1475 153 1506 ὅτι
164 1488 180 1504 ι
192 1478 422 1516 Στενοχωριῑσθε,
438 1487 454 1505 n
467 1477 524 1515 καὶ,
540 1490 552 1502 ι
566 1475 716 1516 Χωρήσατέ
728 1488 771 1514 με,
787 1489 799 1502 ι

17 1522 171 1560 ἀπολογεῖται
195 1524 242 1551 ν’ὗν
257 1521 408 1562 θεραπεύων
435 1521 544 1558 αὐτοὺς,
566 1521 613 1562 καὶ
637 1520 734 1561 φησὶν,
757 1521 798 1551 ὅτι

15 1566 67 1606 Οὐχ
85 1568 118 1599 ὡς
138 1561 348 1605 καταγινώσκων
372 1567 447 1604 ὐμῶν
461 1569 548 1596 ταῦτα
564 1561 653 1601 εἶπον,
669 1565 738 1594 ἀλλὰ
754 1565 798 1594 διὰ

15 1609 54 1645 τὴν
77 1611 137 1650 πρὸς
162 1612 235 1650 tua;
256 1610 357 1647 πολλὴν
383 1611 558 1652 παῤῥησίαν,
580 1611 625 1640 καὶ
643 1610 800 1650 βουλόμενος

15 1655 74 1692 ὑμᾶς
93 1656 227 1685 ἐπιδοῦναι
244 1656 308 1696 πρὸς
336 1654 444 1696 ἀρετήν.
471 1655 540 1686 Ὅτι
562 1655 614 1695 γὰρ
635 1655 664 1684 οὐ
689 1667 801 1694 καταγι-

14 1698 97 1729 νώσκω
110 1702 199 1738 ὗμῶν,
223 1701 303 1736 δῆλον
331 1699 358 1734 ἐξ
372 1695 409 1729 ὧν
425 1700 472 1730 καὶ
489 1700 554 1740 πρὸς
579 1700 673 1733 ἄλλους
696 1701 802 1739 καυχῶ-

15 1755 58 1782 μαι
70 1745 133 1785 ὓπὲρ
146 1746 235 1784 ὐμῶν.

51 1844 65 1862 1
81 1834 272 1875 Πιπλήρωμαι
331 1834 501 1874 παρακλήσει
511 1856 519 1871 ,
541 1832 801 1874 ὑπερπερισσεύομαι

13 1880 40 1916 τῇ
54 1883 122 1920 χαρᾷ
142 1879 196 1920 ἐπὶῗ
207 1879 284 1919 πάσῃ
353 1879 441 1920 θλίψει
456 1880 543 1917 ἡμῶν.
564 1891 576 1905 ιι
592 1877 799 1918 Διορθωθέντες,

13 1923 99 1961 φησὶν,
114 1919 161 1965 νέφ¹
177 1919 215 1957 οἷς
232 1925 259 1953 ἐν
344 1919 458 1964 προτέρα
487 1923 637 1963 Ἐπιστολῇ
664 1923 801 1962 χατέγνων

13 1968 93 2004 ὓμῶν,
117 1968 315 2009 παρακλήσεώς
334 1979 368 2006 με
388 1968 576 2007 ἐπληρώσατν
599 1968 645 1997 καὶ
669 1968 698 1997 οὐ
724 1967 802 2006 μόνον

14 2013 203 2051 παρεχαλέσατί
241 2024 276 2052 με
305 2012 391 2052 (ὅπερ
417 2013 474 2042 ἐστὶ
503 2013 576 2050 λύπη
620 2011 803 2052 ἀπαλλάξαι),

14 2056 74 2086 ἀλλὰ
87 2057 132 2086 καὶ
146 2063 235 2098 χαρᾶς
254 2057 324 2097 μετὰ
347 2057 484 2098 δαψιλείας
506 2057 680 2098 ἐπληρώσατε
694 2057 745 2088 3".
763 2057 803 2087 Τὸ

14 2099 57 2140 γὰρ
67 2103 164 2137 πλῆθος
176 2105 226 2138 τῆς
241 2107 327 2142 χαρᾶς
350 2103 425 2138 δηλοῖ
444 2102 488 2131 διὰ
502 2106 565 2139 τοῦ,
593 2114 606 2130 α
624 2101 802 2142 Ὑπερπερισ-

13 2145 124 2184 σεύομαι.
142 2161 155 2174 ι
171 2148 228 2178 Καὶ
239 2147 355 2184 τοσαύτη
365 2169 374 2186 ,
391 2147 486 2187 φησὶν,
501 2143 532 2183 ἦν
542 2149 559 2183 ἡ
575 2147 663 2187 χαρὰ,
679 2146 748 2176 ὥστε
759 2147 802 2176 ἐπὶ

14 2190 78 2230 πάσῃ
137 2191 225 2232 θλίψει
240 2193 316 2229 ἡμῶν
339 2192 444 2231 μεγάλῃ
460 2190 541 2231 οὔσῃ,
556 2191 664 2231 ἴσχυσεν
677 2191 703 2211 ⁸9
719 2190 801 2232 αὐτη,

13 2236 50 2263 καὶ
71 2236 231 2266 κατέσϐεσεν
257 2236 370 2272 ἐκείνην.
396 2237 490 2266 Ταῦτα
519 2235 547 2265 δὲ
574 2237 646 2265 δοκεῖ
669 2236 716 2274 μὲν
733 2231 801 2266 εἶναι

13 2279 108 2309 ἐναντία
129 2277 167 2315 οἶς
189 2281 243 2321 πρὸ
267 2280 357 2320 ὀλίγου
372 2281 433 2321 περὶ
448 2282 536 2310 αὐτῶν
561 2280 668 2321 ἔλεγεν,
688 2281 735 2310 οὐκ
751 2281 802 2310 εἰσὶ

12 2323 50 2353 δέ’
64 2324 108 2355 καὶ
135 2328 223 2355 ταῦτα
239 2326 292 2366 γὰρ
307 2325 436 2365 κάκεῖνα,
460 2326 612 2366 φιλοῦντος·
635 2326 724 2355 ἐκεῖνα
754 2325 801 2364 μὲν

12 2368 165 2409 ἐλέγχοντος,
181 2373 269 2400 ταῧτα
292 2370 319 2399 δὲ
343 2369 530 2410 βεϐαιοῦντος,
554 2370 595 2400 ὅτι
611 2371 660 2400 οὐκ
684 2370 737 2401 ἀπὸ
759 2369 803 2410 ἔχ-

12 2413 66 2452 θρας
77 2415 100 2444 οἱ
111 2414 231 2456 ἔλεγχοι,
249 2416 309 2445 ἄλλ’
323 2415 377 2445 ἀπὸ
391 2416 506 2456 σφοδρᾶς
517 2415 631 2455 ἀγάπης.

48 2564 60 2576 ι
73 2552 128 2582 Καὶ
143 2551 198 2593 γὰρ
224 2552 351 2582 ἐλθόντων
373 2553 450 2590 ἡμῶν
465 2552 501 2585 εἰς
525 2550 708 2588 Μακεδονίαν,
728 2552 800 2581 οὐδε-

15 2594 70 2631 μίαν
83 2597 199 2638 ἔσχηκεν
219 2596 308 2626 ἄνεσιν
327 2599 345 2633 ἡ
361 2595 426 2636 σὰρξ
441 2598 529 2634 ἡμῶν,
547 2607 562 2625 1)
590 2598 728 2634 Διηγεῖται
752 2596 801 2632 τὴν

14 2640 107 2680 θλῖψιν,
123 2642 169 2671 καὶ
184 2641 289 2681 ἐπαίρει
301 2641 385 2677 αὐτὴν
399 2642 437 2681 τῷ
450 2641 538 2681 λόγῳ,
553 2639 597 2670 ἵνα
612 2641 682 2680 δείξῃ
694 2641 740 2670 καὶ
753 2641 802 2676 τὴν

13 2687 70 2725 παρ’
84 2685 109 2705 ⁹⁰
123 2687 216 2716 αὐτῶν
230 2686 315 2727 χαρὰν
325 2686 445 2726 μεγάλην
454 2709 462 2724 ,
479 2685 503 2715 εἴ
517 2698 547 2726 γε
561 2686 693 2722 τοσαύτην
709 2685 802 2722 ὀδύνην

441 164 617 193 EXPOSITIO
637 164 669 192 IN
688 164 795 192 EPIST.
817 165 837 192 II
856 165 903 192 AD
921 165 999 193 COR.
1018 181 1053 186 —
1067 167 1142 194 CAP.
1164 167 1219 194 VII.

1590 167 1643 194 870

883 229 971 256 Vens.
992 231 1018 256 2.
1037 240 1049 253 -
1064 228 1158 264 Capite
1169 236 1232 263 nos,
1247 228 1387 256 neminem
1407 228 1537 263 laesimus,
1552 228 1641 257 nemi-

848 280 912 300 nem
927 273 1112 309 corrupimus,
1128 273 1270 301 neminem
1284 272 1482 301 fraudavimus.
1499 282 1514 299 ιι
1535 274 1643 302 Rursus

847 325 1004 346 sermonem
1019 318 1052 346 de
1066 317 1199 346 charitate
1214 321 1316 346 movet.
1331 317 1402 354 Quia
1422 317 1496 345 enim
1510 320 1645 345 terruerat

848 370 896 390 eos
910 370 973 390 cum
993 362 1098 390 diceret
1120 362 1197 399 quod
1212 363 1246 390 ab
1267 370 1300 390 eo
1321 362 1470 396 resilirent,
1492 362 1644 398 agglutina-

848 411 997 444 renturquc
1012 407 1160 436 incredulis
1183 412 1211 435 et
1223 407 1350 443 impuris,
1373 414 1446 435 nunc
1464 405 1573 442 mitigat
1586 414 1645 440 eos,

848 453 981 488 inquiens,
1007 464 1019 477 ι
1043 453 1138 488 Capite
1169 460 1230 486 nos,
1257 464 1270 476 ν
1292 452 1345 480 hoc
1375 455 1427 486 est,
1451 451 1574 487 Accipite
1594 459 1646 479 nos

849 498 913 531 late,
935 505 1024 534 neque
1042 498 1078 525 sit
1091 501 1182 526 arctus
1202 497 1282 526 nobis
1302 497 1329 525 in
1344 497 1422 525 vobis
1443 496 1528 524 locus.
1544 496 1646 524 Pseud-

848 542 988 578 apostolos
1001 546 1092 570 autem
1108 542 1237 576 innuens,
1255 554 1267 566 «ι
1283 541 1442 575 Neminem,
1457 540 1555 577 inquit,
1573 552 1586 565 α
1601 540 1648 569 la:-

849 587 946 621 simus,
968 599 980 611 ν
1000 587 1028 615 in
1044 587 1165 623 pecuniis
1189 597 1197 614 ε
1217 598 1229 611 α
1256 586 1401 614 Neminem
1420 586 1605 621 corrupimus,
1633 597 1645 609 η

850 631 903 659 hoc
915 636 967 665 est,
981 632 1157 668 Decepimus,
1173 631 1296 659 doctrina
1309 631 1395 667 impia
1410 635 1533 658 mentem
1548 638 1647 658 eorum

848 681 1058 712 corrumpentes
1074 685 1080 704 :
1099 687 1111 701 σ
1126 676 1274 704 Neminem
1288 675 1486 708 fraudavimus,
1505 687 1518 699 ι
1531 675 1583 703 hoc
1596 679 1648 710 est,

850 723 911 749 Non
925 721 1080 758 rapuimus,
1095 729 1152 749 non
1165 724 1303 757 quaestum
1316 725 1442 748 nostrum
1458 719 1572 748 fecimus
1583 727 1649 756 prte-

849 766 994 794 dicationis
1006 770 1150 802 praetextu.

885 812 974 839 Vens.
994 813 1021 838 3.
1045 822 1057 834 α
1079 810 1141 838 Non
1163 809 1198 838 ad
1218 809 1476 838 condemnationem
1500 809 1558 838 bzec
1578 808 1647 837 dico.

850 857 968 886 Praedixi
986 857 1071 891 enim,
1096 856 1172 893 quod
1192 857 1222 884 in
1247 856 1377 885 cordibus
1399 855 1499 884 nostris
1516 856 1591 890 estis,
1615 855 1649 883 ad

849 901 1097 936 commoriendum,
1119 906 1147 930 et
1161 901 1194 929 ad
1216 901 1428 929 convivendum.
1447 912 1460 925 ι»
1479 902 1541 928 Non
1556 904 1586 928 ut
1601 908 1650 928 vos

851 946 1047 981 condemnem,
1070 946 1130 974 haec
1144 946 1216 974 dico.
1233 946 1316 974 Unde
1335 946 1509 981 perspicuum
1527 946 1587 973 est?
1609 945 1648 972 Ex

850 991 991 1024 cbaritate.
1009 990 1083 1027 quod
1098 991 1124 1019 in
1139 991 1270 1019 cordibus
1291 990 1394 1018 nostris
1407 990 1476 1018 sitis.
1499 990 1568 1024 Quia
1585 997 1649 1018 vero

850 1035 908 1064 ﬁeri
932 1040 1021 1073 potest
1043 1040 1075 1064 ut
1102 1036 1239 1072 quispiam
1267 1035 1374 1072 diligat,
1396 1043 1447 1063 nec
1469 1034 1534 1063 velit
1555 1038 1649 1062 tamen

851 1089 904 1108 una
928 1081 1053 1117 periculis
1076 1088 1106 1109 se
1122 1080 1296 1114 submittere,
1319 1085 1463 1116 propterea
1482 1079 1560 1113 dixit,
1579 1091 1591 1103 κ
1609 1079 1650 1107 Ad

852 1125 1105 1154 commoriendum.
1130 1137 1143 1150 ιι
1161 1128 1202 1154 Ac
1224 1125 1288 1161 quia
1303 1125 1394 1159 multi,
1413 1125 1510 1152 amicis
1524 1131 1650 1160 prospere

852 1171 1006 1206 agentibus,
1024 1178 1080 1207 pra:
1094 1169 1195 1198 invidia
1209 1178 1265 1198 non
1285 1170 1517 1206 congratulantur,
1534 1169 1648 1203 addidit,

854 1226 868 1240 ει
884 1216 918 1243 Et
940 1216 972 1243 ad
998 1215 1209 1243 convivendum.
1237 1226 1250 1240 ι
1274 1216 1377 1243 Totum
1391 1218 1483 1242 autem
1503 1213 1578 1249 quod
1600 1214 1649 1248 ait,

852 1264 892 1288 est
917 1260 1076 1296 hujusmodi
1103 1269 1109 1288 :
1127 1261 1158 1287 In
1174 1259 1298 1296 periculis
1315 1267 1372 1287 non
1395 1259 1532 1295 Iugiemus
1549 1265 1608 1292 vos,
1622 1259 1651 1286 in

853 1304 1015 1333 secundiore
1029 1313 1123 1333 rerum
1144 1309 1217 1333 statu
1233 1304 1420 1338 convivemus,
1435 1308 1462 1332 et
1475 1311 1531 1331 non
1547 1302 1651 1331 invide-

853 1349 956 1377 bimus.

889 1395 976 1422 Vens.
987 1397 1014 1422 4.
1030 1405 1043 1418 ι
1059 1393 1147 1421 Multa
1162 1393 1230 1421 mihi
1245 1392 1342 1421 ﬁducia
1355 1396 1397 1421 est
1411 1392 1484 1428 apud
1494 1399 1552 1426 vos,
1565 1391 1651 1420 multa

853 1438 921 1466 mihi
948 1438 1073 1474 gloriatio
1105 1438 1139 1466 de
1171 1438 1257 1466 vobis.
1276 1449 1289 1461 ιι
1313 1437 1383 1472 Quia
1408 1445 1455 1465 eos
1478 1436 1652 1473 percelluisse

853 1482 1008 1517 videbatur,
1027 1482 1154 1517 dicendo,
1171 1494 1183 1507 τι
1202 1482 1416 1519 Angustiamini,
1435 1494 1447 1506 ι
1471 1486 1508 1515 et,
1526 1493 1539 1506 «
1555 1481 1652 1517 Capite

853 1535 908 1561 me,
925 1539 937 1552 υ
948 1528 1009 1564 jam
1026 1535 1055 1555 se
1069 1529 1193 1561 excusat,
1215 1527 1335 1563 ipsisque
1351 1526 1486 1560 medetur,
1502 1526 1628 1562 inquiens
1643 1534 1650 1553 :

854 1574 914 1601 Non
929 1576 959 1600 ut
980 1572 1164 1601 condemnem
1180 1580 1238 1605 vos,
1254 1572 1314 1600 haec
1330 1573 1437 1600 locutus
1459 1579 1533 1605 sum,
1554 1571 1602 1599 sed
1616 1570 1653 1598 ob

854 1618 972 1645 multam
984 1625 1088 1651 meam,
1102 1625 1188 1653 quam
1201 1617 1269 1644 mibi
1284 1616 1320 1644 de
1333 1616 1410 1644 vobis
1428 1615 1566 1652 polliceor,
1582 1615 1653 1643 [idu-

855 1662 927 1690 ciam
947 1670 978 1690 ac
996 1662 1163 1698 libertatem,
1186 1666 1213 1690 et
1236 1661 1300 1698 quia
1317 1661 1398 1697 cupio
1412 1661 1446 1689 ad
1461 1661 1590 1688 virtutem
1605 1668 1654 1688 vos

856 1714 1028 1743 promovere.
1050 1706 1130 1742 Quod
1148 1707 1224 1735 enim
1246 1713 1295 1734 vos
1317 1714 1373 1734 non
1392 1705 1588 1739 condemnem,
1613 1704 1653 1732 vel

856 1751 921 1779 inde
936 1751 1045 1787 planum
1060 1755 1111 1785 est,
1135 1751 1212 1787 quod
1226 1751 1310 1779 etiam
1324 1750 1396 1786 apud
1412 1750 1480 1778 alios
1499 1749 1581 1778 vestri
1599 1757 1653 1777 no-

857 1795 931 1823 mine
953 1796 1063 1831 glorier.

895 1852 907 1865 α
928 1841 1060 1876 Repletus
1067 1848 1129 1868 sum
1140 1840 1338 1874 consolatione,
1349 1839 1543 1875 superabundo
1554 1838 1653 1874 gaudio

855 1885 883 1913 in
898 1885 975 1912 omni
994 1884 1173 1913 tribulatione
1186 1889 1292 1913 nostra.
1321 1896 1333 1908 ι
1350 1884 1419 1918 Quia
1441 1883 1595 1912 correxistis
1610 1890 1652 1916 ea,

856 1934 968 1966 propter
981 1937 1044 1966 quae
1067 1937 1114 1958 vos
1135 1930 1164 1957 in
1186 1929 1275 1966 priore
1298 1929 1383 1965 2'79
1406 1928 1528 1964 Epistola
1549 1927 1650 1955 condc-

856 1974 959 2008 mnavi,
986 1974 1174 2002 consolatione
1196 1982 1241 2002 me
1265 1974 1398 2010 replestis.
1422 1974 1480 2001 Nec
1493 1972 1582 2000 solum
1605 1979 1650 2000 mc

854 2019 987 2047 consolati
1008 2019 1074 2047 estis
1095 2019 1239 2055 (quodest
1263 2026 1278 2047 a
1300 2018 1412 2046 tristitia
1433 2017 1577 2050 liberare),
1603 2024 1652 2044 vc-

856 2072 919 2092 rum
940 2064 1023 2092 etiam
1044 2063 1138 2092 laetitia
1165 2063 1274 2100 largiter
1297 2071 1342 2091 me
1368 2062 1514 2099 implestis.
1536 2061 1653 2089 Laetitia:

856 2117 976 2145 namque
1011 2109 1120 2144 copiam
1156 2108 1256 2136 indicat
1294 2115 1342 2144 per
1379 2107 1495 2136 verbum
1537 2105 1653 2141 Ὑπερπε-

856 2154 1008 2189 ρισσεύομαι,
1039 2153 1092 2181 hoc
1126 2156 1179 2187 est,
1215 2153 1429 2189 superexubero.
1464 2154 1505 2180 Ac
1532 2154 1652 2185 tantum,

855 2198 956 2234 inquit,
970 2198 1101 2234 gaudium
1114 2202 1184 2231 erat,
1199 2201 1230 2225 ut
1248 2197 1276 2224 in
1292 2197 1368 2225 omni
1383 2195 1533 2224 afﬂictione
1547 2199 1654 2229 nostra,

856 2250 943 2279 eaque
966 2250 1078 2279 magna,
1099 2242 1242 2278 pmvaluit
1261 2241 1338 2274 illud,
1358 2241 1487 2276 illamque
1512 2239 1653 2267 exstinxit.

856 2288 911 2315 Ista
926 2291 1018 2315 autem
1040 2286 1073 2314 iis
1087 2294 1149 2323 quae
1169 2285 1251 2322 paulo
1266 2290 1330 2313 ante
1348 2285 1382 2313 de
1401 2285 1467 2321 ipsis
1486 2284 1566 2318 dixit,
1586 2291 1652 2311 con-

856 2332 941 2360 traria
956 2330 1094 2364 videntur,
1107 2330 1154 2358 sed
1164 2338 1220 2358 non
1234 2333 1309 2358 sunt.
1325 2331 1397 2358 Nam
1411 2333 1469 2357 tam
1486 2328 1556 2363 haec,
1571 2335 1655 2365 quam

856 2376 902 2405 illa
927 2375 1044 2404 amantis
1074 2379 1140 2403 sunt
1170 2385 1176 2403 :
1206 2375 1251 2402 illa
1281 2374 1393 2411 quidem
1424 2374 1573 2409 arguentis,
1604 2373 1655 2401 ista

857 2427 921 2449 vero
942 2419 1142 2453 conﬁrmantis,
1158 2419 1233 2456 quod
1251 2427 1308 2447 non
1330 2426 1363 2447 ex
1383 2418 1535 2452 inimicitia,
1551 2417 1599 2446 sed
1623 2426 1655 2445 ex

858 2473 952 2494 amore
974 2465 1131 2494 vehementi
1158 2463 1313 2493 istiusmodi
1338 2463 1537 2500 increpationes
1560 2470 1657 2498 prove-

858 2511 947 2539 niunt.

891 2556 983 2584 Vsus.
1005 2558 1031 2583 5.
1055 2564 1070 2581 (ι
1088 2554 1198 2583 Etenim
1213 2562 1278 2583 cum
1294 2553 1463 2582 venissemus
1480 2553 1508 2581 in
1523 2552 1656 2581 Macedo-

857 2600 943 2634 niam,
958 2600 1061 2628 nullam
1081 2600 1205 2636 requiem
1220 2599 1317 2627 habuit
1331 2607 1395 2627 caro
1417 2602 1520 2626 nostra.
1540 2608 1552 2621 ιι
1574 2595 1654 2624 Afﬂi-

858 2645 978 2673 ctionem
998 2653 1076 2673 suam
1094 2650 1199 2679 narrat,
1217 2652 1334 2680 eamque
1351 2643 1443 2671 verbis
1463 2644 1601 2678 aggravat,
1625 2644 1658 2668 ut

858 2689 988 2718 ostendat
1005 2689 1102 2725 ingens
1115 2697 1174 2717 esse
1194 2688 1323 2725 gaudium
1338 2687 1413 2724 quod
1435 2695 1467 2715 ex
1484 2686 1550 2722 ipsis
1565 2685 1656 2714 dima-

706 2757 801 2787 Variae
824 2757 974 2787 lectiones.

44 2819 75 2836 ³⁸·
86 2819 243 2853 ἔνεπλήσατε
254 2827 282 2849 o.
319 2819 341 2838 ¹⁹
354 2819 458 2856 ἤρκεσεν
472 2827 501 2849 o.
541 2819 564 2838 ’°
582 2820 624 2846 καὶ
636 2818 681 2854 τὴν
694 2820 850 2856 παράκλησιν
867 2819 948 2847 αὐτῶν
964 2819 1078 2856 μεγάλην
1094 2827 1122 2848 ο.
