1867 3081
13 165 55 190 ι73
456 163 632 192 EXPOSITIO
650 163 684 192 IN
703 164 807 193 EPIST.
828 164 850 191 ll
869 165 914 192 AD
933 164 1012 192 COR.
1034 180 1066 184 —
1079 164 1155 192 CAP.
1176 165 1232 191 VII.

1605 167 1655 193 874

47 236 61 253 ‹
81 225 184 255 Βλέπω
193 226 244 266 γὰρ
257 226 297 255 ὅτι
317 227 335 261 ἡ
349 225 498 261 Ἐπιστολὴ
519 226 607 262 ἐκείνη
617 249 624 263 ,
639 227 662 256 εἰ
677 226 722 256 καὶ
745 226 804 267 πρὸς

901 227 992 255 Vatis.
1017 229 1045 261 8,
1065 229 1092 255 9.
1117 237 1129 250 ι
1148 226 1234 254 Video
1257 225 1330 254 enim
1359 226 1434 262 quod
1456 227 1576 263 Epistola
1600 228 1655 263 illa,

13 269 93 308 ὗραν,
118 270 252 306 ἐλύπησεν
268 272 355 307 ὑμᾶς·
382 273 426 300 νῦν
451 272 558 311 χαίρω,
573 271 623 312 οὔχ
644 270 684 300 ὅτι
704 271 805 308 ἐλυπή-

13 319 83 350 inre,
100 315 164 344 ἄλλ’
183 315 222 343 ὅτι
246 315 396 351 ἐλυπήθητε
420 316 457 348 εἰς
472 316 614 354 μετάνοιαν
625 327 632 334 ”
656 316 804 353 ἐλυπήθητε

13 358 52 398 νὰρ
67 359 143 388 κατὰ
161 359 241 390 Θεόν,
268 373 281 385 ι
300 360 373 399 Πρὸς
390 359 462 398 ὥραν
483 362 500 396 ἡ
516 360 588 396 λύπη
601 372 608 379 ’
623 360 653 390 τὸ
669 361 697 390 δὲ
715 361 805 401 κέρδος

13 404 134 439 ἲιηνεκές.
148 417 161 431 ι
177 404 272 444 Χαίρω
281 417 293 431 ι
307 404 347 441 δὲ,
363 404 442 445 φησὶν
454 427 462 443 ,
476 418 489 432 ιι
509 406 559 445 οὐχ
573 406 612 434 δτι
627 405 775 441 ἐλυπήθητε
789 419 802 434 ι

22 448 47 477 τί
72 448 127 488 γάρ
165 461 210 487 μοι
235 448 324 489 κέρδος
359 449 413 478 ἀπὸ
441 452 487 479 τοῦ
517 451 669 486 λυπηθῆναι
698 450 804 489 ὑμᾶς;),

13 506 20 518 ι
37 493 100 522 ἀλλ’
123 493 166 522 ὅτι
193 494 342 529 ἐλυπήθητε
365 495 401 527 εἷς
421 494 446 514 ⁹⁴
473 494 615 532 μετάνοιαν
639 495 675 524 9⁵.
695 507 710 524 a
731 494 805 536 ⁰Ορα

13 538 47 574 tt,
63 540 120 571 πῶς
141 539 172 568 τὸ
195 538 242 576 μὲν
257 539 378 574 λυπῆσαι
448 539 595 580 Ἐπιστολῇ
621 540 777 576 ἀνατίθησιν
796 550 802 556 ·

13 582 90 611 uixit:
106 583 135 612 δὲ
156 583 245 622 λέγει,
267 583 472 624 ὅτι²Ωφέλησεν
494 586 578 622 ὑμᾶς·
600 584 675 614 ὃκαὶ
693 581 725 621 ἧν
741 587 806 620 ἀλη-

13 628 45 660 ὶές
70 639 77 646 '
105 628 179 658 ἀλλὰ
195 631 242 664 τῆς
267 629 374 658 ἐκείνων
401 630 496 669 ἀρετῆς
522 629 552 658 τὸ
577 634 690 669 πρᾶγμα
722 634 801 660 ποιεῖ.

18 673 97 710 Υμεῖς
124 672 196 713 γὰρ,
213 673 309 714 φησὶν,
324 673 494 713 ἐλυπήθητε)
522 674 671 711 ἐλυπήθητε
693 674 720 704 δὲ
735 675 804 704 κατὰ

13 717 84 748 Θεόν.

50 817 63 834 ιι
74 806 138 837 Ἵνα
156 808 183 836 ἐν
200 807 294 846 μηδενὶ
309 808 334 841 ἐξ
356 810 432 844 ἡμῶν
450 810 610 846 ζημιωθῆτε.
628 823 640 835 ιι
654 808 803 847 Ἐπιτιμη-

13 851 103 888 Ξέντες,
118 852 197 891 φησὶ,
212 852 276 893 παρ’
292 854 384 889 ἡμῶν,
401 853 549 889 ἐλυπήθητε
569 853 639 882 κατὰ
653 854 722 883 Θεὸν
732 876 740 889 ,
757 854 801 883 καὶ

861 271 966 300 etiamsi
981 271 1016 300 ad
1030 275 1152 306 tempus,
1167 278 1215 298 vos
1225 270 1436 299 contristaverit.
1449 271 1562 300 Gaudeo
1573 281 1656 306 nunc,

860 324 918 343 non
945 315 1018 352 quod
1037 315 1191 343 contristati
1212 315 1288 350 estis,
1319 314 1370 343 sed
1397 314 1472 351 quod
1501 317 1656 345 contristati

859 361 925 388 estis
939 360 975 388 ad
997 360 1189 396 pmnitentiam
1205 368 1212 386 :
1231 360 1384 388 contristati
1407 364 1499 388 autem
1521 361 1588 388 estis
1610 369 1657 389 se-

859 405 981 433 cundum
996 406 1096 434 Deum.
1116 416 1129 428 ι
1144 404 1262 432 Tristitia
1285 404 1320 432 ad
1335 404 1432 433 horam
1446 404 1538 438 durat,
1555 405 1658 434 utilitas

859 454 951 478 autem
966 454 1094 486 perpetua
1120 453 1172 477 est.
1198 461 1211 473 α
1227 449 1341 478 Gaudeo
1362 460 1376 473 ι
1393 456 1467 480 vero,
1486 460 1498 474 α
1514 457 1570 477 non
1582 449 1657 485 quod

859 494 1011 522 contristati
1034 495 1110 528 estis,
1132 506 1144 519 ι
1166 494 1242 530 (quid
1267 494 1343 522 enim
1370 493 1438 522 lucri
1461 493 1527 522 mihi
1552 494 1657 522 accedit

859 547 891 566 ex
905 547 938 567 eo
952 538 1028 575 quod
1043 547 1091 567 vos
1115 538 1281 571 moercatis?)
1305 549 1318 562 ι
1340 537 1389 566 sed
1407 538 1471 574 quia
1489 538 1658 567 constristati

858 584 925 611 estis
945 583 980 611 ad
995 583 1194 619 paenitentiam.
1221 594 1233 607 »ι
1259 583 1376 611 Observa
1398 587 1491 611 autem
1516 583 1656 619 quomodo

858 628 996 656 tristitiam
1011 628 1142 664 Epistolae
1159 627 1295 662 attribuit,
1311 632 1337 655 et
1351 635 1409 656 non
1424 627 1504 661 dicit,
1519 627 1595 664 quod
1607 636 1658 656 vo-

861 673 902 700 bis
916 672 1050 709 profuerit
1065 672 1103 705 (id
1116 672 1189 708 quod
1210 680 1306 700 verum
1320 673 1398 708 erat),
1413 672 1462 700 sed
1478 672 1588 700 illorum
1601 673 1657 701 vir-

858 718 910 745 tuti
928 725 988 746 rem
1012 717 1130 745 ascribit.
1153 718 1210 745 Vos
1235 716 1319 750 enim,
1344 717 1441 753 inquit,
1468 728 1481 741 ιι
1503 717 1658 746 contristati

857 762 923 790 estis
939 771 945 789 :
959 761 1113 790 contristati
1129 766 1221 790 autem
1235 762 1301 790 estis
1314 761 1465 790 secundum
1486 763 1589 790 Deum.
1607 773 1620 785 ιο

898 817 910 830 ο
928 807 969 834 Ut
987 807 1015 834 in
1034 806 1110 834 nullo
1129 806 1327 834 detrimentum
1343 806 1485 841 patiamini
1499 814 1515 834 a
1535 806 1625 835 nobis.
1641 817 1654 833 ιι

862 851 1005 887 Objitrgati
1015 859 1030 878 a
1044 850 1134 885 nobis,
1146 851 1247 886 inquit,
1262 850 1414 879 contristati
1427 851 1494 879 estis
1504 851 1657 879 secundum

13 896 93 925 λοιπὸν
105 897 157 926 οὐκ
174 897 338 934 ἐζημιώθητι
360 899 423 936 παρ’
444 899 520 936 ἡμῶν
542 899 568 927 ἰν
589 898 684 928 οὐδενί.
704 898 804 932 Πάντες

892 903 962 929 eum,
978 903 1009 923 ac
1024 896 1053 923 in
1065 895 1138 923 nulla
1155 903 1236 931 porro
1252 903 1281 923 re
1299 903 1315 923 a
1331 895 1411 923 nobis
1426 895 1482 924 laesi
1504 895 1580 929 estis,
1606 895 1656 924 da-

13 940 65 980 γὰρ,
88 940 136 970 καὶ
159 941 238 974 αὐτὸς
261 943 275 971 ὁ
290 942 323 970 τὰ
343 941 446 981 ἔσχατα
465 942 628 982 ἡμαρτηκὼς
645 943 691 972 καὶ
705 954 805 983 πεπορ-

13 989 121 1022 νευκώς,
154 985 332 1022 ἐϐελτιὼθητε
357 985 394 1016 9⁵.
421 986 456 1016 (0
479 986 532 1025 γὰρ
562 987 719 1020 διδάσκαλος
746 987 806 1017 τότε

13 1032 93 1067 ζημιοῖ
107 1030 155 1059 τὸν
177 1031 316 1068 μαθητὴν,
329 1030 392 1060 ὅταν
408 1031 597 1071 ἁμαρτάνοντα
622 1031 660 1070 μὴ
681 1033 804 1072 ἐπιτιμᾷ.

13 1075 42 1104 Εἰ
53 1074 104 1115 γὰρ
118 1075 290 1114 ἐπετιμήθη,
305 1075 403 1115 ἔμελλε
418 1077 556 1116 κερδᾶναι.
599 1085 607 1115 ς

47 1215 57 1227 ι
80 1200 114 1232 Ἦ
130 1201 186 1241 γὰρ
201 1201 271 1230 κατὰ
294 1201 363 1232 Θεὸν
387 1202 458 1237 λύπη
485 1202 628 1240 μετάνοιαν
655 1203 692 1236 εἷς
717 1215 806 1239 σωτη-

14 1246 64 1285 ρίαν
88 1246 296 1284 ἆμεταμέλητον
319 1247 533 1286 κατεργάζεται·
550 1249 569 1284 ἡ
592 1247 619 1277 δὲ
635 1250 680 1277 τοῦ
705 1248 806 1286 κόσμου

13 1291 78 1325 λύπη
101 1290 218 1320 θάνατον
243 1291 442 1330 κατεργάζεται.
464 1305 478 1318 ι
501 1292 652 1331 Φιλοσοφεῖ
675 1291 736 1331 περὶ
760 1295 807 1328 τῆς

14 1334 113 1373 λύπης,
145 1334 192 1364 καὶ
219 1334 348 1365 δείκνυσιν
375 1335 415 1365 ὅτι
446 1336 494 1366 οὐκ
516 1336 557 1366 ἀεὶ
573 1336 654 1366 κακὸν
675 1339 692 1372 ἡ
715 1337 804 1375 λύπη,

15 1380 66 1408 ἀλλ’
82 1379 148 1409 ὅταν
169 1380 237 1409 κατὰ
263 1380 364 1418 κόσμου
378 1380 419 1420 [
436 1380 556 1422 κόσμον]
579 1381 706 1420 γίνηται,
728 1393 805 1411 τουτ-

15 1423 81 1461 έστι,
95 1424 140 1454 διὰ
157 1425 286 1464 χρήματα
297 1448 305 1463 ,
318 1425 361 1454 διὰ
377 1425 468 1461 δόξαν,
482 1425 525 1455 διὰ
542 1425 602 1459 τοὺς
618 1427 804 1459 τελευτῶντας.

16 1468 83 1505 Αῧτη
108 1469 164 1510 γὰρ
194 1469 306 1498 θάνατον
332 1470 541 1509 κατεργάζεται,
565 1470 671 1504 πάντως
692 1470 740 1509 μὲν
762 1471 806 1500 τὸν

15 1513 142 1552 ψυχικὸν,
169 1513 298 1547 πολλάκις
324 1513 350 1542 δὲ
372 1515 417 1543 καὶ
443 1514 486 1543 τὸν
511 1514 662 1553 σωματικόν
679 1524 687 1532 ⁸
712 1514 805 1545 πολλοὶ

16 1558 59 1596 γὰρ
72 1558 114 1587 διὰ
136 1560 224 1587 ταῦτα
241 1557 388 1588 ἀπώλοντο.
416 1559 467 1589 Διὰ
492 1558 582 1596 μέντοι
605 1559 651 1593 τὰς
673 1559 806 1599 ἁμαρτίας

16 1603 147 1632 λυπεῖσθαί
172 1615 211 1636 τις
237 1602 336 1639 θέλων,
360 1603 430 1632 κατὰ
454 1603 523 1634 Θεὸν
546 1604 686 1634 λυπεῖται·
708 1605 738 1633 τὸ
755 1604 805 1644 γὰρ

17 1647 149 1686 φάρμακον
182 1649 261 1676 τοῦτο
285 1648 350 1687 πρὸς
378 1647 479 1683 ταύτην
516 1647 564 1684 τὴν
591 1648 666 1678 νόσον
695 1648 806 1688 ἁρμόζει

17 1692 107 1728 μόνην,
137 1691 274 1732 σωτηρίαν
306 1693 509 1730 ἀμεταμέλητον
524 1692 550 1712 ⁹⁷
576 1693 804 1733 κατεργαζόμενον

17 1736 106 1773 (οὐδεὶς
129 1736 183 1776 γὰρ
204 1738 300 1766 ἑαυτοῦ
318 1736 513 1775 καταγινώσκῃ
529 1737 572 1767 ἐπὶ
598 1737 740 1778 ἁμαρτίαις
762 1738 807 1766 λυη

17 1782 163 1820 ηθέντος),
189 1781 235 1810 καὶ
264 1780 377 1821 ἁρπάζει
390 1781 415 1800 ³⁸
437 1783 467 1811 ἐκ
490 1785 537 1812 τοῦ
556 1783 670 1823 ψυχικοῦ
691 1782 806 1812 θανάτου

18 1824 55 1853 τὸν
69 1825 218 1865 ἄνθρωπον.

55 1883 66 1895 ιι
83 1870 151 1900 Ἰδοὺ
167 1872 218 1910 γὰρ
243 1871 307 1900 αὐτὸ
328 1871 357 1900 τὸ
382 1871 451 1900 κατὰ
474 1871 544 1901 Θεὸν
565 1873 713 1907 λυπηθῆναι
735 1872 805 1910 ὑμᾶς

18 1914 93 1950 πόσην
115 1915 311 1955 κατειργάσατο
335 1917 361 1944 ἐν
390 1917 451 1954 ὑμῖν
475 1916 606 1952 σπουδήν.
634 1930 646 1942 ι
671 1917 730 1945 Οὐκ
759 1915 806 1944 ἀπ’

20 1959 117 1995 ἄλλων,
146 1959 226 2000 φησὶ,
253 1960 373 1999 δείκνυμι
398 1963 445 1997 τῆς
467 1960 537 1990 κατὰ
563 1960 633 1990 Θεὸν
656 1959 741 1996 λύπης
758 1960 805 1996 τὴν

19 2003 156 2043 ὠγέλειαν,
178 2004 239 2034 ἀλλ’
264 2005 318 2034 ἀπὸ
345 2006 396 2035 τίῖιν
412 2006 473 2035 καθ’
496 2007 576 2043 ὑμᾶς.
599 2007 640 2035 Οὖ
658 2005 737 2043 μόνον
752 2005 804 2045 γὰρ

19 2048 44 2076 οὖ
65 2049 260 2087 μετεμελήθητε
283 2049 323 2078 ὅτι
346 2050 511 2087 ἐλυπήθητε,
536 2050 605 2080 ἀλλὰ
633 2050 736 2088 μᾶλλον
758 2050 804 2080 καὶ

21 2094 208 2134 σπουδαιότεροι
226 2093 360 2133 γεγόνατε.

56 2195 67 2207 ι
95 2181 164 2213 Ἀλλ’
190 2183 346 2223 ἀπολογίαν.
368 2197 381 2210 ι
405 2183 477 2224 Πρὸς
501 2183 561 2223 ἐμέ.
591 2184 804 2222 Ἀπιλογήσασθι

21 2227 64 2266 γάρ
78 2239 120 2264 μοι
135 2227 161 2246 ⁹⁹
176 2228 219 2257 διὰ
233 2230 280 2264 τ’ἧς
292 2227 444 2267 μετανοίας.

57 2283 70 2299 ι
84 2271 151 2302 Ἀλλ’
165 2273 358 2311 ἀγανάκτησιν.
375 2287 388 2300 ιο
409 2273 480 2314 Πρὸς
495 2274 704 2315 πεπορνευκότα.

60 2371 72 2388 (ι
84 2360 163 2392 Ἀλλὰ
190 2361 281 2402 φόϐον.
293 2375 306 2388 ι
324 2362 381 2401 Πρὸ
396 2362 444 2401 ἐμέ
457 2373 463 2380 -
479 2362 561 2403 φόϐου
582 2362 634 2403 γὰρ
656 2359 687 2399 ἧν
712 2365 728 2399 ἡ
744 2375 804 2393 τοσ-

24 2404 82 2440 αύτη
96 2406 140 2435 καὶ
154 2406 223 2436 οὕτω
232 2410 328 2446 ταχεῖα
345 2407 352 2424 ¹
371 2407 514 2446 διόρθωσις.

59 2461 72 2476 ι
88 2449 156 2480 Ἀλλ’
170 2451 338 2487 ἐπιπόθησιν.
359 2464 371 2478 ιι
388 2452 460 2491 Πρὸς
482 2451 540 2490 ἐμέ.
558 2451 652 2483 Εἰπὼν
667 2453 695 2481 δὲ
709 2452 803 2493 φόϐον,

26 2492 60 2521 ἵνα
74 2494 108 2532 μὴ
123 2495 184 2536 δόξῃ
201 2497 332 2526 αὐθεντεῖν
344 2518 352 2532 ,
376 2496 512 2534 συντόμως
536 2497 725 2536 διωρθώσατο,
747 2499 805 2527 ἐπι-

27 2537 124 2590 πόθησιν
147 2540 229 2570 εἰπών
243 2552 249 2559 ·
274 2541 338 2581 ὅπερ
356 2541 513 2571 ἐνδεικτικὸν
537 2541 660 2582 ἀγάπης,
675 2543 723 2572 οὖκ
738 2541 807 2576 ἐξου-

28 2592 84 2616 σιας,

63 2685 74 2698 ι
85 2672 161 2704 Ἀλλὰ
180 2676 269 2712 ζῆλον.
287 2688 299 2702 1
317 2675 372 2706 Τὸν
387 2675 515 2716 ὓπὲρξτοῧ
529 2677 613 2708 Θεοῦ.

860 947 989 968 mnumve
1008 940 1090 976 passi.
1111 941 1215 968 Omnes
1233 939 1306 968 enim
1321 947 1380 973 vos,
1398 943 1481 976 atque
1501 940 1586 968 etiam
1599 940 1656 976 ipse

859 985 908 1021 qui
930 989 1053 1013 extreme
1077 984 1229 1020 deliquerat
1250 992 1297 1020 per
1320 983 1543 1017 fornicationem.
1564 992 1657 1012 mores

861 1033 966 1057 vestros
984 1029 1150 1057 correxistis.
1174 1030 1330 1065 Praeceptor
1348 1029 1424 1057 enim
1449 1033 1507 1057 tum
1521 1029 1656 1065 discipulo

859 1073 994 1102 damnum
1017 1073 1108 1107 infert,
1132 1073 1240 1110 quando
1262 1073 1467 1109 delinquentem
1486 1081 1543 1101 non
1564 1073 1657 1109 objur-

860 1122 916 1154 gat.
939 1120 1011 1146 Nam
1035 1119 1058 1147 si
1079 1118 1239 1155 objurgatus
1265 1122 1346 1152 esset,
1362 1118 1455 1154 ipsiin
1478 1118 1585 1146 lucrum
1609 1126 1656 1146 ce-

861 1161 947 1190 deret.

896 1208 988 1235 Vsas.
1011 1210 1053 1235 to.
1071 1218 1085 1234 α
1100 1207 1218 1235 Tristitia
1234 1214 1354 1243 namque
1371 1215 1434 1243 quae
1450 1210 1492 1235 est
1504 1206 1656 1235 secundum

861 1253 961 1285 Deum,
982 1252 1173 1288 pmnitentiam
1195 1251 1229 1280 ad
1249 1252 1366 1280 salutem
1382 1252 1455 1280 haud
1470 1251 1656 1288 pmnitendam

860 1301 986 1332 operatur
1003 1305 1009 1324 :
1031 1297 1127 1325 mundi
1142 1305 1206 1325 vero
1221 1296 1333 1324 tristitia
1348 1301 1469 1324 mortem
1483 1300 1623 1332 operatur.
1642 1307 1655 1320 ι-

861 1341 1073 1377 Philosopliatur
1085 1341 1120 1369 de
1136 1349 1264 1376 mmrore,
1276 1341 1425 1370 ostendens
1434 1341 1509 1377 quod
1520 1349 1576 1368 non
1585 1348 1657 1369 sem-

861 1393 908 1421 per
930 1385 967 1413 sit
989 1386 1070 1414 noxia
1099 1394 1143 1414 res
1163 1394 1279 1419 mceror,
1300 1385 1348 1414 sed
1373 1385 1481 1422 quando
1504 1385 1656 1414 secundum

860 1430 995 1458 mundum
1017 1430 1075 1465 ﬁat,
1101 1431 1154 1458 hoc
1174 1435 1215 1459 est
1245 1435 1356 1466 propter
1385 1430 1523 1466 pecunias,
1545 1434 1658 1466 propter

859 1474 984 1510 gloriam,
1001 1479 1111 1511 propter
1121 1480 1255 1502 mortuos.
1273 1476 1327 1503 Ista
1338 1474 1413 1502 enim
1427 1479 1546 1503 mortem
1559 1473 1656 1508 efﬁcit,

860 1519 973 1547 omnino
987 1519 1098 1554 quidem
1113 1519 1225 1554 animae,
1239 1527 1430 1554 saepenumero
1444 1524 1537 1547 autem
1553 1523 1580 1547 et
1593 1527 1657 1547 cor-

861 1564 933 1599 poris
954 1573 961 1592 :
977 1563 1051 1592 haud
1067 1564 1143 1600 pauci
1156 1564 1233 1592 enim
1249 1563 1286 1592 ob
1303 1563 1352 1592 bas
1365 1572 1409 1592 res
1423 1564 1572 1599 perierunt.
1588 1564 1656 1591 Pro-

860 1612 919 1643 pter
936 1612 1046 1643 peccata
1060 1616 1125 1636 vero
1145 1608 1166 1636 si
1187 1609 1250 1644 quis
1270 1607 1385 1636 libenter
1405 1607 1540 1641 tristatur,
1560 1615 1658 1636 secun-

858 1651 926 1680 dum
952 1654 1042 1681 Deum
1066 1652 1253 1681 contristatur.
1277 1652 1413 1681 Medicina
1440 1652 1515 1681 enim
1540 1652 1600 1680 haec
1623 1651 1659 1680 ad

860 1696 931 1725 hanc
950 1697 1143 1733 aegritudinem
1167 1698 1256 1726 solam
1276 1697 1447 1730 commodat,
1470 1697 1546 1725 haud
1570 1697 1656 1733 poeni-

859 1742 970 1770 tendam
982 1743 1099 1771 salutem
1111 1742 1234 1770 efﬁciens
1249 1743 1341 1778 (nemo
1353 1742 1426 1770 enim
1440 1742 1522 1777 281
1537 1742 1657 1777 seipsum

858 1785 1025 1814 condemnat
1041 1788 1142 1822 peccati
1152 1787 1265 1814 nomine
1274 1787 1486 1821 contristatum),
1503 1785 1659 1815 hominem-

859 1838 914 1866 que
926 1839 940 1858 a
955 1835 1045 1859 morte
1057 1831 1160 1859 anima:
1171 1831 1262 1866 eripit.

896 1876 986 1903 Vsus.
1011 1879 1053 1903 l1.
1074 1887 1087 1899 ει
1109 1877 1178 1903 Ecce
1199 1875 1274 1902 enim
1296 1874 1369 1910 quod
1394 1874 1547 1903 secundum
1566 1876 1656 1902 Deum

859 1919 1012 1948 contristati
1031 1919 1131 1954 fuistis,
1147 1924 1281 1955 quantam
1301 1919 1329 1947 in
1344 1919 1421 1947 vobis
1438 1919 1534 1955 genuit
1553 1918 1656 1947 sollici—

859 1964 995 1993 tudinem.
1015 1976 1026 1990 -
1050 1965 1112 1992 Non
1131 1963 1254 1997 aliunde,
1269 1963 1369 2000 inquit,
1393 1963 1554 1992 demonstro
1575 1971 1654 1991 com—

860 2009 1026 2038 moditatem
1042 2017 1075 2038 ex
1094 2008 1203 2037 tristitia
1217 2008 1370 2036 secundum
1388 2010 1478 2037 Deum
1499 2008 1658 2043 provenian-

859 2057 927 2086 tem,
947 2053 996 2082 sed
1015 2061 1049 2082 ex
1071 2054 1153 2082 rebus
1174 2052 1277 2081 vestris.
1300 2053 1364 2081 Non
1383 2057 1493 2082 tantum
1515 2053 1587 2081 enim
1601 2060 1657 2080 non

861 2099 988 2135 pcenituit
1000 2107 1048 2127 vos
1066 2099 1141 2135 quod
1155 2097 1309 2126 contristati
1331 2097 1446 2132 fueritis,
1463 2105 1560 2126 verum
1572 2096 1656 2126 etiam

861 2143 1043 2172 studiosiores
1057 2143 1121 2171 facti
1135 2143 1210 2171 estis.

899 2200 912 2213 ι
929 2188 984 2217 Sed
1006 2188 1202 2217 defensionem.
1224 2199 1236 2212 υ
1261 2189 1333 2224 Erga
1352 2195 1407 2215 me.
1430 2186 1556 2215 Excusati
1584 2186 1658 2214 enim

860 2234 933 2269 apud
951 2241 997 2262 me
1008 2233 1084 2267 estis,
1098 2232 1162 2269 quia
1175 2232 1335 2268 resipuistis.

898 2289 911 2302 ι
931 2277 984 2306 Sed
1006 2277 1232 2314 indignationem.
1251 2288 1264 2302 ι
1287 2278 1355 2313 Erga
1372 2284 1437 2305 eum
1448 2276 1494 2313 qui
1507 2275 1658 2304 fornicatus

861 2327 931 2351 erat.

897 2379 910 2392 α
932 2367 986 2396 Sed
1005 2367 1147 2396 timorem.
1172 2368 1245 2403 Erga
1270 2374 1314 2394 me
1337 2375 1344 2393 :
1368 2366 1477 2395 timoris
1499 2365 1574 2394 enim
1597 2369 1657 2394 erat

860 2415 938 2440 tanta
958 2412 1080 2448 adeoque
1097 2411 1194 2440 festina
1208 2411 1356 2440 correctio.

899 2466 913 2482 (ι
927 2456 982 2485 Sed
991 2456 1171 2486 desiderium.
1183 2466 1197 2483 ››
1213 2457 1285 2492 Erga
1302 2464 1356 2484 me.
1371 2456 1444 2484 Cum
1451 2459 1543 2484 autem
1553 2459 1658 2483 metum

861 2500 984 2536 dixisset,
1004 2509 1039 2530 ne
1059 2505 1202 2537 putaretur
1225 2501 1279 2529 ista
1293 2508 1326 2529 ex
1347 2501 1512 2529 auctoritate
1535 2499 1657 2536 quadam

862 2546 990 2583 suiipsius
1017 2546 1116 2581 dicere,
1142 2546 1233 2575 statim
1254 2545 1384 2580 correxit,
1412 2544 1584 2574 desiderium
1616 2544 1656 2572 in-

863 2591 962 2628 quiens
984 2601 991 2620 :
1013 2591 1087 2628 quod
1099 2591 1253 2625 charitatis,
1275 2598 1331 2619 non
1345 2590 1488 2626 potestatis
1500 2592 1560 2618 erat
1581 2587 1657 2616 indi-

865 2637 951 2665 cium.

904 2692 915 2706 ι
938 2680 991 2710 Sed
1006 2680 1220 2709 aemulationem.
1238 2692 1250 2705 ι
1273 2681 1327 2708 Pro
1342 2680 1411 2708 Deo.

714 2730 806 2761 Varia
828 2731 979 2761 lectiones.

57 2774 76 2790 νδ

33 2813 37 2828 ¹
53 2818 146 2851 τραχεῖα
161 2826 177 2846 0
183 2838 191 2846 .

157 2863 274 2892 ΡΑτιιοι..
294 2863 343 2891 Gn.
364 2863 472 2892 CXXIV.

99 2777 154 2811 πρὸς
172 2785 199 2806 o.
237 2777 261 2795 ⁸⁵
283 2778 449 2814 μεταμέλειαν
474 2786 515 2808 in.
552 2778 574 2796 ³⁸
603 2779 842 2816 ἰδελτιώθησαῃο.
880 2780 901 2796 ³⁷
930 2779 1099 2815 ἀμετανόητον
1114 2788 1145 2808 0.
1184 2779 1206 2796 ⁹³
1234 2779 1342 2814 ἁρπάξαν
1367 2785 1393 2805 ο.
1433 2776 1454 2792 ⁹⁹
1482 2775 1541 2811 πρὸς
1554 2775 1598 2812 ἰμὶ
1629 2782 1655 2802 0-

1470 2863 1505 2889 28
