1877 3081
273 181 324 207 8Ῑ9

780 179 1036 208 THEOPHYLACTI
1055 179 1234 208 BULGARIE
1253 180 1410 208 ARCHIEP.

1814 185 1837 210 ibi

272 242 338 269 tiam
355 251 361 269 :
386 249 443 269 non
457 241 661 269 succubuerunt
687 245 798 275 tamen,
813 241 861 270 sed
881 242 971 277 magis
985 242 1049 278 gavi:

1123 242 1195 281 ὅμως
1214 244 1244 273 οὐ
1259 243 1406 273 κατέπεσον
1416 266 1425 281 ,
1441 243 1510 273 ἀλλὰ
1528 244 1626 282 μᾶλλον
1641 243 1682 272 καὶ
1697 243 1768 283 χαρὰν
1783 245 1836 284 inpr

272 291 337 314 sunt
354 295 361 314 :
380 290 477 314 etnon
490 285 660 322 simpliciter,
682 293 778 314 verum
791 293 855 314 cum
877 286 1065 315 exuberantia.

309 343 322 355 «ι
343 332 379 358 Et
404 330 539 366 profunda
566 334 710 366 paupertas
736 338 834 358 eorum
865 331 1013 359 abundavit
1040 332 1070 359 in

272 375 382 404 divitias
391 374 575 411 simplicitatis
584 382 690 403 eorum.
709 386 722 399 ιο
739 376 800 403 Hoc
817 379 870 409 est,
888 376 1069 411 quemadmo-

273 420 341 448 dum
364 420 458 455 ingens
482 419 596 447 afﬂictio
619 419 776 447 exuberavit
796 420 824 447 in
850 420 974 448 laetitiam
1003 430 1010 447 :
1031 421 1070 448 sic

272 465 367 501 ingens
386 469 414 492 et
432 463 566 500 profunda
592 472 689 492 eorum
718 468 862 500 paupertas
886 464 1068 501 eleemosynis

274 517 331 537 non
344 509 434 537 solum
447 517 501 537 non
514 513 572 537 erat
586 508 797 544 impedimento,
809 516 903 537 verum
922 510 1006 537 etiam
1022 518 1070 538 eos

276 555 365 590 potius
398 553 499 581 divitiis
530 553 672 581 abundare
707 554 849 589 persuasit.
881 555 943 582 Non
977 559 1069 582 autem

276 599 354 632 dixit,
376 600 478 626 Eorum
492 606 554 633 qua:
567 598 631 626 data
645 603 729 632 sunt,
745 598 792 626 sed
807 610 819 622 αι
834 599 1033 634 Simplicitatis,
1055 611 1067 623 »ι

275 643 328 672 hoc
353 648 396 671 est
420 642 529 671 candidi
552 643 654 676 animi,
682 642 717 670 ad
740 643 911 679 largiendum
940 644 1068 680 prompti.

274 689 336 716 Non
353 687 424 716 enim
434 696 467 716 ex
480 687 653 716 multitudine
667 687 814 720 donorum,
823 688 871 716 sed
882 689 967 716 animi
980 696 1072 724 prom-

275 732 408 768 ptitudine
427 731 575 760 liberalitas
588 732 750 760 aestimatur.
777 733 838 759 Hoc
859 737 952 760 autem
969 733 1071 761 miran-

273 777 351 811 dum,
365 777 439 813 quod
456 781 530 805 tanta
552 785 584 804 ex
601 780 758 812 paupertate
781 776 890 812 (direpti
909 778 983 805 enim
1006 782 1071 806 sunt

273 830 289 850 a
327 822 444 858 propriis
483 821 690 855 contribulibus)
729 825 836 849 tantam
881 821 1069 851 liberalitatem

271 866 448 895 ostenderint.

306 912 394 939 Vsns.
415 914 442 945 3,
461 914 488 938 4.
508 922 520 935 ι
542 911 612 946 Quia
626 919 676 946 pro
695 911 798 939 viribus
817 911 1002 939 testimonium
1017 911 1070 940 illis

269 955 364 991 reddo,
380 959 408 983 et
421 963 504 991 supra
519 955 591 984 vires
604 955 750 984 voluntarii
764 955 888 990 fuerunt,
901 964 965 984 cum
981 957 1068 985 multa

269 1000 460 1028 exhortatione
476 999 649 1028 obsecrantes
667 1008 728 1028 nos.
745 1012 759 1025 ιι
776 1002 973 1036 interpretatur
995 1002 1069 1037 quod

269 1044 348 1078 dixit,
363 1046 417 1073 Pro
431 1044 544 1078 viribus,
556 1044 694 1080 inquiens,
705 1044 762 1074 imo
777 1057 790 1069 ι
806 1046 841 1073 Et
853 1053 934 1081 supra
946 1046 1016 1074 vires
1029 1056 1036 1073 :
1055 1057 1067 1070 ι

269 1089 322 1117 hoc
339 1089 413 1117 enim
426 1089 542 1125 appellat
554 1089 759 1117 exuberantiam
773 1089 972 1124 simplicitatis,
992 1102 1005 1114 ιι
1023 1091 1070 1118 Su-

270 1142 318 1169 pra
337 1134 427 1168 vires,
446 1145 457 1157 υ
475 1134 601 1169 inquam.
619 1133 690 1169 Quin
706 1134 791 1161 etiam
819 1142 875 1162 non
901 1134 1031 1162 admoniti
1052 1143 1068 1163 a

269 1179 368 1213 nobis,
383 1178 447 1212 sed,
465 1190 477 1203 α
499 1178 665 1206 Voluntarii.
684 1189 696 1202 »
722 1179 757 1206 Et
772 1177 837 1214 quid
852 1178 904 1206 hoc
928 1178 1010 1207 dico?
1030 1179 1068 1207 illi

268 1223 320 1259 ipsi
343 1224 461 1252 multum
481 1223 704 1251 adliortabantur
724 1231 776 1251 nos
790 1227 818 1251 et
833 1223 975 1259 rogabant.
1003 1225 1069 1252 Hinc

267 1271 363 1296 autem
376 1267 455 1302 dicit,
468 1272 498 1295 ut
510 1267 584 1304 ipsos
595 1268 681 1295 etiam
695 1267 925 1296 commonefaciat
939 1276 995 1296 non
1009 1273 1068 1297 tam

267 1313 355 1340 multa
369 1313 447 1347 dare,
467 1320 552 1348 quam
571 1320 636 1340 cum
654 1312 803 1341 alacritate.
823 1312 946 1349 Ideoque
965 1313 994 1341 in
1014 1321 1069 1341 ser-

266 1365 349 1386 mone
362 1357 396 1386 de
411 1357 462 1385 hac
475 1365 505 1385 re
524 1357 701 1385 immoratur.

302 1453 388 1489 284.
413 1464 425 1477 ι
442 1452 568 1482 Gratiam
587 1456 616 1480 et
636 1452 900 1480 communicationm
924 1453 1067 1481 ministerii
1081 1463 1104 1494 ρ

266 1498 342 1534 quod
361 1498 392 1526 ﬁt
413 1499 444 1526 in
460 1501 580 1525 sanctos.
600 1508 612 1521 ››
634 1498 735 1531 Deest,
757 1497 987 1525 Adhortabantur
1012 1505 1062 1525 nos

265 1542 404 1577 suscipere
433 1541 620 1569 ministerium
649 1541 711 1568 hoc.
735 1552 749 1566 σι
773 1541 900 1569 Gratiam
931 1553 941 1564 η
969 1545 1061 1569 autem

266 1586 350 1620 dixit,
367 1590 398 1614 ut
423 1586 484 1621 quia
504 1585 640 1613 Corinthii
664 1585 846 1620 spiritualium
865 1586 1062 1614 charismatum

266 1630 441 1658 mmulatores
466 1633 572 1663 essent,
599 1630 664 1657 huic
691 1637 802 1665 quoque
828 1637 877 1658 ceu
901 1630 1062 1659 charismati

265 1678 426 1707 accurrant,
451 1673 563 1709 perinde
577 1681 610 1702 ac
630 1682 711 1710 supra
742 1679 992 1703 commemoratum
1011 1680 1060 1704 est.

269 1730 281 1743 α
302 1718 590 1747 Communicationem
612 1729 623 1744 ι
649 1722 743 1746 autem
765 1719 888 1753 vocavit,
911 1724 943 1747 ut
958 1719 1064 1748 discant

266 1763 338 1800 quod
349 1771 407 1791 non
418 1763 508 1792 solum
518 1763 601 1797 dant,
619 1771 714 1791 verum
727 1763 811 1791 etiam
824 1764 972 1800 accipiunt.

301 1810 389 1837 Vsns.
407 1811 434 1836 5.
455 1820 466 1832 «ι
482 1809 515 1836 Et
529 1816 585 1836 non
607 1808 678 1836 sicut
697 1809 875 1844 speravimus.
895 1819 908 1833 ι
923 1810 984 1837 Νοιι
1003 1816 1062 1844 spe-

263 1861 422 1887 rassemus,
448 1853 554 1889 inquit,
584 1852 660 1889 quod
687 1854 714 1880 in
749 1857 825 1882 tanta
850 1858 1011 1890 paupertate
1036 1858 1064 1882 et

264 1898 410 1926 afflictione
424 1898 587 1932 existentes,
601 1905 655 1926 nos
675 1897 743 1925 adeo
763 1898 841 1926 enixe
860 1902 1018 1935 rogassent,
1033 1902 1064 1926 ut

264 1943 466 1979 susciperemus
478 1942 661 1970 ministerium
674 1949 782 1970 eorum.

300 1999 312 2012 ιι
332 1987 387 2015 Sed
400 1987 506 2022 seipsos
519 1986 656 2014 dederunt
677 1987 788 2022 primun
804 1986 942 2021 Domino,
964 1987 1062 2016 deinde

266 2035 293 2059 et
304 2031 385 2059 nobis
399 2038 446 2067 per
462 2030 631 2058 voluntatem
646 2031 705 2059 Dei.
721 2041 736 2057 ι)
749 2031 825 2059 Alias
838 2039 936 2059 eorum
948 2031 1062 2060 virtutes

265 2075 308 2103 hic
326 2079 535 2103 commemorat.
557 2077 619 2103 Non
642 2076 713 2103 enim
732 2075 794 2103 ideo
817 2075 880 2103 elati
901 2076 964 2111 quia
991 2077 1062 2104 elec-

265 2127 388 2156 mosyna:
408 2120 573 2154 studebant,
595 2120 647 2148 alia
662 2121 838 2156 neglexerunt
855 2114 1005 2149 :caeterum
1017 2129 1059 2149 se-

265 2165 340 2202 ipsos
357 2165 492 2194 dederunt
504 2167 578 2193 totos
601 2165 739 2200 Domino,
759 2164 794 2193 ad
813 2172 897 2192 omne
916 2173 985 2200 opus
1003 2167 1061 2194 Deo

263 2215 373 2246 gratum
394 2214 453 2238 toto
476 2214 504 2238 et
524 2210 641 2238 indiviso
672 2210 766 2238 animo
789 2210 960 2238 inclinantes.
989 2210 1062 2245 Quin

264 2255 348 2283 etiam
362 2255 443 2283 nobis
457 2254 591 2283 dederunt
605 2255 708 2290 seipsos
718 2276 725 2289 ,
748 2254 801 2282 hoc
820 2258 876 2288 est,
892 2254 920 2282 in
934 2255 1064 2283 omnibus

263 2299 377 2336 subjecti
391 2298 515 2333 fuerunt,
529 2299 693 2327 charitatem
707 2298 888 2327 ostenderunt
903 2307 952 2334 per
968 2299 1064 2327 volun-

263 2348 348 2372 tatem
362 2344 429 2377 Dei,
444 2343 497 2371 hoc
511 2347 553 2371 est
566 2343 603 2371 uti
618 2345 677 2371 Deo
696 2343 801 2379 placet,
822 2347 850 2372 et
862 2351 918 2372 non
934 2343 1064 2372 humanae

263 2388 372 2416 rationi.

297 2433 390 2461 Vsus.
404 2436 431 2461 6.
450 2445 463 2458 ιι
475 2434 517 2462 Ut
526 2440 578 2461 nos
589 2432 801 2460 adhortaremur
809 2433 912 2467 Titum,
929 2437 959 2461 ut
968 2441 1062 2469 quem~

262 2476 414 2505 admodum
433 2478 491 2514 jam
510 2482 594 2505 antea
616 2477 760 2513 carpisset,
782 2477 810 2505 in
833 2477 912 2505 vobis
926 2477 966 2506 sic
981 2478 1060 2513 perﬁ-

262 2526 335 2551 ceret
352 2522 470 2559 gratiam
487 2522 569 2550 hanc.
590 2533 603 2547 ι
629 2521 726 2556 Adeo,
752 2521 857 2558 inquit,
884 2522 922 2549 illi
943 2530 1002 2550 sese
1026 2523 1062 2551 ad

261 2567 464 2604 eleemosynam
484 2566 638 2599 dederunt,
660 2571 692 2594 ut
711 2574 761 2602 ego
783 2566 958 2602 conspicatus
982 2575 1059 2601 rem,

260 2612 338 2641 anxie
351 2612 501 2648 cogitarem
514 2619 564 2648 pro
579 2611 671 2647 vobis,
690 2619 723 2639 ne
740 2611 805 2648 ipsis
822 2611 969 2640 inferiores
984 2619 1060 2640 esse-

260 2657 312 2693 tis,
335 2665 367 2686 ac
387 2661 533 2693 propterea
554 2656 716 2685 adhortarer
731 2657 825 2685 Titum
851 2661 881 2684 ut
905 2656 1009 2685 veniret
1024 2657 1059 2684 ad

260 2709 308 2731 vos
324 2713 330 2731 :
344 2704 419 2739 quod
439 2706 467 2730 et
478 2703 536 2739 ipse
555 2702 616 2739 jam
637 2706 717 2731 antea
731 2709 846 2730 exorsus
861 2705 938 2736 erat,
959 2701 988 2728 id
999 2706 1057 2735 est,

1122 287 1169 318 καὶ
1183 289 1233 328 οὐχ
1245 288 1336 321 ἅπλῶς
1345 311 1354 326 ,
1369 287 1438 317 ἀλλὰ
1453 287 1499 317 καὶ
1516 287 1583 327 μετὰ
1593 287 1739 327 περισσείας.

1173 347 1185 358 ι
1202 333 1254 363 Καὶ
1273 334 1290 368 ἡ
1305 332 1374 362 κατὰ
1388 332 1482 372 βάθους
1497 333 1615 372 πτωχεία
1634 332 1711 362 αὐτῶν
1723 334 1839 372 ἐπερίςσιυεει

1123 378 1159 411 εἷς
1172 377 1216 406 τὸν
1238 379 1348 407 πλοῦτον
1372 379 1419 413 τῆς
1441 377 1588 413 ἁπλότητος
1613 378 1702 408 αὐτῶν.
1718 390 1728 403 ι
1745 378 1840 408 Taurini,

1124 422 1214 462 ὥσπερ
1243 424 1260 457 ἡ
1290 422 1375 457 πολλὴ
1414 421 1500 461 θλίψις
1533 421 1709 461 ἐπερίσσευσεν
1737 423 1765 455 εἷς
1783 424 1839 462 χπρὶττ

1124 467 1204 500 οὕτως
1219 469 1235 502 ἡ
1260 467 1345 501 πολλὴ
1361 467 1446 496 αὐτῶν
1471 466 1516 495 καὶ
1541 467 1633 505 βαθεῖα
1657 466 1757 505 πτωχεία
1769 467 1839 503 exigite.

1123 512 1170 540 οὐκ
1196 511 1343 540 ἐνεπόδισεν
1363 512 1399 543 εἰς
1427 510 1626 549 ἐλεημοσύνην,
1652 511 1713 540 ἀλλὰ
1735 512 1805 548 [imm
1818 524 1840 539 xz:

1124 558 1297 595 περισσεῦσαι
1327 555 1421 588 αὐτοὺς
1459 555 1620 596 παρέπεισεν
1649 557 1681 589 εἷς
1707 555 1743 584 τὸν
1766 558 1839 583 white.

1125 602 1184 630 Οὐκ
1199 595 1256 629 εἷπε
1267 600 1304 638 δὲ,
1317 601 1377 630 Τῶν
1393 600 1518 629 δοθέντων
1528 622 1537 637 ,
1548 599 1626 636 ἀλλὰ,
1637 613 1649 626 ιι
1663 601 1714 635 Τῆς
1726 600 1839 634 ἄπλοι-ητις·

1125 645 1259 683 τουτέστι,
1286 646 1333 680 τῆς
1357 645 1468 685 ἀφθόνου
1494 645 1620 684 γνώμης,
1648 647 1691 679 τῆς
1718 644 1839 682 capessam.

1123 691 1163 720 Οὔ
1178 689 1229 730 γὰρ
1244 691 1281 728 τῷ
1297 689 1392 726 πλήθει
1408 692 1460 719 τῶν
1483 689 1626 727 διδομένων
1637 711 1644 725 ,
1666 689 1726 730 ἀλλὰ
1790 700 1841 726 πριιι-

1125 735 1194 773 ρέσει
1217 734 1333 774 κρίνεται
1357 736 1373 770 ἡ
1401 734 1549 774 φιλοτιμία.
1574 735 1659 764 Τοῦτο
1678 729 1840 770 οῧνβαυυασττῖ.

1123 779 1163 808 ὅτι
1188 779 1218 808 ἐκ
1240 778 1371 814 τοσαύτης
1399 779 1489 812 πενίας
1506 778 1699 818 (διηρπάγησαν
1720 778 1760 817 γὰρ
1774 778 1840 806 fama?»

1123 823 1225 854 οἰκείων
1247 823 1272 842 ⁴⁴
1291 824 1479 864 συμφυλετῶν)
1505 823 1636 859 τοσαύτην
1653 822 1786 856 ἐπεδείξαντο
1794 822 1809 839 ’⁵
1819 833 1839 858 φτ·

1087 882 1110 912 Β
1123 868 1257 906 λοτιμίαν.

1166 924 1181 942 ιι
1193 913 1258 943 Ὀτι
1272 912 1342 942 κατὰ
1365 913 1475 952 δύναμιν
1498 914 1641 952 μαρτυρῶ,
1656 911 1698 942 καὶ
1711 911 1763 950 ὑπὲρ
1779 910 1839 944 Ξύημπ

1123 957 1286 997 αὐθαίρετοι,
1331 956 1400 995 μετὰ
1429 958 1530 992 πολλῆς
1570 956 1748 997 παρακλήσεως
1773 955 1840 991 Etiam:

1121 996 1210 1040 ἡμῶνξ
1228 1016 1240 1029 ι
1256 1001 1416 1041 Ἑρμηνεύει
1444 1001 1458 1031 ὃ
1482 997 1558 1038 εἶπε,
1585 996 1631 1031 καί
1652 1012 1737 1041 φησιν,
1758 999 1787 1028 ὅτι
1804 996 1840 1030 ’οπ

1123 1047 1249 1085 δύναμις,
1278 1047 1380 1085 μᾶλλον
1405 1046 1432 1075 δὲ
1453 1057 1466 1073 α
1489 1046 1536 1075 καὶ
1552 1046 1618 1085 ὓπὲρ
1643 1045 1741 1083 δύναμιν
1754 1055 1760 1061 -
1775 1054 1785 1071 ι
1804 1044 1841 1070 ruit;

1122 1091 1173 1132 γὰρ
1190 1093 1207 1127 ἡ
1229 1090 1366 1131 περισσεία
1389 1092 1438 1126 τῆς
1460 1090 1627 1129 ἁπλότητος,
1652 1089 1692 1126 τὸ,
1710 1100 1723 1118 α
1740 1088 1787 1127 ὑπὲρ
1802 1087 1840 1132 δίη-

1123 1129 1187 1175 μιν,
1214 1148 1228 1163 ιι
1263 1129 1354 1176 φησίν.
1385 1135 1465 1165 Ἀλλὰ
1490 1135 1537 1164 καὶ
1578 1135 1644 1173 μηδὲ
1670 1134 1694 1153 ⁴⁶
1718 1129 1841 1172 προτρατέγτες

1122 1181 1186 1220 παρ’
1200 1182 1293 1219 ἡμῶν,
1310 1179 1368 1209 ἀλλ’
1385 1191 1401 1207 α
1416 1179 1578 1219 αὐθαίρετοι.
1595 1191 1609 1207 ν
1629 1178 1681 1209 Καὶ
1695 1177 1718 1207 τί
1730 1179 1787 1206 τοῦτο
1796 1175 1841 1212 λέτιιξ

1124 1225 1206 1255 Αὐτοὶ
1229 1224 1276 1263 μὲν
1291 1219 1334 1253 οὖν
1355 1225 1449 1254 ἐκεῖνοι
1472 1224 1576 1260 πολλὴν
1590 1223 1744 1263 παράκλησιν
1762 1219 1839 1259 ﬂagitav-

1123 1282 1183 1306 τες,
1205 1269 1249 1299 καὶ
1265 1268 1382 1307 δεόμενοι
1405 1270 1493 1307 ἡμῶν.
1518 1270 1615 1298 Ταῦτα
1639 1267 1665 1296 δὲ
1687 1267 1758 1305 λέγει,
1780 1265 1807 1293 ἵνα
1820 1275 1846 1310 xzi‘

1124 1315 1217 1347 αὐτοὺς
1240 1313 1423 1353 προτρέψηται
1442 1314 1471 1342 οὗ
1496 1315 1622 1342 τοσοῦτον
1645 1313 1680 1344 εἷς
1698 1311 1725 1340 τὸ
1742 1309 1846 1355 πολλᾶἒνξγ

1122 1371 1182 1396 ναι,
1198 1358 1260 1387 ὅσον
1285 1359 1320 1391 εἰς
1341 1358 1371 1387 τὸ
1386 1357 1454 1395 μετὰ
1475 1357 1634 1397 προθυμίας.
1657 1355 1701 1386 Διὸ
1715 1354 1753 1385 καὶ
1766 1353 1846 1389 Muta}

1124 1403 1165 1433 ϐει
1179 1405 1218 1443 τῷ
1233 1402 1294 1442 περὶ
1315 1401 1409 1432 τούτου
1425 1402 1508 1440 λόγῳ.

1166 1462 1178 1475 ι
1270 1441 1353 1487 γχᾶριν
1369 1447 1416 1477 καὶ
1438 1445 1484 1482 τὴν
1500 1446 1640 1476 κοινωνίαν
1658 1447 1702 1482 τῆς
1715 1441 1841 1474 meminit

1120 1495 1155 1527 εἰς
1177 1492 1237 1526 τοὺς
1263 1492 1363 1531 ἁγίους.
1390 1505 1402 1518 ν
1445 1491 1540 1522 Aci-im
1569 1491 1617 1528 τὸ,
1645 1489 1791 1530 Παρεκάλουν

1117 1529 1292 1572 ἀναδέξασθαι
1306 1535 1354 1572 τὴν
1368 1536 1501 1565 διακονίαν
1522 1535 1634 1572 ταύτην,
1653 1549 1664 1562 ι
1744 1532 1801 1573 χάριν
1810 1529 1840 1562 ιὶι

1117 1577 1205 1619 εἶπεν,
1225 1581 1269 1610 ἵνα
1294 1580 1386 1616 ἐπειδὴ
1411 1580 1532 1616 ζηλωταὶ
1557 1575 1628 1617 ἦσαν
1651 1581 1699 1609 τῶν
1723 1574 1840 1622 πνευματυὲ

1116 1627 1289 1667 χαρισμάτων
1328 1626 1352 1655 οἱ
1378 1624 1529 1665 Κορίνθιοι,
1560 1621 1778 1668 ἐπιδράμωσινχαὶ

1117 1664 1160 1706 ως-
1179 1671 1348 1711 χαρίσματι,
1378 1669 1447 1699 καθὰ
1480 1669 1526 1699 καὶ
1560 1669 1682 1709 ἀνωτέρω
1709 1667 1797 1711 εἴρηται·
1818 1664 1841 1711 ii“

1122 1726 1137 1745 ι(
1151 1715 1287 1746 κοινωνίαν
1302 1729 1314 1741 ιο
1327 1713 1355 1744 δὲ
1375 1714 1499 1743 ἐκάλεσεν
1508 1736 1516 1750 ,
1531 1713 1576 1743 ἵνα
1598 1714 1713 1752 μάθωσιν
1725 1711 1759 1741 ὅτι
1773 1709 1794 1739 οὗ
1804 1707 1840 1745 μόνω

1118 1760 1232 1790 διδόασιν
1243 1782 1251 1795 ,
1271 1760 1340 1788 ἀλλὰ
1356 1759 1402 1789 καὶ
1412 1758 1594 1796 λαμϐάνουσι,
1827 1795 1831 1798 ι

1160 1819 1172 1831 ιι
1193 1806 1246 1835 Καὶ
1262 1805 1290 1833 οὐ
1305 1804 1393 1837 καθὼς
1407 1802 1573 1840 ἠλπίσαμεν.
1597 1815 1612 1831 ι
1632 1803 1688 1832 Οὐκ
1702 1799 1817 1837 ἠλπίσαμεν
1825 1802 1846 1840 θπγ

1118 1849 1162 1878 καὶ
1178 1849 1307 1885 τοσαύτην
1328 1848 1418 1878 πενίαν
1442 1847 1547 1887 ἔχοντες
1559 1870 1567 1884 ,
1585 1847 1630 1876 καὶ
1645 1849 1670 1876 ἐν
1690 1844 1785 1882 τοσαύτῃ
1799 1840 1841 1875 liii?

1116 1893 1205 1930 ὄντες,
1242 1896 1359 1923 τοσαῦτα
1386 1892 1560 1928 δεηθήσονται
1587 1893 1681 1930 ἡμῶν,
1704 1889 1743 1919 ἵνα
1764 1886 1842 1921 δεξιιλμέθι

1117 1938 1164 1974 τὴν
1180 1937 1315 1968 διακονίαν
1331 1939 1427 1967 αὐτῶν.

1161 1993 1177 2012 ‹(
1197 1982 1269 2013 Ἀλλ’
1291 1981 1398 2012 ἑαυτοὺς
1421 1982 1523 2011 ἔδωκαν
1543 1983 1647 2022 πρῶτον
1674 1981 1708 2020 τῷ
1730 1976 1809 2027 Κυρίῳ]
1823 1976 1846 1999 ⁸⁸

1117 2027 1179 2065 ἡμῖν
1209 2027 1253 2056 διὰ
1278 2027 1427 2066 θελήματος
1465 2027 1546 2056 Θεοῦ.
1574 2036 1588 2054 n
1629 2026 1749 2056 Ἐνταῦθα
1773 2022 1805 2066 καῖ

1117 2064 1200 2105 ἄλλοις
1225 2071 1321 2111 ἀρετὰς
1345 2064 1436 2105 αὐτοῖς
1460 2074 1679 2112 προσμαρτυρεῖ·
1696 2068 1723 2098 οὗ
1741 2066 1780 2105 γὰρ
1796 2064 1841 2110 ἐκεῖ

1117 2117 1295 2155 ἐλεημοσύνης
1338 2117 1362 2135 ¹⁷
1398 2115 1603 2154 ἐπεμελήθησαν
1642 2113 1796 2155 τυφωθέντεςι
1819 2115 1846 2156 τθξη

1117 2161 1205 2190 ἄλλων
1235 2161 1392 2199 ἠμέλησαν,
1417 2161 1478 2189 ἀλλ’
1507 2160 1582 2194 ὅλους
1610 2159 1713 2191 ἑαυτοὺς
1736 2156 1811 2185 ἔδωκαν

1118 2205 1226 2246 Κυρίῳ,
1248 2194 1323 2245 ’ἆτρὸξ
1350 2194 1403 2234 πάν
1430 2205 1506 2245 ἔργον
1532 2204 1672 2245 θεοίρεστον
1696 2198 1810 2246 ὃλοψύχνωξ
1824 2194 1846 2246 Ἣ

1117 2243 1169 2280 καὶ,
1187 2243 1217 2280 οὗ
1242 2243 1310 2289 μετὰ
1335 2243 1459 2291 διψυχίας
1483 2249 1508 2268 ‘9
1533 2243 1677 2282 νεύσαντες.
1705 2244 1753 2277 Καὶ
1774 2243 1817 2291 ᾖμῖν
1832 2243 1846 2263 ’ί

1116 2294 1218 2324 ἔδωκαν
1244 2294 1367 2333 ἑαυτοὺς,
1396 2293 1549 2331 τουτέστιν,
1574 2295 1601 2323 ἐν
1617 2297 1694 2322 πᾶσιν
1716 2286 1846 2337 ﬁne-rimi“?

1117 2339 1225 2378 ἀγάπην
1240 2339 1283 2368 διὰ
1299 2339 1447 2378 θελήματος
1469 2340 1540 2369 Θεοῦ
1560 2337 1713 2372 ἐνεδείξαντο
1726 2346 1732 2352 ·
1744 2338 1846 2362 τουιεσῐινιη

1117 2386 1151 2417 ὡς
1166 2384 1276 2424 ἀρέσκει
1288 2385 1367 2424 Θεῷ,
1383 2384 1428 2413 καὶ
1440 2385 1487 2413 οὐκ
1502 2383 1658 2422 ἀνθρωπίνῳ
1670 2379 1781 2424 λογισμῷν
1821 2412 1833 2421 _‘

1161 2421 1287 2458 ((-UQO’TE
1317 2421 1388 2466 ἡμᾶς
1417 2421 1604 2468 παρακαλέσαι
1630 2421 1719 2460 Τίτον,
1740 2421 1777 2468 ille
1797 2422 1844 2463 "7“

1116 2473 1295 2514 προενήρξατο
1306 2497 1315 2511 ,
1332 2475 1358 2502 ἐν
1372 2475 1434 2512 ὑμῖν
1453 2472 1591 2511 ἐπιτελέσῃ
1611 2471 1677 2501 οὕτω
1697 2467 1737 2498 καὶ
1752 2464 1790 2514 τῆξ

1116 2519 1224 2555 ταύτην.
1241 2530 1254 2547 l)
1285 2519 1434 2554 Τοσοῦτον,
1461 2518 1553 2558 φησὶν,
1569 2518 1660 2546 ἐκεῖνοι
1677 2514 1765 2544 ἔδωκαν
1781 2509 1844 2558 ἑανῷ

1116 2564 1152 2596 εἰς
1177 2563 1371 2602 ἐλεημοσύνην,
1397 2557 1472 2592 ὥστε
1482 2561 1528 2602 ἐμὲ
1555 2561 1645 2591 ἰδόντα
1670 2557 1844 2606 τὸ

1116 2610 1244 2647 ριμνῆσαι
1272 2607 1339 2648 ὑπὲρ
1372 2608 1463 2653 ὑμῶνΡ
1491 2607 1587 2653 μήπως
1610 2603 1760 2653 ξλατξωθῆξε
1778 2603 1846 2653 ξῗξδςῇ

1114 2653 1158 2682 καὶ
1173 2653 1215 2681 διὰ
1227 2654 1304 2682 τοῦτο
1318 2652 1506 2692 παρακαλέσαι
1520 2651 1600 2681 Τίτον
1613 2650 1694 2680 ἐλθεῖν
1711 2648 1837 2692 Wfﬁn;

1115 2698 1159 2726 καὶ
1182 2697 1233 2737 πρὸ
1266 2698 1313 2732 τῆς
1339 2686 1405 2735 ἐμῆς
1433 2697 1594 2736 προτροπῆς.
1634 2693 1728 2724 Οἷκειοῖ
1751 2686 1772 2716 δὲ
1790 2686 1843 2712 αὐταί

967 2745 1060 2776 Variae
1083 2747 1233 2776 lectiones.

295 2797 315 2813 ¹⁴
329 2797 396 2823 ἰδίων
413 2806 439 2825 0.
480 2798 500 2814 ⁸⁵
526 2797 625 2828 ἕνεόείξ.
646 2805 672 2825 0.
713 2796 734 2813 ¹⁶
752 2795 786 2832 μὴ
808 2805 835 2824 ο.
876 2795 896 2812 ¹⁷
913 2795 1085 2831 ἐλεημοσύνην
1108 2804 1135 2825 ο.
1174 2796 1196 2813 ³⁸
1219 2795 1362 2831 ὁλοκλήρως
1387 2803 1413 2824 ο.
1452 2795 1474 2812 ¹⁹
1491 2793 1634 2830 διχαιιυχίας
1656 2800 1679 2820 ο.

257 2837 424 2872 προενήρξατο
437 2837 509 2867 αὐτὸς
521 2857 528 2870 ,
543 2838 668 2869 τουτέστι,
689 2837 807 2871 προέθετο
822 2835 905 2862 ἐλθεῖν
920 2836 978 2871 πρὸς
992 2836 1053 2870 ὓμᾶς
1069 2845 1095 2865 ο.

1714 2787 1734 2805 κ
1748 2785 1777 2811 (ο.
1796 2780 1805 2805 δ
1821 2773 1846 2800 ιδὶ
