1877 3081
18 161 46 187 Sf

18 222 44 251 δν
59 221 143 252 Τίτον
159 220 208 250 διὰ
223 220 340 257 τούτων,
355 219 398 249 ἵνα
414 219 514 250 ἐλθόντι
532 220 576 249 καὶ
594 219 800 258 συμϐουλεύοντι
815 223 842 253 Α

18 266 57 306 ερῖ
89 265 298 303 ἐλεημοσύνης,
327 264 503 305 εὐκολώτερον
534 265 605 304 αὐτῷ
637 265 802 301 πεισθῶσιν,

18 323 36 344 »ς
49 310 82 340 τὰ
109 310 182 350 ὓπὲρ
209 311 299 339 αὐτῶν
324 312 471 350 φρονοῦντι.
503 309 558 340 Καὶ
581 310 662 339 πάλιν
686 309 713 338 δὲ
728 309 807 350 χάριν

18 355 108 384 κάλεσε
132 354 164 384 τὸ
180 359 309 394 πρᾶγμα.
337 354 416 394 Μέγα
435 353 487 394 γὰρ
503 356 540 394 τῷ
560 354 633 390 ὄντι,
659 353 707 383 καὶ
722 355 804 393 δῶρον

18 401 83 435 hei},
105 399 152 428 καὶ
177 398 319 436 ἐξομοιοῦν
345 399 418 438 αὐτῷ
449 399 557 428 δυνατὸν
582 398 627 427 τὸν
658 398 782 437 μετιόντα
797 408 803 415 ·

18 447 55 473 θεν
82 444 129 473 καί
156 455 197 477 τις
228 443 307 483 σοφός
332 454 417 484 φησν
448 454 461 472 ε
482 443 557 482 Μέγα
584 442 740 482 ἄνθρωπος,
758 443 804 472 καὶ

18 489 89 528 τίμιον
105 487 175 529 ἀνὴρ
192 488 318 527 ἐλεήμων
331 488 367 516 ³⁸.
382 498 397 517 n

45 634 60 650 ι
81 620 153 651 Ἀλλ’
173 621 269 662 ὥσπερ
294 622 321 651 ἰν
336 621 417 651 παντὶ
433 621 603 661 περισσεύετε
628 621 734 660 πίστει,
758 622 804 651 καὶ

18 667 88 707 κότῳ,
113 667 161 695 καὶ
188 666 308 705 γνώσει,
334 666 381 696 καὶ
407 667 510 707 σπουδῇ
533 666 625 706 πάσῃ,
649 666 695 695 καὶ
779 666 804 700 ἐξ

18 713 76 748 ὴμῶν
94 711 189 750 ἅγᾶπῃ
218 712 247 740 ἐν
269 713 350 750 ἡμῖν,
373 710 417 740 ἵνα
447 711 493 740 καὶ
508 712 534 740 ἐν
549 711 634 750 ταύτῃ
713 711 804 751 χάριτι

18 756 187 795 ιερισσεύητε.
223 766 239 784 ι
265 756 332 785 Μετ’
362 755 500 795 ἐγκωμίων
536 755 734 796 προτρέπεται,
759 756 804 785 καί

18 813 98 841 φησιν,
114 799 155 830 ὅτι
164 799 281 839 Ὠσπερ
293 801 326 830 τὰ
341 800 410 829 ἄλλα
425 801 512 829 πάντα
528 800 597 838 μετὰ
611 800 637 819 ²²
653 800 805 840 περισσείας

18 845 96 885 ἔχετε,
112 844 182 896 οὕτω
195 845 244 896 καὶ
253 846 379 896 ’ἐνταῦθα
388 867 398 883 ,
413 846 464 884 οὐχ
481 844 607 896 ἴναιδῶτε
617 867 637 896 ,ι
645 846 705 896 ἀλλ’
719 844 763 896 ἶνα
774 845 800 864 ²³
819 865 842 896 Β

18 889 197 929 περισσεύητε,
218 889 236 924 ἢ
251 889 318 929 ὑπὲρ
340 889 401 923 τοὺς
426 889 598 928 Μακεδόνας,
623 889 641 925 ἢ
662 888 707 919 ἵνα
721 890 800 930 δαψι-

18 935 131 971 λιύσησθι
147 933 253 968 ἅπλῶς.
273 945 289 963 α
302 933 398 964 Πίστει
413 945 428 963 ι
443 934 489 972 δὲ,
553 935 606 963 τῶν
617 933 804 974 χαρισμάτων,

18 980 43 1018 rt]
56 978 202 1018 ἄδιστάκτῳ
212 991 218 997 ·
234 989 250 1008 ι
261 978 347 1019 λόγῳ,
362 990 377 1006 ι
389 980 428 1019 τῷ
442 980 489 1013 τῆς
502 978 593 1019 σοφίας
606 989 613 996 “
631 990 644 1007 ε
664 977 772 1018 γνώσει,
786 990 800 1007 ι)

18 1025 44 1062 ri
55 1024 103 1052 τῶν
115 1023 257 1061 δογμάτων
269 1035 276 1042 ·
292 1037 305 1050 ι
329 1023 375 1052 καὶ
389 1024 492 1063 σπουδῇ
508 1023 599 1063 πάσῃ,
621 1037 634 1049 ι
704 1025 740 1056 εἰς
756 1023 804 1059 τὴν

19 1068 90 1103 ἄλλην
117 1068 233 1108 ἀρετήν·
261 1068 307 1097 καὶ
390 1067 417 1102 ἐξ
442 1069 516 1106 ὑμῶν
554 1069 581 1096 ἐν
609 1070 674 1107 ἡμῖν
699 1068 801 1108 ἀγάπῃ.

20 1113 124 1152 Προείπε
145 1112 214 1152 γὰρ,
240 1112 283 1142 ὅτι
298 1112 483 1146 Ἐνεδείξασθε
507 1113 545 1152 τῷ
567 1112 641 1153 Τίτῳ
668 1112 717 1148 τὴν
740 1114 806 1153 πρὸς

22 1157 61 1194 ἐμὲ
75 1157 175 1195 ἀγάπην
184 1180 193 1195 ,
210 1158 352 1193 ζηλοῦντες
370 1157 436 1197 ὑπὲρ
448 1158 523 1196 ἐμοῦ.

57 1203 114 1232 «οὖ
126 1203 184 1231 κατ’
203 1201 335 1240 ἐπιταγὴν
347 1201 427 1240 λέγω.
441 1216 453 1228 ι
468 1201 630 1241 Τουτέστιν,
645 1203 706 1232 Οὐκ
722 1202 806 1242 ἀναγ-

21 1245 94 1279 κάζων
104 1248 170 1280 ξομες
180 1269 190 1286 ,
202 1247 264 1276 οὔτε
279 1248 314 1280 ὡς
327 1246 547 1282 κατεξουσιάζων.

59 1336 169 1367 «Ἀλλὰ
202 1337 246 1367 διὰ
269 1339 316 1374 τῆς
352 1337 447 1378 ἑτέρων
474 1338 604 1373 σπουδῆς,
630 1337 677 1367 καὶ
703 1337 733 1367 τὸ
758 1340 805 1374 τῆς

25 1381 137 1420 ὑμετέρας
161 1381 269 1420 ἀγάπης
303 1382 410 1421 γνήσιον
439 1382 599 1419 δοκιμάζων.
616 1393 631 1411 ι)
661 1381 805 1418 Τουτέστι,

24 1424 66 1454 Διὰ
78 1428 149 1455 τοῦτο
165 1428 268 1456 ἐπαινῶ
288 1426 348 1460 τοὺς
362 1427 536 1463 Μακεδόνας,
551 1426 594 1456 ἵνα
611 1427 654 1457 διὰ
671 1429 718 1462 τῆς
741 1427 807 1456 ἐκεί-

25 1480 67 1497 νων
81 1471 190 1507 σπουδῆς
209 1471 260 1507 τὴν
282 1471 411 1511 ὖμετέραν
428 1472 493 1512 πρὸς
511 1471 570 1505 τοὺς
586 1471 701 1508 πένητας
716 1471 806 1510 ἁγίους

25 1513 116 1552 ἀγάπην
132 1515 311 1555 δοκιμυντέραν
326 1515 457 1550 ἀποδείξω
472 1516 518 1546 καὶ
529 1515 729 1556 λαμπροτέραν.

61 1559 227 1590 «Γινώσκετε
261 1560 313 1601 γὰρ
341 1561 390 1596 τὴν
416 1560 495 1601 χάριν
523 1563 569 1590 τοῦ
596 1561 697 1600 Κυρίου
727 1562 804 1597 ἡμῶν

26 1601 100 1638 Ἰησοῦ
123 1605 257 1643 Χριστοῦ,
283 1604 324 1634 δτι
349 1605 381 1634 δι’
407 1607 476 1643 ὑμᾶς
500 1605 654 1645 ἐπτώχευσε
681 1604 806 1638 πλούσιος

28 1645 122 1683 ὢν,ἵναι
146 1649 218 1687 ὑμεῖς
245 1652 279 1689 τῇ
304 1649 405 1679 ἐκείνου
430 1649 552 1690 πτωχείᾳ
576 1649 758 1686 πλουτήσητε.
788 1660 803 1678 ι

29 1691 170 1730 Τουτέστιν,
193 1694 374 1731 Ἐννοήσατε,
398 1694 592 1733 ἀναλογίσασθε
614 1694 644 1723 τὸ
667 1694 735 1733 μέγα
751 1707 804 1733 μυ-

30 1736 135 1776 στήριον,
151 1738 194 1767 καὶ
207 1738 312 1772 οὐδενὸς
322 1738 443 1778 φείσεσθε
455 1739 492 1768 ²⁴.
510 1740 543 1769 Εἰ
557 1739 606 1778 γὰρ
620 1740 743 1772 ἀπιστεῖς
755 1738 805 1775 ²⁴“,

30 1780 110 1820 φησὶν,
130 1781 166 1811 ὅτι
191 1785 208 1819 ἡ
223 1783 346 1824 πτωχεία
372 1784 488 1813 πλούτου
517 1783 574 1813 ἰστὶ
595 1783 738 1819 ποιητικὴ,
764 1784 805 1812 ἔνι

29 1824 108 1860 νόησόν
133 1838 176 1856 σου
199 1828 243 1857 τὸν
268 1828 420 1864 Δεσπότην,
444 1828 491 1857 καὶ
525 1828 612 1857 οὐκέτι
639 1827 806 1863 ἀπιστήσεις.

30 1868 59 1897 Ei
77 1871 111 1907 μὴ
125 1870 173 1911 γὰρ
188 1874 285 1906 ἐκεῖνος
309 1872 478 1912 ἔπτώχευσε,
503 1873 639 1909 τουτέστι,
661 1872 710 1907 τὴν
733 1872 806 1901 κάτω

31 1914 135 1950 κειμένην
163 1917 208 1946 καὶ
237 1918 332 1955 ἄτιμον
360 1917 447 1956 σάρκα
483 1917 613 1953 ἀνέλαϐε,
640 1917 685 1946 καὶ
719 1916 805 1945 τᾶλλα

33 1957 104 1986 πάντα
126 1962 170 1995 ἧς
191 1962 299 2000 ἀτιμίας
323 1962 444 1999 ὑπέστη,
471 1962 516 1991 καὶ
542 1964 627 1991 ταῦτα
653 1961 686 1990 δι’
715 1963 803 2000 ἡμᾶς,

32 2001 79 2047 “iit
98 2004 224 2045 ἀναξίους,
252 2006 314 2040 τοὺς
339 2007 464 2047 ἐχθροὺς,
488 2007 536 2036 οὐκ
561 2006 592 2035 ἂν
612 2008 688 2044 ἡμεῖς
708 2007 804 2035 ἐπλου-

33 2045 143 2090 τήσαμεν.
157 2051 234 2081 Ποῖον
251 2051 278 2081 δὲ
294 2045 406 2081 πλοῧτὸν
423 2062 505 2090 φησι;
522 2050 576 2081 Τὸν
591 2053 638 2086 τῆς
654 2050 802 2086 εὐσεϐείας,

33 2089 68 2135 τὸν
79 2095 231 2133 καθαρισμὸν
241 2119 250 2134 ,
265 2095 310 2125 τὸν
325 2089 471 2135 ἁγιασμδν,
488 2095 533 2124 καὶ
556 2095 643 2125 τᾶλλα
670 2094 770 2133 ἀγαθὰ,
788 2095 805 2124 ἃ

36 2133 71 2162 καὶ
84 2135 156 2167 ἔδωκε
169 2141 213 2169 καὶ
230 2133 320 2171 δώσει.

69 2191 82 2206 α
98 2181 145 2210 Καὶ
158 2184 263 2222 γνώμην
286 2187 313 2214 ἐν
332 2184 418 2225 τούτῳ
443 2184 551 2222 δίδωμι·
569 2186 653 2225 ,τοῦτο
677 2184 728 2223 γὰρ
743 2186 804 2223 fiva

39 2220 187 2270 συξφίρειξ»
205 2220 278 2270 δορα
303 2231 359 2262 πῶς
385 2220 538 2269 ἀνεπαχθῆς
558 2224 624 2258 εἶναι
651 2220 802 2263 σπουδάζει.
821 2220 844 2250 υ

41 2267 188 2313 ξΓνώμην»
205 2267 266 2313 γὰρ,
284 2274 360 2313 φησὶ,
389 2285 403 2303 tt
418 2267 529 2312 δίδὼμν
551 2284 566 2302 ν
583 2272 713 2311 τουτέστι,
732 2274 806 2312 Συμ-

39 2308 132 2358 South,
151 2317 194 2346 οὖκ
211 2308 334 2358 *ἀνάγκην
353 2308 510 2357 δπιτίθημι·
529 2318 575 2348 καὶ
602 2318 686 2354 αὐτὴν
704 2308 738 2347 ’δὲ
757 2308 805 2354 τῆν

39 2356 167 2402 ξυμϐουλὴν
181 2356 306 2401 ποιοῦμαι
330 2362 374 2393 διὰ
394 2363 425 2392 τὸ
448 2356 592 2402 συμφέρειν
615 2363 678 2401 ὑμῖν
703 2363 805 2401 μᾶλλον

41 2396 53 2432 ἢ
65 2405 108 2435 τοῖς
119 2396 303 2443 λαμϐάνουσιν.

72 2446 182 2483 ιοῖτινες
195 2453 223 2480 οὗ
238 2451 316 2489 μόνον
330 2452 360 2482 τὸ
375 2453 503 2490 ποιῆσαι,
522 2451 592 2481 ἀλλὰ
612 2452 657 2481 καὶ
677 2451 706 2481 τὸ
721 2452 804 2481 θέλειν

41 2491 204 2541 ξροεὶςήρξασθε
227 2496 277 2526 ἀπὸ
296 2497 409 2536 πέρυσι·
435 2497 491 2526 νυνὶ
517 2497 544 2526 δὲ
570 2496 616 2526 καὶ
637 2496 667 2526 τὸ
694 2499 805 2531 ποιῆσαι

42 2535 193 2581 έτςιτελέσατε.
211 2554 222 2566 ιι
250 2542 349 2571 Οὐκέτι
365 2544 394 2571 ἐκ
411 2543 457 2577 τ’ἧς
480 2543 532 2570 τῶν
561 2541 656 2581 ἑτέρων
687 2542 806 2576 σπουδῆς

46 2576 119 2631 αὖτοὺς
140 2586 320 2625 προτρέπεται,
336 2586 396 2615 ἀλλ’
413 2587 444 2615 ἐκ
466 2588 514 2622 τῆς
532 2576 617 2615 αὖτῶν
640 2586 788 2625 προθυμίας
799 2597 806 2604 ·

46 2629 80 2673 “ll
99 2635 183 2673 φησιν,
204 2629 242 2660 ὅτι
255 2630 378 2664 Ἑκόντες
401 2631 444 2660 ἐπὶ
465 2633 542 2660 τοῦτο
567 2631 680 2666 ἤλθετε,
707 2630 752 2659 καὶ
777 2631 806 2659 οὐ

47 2670 108 2699 μόνον
127 2670 203 2712 ἀρχὴν
227 2674 405 2705 κατεϐάλεσθε
428 2675 492 2715 πρὸς
506 2675 536 2704 τὸ
557 2675 658 2714 ποιεῖν,
677 2675 747 2704 ἀλλὰ
762 2675 807 2704 καὶ

439 157 615 186 EXPOSITIO
635 157 667 185 IN
688 157 792 185 EPIST.
814 158 834 185 ll
853 158 898 184 Al)
920 158 997 184 (ΞΟΠ.
1019 173 1053 178 -
1073 159 1147 186 CAP.
1171 160 1240 186 Vlll.

1600 161 1652 186 882

856 223 1034 255 proposuerat
1054 220 1145 248 venire
1167 221 1202 248 ad
1221 228 1284 253 vos,
1307 221 1463 257 priusquam
1488 230 1552 250 eum
1577 230 1652 250 com-

857 264 1070 293 monefacerem.
1090 266 1142 293 Per
1153 265 1213 294 haec
1225 269 1319 294 autem
1328 266 1422 294 Titum
1437 265 1500 301 ipsis
1513 267 1652 300 conciliat,

857 313 887 337 ut
903 309 950 337 ubi
975 310 1080 338 venerit
1104 314 1186 346 atque
1199 309 1235 338 de
1248 310 1419 346 eleemosyna
1438 311 1590 345 consultet,
1615 311 1652 339 fa-

855 354 935 382 cilius
945 354 969 382 ei
979 354 1108 388 credant,
1123 362 1174 383 ceu
1187 354 1319 390 cogitanti
1338 362 1400 391 qua:
1415 354 1448 382 ad
1461 363 1559 383 eorum
1579 355 1652 383 salu-

857 403 913 426 tem
937 398 1046 427 faciant.
1071 401 1176 428 Rursus
1197 403 1293 428 autem
1318 400 1436 435 gratiam
1459 400 1566 427 vocavit
1591 407 1651 427 rem

857 443 938 472 istam
959 454 964 472 :
989 452 1119 480 magnum
1138 443 1212 472 enim
1231 451 1325 472 revera
1340 448 1383 472 est
1399 452 1431 472 ac
1457 444 1504 472 Dei
1528 444 1650 478 donum,

856 495 992 524 eumque,
1012 489 1060 524 qui
1099 489 1157 525 ejus
1176 492 1218 517 est
1243 488 1391 525 particeps,
1415 490 1474 517 Deo
1502 489 1654 517 assimilare

857 533 935 561 valet.
952 533 1033 561 Unde
1047 537 1074 561 et
1093 534 1202 569 sapiens
1216 533 1354 570 quispiam
1374 533 1443 562 dixit
1465 542 1472 561 :
1491 544 1503 558 ι
1522 535 1653 570 Magnum

857 576 989 613 quiddam
1003 582 1045 606 est
1058 578 1156 612 homo,
1179 582 1208 606 et
1226 578 1376 614 pretiosum
1390 578 1431 606 vir
1455 578 1621 606 misericors.
1640 590 1651 602 -

892 623 982 651 Vnus.
1002 627 1029 651 1.
1044 635 1056 647 -
1077 623 1130 651 Sed
1144 623 1214 650 sicut
1229 622 1255 650 in
1278 622 1410 651 omnihus
1432 622 1578 650 abundatis
1599 622 1654 650 fide

857 671 886 695 et
897 675 1025 696 sermone
1043 672 1070 696 et
1084 667 1195 696 scientia
1207 672 1235 696 et
1244 668 1321 696 omni
1342 667 1529 696 sollicitudine
1545 672 1574 696 et
1590 668 1653 696 cha-

856 712 937 740 ritate
952 716 1039 740 vestra
1054 713 1082 740 in
1096 720 1158 747 nos,
1174 717 1205 740 ut
1216 716 1244 741 et
1258 713 1287 740 in
1303 712 1355 741 hac
1368 713 1457 749 gratia
1473 712 1626 740 abundetis.
1642 724 1653 736 υ

857 756 1009 785 Laudando
1028 757 1201 791 adhortatur,
1223 757 1351 793 inquiens
1380 766 1386 785 :
1413 757 1654 792 Quemadmodum

858 805 955 830 caitera
969 802 1062 830 omnia
1075 801 1182 830 abunde
1204 802 1303 830 tenetis
1313 823 1321 836 ,
1342 802 1383 830 sic
1397 806 1425 830 et
1440 802 1493 830 hoc
1506 801 1581 834 loco.
1600 809 1655 830 non

859 850 889 874 ut
898 847 978 881 detis,
992 855 1088 875 verum
1106 851 1138 876 ut
1146 847 1311 882 exuberetis,
1327 847 1367 875 vel
1380 855 1461 883 supra
1479 846 1654 880 Macedones,

859 892 899 919 vel
914 895 944 920 ut
958 892 1023 928 largi
1036 892 1096 920 sitis
1110 891 1281 928 simpliciter.
1303 902 1316 916 ι
1330 892 1395 920 Fide
1413 903 1425 916 ι
1439 894 1542 925 autem,
1556 899 1656 926 nempe

857 936 1064 971 charismatum,
1079 936 1248 970 indubitata;
1268 948 1280 960 ιι
1303 944 1433 964 sermone
1445 956 1453 969 τ
1469 947 1481 960 ι-
1495 935 1653 971 sapientiae;

857 981 983 1015 scientia,
998 981 1201 1015 doctrinarum;
1235 992 1247 1005 α
1274 985 1302 1009 et
1325 981 1400 1008 omni
1426 980 1652 1014 sollicitudine,-

858 1033 921 1061 erga
941 1026 1022 1054 aliam
1042 1026 1172 1054 virtutem
1197 1035 1204 1053 :

858 1070 885 1098 in
909 1078 960 1098 nos
979 1070 1094 1098 habetis.
1119 1071 1189 1098 Nam
1217 1078 1300 1106 supra
1325 1070 1404 1103 dixit,
1429 1069 1574 1098 Indicastis
1594 1070 1656 1098 Tito

857 1115 1035 1144 dilectionem
1049 1119 1172 1144 vestram
1184 1115 1212 1144 in
1229 1123 1274 1144 me
1283 1136 1291 1149 ,
1308 1115 1470 1144 aemulantes
1483 1123 1532 1151 pro
1546 1123 1600 1143 me.

1231 1037 1244 1050 ι
1258 1029 1286 1053 et
1298 1025 1447 1059 charitate,
1467 1037 1480 1050 ι
1506 1033 1592 1061 quam
1607 1033 1656 1053 vos

894 1208 983 1235 Vnus.
1004 1210 1030 1235 8.
1046 1208 1130 1235 «Non
1151 1208 1230 1243 quasi
1245 1207 1385 1243 imperans
1403 1207 1473 1235 dico.
1497 1218 1511 1231 ι
1527 1208 1588 1235 Hoc
1600 1211 1657 1240 est,

859 1251 942 1287 285
966 1259 1022 1280 non
1040 1259 1108 1287 cogo
1135 1259 1200 1285 vos,
1221 1259 1311 1288 neque
1326 1251 1398 1280 velut
1411 1251 1532 1287 aliquam
1555 1251 1582 1279 in
1608 1259 1656 1279 vos

859 1301 1021 1332 potestatem
1033 1296 1144 1324 habens.

896 1352 908 1365 α
928 1341 980 1369 Sed
1000 1349 1049 1376 per
1069 1341 1186 1369 aliorum
1201 1340 1433 1375 sollicitudinem,
1457 1341 1542 1369 etiam
1559 1345 1658 1369 vestra:

857 1385 1000 1414 charitatis
1010 1386 1159 1422 ingenuum
1174 1386 1279 1414 bonum
1294 1386 1488 1422 comprobans.
1504 1397 1517 1410 ι
1534 1386 1594 1413 Hoc
1604 1390 1656 1418 est,

858 1434 1003 1466 propterea
1019 1429 1101 1459 laudo
1119 1430 1292 1464 Macedones,
1313 1434 1345 1457 ut
1358 1438 1406 1466 per
1419 1430 1530 1458 illorum
1543 1430 1659 1466 diligen-

858 1475 924 1502 tiam
951 1479 1071 1502 vestram
1099 1482 1162 1511 erga
1191 1483 1325 1511 pauperes
1349 1479 1458 1503 sanctos
1480 1474 1657 1503 dilectionem

859 1519 1045 1555 probatiorem
1063 1523 1091 1547 et
1105 1519 1297 1555 fulgentiorem
1313 1519 1436 1548 reddam.

893 1565 979 1593 Vnus.
1006 1567 1033 1592 9.
1060 1576 1072 1588 ιι
1097 1564 1177 1592 Scitis
1200 1565 1274 1592 enim
1300 1565 1415 1600 gratiam
1438 1564 1551 1593 Domini
1570 1565 1660 1592 nostri

859 1611 925 1638 Jesu
939 1609 1058 1643 Christi,
1074 1609 1149 1645 quod
1171 1613 1284 1645 propter
1299 1617 1347 1637 vos
1370 1617 1474 1645 pauper
1497 1609 1583 1637 factus
1597 1614 1657 1643 est,

860 1662 925 1681 cum
939 1654 1012 1682 dives
1022 1658 1104 1686 esset,
1120 1658 1151 1681 ut
1162 1653 1234 1681 illius
1247 1654 1335 1690 inopia
1351 1661 1399 1681 vos
1410 1653 1510 1681 divites
1522 1653 1628 1682 essetis.
1644 1666 1657 1678 ιι

862 1700 922 1727 Hoc
933 1703 987 1733 est,
1005 1699 1139 1734 cogitate,
1161 1697 1307 1734 expendite
1322 1698 1462 1726 vobiscum
1476 1698 1572 1733 ingens
1597 1706 1657 1734 my-

860 1744 990 1777 sterium,
1008 1747 1035 1771 et
1047 1743 1115 1771 nulli
1138 1743 1178 1771 rei
1195 1743 1319 1778 parcetis.
1337 1743 1363 1770 Si
1379 1743 1452 1770 enim
1475 1751 1531 1770 non
1553 1743 1656 1776 credis,

860 1788 964 1824 inquit,
991 1787 1064 1823 quod
1091 1792 1237 1824 paupertas
1264 1787 1419 1815 divitiarum
1451 1787 1488 1815 sit
1513 1787 1655 1821 effectrix,

859 1832 1002 1860 considera
1016 1832 1172 1860 Dominum
1185 1837 1265 1859 tuum
1276 1851 1285 1865 ,
1305 1835 1332 1859 et
1344 1839 1398 1859 non
1419 1831 1537 1867 amplius
1551 1831 1657 1859 dubita-

859 1877 912 1905 bis.
928 1877 986 1905 Nisi
1007 1877 1082 1904 enim
1106 1877 1152 1904 ille
1168 1884 1269 1912 pauper
1292 1875 1378 1903 factus
1399 1879 1488 1908 esset,
1517 1875 1570 1903 hoc
1598 1880 1656 1908 est,

860 1921 929 1949 infra
952 1921 1092 1957 jacentem
1120 1925 1148 1948 et
1168 1920 1313 1957 ingloriam
1342 1927 1455 1947 carnem
1480 1919 1656 1955 suscepisset,

859 1966 968 2002 aliaque
1000 1968 1098 1993 cuncta
1127 1964 1325 1993 contumeliosa
1364 1963 1552 1996 sustinuisset,
1575 1964 1658 2000 idque

859 2015 969 2046 propter
981 2017 1032 2037 nos
1052 2009 1197 2045 indignos,
1216 2009 1343 2037 inimicos
1362 2016 1441 2041 suos,
1461 2016 1514 2036 nos
1526 2008 1599 2036 haud
1610 2016 1655 2036 es-

858 2062 951 2083 semus
972 2054 1062 2082 ditati.
1085 2054 1187 2090 Quales
1213 2057 1306 2082 autem
1331 2061 1396 2089 opes
1421 2053 1478 2081 ait?
1501 2052 1654 2087 Pietatem,

861 2098 1025 2135 puritatem,
1041 2098 1298 2131 sanctiﬁcationem,
1312 2102 1465 2133 caeteraque
1484 2097 1572 2132 bona,
1595 2105 1657 2133 quae

860 2151 922 2171 cum
937 2143 1012 2171 dedit
1026 2147 1087 2171 tum
1100 2143 1216 2171 daturus
1231 2146 1281 2171 est.

898 2189 989 2216 Vnus.
1007 2191 1049 2215 10.
1071 2199 1083 2212 ι
1098 2189 1134 2215 Et
1145 2187 1290 2215 consilium
1303 2188 1332 2214 in
1343 2187 1395 2215 hac
1405 2195 1434 2214 re
1447 2186 1483 2214 do
1498 2196 1504 2214 :
1520 2186 1572 2214 hoc
1584 2186 1656 2214 enim

861 2232 939 2260 vobis
961 2232 1026 2260 utile
1047 2236 1098 2260 est.
1122 2244 1134 2257 ιι
1160 2231 1355 2260 Animadverte
1378 2230 1519 2266 quomodo
1545 2231 1657 2259 minime

860 2272 992 2304 molestus
1008 2284 1067 2304 esse
1084 2275 1244 2304 contendat.
1268 2286 1281 2299 σι
1306 2275 1458 2303 Consilium
1482 2286 1494 2299 ιι
1511 2275 1597 2308 enim,
1622 2275 1659 2302 in-

860 2322 942 2358 quit,
957 2332 970 2345 κ
995 2321 1046 2355 do,
1068 2332 1080 2344 ιο
1103 2320 1131 2348 id
1149 2324 1208 2354 est,
1231 2320 1361 2353 consulo,
1383 2327 1441 2347 non
1461 2319 1657 2348 necessitatem

861 2366 984 2401 impono.
1000 2365 1074 2393 Istud
1089 2369 1183 2393 autem
1199 2365 1341 2393 consilium
1359 2364 1412 2398 do,
1431 2372 1464 2392 eo
1487 2364 1561 2400 quod
1583 2363 1658 2392 vobis

860 2410 948 2446 magis
959 2410 1045 2446 prosit
1054 2417 1137 2445 quam
1144 2409 1348 2445 accipientibus.

895 2456 986 2483 Vens.
1014 2457 1057 2489 ιο,
1074 2458 1118 2483 11.
1136 2466 1148 2479 α
1170 2454 1222 2489 Qui
1244 2462 1299 2482 non
1325 2454 1416 2482 solum
1431 2454 1537 2488 facere,
1560 2454 1608 2483 sed
1632 2459 1660 2481 ct

859 2500 927 2528 velle
952 2499 1072 2535 cepistis
1094 2499 1129 2527 ab
1152 2507 1226 2527 anno
1250 2499 1408 2534 superiore,
1438 2507 1513 2527 nunc
1545 2507 1609 2526 vero
1632 2501 1659 2526 et

859 2544 934 2573 facto
953 2544 1085 2580 perﬁcite.
1100 2554 1114 2570 »
1133 2545 1195 2572 Non
1216 2551 1298 2580 porro
1312 2552 1345 2571 ex
1362 2544 1480 2572 aliorum
1502 2543 1596 2572 studio
1611 2550 1659 2570 eos

860 2588 1086 2622 commonefacit,
1101 2591 1233 2617 caeterum
1247 2596 1280 2616 ex
1293 2595 1343 2616 sua
1356 2588 1480 2624 ipsorum
1493 2587 1660 2623 promptitu-

861 2633 926 2662 dine
940 2642 946 2661 :
966 2634 1080 2669 Sponte,
1095 2633 1230 2668 inquiens,
1246 2632 1282 2660 ad
1300 2632 1354 2660 hoc
1368 2632 1490 2664 venistis,
1506 2638 1556 2658 nec
1570 2630 1658 2658 solum

861 2677 970 2706 facienti
998 2677 1209 2705 fundamentum
1232 2676 1352 2714 jecistis,
1377 2683 1475 2705 verum
1501 2674 1584 2702 etiam
1613 2682 1659 2701 vo-

706 2727 800 2758 Variae
821 2727 971 2757 lectiones.

53 2767 239 2844 ιίδπιίὲξὲτιγέρ
268 2778 406 2813 ἄνθρωπος,
434 2777 497 2813 ἀνὴρ
523 2778 563 2804 καὶ
590 2778 669 2813 τίμιος
692 2777 807 2813 ἐλεήμων
819 2785 847 2806 ⁰¹

184 2825 231 2845 10.

923 2777 945 2792 ⁹¹
965 2775 993 2802 ἐκ
1007 2784 1031 2804 o.
1105 2776 1182 2801 ’δῖνα
1207 2775 1232 2802 δὲ
1250 2783 1277 2803 ο.
1351 2775 1373 2792 ⁸⁵
1388 2774 1442 2801 οὐδὲ
1466 2773 1609 2808 νοσφίσεσθε
1632 2780 1661 2801 ο.
