1877 3081
223 152 275 178 883

729 151 987 180 THEOPHYLACTI
1008 153 1186 181 BULGARLE
1205 153 1360 182 ARCHIEP.
1803 158 1835 184 86$

221 211 293 241 lendi
303 233 310 246 ,
334 212 387 241 hoc
399 216 458 247 est,
474 217 506 241 ut
524 212 669 242 voluntarii
693 214 823 250 nulloque
839 214 1011 243 adhortante.

1082 216 1138 256 πρὸς
1154 217 1184 246 τὸ
1203 216 1300 246 θέλειν·
1316 216 1450 253 τουτέστι,
1474 215 1540 256 πρὸς
1570 215 1604 246 τὸ
1627 216 1746 250 ἑκουσίως
1767 223 1834 253 ποιεῖν,

221 257 338 286 faciatis.
354 259 434 286 Nunc
445 257 530 294 igitur
541 258 686 287 conilium
705 259 782 288 vobis
798 259 846 294 do,
861 264 893 288 ut
911 264 939 288 et
949 268 1019 296 opus

223 302 382 338 perﬁciatis.

260 358 274 372 ι
293 348 336 376 Ut
361 346 595 383 quemadmodum
617 353 762 385 promptus
785 353 828 378 est
844 350 954 378 animus
978 358 1020 378 vo-

223 392 355 426 luntatis,
368 391 404 420 ita
416 392 453 420 sit
469 396 497 420 et
511 392 670 428 perﬁciendi
683 401 717 421 ex
737 401 770 422 eo
785 394 859 430 quod
872 394 986 423 habetis.
1006 407 1019 419 ιι

222 437 263 465 Ut
276 436 378 464 bonum
391 436 420 464 in
434 437 650 473 promptitudine
664 445 720 466 non
730 438 816 473 sistat,
833 438 882 467 sed
895 443 923 467 et
938 447 1021 475 opere

222 481 388 518 perﬁciatur.
404 482 475 509 Nam
497 482 570 518 sicut
589 483 836 518 promptitudinem
850 487 879 512 et
892 483 1022 512 delibera-

222 527 327 554 tionem
351 525 477 554 voluntas
500 526 564 554 facit
592 547 601 560 ,
625 527 666 555 sic
687 531 714 555 et
737 535 805 564 opus
833 536 866 556 ex
893 527 1021 556 facultate

223 571 355 599 nascitur.
369 571 422 604 Qui
445 571 528 607 igitur
542 570 635 605 habet,
651 571 764 608 impleat
778 580 847 609 opus
863 582 870 600 :
894 580 961 601 nam
976 574 1022 609 qui

223 623 280 644 non
310 615 407 650 habet,
437 615 511 651 quod
541 615 578 644 ad
605 617 776 645 voluntatem
808 617 924 652 attinet,
952 626 1022 653 opus

225 661 355 697 implevit.

258 707 350 734 Vsus.
367 708 410 734 12.
437 715 451 732 (ί
465 706 493 734 Si
517 706 591 734 enim
607 706 732 735 voluntas
751 711 878 744 prompta
892 711 950 742 est,
976 716 1022 737 se-

225 750 346 779 cundum
367 749 396 778 id
416 749 491 786 quod
505 750 589 778 habet
602 755 711 787 accepta
731 756 787 786 est,
802 760 860 780 non
873 752 1022 781 secundum

226 795 254 824 id
271 795 345 831 quod
366 802 422 823 non
446 794 537 823 habet.
556 804 571 822 ι)
597 795 666 824 Vide
692 796 858 832 sapientiam
884 797 958 833 ejus,
981 798 1022 825 uti

1074 261 1120 290 καὶ
1137 261 1248 300 μηδενὸς
1272 260 1499 302 προτρεψαμένου.
1526 261 1600 292 Νυνὶ
1624 256 1669 290 οὖν
1691 262 1785 301 γνώμην
1797 265 1833 301 ὗμῖν

1076 306 1188 344 δίδωμι,
1201 306 1245 336 ἵνα
1259 307 1303 335 καὶ
1319 306 1349 335 τὸ
1364 306 1440 346 ἔργον
1456 306 1647 343 ἐπιτελέσητε.

1119 349 1242 385 «Ὅπως
1271 351 1392 390 καθάπερ
1418 353 1435 387 ἡ
1459 351 1601 391 προθυμία
1628 354 1673 381 τοῦ
1695 351 1836 388 θέλειν,εότω

1075 396 1121 425 καὶ
1133 396 1163 426 τὸ
1178 396 1326 426 ἐπιτελέσαι
1350 397 1379 425 ἐκ
1395 398 1441 425 τοῦ
1469 395 1555 435 ἔχειν.
1577 409 1589 422 ι
1604 395 1667 425 Ἵνα
1690 396 1724 434 μὴ
1741 396 1792 436 ἄχρι
1808 400 1836 432 τῖς

1076 440 1222 481 προθυμίας
1246 443 1296 479 στῇ
1322 440 1352 470 τὸ
1370 440 1465 477 καλὸν,
1487 441 1560 470 ἆλλᾶ
1578 442 1627 470 καὶ
1655 442 1761 480 ἐργασθῇ
1773 441 1793 461 ³⁵
1809 454 1836 471 τι·

1076 486 1216 525 λειότερον.
1230 484 1342 525 θΩσπερ
1362 486 1412 525 γὰρ
1435 485 1483 521 τὴν
1502 486 1659 525 προθυμίαν
1681 486 1724 515 καὶ
1747 487 1836 526 προαίρε-

1076 542 1117 560 σιν
1133 530 1162 560 τὸ
1176 531 1259 560 θέλειν
1276 530 1346 560 ποιεῖ
1357 542 1364 548 ·
1381 529 1451 560 οὕτω
1476 530 1522 560 καὶ
1543 530 1576 559 τὸ
1599 530 1676 570 ἔργον
1691 532 1719 559 ἐκ
1737 533 1775 559 to?
1791 532 1835 569 ἔχω

1076 575 1186 614 γίνεται.
1207 575 1303 609 ⁷Οστις
1325 574 1351 594 ²⁶
1374 570 1419 604 οὖν
1443 574 1516 615 ἔχει,
1543 574 1717 615 πληρωσάτω
1731 575 1756 604 τὸ
1773 574 1836 614 ἔργον·

1077 621 1111 654 ὡς
1127 619 1142 649 ὅ
1151 631 1181 660 γε
1196 619 1234 659 μὴ
1248 619 1317 660 ἔχων
1337 618 1367 649 τὸ
1387 620 1440 649 ἀπὸ
1455 621 1501 655 τῆς
1513 620 1698 660 προαιρέσεως
1711 620 1835 659 ἐπλήρωσεν.

1122 721 1137 739 α
1152 711 1184 740 Εἰ
1208 709 1260 750 γὰρ
1281 711 1298 745 ἡ
1321 709 1456 751 προθυμία
1478 709 1638 749 πρόκειται,
1667 710 1729 739 καθὸ
1751 709 1786 739 ἐὰν
1805 711 1835 748 ἔχη

1076 767 1130 791 τις,
1147 754 1348 794 εὐπρόσδεκτος,
1361 755 1391 784 οὗ
1405 754 1471 784 καθὸ
1491 757 1540 784 οὐκ
1557 754 1627 794 ἔχει.
1651 768 1663 781 υ
1677 753 1746 793 Ὅρα
1759 754 1836 794 σοφίαν,

1079 800 1134 832 πῶς
1166 799 1227 832 τοὺς
1260 799 1431 835 Μακεδόνας,
1459 798 1521 833 τοὺς
1553 800 1755 833 Θεσσαλονικεῑς
1777 811 1835 838 mu,

224 839 685 884 Macedonesrahessalonicenses
717 841 841 878 inquam)
879 849 1022 870 commeu-
1041 852 1064 883 B
1080 843 1237 880 ἐπαινέσας,
1264 846 1300 878 ὡς
1325 844 1391 884 ὑπὲρ
1416 843 1529 882 δύναμιν
1563 844 1740 880 ποιήσαντας,
1763 843 1837 875 τοίως

224 884 311 919 dans,
334 883 408 920 quod
428 891 511 920 supra
527 884 598 913 vires
624 885 817 921 prestiterint,
837 886 872 914 ab
895 886 937 915 his
958 886 1024 915 nihil

223 929 294 958 ultra
308 929 381 957 vires
401 932 508 964 poscat.
527 929 556 957 Si
575 929 657 965 igitur
678 930 785 959 animos
800 939 901 967 pronos
925 931 1025 960 habue-

224 974 294 1009 ritis,
310 982 358 1010 pro
371 973 441 1001 virili
455 980 517 1010 quae
533 974 645 1010 potestis
662 975 843 1010 contribuite,
866 983 899 1004 ac
912 976 1025 1012 suscipit

222 1020 282 1049 haec
295 1022 380 1048 Deus.

258 1067 349 1094 Vsns.
367 1067 410 1093 13.
427 1075 440 1088 α
455 1065 518 1092 Non
533 1065 610 1094 enim
624 1070 655 1094 ut
676 1066 737 1095 aliis
749 1067 783 1094 sit
797 1067 934 1100 remissio,
948 1067 1024 1095 vobis

224 1113 315 1139 autem
339 1108 489 1137 tribulatio.
506 1121 519 1134 η
544 1110 606 1139 Non
626 1115 658 1139 ut
679 1111 742 1145 alii,
759 1112 845 1147 286
866 1112 974 1148 inquit,
997 1112 1024 1140 in

223 1158 314 1194 quiete
334 1165 367 1186 ac
386 1157 488 1186 deliciis
510 1160 612 1194 agant,
636 1164 685 1184 vos
710 1161 819 1193 oportet
845 1165 928 1193 supra
950 1157 1023 1185 vires

225 1202 348 1238 elargiri,
366 1205 398 1230 ut
416 1209 450 1230 ex
464 1201 517 1230 hoc
541 1200 681 1238 penuriam
701 1204 730 1228 et
747 1199 926 1229 afﬂictiouem
945 1201 1024 1230 susti-

223 1247 321 1275 neatis.
336 1246 418 1283 Atqui
437 1246 576 1275 Dominus
589 1245 699 1274 viduam
712 1246 796 1274 etiam
809 1245 947 1279 laudavit,
960 1253 1023 1281 quae

225 1298 322 1320 omnes
343 1290 485 1320 facultates
511 1298 576 1319 suas
598 1290 731 1327 impertiit
761 1295 785 1318 8.
824 1292 928 1319 Verum
949 1291 1022 1318 enim

225 1344 289 1365 vero
300 1336 400 1365 Paulus
414 1335 466 1364 hoc
479 1343 554 1364 nunc
566 1343 624 1363 non
637 1335 712 1372 agit,
733 1335 831 1371 partim
844 1334 918 1372 quod
937 1335 1023 1363 imbe-

225 1381 340 1409 cilliores
354 1384 448 1415 erant,
464 1381 565 1417 partim
584 1380 658 1416 quod
673 1380 794 1416 opulenti
817 1383 916 1408 erant:
940 1384 1021 1416 atque

226 1426 339 1454 omnino
352 1426 376 1454 si
390 1433 439 1462 pro
454 1425 556 1454 viribus
571 1425 626 1453 suis
640 1424 796 1457 dedissent,
819 1432 918 1461 magna
929 1445 937 1459 ,
961 1425 1020 1453 exi-

1079 888 1151 918 οὐδὲν
1181 888 1260 918 πλέον
1288 890 1334 924 τῆς
1363 889 1500 927 δυνάμεως
1534 889 1657 919 ἀπαιτεῖ.
1682 888 1742 918 Ἐὰν
1759 884 1794 917 οὖν
1806 888 1835 922 τὶν

1077 933 1242 973 προθυμίαν,
1256 933 1350 974 φησὶν,
1375 933 1472 973 ἔχητε,
1500 933 1536 963 τὰ
1555 933 1629 962 κατὰ
1655 934 1756 971 δυναμιν
1776 932 1836 971 εὶσῖνέυ

1079 988 1151 1018 ρετε,
1167 977 1213 1007 καὶ
1227 978 1403 1018 προσδέχεται
1426 980 1510 1008 ταῦτα
1526 979 1541 1007 ὁ
1556 977 1639 1010 Θεός,

1118 1074 1135 1093 σ
1151 1063 1191 1094 Οὖ
1204 1063 1255 1103 γὰρ
1269 1063 1313 1093 ἵνα
1328 1063 1417 1097 ἄλλοις
1435 1063 1541 1100 ἄνεσις,
1559 1065 1626 1103 ὑμῖν
1642 1063 1668 1093 δὲ
1685 1063 1768 1103 aut“.
1779 1075 1788 1087 ι
1798 1061 1834 1101 (λᾶι

1076 1106 1133 1146 ἵνα,
1149 1108 1246 1148 φησὶν,
1275 1108 1352 1138 ἄλλοι
1377 1108 1446 1147 μετὰ
1463 1109 1581 1142 ἀνέσεως
1606 1110 1734 1149 τρυφῶσιν
1749 1107 1784 1143 ³⁷,
1802 1108 1834 1145 7,ιῆ

1077 1153 1147 1190 ὑμᾶς
1178 1152 1243 1192 ὑπὲρ
1271 1153 1383 1191 δύναμιν
1411 1154 1516 1190 δοῦναι,
1548 1153 1622 1183 ὥστε
1643 1153 1688 1182 καὶ
1710 1152 1792 1181 ἔνδειαν
1807 1151 1833 1179 καὶ

1076 1198 1162 1238 θλῖψιν
1190 1199 1329 1235 ὑπομεῖναι
1359 1198 1389 1226 ἐκ
1412 1198 1515 1229 τούτου.
1539 1199 1642 1228 Καίτοι
1668 1199 1682 1227 ὃ
1705 1195 1833 1236 Κύριος

1076 1242 1163 1282 χήραν
1187 1242 1329 1282 ἐπῄνεσεν,
1354 1243 1390 1276 ὣς
1414 1243 1473 1272 ὅλον
1488 1243 1533 1272 τὸν
1566 1243 1624 1283 βίον
1649 1243 1751 1272 δοῦσαν·
1770 1240 1834 1268 ἀλλ’ί

1078 1288 1184 1321 Παῦλος
1206 1288 1236 1316 οὐ
1251 1287 1321 1317 ποιεῖ
1345 1290 1421 1317 τοῦτο
1441 1290 1499 1316 νῦν·
1530 1288 1592 1327 ἅμα
1616 1287 1665 1326 μὲν
1684 1286 1744 1316 διότι
1758 1283 1832 1314 ἀσθενέ-

1075 1343 1164 1371 στεροι
1185 1327 1270 1368 ἦσαν,
1290 1331 1347 1370 ἅμα
1372 1330 1399 1361 δὲ
1416 1332 1457 1361 ὅτι
1478 1333 1524 1362 καὶ
1547 1333 1689 1363 πλούσιοι·
1710 1330 1749 1360 καὶ
1762 1328 1834 1359 πάντως

1076 1377 1099 1405 εἶ
1108 1376 1173 1417 πρὸς
1187 1377 1298 1414 δύναμιν
1314 1376 1431 1415 ἔδωκαν,
1448 1377 1517 1417 ἁδρὰ
1533 1378 1587 1417 ἂν⁷
1607 1377 1652 1406 καὶ
1669 1375 1796 1414 ἀξιόλογος,
1807 1375 1832 1401 καί

1075 1421 1189 1451 πλουσία
1217 1421 1319 1460 ἐγένετο
1334 1424 1351 1457 ἡ
1367 1422 1446 1456 δόσις.
1463 1419 1526 1452 Ἔτι
1542 1422 1571 1452 δὲ
1592 1421 1639 1452 καὶ
1656 1421 1748 1454 ἐλπίζει
1771 1417 1800 1446 ὅτι

227 1471 281 1499 mia
312 1460 397 1507 atque
425 1470 558 1506 opulenta
587 1469 751 1498 contributio
775 1460 880 1498 fuisset.
916 1469 1011 1498 Deindt

1082 1467 1127 1495 τῶν
1154 1466 1372 1496 Θεσσαλονικέων
1398 1467 1577 1506 ὑποδείγματι
1603 1467 1703 1505 μᾶλλον
1734 1460 1831 1507 διεγερθῆζ

225 1516 310 1544 etiam
327 1518 418 1551 sperat
430 1513 718 1542 Thessalonicensium
737 1514 863 1549 exemplo
878 1521 925 1541 eos
939 1514 1025 1550 magis

227 1559 398 1594 excitandos,
420 1559 536 1594 ideoque
548 1558 660 1586 illorum
675 1557 819 1585 arbitratui
838 1565 896 1585 rem
909 1558 1024 1593 permit-

227 1604 268 1632 tit.
284 1602 408 1637 Denique
421 1602 449 1630 iu
468 1601 646 1638 sequentibus
666 1600 835 1630 subobscure
849 1601 885 1630 ad
900 1601 1024 1630 eamdem

227 1655 287 1675 rem
297 1647 433 1675 hortatur.

262 1693 355 1720 Vaas.
374 1693 417 1719 14.
435 1699 449 1717 α
469 1689 528 1718 Sed
543 1698 577 1718 ex
595 1689 753 1726 aequalitate
768 1690 796 1718 in
810 1691 937 1726 prasenti
954 1695 1025 1720 tem-

228 1743 296 1773 pore
315 1739 403 1764 vestra
423 1734 590 1764 abundantia
604 1734 716 1763 illorum
735 1734 858 1771 inopiam
882 1737 1023 1772 suppleat,

228 1784 260 1808 ut
276 1784 303 1808 et
318 1779 427 1808 illorum
449 1779 621 1808 abundantia
641 1783 740 1808 vestra:
752 1779 851 1816 inopiae
869 1781 906 1809 sit
917 1781 1026 1817 supple-

228 1829 364 1854 mentum.
383 1837 396 1850 »
411 1826 472 1854 Hoc
487 1829 540 1859 est,
553 1824 657 1853 ﬂoretis
675 1832 724 1853 vos
741 1825 840 1861 opibus
853 1829 882 1854 et
895 1826 1024 1862 pecuniis,

228 1870 267 1899 illi
286 1874 380 1899 autem
401 1869 500 1899 ﬂorent
518 1870 618 1898 ﬁducia
639 1873 669 1898 et
690 1869 813 1899 libertate
838 1878 903 1907 erga
922 1872 1024 1899 Deum.

227 1917 296 1944 Date
319 1916 404 1952 igitur
426 1923 459 1944 ex
483 1915 518 1943 iis
543 1914 646 1951 quibus
665 1922 715 1942 vos
738 1914 885 1943 abundatis
910 1915 1026 1949 divitiis,

227 1960 267 1989 illi
287 1968 351 1988 vero
377 1960 575 1994 destituuntur,
600 1963 632 1987 ut
649 1959 787 1995 accipiatis
810 1967 824 1987 a
847 1959 949 1988 ﬁducia
972 1968 1027 1996 qua

227 2005 267 2033 illi
312 2004 424 2041 quidem
442 2003 592 2039 locupletes
616 2007 696 2038 sunt,
721 2011 770 2032 vos
796 2008 887 2032 autem
920 2004 1024 2041 inopes.

226 2048 424 2078 Animadverte
434 2048 573 2084 quomodo
589 2048 745 2077 clanculum
762 2048 909 2076 conﬁrmet
923 2057 955 2077 ac
967 2058 1028 2085 pro-

227 2094 287 2123 bet,
315 2096 345 2121 ut
359 2100 440 2129 supra
461 2093 532 2120 vires
555 2093 639 2121 etiam
661 2092 737 2121 dent.
761 2093 790 2121 Si
815 2092 887 2120 enim
900 2114 908 2127 ,
924 2093 1025 2130 inquit,

1077 1521 1184 1540 σονται”
1212 1511 1258 1540 καὶ
1276 1512 1319 1540 διὰ
1348 1513 1425 1541 τοῦτο
1444 1511 1489 1541 ἐπὶ
1504 1514 1538 1550 τῇ
1563 1511 1669 1551 ἐξουσίᾳ
1691 1510 1767 1539 αὐτῶν
1786 1504 1832 1551 ἔᾷῖδ

1077 1560 1189 1595 πρᾶγμα
1204 1567 1211 1574 ·
1248 1555 1343 1595 ἀμέλει
1371 1558 1396 1586 ἐν
1423 1561 1479 1590 τοῖς
1511 1556 1572 1594 ἑξῆς
1613 1550 1792 1595 αἰνιγματωδῶς
1812 1550 1832 1579 εἷς

1078 1600 1142 1630 αὐτὸ
1160 1600 1349 1641 προτρέπεται.

1123 1701 1138 1719 (ι
1151 1689 1223 1720 Ἀλλ’
1236 1691 1262 1725 ἐξ
1284 1690 1404 1728 ἰσότητος
1426 1692 1453 1721 ἐν
1472 1693 1511 1732 τῷ
1521 1694 1568 1722 νῦν
1583 1693 1668 1733 καιρῷ
1687 1689 1715 1736 τὸ
1801 1697 1831 1736 πες

1080 1734 1209 1775 ρίσσευμα
1250 1739 1286 1770 εἰς
1313 1736 1344 1766 τὸ
1372 1736 1478 1766 ἐκείνων
1501 1731 1659 1777 ὕστέρημαί
1685 1735 1726 1764 ἵνα
1752 1731 1789 1762 καὶ
1814 1731 1831 1756 τί

1079 1780 1184 1810 ἐκείνων
1200 1781 1365 1820 περίσσευμα
1380 1781 1489 1821 γένηται
1505 1783 1541 1815 εἷς
1561 1783 1593 1812 τὸ
1610 1783 1681 1821 ὑμῶν
1692 1777 1829 1817 ὑστέρῃμαιυ

1080 1825 1225 1863 Τουτέστι,
1246 1827 1354 1864 Κομᾶτε
1377 1826 1514 1866 χρήμασιν
1541 1828 1630 1865 ὑμεῖς·
1646 1826 1752 1869 κομῶσαι
1766 1823 1830 1869 Erebi!

1079 1872 1111 1909 τῇ
1128 1869 1192 1909 πρὸς
1215 1870 1284 1900 Θεὸν
1308 1871 1451 1911 παῤῥησία.
1478 1871 1546 1902 Δότε
1570 1871 1655 1901 τοίνυν
1679 1866 1764 1909 ἆφίἷν
1783 1866 1831 1917 ὖξῖί

1079 1914 1246 1954 περισσεύετε
1273 1916 1435 1955 χρημάτων,
1465 1917 1560 1946 ἐκεῖνοι
1578 1916 1606 1945 δὲ
1620 1917 1666 1945 οὔκ
1685 1914 1786 1953 ἔχουσιν,
1805 1914 1829 1959 “:1

1079 1959 1180 1995 λάϐητε
1207 1959 1261 1989 ἀπὸ
1284 1962 1331 1995 τ’ἧς
1353 1961 1517 2001 παῤῥησίας,
1548 1963 1575 1991 ἐν
1653 1958 1780 2001 πλουτοῦσι
1801 1957 1830 2001 ξαν

1080 2004 1188 2040 ἐκεῖνοι,
1205 2005 1279 2043 ὑμεῖς
1296 2003 1324 2033 δὲ
1345 1999 1514 2045 ὑστερεῖσθεξ
1532 1999 1616 2046 Ὅραν
1633 2004 1672 2040 δὲ,
1691 2003 1740 2035 πῶς
1753 1999 1828 2046 λαγθν

1080 2048 1175 2082 νόντως
1200 2049 1393 2084 κατασκευάζει
1416 2049 1445 2079 τὸ
1466 2050 1511 2079 καὶ
1536 2049 1603 2090 ὑπὲρ
1625 2048 1729 2084 δύναμιν
1751 2042 1826 2091 διδόναι

1081 2093 1113 2122 Εἴ
1123 2092 1174 2132 γὰρ
1191 2093 1293 2132 βούλει,
1315 2093 1412 2134 φησὶν,
1427 2096 1456 2124 ἐκ
1471 2096 1517 2123 τοῦ
1539 2084 1742 2134 περισσεύματος
1753 2084 1827 2134 λαξίξῖνν

227 2138 267 2166 vis
279 2145 313 2165 ex
327 2128 480 2165 abundanti
498 2137 622 2173 accipere
632 2157 640 2171 ,
657 2136 691 2165 da
710 2137 792 2165 etiam
809 2145 841 2165 ex
853 2128 1003 2166 abundanti

1082 2137 1121 2170 δὸς
1147 2137 1193 2166 καὶ
1220 2137 1251 2167 σὺ
1279 2139 1310 2167 ἐκ
1338 2141 1383 2168 τοῦ
1415 2139 1637 2179 περισσεύματος.
1669 2136 1699 2166 Εἰ
1720 2133 1744 2162 δὲ

227 2181 270 2210 sin
290 2185 378 2210 totam
406 2180 446 2209 vis
468 2181 580 2210 omnino
603 2181 858 2217 compensationem
882 2181 1023 2217 accipere,

227 2231 259 2256 tu
274 2226 374 2263 pariter
389 2230 480 2255 totum
498 2226 596 2254 exhibe
618 2234 626 2254 :
650 2225 726 2262 quod
741 2225 852 2262 quidem
867 2229 908 2254 est
919 2234 952 2254 ex
967 2227 1025 2255 ino-

225 2272 268 2309 pia
281 2276 309 2301 et
327 2280 408 2308 supra
431 2272 503 2300 vires
522 2281 529 2299 :
551 2279 648 2301 verum
661 2271 689 2300 id
706 2271 780 2299 clam
802 2271 868 2307 agit.
885 2272 1025 2301 Hactenus

224 2317 317 2353 igitur,
328 2321 360 2345 ut
370 2320 495 2352 apparet,
511 2324 561 2352 pro
573 2315 678 2344 viribus
692 2315 758 2343 dare
769 2315 953 2345 commendat.

257 2362 346 2390 Vsus.
364 2362 407 2389 15.
424 2370 438 2387 α
449 2362 490 2389 Ut
500 2361 548 2388 ﬁat
563 2360 716 2397 aequalitas,
730 2360 801 2389 sicut
814 2361 949 2396 scriptum
958 2365 1000 2389 est
1016 2371 1022 2389 :

223 2405 277 2440 Qui
296 2405 426 2439 multum,
439 2412 493 2432 non
507 2404 677 2438 exuberavit,
691 2409 719 2433 et
737 2405 783 2441 qui
802 2405 954 2441 modicum,
967 2414 1023 2434 non

222 2449 323 2478 defecit
346 2449 366 2468 ιτ-
392 2460 404 2473 ιι
433 2449 558 2484 Quanam
579 2448 684 2477 ratione
706 2449 740 2477 ﬁt
761 2450 918 2485 aequalitas?
945 2451 972 2479 Si
995 2455 1024 2479 et

223 2502 272 2522 vos
290 2498 318 2522 et
332 2493 371 2521 illi
384 2493 565 2522 exuberantia
588 2495 766 2530 permutetis,
782 2502 815 2522 ac
836 2494 959 2523 defectus
977 2503 1021 2524 re-

223 2538 328 2575 plestis.
354 2538 423 2573 Quae
442 2542 536 2567 autem
559 2542 600 2566 est
622 2538 781 2574 aequalitas,
801 2539 953 2575 spiritualia
974 2549 1023 2577 pro

222 2583 375 2611 carnalibus
393 2582 479 2611 dare?
494 2583 555 2611 Non
576 2583 728 2612 secundum
755 2584 890 2620 pretium,
907 2593 959 2614 nec
982 2593 1023 2614 se-

221 2627 341 2656 cundum
355 2627 487 2656 vilitatem
501 2635 605 2662 rerum,
620 2635 681 2664 quae
694 2628 795 2658 dantur
816 2633 844 2658 et
859 2630 1024 2666 redduntur,

255 2705 267 2720 ε
282 2699 366 2728 Marc.
385 2706 444 2733 xu,
460 2701 504 2726 43.
544 2696 557 2715 ¹¹
575 2699 662 2728 Exod.
679 2708 744 2736 xtv,
763 2704 806 2730 18.

1080 2181 1223 2221 ὁλόκληρον
1244 2181 1335 2212 λαϐεῖν
1357 2181 1405 2218 τὴν
1430 2183 1614 2222 ἀντιμισθίαν,
1638 2173 1797 2223 adpetiti-“‘2

1080 2225 1153 2255 ελον·
1189 2226 1253 2266 8περ
1280 2227 1350 2256 ἐστὶν
1380 2228 1411 2256 ἐκ
1439 2231 1484 2257 τοῦ
1513 2227 1705 2267 ὑστερήματος,
1728 2219 1827 2267 καξθξίῗ

1080 2269 1206 2310 δύναμιν·
1232 2263 1302 2301 ἀλλὰ
1325 2275 1401 2302 τοῦτο
1426 2271 1473 2311 μὲν
1492 2263 1647 2308 λεληθότὼς.
1671 2267 1738 2299 Τέως
1756 2263 1827 2294 δόδντ

1080 2315 1149 2345 κατὰ
1159 2315 1188 2345 τὸ
1197 2316 1353 2356 φαινόμενον
1362 2339 1370 2353 ,
1382 2316 1412 2346 τὸ
1426 2316 1495 2346 κατὰ
1509 2317 1618 2355 δύναμιν
1633 2313 1752 2354 παραινεῖ·
1805 2346 1811 2357 ,

1122 2373 1135 2386 «
1152 2346 1248 2394 νοτίως
1262 2346 1370 2401 γένηταί
1396 2361 1501 2400 ἰσότης,
1531 2346 1618 2395 καθὼς
1639 2346 1787 2401 γέγραπται-ἰ
1805 2346 1827 2375 Ὅ

1078 2404 1107 2434 τὸ
1121 2405 1187 2435 πολὺ
1195 2428 1204 2443 ,
1220 2406 1268 2434 οὐκ
1282 2405 1441 2443 ἐπλεόνασε,
1457 2406 1503 2435 καὶ
1524 2408 1538 2435 ὁ
1553 2406 1584 2436 τὸ
1599 2404 1696 2443 ὀλίγον,
1713 2400 1754 2444 οὖξ
1766 2395 1824 2444 lix“?

1077 2441 1218 2486 trimam-ii
1248 2451 1309 2483 Πῶς
1347 2441 1455 2489 γένηται
1484 2451 1586 2488 ἰσότης
1618 2441 1681 2480 Ἐὰν
1718 2442 1755 2473 καὶ
1776 2441 1825 2492 ξμετξ

1078 2496 1123 2523 καὶ
1147 2494 1240 2524 ἐκεῖνοι
1273 2495 1307 2524 τὰ
1340 2495 1532 2535 περισσεύοντα
1566 2493 1724 2526 ἀντιδιδῶτε,
1747 2495 1783 2515 και
1802 2490 1823 2507 τα

1078 2538 1248 2578 ὑστερήματα
1277 2540 1470 2579 ἇναπληροῦτε.
1506 2540 1560 2570 Καὶ
1583 2539 1644 2570 ποία
1668 2535 1744 2567 ἰσότης

1079 2577 1179 2621 ματικὰ
1225 2583 1284 2612 ἀντὶ
1330 2586 1461 2624 σαρκικῶν
1498 2584 1612 2621 διδόναι;
1650 2582 1687 2611 οὗ
1715 2577 1776 2624 ’κατὰ

1078 2627 1282 2667 πολυτιμότερον
1311 2627 1328 2660 ἢ
1366 2629 1518 2668 ἀτιμότερον
1559 2632 1611 2659 τῶν
1637 2621 1760 2661 διδομένων
1788 2621 1818 2640 X“

915 2752 1013 2782 Variae
1043 2752 1190 2783 lectiones.

257 2802 278 2818 ¹¹⁵
292 2801 429 2838 ἐξεργασοῇ
444 2810 470 2829 o.
510 2803 532 2819 ¹⁶
545 2802 603 2835 εἴτις
618 2812 644 2833 ο.
683 2805 705 2822 ’τ
720 2809 856 2841 τρυφῶντες
867 2804 915 2832 ὦσι
927 2813 955 2833 0.
