1877 3081
220 148 273 174 883

726 145 985 174 THEOPHYLACTI
1006 146 1184 174 BULGARLE
1203 146 1358 174 ARCHIEP.
1800 149 1832 176 ἵνΞὸ

219 207 308 241 laudi,
331 207 385 236 hoc
397 211 456 242 est,
472 211 503 236 ut
522 207 667 236 voluntarii
691 208 821 244 nulloque
837 208 1012 243 adhortante,

1084 209 1137 249 πρὸς
1152 210 1183 240 τὸ
1201 209 1299 239 θέλειν·
1314 208 1449 245 τουτέστι,
1472 207 1537 248 πρὸς
1563 208 1594 238 τὸ
1618 208 1743 249 ἑκουσίως
1763 215 1831 244 ποιεῖν,

220 252 336 281 faciatis.
352 253 432 281 Nunc
444 252 528 289 igitur
539 252 684 281 consilium
703 253 780 282 vobis
795 253 843 288 do,
859 258 891 282 ut
909 258 937 282 et
947 261 1017 290 opus

221 297 380 334 perﬁciatis.

258 353 272 368 ιι
291 343 334 371 Ut
359 341 593 378 quemadmodum
616 347 760 380 promptus
784 347 826 372 est
843 344 953 372 animus
976 351 1018 372 vo-

222 387 353 422 luntatis,
366 387 402 415 ila
415 387 452 415 sit
467 391 495 415 et
509 387 668 423 perﬁciendi
682 396 716 416 ex
735 396 768 417 eo
783 388 858 425 quod
871 388 985 416 habetis.
1004 400 1017 413 1

220 433 261 461 Ut
274 431 377 460 bonum
390 432 418 459 in
433 432 649 468 promptitudine
663 440 718 460 non
728 433 815 467 sistat,
832 432 880 461 sed
894 437 922 460 et
937 440 1019 469 opere

221 477 386 514 perﬁciatur.
403 477 474 505 Nam
496 477 568 505 sicut
588 477 835 513 promptitudinem
849 481 878 506 et
890 477 1021 506 delibera-

221 522 326 550 tionem
350 521 476 549 voluntas
499 521 562 549 facit
592 542 599 555 ,
624 521 664 549 sic
685 525 713 550 et
735 529 804 558 opus
832 530 865 550 ex
892 521 1020 550 facultate

221 566 354 595 nascitur.
368 566 421 600 Qui
443 565 526 602 igitur
541 565 634 600 habet,
649 565 763 602 impleat
777 575 846 603 opus
861 576 869 595 :
893 574 960 595 nam
974 567 1021 603 qui

222 619 279 640 non
308 611 406 645 habet,
436 610 510 646 quod
540 610 577 639 ad
604 611 775 640 voluntatem
807 611 923 646 attinet,
951 619 1021 647 opus

223 656 354 693 implevit.

257 703 349 730 Vnus.
367 704 410 729 12.
436 710 450 727 α
464 701 492 730 Si
516 701 591 728 enim
606 701 731 729 voluntas
751 705 877 738 prompta
892 705 949 736 est,
975 710 1021 731 se-

224 746 345 775 cundum
366 745 394 774 id
416 745 490 782 quod
505 745 588 773 habet
601 750 710 782 accepta
730 751 787 780 est,
802 754 859 774 non
872 746 1022 775 secundum

225 791 253 820 id
270 790 344 828 quod
365 798 422 818 non
445 789 537 818 habet.
556 799 570 817 »ν
597 789 666 818 Vide
691 791 858 827 sapientiam
883 791 958 827 ejus,
981 791 1022 819 uti

1072 248 1118 283 καὶ
1135 254 1246 293 μηδενὸς
1270 252 1498 294 προτρεψαμένου.
1525 253 1591 284 Νυνὶ
1616 248 1662 282 οὖν
1685 253 1782 292 γνώμην
1794 257 1831 292 Sun

1075 300 1186 337 δίδωμι,
1199 298 1243 328 ἵνα
1257 299 1302 328 καὶ
1318 299 1347 328 τὸ
1363 298 1438 338 ἔργον
1454 298 1640 335 ἐπιτελέσητε.

1117 342 1241 378 αδοπως
1269 343 1390 383 καθάπερ
1417 345 1434 379 ἡ
1458 343 1591 383 προθυμία
1619 346 1668 373 τοῦ
1689 343 1834 380 θέλειν,οὸτω

1073 389 1120 419 καὶ
1131 389 1162 419 τὸ
1176 389 1325 419 ἐπιτελέσαι
1349 389 1378 418 ἐκ
1394 390 1439 417 τοῦ
1468 387 1550 427 ἔχειν.
1570 401 1582 415 ι
1595 387 1662 417 Ἵνα
1685 388 1721 426 μὴ
1739 388 1790 428 ἄχρι
1806 392 1834 424 τῖς

1075 434 1221 474 προθυμίας
1245 435 1295 472 στῇ
1320 434 1351 462 τὸ
1369 433 1464 469 καλὸν,
1486 433 1556 462 ἀλλὰ
1572 434 1619 462 καὶ
1649 433 1759 472 ἐργασθῇ
1771 433 1791 451 ³⁵
1807 446 1835 462 τι.

1074 479 1214 518 λειότερον.
1229 477 1341 518 ⁶Ωσπερ
1360 478 1412 517 γὰρ
1434 477 1482 513 τὴν
1501 478 1653 518 προθυμίαν
1676 478 1721 507 καὶ
1744 479 1835 517 προσέει-

1075 536 1116 554 σιν
1132 523 1161 553 τὸ
1175 524 1258 553 Θέλειν
1275 523 1345 553 ποιεῖ
1357 535 1363 541 ·
1381 522 1451 552 οὕτω
1475 523 1522 552 καὶ
1540 522 1570 552 τὸ
1592 522 1671 562 ἔργον
1687 524 1716 551 ἐκ
1734 525 1773 551 τοῖῖ
1790 523 1834 561 ἔχειν

1075 569 1185 608 γίνεται.
1206 568 1303 602 ⁰¹Οστις
1325 567 1351 586 ²⁶
1373 563 1418 596 οὖν
1442 567 1515 607 ἔχει,
1540 566 1714 608 πληρωσάτω
1728 567 1754 596 τὸ
1771 567 1834 606 ἔργςνε

1076 615 1111 648 ὡς
1126 613 1141 643 ὅ
1151 625 1180 653 γε
1196 612 1233 652 μὴ
1247 613 1316 653 ἔχων
1336 611 1366 642 τὸ
1386 612 1440 642 ἀπὸ
1454 614 1501 648 τῆς
1512 612 1695 652 προαιρέσεως
1709 612 1834 651 ἐπλήρωσεν,

1121 714 1136 733 α
1152 704 1184 733 Ei
1208 702 1260 743 γὰρ
1281 705 1298 738 ἡ
1321 702 1455 743 προθυμία
1478 702 1633 742 πρόκειται,
1663 702 1727 732 καθὸ
1751 702 1786 731 ἐὰν
1805 704 1835 740 ἕλη

1075 760 1130 785 τις,
1147 748 1348 787 εὐπρόσδεκτος,
1361 748 1390 776 οὗ
1405 747 1471 777 καθὸ
1491 749 1538 776 οὒκ
1553 747 1621 787 ἔχει.
1647 761 1659 773 ι
1674 746 1745 785 Ὅρα
1759 748 1836 787 σοφίαι,

1079 794 1134 826 πῶς
1167 792 1227 825 τοὺς
1260 792 1430 828 Μακεδόνας,
1459 791 1521 826 τοὺς
1550 793 1755 825 Θεσσαλονικεῐς
1778 804 1835 831 aut,

223 835 386 865 Macedones
417 834 685 868 (Thessalonicenses
716 835 840 872 inquam)
879 843 1012 864 comment

1084 836 1237 873 ἐπαινέσας,
1264 839 1300 870 ὥς
1325 837 1391 877 ὑπὲρ
1416 836 1528 875 δύναμιν
1559 836 1739 872 ποιήσαντας,
1763 835 1837 867 ταύτας

223 879 311 915 dans,
333 879 408 916 quod
428 887 511 916 supra
527 878 597 908 vires
623 880 816 916 praestiterint,
837 880 872 908 ab
895 880 937 909 his
957 880 1024 908 nihil

223 925 294 954 ultra
308 924 380 953 vires
402 927 507 960 poscat.
527 924 556 952 Si
574 924 657 960 igitur
678 925 785 953 animos
799 933 901 961 pronos
925 925 1025 954 habue-

224 970 294 1005 ritis,
309 977 358 1006 pro
371 968 440 997 virili
454 976 517 1005 quae
532 969 646 1005 potestis
662 969 843 1005 contribuite,
866 977 899 998 ac
912 970 1025 1006 suscipit

223 1016 282 1045 haec
295 1017 380 1044 Deus.

259 1062 350 1089 Vnus.
367 1062 411 1088 13.
427 1070 440 1084 «ι
455 1060 518 1088 Non
533 1060 611 1088 enim
625 1064 656 1089 ut
677 1061 737 1090 aliis
749 1061 783 1089 sit
798 1061 934 1094 remissio,
948 1061 1024 1089 vobis

225 1109 316 1134 autem
340 1104 489 1133 tribulatio.
507 1116 519 1129 ι
544 1105 606 1134 Non
627 1110 659 1134 ut
680 1106 742 1140 alii,
760 1106 845 1142 286
867 1105 974 1142 inquit,
997 1106 1024 1134 in

224 1153 315 1190 quiete
335 1161 368 1182 ac
386 1152 488 1182 deliciis
511 1156 613 1189 agant,
637 1159 686 1179 vos
711 1155 820 1188 oportet
845 1159 929 1187 supra
951 1151 1024 1180 vires

225 1197 350 1234 elargiri,
367 1201 398 1226 ut
416 1205 451 1226 ex
464 1197 517 1225 hoc
542 1195 682 1234 penuriam
702 1199 731 1223 et
748 1193 926 1224 afﬂictioncm
946 1195 1025 1224 susti-

223 1242 322 1271 neatis.
337 1242 419 1278 Atqui
439 1242 577 1270 Dominus
590 1240 699 1269 viduam
713 1241 797 1268 etiam
809 1240 929 1268 laudavit
940 1261 948 1273 ,
961 1247 1024 1276 quae

225 1294 323 1316 omnes
343 1285 486 1315 facultates
512 1294 576 1314 suas
599 1285 732 1322 impertiit
762 1290 786 1313 κ.
825 1286 929 1314 Verum
950 1285 1023 1313 enim

226 1339 290 1361 vero
301 1331 401 1360 Paulus
415 1331 468 1360 hoc
480 1339 556 1359 nunc
567 1338 625 1359 non
639 1330 713 1367 agit,
733 1330 832 1366 partim
845 1329 920 1366 quod
939 1329 1024 1357 imbe-

226 1377 341 1405 cilliores
355 1379 450 1411 erant,
465 1376 566 1413 partim
585 1375 659 1412 quod
674 1375 796 1411 opulenti
818 1378 897 1403 erant
910 1383 917 1403 :
941 1378 1023 1410 atque

228 1422 340 1450 omnino
354 1421 377 1450 si
391 1429 440 1458 pro
455 1421 558 1449 viribus
573 1420 628 1448 suis
642 1419 797 1452 dedissent,
820 1427 920 1456 magna
930 1439 938 1454 ,
963 1419 1021 1448 exi-

1079 881 1150 911 οὐδὲν
1181 882 1260 911 πλέον
1288 883 1335 917 τῆς
1363 881 1500 921 δυνάμεως
1533 882 1655 912 ἀπαιτεῖ.
1680 881 1743 911 Ἐὰν
1760 877 1796 910 οὖν
1807 882 1836 915 τὴν

1077 927 1242 966 προθυμίαν,
1257 926 1350 967 φησὶν,
1376 926 1473 966 ἔχητε,
1501 925 1535 956 τὰ
1552 926 1624 955 κατὰ
1653 927 1758 964 δυναμιν
1778 926 1836 964 εὶςξὲ-

1079 982 1152 1011 ρετε⁷
1168 970 1213 1001 καὶ
1227 971 1404 1011 προσδέχεται
1426 973 1511 1000 ταῦτα
1526 972 1540 1000 ὁ
1553 970 1636 1003 Θεός.

1119 1068 1135 1086 α
1151 1057 1192 1088 Οὔ
1205 1057 1255 1096 γὰρ
1269 1057 1313 1086 ἵνα
1328 1057 1418 1090 ἄλλοις
1436 1056 1540 1093 ἄνεσις,
1556 1058 1620 1096 ὑμῖν
1639 1056 1667 1086 δὲ
1684 1057 1770 1096 Θλῑψις.
1782 1069 1791 1081 ι
1801 1055 1837 1095 Οἷχ

1076 1100 1134 1140 ἵνα,
1150 1101 1246 1142 φησὶν,
1276 1102 1352 1131 ἄλλοι
1378 1100 1447 1140 μετὰ
1464 1101 1578 1135 ἀνέσεως
1601 1103 1736 1142 τρυφῶσιν
1752 1101 1787 1137 ²⁷,
1805 1103 1836 1139 λεὶ

1077 1147 1147 1184 ὑμᾶς
1179 1146 1245 1186 ὑπὲρ
1272 1146 1384 1185 δύναμιν
1412 1147 1517 1182 δοῦναι,
1547 1145 1617 1175 ὥστε
1641 1146 1689 1175 καὶ
1712 1146 1796 1175 ἔνδειαν
1811 1147 1836 1173 ιιπέ

1077 1191 1163 1232 θλῗψιν
1190 1192 1330 1229 ὑπομεῖναι
1360 1191 1390 1220 ἐκ
1413 1191 1516 1222 τούτου.
1539 1191 1641 1221 Καίτοι
1669 1193 1683 1220 ὁ
1707 1191 1791 1230 Κύριος
1809 1202 1836 1222 ττι

1077 1236 1164 1276 χήραν
1188 1235 1330 1276 ἐπῄνεσεν,
1355 1236 1392 1270 ὣς
1415 1236 1474 1266 ὅλον
1490 1236 1534 1265 τὸν
1564 1235 1620 1276 βίον
1648 1237 1754 1265 δοῦσαν·
1774 1235 1837 1263 dif;

1079 1282 1185 1314 Παῦλος
1208 1281 1236 1310 οὖ
1252 1281 1322 1310 ποιεῖ
1346 1283 1423 1310 τοῦτο
1442 1283 1501 1310 ν’ὗν·
1531 1280 1589 1319 ἅμα
1613 1280 1666 1319 μὲν
1686 1280 1748 1310 διότι
1763 1280 1836 1309 deimi-

1076 1337 1164 1365 στεροι
1187 1321 1272 1362 ἦσαν,
1291 1324 1349 1364 ἅμα
1373 1323 1401 1354 δὲ
1418 1325 1458 1355 ὅτι
1480 1326 1525 1355 καὶ
1546 1326 1690 1356 πλούσιοι·
1713 1324 1754 1354 καὶ
1766 1324 1838 1354 simul:

1077 1371 1100 1400 εἷ
1110 1369 1174 1411 πρὸς
1189 1371 1300 1408 δύναμιν
1316 1370 1433 1408 ἔδωκαν,
1450 1370 1520 1410 ἃδρᾶ
1534 1370 1566 1400 ἂν
1577 1394 1585 1410 ,
1604 1371 1653 1399 καὶ
1670 1370 1802 1409 ἀξιόλογος,
1812 1380 1836 1396 ιιν

1077 1414 1191 1445 πλουσία
1218 1415 1321 1454 ἐγένετο
1336 1417 1353 1451 ἡ
1369 1415 1449 1449 δόσις.
1465 1413 1528 1445 Ἔτι
1543 1415 1570 1444 δὲ
1591 1414 1638 1445 καὶ
1657 1415 1753 1449 ἐλπίζει
1777 1414 1806 1442 ὅτι
1817 1415 1837 1450 τῷ

229 1467 283 1495 mia
313 1470 394 1502 atque
427 1466 559 1502 opulenta
588 1464 753 1493 contributio
776 1463 882 1493 fuisset.
918 1464 1012 1492 Deindl

1084 1461 1129 1489 τῶν
1156 1460 1374 1490 Θεσσαλονικέων
1400 1460 1576 1499 ὑποδείγματι
1602 1461 1707 1498 μᾶλλον
1740 1459 1838 1497 διεγερῆ-

227 1511 313 1540 etiam
329 1514 420 1546 sperat
432 1509 719 1538 Thessalonicensium
739 1509 864 1544 exemplo
879 1516 927 1536 eos
941 1508 1027 1545 magis

228 1555 401 1589 excitandos,
422 1554 539 1590 ideoque
550 1554 662 1582 illorum
677 1553 821 1581 arbitratui
840 1560 898 1580 rem
911 1552 1026 1588 permit-

228 1599 271 1628 tit.
286 1598 410 1634 Denique
423 1598 452 1626 in
470 1597 648 1634 sequentibus
668 1596 837 1625 subobscure
851 1596 887 1624 ad
902 1596 1026 1625 eamdem

229 1651 289 1672 rem
299 1643 436 1671 hortatur.

264 1689 358 1716 Vens.
377 1689 420 1715 14.
437 1695 452 1713 ιι
471 1685 531 1714 Sed
546 1693 579 1714 ex
597 1685 756 1722 aequalitate
771 1685 799 1713 in
812 1686 940 1721 praesenti
956 1690 1027 1714 tem-

231 1739 298 1769 pore
317 1735 406 1760 vestra
426 1730 593 1759 abundantia
607 1730 719 1758 illorum
738 1729 860 1766 inopiam
884 1731 1026 1767 suppleat,

231 1780 263 1804 ut
278 1780 306 1804 et
320 1776 430 1804 illorum
452 1775 624 1804 abundantia
644 1778 742 1803 vestra;
755 1775 854 1812 inopia:
872 1775 908 1804 sit
920 1775 1028 1811 supple-

231 1825 366 1850 mentum.
386 1833 398 1846 ι
414 1822 476 1850 Hoc
489 1824 542 1855 est,
556 1819 660 1848 floretis
678 1828 727 1848 vos
743 1820 843 1856 opibus
857 1825 885 1849 et
898 1821 1027 1857 pecuniis,

232 1866 270 1895 illi
289 1870 383 1895 autem
404 1865 503 1895 ﬂorent
520 1865 621 1894 ﬁducia
641 1869 672 1893 et
693 1865 816 1894 libertate
841 1873 905 1902 erga
925 1867 1027 1894 Deum.

230 1913 300 1940 Date
322 1911 407 1948 igitur
430 1919 463 1940 ex
486 1911 521 1938 iis
547 1910 649 1946 quibus
669 1917 718 1938 vos
741 1909 888 1938 abundatis
913 1910 1029 1944 divitiis,

231 1956 270 1985 illi
290 1964 354 1984 vero
381 1955 578 1989 destituuntur,
603 1958 634 1982 ut
652 1954 790 1990 accipiatis
813 1962 828 1982 a
850 1953 952 1982 ﬁducia
975 1963 1030 1991 qua

231 2001 271 2029 illi
315 2000 427 2036 quidem
446 1999 595 2034 locupletes
619 2003 699 2033 sunt,
725 2006 774 2027 vos
799 2002 891 2027 autem
924 1999 1028 2036 inopes.

231 2044 428 2073 Animadverte
437 2043 577 2080 quomodo
592 2043 748 2072 clanculum
765 2043 912 2071 conﬁrmet
927 2052 959 2072 ac
971 2052 1031 2080 pro-

231 2090 291 2119 bet.
319 2093 349 2117 ut
363 2096 445 2124 supra
465 2088 536 2115 vires
558 2088 642 2116 etiam
665 2087 741 2116 dent.
765 2088 794 2116 Si
819 2087 891 2115 enim
904 2109 912 2122 ,
929 2088 1029 2124 inquit,

1079 1515 1185 1534 σονται·
1214 1505 1260 1534 καὶ
1278 1505 1322 1534 διὰ
1349 1507 1427 1534 τοῦτο
1446 1505 1491 1534 ἐπὶ
1564 1504 1671 1545 ἐξουσίᾳ
1694 1506 1773 1534 αὐτῶν

1078 1555 1191 1589 πρᾶγμα
1206 1561 1213 1568 ο
1250 1549 1346 1588 ἀμέλει
1373 1551 1399 1579 ἓν
1426 1554 1481 1584 τοῖς
1513 1550 1573 1586 ἑξῆς
1613 1549 1800 1589 αἰνιγματωδῶς
1819 1548 1838 1577 ιξ

1080 1595 1144 1624 αὐτὸ
1162 1594 1351 1635 προτρέπεται.

1125 1695 1140 1714 (ι
1153 1683 1225 1714 Ἀλλ’
1238 1685 1264 1719 ἐξ
1287 1684 1407 1721 ἰσότητος
1429 1685 1456 1714 ἐν
1475 1686 1514 1725 τῷ
1524 1687 1569 1714 νῦν
1583 1687 1672 1727 καιρῷ
1691 1685 1720 1715 τὸ
1736 1685 1797 1723 ὑμῶν
1809 1694 1839 1711 πε-

1082 1728 1212 1769 ρίσσευμα
1253 1733 1288 1764 εἶς
1316 1729 1346 1759 1‘0
1374 1729 1481 1760 ἐκείνων
1504 1731 1659 1770 ὑστέρημα*
1690 1730 1734 1760 ἵνα
1760 1728 1797 1758 καὶ
1823 1728 1838 1754 τὲ

1081 1775 1187 1804 ἐκείνων
1203 1775 1367 1814 περίσσευμα
1382 1774 1492 1814 γένηται
1508 1777 1544 1808 εἷς
1563 1775 1594 1805 1‘0
1611 1777 1686 1814 ὑμῶν
1698 1775 1837 1814 ὑστέρῃμι.»

1082 1819 1228 1857 Τουτέστι,
1249 1821 1356 1858 Κομᾶτε
1379 1819 1517 1859 χρήμασιν
1544 1822 1632 1858 ὖμεῖς·
1648 1822 1761 1859 κομῶσιν
1774 1820 1838 1848 ἐκεῖναι

1082 1866 1114 1904 τῇ
1130 1864 1195 1904 πρὸς
1218 1864 1287 1894 Θεὸν
1311 1864 1454 1905 παῤῥησίᾳ.
1482 1864 1549 1895 Δότε
1572 1865 1658 1895 τοίνυν
1685 1860 1773 1906 ἀφ’ἶιν
1793 1864 1839 1899 tua

1082 1909 1249 1948 περισσεύετε
1276 1910 1438 1950 χρημάτων,
1468 1911 1563 1939 ἐκεῖνοι
1581 1909 1608 1938 δὲ
1623 1911 1671 1939 οὖκ
1690 1910 1796 1949 ἔχουσιν,
1814 1907 1838 1934 ῖνι

1083 1953 1184 1990 λάϐητε
1210 1954 1264 1984 ἀπὸ
1287 1956 1334 1989 τῆς
1356 1954 1521 1994 παῤῥησίας,
1551 1956 1577 1984 ἐν
1657 1956 1790 1984 πλουτοῦσι
1811 1951 1838 1988 μὲν

1083 1999 1191 2034 ἐκεῖνοι,
1208 1999 1282 2037 ὑμεῖς
1300 1997 1327 2027 δὲ
1349 1999 1508 2038 ὕστερεῖσοε.
1536 1998 1610 2039 Ὅρα
1636 1999 1677 2036 δὲ,
1698 2001 1750 2033 πῶς
1774 1998 1838 2026 lxvi!-

1083 2042 1178 2076 νόντως
1204 2042 1396 2078 κατασκευάζει
1419 2043 1449 2072 τὸ
1470 2044 1515 2072 καὶ
1539 2042 1606 2083 ὑπὲρ
1629 2043 1738 2080 δύναμιν
1760 2041 1831 2070 διδόναί

1086 2088 1117 2117 Εἰ
1127 2086 1178 2127 γὰρ
1194 2087 1297 2127 βούλει,
1319 2088 1416 2128 φησὶν,
1430 2089 1460 2117 ἐκ
1475 2089 1521 2117 τοῦ
1543 2087 1752 2127 περισσεύματος
1763 2084 1838 2116 λαϐιῖνν

232 2133 272 2161 vis
283 2141 318 2161 ex
331 2131 484 2160 abundanti
502 2132 644 2168 accipere,
660 2131 695 2160 da
713 2131 795 2160 etiam
812 2139 844 2160 ex
857 2131 1006 2160 abundanti

1084 2131 1124 2165 δὸς
1151 2131 1196 2160 καὶ
1224 2132 1255 2162 σὺ
1283 2133 1313 2162 ἐκ
1341 2135 1387 2162 τοῦ
1419 2132 1641 2172 περισσεύματος.
1675 2133 1707 2162 Εἰ
1729 2132 1754 2160 δὲ
1779 2129 1838 2170 βούλει

232 2177 275 2206 sin
295 2180 383 2205 totam
411 2176 450 2204 vis
472 2177 584 2205 omnino
607 2177 862 2212 compensationem
887 2176 1027 2212 accipere,

232 2227 263 2251 tu
279 2222 379 2259 pariter
393 2225 485 2250 totum
502 2220 601 2249 exhibe
622 2229 630 2249 :
654 2220 730 2258 quod
745 2221 856 2257 quidem
871 2224 957 2249 estex
970 2221 1029 2250 ino-

230 2267 273 2304 pia
286 2271 314 2296 et
331 2275 413 2304 supra
436 2267 508 2295 vires
527 2276 535 2294 :
556 2274 652 2295 verum
665 2266 693 2294 id
710 2266 784 2294 clam
806 2266 872 2302 agit.
889 2267 1029 2296 Hactenus

230 2312 321 2348 igitur,
332 2316 364 2340 ut
374 2315 500 2348 apparet,
516 2319 566 2347 pro
578 2311 682 2339 viribus
696 2310 762 2339 dare
773 2310 958 2340 commendat.

264 2357 351 2385 Vsus.
369 2358 413 2384 15.
429 2366 444 2383 ιι
455 2357 494 2384 Ut
506 2356 554 2383 ﬁat
568 2355 720 2392 aequalitas,
735 2356 805 2384 sicut
819 2356 954 2392 scriptum
963 2360 1004 2384 est
1020 2366 1026 2384 :

229 2401 282 2436 Qui
301 2401 432 2434 multum,
444 2408 498 2428 non
513 2399 682 2433 exuberavit,
696 2404 724 2428 et
741 2400 787 2437 qui
807 2400 959 2435 modicum,
972 2409 1028 2429 non

228 2445 328 2474 defecit
351 2445 371 2464 ἰ-
398 2456 410 2469 ι
438 2445 564 2479 Quanam
585 2444 690 2472 ratione
712 2445 745 2472 ﬁt
767 2445 923 2481 aequalitas?
950 2446 977 2474 Si
1000 2451 1028 2474 et

228 2498 278 2518 vos
295 2494 324 2518 et
338 2489 376 2517 illi
389 2489 571 2517 exuberantia
593 2489 771 2525 permutetis,
787 2498 820 2518 ac
841 2489 964 2518 defectus
982 2498 1026 2519 re-

229 2535 334 2572 pleatis.
359 2534 428 2569 Quae
447 2538 542 2562 autem
564 2537 606 2562 est
628 2533 787 2570 aequalitas,
806 2534 959 2570 spiritualia
979 2544 1028 2572 pro

227 2580 380 2608 carnalibus
398 2578 485 2608 dare?
499 2580 561 2607 Non
581 2578 734 2607 secundum
762 2579 896 2615 pretium,
912 2588 964 2609 nec
987 2588 1028 2609 se-

226 2624 346 2654 cundum
360 2623 492 2652 vilitatem
507 2631 611 2658 rerum,
625 2631 687 2660 quae
700 2623 802 2652 dantur
822 2629 849 2653 et
865 2625 1029 2661 redduntur,

261 2702 273 2718 ε
287 2697 372 2725 Marc.
390 2703 450 2730 xu,
465 2697 509 2724 43.
549 2693 563 2712 ¹¹
581 2695 669 2725 Exod.
685 2703 751 2730 xw,
769 2698 812 2725 18.

1083 2175 1228 2216 ὁλόκληρον
1248 2176 1340 2206 λαϐεῖν
1360 2175 1409 2211 τὴν
1434 2176 1618 2215 ἀντιμισθίαν,
1643 2177 1760 2217 πάρασιε
1775 2174 1809 2203 καὶ
1822 2185 1839 2201 τυ

1084 2220 1157 2250 ὅλον·
1193 2220 1258 2261 ὅπερ
1284 2221 1354 2250 ἐστὶν
1384 2221 1415 2250 ἐκ
1444 2224 1489 2251 τοῦ
1517 2221 1713 2260 ὑστερήματος,
1739 2220 1778 2249 καὶ

1084 2264 1211 2304 δύναμιν·
1236 2265 1306 2295 ἀλλὰ
1329 2269 1406 2296 τοῦτο
1430 2265 1478 2305 μὲν
1496 2266 1653 2301 λεληθότως.
1679 2266 1749 2298 Τέως
1767 2264 1839 2297 δὀὼε

1084 2310 1153 2339 κατὰ
1163 2309 1193 2340 τὸ
1202 2310 1358 2350 φαινόμενον
1367 2334 1374 2346 ,
1387 2310 1416 2340 1‘0
1430 2309 1499 2339 κατὰ
1513 2310 1623 2348 δύναμιν
1639 2313 1764 2351 παραινεῖ.

1126 2368 1139 2381 α
1156 2353 1253 2389 "Omne
1266 2354 1375 2395 γένηται
1400 2354 1505 2393 ἰσότης,
1535 2355 1624 2389 καθὼς
1646 2355 1798 2395 γέγραπται·
1818 2350 1839 2378 Ὁ

1082 2399 1112 2429 1‘0
1125 2399 1209 2438 πολὺ,
1225 2400 1273 2429 οὐχ
1287 2400 1446 2436 ἐπλεόνασε,
1462 2400 1508 2429 καὶ
1529 2401 1543 2429 ὁ
1558 2399 1588 2429 τὸ
1604 2400 1706 2438 ὀλίγον,
1725 2400 1767 2429 οὖκ
1779 2398 1837 2432 ἤλατ·

1081 2443 1184 2481 τόνησε.
1209 2455 1223 2473 ι)
1253 2445 1314 2477 Πῶς
1351 2443 1461 2484 γένηται
1489 2444 1592 2481 ἰσότης
1625 2445 1690 2475 Ἐὰν
1729 2443 1768 2472 καὶ
1790 2443 1837 2477 ἱμεῖἐ

1082 2491 1128 2518 καὶ
1152 2488 1245 2518 ἐκεῖνοι
1278 2489 1312 2519 τὰ
1345 2489 1536 2528 περισσεύοντα
1571 2490 1737 2526 ἂντιδιδῶτε,
1761 2485 1796 2516 καί
1817 2486 1837 2511 τά

1083 2533 1254 2573 ὑστερήματα
1282 2534 1476 2574 ἀναπληροῦτε.
1511 2534 1565 2564 Καὶ
1588 2533 1652 2563 ποία
1678 2533 1758 2568 ἰσότης
1781 2541 1837 2577 mw:

1084 2577 1185 2616 ματικὰ
1230 2577 1290 2606 ἀντὶ
1335 2580 1467 2618 σαρκικῶν
1503 2578 1619 2615 διδόναις
1660 2579 1699 2608 οὗ
1734 2575 1790 2606 κατὰ
1818 2583 1836 2599 τη

1082 2621 1288 2662 πολυτιμότερον
1316 2622 1334 2654 ἢ
1371 2622 1524 2662 ἀτιμότερον
1564 2625 1618 2653 τῶν
1646 2621 1775 2660 διδομένων
1803 2617 1832 2644 ηδ

920 2747 1019 2777 Variae
1049 2747 1196 2778 lectiones.

262 2799 283 2815 ’5
298 2799 434 2834 ἐξεργασοῇ
449 2807 476 2826 o.
516 2799 538 2816 ¹⁵
551 2798 609 2831 εἴτις
625 2807 650 2828 0.
690 2799 711 2816 ’⁷
727 2803 862 2835 τρυφῶντες
874 2798 920 2827 ὦσι
933 2808 961 2828 0.
