  <div class='ocr_page' id='page_1' title='image "/cluster/home/n/w/nwhite01/storage/ocr_20150623/124/njp.32101010942728/582.png"; bbox 0 0 1877 3081; ppageno 0'>
   <div class='ocr_carea' id='block_1_1' title="bbox 18 179 50 204">
    <p class='ocr_par' dir='ltr' id='par_1_1' title="bbox 18 179 50 204">
     <span class='ocr_line' id='line_1_1' title="bbox 18 179 50 204; baseline -0.031 0"><span class='ocrx_word' id='word_1_1' title='bbox 18 179 50 204; x_wconf 79' lang='lat'><strong>85</strong></span> 
     </span>
    </p>
   </div>
   <div class='ocr_carea' id='block_1_2' title="bbox 20 238 837 279">
    <p class='ocr_par' dir='ltr' id='par_1_2' title="bbox 20 238 837 279">
     <span class='ocr_line' id='line_1_2' title="bbox 20 238 837 279; baseline 0.001 -12"><span class='ocrx_word' id='word_1_2' title='bbox 20 239 204 277; x_wconf 76' lang='grc' dir='ltr'>ντιὸιδομίνων</span> <span class='ocrx_word' id='word_1_3' title='bbox 235 239 337 279; x_wconf 75' lang='grc' dir='ltr'>εἴρηται</span> <span class='ocrx_word' id='word_1_4' title='bbox 364 242 382 276; x_wconf 83' lang='grc' dir='ltr'>ἡ</span> <span class='ocrx_word' id='word_1_5' title='bbox 407 240 511 277; x_wconf 76' lang='grc' dir='ltr'>ἰσότης,</span> <span class='ocrx_word' id='word_1_6' title='bbox 540 239 610 269; x_wconf 80' lang='grc' dir='ltr'>ἀλλὰ</span> <span class='ocrx_word' id='word_1_7' title='bbox 637 238 730 268; x_wconf 78' lang='grc' dir='ltr'>καθὸὸ</span> <span class='ocrx_word' id='word_1_8' title='bbox 753 250 797 268; x_wconf 84' lang='grc' dir='ltr'>πε·</span> <span class='ocrx_word' id='word_1_9' title='bbox 811 243 837 275; x_wconf 81' lang='grc' dir='ltr'><strong>Α</strong></span> 
     </span>
    </p>
   </div>
   <div class='ocr_carea' id='block_1_3' title="bbox 20 283 799 323">
    <p class='ocr_par' dir='ltr' id='par_1_3' title="bbox 20 283 799 323">
     <span class='ocr_line' id='line_1_3' title="bbox 20 283 799 323; baseline 0.001 -12"><span class='ocrx_word' id='word_1_10' title='bbox 20 283 112 312; x_wconf 78' lang='grc' dir='ltr'>ισσεύει</span> <span class='ocrx_word' id='word_1_11' title='bbox 125 284 204 321; x_wconf 80' lang='grc' dir='ltr'>ὖμῖν,</span> <span class='ocrx_word' id='word_1_12' title='bbox 221 284 304 313; x_wconf 81' lang='grc' dir='ltr'>δίδοτε</span> <span class='ocrx_word' id='word_1_13' title='bbox 325 286 414 322; x_wconf 78' lang='grc' dir='ltr'>ὑμεῖς·</span> <span class='ocrx_word' id='word_1_14' title='bbox 433 285 479 314; x_wconf 83' lang='grc' dir='ltr'>καὶ</span> <span class='ocrx_word' id='word_1_15' title='bbox 500 283 624 320; x_wconf 71' lang='grc' dir='ltr'>πάλιν,ὃ</span> <span class='ocrx_word' id='word_1_16' title='bbox 649 283 799 323; x_wconf 80' lang='grc' dir='ltr'><strong>περισσεύει</strong></span> 
     </span>
    </p>
   </div>
   <div class='ocr_carea' id='block_1_4' title="bbox 18 328 798 368">
    <p class='ocr_par' dir='ltr' id='par_1_4' title="bbox 18 328 798 368">
     <span class='ocr_line' id='line_1_4' title="bbox 18 328 798 368; baseline -0.001 -10"><span class='ocrx_word' id='word_1_17' title='bbox 18 329 119 364; x_wconf 81' lang='grc' dir='ltr'>κείνοις,</span> <span class='ocrx_word' id='word_1_18' title='bbox 136 329 258 359; x_wconf 78' lang='grc' dir='ltr'>διδόασιν</span> <span class='ocrx_word' id='word_1_19' title='bbox 285 331 378 358; x_wconf 75' lang='grc' dir='ltr'>ἐκεῖνοι</span> <span class='ocrx_word' id='word_1_20' title='bbox 393 341 400 348; x_wconf 78' lang='grc' dir='ltr'><strong>ο</strong></span> <span class='ocrx_word' id='word_1_21' title='bbox 425 329 471 359; x_wconf 74' lang='grc' dir='ltr'>καὶ</span> <span class='ocrx_word' id='word_1_22' title='bbox 486 330 581 366; x_wconf 83' lang='grc' dir='ltr'>πάλιν,</span> <span class='ocrx_word' id='word_1_23' title='bbox 606 328 621 357; x_wconf 81' lang='grc' dir='ltr'>ὃ</span> <span class='ocrx_word' id='word_1_24' title='bbox 649 330 798 368; x_wconf 78' lang='grc' dir='ltr'>ὑστερεῖσθε</span> 
     </span>
    </p>
   </div>
   <div class='ocr_carea' id='block_1_5' title="bbox 19 372 798 414">
    <p class='ocr_par' dir='ltr' id='par_1_5' title="bbox 19 372 798 414">
     <span class='ocr_line' id='line_1_5' title="bbox 19 372 798 414; baseline 0.001 -13"><span class='ocrx_word' id='word_1_25' title='bbox 19 373 78 411; x_wconf 80' lang='grc' dir='ltr'>μεῖς,</span> <span class='ocrx_word' id='word_1_26' title='bbox 98 373 271 411; x_wconf 71' lang='grc' dir='ltr'>λαμϐάνετε·</span> <span class='ocrx_word' id='word_1_27' title='bbox 287 375 331 403; x_wconf 79' lang='grc' dir='ltr'>καὶ</span> <span class='ocrx_word' id='word_1_28' title='bbox 349 374 362 404; x_wconf 83' lang='lat'><strong>6</strong></span> <span class='ocrx_word' id='word_1_29' title='bbox 378 374 547 414; x_wconf 73' lang='grc' dir='ltr'><strong>ὑστεροῦνται</strong></span> <span class='ocrx_word' id='word_1_30' title='bbox 562 373 672 410; x_wconf 82' lang='grc' dir='ltr'>ἐκεῖνοι,</span> <span class='ocrx_word' id='word_1_31' title='bbox 690 372 798 411; x_wconf 76' lang='grc' dir='ltr'>λαμϐά-</span> 
     </span>
    </p>
   </div>
   <div class='ocr_carea' id='block_1_6' title="bbox 18 416 798 455">
    <p class='ocr_par' dir='ltr' id='par_1_6' title="bbox 18 416 798 455">
     <span class='ocr_line' id='line_1_6' title="bbox 18 416 798 455; baseline 0 -8"><span class='ocrx_word' id='word_1_32' title='bbox 18 429 86 448; x_wconf 84' lang='grc' dir='ltr'>ουσι·</span> <span class='ocrx_word' id='word_1_33' title='bbox 114 416 187 447; x_wconf 77' lang='grc' dir='ltr'>κατὰ</span> <span class='ocrx_word' id='word_1_34' title='bbox 214 420 293 448; x_wconf 77' lang='grc' dir='ltr'>τοῦτο</span> <span class='ocrx_word' id='word_1_35' title='bbox 315 420 332 454; x_wconf 84' lang='grc' dir='ltr'><strong>ἡ</strong></span> <span class='ocrx_word' id='word_1_36' title='bbox 357 419 457 455; x_wconf 74' lang='grc' dir='ltr'>ἰσότης.</span> <span class='ocrx_word' id='word_1_37' title='bbox 474 418 576 452; x_wconf 78' lang='grc' dir='ltr'>Ἄλλως</span> <span class='ocrx_word' id='word_1_38' title='bbox 603 429 631 448; x_wconf 76' lang='grc' dir='ltr'><strong>τε</strong></span> <span class='ocrx_word' id='word_1_39' title='bbox 658 418 704 447; x_wconf 84' lang='grc' dir='ltr'><strong>καὶ</strong></span> <span class='ocrx_word' id='word_1_40' title='bbox 728 417 798 448; x_wconf 80' lang='grc' dir='ltr'>κατὰ</span> 
     </span>
    </p>
   </div>
   <div class='ocr_carea' id='block_1_7' title="bbox 18 461 796 504">
    <p class='ocr_par' dir='ltr' id='par_1_7' title="bbox 18 461 796 504">
     <span class='ocr_line' id='line_1_7' title="bbox 18 461 796 504; baseline 0.003 -14"><span class='ocrx_word' id='word_1_41' title='bbox 18 462 43 491; x_wconf 86' lang='lat' dir='ltr'><strong>‘ov</strong></span> <span class='ocrx_word' id='word_1_42' title='bbox 68 461 205 502; x_wconf 79' lang='grc' dir='ltr'>παρόντα,</span> <span class='ocrx_word' id='word_1_43' title='bbox 229 462 311 503; x_wconf 78' lang='grc' dir='ltr'>φησὶ,</span> <span class='ocrx_word' id='word_1_44' title='bbox 338 463 432 504; x_wconf 82' lang='grc' dir='ltr'>καιρὸν</span> <span class='ocrx_word' id='word_1_45' title='bbox 457 465 474 499; x_wconf 81' lang='grc' dir='ltr'><strong>ἡ</strong></span> <span class='ocrx_word' id='word_1_46' title='bbox 498 463 586 499; x_wconf 82' lang='grc' dir='ltr'>ἰσότης</span> <span class='ocrx_word' id='word_1_47' title='bbox 608 462 692 498; x_wconf 74' lang='grc' dir='ltr'>αὕτη·</span> <span class='ocrx_word' id='word_1_48' title='bbox 717 463 744 492; x_wconf 76' lang='grc' dir='ltr'>ἐν</span> <span class='ocrx_word' id='word_1_49' title='bbox 769 462 796 492; x_wconf 65' lang='grc' dir='ltr'><strong>δὲ</strong></span> 
     </span>
    </p>
   </div>
   <div class='ocr_carea' id='block_1_8' title="bbox 19 503 796 548">
    <p class='ocr_par' dir='ltr' id='par_1_8' title="bbox 19 503 796 548">
     <span class='ocr_line' id='line_1_8' title="bbox 19 503 796 548; baseline 0.004 -13"><span class='ocrx_word' id='word_1_50' title='bbox 19 509 38 547; x_wconf 83' lang='grc' dir='ltr'>ῷ</span> <span class='ocrx_word' id='word_1_51' title='bbox 63 507 185 545; x_wconf 81' lang='grc' dir='ltr'>μέλλοντι</span> <span class='ocrx_word' id='word_1_52' title='bbox 215 507 337 548; x_wconf 78' lang='grc' dir='ltr'>ὑπεροχὴ</span> <span class='ocrx_word' id='word_1_53' title='bbox 363 503 450 544; x_wconf 81' lang='grc' dir='ltr'>πολλὴ</span> <span class='ocrx_word' id='word_1_54' title='bbox 473 503 510 537; x_wconf 74' lang='grc' dir='ltr'>ὧν</span> <span class='ocrx_word' id='word_1_55' title='bbox 534 509 628 537; x_wconf 70' lang='grc' dir='ltr'>ἕκιῑνοι</span> <span class='ocrx_word' id='word_1_56' title='bbox 658 507 796 538; x_wconf 80' lang='grc' dir='ltr'>διδόασιν.</span> 
     </span>
    </p>
   </div>
   <div class='ocr_carea' id='block_1_9' title="bbox 18 552 796 592">
    <p class='ocr_par' dir='ltr' id='par_1_9' title="bbox 18 552 796 592">
     <span class='ocr_line' id='line_1_9' title="bbox 18 552 796 592; baseline 0.003 -12"><span class='ocrx_word' id='word_1_57' title='bbox 18 552 79 581; x_wconf 78' lang='grc' dir='ltr'>Ωστε</span> <span class='ocrx_word' id='word_1_58' title='bbox 91 552 266 589; x_wconf 52' lang='lat' dir='ltr'><strong>auara-111&#39;s;</strong></span> <span class='ocrx_word' id='word_1_59' title='bbox 287 554 312 582; x_wconf 77' lang='lat' dir='ltr'><strong>oi</strong></span> <span class='ocrx_word' id='word_1_60' title='bbox 331 552 470 590; x_wconf 76' lang='grc' dir='ltr'>πλούσιοι,</span> <span class='ocrx_word' id='word_1_61' title='bbox 485 554 512 582; x_wconf 67' lang='lat' dir='ltr'><strong>cf</strong></span> <span class='ocrx_word' id='word_1_62' title='bbox 524 564 554 592; x_wconf 76' lang='grc' dir='ltr'><strong>γε</strong></span> <span class='ocrx_word' id='word_1_63' title='bbox 578 554 604 582; x_wconf 77' lang='grc' dir='ltr'>ἐν</span> <span class='ocrx_word' id='word_1_64' title='bbox 616 557 670 586; x_wconf 82' lang='grc' dir='ltr'>τοῖς</span> <span class='ocrx_word' id='word_1_65' title='bbox 685 553 796 582; x_wconf 68' lang='grc' dir='ltr'>ἱστῶσιν</span> 
     </span>
    </p>
   </div>
   <div class='ocr_carea' id='block_1_10' title="bbox 18 596 795 637">
    <p class='ocr_par' dir='ltr' id='par_1_10' title="bbox 18 596 795 637">
     <span class='ocr_line' id='line_1_10' title="bbox 18 596 795 637; baseline 0.001 -12"><span class='ocrx_word' id='word_1_66' title='bbox 18 596 168 636; x_wconf 71' lang='grc' dir='ltr'>στερέχουσιν</span> <span class='ocrx_word' id='word_1_67' title='bbox 195 597 273 635; x_wconf 76' lang='grc' dir='ltr'>ῧμῶν</span> <span class='ocrx_word' id='word_1_68' title='bbox 296 598 320 627; x_wconf 76' lang='grc' dir='ltr'>οἱ</span> <span class='ocrx_word' id='word_1_69' title='bbox 346 597 467 633; x_wconf 78' lang='grc' dir='ltr'>πένητες.</span> <span class='ocrx_word' id='word_1_70' title='bbox 493 597 614 637; x_wconf 78' lang='grc' dir='ltr'>Παράγει</span> <span class='ocrx_word' id='word_1_71' title='bbox 644 597 671 627; x_wconf 86' lang='grc' dir='ltr'><strong>δὲ</strong></span> <span class='ocrx_word' id='word_1_72' title='bbox 695 597 726 627; x_wconf 78' lang='grc' dir='ltr'>τὸ</span> <span class='ocrx_word' id='word_1_73' title='bbox 751 598 795 626; x_wconf 82' lang='grc' dir='ltr'><strong>ἐπὶ</strong></span> 
     </span>
    </p>
   </div>
   <div class='ocr_carea' id='block_1_11' title="bbox 18 641 795 681">
    <p class='ocr_par' dir='ltr' id='par_1_11' title="bbox 18 641 795 681">
     <span class='ocr_line' id='line_1_11' title="bbox 18 641 795 681; baseline 0.003 -12"><span class='ocrx_word' id='word_1_74' title='bbox 18 643 45 669; x_wconf 68' lang='grc' dir='ltr'>οὗ</span> <span class='ocrx_word' id='word_1_75' title='bbox 55 642 138 679; x_wconf 79' lang='grc' dir='ltr'>μάννα</span> <span class='ocrx_word' id='word_1_76' title='bbox 146 641 305 681; x_wconf 78' lang='grc' dir='ltr'>γινόμενον,</span> <span class='ocrx_word' id='word_1_77' title='bbox 329 642 386 679; x_wconf 78' lang='grc' dir='ltr'><strong>ἅμα</strong></span> <span class='ocrx_word' id='word_1_78' title='bbox 401 642 448 680; x_wconf 89' lang='grc' dir='ltr'>μὲν</span> <span class='ocrx_word' id='word_1_79' title='bbox 464 642 508 672; x_wconf 80' lang='grc' dir='ltr'><strong>ἵνα</strong></span> <span class='ocrx_word' id='word_1_80' title='bbox 523 642 593 678; x_wconf 82' lang='grc' dir='ltr'>δείξη</span> <span class='ocrx_word' id='word_1_81' title='bbox 617 643 673 675; x_wconf 78' lang='grc' dir='ltr'><strong>πῶς</strong></span> <span class='ocrx_word' id='word_1_82' title='bbox 695 641 795 681; x_wconf 75' lang='grc' dir='ltr'>γίνεται</span> 
     </span>
    </p>
   </div>
   <div class='ocr_carea' id='block_1_12' title="bbox 18 685 794 727">
    <p class='ocr_par' dir='ltr' id='par_1_12' title="bbox 18 685 794 727">
     <span class='ocr_line' id='line_1_12' title="bbox 18 685 794 727; baseline 0.001 -13"><span class='ocrx_word' id='word_1_83' title='bbox 18 686 131 722; x_wconf 75' lang='grc' dir='ltr'>ιίσότης-</span> <span class='ocrx_word' id='word_1_84' title='bbox 148 685 190 716; x_wconf 81' lang='grc' dir='ltr'>δτι</span> <span class='ocrx_word' id='word_1_85' title='bbox 205 686 270 716; x_wconf 78' lang='grc' dir='ltr'>ὅταν</span> <span class='ocrx_word' id='word_1_86' title='bbox 292 688 306 716; x_wconf 90' lang='lat'><strong>6</strong></span> <span class='ocrx_word' id='word_1_87' title='bbox 330 686 360 716; x_wconf 79' lang='grc' dir='ltr'><strong>τὸ</strong></span> <span class='ocrx_word' id='word_1_88' title='bbox 382 686 450 716; x_wconf 81' lang='grc' dir='ltr'>πολὺ</span> <span class='ocrx_word' id='word_1_89' title='bbox 471 686 541 727; x_wconf 65' lang='grc' dir='ltr'>ἔχων</span> <span class='ocrx_word' id='word_1_90' title='bbox 562 687 700 723; x_wconf 80' lang='grc' dir='ltr'>πλούσιος,</span> <span class='ocrx_word' id='word_1_91' title='bbox 717 687 740 716; x_wconf 80' lang='grc' dir='ltr'><strong>εἰ</strong></span> <span class='ocrx_word' id='word_1_92' title='bbox 757 687 794 727; x_wconf 83' lang='grc' dir='ltr'>δῷ</span> 
     </span>
    </p>
   </div>
   <div class='ocr_carea' id='block_1_13' title="bbox 20 730 794 772">
    <p class='ocr_par' dir='ltr' id='par_1_13' title="bbox 20 730 794 772">
     <span class='ocr_line' id='line_1_13' title="bbox 20 730 794 772; baseline 0.001 -13"><span class='ocrx_word' id='word_1_93' title='bbox 20 730 189 769; x_wconf 80' lang='grc' dir='ltr'>ὸπεριττιῧον</span> <span class='ocrx_word' id='word_1_94' title='bbox 215 733 256 772; x_wconf 81' lang='grc' dir='ltr'><strong>τῷ</strong></span> <span class='ocrx_word' id='word_1_95' title='bbox 271 731 360 771; x_wconf 67' lang='grc' dir='ltr'>ἔχοντι</span> <span class='ocrx_word' id='word_1_96' title='bbox 383 731 418 760; x_wconf 80' lang='grc' dir='ltr'><strong>τὰ</strong></span> <span class='ocrx_word' id='word_1_97' title='bbox 439 732 531 771; x_wconf 86' lang='grc' dir='ltr'><strong>ὀλίγα,</strong></span> <span class='ocrx_word' id='word_1_98' title='bbox 546 731 605 761; x_wconf 79' lang='grc' dir='ltr'>οὔτε</span> <span class='ocrx_word' id='word_1_99' title='bbox 620 731 698 765; x_wconf 76' lang='grc' dir='ltr'>αὐτὸς</span> <span class='ocrx_word' id='word_1_100' title='bbox 712 733 794 760; x_wconf 71' lang='grc' dir='ltr'>πλεο‹</span> 
     </span>
    </p>
   </div>
   <div class='ocr_carea' id='block_1_14' title="bbox 18 775 793 816">
    <p class='ocr_par' dir='ltr' id='par_1_14' title="bbox 18 775 793 816">
     <span class='ocr_line' id='line_1_14' title="bbox 18 775 793 816; baseline 0.001 -13"><span class='ocrx_word' id='word_1_101' title='bbox 18 775 85 810; x_wconf 60' lang='grc' dir='ltr'>πιέζει,</span> <span class='ocrx_word' id='word_1_102' title='bbox 100 775 144 804; x_wconf 80' lang='grc' dir='ltr'><strong>καὶ</strong></span> <span class='ocrx_word' id='word_1_103' title='bbox 168 776 183 804; x_wconf 90' lang='lat'><strong>6</strong></span> <span class='ocrx_word' id='word_1_104' title='bbox 205 775 238 805; x_wconf 82' lang='grc' dir='ltr'><strong>τὸ</strong></span> <span class='ocrx_word' id='word_1_105' title='bbox 265 776 353 815; x_wconf 80' lang='grc' dir='ltr'>ὀλίγον</span> <span class='ocrx_word' id='word_1_106' title='bbox 368 776 437 816; x_wconf 78' lang='grc' dir='ltr'>ἔχων</span> <span class='ocrx_word' id='word_1_107' title='bbox 466 778 514 806; x_wconf 83' lang='grc' dir='ltr'>οὒκ</span> <span class='ocrx_word' id='word_1_108' title='bbox 529 777 722 813; x_wconf 77' lang='grc' dir='ltr'>ἔλαττονεῖται,</span> <span class='ocrx_word' id='word_1_109' title='bbox 747 775 793 805; x_wconf 75' lang='grc' dir='ltr'><strong>ἅτε</strong></span> 
     </span>
    </p>
   </div>
   <div class='ocr_carea' id='block_1_15' title="bbox 18 818 793 861">
    <p class='ocr_par' dir='ltr' id='par_1_15' title="bbox 18 818 793 861">
     <span class='ocr_line' id='line_1_15' title="bbox 18 818 793 861; baseline 0.003 -14"><span class='ocrx_word' id='word_1_110' title='bbox 18 818 86 848; x_wconf 71' lang='lat' dir='ltr'><strong>.cGibv</strong></span> <span class='ocrx_word' id='word_1_111' title='bbox 98 819 163 859; x_wconf 82' lang='grc' dir='ltr'>παρ’</span> <span class='ocrx_word' id='word_1_112' title='bbox 177 821 292 852; x_wconf 82' lang='grc' dir='ltr'>ἐκείνου.</span> <span class='ocrx_word' id='word_1_113' title='bbox 322 821 377 850; x_wconf 82' lang='grc' dir='ltr'><strong>Καὶ</strong></span> <span class='ocrx_word' id='word_1_114' title='bbox 401 822 482 850; x_wconf 86' lang='grc' dir='ltr'>πάλιν</span> <span class='ocrx_word' id='word_1_115' title='bbox 503 821 546 851; x_wconf 83' lang='grc' dir='ltr'>ἐπὶ</span> <span class='ocrx_word' id='word_1_116' title='bbox 572 823 619 856; x_wconf 80' lang='grc' dir='ltr'><strong>τῆς</strong></span> <span class='ocrx_word' id='word_1_117' title='bbox 642 821 707 861; x_wconf 82' lang='grc' dir='ltr'>πρὸς</span> <span class='ocrx_word' id='word_1_118' title='bbox 723 820 793 850; x_wconf 74' lang='grc' dir='ltr'>Θεὸν</span> 
     </span>
    </p>
   </div>
   <div class='ocr_carea' id='block_1_16' title="bbox 18 863 791 906">
    <p class='ocr_par' dir='ltr' id='par_1_16' title="bbox 18 863 791 906">
     <span class='ocr_line' id='line_1_16' title="bbox 18 863 791 906; baseline 0.001 -13"><span class='ocrx_word' id='word_1_119' title='bbox 18 863 144 904; x_wconf 74' lang='grc' dir='ltr'>ιαρῤησίας</span> <span class='ocrx_word' id='word_1_120' title='bbox 167 865 198 894; x_wconf 85' lang='grc' dir='ltr'><strong>τὸ</strong></span> <span class='ocrx_word' id='word_1_121' title='bbox 214 865 282 895; x_wconf 84' lang='grc' dir='ltr'>αὐτό</span> <span class='ocrx_word' id='word_1_122' title='bbox 293 877 300 883; x_wconf 91' lang='grc'><strong>·</strong></span> <span class='ocrx_word' id='word_1_123' title='bbox 317 864 374 904; x_wconf 74' lang='grc' dir='ltr'><strong>ἅμα</strong></span> <span class='ocrx_word' id='word_1_124' title='bbox 399 865 426 896; x_wconf 81' lang='grc' dir='ltr'><strong>δὲ</strong></span> <span class='ocrx_word' id='word_1_125' title='bbox 441 865 486 895; x_wconf 83' lang='grc' dir='ltr'><strong>καί</strong></span> <span class='ocrx_word' id='word_1_126' title='bbox 506 877 534 895; x_wconf 85' lang='grc' dir='ltr'><strong>τι</strong></span> <span class='ocrx_word' id='word_1_127' title='bbox 549 868 636 904; x_wconf 82' lang='grc' dir='ltr'>μεῖζον</span> <span class='ocrx_word' id='word_1_128' title='bbox 652 866 791 906; x_wconf 80' lang='grc' dir='ltr'>κατορθοῖ,</span> 
     </span>
    </p>
   </div>
   <div class='ocr_carea' id='block_1_17' title="bbox 18 909 790 950">
    <p class='ocr_par' dir='ltr' id='par_1_17' title="bbox 18 909 790 950">
     <span class='ocr_line' id='line_1_17' title="bbox 18 909 790 950; baseline 0.003 -13"><span class='ocrx_word' id='word_1_129' title='bbox 18 909 117 938; x_wconf 79' lang='grc' dir='ltr'>ῖεικνύων</span> <span class='ocrx_word' id='word_1_130' title='bbox 131 913 186 942; x_wconf 82' lang='grc' dir='ltr'>τοῖς</span> <span class='ocrx_word' id='word_1_131' title='bbox 213 910 366 948; x_wconf 78' lang='grc' dir='ltr'>πλουσίοις,</span> <span class='ocrx_word' id='word_1_132' title='bbox 392 910 434 939; x_wconf 78' lang='grc' dir='ltr'>ὅτι</span> <span class='ocrx_word' id='word_1_133' title='bbox 449 910 539 950; x_wconf 85' lang='grc' dir='ltr'>ὥσπερ</span> <span class='ocrx_word' id='word_1_134' title='bbox 554 910 597 940; x_wconf 73' lang='grc' dir='ltr'>ἐπὶ</span> <span class='ocrx_word' id='word_1_135' title='bbox 622 912 668 940; x_wconf 69' lang='grc' dir='ltr'><strong>τοῦ</strong></span> <span class='ocrx_word' id='word_1_136' title='bbox 686 911 772 949; x_wconf 83' lang='grc' dir='ltr'>μάννα</span> <span class='ocrx_word' id='word_1_137' title='bbox 782 932 790 946; x_wconf 90' lang='grc'><strong>,</strong></span> 
     </span>
    </p>
   </div>
   <div class='ocr_carea' id='block_1_18' title="bbox 18 952 794 993">
    <p class='ocr_par' dir='ltr' id='par_1_18' title="bbox 18 952 794 993">
     <span class='ocr_line' id='line_1_18' title="bbox 18 952 794 993; baseline 0.003 -11"><span class='ocrx_word' id='word_1_138' title='bbox 18 952 30 981; x_wconf 64' lang='lat' dir='ltr'><strong>ri</strong></span> <span class='ocrx_word' id='word_1_139' title='bbox 46 965 71 982; x_wconf 81' lang='grc' dir='ltr'><strong>τι</strong></span> <span class='ocrx_word' id='word_1_140' title='bbox 96 953 176 983; x_wconf 80' lang='grc' dir='ltr'>πλέον</span> <span class='ocrx_word' id='word_1_141' title='bbox 194 954 371 993; x_wconf 67' lang='grc' dir='ltr'>συνάγοντες,</span> <span class='ocrx_word' id='word_1_142' title='bbox 397 955 443 984; x_wconf 77' lang='grc' dir='ltr'><strong>καὶ</strong></span> <span class='ocrx_word' id='word_1_143' title='bbox 467 957 492 984; x_wconf 74' lang='grc' dir='ltr'>οἷ</span> <span class='ocrx_word' id='word_1_144' title='bbox 511 955 633 991; x_wconf 80' lang='grc' dir='ltr'>ἔλαττον,</span> <span class='ocrx_word' id='word_1_145' title='bbox 652 956 747 985; x_wconf 82' lang='grc' dir='ltr'>πάντες</span> <span class='ocrx_word' id='word_1_146' title='bbox 764 955 794 984; x_wconf 84' lang='grc' dir='ltr'><strong>τὸ</strong></span> 
     </span>
    </p>
   </div>
   <div class='ocr_carea' id='block_1_19' title="bbox 18 998 794 1040">
    <p class='ocr_par' dir='ltr' id='par_1_19' title="bbox 18 998 794 1040">
     <span class='ocr_line' id='line_1_19' title="bbox 18 998 794 1040; baseline 0.003 -14"><span class='ocrx_word' id='word_1_147' title='bbox 18 998 63 1026; x_wconf 51' lang='lat' dir='ltr'><strong>[at</strong></span> <span class='ocrx_word' id='word_1_148' title='bbox 97 998 191 1039; x_wconf 81' lang='grc' dir='ltr'>μέτρον</span> <span class='ocrx_word' id='word_1_149' title='bbox 230 999 383 1039; x_wconf 76' lang='grc' dir='ltr'>εὑρίσκοντο</span> <span class='ocrx_word' id='word_1_150' title='bbox 415 999 538 1040; x_wconf 75' lang='grc' dir='ltr'>ἔχοντες,</span> <span class='ocrx_word' id='word_1_151' title='bbox 570 999 617 1036; x_wconf 87' lang='grc' dir='ltr'><strong>τὴν</strong></span> <span class='ocrx_word' id='word_1_152' title='bbox 644 999 794 1036; x_wconf 76' lang='grc' dir='ltr'>ἀπληστίαν</span> 
     </span>
    </p>
   </div>
   <div class='ocr_carea' id='block_1_20' title="bbox 18 1043 792 1078">
    <p class='ocr_par' dir='ltr' id='par_1_20' title="bbox 18 1043 792 1078">
     <span class='ocr_line' id='line_1_20' title="bbox 18 1043 792 1078; baseline 0.005 -7"><span class='ocrx_word' id='word_1_153' title='bbox 18 1044 47 1071; x_wconf 75' lang='grc' dir='ltr'>τοῦ</span> <span class='ocrx_word' id='word_1_154' title='bbox 71 1043 138 1073; x_wconf 79' lang='grc' dir='ltr'>Θεοῦ</span> <span class='ocrx_word' id='word_1_155' title='bbox 173 1043 351 1078; x_wconf 71' lang='grc' dir='ltr'>κολάζοντοςο</span> <span class='ocrx_word' id='word_1_156' title='bbox 378 1044 447 1075; x_wconf 78' lang='grc' dir='ltr'>οὕτω</span> <span class='ocrx_word' id='word_1_157' title='bbox 472 1045 519 1074; x_wconf 83' lang='grc' dir='ltr'>καὶ</span> <span class='ocrx_word' id='word_1_158' title='bbox 545 1047 590 1074; x_wconf 72' lang='grc' dir='ltr'><strong>νῦν</strong></span> <span class='ocrx_word' id='word_1_159' title='bbox 620 1045 650 1075; x_wconf 83' lang='grc' dir='ltr'>οὗ</span> <span class='ocrx_word' id='word_1_160' title='bbox 678 1046 716 1074; x_wconf 86' lang='grc' dir='ltr'>δεῖ</span> <span class='ocrx_word' id='word_1_161' title='bbox 747 1049 792 1075; x_wconf 80' lang='grc' dir='ltr'><strong>τοῦ</strong></span> 
     </span>
    </p>
   </div>
   <div class='ocr_carea' id='block_1_21' title="bbox 18 1086 258 1129">
    <p class='ocr_par' dir='ltr' id='par_1_21' title="bbox 18 1086 258 1129">
     <span class='ocr_line' id='line_1_21' title="bbox 18 1086 258 1129; baseline 0.013 -13"><span class='ocrx_word' id='word_1_162' title='bbox 18 1086 112 1122; x_wconf 77' lang='grc' dir='ltr'>ιλιίονος</span> <span class='ocrx_word' id='word_1_163' title='bbox 125 1088 258 1129; x_wconf 75' lang='grc' dir='ltr'>ἐφίεσθαι.</span> 
     </span>
    </p>
   </div>
   <div class='ocr_carea' id='block_1_22' title="bbox 810 893 833 923">
    <p class='ocr_par' dir='ltr' id='par_1_22' title="bbox 810 893 833 923">
     <span class='ocr_line' id='line_1_22' title="bbox 810 893 833 923; baseline 0 0"><span class='ocrx_word' id='word_1_164' title='bbox 810 893 833 923; x_wconf 87' lang='grc' dir='ltr'>Β</span> 
     </span>
    </p>
   </div>
   <div class='ocr_carea' id='block_1_23' title="bbox 45 1179 791 1221">
    <p class='ocr_par' dir='ltr' id='par_1_23' title="bbox 45 1179 791 1221">
     <span class='ocr_line' id='line_1_23' title="bbox 45 1179 791 1221; baseline 0.005 -14"><span class='ocrx_word' id='word_1_165' title='bbox 45 1190 58 1206; x_wconf 78' lang='grc' dir='ltr'><strong>ι</strong></span> <span class='ocrx_word' id='word_1_166' title='bbox 72 1179 150 1219; x_wconf 81' lang='grc' dir='ltr'>Χάρις</span> <span class='ocrx_word' id='word_1_167' title='bbox 165 1180 193 1209; x_wconf 79' lang='grc' dir='ltr'><strong>δὲ</strong></span> <span class='ocrx_word' id='word_1_168' title='bbox 213 1182 254 1220; x_wconf 83' lang='grc' dir='ltr'><strong>τῷ</strong></span> <span class='ocrx_word' id='word_1_169' title='bbox 280 1181 343 1220; x_wconf 83' lang='grc' dir='ltr'>Θεῷ</span> <span class='ocrx_word' id='word_1_170' title='bbox 362 1182 401 1221; x_wconf 81' lang='grc' dir='ltr'><strong>τῷ</strong></span> <span class='ocrx_word' id='word_1_171' title='bbox 416 1181 486 1210; x_wconf 81' lang='grc' dir='ltr'>δόντι</span> <span class='ocrx_word' id='word_1_172' title='bbox 500 1181 547 1218; x_wconf 79' lang='grc' dir='ltr'><strong>τὴν</strong></span> <span class='ocrx_word' id='word_1_173' title='bbox 571 1181 654 1217; x_wconf 76' lang='grc' dir='ltr'>αὖτὴν</span> <span class='ocrx_word' id='word_1_174' title='bbox 675 1182 791 1218; x_wconf 79' lang='grc' dir='ltr'>σπουδὴν</span> 
     </span>
    </p>
   </div>
   <div class='ocr_carea' id='block_1_24' title="bbox 18 1224 792 1267">
    <p class='ocr_par' dir='ltr' id='par_1_24' title="bbox 18 1224 792 1267">
     <span class='ocr_line' id='line_1_24' title="bbox 18 1224 792 1267; baseline 0.006 -15"><span class='ocrx_word' id='word_1_175' title='bbox 18 1224 65 1262; x_wconf 80' lang='grc' dir='ltr'>ιπὲρ</span> <span class='ocrx_word' id='word_1_176' title='bbox 78 1225 146 1263; x_wconf 70' lang='grc' dir='ltr'>ὑμῶν</span> <span class='ocrx_word' id='word_1_177' title='bbox 171 1226 197 1254; x_wconf 82' lang='grc' dir='ltr'>ἐν</span> <span class='ocrx_word' id='word_1_178' title='bbox 219 1237 254 1262; x_wconf 84' lang='grc' dir='ltr'>τη</span> <span class='ocrx_word' id='word_1_179' title='bbox 277 1226 374 1266; x_wconf 75' lang='grc' dir='ltr'>καρδίᾳ</span> <span class='ocrx_word' id='word_1_180' title='bbox 397 1225 492 1256; x_wconf 81' lang='grc' dir='ltr'>Τίτου.</span> <span class='ocrx_word' id='word_1_181' title='bbox 519 1239 531 1252; x_wconf 76' lang='grc' dir='ltr'><strong><em>ι</em></strong></span> <span class='ocrx_word' id='word_1_182' title='bbox 549 1226 706 1266; x_wconf 78' lang='grc' dir='ltr'>Διαλεχθεὶς</span> <span class='ocrx_word' id='word_1_183' title='bbox 731 1228 792 1267; x_wconf 82' lang='grc' dir='ltr'>περὶ</span> 
     </span>
    </p>
   </div>
   <div class='ocr_carea' id='block_1_25' title="bbox 18 1269 791 1310">
    <p class='ocr_par' dir='ltr' id='par_1_25' title="bbox 18 1269 791 1310">
     <span class='ocr_line' id='line_1_25' title="bbox 18 1269 791 1310; baseline 0.006 -13"><span class='ocrx_word' id='word_1_184' title='bbox 18 1270 48 1303; x_wconf 69' lang='grc' dir='ltr'>τῖς</span> <span class='ocrx_word' id='word_1_185' title='bbox 63 1269 237 1306; x_wconf 81' lang='grc' dir='ltr'>ἔλεημοσύνης</span> <span class='ocrx_word' id='word_1_186' title='bbox 263 1269 313 1299; x_wconf 75' lang='grc' dir='ltr'>ὅσα</span> <span class='ocrx_word' id='word_1_187' title='bbox 337 1270 407 1308; x_wconf 77' lang='grc' dir='ltr'>ἔδει,</span> <span class='ocrx_word' id='word_1_188' title='bbox 431 1270 523 1300; x_wconf 81' lang='grc' dir='ltr'>λοιπὸν</span> <span class='ocrx_word' id='word_1_189' title='bbox 548 1271 651 1300; x_wconf 78' lang='grc' dir='ltr'>ἐπαινεῖ</span> <span class='ocrx_word' id='word_1_190' title='bbox 667 1271 727 1305; x_wconf 86' lang='grc' dir='ltr'>τοὺς</span> <span class='ocrx_word' id='word_1_191' title='bbox 737 1272 791 1310; x_wconf 72' lang='grc' dir='ltr'><strong>ξέπὶ</strong></span> 
     </span>
    </p>
   </div>
   <div class='ocr_carea' id='block_1_26' title="bbox 18 1312 791 1355">
    <p class='ocr_par' dir='ltr' id='par_1_26' title="bbox 18 1312 791 1355">
     <span class='ocr_line' id='line_1_26' title="bbox 18 1312 791 1355; baseline 0.005 -14"><span class='ocrx_word' id='word_1_192' title='bbox 18 1312 81 1353; x_wconf 77' lang='grc' dir='ltr'>τούτῳ</span> <span class='ocrx_word' id='word_1_193' title='bbox 104 1313 247 1348; x_wconf 65' lang='grc' dir='ltr'>σταλέντες</span> <span class='ocrx_word' id='word_1_194' title='bbox 258 1324 266 1331; x_wconf 91' lang='grc'><strong>·</strong></span> <span class='ocrx_word' id='word_1_195' title='bbox 281 1313 325 1343; x_wconf 74' lang='grc' dir='ltr'><strong>ἵνα</strong></span> <span class='ocrx_word' id='word_1_196' title='bbox 346 1315 494 1345; x_wconf 84' lang='grc' dir='ltr'>ἀνύποπτοι</span> <span class='ocrx_word' id='word_1_197' title='bbox 513 1316 645 1355; x_wconf 76' lang='grc' dir='ltr'>γεγονότες</span> <span class='ocrx_word' id='word_1_198' title='bbox 660 1316 704 1352; x_wconf 82' lang='grc'><strong>²⁸,</strong></span> <span class='ocrx_word' id='word_1_199' title='bbox 721 1318 791 1354; x_wconf 80' lang='grc' dir='ltr'>μᾶλ-</span> 
     </span>
    </p>
   </div>
   <div class='ocr_carea' id='block_1_27' title="bbox 18 1358 788 1399">
    <p class='ocr_par' dir='ltr' id='par_1_27' title="bbox 18 1358 788 1399">
     <span class='ocr_line' id='line_1_27' title="bbox 18 1358 788 1399; baseline 0.005 -13"><span class='ocrx_word' id='word_1_200' title='bbox 18 1368 47 1385; x_wconf 60' lang='grc' dir='ltr'>λον</span> <span class='ocrx_word' id='word_1_201' title='bbox 67 1358 100 1391; x_wconf 81' lang='grc' dir='ltr'>εἷς</span> <span class='ocrx_word' id='word_1_202' title='bbox 121 1361 269 1399; x_wconf 76' lang='grc' dir='ltr'>προθυμίαν</span> <span class='ocrx_word' id='word_1_203' title='bbox 292 1359 386 1393; x_wconf 80' lang='grc' dir='ltr'>αὐτοὺς</span> <span class='ocrx_word' id='word_1_204' title='bbox 412 1362 458 1389; x_wconf 79' lang='grc' dir='ltr'>τοῦ</span> <span class='ocrx_word' id='word_1_205' title='bbox 481 1365 686 1399; x_wconf 83' lang='grc' dir='ltr'><strong>συνεισενεγκεῖν</strong></span> <span class='ocrx_word' id='word_1_206' title='bbox 704 1361 788 1399; x_wconf 71' lang='grc' dir='ltr'>ἐμϐά-</span> 
     </span>
    </p>
   </div>
   <div class='ocr_carea' id='block_1_28' title="bbox 18 1401 789 1443">
    <p class='ocr_par' dir='ltr' id='par_1_28' title="bbox 18 1401 789 1443">
     <span class='ocr_line' id='line_1_28' title="bbox 18 1401 789 1443; baseline 0.006 -13"><span class='ocrx_word' id='word_1_207' title='bbox 18 1408 88 1431; x_wconf 57' lang='grc' dir='ltr'>λωσιν.</span> <span class='ocrx_word' id='word_1_208' title='bbox 106 1402 216 1440; x_wconf 80' lang='grc' dir='ltr'>Ἐπειδὴ</span> <span class='ocrx_word' id='word_1_209' title='bbox 244 1403 273 1433; x_wconf 83' lang='grc' dir='ltr'><strong>δὲ</strong></span> <span class='ocrx_word' id='word_1_210' title='bbox 294 1405 396 1443; x_wconf 78' lang='grc' dir='ltr'>πρῶτος</span> <span class='ocrx_word' id='word_1_211' title='bbox 415 1404 513 1434; x_wconf 72' lang='grc' dir='ltr'>τούτων</span> <span class='ocrx_word' id='word_1_212' title='bbox 528 1405 608 1438; x_wconf 85' lang='grc' dir='ltr'>Τίτος</span> <span class='ocrx_word' id='word_1_213' title='bbox 633 1401 682 1442; x_wconf 75' lang='grc' dir='ltr'><strong>ἧν,</strong></span> <span class='ocrx_word' id='word_1_214' title='bbox 698 1408 789 1435; x_wconf 72' lang='grc' dir='ltr'>τοῦτον</span> 
     </span>
    </p>
   </div>
   <div class='ocr_carea' id='block_1_29' title="bbox 18 1447 788 1490">
    <p class='ocr_par' dir='ltr' id='par_1_29' title="bbox 18 1447 788 1490">
     <span class='ocr_line' id='line_1_29' title="bbox 18 1447 788 1490; baseline 0.006 -15"><span class='ocrx_word' id='word_1_215' title='bbox 18 1447 112 1483; x_wconf 61' lang='lat' dir='ltr'><strong>inermi,</strong></span> <span class='ocrx_word' id='word_1_216' title='bbox 127 1448 170 1477; x_wconf 70' lang='lat' dir='ltr'><strong>ml</strong></span> <span class='ocrx_word' id='word_1_217' title='bbox 196 1449 271 1478; x_wconf 75' lang='grc' dir='ltr'>Θεοῦ</span> <span class='ocrx_word' id='word_1_218' title='bbox 288 1448 364 1488; x_wconf 79' lang='grc' dir='ltr'>ἔργον</span> <span class='ocrx_word' id='word_1_219' title='bbox 391 1449 461 1488; x_wconf 79' lang='grc' dir='ltr'>λέγει</span> <span class='ocrx_word' id='word_1_220' title='bbox 476 1449 506 1479; x_wconf 85' lang='grc' dir='ltr'><strong>τὸ</strong></span> <span class='ocrx_word' id='word_1_221' title='bbox 526 1449 688 1490; x_wconf 80' lang='grc' dir='ltr'>διεγερθῆναι</span> <span class='ocrx_word' id='word_1_222' title='bbox 709 1450 788 1480; x_wconf 79' lang='grc' dir='ltr'>αὐτὸν</span> 
     </span>
    </p>
   </div>
   <div class='ocr_carea' id='block_1_30' title="bbox 18 1490 787 1534">
    <p class='ocr_par' dir='ltr' id='par_1_30' title="bbox 18 1490 787 1534">
     <span class='ocr_line' id='line_1_30' title="bbox 18 1490 787 1534; baseline 0.007 -15"><span class='ocrx_word' id='word_1_223' title='bbox 18 1490 42 1523; x_wconf 75' lang='grc' dir='ltr'>ιίς</span> <span class='ocrx_word' id='word_1_224' title='bbox 53 1492 79 1520; x_wconf 85' lang='grc' dir='ltr'><strong>τὸ</strong></span> <span class='ocrx_word' id='word_1_225' title='bbox 92 1492 255 1528; x_wconf 74' lang='grc' dir='ltr'>διακονῆσαι.</span> <span class='ocrx_word' id='word_1_226' title='bbox 275 1493 334 1529; x_wconf 83' lang='grc' dir='ltr'>Τὴν</span> <span class='ocrx_word' id='word_1_227' title='bbox 350 1493 431 1529; x_wconf 81' lang='grc' dir='ltr'>αὐτὴν</span> <span class='ocrx_word' id='word_1_228' title='bbox 447 1493 498 1534; x_wconf 83' lang='grc' dir='ltr'><strong>γὰρ</strong></span> <span class='ocrx_word' id='word_1_229' title='bbox 524 1493 668 1530; x_wconf 79' lang='grc' dir='ltr'>σπουδὴνῆ</span> <span class='ocrx_word' id='word_1_230' title='bbox 684 1508 697 1524; x_wconf 90' lang='grc' dir='ltr'><strong>ν</strong></span> <span class='ocrx_word' id='word_1_231' title='bbox 712 1494 787 1534; x_wconf 75' lang='grc' dir='ltr'><strong>κάγὼ</strong></span> 
     </span>
    </p>
   </div>
   <div class='ocr_carea' id='block_1_31' title="bbox 18 1534 824 1579">
    <p class='ocr_par' dir='ltr' id='par_1_31' title="bbox 18 1534 824 1579">
     <span class='ocr_line' id='line_1_31' title="bbox 18 1534 824 1579; baseline 0.007 -15"><span class='ocrx_word' id='word_1_232' title='bbox 18 1534 58 1574; x_wconf 74' lang='grc' dir='ltr'><strong>ἔχω</strong></span> <span class='ocrx_word' id='word_1_233' title='bbox 74 1536 134 1576; x_wconf 76' lang='grc' dir='ltr'>ὑπὲρ</span> <span class='ocrx_word' id='word_1_234' title='bbox 155 1538 243 1575; x_wconf 72' lang='grc' dir='ltr'>ὑμῶν,</span> <span class='ocrx_word' id='word_1_235' title='bbox 265 1538 385 1574; x_wconf 79' lang='grc' dir='ltr'>ἐνέθηκεν</span> <span class='ocrx_word' id='word_1_236' title='bbox 405 1539 490 1578; x_wconf 81' lang='grc' dir='ltr'>αὐτῷ.</span> <span class='ocrx_word' id='word_1_237' title='bbox 517 1540 655 1569; x_wconf 79' lang='grc' dir='ltr'>Ἐντεῦθεν</span> <span class='ocrx_word' id='word_1_238' title='bbox 675 1539 703 1568; x_wconf 84' lang='grc' dir='ltr'><strong>δὲ</strong></span> <span class='ocrx_word' id='word_1_239' title='bbox 721 1552 786 1579; x_wconf 80' lang='grc' dir='ltr'>προ·</span> <span class='ocrx_word' id='word_1_240' title='bbox 802 1537 824 1569; x_wconf 86' lang='lat' dir='ltr'><strong>C</strong></span> 
     </span>
    </p>
   </div>
   <div class='ocr_carea' id='block_1_32' title="bbox 18 1579 786 1622">
    <p class='ocr_par' dir='ltr' id='par_1_32' title="bbox 18 1579 786 1622">
     <span class='ocr_line' id='line_1_32' title="bbox 18 1579 786 1622; baseline 0.008 -15"><span class='ocrx_word' id='word_1_241' title='bbox 18 1579 118 1617; x_wconf 74' lang='grc' dir='ltr'>τρέπεται</span> <span class='ocrx_word' id='word_1_242' title='bbox 154 1582 246 1616; x_wconf 79' lang='grc' dir='ltr'>αὐτοὺς</span> <span class='ocrx_word' id='word_1_243' title='bbox 285 1581 330 1612; x_wconf 75' lang='grc' dir='ltr'>ἵνα</span> <span class='ocrx_word' id='word_1_244' title='bbox 365 1583 498 1622; x_wconf 74' lang='grc' dir='ltr'>ἀξιόλογον</span> <span class='ocrx_word' id='word_1_245' title='bbox 537 1583 703 1619; x_wconf 73' lang='grc' dir='ltr'>ποιήσωνται</span> <span class='ocrx_word' id='word_1_246' title='bbox 738 1584 786 1620; x_wconf 81' lang='grc' dir='ltr'><strong>τὴν</strong></span> 
     </span>
    </p>
   </div>
   <div class='ocr_carea' id='block_1_33' title="bbox 18 1623 786 1668">
    <p class='ocr_par' dir='ltr' id='par_1_33' title="bbox 18 1623 786 1668">
     <span class='ocr_line' id='line_1_33' title="bbox 18 1623 786 1668; baseline 0.012 -18"><span class='ocrx_word' id='word_1_247' title='bbox 18 1623 81 1655; x_wconf 72' lang='grc' dir='ltr'>Ξόσιν.</span> <span class='ocrx_word' id='word_1_248' title='bbox 97 1626 127 1655; x_wconf 80' lang='grc' dir='ltr'>Εἰ</span> <span class='ocrx_word' id='word_1_249' title='bbox 139 1625 188 1666; x_wconf 75' lang='grc' dir='ltr'><strong>γὰρ</strong></span> <span class='ocrx_word' id='word_1_250' title='bbox 203 1628 217 1655; x_wconf 82' lang='grc'>6</span> <span class='ocrx_word' id='word_1_251' title='bbox 234 1627 305 1660; x_wconf 84' lang='grc' dir='ltr'>Θεὸς</span> <span class='ocrx_word' id='word_1_252' title='bbox 321 1627 398 1656; x_wconf 83' lang='grc' dir='ltr'>αὐτὸν</span> <span class='ocrx_word' id='word_1_253' title='bbox 414 1627 560 1668; x_wconf 82' lang='grc' dir='ltr'>διήγειρεν,</span> <span class='ocrx_word' id='word_1_254' title='bbox 578 1630 592 1657; x_wconf 85' lang='lat'><strong>6</strong></span> <span class='ocrx_word' id='word_1_255' title='bbox 607 1628 675 1662; x_wconf 86' lang='grc' dir='ltr'>Θεὸς</span> <span class='ocrx_word' id='word_1_256' title='bbox 694 1629 786 1659; x_wconf 82' lang='grc' dir='ltr'>λοιπὸν</span> 
     </span>
    </p>
   </div>
   <div class='ocr_carea' id='block_1_34' title="bbox 18 1669 784 1711">
    <p class='ocr_par' dir='ltr' id='par_1_34' title="bbox 18 1669 784 1711">
     <span class='ocr_line' id='line_1_34' title="bbox 18 1669 784 1711; baseline 0.009 -15"><span class='ocrx_word' id='word_1_257' title='bbox 18 1669 84 1708; x_wconf 79' lang='grc' dir='ltr'><strong>ιίτεί,</strong></span> <span class='ocrx_word' id='word_1_258' title='bbox 98 1670 140 1699; x_wconf 81' lang='grc' dir='ltr'><strong>καὶ</strong></span> <span class='ocrx_word' id='word_1_259' title='bbox 153 1670 270 1711; x_wconf 67' lang='grc' dir='ltr'>ὀφείλετι</span> <span class='ocrx_word' id='word_1_260' title='bbox 285 1670 399 1706; x_wconf 81' lang='grc' dir='ltr'>ἇξιόθεον</span> <span class='ocrx_word' id='word_1_261' title='bbox 409 1672 436 1691; x_wconf 77' lang='grc'><strong>²⁹</strong></span> <span class='ocrx_word' id='word_1_262' title='bbox 451 1673 498 1708; x_wconf 82' lang='grc' dir='ltr'><strong>τὴν</strong></span> <span class='ocrx_word' id='word_1_263' title='bbox 523 1672 594 1703; x_wconf 83' lang='grc' dir='ltr'>δόσιν</span> <span class='ocrx_word' id='word_1_264' title='bbox 610 1673 784 1710; x_wconf 81' lang='grc' dir='ltr'>ποιήσασθαι.</span> 
     </span>
    </p>
   </div>
   <div class='ocr_carea' id='block_1_35' title="bbox 49 1759 785 1801">
    <p class='ocr_par' dir='ltr' id='par_1_35' title="bbox 49 1759 785 1801">
     <span class='ocr_line' id='line_1_35' title="bbox 49 1759 785 1801; baseline 0.005 -12"><span class='ocrx_word' id='word_1_265' title='bbox 49 1769 61 1786; x_wconf 80' lang='grc' dir='ltr'>(ι</span> <span class='ocrx_word' id='word_1_266' title='bbox 73 1759 133 1790; x_wconf 78' lang='grc' dir='ltr'>ὀτι</span> <span class='ocrx_word' id='word_1_267' title='bbox 151 1760 197 1796; x_wconf 83' lang='grc' dir='ltr'><strong>τὴν</strong></span> <span class='ocrx_word' id='word_1_268' title='bbox 215 1761 264 1799; x_wconf 83' lang='grc' dir='ltr'>μὲν</span> <span class='ocrx_word' id='word_1_269' title='bbox 281 1761 449 1801; x_wconf 75' lang='grc' dir='ltr'>παράκλησιν</span> <span class='ocrx_word' id='word_1_270' title='bbox 475 1762 595 1800; x_wconf 72' lang='grc' dir='ltr'>ἐδέξατο,</span> <span class='ocrx_word' id='word_1_271' title='bbox 609 1763 785 1793; x_wconf 79' lang='grc' dir='ltr'>σπουδαιότε-</span> 
     </span>
    </p>
   </div>
   <div class='ocr_carea' id='block_1_36' title="bbox 18 1803 780 1847">
    <p class='ocr_par' dir='ltr' id='par_1_36' title="bbox 18 1803 780 1847">
     <span class='ocr_line' id='line_1_36' title="bbox 18 1803 780 1847; baseline 0.008 -16"><span class='ocrx_word' id='word_1_272' title='bbox 18 1811 48 1847; x_wconf 43' lang='lat' dir='ltr'><strong>ioc</strong></span> <span class='ocrx_word' id='word_1_273' title='bbox 71 1803 96 1832; x_wconf 85' lang='grc' dir='ltr'><strong>δὲ</strong></span> <span class='ocrx_word' id='word_1_274' title='bbox 116 1805 258 1845; x_wconf 76' lang='grc' dir='ltr'>ὓπᾶρχων,</span> <span class='ocrx_word' id='word_1_275' title='bbox 285 1806 436 1846; x_wconf 78' lang='grc' dir='ltr'>αὐθαίρετος</span> <span class='ocrx_word' id='word_1_276' title='bbox 465 1807 559 1843; x_wconf 77' lang='grc' dir='ltr'>ἐξῆλθε</span> <span class='ocrx_word' id='word_1_277' title='bbox 583 1808 648 1847; x_wconf 84' lang='grc' dir='ltr'>πρὸς</span> <span class='ocrx_word' id='word_1_278' title='bbox 668 1811 749 1847; x_wconf 77' lang='grc' dir='ltr'>ὑμᾶς.</span> <span class='ocrx_word' id='word_1_279' title='bbox 765 1820 780 1838; x_wconf 73' lang='grc' dir='ltr'>ι)</span> 
     </span>
    </p>
   </div>
   <div class='ocr_carea' id='block_1_37' title="bbox 18 1846 785 1892">
    <p class='ocr_par' dir='ltr' id='par_1_37' title="bbox 18 1846 785 1892">
     <span class='ocr_line' id='line_1_37' title="bbox 18 1846 785 1892; baseline 0.007 -16"><span class='ocrx_word' id='word_1_280' title='bbox 18 1846 85 1892; x_wconf 55' lang='grc' dir='ltr'>μάθεν</span> <span class='ocrx_word' id='word_1_281' title='bbox 103 1849 190 1887; x_wconf 76' lang='grc' dir='ltr'>δῆλον,</span> <span class='ocrx_word' id='word_1_282' title='bbox 214 1850 258 1881; x_wconf 77' lang='grc' dir='ltr'><strong>ὅτι</strong></span> <span class='ocrx_word' id='word_1_283' title='bbox 283 1852 298 1880; x_wconf 85' lang='lat'><strong>6</strong></span> <span class='ocrx_word' id='word_1_284' title='bbox 324 1851 393 1885; x_wconf 80' lang='grc' dir='ltr'>Θεὸς</span> <span class='ocrx_word' id='word_1_285' title='bbox 418 1846 610 1892; x_wconf 78' lang='grc' dir='ltr'>προετρέψατο</span> <span class='ocrx_word' id='word_1_286' title='bbox 623 1852 667 1882; x_wconf 81' lang='grc' dir='ltr'><strong>τὸν</strong></span> <span class='ocrx_word' id='word_1_287' title='bbox 687 1846 785 1890; x_wconf 81' lang='grc' dir='ltr'>Τίτον;</span> 
     </span>
    </p>
   </div>
   <div class='ocr_carea' id='block_1_38' title="bbox 18 1887 785 1937">
    <p class='ocr_par' dir='ltr' id='par_1_38' title="bbox 18 1887 785 1937">
     <span class='ocr_line' id='line_1_38' title="bbox 18 1887 785 1937; baseline 0.008 -16"><span class='ocrx_word' id='word_1_288' title='bbox 18 1887 68 1937; x_wconf 66' lang='grc' dir='ltr'>Ότι</span> <span class='ocrx_word' id='word_1_289' title='bbox 80 1893 119 1923; x_wconf 77' lang='grc' dir='ltr'><strong>καὶ</strong></span> <span class='ocrx_word' id='word_1_290' title='bbox 136 1895 315 1934; x_wconf 80' lang='grc' dir='ltr'>παρακληθεὶς</span> <span class='ocrx_word' id='word_1_291' title='bbox 339 1897 403 1935; x_wconf 81' lang='grc' dir='ltr'>παρ’</span> <span class='ocrx_word' id='word_1_292' title='bbox 419 1887 507 1934; x_wconf 30' lang='grc' dir='ltr'>ἐμοῦ(</span> <span class='ocrx_word' id='word_1_293' title='bbox 523 1887 664 1937; x_wconf 68' lang='grc' dir='ltr'>προθύμως</span> <span class='ocrx_word' id='word_1_294' title='bbox 679 1887 785 1931; x_wconf 74' lang='grc' dir='ltr'>ἐδέξατο</span> 
     </span>
    </p>
   </div>
   <div class='ocr_carea' id='block_1_39' title="bbox 18 1933 784 1980">
    <p class='ocr_par' dir='ltr' id='par_1_39' title="bbox 18 1933 784 1980">
     <span class='ocr_line' id='line_1_39' title="bbox 18 1933 784 1980; baseline 0.007 -14"><span class='ocrx_word' id='word_1_295' title='bbox 18 1933 52 1980; x_wconf 59' lang='grc' dir='ltr'><strong>τὴν</strong></span> <span class='ocrx_word' id='word_1_296' title='bbox 65 1938 236 1977; x_wconf 78' lang='grc' dir='ltr'>παράκλησιν,</span> <span class='ocrx_word' id='word_1_297' title='bbox 251 1940 297 1969; x_wconf 78' lang='grc' dir='ltr'><strong>καὶ</strong></span> <span class='ocrx_word' id='word_1_298' title='bbox 318 1940 364 1970; x_wconf 81' lang='grc' dir='ltr'><strong>οὐκ</strong></span> <span class='ocrx_word' id='word_1_299' title='bbox 382 1933 530 1980; x_wconf 47' lang='grc' dir='ltr'>’ἐγόγγυσεν</span> <span class='ocrx_word' id='word_1_300' title='bbox 538 1933 550 1979; x_wconf 37' lang='grc'>,1</span> <span class='ocrx_word' id='word_1_301' title='bbox 575 1933 646 1971; x_wconf 74' lang='grc' dir='ltr'>ἀλλὰ</span> <span class='ocrx_word' id='word_1_302' title='bbox 672 1942 725 1979; x_wconf 79' lang='grc' dir='ltr'><strong>μὴν</strong></span> <span class='ocrx_word' id='word_1_303' title='bbox 739 1942 784 1971; x_wconf 79' lang='grc' dir='ltr'>καὶ</span> 
     </span>
    </p>
   </div>
   <div class='ocr_carea' id='block_1_40' title="bbox 18 1979 782 2026">
    <p class='ocr_par' dir='ltr' id='par_1_40' title="bbox 18 1979 782 2026">
     <span class='ocr_line' id='line_1_40' title="bbox 18 1979 782 2026; baseline 0.008 -17"><span class='ocrx_word' id='word_1_304' title='bbox 18 1979 142 2026; x_wconf 60' lang='grc' dir='ltr'>ιςιθαίριιτος</span> <span class='ocrx_word' id='word_1_305' title='bbox 163 1983 282 2021; x_wconf 74' lang='grc' dir='ltr'>ἐξῆλθεν,</span> <span class='ocrx_word' id='word_1_306' title='bbox 307 1984 376 2014; x_wconf 81' lang='grc' dir='ltr'>ὥστε</span> <span class='ocrx_word' id='word_1_307' title='bbox 391 1979 445 2014; x_wconf 68' lang='grc' dir='ltr'><strong>κᾶν</strong></span> <span class='ocrx_word' id='word_1_308' title='bbox 456 1985 493 2024; x_wconf 84' lang='grc' dir='ltr'><strong>μὴ</strong></span> <span class='ocrx_word' id='word_1_309' title='bbox 521 1985 574 2026; x_wconf 81' lang='grc' dir='ltr'>ἐγὼ</span> <span class='ocrx_word' id='word_1_310' title='bbox 591 1987 763 2026; x_wconf 78' lang='grc' dir='ltr'>παρεκάλεσα</span> <span class='ocrx_word' id='word_1_311' title='bbox 774 2009 782 2023; x_wconf 93' lang='grc'><strong>,</strong></span> 
     </span>
    </p>
   </div>
   <div class='ocr_carea' id='block_1_41' title="bbox 18 2023 537 2066">
    <p class='ocr_par' dir='ltr' id='par_1_41' title="bbox 18 2023 537 2066">
     <span class='ocr_line' id='line_1_41' title="bbox 18 2023 537 2066; baseline 0.006 -9"><span class='ocrx_word' id='word_1_312' title='bbox 18 2023 77 2058; x_wconf 67' lang='grc' dir='ltr'><strong>πῦτὸς</strong></span> <span class='ocrx_word' id='word_1_313' title='bbox 89 2025 132 2062; x_wconf 84' lang='grc' dir='ltr'><strong>τὴν</strong></span> <span class='ocrx_word' id='word_1_314' title='bbox 146 2028 244 2059; x_wconf 78' lang='grc' dir='ltr'>οἰκείαν</span> <span class='ocrx_word' id='word_1_315' title='bbox 257 2030 373 2066; x_wconf 80' lang='grc' dir='ltr'>σπουδὴν</span> <span class='ocrx_word' id='word_1_316' title='bbox 382 2030 537 2065; x_wconf 78' lang='grc' dir='ltr'>ἐνεδείξατο.</span> 
     </span>
    </p>
   </div>
   <div class='ocr_carea' id='block_1_42' title="bbox 47 2155 780 2202">
    <p class='ocr_par' dir='ltr' id='par_1_42' title="bbox 47 2155 780 2202">
     <span class='ocr_line' id='line_1_42' title="bbox 47 2155 780 2202; baseline 0.011 -18"><span class='ocrx_word' id='word_1_317' title='bbox 47 2164 59 2180; x_wconf 74' lang='grc' dir='ltr'><strong>ε</strong></span> <span class='ocrx_word' id='word_1_318' title='bbox 72 2155 275 2202; x_wconf 74' lang='grc' dir='ltr'>Συνεπέμψαμεν</span> <span class='ocrx_word' id='word_1_319' title='bbox 292 2158 319 2188; x_wconf 84' lang='grc' dir='ltr'><strong>δὲ</strong></span> <span class='ocrx_word' id='word_1_320' title='bbox 336 2160 394 2197; x_wconf 80' lang='grc' dir='ltr'>μετ’</span> <span class='ocrx_word' id='word_1_321' title='bbox 408 2160 488 2189; x_wconf 65' lang='grc' dir='ltr'>αὐτοῦ</span> <span class='ocrx_word' id='word_1_322' title='bbox 505 2160 549 2190; x_wconf 79' lang='grc' dir='ltr'><strong>τὸν</strong></span> <span class='ocrx_word' id='word_1_323' title='bbox 570 2161 702 2202; x_wconf 80' lang='grc' dir='ltr'>ἀδελφὸν,</span> <span class='ocrx_word' id='word_1_324' title='bbox 716 2158 745 2192; x_wconf 68' lang='grc' dir='ltr'>οῖ</span> <span class='ocrx_word' id='word_1_325' title='bbox 767 2164 780 2192; x_wconf 92' lang='lat'><strong>6</strong></span> 
     </span>
    </p>
   </div>
   <div class='ocr_carea' id='block_1_43' title="bbox 18 2194 819 2247">
    <p class='ocr_par' dir='ltr' id='par_1_43' title="bbox 18 2194 819 2247">
     <span class='ocr_line' id='line_1_43' title="bbox 18 2194 819 2247; baseline 0.017 -24"><span class='ocrx_word' id='word_1_326' title='bbox 18 2194 98 2247; x_wconf 54' lang='lat' dir='ltr'><strong>iii-crvo;</strong></span> <span class='ocrx_word' id='word_1_327' title='bbox 110 2201 141 2247; x_wconf 54' lang='grc' dir='ltr'>ἐν</span> <span class='ocrx_word' id='word_1_328' title='bbox 223 2194 380 2244; x_wconf 65' lang='grc' dir='ltr'>Εὖαγγιλίῳ</span> <span class='ocrx_word' id='word_1_329' title='bbox 402 2204 445 2233; x_wconf 80' lang='grc' dir='ltr'><strong>διὰ</strong></span> <span class='ocrx_word' id='word_1_330' title='bbox 461 2207 555 2234; x_wconf 76' lang='grc' dir='ltr'>πασῶν</span> <span class='ocrx_word' id='word_1_331' title='bbox 581 2194 647 2235; x_wconf 71' lang='grc' dir='ltr'><strong>ϊιίἶὶνΙ</strong></span> <span class='ocrx_word' id='word_1_332' title='bbox 658 2194 776 2243; x_wconf 68' lang='grc' dir='ltr'>Ἐκκλη-</span> <span class='ocrx_word' id='word_1_333' title='bbox 793 2216 819 2247; x_wconf 85' lang='lat' dir='ltr'><strong>D</strong></span> 
     </span>
    </p>
   </div>
   <div class='ocr_carea' id='block_1_44' title="bbox 18 2241 778 2291">
    <p class='ocr_par' dir='ltr' id='par_1_44' title="bbox 18 2241 778 2291">
     <span class='ocr_line' id='line_1_44' title="bbox 18 2241 778 2291; baseline 0.017 -23"><span class='ocrx_word' id='word_1_334' title='bbox 18 2241 95 2291; x_wconf 45' lang='grc' dir='ltr'><strong>τῶν..)</strong></span> <span class='ocrx_word' id='word_1_335' title='bbox 110 2245 180 2291; x_wconf 56' lang='grc' dir='ltr'>Τινὲς</span> <span class='ocrx_word' id='word_1_336' title='bbox 191 2241 242 2285; x_wconf 74' lang='grc' dir='ltr'>μὲν</span> <span class='ocrx_word' id='word_1_337' title='bbox 264 2241 310 2277; x_wconf 70' lang='grc' dir='ltr'>τὸν</span> <span class='ocrx_word' id='word_1_338' title='bbox 329 2241 435 2278; x_wconf 70' lang='grc' dir='ltr'>Λουκᾶν</span> <span class='ocrx_word' id='word_1_339' title='bbox 458 2261 538 2290; x_wconf 80' lang='grc' dir='ltr'>φασι,</span> <span class='ocrx_word' id='word_1_340' title='bbox 554 2250 597 2279; x_wconf 86' lang='grc' dir='ltr'><strong>διὰ</strong></span> <span class='ocrx_word' id='word_1_341' title='bbox 612 2250 643 2280; x_wconf 79' lang='grc' dir='ltr'><strong>τὸ</strong></span> <span class='ocrx_word' id='word_1_342' title='bbox 658 2241 778 2291; x_wconf 78' lang='grc' dir='ltr'>Εὐαγγέ-</span> 
     </span>
    </p>
   </div>
   <div class='ocr_carea' id='block_1_45' title="bbox 18 2284 778 2337">
    <p class='ocr_par' dir='ltr' id='par_1_45' title="bbox 18 2284 778 2337">
     <span class='ocr_line' id='line_1_45' title="bbox 18 2284 778 2337; baseline 0.013 -22"><span class='ocrx_word' id='word_1_343' title='bbox 18 2284 56 2337; x_wconf 52' lang='grc' dir='ltr'>λισι</span> <span class='ocrx_word' id='word_1_344' title='bbox 73 2286 129 2337; x_wconf 74' lang='grc' dir='ltr'>ὅπερ</span> <span class='ocrx_word' id='word_1_345' title='bbox 153 2284 262 2332; x_wconf 76' lang='grc' dir='ltr'>ἔγραφε·</span> <span class='ocrx_word' id='word_1_346' title='bbox 276 2292 353 2337; x_wconf 15' lang='grc' dir='ltr'>,τινὲς</span> <span class='ocrx_word' id='word_1_347' title='bbox 375 2292 403 2323; x_wconf 78' lang='grc' dir='ltr'><strong>δὲ</strong></span> <span class='ocrx_word' id='word_1_348' title='bbox 415 2284 470 2322; x_wconf 45' lang='grc' dir='ltr'>τὸν,</span> <span class='ocrx_word' id='word_1_349' title='bbox 483 2284 626 2334; x_wconf 78' lang='grc' dir='ltr'>Βαρνάϐαν</span> <span class='ocrx_word' id='word_1_350' title='bbox 638 2307 645 2314; x_wconf 77' lang='grc' dir='ltr'><strong>ο</strong></span> <span class='ocrx_word' id='word_1_351' title='bbox 666 2296 712 2325; x_wconf 77' lang='grc' dir='ltr'><strong>καὶ</strong></span> <span class='ocrx_word' id='word_1_352' title='bbox 723 2284 778 2337; x_wconf 45' lang='grc' dir='ltr'><strong>ἶγιδιρ</strong></span> 
     </span>
    </p>
   </div>
   <div class='ocr_carea' id='block_1_46' title="bbox 18 2328 776 2378">
    <p class='ocr_par' dir='ltr' id='par_1_46' title="bbox 18 2328 776 2378">
     <span class='ocr_line' id='line_1_46' title="bbox 18 2328 776 2378; baseline 0.008 -13"><span class='ocrx_word' id='word_1_353' title='bbox 18 2328 96 2378; x_wconf 34' lang='lat' dir='ltr'><strong>fitfit</strong></span> <span class='ocrx_word' id='word_1_354' title='bbox 112 2328 227 2375; x_wconf 48' lang='lat' dir='ltr'><strong>ai‘fprrqiov&#39;</strong></span> <span class='ocrx_word' id='word_1_355' title='bbox 244 2336 375 2377; x_wconf 64' lang='grc' dir='ltr'>κήρυγμαξ</span> <span class='ocrx_word' id='word_1_356' title='bbox 402 2328 564 2378; x_wconf 56' lang='grc' dir='ltr'>Εὖαγγέλὶον</span> <span class='ocrx_word' id='word_1_357' title='bbox 589 2341 676 2370; x_wconf 77' lang='grc' dir='ltr'>καλεῖ.</span> 
     </span>
    </p>
   </div>
   <div class='ocr_carea' id='block_1_47' title="bbox 18 2371 776 2425">
    <p class='ocr_par' dir='ltr' id='par_1_47' title="bbox 18 2371 776 2425">
     <span class='ocr_line' id='line_1_47' title="bbox 18 2371 776 2425; baseline 0.017 -23"><span class='ocrx_word' id='word_1_358' title='bbox 18 2371 162 2425; x_wconf 42' lang='grc' dir='ltr'>Ξιῢῖιιλοχιυρεῖ</span> <span class='ocrx_word' id='word_1_359' title='bbox 189 2380 215 2410; x_wconf 76' lang='grc' dir='ltr'><strong>δὲ</strong></span> <span class='ocrx_word' id='word_1_360' title='bbox 231 2385 285 2414; x_wconf 86' lang='grc' dir='ltr'>τοῖς</span> <span class='ocrx_word' id='word_1_361' title='bbox 312 2371 454 2420; x_wconf 62' lang='grc' dir='ltr'>ἐγκωμίοις</span> <span class='ocrx_word' id='word_1_362' title='bbox 467 2371 590 2423; x_wconf 32' lang='grc' dir='ltr'>τούτου,</span> <span class='ocrx_word' id='word_1_363' title='bbox 617 2383 707 2425; x_wconf 78' lang='grc' dir='ltr'>ὥσπερ</span> <span class='ocrx_word' id='word_1_364' title='bbox 729 2389 776 2416; x_wconf 78' lang='grc' dir='ltr'><strong>τοῦ</strong></span> 
     </span>
    </p>
   </div>
   <div class='ocr_carea' id='block_1_48' title="bbox 18 2415 776 2468">
    <p class='ocr_par' dir='ltr' id='par_1_48' title="bbox 18 2415 776 2468">
     <span class='ocr_line' id='line_1_48' title="bbox 18 2415 776 2468; baseline 0.022 -25"><span class='ocrx_word' id='word_1_365' title='bbox 18 2415 94 2468; x_wconf 55' lang='grc' dir='ltr'>Τίτον,</span> <span class='ocrx_word' id='word_1_366' title='bbox 107 2421 164 2457; x_wconf 81' lang='grc' dir='ltr'>ἴσως</span> <span class='ocrx_word' id='word_1_367' title='bbox 178 2425 241 2455; x_wconf 84' lang='grc' dir='ltr'>διότι</span> <span class='ocrx_word' id='word_1_368' title='bbox 255 2415 374 2465; x_wconf 57' lang='grc' dir='ltr'>ἠγνοεῖτο</span> <span class='ocrx_word' id='word_1_369' title='bbox 386 2415 451 2460; x_wconf 40' lang='grc' dir='ltr'>’τοῖς</span> <span class='ocrx_word' id='word_1_370' title='bbox 465 2415 626 2468; x_wconf 74' lang='grc' dir='ltr'>Κορινθίοις,</span> <span class='ocrx_word' id='word_1_371' title='bbox 642 2431 657 2459; x_wconf 88' lang='lat'><strong>6</strong></span> <span class='ocrx_word' id='word_1_372' title='bbox 677 2415 705 2459; x_wconf 54' lang='lat' dir='ltr'><strong>Si</strong></span> <span class='ocrx_word' id='word_1_373' title='bbox 725 2431 776 2461; x_wconf 76' lang='lat' dir='ltr'><strong>Ti~</strong></span> 
     </span>
    </p>
   </div>
   <div class='ocr_carea' id='block_1_49' title="bbox 18 2463 776 2516">
    <p class='ocr_par' dir='ltr' id='par_1_49' title="bbox 18 2463 776 2516">
     <span class='ocr_line' id='line_1_49' title="bbox 18 2463 776 2516; baseline 0.009 -19"><span class='ocrx_word' id='word_1_374' title='bbox 18 2463 169 2516; x_wconf 32' lang='lat' dir='ltr'><strong>24}thch</strong></span> <span class='ocrx_word' id='word_1_375' title='bbox 190 2463 295 2504; x_wconf 73' lang='grc' dir='ltr'>ἱκανῶς.</span> <span class='ocrx_word' id='word_1_376' title='bbox 322 2470 399 2516; x_wconf 76' lang='grc' dir='ltr'>Πλὴν</span> <span class='ocrx_word' id='word_1_377' title='bbox 426 2472 472 2501; x_wconf 75' lang='grc' dir='ltr'>καὶ</span> <span class='ocrx_word' id='word_1_378' title='bbox 497 2463 580 2506; x_wconf 72' lang='grc' dir='ltr'>οὕτως</span> <span class='ocrx_word' id='word_1_379' title='bbox 594 2463 683 2504; x_wconf 64' lang='grc' dir='ltr'>ἱχάνὸν</span> <span class='ocrx_word' id='word_1_380' title='bbox 704 2476 776 2516; x_wconf 84' lang='grc' dir='ltr'>αὖτῷ</span> 
     </span>
    </p>
   </div>
   <div class='ocr_carea' id='block_1_50' title="bbox 18 2505 776 2559">
    <p class='ocr_par' dir='ltr' id='par_1_50' title="bbox 18 2505 776 2559">
     <span class='ocr_line' id='line_1_50' title="bbox 18 2505 776 2559; baseline 0.022 -27"><span class='ocrx_word' id='word_1_381' title='bbox 18 2505 228 2559; x_wconf 61' lang='grc' dir='ltr'>πλέκειίγκώμιον.</span> <span class='ocrx_word' id='word_1_382' title='bbox 245 2516 286 2545; x_wconf 79' lang='grc' dir='ltr'>Οὐ</span> <span class='ocrx_word' id='word_1_383' title='bbox 301 2514 353 2555; x_wconf 78' lang='grc' dir='ltr'><strong>γὰρ</strong></span> <span class='ocrx_word' id='word_1_384' title='bbox 373 2505 483 2553; x_wconf 57' lang='grc' dir='ltr'>ἅπλῶς,</span> <span class='ocrx_word' id='word_1_385' title='bbox 499 2505 596 2558; x_wconf 80' lang='grc' dir='ltr'>φησὶν,</span> <span class='ocrx_word' id='word_1_386' title='bbox 613 2506 776 2559; x_wconf 61' lang='grc' dir='ltr'>Εὖαγγέλιον</span> 
     </span>
    </p>
   </div>
   <div class='ocr_carea' id='block_1_51' title="bbox 18 2558 777 2604">
    <p class='ocr_par' dir='ltr' id='par_1_51' title="bbox 18 2558 777 2604">
     <span class='ocr_line' id='line_1_51' title="bbox 18 2558 777 2604; baseline 0.012 -19"><span class='ocrx_word' id='word_1_387' title='bbox 145 2559 209 2588; x_wconf 80' lang='grc' dir='ltr'>ἀλλὰ</span> <span class='ocrx_word' id='word_1_388' title='bbox 223 2560 268 2589; x_wconf 77' lang='grc' dir='ltr'>καὶ</span> <span class='ocrx_word' id='word_1_389' title='bbox 278 2561 441 2590; x_wconf 76' lang='grc' dir='ltr'>ἐπαινεῖται·</span> <span class='ocrx_word' id='word_1_390' title='bbox 456 2563 505 2602; x_wconf 81' lang='grc' dir='ltr'><strong>οὐχ</strong></span> <span class='ocrx_word' id='word_1_391' title='bbox 520 2563 572 2592; x_wconf 77' lang='grc' dir='ltr'>ὑπὸ</span> <span class='ocrx_word' id='word_1_392' title='bbox 585 2562 631 2593; x_wconf 84' lang='grc' dir='ltr'>δύο</span> <span class='ocrx_word' id='word_1_393' title='bbox 645 2563 663 2600; x_wconf 84' lang='grc' dir='ltr'>ἢ</span> <span class='ocrx_word' id='word_1_394' title='bbox 681 2558 760 2604; x_wconf 74' lang='grc' dir='ltr'>τριῶν</span> <span class='ocrx_word' id='word_1_395' title='bbox 769 2588 777 2602; x_wconf 87' lang='grc'><strong>,</strong></span> 
     </span>
    </p>
   </div>
   <div class='ocr_carea' id='block_1_52' title="bbox 19 2593 476 2642">
    <p class='ocr_par' dir='ltr' id='par_1_52' title="bbox 19 2593 476 2642">
     <span class='ocr_line' id='line_1_52' title="bbox 19 2593 476 2642; baseline 0.031 -20"><span class='ocrx_word' id='word_1_396' title='bbox 19 2593 63 2622; x_wconf 78' lang='grc' dir='ltr'>ἀλλ’</span> <span class='ocrx_word' id='word_1_397' title='bbox 75 2597 118 2628; x_wconf 76' lang='grc' dir='ltr'><strong>ὑπὸ</strong></span> <span class='ocrx_word' id='word_1_398' title='bbox 127 2605 213 2632; x_wconf 78' lang='grc' dir='ltr'>πασῶν</span> <span class='ocrx_word' id='word_1_399' title='bbox 224 2606 276 2634; x_wconf 80' lang='grc' dir='ltr'><strong>τῶν</strong></span> <span class='ocrx_word' id='word_1_400' title='bbox 293 2604 476 2642; x_wconf 67' lang='grc' dir='ltr'>Ἰίκχλησιῶν.</span> 
     </span>
    </p>
   </div>
   <div class='ocr_carea' id='block_1_53' title="bbox 50 2681 775 2732">
    <p class='ocr_par' dir='ltr' id='par_1_53' title="bbox 50 2681 775 2732">
     <span class='ocr_line' id='line_1_53' title="bbox 50 2681 775 2732; baseline 0.012 -17"><span class='ocrx_word' id='word_1_401' title='bbox 50 2691 59 2704; x_wconf 85' lang='lat'><strong>&#39;</strong></span> <span class='ocrx_word' id='word_1_402' title='bbox 70 2681 103 2710; x_wconf 77' lang='grc' dir='ltr'><strong>οὗ</strong></span> <span class='ocrx_word' id='word_1_403' title='bbox 123 2685 194 2723; x_wconf 79' lang='grc' dir='ltr'>μόνον</span> <span class='ocrx_word' id='word_1_404' title='bbox 213 2689 254 2727; x_wconf 81' lang='grc' dir='ltr'>δὲ,</span> <span class='ocrx_word' id='word_1_405' title='bbox 270 2690 338 2720; x_wconf 69' lang='grc' dir='ltr'>ἀλλὰ</span> <span class='ocrx_word' id='word_1_406' title='bbox 363 2691 409 2720; x_wconf 79' lang='grc' dir='ltr'>καὶ</span> <span class='ocrx_word' id='word_1_407' title='bbox 431 2692 622 2732; x_wconf 79' lang='grc' dir='ltr'>χειροτονηθεὶς</span> <span class='ocrx_word' id='word_1_408' title='bbox 646 2694 697 2723; x_wconf 83' lang='grc' dir='ltr'>ὑπὸ</span> <span class='ocrx_word' id='word_1_409' title='bbox 723 2696 775 2724; x_wconf 77' lang='grc' dir='ltr'><strong>τῶν</strong></span> 
     </span>
    </p>
   </div>
   <div class='ocr_carea' id='block_1_54' title="bbox 447 175 1237 205">
    <p class='ocr_par' dir='ltr' id='par_1_54' title="bbox 447 175 1237 205">
     <span class='ocr_line' id='line_1_54' title="bbox 447 175 1237 205; baseline -0.001 0"><span class='ocrx_word' id='word_1_410' title='bbox 447 175 622 205; x_wconf 81' lang='lat' dir='ltr'><strong>EXPOSITIO</strong></span> <span class='ocrx_word' id='word_1_411' title='bbox 642 176 674 204; x_wconf 85' lang='lat' dir='ltr'><strong>IN</strong></span> <span class='ocrx_word' id='word_1_412' title='bbox 695 176 796 204; x_wconf 80' lang='lat' dir='ltr'><strong>EPIST.</strong></span> <span class='ocrx_word' id='word_1_413' title='bbox 818 176 839 204; x_wconf 91' lang='lat' dir='ltr'><strong>ll</strong></span> <span class='ocrx_word' id='word_1_414' title='bbox 857 176 903 203; x_wconf 83' lang='lat' dir='ltr'><strong>AD</strong></span> <span class='ocrx_word' id='word_1_415' title='bbox 923 175 1001 204; x_wconf 83' lang='lat' dir='ltr'><strong>COR.</strong></span> <span class='ocrx_word' id='word_1_416' title='bbox 1022 190 1056 196; x_wconf 97' lang='lat'><strong>—</strong></span> <span class='ocrx_word' id='word_1_417' title='bbox 1075 176 1148 204; x_wconf 84' lang='lat' dir='ltr'><strong>CAP.</strong></span> <span class='ocrx_word' id='word_1_418' title='bbox 1172 177 1237 204; x_wconf 84' lang='lat' dir='ltr'><strong>VII].</strong></span> 
     </span>
    </p>
   </div>
   <div class='ocr_carea' id='block_1_55' title="bbox 1597 181 1648 207">
    <p class='ocr_par' dir='ltr' id='par_1_55' title="bbox 1597 181 1648 207">
     <span class='ocr_line' id='line_1_55' title="bbox 1597 181 1648 207; baseline -0.02 0"><span class='ocrx_word' id='word_1_419' title='bbox 1597 181 1648 207; x_wconf 86' lang='lat'><strong>886</strong></span> 
     </span>
    </p>
   </div>
   <div class='ocr_carea' id='block_1_56' title="bbox 853 238 1647 279">
    <p class='ocr_par' dir='ltr' id='par_1_56' title="bbox 853 238 1647 279">
     <span class='ocr_line' id='line_1_56' title="bbox 853 238 1647 279; baseline 0.006 -13"><span class='ocrx_word' id='word_1_420' title='bbox 853 238 996 274; x_wconf 65' lang='lat' dir='ltr'><strong>aequalitas</strong></span> <span class='ocrx_word' id='word_1_421' title='bbox 1014 238 1087 266; x_wconf 88' lang='lat' dir='ltr'><strong>dicta</strong></span> <span class='ocrx_word' id='word_1_422' title='bbox 1106 243 1159 273; x_wconf 90' lang='lat' dir='ltr'><strong>est,</strong></span> <span class='ocrx_word' id='word_1_423' title='bbox 1188 246 1283 267; x_wconf 86' lang='lat' dir='ltr'><strong>verum</strong></span> <span class='ocrx_word' id='word_1_424' title='bbox 1307 242 1443 276; x_wconf 79' lang='lat' dir='ltr'><strong>quatenus</strong></span> <span class='ocrx_word' id='word_1_425' title='bbox 1465 249 1498 269; x_wconf 87' lang='lat' dir='ltr'><strong>ex</strong></span> <span class='ocrx_word' id='word_1_426' title='bbox 1533 249 1565 270; x_wconf 90' lang='lat' dir='ltr'><strong>eo</strong></span> <span class='ocrx_word' id='word_1_427' title='bbox 1589 250 1647 279; x_wconf 80' lang='lat' dir='ltr'><strong>quo</strong></span> 
     </span>
    </p>
   </div>
   <div class='ocr_carea' id='block_1_57' title="bbox 854 282 1644 321">
    <p class='ocr_par' dir='ltr' id='par_1_57' title="bbox 854 282 1644 321">
     <span class='ocr_line' id='line_1_57' title="bbox 854 282 1644 321; baseline 0.005 -11"><span class='ocrx_word' id='word_1_428' title='bbox 854 283 1010 317; x_wconf 85' lang='lat' dir='ltr'><strong>abundatis,</strong></span> <span class='ocrx_word' id='word_1_429' title='bbox 1028 282 1100 311; x_wconf 82' lang='lat' dir='ltr'><strong>datis</strong></span> <span class='ocrx_word' id='word_1_430' title='bbox 1115 291 1181 318; x_wconf 86' lang='lat' dir='ltr'><strong>vos;</strong></span> <span class='ocrx_word' id='word_1_431' title='bbox 1197 291 1228 311; x_wconf 84' lang='lat' dir='ltr'><strong>ac</strong></span> <span class='ocrx_word' id='word_1_432' title='bbox 1243 288 1350 317; x_wconf 85' lang='lat' dir='ltr'><strong>contra,</strong></span> <span class='ocrx_word' id='word_1_433' title='bbox 1363 292 1419 320; x_wconf 88' lang='lat' dir='ltr'><strong>quo</strong></span> <span class='ocrx_word' id='word_1_434' title='bbox 1434 284 1473 312; x_wconf 91' lang='lat' dir='ltr'><strong>illi</strong></span> <span class='ocrx_word' id='word_1_435' title='bbox 1485 286 1644 321; x_wconf 83' lang='lat' dir='ltr'><strong>exuberant,</strong></span> 
     </span>
    </p>
   </div>
   <div class='ocr_carea' id='block_1_58' title="bbox 854 327 1646 366">
    <p class='ocr_par' dir='ltr' id='par_1_58' title="bbox 854 327 1646 366">
     <span class='ocr_line' id='line_1_58' title="bbox 854 327 1646 366; baseline 0.005 -12"><span class='ocrx_word' id='word_1_436' title='bbox 854 327 932 355; x_wconf 86' lang='lat' dir='ltr'><strong>vobis</strong></span> <span class='ocrx_word' id='word_1_437' title='bbox 946 327 1151 356; x_wconf 88' lang='lat' dir='ltr'><strong>communicant</strong></span> <span class='ocrx_word' id='word_1_438' title='bbox 1173 337 1179 355; x_wconf 90' lang='lat'><em>:</em></span> <span class='ocrx_word' id='word_1_439' title='bbox 1194 336 1226 356; x_wconf 86' lang='lat' dir='ltr'><strong>ac</strong></span> <span class='ocrx_word' id='word_1_440' title='bbox 1241 328 1341 356; x_wconf 78' lang='lat' dir='ltr'><strong>iterum</strong></span> <span class='ocrx_word' id='word_1_441' title='bbox 1356 337 1411 364; x_wconf 89' lang='lat' dir='ltr'><strong>quo</strong></span> <span class='ocrx_word' id='word_1_442' title='bbox 1437 337 1486 357; x_wconf 90' lang='lat' dir='ltr'><strong>vos</strong></span> <span class='ocrx_word' id='word_1_443' title='bbox 1508 330 1646 366; x_wconf 77' lang='lat' dir='ltr'><strong>indigetis,</strong></span> 
     </span>
    </p>
   </div>
   <div class='ocr_carea' id='block_1_59' title="bbox 852 372 1649 409">
    <p class='ocr_par' dir='ltr' id='par_1_59' title="bbox 852 372 1649 409">
     <span class='ocr_line' id='line_1_59' title="bbox 852 372 1649 409; baseline 0.004 -9"><span class='ocrx_word' id='word_1_444' title='bbox 852 372 886 400; x_wconf 90' lang='lat' dir='ltr'><strong>ab</strong></span> <span class='ocrx_word' id='word_1_445' title='bbox 909 372 962 400; x_wconf 86' lang='lat' dir='ltr'><strong>illis</strong></span> <span class='ocrx_word' id='word_1_446' title='bbox 985 373 1119 408; x_wconf 75' lang='lat' dir='ltr'><strong>accipitis;</strong></span> <span class='ocrx_word' id='word_1_447' title='bbox 1135 377 1162 400; x_wconf 83' lang='lat' dir='ltr'><strong>et</strong></span> <span class='ocrx_word' id='word_1_448' title='bbox 1176 373 1214 401; x_wconf 89' lang='lat' dir='ltr'><strong>illi</strong></span> <span class='ocrx_word' id='word_1_449' title='bbox 1237 381 1291 409; x_wconf 90' lang='lat' dir='ltr'><strong>quo</strong></span> <span class='ocrx_word' id='word_1_450' title='bbox 1315 381 1384 408; x_wconf 86' lang='lat' dir='ltr'><strong>opus</strong></span> <span class='ocrx_word' id='word_1_451' title='bbox 1399 374 1514 406; x_wconf 78' lang='lat' dir='ltr'><strong>habent.</strong></span> <span class='ocrx_word' id='word_1_452' title='bbox 1534 383 1549 402; x_wconf 79' lang='grc' dir='ltr'><strong>ο</strong></span> <span class='ocrx_word' id='word_1_453' title='bbox 1571 375 1649 404; x_wconf 86' lang='lat' dir='ltr'><strong>vobis</strong></span> 
     </span>
    </p>
   </div>
   <div class='ocr_carea' id='block_1_60' title="bbox 852 417 1648 456">
    <p class='ocr_par' dir='ltr' id='par_1_60' title="bbox 852 417 1648 456">
     <span class='ocr_line' id='line_1_60' title="bbox 852 417 1648 456; baseline 0.005 -12"><span class='ocrx_word' id='word_1_454' title='bbox 852 417 990 453; x_wconf 83' lang='lat' dir='ltr'><strong>accipiunt</strong></span> <span class='ocrx_word' id='word_1_455' title='bbox 1005 428 1011 446; x_wconf 92' lang='lat'>:</span> <span class='ocrx_word' id='word_1_456' title='bbox 1036 418 1186 446; x_wconf 88' lang='lat' dir='ltr'><strong>secundum</strong></span> <span class='ocrx_word' id='word_1_457' title='bbox 1202 417 1256 446; x_wconf 90' lang='lat' dir='ltr'><strong>hoc</strong></span> <span class='ocrx_word' id='word_1_458' title='bbox 1281 423 1322 446; x_wconf 85' lang='lat' dir='ltr'><strong>est</strong></span> <span class='ocrx_word' id='word_1_459' title='bbox 1341 418 1492 454; x_wconf 60' lang='lat' dir='ltr'><strong>aequalitas.</strong></span> <span class='ocrx_word' id='word_1_460' title='bbox 1507 420 1648 456; x_wconf 79' lang='lat' dir='ltr'><strong>Praecipue</strong></span> 
     </span>
    </p>
   </div>
   <div class='ocr_carea' id='block_1_61' title="bbox 851 462 1648 499">
    <p class='ocr_par' dir='ltr' id='par_1_61' title="bbox 851 462 1648 499">
     <span class='ocr_line' id='line_1_61' title="bbox 851 462 1648 499; baseline 0.003 -9"><span class='ocrx_word' id='word_1_461' title='bbox 851 467 943 490; x_wconf 91' lang='lat' dir='ltr'><strong>autem</strong></span> <span class='ocrx_word' id='word_1_462' title='bbox 971 462 1001 490; x_wconf 94' lang='lat' dir='ltr'><strong>in</strong></span> <span class='ocrx_word' id='word_1_463' title='bbox 1024 464 1164 498; x_wconf 78' lang='lat' dir='ltr'><strong>praesenti,</strong></span> <span class='ocrx_word' id='word_1_464' title='bbox 1186 463 1286 499; x_wconf 84' lang='lat' dir='ltr'><strong>inquit,</strong></span> <span class='ocrx_word' id='word_1_465' title='bbox 1300 467 1341 491; x_wconf 88' lang='lat' dir='ltr'><strong>est</strong></span> <span class='ocrx_word' id='word_1_466' title='bbox 1359 463 1501 499; x_wconf 67' lang='lat' dir='ltr'><strong>inqualitas</strong></span> <span class='ocrx_word' id='word_1_467' title='bbox 1521 463 1593 492; x_wconf 88' lang='lat' dir='ltr'><strong>ista:</strong></span> <span class='ocrx_word' id='word_1_468' title='bbox 1620 465 1648 492; x_wconf 93' lang='lat' dir='ltr'><strong>in</strong></span> 
     </span>
    </p>
   </div>
   <div class='ocr_carea' id='block_1_62' title="bbox 851 506 1648 544">
    <p class='ocr_par' dir='ltr' id='par_1_62' title="bbox 851 506 1648 544">
     <span class='ocr_line' id='line_1_62' title="bbox 851 506 1648 544; baseline 0.004 -10"><span class='ocrx_word' id='word_1_469' title='bbox 851 506 945 535; x_wconf 79' lang='lat' dir='ltr'><strong>futuro</strong></span> <span class='ocrx_word' id='word_1_470' title='bbox 965 511 1058 534; x_wconf 87' lang='lat' dir='ltr'><strong>autem</strong></span> <span class='ocrx_word' id='word_1_471' title='bbox 1075 507 1226 543; x_wconf 81' lang='lat' dir='ltr'><strong>plurimum</strong></span> <span class='ocrx_word' id='word_1_472' title='bbox 1247 508 1385 535; x_wconf 80' lang='lat' dir='ltr'><strong>excellunt</strong></span> <span class='ocrx_word' id='word_1_473' title='bbox 1398 516 1430 536; x_wconf 89' lang='lat' dir='ltr'><strong>ea</strong></span> <span class='ocrx_word' id='word_1_474' title='bbox 1454 516 1517 544; x_wconf 66' lang='lat' dir='ltr'><strong>qua:</strong></span> <span class='ocrx_word' id='word_1_475' title='bbox 1531 508 1582 544; x_wconf 88' lang='lat' dir='ltr'><strong>ipsi</strong></span> <span class='ocrx_word' id='word_1_476' title='bbox 1600 508 1648 537; x_wconf 79' lang='lat' dir='ltr'><strong>do-</strong></span> 
     </span>
    </p>
   </div>
   <div class='ocr_carea' id='block_1_63' title="bbox 851 551 1645 589">
    <p class='ocr_par' dir='ltr' id='par_1_63' title="bbox 851 551 1645 589">
     <span class='ocr_line' id='line_1_63' title="bbox 851 551 1645 589; baseline 0.004 -11"><span class='ocrx_word' id='word_1_477' title='bbox 851 555 926 579; x_wconf 88' lang='lat' dir='ltr'><strong>nant.</strong></span> <span class='ocrx_word' id='word_1_478' title='bbox 942 551 1062 580; x_wconf 86' lang='lat' dir='ltr'><strong>Proinde</strong></span> <span class='ocrx_word' id='word_1_479' title='bbox 1084 551 1239 580; x_wconf 73' lang='lat' dir='ltr'><strong>submittite</strong></span> <span class='ocrx_word' id='word_1_480' title='bbox 1259 560 1323 586; x_wconf 90' lang='lat' dir='ltr'><strong>vos,</strong></span> <span class='ocrx_word' id='word_1_481' title='bbox 1347 553 1485 588; x_wconf 82' lang='lat' dir='ltr'><strong>opulenti,</strong></span> <span class='ocrx_word' id='word_1_482' title='bbox 1506 553 1645 589; x_wconf 83' lang='lat' dir='ltr'><strong>siquidem</strong></span> 
     </span>
    </p>
   </div>
   <div class='ocr_carea' id='block_1_64' title="bbox 851 596 1646 633">
    <p class='ocr_par' dir='ltr' id='par_1_64' title="bbox 851 596 1646 633">
     <span class='ocr_line' id='line_1_64' title="bbox 851 596 1646 633; baseline 0.003 -9"><span class='ocrx_word' id='word_1_483' title='bbox 851 596 878 624; x_wconf 90' lang='lat' dir='ltr'><strong>in</strong></span> <span class='ocrx_word' id='word_1_484' title='bbox 904 596 985 624; x_wconf 85' lang='lat' dir='ltr'><strong>rebus</strong></span> <span class='ocrx_word' id='word_1_485' title='bbox 998 596 1141 624; x_wconf 85' lang='lat' dir='ltr'><strong>stabilibus</strong></span> <span class='ocrx_word' id='word_1_486' title='bbox 1163 605 1212 625; x_wconf 87' lang='lat' dir='ltr'><strong>vos</strong></span> <span class='ocrx_word' id='word_1_487' title='bbox 1227 605 1361 633; x_wconf 83' lang='lat' dir='ltr'><strong>pauperes</strong></span> <span class='ocrx_word' id='word_1_488' title='bbox 1381 597 1557 625; x_wconf 80' lang='lat' dir='ltr'><strong>antecellunt.</strong></span> <span class='ocrx_word' id='word_1_489' title='bbox 1577 600 1646 626; x_wconf 89' lang='lat' dir='ltr'><strong>Pro-</strong></span> 
     </span>
    </p>
   </div>
   <div class='ocr_carea' id='block_1_65' title="bbox 849 641 1645 679">
    <p class='ocr_par' dir='ltr' id='par_1_65' title="bbox 849 641 1645 679">
     <span class='ocr_line' id='line_1_65' title="bbox 849 641 1645 679; baseline 0.003 -10"><span class='ocrx_word' id='word_1_490' title='bbox 849 641 926 669; x_wconf 86' lang='lat' dir='ltr'><strong>ducit</strong></span> <span class='ocrx_word' id='word_1_491' title='bbox 944 645 1040 669; x_wconf 86' lang='lat' dir='ltr'><strong>autem</strong></span> <span class='ocrx_word' id='word_1_492' title='bbox 1054 641 1081 670; x_wconf 91' lang='lat' dir='ltr'><strong>id</strong></span> <span class='ocrx_word' id='word_1_493' title='bbox 1107 641 1182 677; x_wconf 88' lang='lat' dir='ltr'><strong>quod</strong></span> <span class='ocrx_word' id='word_1_494' title='bbox 1194 642 1229 670; x_wconf 92' lang='lat' dir='ltr'><strong>de</strong></span> <span class='ocrx_word' id='word_1_495' title='bbox 1243 650 1345 670; x_wconf 86' lang='lat' dir='ltr'><strong>manna</strong></span> <span class='ocrx_word' id='word_1_496' title='bbox 1361 641 1464 670; x_wconf 86' lang='lat' dir='ltr'><strong>factum</strong></span> <span class='ocrx_word' id='word_1_497' title='bbox 1477 647 1528 675; x_wconf 82' lang='lat' dir='ltr'><strong>est,</strong></span> <span class='ocrx_word' id='word_1_498' title='bbox 1546 643 1645 679; x_wconf 84' lang='lat' dir='ltr'><strong>partim</strong></span> 
     </span>
    </p>
   </div>
   <div class='ocr_carea' id='block_1_66' title="bbox 850 686 1648 723">
    <p class='ocr_par' dir='ltr' id='par_1_66' title="bbox 850 686 1648 723">
     <span class='ocr_line' id='line_1_66' title="bbox 850 686 1648 723; baseline 0.004 -10"><span class='ocrx_word' id='word_1_499' title='bbox 850 690 880 713; x_wconf 90' lang='lat' dir='ltr'><strong>ut</strong></span> <span class='ocrx_word' id='word_1_500' title='bbox 900 686 1000 714; x_wconf 88' lang='lat' dir='ltr'><strong>indicet</strong></span> <span class='ocrx_word' id='word_1_501' title='bbox 1010 687 1151 722; x_wconf 93' lang='lat' dir='ltr'><strong>quomodo</strong></span> <span class='ocrx_word' id='word_1_502' title='bbox 1173 687 1202 714; x_wconf 82' lang='lat' dir='ltr'><strong>ﬁt</strong></span> <span class='ocrx_word' id='word_1_503' title='bbox 1220 687 1374 723; x_wconf 68' lang='lat' dir='ltr'><strong>aequalitas;</strong></span> <span class='ocrx_word' id='word_1_504' title='bbox 1391 687 1503 723; x_wconf 85' lang='lat' dir='ltr'><strong>quando</strong></span> <span class='ocrx_word' id='word_1_505' title='bbox 1523 687 1648 716; x_wconf 89' lang='lat' dir='ltr'><strong>videlicet</strong></span> 
     </span>
    </p>
   </div>
   <div class='ocr_carea' id='block_1_67' title="bbox 850 731 1645 768">
    <p class='ocr_par' dir='ltr' id='par_1_67' title="bbox 850 731 1645 768">
     <span class='ocr_line' id='line_1_67' title="bbox 850 731 1645 768; baseline 0.004 -10"><span class='ocrx_word' id='word_1_506' title='bbox 850 731 924 759; x_wconf 87' lang='lat' dir='ltr'><strong>dives</strong></span> <span class='ocrx_word' id='word_1_507' title='bbox 948 731 995 767; x_wconf 90' lang='lat' dir='ltr'><strong>qui</strong></span> <span class='ocrx_word' id='word_1_508' title='bbox 1017 732 1138 759; x_wconf 89' lang='lat' dir='ltr'><strong>multum</strong></span> <span class='ocrx_word' id='word_1_509' title='bbox 1153 731 1244 766; x_wconf 80' lang='lat' dir='ltr'><strong>habet,</strong></span> <span class='ocrx_word' id='word_1_510' title='bbox 1267 732 1288 759; x_wconf 91' lang='lat' dir='ltr'><strong>si</strong></span> <span class='ocrx_word' id='word_1_511' title='bbox 1310 731 1416 760; x_wconf 81' lang='lat' dir='ltr'><strong>dederit</strong></span> <span class='ocrx_word' id='word_1_512' title='bbox 1434 731 1511 768; x_wconf 90' lang='lat' dir='ltr'><strong>quod</strong></span> <span class='ocrx_word' id='word_1_513' title='bbox 1534 732 1584 761; x_wconf 89' lang='lat' dir='ltr'><strong>sibi</strong></span> <span class='ocrx_word' id='word_1_514' title='bbox 1598 741 1645 761; x_wconf 85' lang='lat' dir='ltr'><strong>su-</strong></span> 
     </span>
    </p>
   </div>
   <div class='ocr_carea' id='block_1_68' title="bbox 848 775 1645 813">
    <p class='ocr_par' dir='ltr' id='par_1_68' title="bbox 848 775 1645 813">
     <span class='ocr_line' id='line_1_68' title="bbox 848 775 1645 813; baseline 0.001 -10"><span class='ocrx_word' id='word_1_515' title='bbox 848 775 969 812; x_wconf 83' lang='lat' dir='ltr'><strong>perﬂuit,</strong></span> <span class='ocrx_word' id='word_1_516' title='bbox 992 776 1015 804; x_wconf 88' lang='lat' dir='ltr'><strong>ei</strong></span> <span class='ocrx_word' id='word_1_517' title='bbox 1044 776 1087 803; x_wconf 93' lang='lat' dir='ltr'><strong>cui</strong></span> <span class='ocrx_word' id='word_1_518' title='bbox 1112 784 1209 812; x_wconf 80' lang='lat' dir='ltr'><strong>parum</strong></span> <span class='ocrx_word' id='word_1_519' title='bbox 1237 781 1288 810; x_wconf 86' lang='lat' dir='ltr'><strong>est,</strong></span> <span class='ocrx_word' id='word_1_520' title='bbox 1312 785 1400 813; x_wconf 88' lang='lat' dir='ltr'><strong>neque</strong></span> <span class='ocrx_word' id='word_1_521' title='bbox 1424 777 1483 813; x_wconf 88' lang='lat' dir='ltr'><strong>ipse</strong></span> <span class='ocrx_word' id='word_1_522' title='bbox 1507 777 1645 810; x_wconf 81' lang='lat' dir='ltr'><strong>abundat,</strong></span> 
     </span>
    </p>
   </div>
   <div class='ocr_carea' id='block_1_69' title="bbox 849 820 1645 857">
    <p class='ocr_par' dir='ltr' id='par_1_69' title="bbox 849 820 1645 857">
     <span class='ocr_line' id='line_1_69' title="bbox 849 820 1645 857; baseline 0.003 -10"><span class='ocrx_word' id='word_1_523' title='bbox 849 825 932 856; x_wconf 88' lang='lat' dir='ltr'><strong>atque</strong></span> <span class='ocrx_word' id='word_1_524' title='bbox 952 820 975 847; x_wconf 89' lang='lat' dir='ltr'><strong>is</strong></span> <span class='ocrx_word' id='word_1_525' title='bbox 988 820 1030 848; x_wconf 90' lang='lat' dir='ltr'><strong>cui</strong></span> <span class='ocrx_word' id='word_1_526' title='bbox 1041 828 1140 856; x_wconf 90' lang='lat' dir='ltr'><strong>parum</strong></span> <span class='ocrx_word' id='word_1_527' title='bbox 1151 825 1202 854; x_wconf 84' lang='lat' dir='ltr'><strong>est,</strong></span> <span class='ocrx_word' id='word_1_528' title='bbox 1218 829 1275 848; x_wconf 92' lang='lat' dir='ltr'><strong>non</strong></span> <span class='ocrx_word' id='word_1_529' title='bbox 1285 820 1389 855; x_wconf 85' lang='lat' dir='ltr'><strong>deﬁcit,</strong></span> <span class='ocrx_word' id='word_1_530' title='bbox 1405 829 1438 849; x_wconf 94' lang='lat' dir='ltr'><strong>eo</strong></span> <span class='ocrx_word' id='word_1_531' title='bbox 1457 821 1531 857; x_wconf 88' lang='lat' dir='ltr'><strong>quod</strong></span> <span class='ocrx_word' id='word_1_532' title='bbox 1546 822 1580 849; x_wconf 88' lang='lat' dir='ltr'><strong>ab</strong></span> <span class='ocrx_word' id='word_1_533' title='bbox 1600 822 1645 849; x_wconf 89' lang='lat' dir='ltr'><strong>illo</strong></span> 
     </span>
    </p>
   </div>
   <div class='ocr_carea' id='block_1_70' title="bbox 850 864 1644 903">
    <p class='ocr_par' dir='ltr' id='par_1_70' title="bbox 850 864 1644 903">
     <span class='ocr_line' id='line_1_70' title="bbox 850 864 1644 903; baseline 0.003 -11"><span class='ocrx_word' id='word_1_534' title='bbox 850 864 995 901; x_wconf 86' lang='lat' dir='ltr'><strong>acceperit.</strong></span> <span class='ocrx_word' id='word_1_535' title='bbox 1009 866 1050 892; x_wconf 79' lang='lat' dir='ltr'><strong>Ac</strong></span> <span class='ocrx_word' id='word_1_536' title='bbox 1063 873 1157 893; x_wconf 86' lang='lat' dir='ltr'><strong>rursus</strong></span> <span class='ocrx_word' id='word_1_537' title='bbox 1174 865 1248 893; x_wconf 89' lang='lat' dir='ltr'><strong>idem</strong></span> <span class='ocrx_word' id='word_1_538' title='bbox 1263 865 1293 893; x_wconf 85' lang='lat' dir='ltr'><strong>lit</strong></span> <span class='ocrx_word' id='word_1_539' title='bbox 1309 866 1337 893; x_wconf 91' lang='lat' dir='ltr'><strong>in</strong></span> <span class='ocrx_word' id='word_1_540' title='bbox 1354 865 1452 894; x_wconf 84' lang='lat' dir='ltr'><strong>ﬁducia</strong></span> <span class='ocrx_word' id='word_1_541' title='bbox 1466 874 1530 903; x_wconf 80' lang='lat' dir='ltr'><strong>erga</strong></span> <span class='ocrx_word' id='word_1_542' title='bbox 1542 868 1644 894; x_wconf 91' lang='lat' dir='ltr'><strong>Deum.</strong></span> 
     </span>
    </p>
   </div>
   <div class='ocr_carea' id='block_1_71' title="bbox 849 910 1646 946">
    <p class='ocr_par' dir='ltr' id='par_1_71' title="bbox 849 910 1646 946">
     <span class='ocr_line' id='line_1_71' title="bbox 849 910 1646 946; baseline 0 -8"><span class='ocrx_word' id='word_1_543' title='bbox 849 910 934 938; x_wconf 89' lang='lat' dir='ltr'><strong>Simul</strong></span> <span class='ocrx_word' id='word_1_544' title='bbox 959 917 1022 937; x_wconf 90' lang='lat' dir='ltr'><strong>vero</strong></span> <span class='ocrx_word' id='word_1_545' title='bbox 1038 910 1126 945; x_wconf 80' lang='lat' dir='ltr'><strong>majus</strong></span> <span class='ocrx_word' id='word_1_546' title='bbox 1140 910 1225 938; x_wconf 83' lang='lat' dir='ltr'><strong>etiam</strong></span> <span class='ocrx_word' id='word_1_547' title='bbox 1240 910 1344 946; x_wconf 91' lang='lat' dir='ltr'><strong>aliquid</strong></span> <span class='ocrx_word' id='word_1_548' title='bbox 1366 911 1482 946; x_wconf 81' lang='lat' dir='ltr'><strong>perﬁcit,</strong></span> <span class='ocrx_word' id='word_1_549' title='bbox 1500 910 1536 938; x_wconf 90' lang='lat' dir='ltr'><strong>ob</strong></span> <span class='ocrx_word' id='word_1_550' title='bbox 1551 911 1646 939; x_wconf 81' lang='lat' dir='ltr'><strong>oculos</strong></span> 
     </span>
    </p>
   </div>
   <div class='ocr_carea' id='block_1_72' title="bbox 851 954 1642 991">
    <p class='ocr_par' dir='ltr' id='par_1_72' title="bbox 851 954 1642 991">
     <span class='ocr_line' id='line_1_72' title="bbox 851 954 1642 991; baseline 0.001 -9"><span class='ocrx_word' id='word_1_551' title='bbox 851 962 956 991; x_wconf 90' lang='lat' dir='ltr'><strong>ponens</strong></span> <span class='ocrx_word' id='word_1_552' title='bbox 969 954 1116 990; x_wconf 85' lang='lat' dir='ltr'><strong>opulentis,</strong></span> <span class='ocrx_word' id='word_1_553' title='bbox 1130 954 1207 990; x_wconf 91' lang='lat' dir='ltr'><strong>quod</strong></span> <span class='ocrx_word' id='word_1_554' title='bbox 1227 954 1467 990; x_wconf 84' lang='lat' dir='ltr'><strong>quemadmodum</strong></span> <span class='ocrx_word' id='word_1_555' title='bbox 1482 955 1510 982; x_wconf 91' lang='lat' dir='ltr'><strong>in</strong></span> <span class='ocrx_word' id='word_1_556' title='bbox 1526 963 1642 987; x_wconf 83' lang='lat' dir='ltr'><strong>manna.</strong></span> 
     </span>
    </p>
   </div>
   <div class='ocr_carea' id='block_1_73' title="bbox 849 999 1641 1035">
    <p class='ocr_par' dir='ltr' id='par_1_73' title="bbox 849 999 1641 1035">
     <span class='ocr_line' id='line_1_73' title="bbox 849 999 1641 1035; baseline 0.003 -9"><span class='ocrx_word' id='word_1_557' title='bbox 849 1000 894 1035; x_wconf 89' lang='lat' dir='ltr'><strong>qui</strong></span> <span class='ocrx_word' id='word_1_558' title='bbox 920 999 982 1034; x_wconf 87' lang='lat' dir='ltr'><strong>plus</strong></span> <span class='ocrx_word' id='word_1_559' title='bbox 995 999 1170 1034; x_wconf 85' lang='lat' dir='ltr'><strong>collegerant,</strong></span> <span class='ocrx_word' id='word_1_560' title='bbox 1197 1003 1224 1026; x_wconf 93' lang='lat' dir='ltr'><strong>et</strong></span> <span class='ocrx_word' id='word_1_561' title='bbox 1245 1000 1291 1035; x_wconf 90' lang='lat' dir='ltr'><strong>qui</strong></span> <span class='ocrx_word' id='word_1_562' title='bbox 1312 999 1414 1034; x_wconf 88' lang='lat' dir='ltr'><strong>minus,</strong></span> <span class='ocrx_word' id='word_1_563' title='bbox 1434 1007 1533 1028; x_wconf 87' lang='lat' dir='ltr'><strong>omnes</strong></span> <span class='ocrx_word' id='word_1_564' title='bbox 1558 1000 1641 1035; x_wconf 76' lang='grc'><strong>287</strong></span> 
     </span>
    </p>
   </div>
   <div class='ocr_carea' id='block_1_74' title="bbox 849 1043 1645 1079">
    <p class='ocr_par' dir='ltr' id='par_1_74' title="bbox 849 1043 1645 1079">
     <span class='ocr_line' id='line_1_74' title="bbox 849 1043 1645 1079; baseline 0 -7"><span class='ocrx_word' id='word_1_565' title='bbox 849 1043 977 1073; x_wconf 88' lang='lat' dir='ltr'><strong>eamdem</strong></span> <span class='ocrx_word' id='word_1_566' title='bbox 988 1043 1087 1071; x_wconf 87' lang='lat' dir='ltr'><strong>habere</strong></span> <span class='ocrx_word' id='word_1_567' title='bbox 1102 1043 1487 1079; x_wconf 88' lang='lat' dir='ltr'><strong>mensuraminveniebantur,</strong></span> <span class='ocrx_word' id='word_1_568' title='bbox 1504 1046 1562 1072; x_wconf 91' lang='lat' dir='ltr'><strong>Deo</strong></span> <span class='ocrx_word' id='word_1_569' title='bbox 1577 1045 1645 1072; x_wconf 88' lang='lat' dir='ltr'><strong>insa-</strong></span> 
     </span>
    </p>
   </div>
   <div class='ocr_carea' id='block_1_75' title="bbox 847 1089 1643 1124">
    <p class='ocr_par' dir='ltr' id='par_1_75' title="bbox 847 1089 1643 1124">
     <span class='ocr_line' id='line_1_75' title="bbox 847 1089 1643 1124; baseline 0.001 -8"><span class='ocrx_word' id='word_1_570' title='bbox 847 1089 1022 1116; x_wconf 88' lang='lat' dir='ltr'><strong>tiabilitatem</strong></span> <span class='ocrx_word' id='word_1_571' title='bbox 1037 1096 1133 1116; x_wconf 82' lang='lat' dir='ltr'><strong>eurum</strong></span> <span class='ocrx_word' id='word_1_572' title='bbox 1149 1089 1290 1124; x_wconf 79' lang='lat' dir='ltr'><strong>puniente,</strong></span> <span class='ocrx_word' id='word_1_573' title='bbox 1306 1090 1343 1117; x_wconf 84' lang='lat' dir='ltr'><strong>ita</strong></span> <span class='ocrx_word' id='word_1_574' title='bbox 1357 1089 1513 1117; x_wconf 88' lang='lat' dir='ltr'><strong>etiamnum</strong></span> <span class='ocrx_word' id='word_1_575' title='bbox 1525 1089 1643 1117; x_wconf 91' lang='lat' dir='ltr'><strong>nimium</strong></span> 
     </span>
    </p>
   </div>
   <div class='ocr_carea' id='block_1_76' title="bbox 847 1137 1173 1170">
    <p class='ocr_par' dir='ltr' id='par_1_76' title="bbox 847 1137 1173 1170">
     <span class='ocr_line' id='line_1_76' title="bbox 847 1137 1173 1170; baseline 0 -8"><span class='ocrx_word' id='word_1_576' title='bbox 847 1138 974 1170; x_wconf 84' lang='lat' dir='ltr'><strong>expetere</strong></span> <span class='ocrx_word' id='word_1_577' title='bbox 986 1141 1042 1161; x_wconf 88' lang='lat' dir='ltr'><strong>non</strong></span> <span class='ocrx_word' id='word_1_578' title='bbox 1052 1137 1173 1168; x_wconf 81' lang='lat' dir='ltr'><strong>oportet.</strong></span> 
     </span>
    </p>
   </div>
   <div class='ocr_carea' id='block_1_77' title="bbox 883 1178 1643 1213">
    <p class='ocr_par' dir='ltr' id='par_1_77' title="bbox 883 1178 1643 1213">
     <span class='ocr_line' id='line_1_77' title="bbox 883 1178 1643 1213; baseline 0.001 -7"><span class='ocrx_word' id='word_1_579' title='bbox 883 1180 973 1206; x_wconf 74' lang='lat' dir='ltr'><strong>Vsus.</strong></span> <span class='ocrx_word' id='word_1_580' title='bbox 989 1182 1031 1206; x_wconf 87' lang='lat'><strong>16.</strong></span> <span class='ocrx_word' id='word_1_581' title='bbox 1048 1191 1060 1202; x_wconf 85' lang='grc' dir='ltr'>‹ι</span> <span class='ocrx_word' id='word_1_582' title='bbox 1078 1178 1174 1206; x_wconf 86' lang='lat' dir='ltr'><strong>Gratia</strong></span> <span class='ocrx_word' id='word_1_583' title='bbox 1185 1183 1278 1206; x_wconf 87' lang='lat' dir='ltr'><strong>autem</strong></span> <span class='ocrx_word' id='word_1_584' title='bbox 1288 1179 1358 1212; x_wconf 87' lang='lat' dir='ltr'><strong>Deo,</strong></span> <span class='ocrx_word' id='word_1_585' title='bbox 1373 1179 1417 1213; x_wconf 91' lang='lat' dir='ltr'><strong>qui</strong></span> <span class='ocrx_word' id='word_1_586' title='bbox 1428 1179 1503 1206; x_wconf 88' lang='lat' dir='ltr'><strong>dedit</strong></span> <span class='ocrx_word' id='word_1_587' title='bbox 1517 1179 1643 1207; x_wconf 91' lang='lat' dir='ltr'><strong>eamdem</strong></span> 
     </span>
    </p>
   </div>
   <div class='ocr_carea' id='block_1_78' title="bbox 845 1223 1644 1259">
    <p class='ocr_par' dir='ltr' id='par_1_78' title="bbox 845 1223 1644 1259">
     <span class='ocr_line' id='line_1_78' title="bbox 845 1223 1644 1259; baseline 0 -8"><span class='ocrx_word' id='word_1_588' title='bbox 845 1223 1058 1252; x_wconf 88' lang='lat' dir='ltr'><strong>sollicitudinem</strong></span> <span class='ocrx_word' id='word_1_589' title='bbox 1085 1231 1134 1259; x_wconf 91' lang='lat' dir='ltr'><strong>pro</strong></span> <span class='ocrx_word' id='word_1_590' title='bbox 1162 1223 1240 1251; x_wconf 91' lang='lat' dir='ltr'><strong>vobis</strong></span> <span class='ocrx_word' id='word_1_591' title='bbox 1263 1223 1290 1251; x_wconf 93' lang='lat' dir='ltr'><strong>in</strong></span> <span class='ocrx_word' id='word_1_592' title='bbox 1314 1223 1396 1251; x_wconf 87' lang='lat' dir='ltr'><strong>corde</strong></span> <span class='ocrx_word' id='word_1_593' title='bbox 1416 1224 1483 1251; x_wconf 88' lang='lat' dir='ltr'><strong>Titi.</strong></span> <span class='ocrx_word' id='word_1_594' title='bbox 1501 1236 1514 1248; x_wconf 69' lang='grc' dir='ltr'><strong>ν</strong></span> <span class='ocrx_word' id='word_1_595' title='bbox 1527 1225 1597 1251; x_wconf 91' lang='lat' dir='ltr'><strong>Cum</strong></span> <span class='ocrx_word' id='word_1_596' title='bbox 1610 1223 1644 1252; x_wconf 91' lang='lat' dir='ltr'><strong>de</strong></span> 
     </span>
    </p>
   </div>
   <div class='ocr_carea' id='block_1_79' title="bbox 845 1268 1642 1304">
    <p class='ocr_par' dir='ltr' id='par_1_79' title="bbox 845 1268 1642 1304">
     <span class='ocr_line' id='line_1_79' title="bbox 845 1268 1642 1304; baseline 0 -8"><span class='ocrx_word' id='word_1_597' title='bbox 845 1268 1028 1304; x_wconf 84' lang='lat' dir='ltr'><strong>eleemosyna,</strong></span> <span class='ocrx_word' id='word_1_598' title='bbox 1059 1272 1191 1304; x_wconf 87' lang='lat' dir='ltr'><strong>quantum</strong></span> <span class='ocrx_word' id='word_1_599' title='bbox 1218 1276 1263 1296; x_wconf 86' lang='lat' dir='ltr'><strong>res</strong></span> <span class='ocrx_word' id='word_1_600' title='bbox 1296 1268 1436 1304; x_wconf 86' lang='lat' dir='ltr'><strong>poscebat,</strong></span> <span class='ocrx_word' id='word_1_601' title='bbox 1459 1268 1642 1301; x_wconf 80' lang='lat' dir='ltr'><strong>disseruisset,</strong></span> 
     </span>
    </p>
   </div>
   <div class='ocr_carea' id='block_1_80' title="bbox 844 1312 1642 1349">
    <p class='ocr_par' dir='ltr' id='par_1_80' title="bbox 844 1312 1642 1349">
     <span class='ocr_line' id='line_1_80' title="bbox 844 1312 1642 1349; baseline 0.001 -9"><span class='ocrx_word' id='word_1_602' title='bbox 844 1312 976 1349; x_wconf 88' lang='lat' dir='ltr'><strong>deinceps</strong></span> <span class='ocrx_word' id='word_1_603' title='bbox 1000 1312 1175 1341; x_wconf 87' lang='lat' dir='ltr'><strong>commendat</strong></span> <span class='ocrx_word' id='word_1_604' title='bbox 1195 1320 1243 1341; x_wconf 88' lang='lat' dir='ltr'><strong>eos</strong></span> <span class='ocrx_word' id='word_1_605' title='bbox 1266 1313 1313 1349; x_wconf 93' lang='lat' dir='ltr'><strong>qui</strong></span> <span class='ocrx_word' id='word_1_606' title='bbox 1335 1321 1396 1341; x_wconf 87' lang='lat' dir='ltr'><strong>eam</strong></span> <span class='ocrx_word' id='word_1_607' title='bbox 1418 1313 1454 1341; x_wconf 91' lang='lat' dir='ltr'><strong>ob</strong></span> <span class='ocrx_word' id='word_1_608' title='bbox 1486 1321 1545 1341; x_wconf 85' lang='lat' dir='ltr'><strong>rem</strong></span> <span class='ocrx_word' id='word_1_609' title='bbox 1570 1314 1642 1341; x_wconf 82' lang='lat' dir='ltr'><strong>missi</strong></span> 
     </span>
    </p>
   </div>
   <div class='ocr_carea' id='block_1_81' title="bbox 845 1357 1642 1394">
    <p class='ocr_par' dir='ltr' id='par_1_81' title="bbox 845 1357 1642 1394">
     <span class='ocr_line' id='line_1_81' title="bbox 845 1357 1642 1394; baseline 0 -9"><span class='ocrx_word' id='word_1_610' title='bbox 845 1361 932 1391; x_wconf 84' lang='lat' dir='ltr'><strong>erant,</strong></span> <span class='ocrx_word' id='word_1_611' title='bbox 958 1362 988 1385; x_wconf 93' lang='lat' dir='ltr'><strong>ut</strong></span> <span class='ocrx_word' id='word_1_612' title='bbox 1011 1358 1089 1385; x_wconf 89' lang='lat' dir='ltr'><strong>omni</strong></span> <span class='ocrx_word' id='word_1_613' title='bbox 1113 1358 1270 1394; x_wconf 89' lang='lat' dir='ltr'><strong>suspicione</strong></span> <span class='ocrx_word' id='word_1_614' title='bbox 1293 1362 1428 1392; x_wconf 87' lang='lat' dir='ltr'><strong>carentes,</strong></span> <span class='ocrx_word' id='word_1_615' title='bbox 1454 1357 1642 1386; x_wconf 82' lang='lat' dir='ltr'><strong>vehementius</strong></span> 
     </span>
    </p>
   </div>
   <div class='ocr_carea' id='block_1_82' title="bbox 842 1401 1641 1438">
    <p class='ocr_par' dir='ltr' id='par_1_82' title="bbox 842 1401 1641 1438">
     <span class='ocr_line' id='line_1_82' title="bbox 842 1401 1641 1438; baseline 0 -8"><span class='ocrx_word' id='word_1_616' title='bbox 842 1410 893 1430; x_wconf 88' lang='lat' dir='ltr'><strong>eos</strong></span> <span class='ocrx_word' id='word_1_617' title='bbox 905 1401 940 1430; x_wconf 89' lang='lat' dir='ltr'><strong>ad</strong></span> <span class='ocrx_word' id='word_1_618' title='bbox 954 1401 1122 1430; x_wconf 83' lang='lat' dir='ltr'><strong>alacritatem</strong></span> <span class='ocrx_word' id='word_1_619' title='bbox 1141 1406 1169 1430; x_wconf 90' lang='lat' dir='ltr'><strong>et</strong></span> <span class='ocrx_word' id='word_1_620' title='bbox 1183 1402 1431 1438; x_wconf 88' lang='lat' dir='ltr'><strong>promptitudinem</strong></span> <span class='ocrx_word' id='word_1_621' title='bbox 1452 1402 1641 1430; x_wconf 87' lang='lat' dir='ltr'><strong>contribuendi</strong></span> 
     </span>
    </p>
   </div>
   <div class='ocr_carea' id='block_1_83' title="bbox 843 1446 1641 1483">
    <p class='ocr_par' dir='ltr' id='par_1_83' title="bbox 843 1446 1641 1483">
     <span class='ocr_line' id='line_1_83' title="bbox 843 1446 1641 1483; baseline -0.001 -9"><span class='ocrx_word' id='word_1_622' title='bbox 843 1446 996 1483; x_wconf 84' lang='lat' dir='ltr'><strong>impellant.</strong></span> <span class='ocrx_word' id='word_1_623' title='bbox 1020 1447 1091 1482; x_wconf 86' lang='lat' dir='ltr'><strong>Quia</strong></span> <span class='ocrx_word' id='word_1_624' title='bbox 1110 1455 1174 1474; x_wconf 88' lang='lat' dir='ltr'><strong>vero</strong></span> <span class='ocrx_word' id='word_1_625' title='bbox 1190 1447 1262 1474; x_wconf 88' lang='lat' dir='ltr'><strong>inter</strong></span> <span class='ocrx_word' id='word_1_626' title='bbox 1282 1447 1333 1474; x_wconf 90' lang='lat' dir='ltr'><strong>hos</strong></span> <span class='ocrx_word' id='word_1_627' title='bbox 1348 1447 1453 1483; x_wconf 89' lang='lat' dir='ltr'><strong>primus</strong></span> <span class='ocrx_word' id='word_1_628' title='bbox 1467 1452 1527 1474; x_wconf 89' lang='lat' dir='ltr'><strong>erat</strong></span> <span class='ocrx_word' id='word_1_629' title='bbox 1551 1447 1641 1479; x_wconf 81' lang='lat' dir='ltr'><strong>Titus,</strong></span> 
     </span>
    </p>
   </div>
   <div class='ocr_carea' id='block_1_84' title="bbox 843 1491 1640 1527">
    <p class='ocr_par' dir='ltr' id='par_1_84' title="bbox 843 1491 1640 1527">
     <span class='ocr_line' id='line_1_84' title="bbox 843 1491 1640 1527; baseline -0.001 -8"><span class='ocrx_word' id='word_1_630' title='bbox 843 1491 936 1519; x_wconf 88' lang='lat' dir='ltr'><strong>laudat</strong></span> <span class='ocrx_word' id='word_1_631' title='bbox 950 1499 1026 1526; x_wconf 92' lang='lat' dir='ltr'><strong>eum,</strong></span> <span class='ocrx_word' id='word_1_632' title='bbox 1049 1491 1155 1526; x_wconf 86' lang='lat' dir='ltr'><strong>Deique</strong></span> <span class='ocrx_word' id='word_1_633' title='bbox 1175 1499 1244 1527; x_wconf 88' lang='lat' dir='ltr'><strong>opus</strong></span> <span class='ocrx_word' id='word_1_634' title='bbox 1259 1499 1318 1519; x_wconf 86' lang='lat' dir='ltr'><strong>esse</strong></span> <span class='ocrx_word' id='word_1_635' title='bbox 1339 1491 1404 1519; x_wconf 92' lang='lat' dir='ltr'><strong>dicit</strong></span> <span class='ocrx_word' id='word_1_636' title='bbox 1418 1491 1492 1527; x_wconf 89' lang='lat' dir='ltr'><strong>quod</strong></span> <span class='ocrx_word' id='word_1_637' title='bbox 1507 1491 1542 1519; x_wconf 90' lang='lat' dir='ltr'><strong>ad</strong></span> <span class='ocrx_word' id='word_1_638' title='bbox 1557 1492 1640 1519; x_wconf 88' lang='lat' dir='ltr'><strong>mini—</strong></span> 
     </span>
    </p>
   </div>
   <div class='ocr_carea' id='block_1_85' title="bbox 838 1535 1642 1564">
    <p class='ocr_par' dir='ltr' id='par_1_85' title="bbox 838 1535 1642 1564">
     <span class='ocr_line' id='line_1_85' title="bbox 838 1535 1642 1564; baseline -0.001 0"><span class='ocrx_word' id='word_1_639' title='bbox 838 1536 986 1564; x_wconf 89' lang='lat' dir='ltr'><strong>strandum</strong></span> <span class='ocrx_word' id='word_1_640' title='bbox 1010 1536 1045 1563; x_wconf 85' lang='lat' dir='ltr'><strong>sit</strong></span> <span class='ocrx_word' id='word_1_641' title='bbox 1067 1536 1211 1564; x_wconf 85' lang='lat' dir='ltr'><strong>excitatus.</strong></span> <span class='ocrx_word' id='word_1_642' title='bbox 1238 1535 1372 1563; x_wconf 81' lang='lat' dir='ltr'><strong>Eamdem</strong></span> <span class='ocrx_word' id='word_1_643' title='bbox 1398 1536 1470 1563; x_wconf 90' lang='lat' dir='ltr'><strong>enim</strong></span> <span class='ocrx_word' id='word_1_644' title='bbox 1497 1543 1592 1564; x_wconf 87' lang='lat' dir='ltr'><strong>curam</strong></span> <span class='ocrx_word' id='word_1_645' title='bbox 1615 1541 1642 1563; x_wconf 86' lang='lat' dir='ltr'><strong>et</strong></span> 
     </span>
    </p>
   </div>
   <div class='ocr_carea' id='block_1_86' title="bbox 841 1580 1641 1616">
    <p class='ocr_par' dir='ltr' id='par_1_86' title="bbox 841 1580 1641 1616">
     <span class='ocr_line' id='line_1_86' title="bbox 841 1580 1641 1616; baseline -0.001 -7"><span class='ocrx_word' id='word_1_646' title='bbox 841 1580 1054 1610; x_wconf 84' lang='lat' dir='ltr'><strong>sollicitudinem</strong></span> <span class='ocrx_word' id='word_1_647' title='bbox 1088 1588 1172 1616; x_wconf 86' lang='lat' dir='ltr'><strong>quam</strong></span> <span class='ocrx_word' id='word_1_648' title='bbox 1193 1589 1244 1616; x_wconf 84' lang='lat' dir='ltr'><strong>ego</strong></span> <span class='ocrx_word' id='word_1_649' title='bbox 1268 1580 1356 1608; x_wconf 83' lang='lat' dir='ltr'><strong>habeo</strong></span> <span class='ocrx_word' id='word_1_650' title='bbox 1373 1588 1422 1616; x_wconf 93' lang='lat' dir='ltr'><strong>pro</strong></span> <span class='ocrx_word' id='word_1_651' title='bbox 1447 1580 1535 1614; x_wconf 88' lang='lat' dir='ltr'><strong>vobis,</strong></span> <span class='ocrx_word' id='word_1_652' title='bbox 1554 1581 1641 1609; x_wconf 86' lang='lat' dir='ltr'><strong>menti</strong></span> 
     </span>
    </p>
   </div>
   <div class='ocr_carea' id='block_1_87' title="bbox 843 1624 1640 1662">
    <p class='ocr_par' dir='ltr' id='par_1_87' title="bbox 843 1624 1640 1662">
     <span class='ocr_line' id='line_1_87' title="bbox 843 1624 1640 1662; baseline -0.003 -8"><span class='ocrx_word' id='word_1_653' title='bbox 843 1626 901 1662; x_wconf 90' lang='lat' dir='ltr'><strong>ejus</strong></span> <span class='ocrx_word' id='word_1_654' title='bbox 915 1625 1056 1661; x_wconf 88' lang='lat' dir='ltr'><strong>imposuit.</strong></span> <span class='ocrx_word' id='word_1_655' title='bbox 1077 1626 1147 1653; x_wconf 86' lang='lat' dir='ltr'><strong>Hinc</strong></span> <span class='ocrx_word' id='word_1_656' title='bbox 1166 1633 1230 1653; x_wconf 83' lang='lat' dir='ltr'><strong>vero</strong></span> <span class='ocrx_word' id='word_1_657' title='bbox 1246 1625 1373 1652; x_wconf 87' lang='lat' dir='ltr'><strong>hortatur</strong></span> <span class='ocrx_word' id='word_1_658' title='bbox 1383 1632 1431 1653; x_wconf 88' lang='lat' dir='ltr'><strong>eos</strong></span> <span class='ocrx_word' id='word_1_659' title='bbox 1445 1629 1477 1652; x_wconf 92' lang='lat' dir='ltr'><strong>ut</strong></span> <span class='ocrx_word' id='word_1_660' title='bbox 1497 1624 1640 1653; x_wconf 87' lang='lat' dir='ltr'><strong>contribu—</strong></span> 
     </span>
    </p>
   </div>
   <div class='ocr_carea' id='block_1_88' title="bbox 842 1669 1639 1706">
    <p class='ocr_par' dir='ltr' id='par_1_88' title="bbox 842 1669 1639 1706">
     <span class='ocr_line' id='line_1_88' title="bbox 842 1669 1639 1706; baseline -0.003 -7"><span class='ocrx_word' id='word_1_661' title='bbox 842 1671 945 1699; x_wconf 92' lang='lat' dir='ltr'><strong>tionem</strong></span> <span class='ocrx_word' id='word_1_662' title='bbox 960 1670 1073 1704; x_wconf 83' lang='lat' dir='ltr'><strong>faciant,</strong></span> <span class='ocrx_word' id='word_1_663' title='bbox 1092 1678 1156 1706; x_wconf 76' lang='lat' dir='ltr'><strong>qua:</strong></span> <span class='ocrx_word' id='word_1_664' title='bbox 1174 1670 1291 1706; x_wconf 82' lang='lat' dir='ltr'><strong>alicujus</strong></span> <span class='ocrx_word' id='word_1_665' title='bbox 1307 1670 1442 1697; x_wconf 89' lang='lat' dir='ltr'><strong>momenti</strong></span> <span class='ocrx_word' id='word_1_666' title='bbox 1459 1670 1507 1697; x_wconf 86' lang='lat' dir='ltr'><strong>sit.</strong></span> <span class='ocrx_word' id='word_1_667' title='bbox 1521 1670 1549 1698; x_wconf 92' lang='lat' dir='ltr'><strong>Si</strong></span> <span class='ocrx_word' id='word_1_668' title='bbox 1563 1669 1639 1697; x_wconf 88' lang='lat' dir='ltr'><strong>enim</strong></span> 
     </span>
    </p>
   </div>
   <div class='ocr_carea' id='block_1_89' title="bbox 841 1713 1641 1751">
    <p class='ocr_par' dir='ltr' id='par_1_89' title="bbox 841 1713 1641 1751">
     <span class='ocr_line' id='line_1_89' title="bbox 841 1713 1641 1751; baseline -0.003 -8"><span class='ocrx_word' id='word_1_669' title='bbox 841 1716 917 1743; x_wconf 89' lang='lat' dir='ltr'><strong>Deus</strong></span> <span class='ocrx_word' id='word_1_670' title='bbox 930 1715 1018 1751; x_wconf 91' lang='lat' dir='ltr'><strong>ipsum</strong></span> <span class='ocrx_word' id='word_1_671' title='bbox 1031 1714 1167 1749; x_wconf 83' lang='lat' dir='ltr'><strong>excitavit,</strong></span> <span class='ocrx_word' id='word_1_672' title='bbox 1190 1718 1251 1742; x_wconf 90' lang='lat' dir='ltr'><strong>tum</strong></span> <span class='ocrx_word' id='word_1_673' title='bbox 1268 1716 1344 1742; x_wconf 90' lang='lat' dir='ltr'><strong>Deus</strong></span> <span class='ocrx_word' id='word_1_674' title='bbox 1359 1714 1439 1750; x_wconf 85' lang='lat' dir='ltr'><strong>petit,</strong></span> <span class='ocrx_word' id='word_1_675' title='bbox 1454 1713 1641 1750; x_wconf 82' lang='lat' dir='ltr'><strong>largitionem-</strong></span> 
     </span>
    </p>
   </div>
   <div class='ocr_carea' id='block_1_90' title="bbox 841 1758 1337 1796">
    <p class='ocr_par' dir='ltr' id='par_1_90' title="bbox 841 1758 1337 1796">
     <span class='ocr_line' id='line_1_90' title="bbox 841 1758 1337 1796; baseline -0.002 -9"><span class='ocrx_word' id='word_1_676' title='bbox 841 1767 894 1796; x_wconf 90' lang='lat' dir='ltr'><strong>que</strong></span> <span class='ocrx_word' id='word_1_677' title='bbox 908 1760 969 1787; x_wconf 92' lang='lat' dir='ltr'><strong>Deo</strong></span> <span class='ocrx_word' id='word_1_678' title='bbox 983 1759 1095 1795; x_wconf 80' lang='lat' dir='ltr'><strong>dignam</strong></span> <span class='ocrx_word' id='word_1_679' title='bbox 1106 1758 1196 1786; x_wconf 85' lang='lat' dir='ltr'><strong>facere</strong></span> <span class='ocrx_word' id='word_1_680' title='bbox 1221 1758 1337 1786; x_wconf 84' lang='lat' dir='ltr'><strong>debetis.</strong></span> 
     </span>
    </p>
   </div>
   <div class='ocr_carea' id='block_1_91' title="bbox 874 1802 1639 1839">
    <p class='ocr_par' dir='ltr' id='par_1_91' title="bbox 874 1802 1639 1839">
     <span class='ocr_line' id='line_1_91' title="bbox 874 1802 1639 1839; baseline -0.003 -7"><span class='ocrx_word' id='word_1_681' title='bbox 874 1804 965 1832; x_wconf 77' lang='lat' dir='ltr'><strong>Vnus.</strong></span> <span class='ocrx_word' id='word_1_682' title='bbox 977 1806 1023 1832; x_wconf 82' lang='lat'><strong>17.</strong></span> <span class='ocrx_word' id='word_1_683' title='bbox 1037 1814 1051 1828; x_wconf 75' lang='grc' dir='ltr'>ι(</span> <span class='ocrx_word' id='word_1_684' title='bbox 1064 1803 1204 1839; x_wconf 89' lang='lat' dir='ltr'><strong>Quoniam</strong></span> <span class='ocrx_word' id='word_1_685' title='bbox 1217 1802 1445 1831; x_wconf 84' lang='lat' dir='ltr'><strong>adhortationem</strong></span> <span class='ocrx_word' id='word_1_686' title='bbox 1454 1802 1568 1839; x_wconf 89' lang='lat' dir='ltr'><strong>quidem</strong></span> <span class='ocrx_word' id='word_1_687' title='bbox 1580 1810 1639 1831; x_wconf 85' lang='lat' dir='ltr'><strong>sus-</strong></span> 
     </span>
    </p>
   </div>
   <div class='ocr_carea' id='block_1_92' title="bbox 840 1846 1638 1884">
    <p class='ocr_par' dir='ltr' id='par_1_92' title="bbox 840 1846 1638 1884">
     <span class='ocr_line' id='line_1_92' title="bbox 840 1846 1638 1884; baseline -0.003 -8"><span class='ocrx_word' id='word_1_688' title='bbox 840 1847 928 1884; x_wconf 84' lang='lat' dir='ltr'><strong>cepit,</strong></span> <span class='ocrx_word' id='word_1_689' title='bbox 957 1847 1005 1875; x_wconf 79' lang='lat' dir='ltr'><strong>sed</strong></span> <span class='ocrx_word' id='word_1_690' title='bbox 1031 1855 1094 1875; x_wconf 87' lang='lat' dir='ltr'><strong>cum</strong></span> <span class='ocrx_word' id='word_1_691' title='bbox 1124 1847 1268 1874; x_wconf 87' lang='lat' dir='ltr'><strong>sollicitior</strong></span> <span class='ocrx_word' id='word_1_692' title='bbox 1308 1851 1389 1880; x_wconf 87' lang='lat' dir='ltr'><strong>esset,</strong></span> <span class='ocrx_word' id='word_1_693' title='bbox 1419 1854 1468 1874; x_wconf 87' lang='lat' dir='ltr'><strong>sua</strong></span> <span class='ocrx_word' id='word_1_694' title='bbox 1496 1846 1638 1874; x_wconf 85' lang='lat' dir='ltr'><strong>voluntate</strong></span> 
     </span>
    </p>
   </div>
   <div class='ocr_carea' id='block_1_93' title="bbox 840 1891 1638 1928">
    <p class='ocr_par' dir='ltr' id='par_1_93' title="bbox 840 1891 1638 1928">
     <span class='ocr_line' id='line_1_93' title="bbox 840 1891 1638 1928; baseline -0.004 -7"><span class='ocrx_word' id='word_1_695' title='bbox 840 1892 978 1928; x_wconf 79' lang='lat' dir='ltr'><strong>profectus</strong></span> <span class='ocrx_word' id='word_1_696' title='bbox 992 1895 1033 1919; x_wconf 88' lang='lat' dir='ltr'><strong>est</strong></span> <span class='ocrx_word' id='word_1_697' title='bbox 1044 1891 1079 1919; x_wconf 90' lang='lat' dir='ltr'><strong>ad</strong></span> <span class='ocrx_word' id='word_1_698' title='bbox 1093 1899 1148 1919; x_wconf 89' lang='lat' dir='ltr'><strong>vos.</strong></span> <span class='ocrx_word' id='word_1_699' title='bbox 1164 1903 1176 1915; x_wconf 87' lang='lat'><strong><em>-</em></strong></span> <span class='ocrx_word' id='word_1_700' title='bbox 1191 1891 1274 1919; x_wconf 88' lang='lat' dir='ltr'><strong>Unde</strong></span> <span class='ocrx_word' id='word_1_701' title='bbox 1287 1891 1401 1927; x_wconf 89' lang='lat' dir='ltr'><strong>planum</strong></span> <span class='ocrx_word' id='word_1_702' title='bbox 1416 1894 1458 1918; x_wconf 91' lang='lat' dir='ltr'><strong>est</strong></span> <span class='ocrx_word' id='word_1_703' title='bbox 1480 1891 1553 1927; x_wconf 92' lang='lat' dir='ltr'><strong>quod</strong></span> <span class='ocrx_word' id='word_1_704' title='bbox 1564 1892 1638 1919; x_wconf 86' lang='lat' dir='ltr'><strong>Deus</strong></span> 
     </span>
    </p>
   </div>
   <div class='ocr_carea' id='block_1_94' title="bbox 839 1935 1638 1970">
    <p class='ocr_par' dir='ltr' id='par_1_94' title="bbox 839 1935 1638 1970">
     <span class='ocr_line' id='line_1_94' title="bbox 839 1935 1638 1970; baseline -0.004 -5"><span class='ocrx_word' id='word_1_705' title='bbox 839 1937 935 1966; x_wconf 92' lang='lat' dir='ltr'><strong>Titum</strong></span> <span class='ocrx_word' id='word_1_706' title='bbox 957 1936 1137 1964; x_wconf 78' lang='lat' dir='ltr'><strong>excitaverit?</strong></span> <span class='ocrx_word' id='word_1_707' title='bbox 1151 1936 1288 1970; x_wconf 87' lang='lat' dir='ltr'><strong>Quoniam</strong></span> <span class='ocrx_word' id='word_1_708' title='bbox 1309 1935 1545 1964; x_wconf 84' lang='lat' dir='ltr'><strong>commonefactus</strong></span> <span class='ocrx_word' id='word_1_709' title='bbox 1563 1943 1578 1962; x_wconf 90' lang='lat' dir='ltr'><strong>a</strong></span> <span class='ocrx_word' id='word_1_710' title='bbox 1593 1943 1638 1962; x_wconf 90' lang='lat' dir='ltr'><strong>me</strong></span> 
     </span>
    </p>
   </div>
   <div class='ocr_carea' id='block_1_95' title="bbox 838 1980 1636 2016">
    <p class='ocr_par' dir='ltr' id='par_1_95' title="bbox 838 1980 1636 2016">
     <span class='ocr_line' id='line_1_95' title="bbox 838 1980 1636 2016; baseline -0.003 -7"><span class='ocrx_word' id='word_1_711' title='bbox 838 1982 962 2009; x_wconf 84' lang='lat' dir='ltr'><strong>alacriter</strong></span> <span class='ocrx_word' id='word_1_712' title='bbox 975 1980 1196 2009; x_wconf 87' lang='lat' dir='ltr'><strong>adhortationem</strong></span> <span class='ocrx_word' id='word_1_713' title='bbox 1220 1980 1349 2016; x_wconf 88' lang='lat' dir='ltr'><strong>suscepit,</strong></span> <span class='ocrx_word' id='word_1_714' title='bbox 1374 1987 1461 2016; x_wconf 87' lang='lat' dir='ltr'><strong>neque</strong></span> <span class='ocrx_word' id='word_1_715' title='bbox 1485 1980 1636 2016; x_wconf 87' lang='lat' dir='ltr'><strong>quidquam</strong></span> 
     </span>
    </p>
   </div>
   <div class='ocr_carea' id='block_1_96' title="bbox 839 2024 1634 2060">
    <p class='ocr_par' dir='ltr' id='par_1_96' title="bbox 839 2024 1634 2060">
     <span class='ocr_line' id='line_1_96' title="bbox 839 2024 1634 2060; baseline -0.003 -6"><span class='ocrx_word' id='word_1_716' title='bbox 839 2026 1031 2060; x_wconf 88' lang='lat' dir='ltr'><strong>murmuravit,</strong></span> <span class='ocrx_word' id='word_1_717' title='bbox 1051 2024 1102 2053; x_wconf 83' lang='lat' dir='ltr'><strong>sed</strong></span> <span class='ocrx_word' id='word_1_718' title='bbox 1124 2033 1174 2053; x_wconf 85' lang='lat' dir='ltr'><strong>sua</strong></span> <span class='ocrx_word' id='word_1_719' title='bbox 1188 2029 1287 2060; x_wconf 87' lang='lat' dir='ltr'><strong>sponte</strong></span> <span class='ocrx_word' id='word_1_720' title='bbox 1305 2025 1398 2058; x_wconf 77' lang='lat' dir='ltr'><strong>exivit,</strong></span> <span class='ocrx_word' id='word_1_721' title='bbox 1415 2029 1446 2052; x_wconf 90' lang='lat' dir='ltr'><strong>ut</strong></span> <span class='ocrx_word' id='word_1_722' title='bbox 1460 2024 1568 2052; x_wconf 85' lang='lat' dir='ltr'><strong>etiamsi</strong></span> <span class='ocrx_word' id='word_1_723' title='bbox 1583 2032 1634 2060; x_wconf 81' lang='lat' dir='ltr'><strong>ego</strong></span> 
     </span>
    </p>
   </div>
   <div class='ocr_carea' id='block_1_97' title="bbox 837 2069 1635 2107">
    <p class='ocr_par' dir='ltr' id='par_1_97' title="bbox 837 2069 1635 2107">
     <span class='ocr_line' id='line_1_97' title="bbox 837 2069 1635 2107; baseline -0.003 -8"><span class='ocrx_word' id='word_1_724' title='bbox 837 2071 927 2107; x_wconf 87' lang='lat' dir='ltr'><strong>ipsum</strong></span> <span class='ocrx_word' id='word_1_725' title='bbox 943 2078 999 2098; x_wconf 92' lang='lat' dir='ltr'><strong>non</strong></span> <span class='ocrx_word' id='word_1_726' title='bbox 1014 2078 1103 2098; x_wconf 88' lang='lat' dir='ltr'><strong>essem</strong></span> <span class='ocrx_word' id='word_1_727' title='bbox 1117 2069 1290 2104; x_wconf 80' lang='lat' dir='ltr'><strong>adhortatus,</strong></span> <span class='ocrx_word' id='word_1_728' title='bbox 1304 2069 1446 2106; x_wconf 86' lang='lat' dir='ltr'><strong>proprium</strong></span> <span class='ocrx_word' id='word_1_729' title='bbox 1467 2073 1562 2097; x_wconf 87' lang='lat' dir='ltr'><strong>tamen</strong></span> <span class='ocrx_word' id='word_1_730' title='bbox 1579 2073 1635 2097; x_wconf 86' lang='lat' dir='ltr'><strong>stu-</strong></span> 
     </span>
    </p>
   </div>
   <div class='ocr_carea' id='block_1_98' title="bbox 801 2114 1228 2151">
    <p class='ocr_par' dir='ltr' id='par_1_98' title="bbox 801 2114 1228 2151">
     <span class='ocr_line' id='line_1_98' title="bbox 801 2114 1228 2151; baseline -0.005 -7"><span class='ocrx_word' id='word_1_731' title='bbox 801 2114 804 2117; x_wconf 89' lang='grc'><strong>’</strong></span> <span class='ocrx_word' id='word_1_732' title='bbox 837 2115 916 2144; x_wconf 90' lang='lat' dir='ltr'><strong>dium</strong></span> <span class='ocrx_word' id='word_1_733' title='bbox 930 2115 989 2151; x_wconf 87' lang='lat' dir='ltr'><strong>ipse</strong></span> <span class='ocrx_word' id='word_1_734' title='bbox 1003 2114 1228 2143; x_wconf 87' lang='lat' dir='ltr'><strong>demonstrasset.</strong></span> 
     </span>
    </p>
   </div>
   <div class='ocr_carea' id='block_1_99' title="bbox 872 2158 1633 2194">
    <p class='ocr_par' dir='ltr' id='par_1_99' title="bbox 872 2158 1633 2194">
     <span class='ocr_line' id='line_1_99' title="bbox 872 2158 1633 2194; baseline -0.003 -6"><span class='ocrx_word' id='word_1_735' title='bbox 872 2161 957 2188; x_wconf 71' lang='lat' dir='ltr'><strong>Vens.</strong></span> <span class='ocrx_word' id='word_1_736' title='bbox 979 2163 1022 2188; x_wconf 87' lang='lat'><strong>18.</strong></span> <span class='ocrx_word' id='word_1_737' title='bbox 1052 2171 1065 2185; x_wconf 79' lang='grc' dir='ltr'><strong>ι</strong></span> <span class='ocrx_word' id='word_1_738' title='bbox 1094 2159 1220 2187; x_wconf 90' lang='lat' dir='ltr'><strong>Misimus</strong></span> <span class='ocrx_word' id='word_1_739' title='bbox 1242 2162 1336 2186; x_wconf 91' lang='lat' dir='ltr'><strong>autem</strong></span> <span class='ocrx_word' id='word_1_740' title='bbox 1350 2166 1403 2186; x_wconf 89' lang='lat' dir='ltr'><strong>una</strong></span> <span class='ocrx_word' id='word_1_741' title='bbox 1427 2166 1493 2187; x_wconf 91' lang='lat' dir='ltr'><strong>cum</strong></span> <span class='ocrx_word' id='word_1_742' title='bbox 1507 2159 1566 2194; x_wconf 92' lang='lat' dir='ltr'><strong>ipso</strong></span> <span class='ocrx_word' id='word_1_743' title='bbox 1581 2158 1633 2187; x_wconf 80' lang='lat' dir='ltr'><strong>fra-</strong></span> 
     </span>
    </p>
   </div>
   <div class='ocr_carea' id='block_1_100' title="bbox 836 2203 1633 2241">
    <p class='ocr_par' dir='ltr' id='par_1_100' title="bbox 836 2203 1633 2241">
     <span class='ocr_line' id='line_1_100' title="bbox 836 2203 1633 2241; baseline -0.003 -8"><span class='ocrx_word' id='word_1_744' title='bbox 836 2210 919 2239; x_wconf 85' lang='lat' dir='ltr'><strong>trem,</strong></span> <span class='ocrx_word' id='word_1_745' title='bbox 940 2204 1018 2241; x_wconf 86' lang='lat' dir='ltr'><strong>cujus</strong></span> <span class='ocrx_word' id='word_1_746' title='bbox 1041 2205 1101 2232; x_wconf 89' lang='lat' dir='ltr'><strong>laus</strong></span> <span class='ocrx_word' id='word_1_747' title='bbox 1123 2204 1150 2232; x_wconf 90' lang='lat' dir='ltr'><strong>in</strong></span> <span class='ocrx_word' id='word_1_748' title='bbox 1177 2203 1323 2239; x_wconf 82' lang='lat' dir='ltr'><strong>Evangelio</strong></span> <span class='ocrx_word' id='word_1_749' title='bbox 1350 2211 1398 2239; x_wconf 88' lang='lat' dir='ltr'><strong>per</strong></span> <span class='ocrx_word' id='word_1_750' title='bbox 1419 2211 1516 2231; x_wconf 90' lang='lat' dir='ltr'><strong>omnes</strong></span> <span class='ocrx_word' id='word_1_751' title='bbox 1540 2203 1633 2231; x_wconf 85' lang='lat' dir='ltr'><strong>Eccle-</strong></span> 
     </span>
    </p>
   </div>
   <div class='ocr_carea' id='block_1_101' title="bbox 833 2241 1668 2284">
    <p class='ocr_par' dir='ltr' id='par_1_101' title="bbox 833 2241 1668 2284">
     <span class='ocr_line' id='line_1_101' title="bbox 833 2241 1668 2284; baseline -0.005 -6"><span class='ocrx_word' id='word_1_752' title='bbox 833 2251 895 2278; x_wconf 88' lang='lat' dir='ltr'><strong>sias.</strong></span> <span class='ocrx_word' id='word_1_753' title='bbox 917 2262 929 2274; x_wconf 76' lang='grc' dir='ltr'><strong>ιι</strong></span> <span class='ocrx_word' id='word_1_754' title='bbox 945 2249 1076 2278; x_wconf 91' lang='lat' dir='ltr'><strong>Nonnulli</strong></span> <span class='ocrx_word' id='word_1_755' title='bbox 1096 2251 1201 2277; x_wconf 88' lang='lat' dir='ltr'><strong>Lucam</strong></span> <span class='ocrx_word' id='word_1_756' title='bbox 1221 2248 1265 2276; x_wconf 87' lang='lat' dir='ltr'><strong>hic</strong></span> <span class='ocrx_word' id='word_1_757' title='bbox 1280 2248 1394 2284; x_wconf 83' lang='lat' dir='ltr'><strong>intelligi</strong></span> <span class='ocrx_word' id='word_1_758' title='bbox 1420 2247 1507 2279; x_wconf 80' lang='lat' dir='ltr'><strong>aiunt,</strong></span> <span class='ocrx_word' id='word_1_759' title='bbox 1521 2253 1634 2283; x_wconf 88' lang='lat' dir='ltr'><strong>propter</strong></span> <span class='ocrx_word' id='word_1_760' title='bbox 1666 2241 1668 2244; x_wconf 65' lang='grc'><em>’</em></span> 
     </span>
    </p>
   </div>
   <div class='ocr_carea' id='block_1_102' title="bbox 833 2292 1634 2331">
    <p class='ocr_par' dir='ltr' id='par_1_102' title="bbox 833 2292 1634 2331">
     <span class='ocr_line' id='line_1_102' title="bbox 833 2292 1634 2331; baseline -0.005 -8"><span class='ocrx_word' id='word_1_761' title='bbox 833 2295 1012 2331; x_wconf 79' lang='lat' dir='ltr'><strong>Evangelium</strong></span> <span class='ocrx_word' id='word_1_762' title='bbox 1034 2294 1108 2330; x_wconf 91' lang='lat' dir='ltr'><strong>quod</strong></span> <span class='ocrx_word' id='word_1_763' title='bbox 1124 2293 1235 2328; x_wconf 90' lang='lat' dir='ltr'><strong>scripsit</strong></span> <span class='ocrx_word' id='word_1_764' title='bbox 1257 2302 1264 2321; x_wconf 88' lang='lat'><strong>:</strong></span> <span class='ocrx_word' id='word_1_765' title='bbox 1285 2300 1340 2320; x_wconf 93' lang='lat' dir='ltr'><strong>non</strong></span> <span class='ocrx_word' id='word_1_766' title='bbox 1359 2292 1427 2320; x_wconf 91' lang='lat' dir='ltr'><strong>nulli</strong></span> <span class='ocrx_word' id='word_1_767' title='bbox 1451 2300 1514 2320; x_wconf 87' lang='lat' dir='ltr'><strong>vero</strong></span> <span class='ocrx_word' id='word_1_768' title='bbox 1529 2293 1634 2320; x_wconf 85' lang='lat' dir='ltr'><strong>Barna-</strong></span> 
     </span>
    </p>
   </div>
   <div class='ocr_carea' id='block_1_103' title="bbox 832 2337 1632 2374">
    <p class='ocr_par' dir='ltr' id='par_1_103' title="bbox 832 2337 1632 2374">
     <span class='ocr_line' id='line_1_103' title="bbox 832 2337 1632 2374; baseline -0.005 -6"><span class='ocrx_word' id='word_1_769' title='bbox 832 2341 907 2368; x_wconf 80' lang='lat' dir='ltr'><strong>bam.</strong></span> <span class='ocrx_word' id='word_1_770' title='bbox 925 2341 996 2367; x_wconf 84' lang='lat' dir='ltr'><strong>Nam</strong></span> <span class='ocrx_word' id='word_1_771' title='bbox 1013 2343 1041 2367; x_wconf 88' lang='lat' dir='ltr'><strong>et</strong></span> <span class='ocrx_word' id='word_1_772' title='bbox 1052 2338 1274 2374; x_wconf 64' lang='lat' dir='ltr'><strong>praedicationem</strong></span> <span class='ocrx_word' id='word_1_773' title='bbox 1288 2346 1345 2365; x_wconf 91' lang='lat' dir='ltr'><strong>non</strong></span> <span class='ocrx_word' id='word_1_774' title='bbox 1360 2337 1492 2373; x_wconf 86' lang='lat' dir='ltr'><strong>scriptam</strong></span> <span class='ocrx_word' id='word_1_775' title='bbox 1503 2338 1632 2373; x_wconf 78' lang='lat' dir='ltr'><strong>Evange-</strong></span> 
     </span>
    </p>
   </div>
   <div class='ocr_carea' id='block_1_104' title="bbox 830 2381 1634 2418">
    <p class='ocr_par' dir='ltr' id='par_1_104' title="bbox 830 2381 1634 2418">
     <span class='ocr_line' id='line_1_104' title="bbox 830 2381 1634 2418; baseline -0.002 -6"><span class='ocrx_word' id='word_1_776' title='bbox 830 2385 900 2413; x_wconf 91' lang='lat' dir='ltr'><strong>lium</strong></span> <span class='ocrx_word' id='word_1_777' title='bbox 920 2388 1010 2412; x_wconf 84' lang='lat' dir='ltr'><strong>vocat.</strong></span> <span class='ocrx_word' id='word_1_778' title='bbox 1025 2385 1088 2411; x_wconf 89' lang='lat' dir='ltr'><strong>Non</strong></span> <span class='ocrx_word' id='word_1_779' title='bbox 1103 2383 1268 2411; x_wconf 83' lang='lat' dir='ltr'><strong>immoratur</strong></span> <span class='ocrx_word' id='word_1_780' title='bbox 1282 2386 1374 2411; x_wconf 90' lang='lat' dir='ltr'><strong>autem</strong></span> <span class='ocrx_word' id='word_1_781' title='bbox 1388 2382 1414 2409; x_wconf 92' lang='lat' dir='ltr'><strong>in</strong></span> <span class='ocrx_word' id='word_1_782' title='bbox 1430 2381 1513 2418; x_wconf 88' lang='lat' dir='ltr'><strong>hujus</strong></span> <span class='ocrx_word' id='word_1_783' title='bbox 1526 2389 1634 2417; x_wconf 61' lang='lat' dir='ltr'><strong>praco—</strong></span> 
     </span>
    </p>
   </div>
   <div class='ocr_carea' id='block_1_105' title="bbox 830 2427 1634 2465">
    <p class='ocr_par' dir='ltr' id='par_1_105' title="bbox 830 2427 1634 2465">
     <span class='ocr_line' id='line_1_105' title="bbox 830 2427 1634 2465; baseline -0.004 -8"><span class='ocrx_word' id='word_1_784' title='bbox 830 2430 896 2464; x_wconf 87' lang='lat' dir='ltr'><strong>niis,</strong></span> <span class='ocrx_word' id='word_1_785' title='bbox 919 2428 1030 2465; x_wconf 87' lang='lat' dir='ltr'><strong>perinde</strong></span> <span class='ocrx_word' id='word_1_786' title='bbox 1051 2436 1083 2456; x_wconf 90' lang='lat' dir='ltr'><strong>ac</strong></span> <span class='ocrx_word' id='word_1_787' title='bbox 1106 2428 1134 2456; x_wconf 91' lang='lat' dir='ltr'><strong>in</strong></span> <span class='ocrx_word' id='word_1_788' title='bbox 1155 2428 1206 2456; x_wconf 86' lang='lat' dir='ltr'><strong>Titi</strong></span> <span class='ocrx_word' id='word_1_789' title='bbox 1224 2437 1230 2456; x_wconf 90' lang='lat'><strong>:</strong></span> <span class='ocrx_word' id='word_1_790' title='bbox 1254 2427 1347 2455; x_wconf 85' lang='lat' dir='ltr'><strong>forsan</strong></span> <span class='ocrx_word' id='word_1_791' title='bbox 1369 2427 1441 2461; x_wconf 91' lang='lat' dir='ltr'><strong>ideo,</strong></span> <span class='ocrx_word' id='word_1_792' title='bbox 1458 2427 1522 2462; x_wconf 91' lang='lat' dir='ltr'><strong>quia</strong></span> <span class='ocrx_word' id='word_1_793' title='bbox 1539 2427 1634 2454; x_wconf 90' lang='lat' dir='ltr'><strong>Corin-</strong></span> 
     </span>
    </p>
   </div>
   <div class='ocr_carea' id='block_1_106' title="bbox 831 2471 1630 2510">
    <p class='ocr_par' dir='ltr' id='par_1_106' title="bbox 831 2471 1630 2510">
     <span class='ocr_line' id='line_1_106' title="bbox 831 2471 1630 2510; baseline -0.004 -8"><span class='ocrx_word' id='word_1_794' title='bbox 831 2474 891 2502; x_wconf 86' lang='lat' dir='ltr'><strong>thiis</strong></span> <span class='ocrx_word' id='word_1_795' title='bbox 914 2475 1024 2510; x_wconf 77' lang='lat' dir='ltr'><strong>ignotus</strong></span> <span class='ocrx_word' id='word_1_796' title='bbox 1037 2477 1106 2507; x_wconf 87' lang='lat' dir='ltr'><strong>erat,</strong></span> <span class='ocrx_word' id='word_1_797' title='bbox 1133 2473 1212 2501; x_wconf 86' lang='lat' dir='ltr'><strong>Titus</strong></span> <span class='ocrx_word' id='word_1_798' title='bbox 1232 2477 1324 2500; x_wconf 89' lang='lat' dir='ltr'><strong>autem</strong></span> <span class='ocrx_word' id='word_1_799' title='bbox 1337 2471 1449 2500; x_wconf 87' lang='lat' dir='ltr'><strong>abunde</strong></span> <span class='ocrx_word' id='word_1_800' title='bbox 1464 2476 1548 2500; x_wconf 90' lang='lat' dir='ltr'><strong>notus</strong></span> <span class='ocrx_word' id='word_1_801' title='bbox 1562 2477 1630 2499; x_wconf 84' lang='lat' dir='ltr'><strong>erat.</strong></span> 
     </span>
    </p>
   </div>
   <div class='ocr_carea' id='block_1_107' title="bbox 834 2516 1632 2547">
    <p class='ocr_par' dir='ltr' id='par_1_107' title="bbox 834 2516 1632 2547">
     <span class='ocr_line' id='line_1_107' title="bbox 834 2516 1632 2547; baseline -0.005 0"><span class='ocrx_word' id='word_1_802' title='bbox 834 2521 964 2547; x_wconf 86' lang='lat' dir='ltr'><strong>Attamen</strong></span> <span class='ocrx_word' id='word_1_803' title='bbox 987 2523 1015 2546; x_wconf 91' lang='lat' dir='ltr'><strong>et</strong></span> <span class='ocrx_word' id='word_1_804' title='bbox 1029 2518 1067 2546; x_wconf 91' lang='lat' dir='ltr'><strong>sic</strong></span> <span class='ocrx_word' id='word_1_805' title='bbox 1089 2518 1219 2546; x_wconf 92' lang='lat' dir='ltr'><strong>idoneum</strong></span> <span class='ocrx_word' id='word_1_806' title='bbox 1247 2517 1283 2545; x_wconf 92' lang='lat' dir='ltr'><strong>illi</strong></span> <span class='ocrx_word' id='word_1_807' title='bbox 1301 2517 1460 2545; x_wconf 88' lang='lat' dir='ltr'><strong>eucomium</strong></span> <span class='ocrx_word' id='word_1_808' title='bbox 1475 2516 1552 2544; x_wconf 90' lang='lat' dir='ltr'><strong>texit.</strong></span> <span class='ocrx_word' id='word_1_809' title='bbox 1570 2518 1632 2543; x_wconf 83' lang='lat' dir='ltr'><strong>Non</strong></span> 
     </span>
    </p>
   </div>
   <div class='ocr_carea' id='block_1_108' title="bbox 832 2562 1630 2599">
    <p class='ocr_par' dir='ltr' id='par_1_108' title="bbox 832 2562 1630 2599">
     <span class='ocr_line' id='line_1_108' title="bbox 832 2562 1630 2599; baseline -0.008 -7"><span class='ocrx_word' id='word_1_810' title='bbox 832 2565 907 2592; x_wconf 90' lang='lat' dir='ltr'><strong>enim</strong></span> <span class='ocrx_word' id='word_1_811' title='bbox 921 2564 1080 2599; x_wconf 89' lang='lat' dir='ltr'><strong>simpliciter</strong></span> <span class='ocrx_word' id='word_1_812' title='bbox 1093 2563 1174 2597; x_wconf 88' lang='lat' dir='ltr'><strong>dicit,</strong></span> <span class='ocrx_word' id='word_1_813' title='bbox 1182 2563 1362 2598; x_wconf 83' lang='lat' dir='ltr'><strong>Evangelium</strong></span> <span class='ocrx_word' id='word_1_814' title='bbox 1376 2562 1520 2597; x_wconf 63' lang='lat' dir='ltr'><strong>praedicat,</strong></span> <span class='ocrx_word' id='word_1_815' title='bbox 1536 2568 1630 2587; x_wconf 86' lang='lat' dir='ltr'><strong>verum</strong></span> 
     </span>
    </p>
   </div>
   <div class='ocr_carea' id='block_1_109' title="bbox 833 2605 1630 2643">
    <p class='ocr_par' dir='ltr' id='par_1_109' title="bbox 833 2605 1630 2643">
     <span class='ocr_line' id='line_1_109' title="bbox 833 2605 1630 2643; baseline -0.006 -7"><span class='ocrx_word' id='word_1_816' title='bbox 833 2609 915 2636; x_wconf 87' lang='lat' dir='ltr'><strong>etiam</strong></span> <span class='ocrx_word' id='word_1_817' title='bbox 932 2609 1068 2643; x_wconf 89' lang='lat' dir='ltr'><strong>laudatur,</strong></span> <span class='ocrx_word' id='word_1_818' title='bbox 1088 2616 1146 2636; x_wconf 88' lang='lat' dir='ltr'><strong>non</strong></span> <span class='ocrx_word' id='word_1_819' title='bbox 1169 2616 1185 2635; x_wconf 77' lang='grc' dir='ltr'><strong>ο</strong></span> <span class='ocrx_word' id='word_1_820' title='bbox 1206 2608 1316 2636; x_wconf 90' lang='lat' dir='ltr'><strong>duobus</strong></span> <span class='ocrx_word' id='word_1_821' title='bbox 1339 2608 1379 2635; x_wconf 89' lang='lat' dir='ltr'><strong>vel</strong></span> <span class='ocrx_word' id='word_1_822' title='bbox 1407 2607 1506 2639; x_wconf 87' lang='lat' dir='ltr'><strong>tribus,</strong></span> <span class='ocrx_word' id='word_1_823' title='bbox 1534 2605 1581 2632; x_wconf 86' lang='lat' dir='ltr'><strong>sed</strong></span> <span class='ocrx_word' id='word_1_824' title='bbox 1596 2605 1630 2631; x_wconf 83' lang='lat' dir='ltr'><strong>ab</strong></span> 
     </span>
    </p>
   </div>
   <div class='ocr_carea' id='block_1_110' title="bbox 832 2653 1112 2682">
    <p class='ocr_par' dir='ltr' id='par_1_110' title="bbox 832 2653 1112 2682">
     <span class='ocr_line' id='line_1_110' title="bbox 832 2653 1112 2682; baseline 0 -1"><span class='ocrx_word' id='word_1_825' title='bbox 832 2654 962 2682; x_wconf 90' lang='lat' dir='ltr'><strong>omnibus</strong></span> <span class='ocrx_word' id='word_1_826' title='bbox 974 2653 1112 2682; x_wconf 83' lang='lat' dir='ltr'><strong>Ecclesiis.</strong></span> 
     </span>
    </p>
   </div>
   <div class='ocr_carea' id='block_1_111' title="bbox 868 2694 1628 2730">
    <p class='ocr_par' dir='ltr' id='par_1_111' title="bbox 868 2694 1628 2730">
     <span class='ocr_line' id='line_1_111' title="bbox 868 2694 1628 2730; baseline -0.009 -3"><span class='ocrx_word' id='word_1_827' title='bbox 868 2700 955 2727; x_wconf 77' lang='lat' dir='ltr'><strong>Vsus.</strong></span> <span class='ocrx_word' id='word_1_828' title='bbox 971 2701 1012 2726; x_wconf 84' lang='lat' dir='ltr'><strong>I9.</strong></span> <span class='ocrx_word' id='word_1_829' title='bbox 1031 2710 1043 2723; x_wconf 75' lang='grc' dir='ltr'><strong>ι</strong></span> <span class='ocrx_word' id='word_1_830' title='bbox 1060 2699 1121 2726; x_wconf 88' lang='lat' dir='ltr'><strong>Non</strong></span> <span class='ocrx_word' id='word_1_831' title='bbox 1135 2698 1225 2726; x_wconf 87' lang='lat' dir='ltr'><strong>solum</strong></span> <span class='ocrx_word' id='word_1_832' title='bbox 1233 2696 1394 2730; x_wconf 84' lang='lat' dir='ltr'><strong>autem,sed</strong></span> <span class='ocrx_word' id='word_1_833' title='bbox 1405 2699 1432 2723; x_wconf 85' lang='lat' dir='ltr'><strong>et</strong></span> <span class='ocrx_word' id='word_1_834' title='bbox 1441 2694 1582 2723; x_wconf 87' lang='lat' dir='ltr'><strong>ordinatus</strong></span> <span class='ocrx_word' id='word_1_835' title='bbox 1589 2697 1628 2721; x_wconf 80' lang='lat' dir='ltr'><strong>est</strong></span> 
     </span>
    </p>
   </div>
   <div class='ocr_carea' id='block_1_112' title="bbox 666 2788 930 2821">
    <p class='ocr_par' dir='ltr' id='par_1_112' title="bbox 666 2788 930 2821">
     <span class='ocr_line' id='line_1_112' title="bbox 666 2788 930 2821; baseline 0 -3"><span class='ocrx_word' id='word_1_836' title='bbox 666 2788 760 2818; x_wconf 72' lang='lat' dir='ltr'><strong>Variae</strong></span> <span class='ocrx_word' id='word_1_837' title='bbox 783 2789 930 2821; x_wconf 83' lang='lat' dir='ltr'><strong>lectiones.</strong></span> 
     </span>
    </p>
   </div>
   <div class='ocr_carea' id='block_1_113' title="bbox 46 2821 494 2870">
    <p class='ocr_par' dir='ltr' id='par_1_113' title="bbox 46 2821 494 2870">
     <span class='ocr_line' id='line_1_113' title="bbox 46 2821 494 2870; baseline 0.025 -19"><span class='ocrx_word' id='word_1_838' title='bbox 46 2821 63 2837; x_wconf 72' lang='lat'><strong>&quot;</strong></span> <span class='ocrx_word' id='word_1_839' title='bbox 77 2829 191 2864; x_wconf 75' lang='grc' dir='ltr'>γενόμενοι</span> <span class='ocrx_word' id='word_1_840' title='bbox 208 2840 234 2861; x_wconf 93' lang='lat'><strong>0.</strong></span> <span class='ocrx_word' id='word_1_841' title='bbox 271 2834 293 2851; x_wconf 78' lang='grc'><strong>²⁹</strong></span> <span class='ocrx_word' id='word_1_842' title='bbox 308 2833 440 2870; x_wconf 73' lang='grc' dir='ltr'>ἀξιόλογον</span> <span class='ocrx_word' id='word_1_843' title='bbox 454 2843 494 2863; x_wconf 89' lang='lat' dir='ltr'><strong>m.</strong></span> 
     </span>
    </p>
   </div>
  </div>
