1877 3081
198 179 249 206 887

710 176 966 205 THEOPHYLACTI
986 175 1163 202 BULGARl/E
1181 175 1337 202 ARCHIEP.

1802 175 1850 202 888

197 241 232 269 ab
257 239 386 269 Ecclesiis
417 247 514 268 comes
539 239 767 276 peregrinationis
787 243 900 272 nostrae,
926 245 990 266 cum

1080 238 1217 274 ζκκλησιῐῖιν
1229 236 1392 276 συνέκδημος
1415 237 1510 276 ἡμῶν,
1527 236 1574 266 σὺν
1590 239 1624 276 τῇ
1650 236 1747 276 χάριτι

196 285 284 322 gratia
299 284 351 313 hac
363 292 425 321 quae
440 293 455 312 a
470 284 552 312 nobis
573 283 792 312 administratur.
811 295 824 308 ι
848 285 996 312 Commen-

199 330 247 358 dat
272 329 416 358 hominem
431 329 514 356 etiam
535 337 568 357 ex
595 337 692 357 eorum
703 328 816 365 judicio,
843 328 891 364 qui
905 327 994 364 ipsum

203 375 372 410 selegerunt.
388 375 449 402 Non
474 374 548 401 enim
570 377 698 407 tantum;
723 373 826 408 inquit,
854 371 993 408 Evangelii

198 418 314 447 verbum
328 417 502 454 praedicando
517 420 729 446 commendatur
750 418 835 446 veluti
854 417 993 453 probatus,

198 471 297 492 verum
316 463 400 491 etiam
414 463 449 491 ab
463 463 590 491 Ecclesiis
615 463 716 491 electus
737 467 789 496 est,
805 466 836 490 ut
849 462 929 490 simul
944 470 993 489 no-

199 508 309 536 biscum
335 508 522 544 proﬁciscatur
546 518 554 535 :
582 507 696 544 proinde
720 515 785 535 cum
808 507 992 535 tentationum

197 557 258 581 tum
274 553 459 589 periculorum
478 556 520 580 est
539 553 640 581 socius.
665 553 731 580 Haec
748 556 839 580 autem
861 551 994 579 Barnabae

197 598 285 634 magis
296 598 447 634 quadrant.
464 597 572 625 Electus
585 601 626 625 est
635 601 726 625 autem
736 596 770 625 ad
781 596 897 633 gratiam
908 596 992 629 hanc,

196 642 250 671 hoc
264 645 306 670 est
320 642 354 670 ad
370 642 545 678 pecuniarum
564 642 764 675 ministerium,
778 645 809 669 ut
827 649 881 669 una
901 641 992 669 nobis-

198 694 263 715 cum
274 686 457 715 administret.

235 743 248 756 ι
270 731 314 760 Ad
334 731 418 767 ipsius
439 731 552 759 Domini
566 731 684 767 gloriam
704 735 733 759 et
747 729 993 766 promptitudinem

198 780 347 805 vestram.»
356 776 415 804 Hoc
424 779 474 809 est,
480 779 512 803 ut
521 779 548 803 et
553 775 809 811 Deusgloriﬁcetur,
817 779 844 802 et
849 782 897 802 vos
905 782 994 810 prom-

199 821 302 857 ptiores
314 820 478 854 reddamini,
492 824 587 856 utpote
605 827 668 848 cum
684 820 862 856 pecuniarum
878 819 992 846 istarum

199 865 284 901 288
291 868 446 901 receptores
453 865 560 900 probati
571 865 636 896 sint,
645 865 766 900 adeoque
776 867 906 900 spectatae
919 863 992 897 ﬁdei,

195 913 228 938 ut
239 917 322 938 nemo
343 909 488 938 adversum
502 909 575 944 ipsos
589 910 774 945 suspicionem
789 916 883 945 parere
898 911 991 944 queat.

232 955 321 982 Vnns.
341 957 383 982 22.
418 965 431 978 ι
456 954 540 982 Veriti
560 954 624 987 hoc,
645 961 681 982 ne
707 954 768 990 quis
794 961 845 981 nos
858 957 951 989 carpat
965 953 993 980 in

196 999 370 1036 plenitudine
384 999 444 1032 hac,
469 1006 531 1034 qua:
548 999 755 1027 administratur
768 1006 783 1026 a
797 998 885 1026 nobis.
907 1009 920 1021 ι»
937 998 993 1025 De-

195 1048 240 1072 cet
253 1043 306 1072 hoc
320 1048 442 1071 sanctam
454 1044 529 1071 Pauli
542 1044 675 1076 animam,
691 1043 888 1079 ingentemque
899 1049 993 1070 curam

196 1092 224 1116 et
242 1088 465 1116 submissionem.
489 1089 559 1116 Eam
573 1088 648 1116 enim
669 1088 705 1116 ob
723 1096 793 1121 rem,
814 1087 912 1122 inquit,
928 1087 995 1114 tales

196 1133 322 1161 misimus
339 1142 346 1160 :
361 1140 412 1160 nec
431 1140 528 1166 unum,
541 1132 589 1160 sed
604 1133 696 1168 plures
710 1143 723 1156 ι
740 1132 838 1165 Veriti,
858 1143 869 1155 ιι
886 1131 914 1159 id
938 1135 992 1165 est,

196 1178 366 1214 suspicantes
385 1181 413 1205 et
441 1181 594 1205 metuentes
617 1185 652 1204 ne
677 1177 737 1213 quis
767 1176 916 1212 suspicetur
942 1183 993 1203 nos

196 1222 347 1259 quidquam
369 1230 385 1250 ο
407 1222 530 1258 pecuniis
551 1222 581 1249 in
596 1229 676 1249 usum
700 1224 825 1249 nostrum
841 1221 992 1256 sublegere.

197 1267 255 1294 Nec
279 1267 358 1299 dixit.
383 1267 423 1294 Ne
447 1274 506 1299 vos,
530 1265 589 1299 sed,
611 1276 624 1291 «
647 1267 688 1294 Ne
715 1266 776 1302 quis
799 1265 892 1293 alius:
920 1276 933 1288 ιι
959 1273 994 1292 ne

196 1315 371 1340 succenseant
393 1315 526 1347 tanquam
550 1311 669 1347 suspecti
695 1310 771 1346 quod
790 1309 825 1338 de
848 1310 909 1346 ipso
929 1310 993 1337 talia

197 1357 326 1384 sentiant.
338 1355 492 1392 Siquidem,
520 1357 619 1391 inquit,
646 1355 788 1391 plenitudo
812 1355 874 1387 ista,
898 1354 926 1382 id
953 1358 994 1382 est

198 1401 375 1436 pecuniarum
397 1401 486 1436 copia,
511 1401 578 1428 satis
598 1404 639 1428 est
658 1401 766 1433 idonea,
794 1403 825 1426 ut
846 1399 935 1435 pravis
949 1406 994 1427 su-

197 1446 350 1482 spicionem
369 1446 501 1481 praebeat,
515 1445 567 1473 nisi
589 1445 764 1473 securitatem
777 1444 991 1472 ostenderimus.

231 1537 320 1564 Vsns.
341 1537 384 1563 21.
404 1546 417 1559 α
432 1534 612 1563 Providentes
627 1534 708 1568 bona,
719 1541 776 1561 non
790 1533 880 1561 solum
897 1541 992 1561 coram

197 1580 330 1613 Domino,
340 1586 438 1606 verum
448 1579 531 1606 etiam
543 1585 637 1605 coram
648 1577 817 1605 hominibus.
836 1589 848 1600 υ
862 1579 903 1605 En
915 1578 991 1605 Pauli

1081 1576 1115 1624 λα
1135 1577 1181 1605 καὶ
1207 1576 1318 1606 ἐνώπιον
1332 1577 1489 1616 ἀνθρώπων.
1508 1591 1520 1602 ι

196 1628 319 1651 mentem
339 1631 423 1658 quam
448 1623 585 1650 sollicitus
599 1621 690 1655 fuerit,
710 1629 744 1650 ne
759 1621 919 1649 scandalum
942 1630 992 1657 po-

197 1672 277 1696 neret
303 1667 442 1695 fratribus.
458 1668 520 1694 Non
535 1667 608 1695 enim
634 1666 712 1698 dixit,
731 1668 788 1702 Ego
810 1674 893 1702 purus
908 1673 969 1694 sum
982 1687 990 1700 ,

197 1713 289 1748 lugeat
301 1712 349 1748 qui
364 1711 438 1740 vult:
458 1711 507 1740 sed
524 1711 772 1747 quemadmodum,
785 1711 885 1747 inquit,
899 1719 991 1739 coram

198 1758 259 1784 Deo
274 1756 413 1792 provideo,
430 1756 483 1784 hoc
506 1762 547 1784 est
569 1763 636 1784 curo
651 1755 736 1784 videri
760 1756 930 1792 inculpatus,
952 1756 992 1783 sic

196 1805 225 1829 et
237 1808 330 1830 coram
344 1800 501 1829 hominibus
520 1811 527 1828 :
550 1808 583 1828 ac
594 1804 697 1836 quanto
712 1804 776 1828 sunt
787 1800 991 1835 imbecilliores,

197 1849 275 1874 tanto
293 1845 380 1882 magis
403 1854 454 1874 nos
472 1845 619 1874 demittere
634 1849 752 1881 oportet,
769 1844 991 1881 quandoquidem

195 1895 223 1919 et
246 1890 365 1926 parvulis
390 1890 481 1926 pueris
507 1889 773 1924 condescendamus,
794 1890 818 1917 si
848 1889 928 1918 laturi
951 1889 989 1917 si-

196 1942 258 1963 mus
267 1943 324 1963 808.

231 1981 320 2008 νιος.
339 1981 384 2006 22.
404 1988 418 2004 ιι
442 1979 571 2007 Misimus
597 1982 688 2006 autem
709 1986 773 2006 cum
794 1978 859 2014 ipsis
874 1977 990 2006 fratrem

196 2027 334 2057 nostrum,
354 2030 437 2058 quem
452 2023 629 2058 probavimus
644 2023 673 2050 in
692 2023 787 2051 multis
801 2030 874 2058 saepe
889 2023 991 2051 studio-

195 2075 258 2096 sum
280 2074 350 2100 esse.
379 2075 454 2095 nunc
477 2072 568 2096 autem
596 2067 791 2095 studiosiorem
811 2067 846 2095 ob
873 2068 990 2096 multam

195 2111 326 2140 ﬁduciam
344 2119 430 2148 quam
450 2111 537 2140 habeo
560 2119 622 2148 erga
638 2120 696 2140 vos.
720 2124 732 2136 »ι
757 2112 882 2140 Alterum
900 2111 988 2146 addit,

194 2156 308 2184 fratrem
326 2163 390 2184 eum
409 2155 567 2190 nominans,
582 2161 610 2184 et
623 2155 821 2184 commendans
843 2157 933 2192 ipsum
956 2165 989 2185 ex

195 2200 248 2229 hoc
257 2200 333 2238 quod
347 2201 472 2238 probarit
485 2201 588 2237 ipsum,
599 2201 819 2238 judicaveritque
833 2201 988 2230 studiosum

193 2253 253 2274 esse
273 2250 303 2274 et
325 2246 419 2274 multis
440 2246 470 2274 in
491 2248 583 2280 rebus,
610 2250 638 2274 et
663 2254 745 2282 saepe.
771 2245 876 2274 Laudis
896 2250 989 2274 autem

193 2291 366 2327 exaggeratio
392 2294 445 2326 est,
467 2290 616 2320 dictionem
640 2290 677 2318 ita
703 2291 878 2327 ingeminare.
908 2292 989 2319 Nunc

192 2339 295 2370 autem,
318 2335 418 2371 inquit,
439 2335 585 2364 studiosior
604 2334 693 2363 factus
709 2339 760 2369 est,
785 2339 882 2372 utpote
899 2336 989 2363 confi-

191 2379 261 2407 dens
274 2379 349 2415 quod
364 2387 414 2407 vos
423 2379 569 2416 largiorem
583 2380 787 2415 eleemosynam
799 2379 898 2408 facturi
920 2380 987 2414 sitis,

191 2431 274 2459 quam
294 2423 535 2452 administraturus
559 2428 614 2452 est.

227 2469 317 2496 Vens.
339 2471 383 2495 23.
406 2479 419 2492 α
435 2468 497 2496 Sive
512 2476 562 2504 pro
579 2469 653 2502 Tito,
668 2469 715 2505 qui
736 2473 778 2497 est
795 2469 885 2497 socius
899 2477 988 2504 meus,

192 2515 219 2540 et
234 2512 270 2540 ad
278 2520 326 2540 vos
340 2512 458 2548 adjutor.
475 2525 487 2537 ι
502 2514 564 2541 Hoc
579 2517 630 2546 est,
646 2515 669 2541 si
682 2514 748 2550 quid
760 2514 829 2542 mihi
842 2514 988 2544 dicendum

191 2557 225 2584 de
243 2556 317 2589 Tito,
343 2556 443 2585 eadem
467 2557 584 2586 dicenda
599 2562 675 2592 sunt,
696 2559 773 2595 quod
792 2559 895 2596 collega
910 2567 988 2588 meus

190 2603 234 2636 sit,
252 2602 386 2638 adjuvans
402 2609 446 2630 me
466 2602 497 2630 in
517 2603 719 2631 institutionem
733 2608 760 2632 et
775 2604 922 2633 utilitatem
944 2612 988 2633 νε-

188 2651 283 2674 stram.
301 2647 360 2681 Vel,
383 2647 405 2675 si
422 2648 487 2684 quid
503 2648 556 2675 Titi
577 2648 686 2675 nomine
711 2648 807 2676 facturi
825 2649 899 2683 estis,
927 2657 984 2677 non

187 2692 464 2729 vulgariscujuspiam
479 2692 591 2720 nomine
603 2692 719 2728 facietis,
731 2693 780 2721 sed
795 2694 909 2730 collegae
919 2694 982 2722 mei.

1050 285 1084 322 τῇ
1113 281 1302 322 διακονουμένῃ
1327 283 1371 322 ὑφ’
1393 283 1482 319 ἡμῶν.
1510 296 1522 308 υ
1548 281 1673 312 Ἐπαινεῖ
1696 282 1744 311 τὸν
1773 282 1852 320 ἄνδρα

1050 326 1096 356 καὶ
1113 328 1142 356 ἐκ
1172 329 1219 362 τῆς
1245 327 1355 367 κρίσεως
1379 328 1430 356 τῶν
1464 325 1661 364 ἓπιλεξαμένων
1691 326 1785 356 αὐτόν.
1816 328 1851 356 05

1049 371 1100 411 γὰρ
1131 371 1225 409 μόνον,
1255 371 1352 411 φησὶν,
1384 370 1618 410 εὐαγγελιζόμενος
1642 372 1800 400 ἐπαινεῖται
1821 372 1853 404 ὣς

1049 416 1202 454 εὐδόκιμος,
1223 416 1293 446 ἀλλὰ
1312 415 1358 445 καὶ
1380 415 1544 454 συνέκδημος
1566 417 1643 453 ἡμῶν
1662 415 1851 455 ἐχειροτονήθη

1050 460 1099 490 ὑπὸ
1129 462 1180 489 τῶν
1214 459 1394 496 Ἐκκλησιῶν.
1422 459 1509 490 Ὥστε
1538 460 1584 490 καὶ
1610 462 1662 490 τῶν
1692 462 1851 498 πειρασμέιν

1049 504 1094 534 καὶ
1116 507 1168 534 τῶν
1191 504 1317 534 κινδύνων
1337 506 1469 538 κοινωνός.
1498 507 1524 535 Τ
1526 507 1594 534 α’ὗτα
1620 504 1647 534 δὲ
1664 506 1705 544 τῷ
1722 504 1850 544 Βαρνάϐᾳ

1049 551 1151 588 μᾶλλον
1174 550 1311 589 προσήκει.
1336 549 1542 590 Ἐχειροτονήθη
1562 549 1590 578 δὲ
1613 549 1659 579 καὶ
1676 550 1714 582 εἰς
1729 548 1779 584 τὴν
1802 550 1849 587 χά-

1049 606 1088 634 ριν
1116 594 1233 630 ταύτην,
1251 593 1402 632 τουτέστιν,
1425 595 1462 628 εἷς
1477 594 1524 630 τὴν
1553 594 1690 624 διακονίαν
1715 595 1771 622 τῶν
1786 604 1847 632 χρη-

1048 639 1155 678 μάτων,
1170 641 1204 672 ὥς
1216 639 1248 668 ἂν
1263 639 1310 668 σὺν
1328 641 1390 677 ἡμῖν
1409 640 1530 678 διακονῇ.

1090 740 1106 759 ε
1121 729 1192 770 Πρὸς
1206 729 1254 765 τὴν
1270 730 1350 759 αὐτοῦ
1362 733 1408 760 τοῦ
1426 729 1525 768 Κυρίου
1538 729 1615 763 δόξαν
1634 728 1682 758 καὶ
1697 730 1849 768 προθυμίαν

1048 775 1132 812 ὑμῶν.
1153 787 1166 800 ι
1184 773 1342 811 Τουτίστιν,
1365 773 1427 804 Ἵνα
1443 774 1488 803 καὶ
1507 776 1521 803 ὃ
1537 774 1605 807 Θεὸς
1620 774 1786 808 δοξάζηται,
1810 775 1850 803 καὶ

1048 820 1121 856 ὑμεῖς
1145 818 1334 858 προθυμότεροι
1359 819 1486 857 γένησθε,
1508 818 1554 848 ἅτε
1571 820 1623 847 τῶν
1644 818 1849 857 ὑποδεχομένων

1048 862 1082 892 τὰ
1107 863 1237 903 χρήματα
1263 865 1349 892 ταῦτα
1377 863 1493 901 δοκίμων
1522 863 1621 901 ὄντων,
1655 863 1703 891 καὶ
1742 864 1850 900 μηδενὸς

1012 901 1036 932 Β
1049 901 1164 948 ὑποψίαν
1178 907 1238 937 κατ’
1253 909 1340 937 αὐτῶν
1354 912 1439 937 τεκεῖν
1455 908 1614 946 δυναμένου.

1003 2271 1028 2303 D

1091 963 1106 979 ι
1120 952 1297 990 Στελλόμενοι
1319 955 1413 988 τοῦτο,
1429 952 1468 991 μή
1483 964 1520 985 τις
1540 954 1611 990 ἡμᾶς
1631 952 1807 991 μωμήσηται
1827 954 1848 981 ἐν

1047 999 1081 1035 τῇ
1107 996 1232 1036 ἁδρότητι
1255 996 1338 1035 ταύτῃ
1363 998 1396 1036 τῇ
1423 997 1614 1035 διακονουμένῃ
1644 997 1690 1036 ὕφ’
1713 998 1810 1034 ἡμῶν.
1839 1010 1848 1022 ι

1047 1039 1133 1075 Ἄξιον
1147 1044 1225 1071 τοῦτο
1249 1043 1295 1077 τῆς
1311 1041 1388 1080 ἁγίας
1402 1044 1449 1071 τοῦ
1475 1041 1584 1072 Παύλου
1610 1043 1719 1082 ψυχῆς,
1743 1042 1794 1070 καὶ
1809 1044 1848 1073 τῆς

1048 1087 1148 1121 πολλῆς
1172 1086 1329 1124 κηδεμονίας
1355 1087 1400 1116 καὶ
1425 1085 1662 1125 συγκαταϐάσεως.
1692 1085 1753 1116 Διᾶ
1780 1089 1848 1115 τοῦτο

1048 1130 1114 1170 γὰρ,
1131 1131 1211 1170 φησὶ,
1231 1131 1363 1165 τοιούτους
1377 1130 1552 1171 ἐπέμψαμεν,
1568 1131 1614 1159 καὶ
1631 1131 1681 1170 οὐχ
1699 1130 1754 1159 ἕνα
1764 1154 1773 1168 ,
1788 1132 1847 1160 me

1047 1175 1170 1212 πλείους,
1197 1189 1210 1202 ε
1236 1176 1422 1214 στελλόμενοι,
1447 1186 1462 1205 n
1483 1175 1637 1213 τουτέστιν,
1656 1176 1850 1206 ὑποπτεύοντες

1048 1220 1093 1249 καὶ
1109 1221 1253 1253 δεδοικότες
1275 1220 1318 1249 ἵνα
1337 1220 1375 1258 μή
1397 1233 1435 1254 τις
1455 1222 1528 1258 ἡμᾶς
1552 1220 1711 1259 ὑποπτεύσῃ
1747 1223 1786 1253 ὡς
1812 1232 1847 1248 νο-

1047 1264 1216 1304 σφιζομένους
1241 1265 1271 1294 ἐκ
1296 1267 1348 1294 τῶν
1367 1265 1527 1306 χρημάτων.
1556 1265 1612 1294 Καὶ
1627 1265 1676 1293 οὖκ
1696 1259 1786 1301 εἷπε,
1810 1266 1848 1298 Μὴ

1048 1309 1136 1346 ὑμεῖς,
1156 1309 1239 1343 ἀλλὰ,
1256 1323 1268 1335 ι
1280 1309 1329 1345 Μή
1343 1321 1383 1342 τις
1401 1309 1492 1343 ἄλλος·
1505 1321 1520 1338 »
1538 1310 1573 1342 ὣς
1588 1308 1620 1338 ἂν
1636 1309 1675 1347 μὴ
1696 1311 1849 1348 ἀγανακτή-

1048 1365 1129 1382 σωσιν
1145 1355 1180 1386 ὥς
1191 1356 1303 1383 τοιαῦτα
1321 1358 1426 1394 φρονεῖν
1445 1354 1507 1394 περὶ
1529 1355 1610 1383 αὐτοῦ
1626 1355 1849 1392 ὑποπτευόμενοι.

1050 1397 1104 1428 Καὶ
1118 1400 1134 1433 ἡ
1152 1398 1263 1438 ἆδρότης
1277 1397 1328 1438 γὰρ
1345 1398 1428 1435 αὕτη,
1451 1399 1530 1438 φησὶ,
1546 1397 1683 1434 τουτέστι,
1698 1399 1736 1427 τὸ
1759 1400 1849 1432 πλῆθος

1047 1443 1100 1471 τῶν
1127 1443 1290 1482 χρημάτων,
1318 1443 1407 1472 ἱκανὸν
1442 1445 1496 1475 τοῖς
1532 1446 1656 1482 πονηροῖς
1695 1447 1847 1483 παρασχεῖν

1048 1486 1178 1527 ὑποψίαν,
1189 1488 1211 1516 εἰ
1228 1488 1265 1525 μὴ
1281 1487 1471 1526 ἐπιδειξώμεθα
1486 1487 1641 1524 ἀσφάλειαν.

1092 1543 1107 1560 α
1123 1532 1315 1571 Προνοούμενοι
1339 1532 1424 1568 καλὰ,
1445 1533 1474 1561 οὗ
1496 1532 1574 1570 μόνον
1597 1531 1711 1561 ἐνώπιον
1736 1532 1847 1572 Κυρίου.

1542 1575 1598 1606 Ἰδε
1624 1577 1671 1611 τὴν
1687 1578 1790 1617 ψυχὴν
1812 1579 1848 1606 rs?-

1047 1619 1174 1658 Παύλου,
1190 1623 1246 1655 πῶς
1274 1621 1404 1661 ἐφρόντιζε
1434 1623 1486 1650 τῶν
1510 1621 1668 1651 σκανδάλων
1695 1624 1759 1651 τῶν
1781 1623 1848 1650 ἅδε)-

1047 1638 1174 1658 υαυΛυυ,
1190 1638 1246 1655 πως
1274 1638 1296 1650 ΕΠ
1307 1638 1404 1661 ρυνῖιςι
1434 1638 1486 1650 των
1510 1638 1668 1651 σκανυιιΛων
1695 1638 1759 1651 ιων
1781 1638 1848 1650 IW‘

1045 1667 1110 1705 φῶν.
1141 1666 1181 1695 Οὐ
1205 1666 1257 1705 γὰρ
1273 1638 1361 1696 εἶπεν
1376 1665 1449 1705 Ἐγὼ
1474 1665 1588 1706 καθαρός
1611 1667 1685 1704 εἰμι,
1712 1667 1848 1704 οἷμωζέτδι

1045 1713 1058 1739 ὁ
1079 1710 1237 1749 βουλόμενος
1248 1723 1254 1728 ·
1271 1711 1331 1740 ἀλλ’
1345 1709 1455 1750 εὨσπερ
1473 1710 1582 1740 ἐνώπιον
1602 1713 1648 1739 τοῦ
1664 1712 1760 1747 Θεοῦ,
1776 1712 1847 1750 anei.

1045 1757 1223 1793 προνοοῦμαι,
1243 1755 1377 1791 τουτέστι,
1399 1756 1528 1795 φροντίζω
1546 1755 1687 1795 φαίνεσθαι
1715 1756 1847 1794 ἀνέγκλη-

1044 1810 1087 1831 τος
1097 1821 1105 1837 ,
1122 1798 1190 1828 οὕτω
1213 1800 1258 1829 καὶ
1281 1799 1392 1829 ἐνώπιον
1417 1799 1561 1837 ἀνθρώπων
1574 1811 1580 1818 ·
1596 1799 1643 1828 καὶ
1665 1800 1781 1838 μᾶλλον
1797 1801 1845 1828 ὅσον

1046 1843 1229 1883 ἀσθενέστεροί
1266 1845 1332 1880 εἶσι,
1361 1846 1486 1874 τοσοῦτον
1522 1844 1562 1873 δεῖ
1596 1844 1843 1883 συγκαταϐαίνειν·

1046 1888 1104 1917 επεὶ
1126 1888 1171 1917 καὶ
1190 1881 1247 1921 τοῖς
1264 1892 1368 1928 μικροῖς
1396 1888 1510 1922 παιδίοις
1533 1881 1814 1928 συγκαταϐαίνομεν,
1828 1890 1845 1916 εἰ

1045 1931 1177 1971 μέλλομεν
1194 1933 1328 1972 βαστάσαι
1341 1932 1420 1963 αὐτά.

1087 1990 1099 2003 ι
1123 1977 1339 2018 Συνεπέμψαμεν
1365 1977 1392 2006 δὲ
1423 1977 1509 2010 αὐτοῖς
1537 1976 1580 2006 τὸν
1607 1977 1724 2017 ἀδελφὸν
1755 1979 1844 2016 ἡμᾶν,
1872 1992 1873 2018 ἦ

1045 2020 1072 2050 ὃν
1102 2021 1298 2060 ἐδοκιμάσαμεν
1333 2022 1360 2051 ἐν
1388 2023 1496 2055 πολλοῖς
1530 2021 1659 2054 πολλάκις
1699 2024 1844 2052 σπουδαῖον

1044 2065 1124 2102 ὄντα,
1141 2066 1196 2094 νυνὶ
1213 2065 1240 2095 δὲ
1263 2065 1331 2096 πολὺ
1351 2066 1554 2106 σπουδαιότερον
1574 2066 1738 2101 πεποιθήσει
1765 2067 1843 2103 «cui

1044 2113 1077 2148 τῇ
1103 2111 1139 2143 εἷς
1167 2112 1246 2149 ὓμᾶς,
1272 2121 1287 2139 n
1316 2111 1372 2141 Καὶ
1399 2110 1488 2150 ἕτερον
1511 2111 1702 2150 προστίθησιν,
1735 2112 1842 2150 ἀδελᾷπ
1871 2125 1872 2150 ι

1043 2155 1177 2193 ὀνομάζων
1209 2154 1285 2185 αὐτὸν
1299 2177 1307 2192 ,
1340 2156 1384 2185 καὶ
1411 2157 1539 2185 συνιστίῦν
1563 2156 1594 2184 ἐκ
1622 2158 1669 2184 τοῦ
1694 2156 1842 2193 δοκιμάσαι

1044 2199 1122 2229 αὐτὸν
1150 2200 1195 2228 καὶ
1221 2200 1308 2240 κρῖναι
1329 2201 1473 2229 σπουδαῖον
1493 2199 1576 2235 ὄντα,
1597 2199 1644 2228 καὶ
1666 2200 1694 2228 ἐν
1722 2201 1843 2231 πολλοῖς.

1043 2243 1090 2272 καὶ
1104 2243 1232 2276 πολλάκις
1245 2255 1252 2261 ·
1279 2243 1400 2277 ἐπίτασις
1422 2245 1450 2274 δὲ
1466 2244 1593 2280 ἐπαίνου,
1612 2244 1643 2273 τὸ
1664 2242 1738 2274 οὕτω
1756 2245 1843 2273 διπλα-

1044 2288 1137 2318 σιάσαι
1164 2289 1214 2324 τὴν
1239 2288 1318 2322 λέξιν,
1334 2289 1402 2318 Νυνὶ
1418 2289 1463 2325 δὲ,
1481 2288 1561 2329 φησὶ,
1579 2288 1792 2329 σπουδαιότερος
1804 2289 1844 2328 γέ-

1043 2344 1134 2371 γονεν,
1170 2332 1218 2362 ἅτε
1244 2334 1377 2366 πεποιθὼς
1405 2333 1446 2362 ὅτι
1473 2335 1548 2372 ὑμεῖς
1576 2333 1779 2373 δαψιλεστέραν
1803 2334 1842 2368 ti,"

1043 2377 1222 2415 ἐλεημοσύνην
1237 2377 1373 2415 ποιήσετε,
1386 2377 1444 2418 [εἷς]
1463 2377 1496 2413 ἣν
1510 2377 1602 2416 μέλλει
1615 2378 1790 2413 διακονῆσαι.

1084 2481 1096 2494 ι
1114 2467 1175 2498 Εἴτε
1192 2467 1259 2508 ὗπὲρ
1280 2468 1378 2505 Τίτου,
1400 2469 1521 2502 κοινωνὸς
1546 2468 1625 2507 ἐμὸς,
1651 2470 1698 2498 καὶ
1723 2471 1765 2503 εἰς
1779 2471 1840 2507 fusi:

1044 2513 1180 2552 συνεργός.
1204 2526 1217 2539 ι
1235 2513 1396 2549 Τουτέστιν,
1417 2515 1449 2544 Εἰ
1465 2514 1504 2542 δεῖ
1526 2525 1551 2542 τι
1563 2515 1646 2543 εἰπεῖν
1662 2514 1732 2552 ὅπερ
1749 2514 1838 2546 Τίτου,

1041 2560 1127 2586 ταῦτα
1143 2557 1176 2593 ³ο,
1192 2557 1247 2597 ἔχω
1267 2557 1368 2596 λέγειν,
1397 2557 1437 2587 ὅτι
1461 2558 1584 2591 κοινωνὸς
1609 2559 1687 2597 ἐμὸς,
1709 2560 1837 2597 συνεργῶῑ

1042 2614 1088 2640 μοι
1109 2603 1145 2636 εἷς
1159 2602 1206 2637 τὴν
1222 2603 1297 2641 ὑμῶν
1325 2602 1498 2632 διδασκαλίαν
1520 2602 1566 2632 καὶ
1582 2603 1712 2643 ὠφέλειαν
1723 2615 1730 2621 ·
1756 2602 1787 2638 ἢ,
1804 2602 1838 2630 ὅτι

1042 2647 1074 2676 Εἰ
1091 2647 1156 2686 ὑπὲρ
1170 2647 1252 2677 Τίτου
1266 2659 1292 2676 τι
1309 2647 1449 2684 ποιήσετε,
1464 2648 1511 2677 οὐκ
1522 2648 1558 2680 εἰς
1573 2647 1618 2676 τὸν
1633 2648 1750 2687 τυχόντα
1761 2647 1835 2680 ποιή-

1040 2702 1098 2720 σετε
1109 2714 1116 2728 ,
1134 2692 1193 2721 ἀλλ’
1204 2694 1239 2724 εἷς
1252 2691 1315 2730 ἐμὸν
1326 2691 1457 2721 κοινωνόν.

890 2765 983 2795 Variae
1004 2766 1157 2797 lectiones.

222 2807 245 2824 ⁸*
257 2811 358 2835 τοιαῦτα
372 2817 396 2837 ο.

1873 1448 1877 1567 l

1872 1577 1876 1792 1
