1877 3081
37 187 85 212 889

469 181 643 211 EXPOSITIO
663 183 696 211 IN
716 183 821 211 EPIST.
842 183 863 210 ll
882 183 928 210 ΑΙ)
948 183 1026 211 COB.
1045 198 1082 204 --
1100 184 1174 211 CAP.
1195 184 1239 211 IX.

1623 187 1676 214 890

78 261 90 274 ι
107 245 170 278 Εἴτε
181 245 288 286 ἀδελφοὶ
303 246 391 284 ἡμῶν.
411 258 424 271 ι
436 245 596 282 Τουτέστιν,
611 245 675 276 Εἴτε
691 246 758 284 ὑπὲρ
771 247 823 275 τῶν
839 249 865 278 Α

917 257 930 270 α
954 246 1017 274 Sive
1035 245 1136 274 fratres
1161 245 1258 274 nostri.
1275 254 1290 273 ιι
1305 246 1367 274 Hoc
1386 250 1445 281 est,
1459 247 1516 276 sive
1541 255 1592 284 pro
1614 248 1674 276 aliis

38 293 120 322 ἄλλων
137 291 262 331 βούλεσθέ
286 302 312 320 τι
326 291 453 327 ἀκοῦσαι,
474 291 590 319 κάκεῖνοι
613 291 718 329 μεγάλα
735 291 824 320 δίκαια

38 338 123 376 ἔχουσι
138 339 183 366 τοῦ
204 335 351 370 ἀξιόπιστοι
375 336 496 375 κριθῆναι
516 335 558 354 ³⁴⁶
584 336 630 364 καὶ
651 335 700 375 γὰρ
716 335 823 376 ἀδελφοὶ

37 383 119 419 ἡμῶν.

74 440 86 452 ι
97 425 249 456 Ἀπόσιολοι
274 425 453 460 Ἐκκλησιῶν.
471 437 484 451 ι
501 425 663 463 Τουτέστιν,
690 425 742 454 ὑπὸ
757 425 824 455 Ἐκ-

38 471 146 506 χλησιῶν
161 470 322 510 πεμφθέντες
339 469 384 499 καὶ
391 469 626 510 χειροτονηθέντες.

76 527 88 542 ι
105 514 175 549 Δόξα
206 516 335 554 Χριστοῦ.
360 527 372 539 ιι
398 514 439 544 Τὸ
467 516 557 552 μεῖζον
581 514 689 543 πάντων
717 513 824 554 ὕστερον

38 559 154 590 τέθεικεν.
176 561 224 592 Εἷς
254 558 383 599 Χριστὸν,
410 560 506 599 φησὶν,
522 558 679 598 ἀναφέρεται
703 558 734 588 τὸ
755 564 824 596 πᾶν,

39 604 96 644 ὅπερ
109 603 140 633 ἂν
155 605 191 637 εἷς
205 605 318 637 ἐκείνους
332 603 452 643 γίνηται.

74 663 85 676 ι
101 649 158 684 Τὴν
180 644 225 678 οὖν
240 648 344 682 ἔνδειξιν
370 650 417 683 τῆς
443 647 548 686 ἀγάπης
570 649 659 686 ὖμῶν,
679 648 726 677 καὶ
748 650 825 687 ἡμῶν

39 693 187 733 καυχήσεως
218 693 284 733 ὑπὲρ
313 694 386 730 ὑμῶν
420 693 457 726 εἰς
494 692 590 725 αὐτοὺς
619 692 765 726 ἐνδείξασθε
790 694 826 726 εἶς

39 738 172 776 πρόσωπον
193 739 245 766 τῶν
275 736 455 772 Ἐκκλησιῶν.
480 750 492 764 ι
522 739 578 768 Νῦν
601 737 718 773 δείξατε,
743 738 824 777 φησὶ,

39 784 88 816 πῶς
104 781 151 821 μὲν
167 784 243 820 ὑμεῖς
268 783 390 821 ἀγαπᾶτε
407 784 491 820 ἡμᾶς’
506 783 563 815 πῶς
589 782 616 811 δὲ
638 782 684 811 καὶ
701 783 777 820 ἡμεῖς
796 783 825 811 οὗ

40 827 119 864 μάτην
133 826 297 866 καυχώμεθα
319 828 359 867 ἐφ’
375 828 448 864 ὑμῖν.
466 827 570 861 Δείξετε
591 826 635 863 δὲ,
656 827 702 856 ἐὰν
718 827 825 866 ἀγάπην

39 873 70 904 εἰς
88 871 180 905 αὖτοὺς
200 871 357 907 ἐνδείξησθε.
383 871 437 900 Καὶ
460 871 511 911 γὰρ
527 871 573 900 καὶ
591 882 606 898 α
631 872 667 906 εἰς
683 871 825 911 πρόσωπον

879 290 960 318 vultis
981 290 1130 327 quidquam
1152 290 1256 323 audire,
1277 295 1305 318 et
1325 290 1364 318 illi
1391 291 1510 319 multum
1531 292 1604 328 juris
1622 293 1674 320 ha-

879 335 945 363 bent
959 343 1008 364 cur
1023 335 1077 364 ﬁde
1096 335 1174 371 digni
1186 339 1346 363 censeantur
1361 344 1368 363 :
1383 336 1487 364 etenim
1503 335 1599 364 fratres
1618 345 1671 364 no-

879 380 928 408 stri
943 384 1015 408 sunt.

879 437 892 450 α
913 425 1040 461 Apostoli
1071 425 1265 453 Eeclesiarum.
1282 436 1295 450 π
1321 425 1382 453 Hoc
1409 428 1460 458 est.
1483 425 1518 453 ab
1546 425 1676 454 Ecclesiis

879 470 956 498 missi
974 474 1002 498 et
1016 470 1105 498 electi.

917 525 930 540 ι(
951 514 1044 543 Gloria
1069 514 1181 543 Christi.
1206 524 1220 542 ιι
1249 514 1330 550 Quod
1354 515 1484 544 omnibus
1506 515 1596 550 majus
1617 517 1672 548 est,

879 560 1012 596 posterius
1026 559 1126 596 posuit.
1141 560 1174 587 In
1192 559 1345 594 Christum,
1368 559 1468 596 inquit,
1492 560 1587 588 omnia
1602 559 1671 587 refe-

879 609 988 638 runtur,
1007 612 1178 640 quaecunque
1188 604 1241 633 illis
1250 604 1408 640 obtingunt.

916 650 1005 677 Vnss.
1021 652 1065 676 24.
1083 659 1098 675 «ι
1112 649 1304 677 Ostensionem
1319 649 1401 684 igitur
1417 648 1558 677 charitatis
1573 653 1669 677 vestrae

879 697 907 721 et
928 694 1100 730 gloriationis
1116 698 1219 722 nostra!
1238 702 1288 730 pro
1308 694 1386 722 vobis
1400 701 1463 729 erga
1482 694 1557 730 ipsos
1581 698 1675 722 osten-

879 738 936 766 dite
954 739 1038 774 289
1051 738 1077 766 in
1098 737 1167 766 facie
1189 739 1379 766 Ecelesiarum.
1397 750 1410 762 ι»
1425 740 1505 766 Nunc
1523 738 1674 769 ostendite,

880 783 980 819 inquit,
1005 782 1147 819 quomodo
1162 783 1275 819 diligitis
1292 790 1352 818 nos,
1365 782 1506 819 quomodo
1521 783 1605 810 etiam
1622 791 1676 810 non

879 827 967 855 fustra
984 827 1134 863 gloriemur
1147 827 1182 855 de
1202 827 1287 856 vobis.
1310 827 1501 855 Monstrabitis
1522 831 1629 860 autem,
1651 827 1674 854 si

880 872 1040 900 charitatem
1060 872 1089 900 in
1108 871 1182 908 ipsos
1196 872 1356 900 ostendatis.
1373 873 1445 900 Nam
1463 873 1491 899 in
1506 872 1564 907 ipsa
1582 871 1673 899 Eccle-

38 917 84 945 τῶν
101 916 269 953 Ἐκκλησιῶν
287 929 300 942 ι
328 915 452 951 ποιήσετε
467 915 481 944 ὃ
501 916 624 952 ποιήσετε
645 917 680 950 εἷς
703 917 824 955 τούτους,
842 921 866 951 Β
881 925 885 944 ε

917 924 984 944 vrum
1006 916 1072 944 faeie
1092 916 1203 948 facietis,
1226 916 1300 952 quod
1315 916 1418 945 facietis
1431 916 1466 944 ad
1480 916 1545 949 hos,
1561 916 1613 944 hoc
1635 920 1677 943 est

39 961 179 997 τουτέστιν,
209 962 244 994 εἰς
265 959 344 999 τιμὴν
359 961 412 990 τῶν
432 960 614 997 Ἐκκλησιῶν.
632 961 672 991 Τὸ
686 961 828 1002 πρόσωπον

39 1005 84 1045 γὰρ
108 1007 158 1035 τῶν
187 1005 356 1042 Ἐκκλησιῶν
383 1005 523 1044 ἐπέχουσιν
551 1002 622 1036 οὗτοι
645 1007 698 1035 τῶν
723 1008 831 1046 πεμψαο

40 1052 87 1079 σιῗιν
101 1049 207 1083 αὐτούς.

322 1095 468 1126 ΚΕΦΑΛ.
485 1094 534 1126 Θ’.

79 1168 93 1186 ε
107 1157 173 1197 Περὶ
197 1157 244 1196 μὲν
260 1156 313 1198 γὰρ
328 1158 374 1192 τῆς
388 1157 521 1191 διακονίας
536 1159 584 1194 τῆς
606 1159 642 1191 εἷς
657 1157 717 1192 τοὺς
737 1157 828 1198 ἁγίους

41 1202 151 1242 περιττόν
174 1202 223 1241 μοί
248 1203 304 1231 ἔστι
326 1202 356 1232 τὸ
370 1202 479 1242 γράφειν
510 1204 582 1241 ὑμῖν,
598 1213 614 1231 n
633 1205 760 1233 Τοσαῦτα
784 1204 828 1233 καὶ

38 1247 156 1287 πρότερον
185 1247 282 1283 εἰπὼν,
306 1246 352 1276 καὶ
374 1247 456 1276 πάλιν
482 1248 587 1284 μέλλων
604 1248 686 1277 εἶπεῖν
699 1248 740 1287 ³³,
758 1247 828 1286 ὅμως

40 1291 152 1331 περιττὸν
166 1292 243 1332 αὐτῷ
258 1291 327 1330 λέγει
344 1291 374 1321 τὸ
385 1291 411 1310 ³³
426 1291 487 1331 περὶ
510 1291 609 1322 τούτων
635 1293 753 1332 γράφειν.
772 1294 825 1322 Σο-

39 1335 126 1375 φῶςδὲ
149 1338 229 1365 τοῦτο
252 1340 339 1372 ποιεῖ,
366 1336 434 1365 ὥστε
462 1338 564 1375 μᾶλλον
593 1338 687 1370 αὐτοὺς
714 1338 828 1368 ἐπισπά-

41 1383 138 1411 σασθαι.
156 1381 390 1420 Αἶσχυνθήσονται
411 1381 478 1420 γὰρ,
501 1380 526 1409 εἶ
545 1393 575 1420 γε
590 1382 715 1417 τοιαύτην
730 1382 828 1418 ὑπόλη-

40 1427 79 1464 ψιν
92 1425 150 1464 περὶ
172 1427 261 1454 αὐτῶν
286 1424 391 1465 ἔχοντος
406 1427 453 1454 τοῦ
471 1424 597 1465 Παύλου,
617 1426 657 1454 ὅτι
672 1427 701 1455 οὖ
726 1425 829 1455 δέονται

42 1469 187 1507 συμϐουλῆς
214 1469 278 1509 πρὸς
300 1469 330 1499 τὺ
358 1470 455 1506 ἐλεεῖν,
485 1464 542 1499 εἶτα
566 1472 681 1511 φανῶσιν
705 1471 829 1504 ἐλάττους

38 1515 82 1553 βῆς
91 1514 256 1554 ὕπολήψεως.

878 961 912 989 ad
935 961 1070 989 honorem
1095 961 1287 989 Ecclesiarum.
1312 961 1357 988 Isti
1375 961 1452 989 enim
1479 960 1674 992 Ecclesiarum,

879 1014 940 1042 quae
959 1006 1032 1042 ipsos
1045 1006 1192 1040 miserunt,
1207 1013 1354 1041 personam
1369 1009 1482 1041 gerunt.

1182 1105 1304 1133 CAPUT
1324 1106 1377 1133 IX.

915 1167 1005 1195 Vsas.
1022 1169 1046 1194 1.
1065 1177 1078 1190 σι
1090 1167 1160 1194 Nam
1174 1166 1207 1194 de
1221 1167 1373 1194 ministerio
1383 1165 1457 1203 quod
1472 1165 1502 1194 fit
1516 1165 1544 1193 in
1559 1169 1679 1199 sanctos,

880 1211 1050 1248 superfluum
1073 1216 1116 1239 est
1129 1212 1196 1239 mihi
1216 1212 1336 1239 scribere
1354 1211 1447 1239 vobis.
1478 1222 1488 1235 ι
1505 1211 1575 1238 Cum
1602 1214 1678 1238 tanta

881 1260 961 1284 antea
984 1255 1101 1290 dixerat,
1119 1264 1150 1284 ac
1171 1263 1281 1283 rursum
1305 1255 1429 1283 dicturus
1443 1259 1514 1288 erat,
1536 1260 1629 1283 tamen
1644 1255 1678 1283 de

882 1301 943 1328 istis
966 1300 1086 1328 scribere
1106 1308 1338 1335 supervacaneum
1373 1300 1425 1328 sibi
1449 1308 1507 1327 esse
1531 1299 1607 1328 dicit.
1632 1300 1679 1327 Sa-

883 1345 988 1380 pienter
1009 1349 1102 1372 autem
1128 1344 1179 1373 hoc
1208 1344 1285 1378 facit,
1310 1349 1341 1372 ut
1363 1345 1452 1381 magis
1477 1352 1525 1372 eos
1549 1344 1678 1372 attrahat.

883 1389 1024 1418 Pudeﬁent
1038 1390 1128 1424 enim,
1144 1389 1166 1417 si
1180 1389 1279 1417 Paulus
1294 1390 1377 1417 talem
1393 1389 1427 1417 de
1442 1389 1506 1424 ipsis
1521 1389 1678 1424 opinionem

884 1435 994 1469 habeat,
1011 1433 1085 1470 quod
1099 1434 1215 1462 consilio
1235 1434 1303 1462 nihil
1329 1442 1398 1470 opus
1422 1433 1523 1461 habeat
1535 1433 1569 1461 ad
1583 1433 1625 1465 id,
1650 1438 1680 1461 ut

883 1483 1042 1507 sanctorum
1075 1479 1249 1512 misereatur,
1277 1482 1371 1514 postea
1406 1482 1497 1506 autem
1526 1478 1677 1514 deprehen-

884 1523 983 1551 dantur
1001 1523 1130 1559 opinione
1149 1522 1304 1552 inferiores.

79 1569 93 1587 ιι
107 1553 243 1609 ρ’ἷδαγγὰρ
269 1558 322 1609 τὴν,
336 1558 495 1609 προθυμίαν.
507 1560 594 1609 tam,
615 1560 646 1595 ἣν
673 1560 738 1600 ὑπὲρ
755 1562 828 1599 ὑμῶν
843 1577 867 1609 C

919 1569 1004 1596 Vsus.
1071 1579 1083 1592 α
1100 1567 1168 1596 Novi
1183 1568 1258 1595 enim
1278 1567 1524 1603 promptitudinem
1547 1570 1677 1600 vestram,

42 1605 179 1642 καυχῶμαι
212 1603 383 1644 Μακεδόσιν,
418 1603 459 1633 ὅτι
487 1603 581 1644 Ἀχαΐα
615 1605 829 1644 παρεσκεύασται

42 1647 89 1676 ἀπὸ
100 1648 206 1687 πέρυσι.
220 1661 233 1673 ι
247 1643 317 1678 Οἶδα
332 1648 376 1677 καὶ
392 1647 483 1684 αὐτὸς,
505 1649 586 1689 φησὶ,
611 1643 661 1684 τὴν
680 1650 828 1689 προθυμίαν

42 1693 107 1729 ὗμῶν
118 1704 125 1710 ·
138 1692 186 1721 καὶ
206 1694 236 1721 ού
258 1692 337 1730 μόνον
352 1695 445 1731 τοῦτο,
462 1693 531 1722 ἀλλὰ
545 1693 590 1722 καὶ
609 1694 705 1734 ἑτέροις
727 1697 831 1735 καυχῶ-

42 1747 103 1773 μαι,
128 1736 168 1766 ὅτι
195 1738 288 1776 ἑτοίμη
311 1737 366 1767 ἐστὶ
393 1742 466 1766 πᾶσα
483 1740 500 1774 ἡ
527 1736 636 1777 Ἀχαΐα,
661 1740 690 1768 οὗ
718 1739 784 1777 μόνη
813 1742 829 1775 ἡ
857 1746 859 1753 ‘

42 1781 181 1820 Κόρινθοςυ
207 1781 253 1810 καὶ
275 1781 347 1812 οὐδὲν
375 1781 478 1821 λείπει,
507 1783 528 1811 εἰ
550 1782 587 1821 μὴ
611 1783 641 1812 τὸ
665 1784 747 1812 ἐλθεῖν
773 1783 831 1817 τοὺς

41 1825 186 1864 δεξομένους
200 1826 234 1855 τὰ
252 1826 391 1866 χρήματα,
406 1826 495 1856 ⁴⁷Ωστε
514 1826 628 1867 αἰσχύνη
643 1828 689 1866 μοί
704 1828 728 1846 ³⁴
743 1828 828 1864 ἐστιν,

41 1871 61 1898 εἷ
78 1870 231 1910 φανήσομαι
247 1871 333 1909 μάτην
346 1871 390 1900 καὶ
406 1871 490 1909 ψευδῆ
506 1872 688 1912 καυχώμενος.

77 1928 89 1940 ι
106 1915 160 1945 Καὶ
184 1916 198 1944 ὃ
215 1915 240 1948 ἐξ
255 1917 329 1953 ὑμῶν
351 1917 427 1951 ζῆλος
447 1916 554 1956 ἠρέθισε
575 1915 634 1949 τοὺς
659 1916 790 1951 πλείονας.
813 1929 827 1946 n

44 1959 92 1988 Καὶ
113 1959 165 1998 μὴν
181 1960 306 2000 ἀνωτέρω
331 1960 419 2002 ἔλεγεν
430 1983 438 1997 ,
451 1960 492 1990 ὅτι
505 1973 520 1989 α
541 1961 697 2002 Αὖθαίρετοι
711 1962 756 1991 καὶ
772 1963 830 1992 δεό-

44 2014 110 2038 μενοι
119 2006 207 2043 ἡμῶν.
221 2015 236 2033 n
255 2006 317 2038 Πῶς
332 2000 376 2034 οὖν
395 2017 459 2046 φησι
479 2008 542 2043 νῦν,
560 2006 600 2035 ὅτι
624 2000 686 2036 ιιΌ
710 2007 736 2040 ἐξ
755 2008 829 2045 ὑμῶν

44 2049 113 2083 ζῆλος
130 2050 234 2089 ἠρέθισε
260 2049 319 2082 τοὺς
342 2049 483 2089 πλείονας;
500 2063 511 2076 ι
529 2052 587 2081 Οὐκ
607 2045 666 2081 εἶπε
694 2051 736 2090 δὲ,
756 2051 829 2085 Τοὺς

44 2093 138 2127 πάντας
152 2094 238 2131 ἀλλὰ,
259 2104 274 2122 α
287 2093 354 2127 Τοὺς
370 2094 504 2128 πλείονας.
524 2109 537 2122 ι
555 2095 590 2126 Οἱ
611 2095 659 2133 μὲν
673 2095 724 2135 γὰρ
736 2096 829 2126 αὖθαίυ

44 2148 122 2176 ριτοι,
137 2139 185 2167 καὶ
209 2139 326 2177 δεόμενοι
351 2140 444 2177 ἡμῶν·
461 2141 484 2169 οἱ
505 2138 533 2169 δὲ
556 2140 586 2170 ἐκ
601 2143 648 2169 τοῦ
674 2141 737 2180 πρὸς
762 2143 829 2179 ὑμᾶς

44 2182 116 2226 ζήλου
142 2183 334 2223 ἡρεθίσθησαν·
350 2185 373 2213 οἶ
396 2185 448 2224 γὰρ
463 2184 568 2218 πλείους
582 2184 691 2226 κέντρου
713 2185 824 2216 δέονται.

43 2224 76 2257 Ἦ
90 2226 148 2264 καὶ,
161 2227 202 2257 ὅτι
215 2230 254 2258 Οὖ
268 2228 524 2266 συνεϐουλεύσαμεν,
544 2230 573 2258 οὖ
587 2224 826 2270 παρεκαλέσαμεν,

43 2271 104 2300 ἀλλᾶ
120 2283 200 2311 μονον
220 2273 387 2313 ἐπῃνέσαμεν
402 2275 484 2311 ὑμᾶς,
499 2273 546 2303 καὶ
559 2277 635 2304 τοῦτο
650 2274 761 2314 ἤρκεσεν
777 2276 827 2304 αὖ-

43 2319 90 2349 τοῖς
113 2319 148 2350 εἷς
171 2318 333 2358 προτροπήν.
356 2317 455 2359 Ὁρᾷς,
471 2320 527 2352 πῶς
547 2319 681 2352 κάκείνους
708 2319 750 2348 διὰ
765 2319 828 2349 τού-

43 2371 104 2398 των,
129 2361 175 2391 καὶ
198 2363 305 2396 τούτους
326 2362 359 2392 δι’
382 2363 486 2392 ἕεκίνων
511 2363 621 2403 ἐγείρει;
648 2363 826 2401 Διδάσκαλοι,

44 2407 136 2446 φησὶν,
152 2406 259 2441 ἐκείνοις
283 2407 412 2446 ἐγίνεσθε·
439 2407 476 2445 μὴ
496 2403 540 2437 οὖν
556 2410 655 2447 φανῆτε
672 2410 724 2437 τῶν
744 2412 828 2447 μαθη-

43 2451 89 2479 τῶν
106 2453 272 2492 ὑστεροῦντες
286 2453 310 2481 οἱ
324 2452 490 2482 ὑιδάσκαλοι.

82 2507 95 2525 ‹
109 2495 242 2537 Ἐπεμψα
257 2496 284 2526 δὲ
296 2496 358 2530 τοὺς
383 2496 527 2537 ἀδελφοὺς,
540 2496 583 2526 ἵνα
602 2497 639 2535 μὴ
655 2497 684 2526 τὸ
699 2497 830 2538 καύχημα

44 2542 113 2578 ἡμῶν
141 2543 172 2571 τὸ
196 2542 262 2582 ὑπὲρ
284 2543 357 2580 ὑμῶν
384 2544 484 2582 κενωθῇ
510 2544 536 2570 ἐν
559 2543 596 2582 τῷ
627 2542 700 2582 μέρει
724 2543 828 2583 τούτῳ·

44 2584 82 2614 ἵνα
99 2586 194 2624 (καθὼς
220 2586 330 2626 ἔλεγον)
346 2587 591 2626 παρεσκευασμένοι
616 2582 672 2622 ἦτε.
692 2600 704 2612 υ
719 2582 829 2616 Ὼτανεὶ

45 2630 129 2659 ἱιυτόν
151 2631 228 2671 μέρος
250 2634 304 2661 τῶν
334 2631 478 2671 Κορινθίων
503 2635 634 2667 ποιεῖται,
659 2633 705 2662 καὶ
728 2633 830 2673 ἀγωνιᾷ

46 2673 104 2713 ὑπὲρ
118 2676 220 2704 αὐτῶν
244 2676 308 2716 φησὶ
323 2675 392 2715 γὰρ,
421 2675 462 2705 ὅτι
484 2675 597 2712 Ἐπειδὴ
622 2677 829 2716 ἕκαυχησάμην,

45 2718 168 2757 ἐφοϐήθην
196 2720 232 2759 μὴ
252 2721 450 2761 αἰσχυνθῶμεν·
467 2721 511 2749 καὶ
527 2720 570 2749 ὂιᾶ
592 2722 669 2750 τοῦτο
695 2720 828 2762 «ἔπεμψα

884 1621 937 1650 qua
951 1613 985 1641 de
1001 1612 1075 1640 vobis
1089 1612 1161 1648 apud
1178 1611 1341 1640 Macedones
1355 1612 1466 1648 glorior,
1481 1611 1554 1648 quod
1575 1611 1676 1639 Achaia

884 1661 977 1693 parata
1001 1661 1042 1685 est
1064 1665 1098 1684 ex
1117 1664 1191 1684 anno
1207 1657 1357 1692 superiore.
1384 1667 1397 1683 »
1428 1656 1507 1689 Novi,
1536 1655 1635 1692 inquit,
1652 1659 1678 1682 et

882 1703 939 1738 ipse
959 1702 1045 1730 animi
1060 1701 1142 1729 vestri
1157 1701 1402 1737 promptitudinem
1419 1710 1427 1729 ι
1441 1709 1492 1728 nec
1511 1700 1563 1728 hoc
1577 1700 1677 1734 solum,

882 1755 977 1774 verum
992 1747 1075 1774 etiam
1088 1747 1190 1782 glorior
1203 1745 1275 1782 apud
1287 1746 1365 1780 alios,
1379 1746 1453 1782 quod
1468 1749 1558 1782 parata
1573 1745 1609 1773 sit
1621 1749 1677 1772 tota

882 1791 995 1825 Achaia,
1024 1799 1079 1818 non
1115 1791 1174 1818 sola
1207 1790 1382 1818 Corinthus:
1416 1798 1504 1826 neque
1524 1787 1680 1825 ‘quidquam

881 1836 968 1869 deest,
983 1835 1036 1863 nisi
1050 1839 1081 1863 ut
1094 1835 1204 1862 veniant
1219 1835 1266 1870 qui
1281 1835 1410 1870 pecunias
1426 1834 1572 1869 accipiant.
1588 1835 1679 1868 Quare

883 1879 981 1916 pudori
1005 1879 1073 1907 mihi
1092 1883 1144 1912 est,
1159 1879 1183 1906 si
1200 1879 1291 1906 videar
1305 1878 1406 1906 frustra
1421 1883 1449 1905 et
1469 1878 1538 1906 falso
1560 1878 1679 1913 gloriari.

919 1935 933 1949 ι
961 1925 995 1952 Et
1020 1928 1108 1951 vestra
1137 1923 1277 1952 mmulatio
1306 1923 1464 1959 provocavit
1483 1922 1648 1958 complures.
1667 1934 1678 1946 ι-

881 1969 967 2005 Atqui
988 1976 1070 2004 supra
1084 1968 1164 2002 dixit,
1178 1979 1190 1992 α
1206 1967 1358 1996 Voluntarii
1382 1971 1410 1994 et
1437 1971 1564 2003 rogantes
1577 1975 1648 1994 nos:
1667 1979 1678 1990 ιι

881 2013 1022 2049 quomodo
1042 2021 1108 2049 ergo
1131 2021 1205 2041 nunc
1219 2012 1294 2046 dicit,
1310 2024 1322 2036 α
1342 2012 1487 2040 ιΕιηυΙοιίο
1500 2015 1591 2039 vestra
1611 2012 1681 2039 inci-

882 2059 948 2086 tavit
962 2059 1073 2094 plures?
1092 2069 1103 2082 η
1130 2059 1193 2086 Non
1219 2057 1302 2090 dixit,
1318 2058 1434 2090 Omnes,
1454 2056 1502 2084 sed
1518 2068 1530 2080 ιι
1547 2056 1649 2084 Plures.
1667 2067 1678 2080 ιι

882 2103 935 2130 Alii
949 2110 1068 2139 namque
1081 2111 1130 2130 sua
1152 2106 1248 2138 sponte
1265 2106 1292 2130 et
1306 2105 1433 2137 rogantes
1456 2109 1507 2128 nos
1520 2101 1679 2129 contribua-

882 2151 957 2181 runt,
981 2148 1026 2176 alii
1043 2151 1135 2176 autem
1155 2155 1202 2182 per
1220 2150 1338 2174 vestram
1353 2146 1557 2174 aemulationem
1578 2145 1681 2173 incitati

883 2196 948 2221 sunt
963 2203 969 2221 ε
983 2192 1116 2227 siquidem
1131 2193 1223 2228 plures
1237 2195 1264 2219 et
1276 2191 1387 2219 stimulo
1400 2190 1530 2226 indigent.
1555 2191 1602 2218 Vel
1619 2190 1680 2225 quia

883 2245 938 2265 non
952 2237 1152 2269 consuluimus,
1167 2244 1223 2264 non
1238 2235 1376 2264 adhortati
1391 2242 1498 2268 sumus,
1511 2234 1558 2262 sed
1573 2239 1679 2262 tantum

882 2281 1053 2310 laudavimus
1079 2289 1136 2315 vos,
1167 2280 1248 2316 idque
1263 2280 1328 2308 satis
1341 2279 1392 2307 fuit
1411 2279 1449 2306 eis
1463 2279 1496 2307 ad
1518 2278 1682 2307 adhortatio-

883 2333 955 2354 nem.
981 2325 1078 2353 Viden’
1102 2325 1245 2362 quomodo
1268 2328 1295 2352 et
1317 2324 1377 2352 illos
1412 2331 1461 2359 per
1494 2323 1545 2351 hos
1572 2324 1682 2357 excitet,

884 2370 986 2406 hosque
1000 2378 1048 2406 per
1061 2370 1144 2398 illos?
1165 2371 1309 2403 Doctores,
1332 2368 1430 2404 inquit,
1447 2368 1499 2396 illis
1514 2367 1577 2396 facti
1597 2368 1680 2396 estis:

886 2423 919 2442 ne
934 2415 1015 2451 igitur
1024 2414 1164 2450 discipulis
1179 2414 1327 2442 videamini
1342 2412 1496 2446 inferiores,
1510 2421 1574 2441 cum
1584 2412 1682 2440 docto-

886 2467 929 2488 res
946 2459 1022 2487 estis.

920 2505 1011 2532 Vnas.
1029 2507 1054 2531 3.
1068 2515 1081 2528 α
1097 2504 1159 2531 Misi
1171 2507 1262 2531 autem
1277 2502 1381 2536 fratres,
1397 2510 1432 2530 ne
1443 2502 1517 2539 quod
1532 2502 1679 2538 gloriamur

884 2547 917 2576 de
929 2548 1014 2582 vobis,
1029 2553 1176 2576 evacuetur
1190 2548 1216 2575 in
1231 2553 1306 2583 parte
1318 2548 1379 2581 hac,
1392 2551 1421 2575 ut
1433 2547 1678 2583 (quemadmodum

883 2593 948 2626 dixi)
971 2593 1056 2628 parati
1079 2594 1148 2621 sitis.
1168 2604 1180 2617 ι
1201 2593 1328 2628 Seipsum
1351 2592 1434 2620 veluti
1454 2595 1558 2627 partem
1583 2591 1676 2617 Corin:

884 2638 1008 2665 thiorum
1027 2637 1104 2671 facit,
1119 2641 1259 2673 certatque
1276 2645 1325 2673 pro
1349 2637 1424 2672 ipsis.
1441 2636 1486 2663 Ait
1499 2636 1575 2663 enim
1592 2634 1678 2668 :Quia

884 2686 1029 2718 postquam
1044 2683 1125 2710 vestri
1148 2683 1262 2711 nomine
1283 2681 1416 2718 gloriatus
1440 2687 1513 2713 sum,
1542 2679 1631 2706 mutui
1648 2686 1682 2705 ne

884 2727 1095 2763 pudeﬁeremus,
1110 2731 1138 2755 et
1151 2731 1293 2763 propterea
1315 2738 1327 2750 ιι
1346 2726 1405 2753 misi
1433 2724 1543 2758 fratres,
1561 2732 1595 2751 ne
1613 2731 1671 2750 eva-

733 2778 827 2810 Varia:
849 2781 999 2811 lectiones.

76 2827 94 2843 ³¹
109 2827 228 2861 κληθῆναι
242 2837 268 2857 ο.
306 2828 329 2845 ³¹
342 2828 407 2863 ἐρεῖν
420 2836 446 2857 o.
485 2827 507 2845 ⁸³
521 2837 545 2855 τι
560 2836 587 2857 ο.
626 2828 649 2846 ³⁸
664 2838 712 2864 μου
726 2837 755 2858 ο.
