1877 3081
167 172 215 199 891

678 173 934 201 THEOPHYLACTI
954 174 1130 202 BULGARLE
1148 173 1305 201 ARCHIEP.

1767 177 1817 202 892

167 239 277 269 cuetur,
298 245 312 262 »
336 235 365 263 id
379 239 432 270 est,
446 236 537 264 inanis
556 239 584 264 et
605 243 674 264 vana
690 240 819 272 arguatur
839 236 962 272 gloriatio

1060 249 1077 271 »ς
1088 235 1226 277 ἀδελφοὺς,
1240 236 1284 265 ἵνα
1298 236 1337 274 μὴ
1347 238 1457 275 κενωθῇ,
1474 248 1485 262 ι
1501 236 1634 274 τουτέστι,
1648 236 1764 274 μάταιον
1775 238 1819 266 καὶ

169 288 231 308 mea
252 280 287 308 de
301 279 389 308 vobis.
414 281 471 316 Ego
490 281 574 314 enim,
601 281 700 317 inquit,
721 281 756 309 de
777 281 854 309 vobis
872 289 964 317 super-

169 325 256 359 lviens,
269 324 341 361 apud
351 332 449 353 omnes
462 325 610 361 gloriabar,
619 330 700 362 atque
714 326 797 354 etiam
811 325 882 361 apud
892 326 962 354 illos.

170 371 264 405 Itaque
283 369 305 397 si
322 369 465 403 deﬁciatis,
480 370 636 398 communis
654 374 696 398 est
718 371 871 406 ignominia
890 379 898 398 :
915 371 964 399 sed

170 421 226 442 non
241 414 267 441 in
279 413 421 447 omnibus,
439 421 536 442 verum
550 414 580 442 in
594 414 645 442 hac
665 415 722 443 sola
746 419 831 451 parte,
847 415 900 443 hoc
911 420 961 449 est,

170 467 205 487 ne
218 457 358 494 pudeﬁam
372 458 401 486 in
416 458 469 486 hoc
482 459 541 486 solo
556 459 591 487 de
603 459 778 496 eleemosyna
790 464 962 496 argumento,

169 503 254 539 290
263 503 311 531 sed
331 503 417 539 parati
429 503 500 538 sitis,
515 503 628 539 perinde
642 511 673 532 ac
686 503 742 532 dixi
755 505 963 538 Macedonibus,

167 547 243 584 quod
257 548 342 584 parati
359 548 417 576 sint
432 548 462 576 in
475 552 532 576 tota
543 548 650 577 Achaia
663 556 770 584 omnes,
780 556 869 586 neque
881 549 963 586 quid-

169 600 251 629 quam
267 593 306 621 eis
324 593 411 621 deest.

203 685 294 713 Vnus.
307 686 334 711 4.
353 695 366 708 α
377 685 419 712 Ne
430 691 484 720 quo
495 688 586 720 pacto,
605 683 628 712 si
642 684 770 712 venerint
779 692 889 713 mecum
902 687 963 714 Ma-

166 729 296 763 cedones,
307 733 335 757 et
344 729 500 757 invenerint
507 737 555 757 vos
564 729 722 766 imparatos,
734 730 904 766 pudeiiamus
913 738 964 759 nos

165 776 210 807 (ne
226 773 363 808 dicamus,
381 774 439 810 vos)
454 774 484 802 in
497 774 550 802 hac
569 774 722 802 substantia
743 775 923 810 gloriationis.
946 787 960 800 1)

165 819 273 846 Rursus
293 818 322 846 in
345 818 442 847 iisdem
459 823 592 853 versatur,
615 827 646 847 ac
671 823 811 847 certamen
837 819 961 854 intendit,

165 863 199 891 ab
211 863 340 891 humanis
353 863 503 891 rationibus
516 863 591 899 ipsos
604 863 759 892 instituens.
776 865 866 900 Majus
887 865 962 893 enim

165 907 285 936 dedecus
298 911 350 942 est,
366 915 432 936 cum
451 907 514 944 quis
527 907 599 944 apud
613 908 717 937 alienas
730 916 859 945 personas
873 909 960 945 pude-
976 900 1000 931 Β

164 952 220 980 ﬁat.
235 952 372 984 Forsitan,
386 952 489 988 inquit,
505 953 573 980 mihi
588 953 728 982 conﬁditis
741 961 792 982 ceu
811 954 961 990 ignoscenti

164 997 242 1025 vobis
255 1007 260 1024 :
272 997 378 1025 atenim
392 997 555 1026 Macedonas
569 997 662 1026 animo
678 998 791 1032 volvite,
807 999 854 1035 qui
867 998 961 1027 forsan

165 1049 273 1070 mecum
286 1042 399 1070 venient
418 1051 426 1069 :
446 1041 592 1070 verisimile
613 1047 655 1070 est
681 1043 759 1071 enim
785 1043 848 1071 hoc.
874 1045 909 1072 Et
939 1045 960 1072 si

166 1086 319 1114 invenerint
341 1094 406 1121 vos,
432 1095 488 1114 non
513 1086 596 1121 dixit,
637 1087 768 1115 Nolentes
802 1087 885 1122 dare,
913 1089 961 1116 sed

167 1140 181 1157 α
203 1133 365 1166 lmparatos.
379 1142 391 1156 ιι
407 1131 434 1159 Si
446 1132 521 1159 enim
536 1140 594 1160 non
609 1136 737 1167 paratum
748 1140 818 1166 esse,
834 1138 881 1161 aut
891 1133 960 1161 cele-

166 1175 233 1204 riter
254 1184 310 1204 non
332 1175 506 1205 contribuere
529 1176 648 1205 dedecus
669 1181 721 1211 est,
748 1181 852 1214 quanto
874 1178 960 1214 magis

165 1220 231 1248 nihil
249 1221 362 1249 omnino
381 1221 563 1255 contribuere,
580 1221 620 1249 vel
634 1221 726 1250 minus
739 1230 822 1258 quam
838 1230 886 1258 par
897 1223 960 1250 sit?

164 1265 284 1301 Corrigit
302 1270 394 1294 autem
408 1273 578 1300 sermonem.
598 1266 703 1300 dicens,
719 1268 777 1295 Nos
792 1267 960 1302 pudeﬁemus

163 1314 208 1344 (ne
222 1310 322 1344 dicam,
339 1312 398 1343 vos)
411 1311 442 1338 in
457 1310 509 1339 hac
524 1311 676 1339 substantia
691 1311 866 1347 gloriationis
880 1321 886 1339 :
908 1312 960 1340 hoc

165 1358 217 1388 est,
234 1363 291 1383 non
306 1355 358 1383 alia
372 1355 402 1383 in
417 1363 448 1383 re
463 1355 644 1391 pudeﬁemus.
662 1360 847 1392 praeterquam
861 1356 890 1384 in
902 1356 959 1384 sola

164 1399 199 1427 de
219 1399 391 1437 eleemosyna
414 1401 584 1436 gloriatione,
601 1409 666 1428 cum
688 1405 786 1429 caetera
805 1405 895 1429 vestra
915 1410 960 1429 re-

165 1444 375 1480 prehensionem
387 1453 444 1472 non
457 1445 616 1473 admittant.
632 1447 690 1473 Hoc
704 1450 798 1473 autem
813 1446 890 1480 dicit,
903 1455 960 1474 non

164 1492 194 1516 ut
212 1488 251 1517 eis
264 1489 403 1523 aduletur,
419 1489 465 1517 sed
488 1489 577 1525 potius
592 1493 622 1517 ut
636 1490 787 1525 paratiores
805 1490 911 1524 reddat,
925 1499 960 1519 ne

165 1533 194 1561 in
217 1534 278 1561 aliis
300 1533 422 1570 probati,
449 1533 476 1560 in
496 1533 548 1561 hoc
563 1542 619 1561 non
641 1534 815 1562 inveniantur
834 1535 958 1570 probati,
978 1547 1000 1579 Ο

166 1577 272 1614 sibique
293 1577 360 1614 ipsis
387 1577 539 1606 inferiores.
565 1578 637 1606 Cum
661 1586 728 1606 vero
742 1579 795 1612 ait,
813 1587 847 1606 ne
870 1579 960 1607 dicam

166 1629 226 1655 vos,
237 1622 358 1650 ostendit
367 1621 440 1658 quod
452 1622 504 1658 ipsi
519 1622 651 1658 majorem
660 1622 842 1658 ignominiam
850 1624 962 1652 relaturi

166 1669 255 1695 erant.
282 1667 352 1693 Nam
376 1666 500 1702 ipsorum
526 1671 585 1695 erat
611 1666 750 1695 delictum.
774 1668 962 1697 Substantiam

167 1714 261 1738 autem
279 1710 442 1746 subjectum,
464 1711 506 1740 vel
531 1719 591 1740 rem
605 1711 704 1748 ipsam,
727 1713 768 1741 vel
793 1712 963 1750 gloriationis

167 1755 315 1783 essentiam
327 1755 456 1792 intellige.

204 1896 290 1924 Vens.
317 1898 344 1924 5.
362 1907 375 1920 «ι
393 1896 582 1925 Necessarium
604 1904 671 1932 ergo
691 1897 848 1925 existimavi
868 1905 964 1934 rogare

166 1939 274 1975 fratres,
288 1944 319 1968 ut
339 1941 511 1976 praeveniant
533 1940 569 1968 ad
584 1949 642 1975 vos,
664 1945 691 1969 et
704 1946 857 1977 praeparent
871 1950 964 1978 repro-

166 1985 282 2013 missam
294 1985 514 2013 benedictionem
527 1985 598 2013 hanc
611 1989 739 2021 paratum
751 1994 809 2014 esse
821 1987 874 2021 sic,
887 1987 964 2022 quasi

164 2029 395 2063 benedictionem,
409 2037 466 2057 non
485 2033 619 2065 tanquam
633 2030 785 2059 avaritiam.
815 2043 828 2056 ››
843 2032 883 2059 Ne
900 2039 966 2059 con-

163 2074 248 2101 traria
265 2073 357 2101 dicere
375 2073 506 2108 videatur,
523 2082 588 2103 cum
602 2083 685 2111 supra
699 2075 818 2109 dixerat,
833 2087 845 2099 ι
862 2076 961 2111 Super-

166 2125 316 2146 vacaneum
329 2121 370 2146 est
386 2117 454 2146 mihi
468 2118 597 2154 scribere,
619 2129 634 2146 »
653 2127 727 2147 nunc
761 2123 852 2148 autem
874 2120 963 2148 denuo

165 2163 200 2191 de
218 2162 314 2191 iisdem
336 2162 457 2197 disserit,
478 2163 535 2199 jam
550 2163 585 2191 de
600 2163 761 2192 liberalitate
775 2168 803 2192 et
821 2164 856 2192 de
882 2173 963 2200 opere

1017 281 1092 311 κενὸν
1107 283 1219 322 ἐλεγχθῇ
1231 295 1242 307 ι
1256 281 1286 310 τὸ
1298 280 1425 320 καύχημά
1438 293 1488 319 μου
1503 281 1532 310 τὸ
1547 281 1613 321 ὑπὲρ
1628 283 1719 319 ὑμῶν.
1729 295 1740 306 ιι
1749 282 1818 320 Ἐγὼ

1017 327 1082 366 γὰρ,
1111 328 1191 366 φησὶ,
1216 326 1447 363 καλλωπιζόμενος
1471 325 1511 365 ἐφ’
1527 327 1608 363 ὑμῖν,
1634 325 1715 366 παρᾶ
1742 331 1819 355 πᾶσιν

1018 373 1227 412 ἐκαυχησοίμην,
1255 370 1300 400 καὶ
1314 370 1378 411 παρ’
1395 369 1510 403 ἐκείνοις.
1528 370 1619 400 Ὠστε
1636 371 1686 399 ἐὰν
1711 372 1819 408 ὑστερῆ-

1017 427 1092 454 σητε,
1103 415 1176 451 κοινὴ
1185 418 1201 452 ἡ
1214 415 1329 455 αἰσχύνη
1339 427 1345 433 ·
1355 415 1384 445 οὐ
1398 418 1538 455 πανταχοῦ
1548 415 1586 452 δὲ,
1599 416 1661 444 ἀλλ’
1677 416 1816 454 «ἐντούτῳ

1017 463 1055 501 τῷ
1072 461 1160 500 μέρει·
1173 460 1324 490 ιτουτέστιν
1335 482 1343 495 ,
1351 459 1412 490 Ἵνα
1422 459 1663 499 μὴικαταισχυνθῶ
1677 461 1706 489 ἐν
1761 461 1818 499 περὶ

1017 508 1063 541 τῆς
1093 505 1271 544 ἐλεημοσύνης
1301 504 1424 534 ὗποθέσει
1457 504 1541 544 μόνῃ·
1567 504 1639 534 ἀλλὰ
1666 516 1817 544 παρεσκευ-

1017 549 1127 590 ασμένοι
1138 546 1199 587 ἧτε,
1213 549 1300 582 καθὼς
1316 550 1406 588 ἔλεγον
1422 551 1476 582 τοῖς
1494 549 1653 580 Μακεδόσιν
1668 572 1677 584 ,
1694 549 1738 577 ὅτι
1752 549 1816 578 ἔται-

1018 595 1064 633 μοί
1089 596 1139 624 εἶσι
1173 597 1222 631 τ’ῆς
1254 592 1363 634 Ἀχαίας
1390 593 1525 630 ἅπαντες,
1555 594 1601 623 καὶ
1625 593 1707 623 οὐδὲν
1736 594 1818 625 αὐτοῖς

1016 640 1113 671 λείπει.

1059 697 1074 714 α
1092 684 1139 721 Μή
1155 697 1210 718 πως
1221 684 1266 714 ἐὰν
1281 683 1378 713 ἔλθωσι
1389 683 1436 713 σὺν
1451 683 1511 722 ἐμοὶ
1528 683 1703 721 Μακεδόνες,
1718 683 1765 712 καὶ
1780 684 1820 712 εὖ·

1017 741 1098 770 ρωσιν
1112 732 1180 767 ὑμᾶς
1195 729 1450 770 ἀπαρασκευάστους
1477 730 1727 767 καταισχυνθῶμεν
1749 730 1820 765 ἡμεῖς

1019 773 1076 814 (ἵνα
1100 774 1138 812 μὴ
1171 775 1310 814 λέγωμεν,
1338 774 1429 812 ὖμεῖς)
1456 773 1484 801 ἐν
1506 772 1592 812 ταύτῃ
1614 775 1649 811 τῇ
1675 773 1822 802 ὑποστάσει

1017 821 1065 854 τῆς
1080 818 1247 859 καυχήσεως.
1262 832 1274 845 ι
1289 818 1379 848 Πάλιν
1390 817 1452 857 περὶ
1467 816 1501 846 τὰ
1515 816 1584 846 αὐτὰ
1599 816 1768 857 στρέφεται,
1780 818 1822 845 καὶ

1018 864 1139 893 ἐπιτείνει
1165 863 1214 900 τὴν
1239 863 1373 902 ἀγωνίαν,
1399 861 1453 891 ἀπὸ
1483 861 1658 902 ἀνθρωπίνων
1683 863 1821 900 λογισμῦν

1017 908 1180 948 ἀνάγων
1204 908 1290 948 ἐνάγ.]
1315 907 1418 940 αὐτούς.
1444 906 1548 941 Μείζων
1564 906 1618 947 γὰρ
1638 909 1656 942 ἡ
1689 906 1821 945 ἐντροπὴ,

1016 953 1079 983 ὅταν
1110 953 1153 983 ἐπὶ
1181 953 1326 993 ἀλλοτρίων
1353 951 1504 992 προσώπων
1530 951 1748 991 καταισχύνεταί
1773 962 1819 983 τις,

1015 999 1096 1033 Ἴσως
1112 998 1179 1037 γὰρ,
1190 998 1286 1038 φησὶν,
1306 997 1365 1036 ἐμοὶ
1378 997 1500 1037 θαῤῥεῗτε
1509 1019 1517 1032 ,
1532 997 1567 1030 ὥς
1582 996 1800 1035 συγγινώσκοντι
1813 1008 1819 1013 ·

1017 1043 1085 1073 ἀλλὰ
1112 1043 1269 1076 Μακεδόνας
1293 1044 1420 1078 ἐννοεῖτε,
1438 1041 1464 1070 οἳ
1489 1040 1569 1080 τυχὸν
1596 1041 1758 1070 ἐλεύσονται
1780 1041 1824 1070 σὺν

1015 1088 1075 1126 ἐμοὶ
1087 1089 1166 1126 (εἰκὸς
1180 1088 1232 1128 γάρ
1247 1089 1304 1117 ἐστι
1318 1088 1423 1125 τοῦτο),
1442 1086 1511 1115 (ικαὶ
1526 1085 1572 1115 ἐὰν
1586 1085 1702 1125 εὕρωσιν
1719 1087 1800 1123 ὑμᾶς,
1814 1099 1824 1110 -

1015 1134 1063 1163 οὐκ
1077 1128 1160 1170 εἶπεν,
1185 1133 1226 1162 δτι
1251 1132 1288 1169 μὴ
1314 1132 1438 1164 θέλοντας
1457 1131 1564 1167 δοῦναι,
1580 1131 1660 1167 ἀλλ’,
1679 1141 1694 1158 (ι
1722 1131 1825 1169 ἀπαρα-

1015 1178 1186 1208 σκευάστουε.
1202 1188 1217 1206 υ
1242 1178 1275 1207 Εἰ
1285 1176 1336 1217 γὰρ
1351 1176 1381 1205 τὸ
1397 1175 1434 1214 μὴ
1450 1175 1712 1215 παρασκευάσασθαι
1723 1199 1732 1211 ,
1760 1175 1825 1212 μηδέ

1014 1222 1118 1262 ταχέως
1141 1222 1316 1261 εἰσενεγκεῖν,
1333 1220 1446 1261 αἰσχύνη
1459 1232 1465 1239 ·
1477 1221 1569 1259 πολλῷ
1590 1220 1695 1257 μᾶλλον
1712 1219 1747 1248 τὸ
1774 1233 1826 1257 μη·
1876 1253 1877 1257 η

1015 1267 1062 1297 δὲν.
1072 1267 1138 1300 ὅλως
1150 1268 1305 1305 εἰσενεγκεῖν
1315 1290 1322 1302 ,
1337 1265 1354 1302 ἢ
1377 1266 1486 1294 ἔλαττον
1501 1267 1548 1294 τοῦ
1561 1264 1675 1297 δέοντος.
1705 1265 1827 1298 Κολάζει

1015 1311 1042 1341 δὲ
1058 1312 1101 1341 τὸν
1114 1312 1206 1350 λόγον,
1228 1311 1330 1350 λέγων,
1349 1310 1389 1339 ὅτι
1409 1309 1507 1348 ⁸Ημεῖς
1524 1308 1825 1348 unumne-11669.20:

1015 1356 1070 1396 (ἵνα
1085 1356 1123 1395 μὴ
1137 1357 1223 1395 λέγω,
1236 1355 1275 1384 ὅτι
1290 1357 1373 1394 ὑμεῖς)
1392 1369 1404 1380 ι
1421 1355 1447 1383 ἐν
1515 1353 1660 1383 ὑποστάσει
1674 1353 1772 1393 ταύτῃ
1783 1356 1828 1388 τῆς

1015 1400 1171 1441 καυχήσεως
1178 1413 1184 1419 ·
1195 1411 1210 1430 n
1224 1400 1360 1430 τουτέστιν
1370 1424 1376 1435 ,
1389 1400 1448 1429 Οὐκ
1458 1400 1577 1439 ἀλλαχοῦ
1587 1399 1829 1437 καταισχυνθησό-

1016 1449 1098 1485 μεθα,
1113 1447 1174 1475 ἀλλ’
1185 1446 1212 1474 ἐν
1235 1444 1302 1484 μόνῃ
1325 1444 1437 1484 [ταύτῃ]
1500 1443 1563 1484 περὶ
1573 1445 1620 1478 τῆς
1635 1442 1829 1479 ἐλεημοσύηνς

1096 1491 1104 1501 Ι
1183 1491 1192 1502 ε
1249 1489 1256 1500 Ι
1316 1489 1328 1500 ν
1398 1490 1407 1501 (
1437 1490 1454 1496 ⁸⁵·
1494 1489 1501 1499 5
1738 1490 1757 1496 -ο
1807 1487 1827 1497 ιιι

1015 1502 1164 1531 καυχησει,
1177 1503 1213 1524 ως
1224 1501 1258 1519 τα
1265 1501 1294 1528 γε
1311 1491 1381 1519 αλλα
1396 1501 1471 1527 υμων
1488 1488 1669 1523 ανεπίληπτα.
1688 1488 1790 1517 Τουτο
1805 1499 1830 1516 οε

1014 1536 1100 1576 λέγει,
1126 1537 1155 1565 οὐ
1175 1535 1329 1565 κολακεύων
1344 1534 1438 1567 αὐτοὺς
1452 1533 1495 1570 ³⁵,
1513 1533 1582 1563 ἀλλὰ
1599 1533 1704 1572 μᾶλλον
1724 1536 1831 1572 προθυ-

1018 1581 1142 1620 μοτέρους
1163 1582 1261 1616 ποιῶν,
1278 1579 1322 1608 ἵνα
1350 1580 1378 1608 ἐν
1400 1582 1454 1612 τοῖς
1482 1577 1572 1611 ἄλλοις
1599 1578 1828 1615 εὐδοκιμοῦντες,

1017 1625 1063 1654 καὶ
1087 1626 1114 1654 ἐν
1145 1623 1232 1665 τούτῳ
1261 1624 1299 1662 μὴ
1326 1625 1465 1664 εὒρεθῶσιν
1492 1622 1614 1660 ἀδόκιμοι
1639 1622 1687 1650 καὶ
1722 1623 1829 1651 ἑαυτῶν

1019 1670 1150 1703 ἐλάττους.
1168 1669 1219 1700 Διὰ
1234 1670 1262 1698 δὲ
1277 1672 1322 1699 τοῦ
1337 1670 1435 1704 εἰπεῖν,
1447 1667 1507 1698 Ἵνα
1521 1667 1559 1705 μὴ
1575 1667 1643 1706 λέγω
1655 1688 1663 1702 ,
1678 1666 1725 1695 ὅτι
1742 1667 1830 1705 ὑμεῖς,

1018 1715 1147 1745 δείκνυσιν
1175 1713 1214 1743 ὅτι
1237 1715 1337 1752 μᾶλλον
1360 1713 1434 1743 αὐτοὶ
1458 1711 1762 1752 καταισχυνθήσονται·
1780 1712 1829 1740 αὖ-

1018 1761 1070 1788 τῶν
1083 1759 1135 1799 γὰρ
1149 1758 1180 1789 τὸ
1190 1758 1352 1798 ἁμάρτημα.
1384 1756 1551 1788 Ὑπόστασιν
1563 1756 1589 1785 δὲ
1608 1754 1657 1792 τὴν
1678 1755 1829 1787 ὑπόθεσιν,

1019 1803 1064 1834 καὶ
1079 1804 1145 1834 αὐτὸ
1157 1803 1188 1833 τὸ
1202 1807 1332 1843 πρᾶγμα,
1347 1802 1406 1839 ἤτοι
1421 1801 1468 1838 τὴν
1480 1801 1571 1832 οὐσίαν
1587 1802 1635 1836 τ’ἤς
1659 1800 1830 1839 καυχήσεως

1018 1848 1084 1878 νόει.

1062 1905 1076 1923 α
1100 1893 1256 1932 Ἀναγκαῖον
1279 1889 1323 1922 οὖν
1342 1891 1488 1931 ἡγησαίμην
1512 1890 1703 1930 παρακαλέσαι
1723 1889 1755 1908 ³⁸
1771 1889 1829 1921 τοὺς

1019 1937 1163 1978 ἀδελφοὺς,
1176 1938 1220 1966 ἵνα
1241 1936 1404 1976 προέλθωσιν
1422 1937 1458 1970 εἰς
1472 1937 1556 1974 δμᾶς,
1579 1936 1625 1964 καὶ
1639 1944 1830 1974 προσκαταρ-

1018 1982 1112 2012 τίσωσι
1127 1983 1221 2022 [υυῖθ.
1236 1981 1338 2022 πγροκ.]
1354 1981 1403 2017 τὴν
1424 1979 1676 2020 προεπηγγελμένην
1697 1978 1828 2017 εὐλογίαν

1019 2029 1110 2066 ὐμῶν,
1122 2021 1221 2062 ταύτην
1246 2021 1314 2055 εἶναι
1337 2025 1444 2064 ἑτοίμην
1461 2024 1544 2058 οὕτως
1561 2025 1596 2057 ὡς
1617 2022 1744 2062 εὐλογίαν
1755 2048 1764 2058 ,
1781 2023 1829 2051 καὶ

1020 2072 1058 2110 μὴ
1079 2073 1114 2106 ὥς
1128 2070 1293 2105 πλεονεξίαν.
1306 2082 1321 2100 ι
1343 2069 1406 2101 Ἵνα
1431 2069 1469 2109 μὴ
1487 2069 1547 2109 δόξῃ
1563 2069 1827 2105 ἐναντιολογείσθαι,
1876 2069 1877 2090 1

1019 2116 1074 2145 ἄνω
1089 2116 1137 2155 μὲν
1153 2115 1234 2145 εἰπὼν
1245 2138 1254 2154 ,
1266 2115 1306 2144 ὅτι
1329 2129 1342 2141 ι
1359 2113 1487 2154 Περιττόν
1501 2126 1546 2153 μοι
1561 2115 1685 2153 γράφειν,
1697 2123 1712 2140 ι)
1730 2114 1781 2141 νῦν
1799 2112 1827 2141 δὲ

1019 2161 1098 2190 πάλιν
1119 2160 1180 2200 περὶ
1202 2160 1301 2190 τούτων
1318 2159 1517 2198 διαλεγόμενος,
1543 2161 1587 2188 νῦν
1602 2157 1663 2197 περὶ
1680 2157 1828 2196 δαψιλείας

167 2215 231 2235 cum
252 2207 393 2236 alacritate
407 2207 572 2244 perﬁciendo
591 2208 673 2237 verba
696 2207 769 2243 facit,
794 2213 877 2245 atque
895 2209 962 2237 hac-

1063 2205 1186 2244 λέγεται,
1210 2205 1255 2233 καὶ
1275 2207 1321 2233 τοῦ
1337 2204 1406 2243 μετὰ
1428 2202 1576 2243 προθυμίας
1595 2204 1706 2237 ποιῆσαι
1726 2200 1765 2245 ,τὸ
1782 2201 1826 2240 ἔρ·

166 2257 277 2289 propter
295 2260 325 2281 se
345 2252 445 2280 fratres
458 2253 566 2281 misisse
578 2253 626 2281 ait.
645 2255 774 2282 Duorum
788 2259 879 2282 autem
893 2255 963 2282 inter

166 2304 195 2325 se
209 2298 389 2333 pugnantium
408 2297 569 2332 admonens,
585 2305 685 2334 nempe
700 2302 730 2326 ut
751 2299 840 2335 ample
855 2302 883 2327 et
898 2307 962 2327 cum

167 2341 304 2369 alacritate
315 2342 474 2377 largiantur,
486 2346 635 2379 utrumque
645 2343 844 2379 sapientissime
863 2351 961 2380 aggre-

166 2386 250 2414 ditur.
273 2387 343 2414 Nam
367 2386 440 2421 prius
458 2386 492 2414 de
516 2387 655 2416 alacritate
676 2388 703 2415 in
724 2388 816 2417 dando
836 2388 960 2423 disserit,

166 2430 265 2459 deinde
288 2430 322 2458 de
345 2430 430 2458 altero
448 2432 545 2468 capite.
562 2433 610 2460 Ait
632 2433 734 2469 itaque,
751 2433 907 2461 Benedictio
920 2438 962 2461 est

163 2475 193 2503 id
205 2475 279 2511 quod
293 2475 374 2503 datur
389 2485 395 2503 :
411 2483 493 2504 nemo
505 2480 598 2505 autem
611 2477 657 2512 qui
670 2477 890 2505 benedictionem
903 2477 960 2511 dat,

164 2521 354 2549 contristatur.
372 2522 458 2549 Porro
473 2521 593 2549 fructum
608 2521 701 2549 statim
724 2522 786 2549 inde
803 2522 960 2557 germinan-

164 2569 221 2593 tem
245 2565 377 2601 ostendit,
402 2574 504 2602 eosque
527 2567 574 2601 qui
595 2566 747 2602 largiuntur
772 2566 962 2594 benedictione

165 2610 296 2646 repletos.
321 2612 416 2647 Neque
431 2611 485 2638 hoc
496 2610 534 2638 illi
550 2611 615 2638 satis
630 2610 692 2644 fuit,
709 2610 756 2638 sed
769 2611 886 2643 addidit,
900 2623 912 2635 α
929 2613 964 2639 Et

170 2663 228 2683 non
247 2659 380 2692 tanquam
398 2655 550 2683 avaritiam.
568 2665 582 2681 n
598 2655 689 2683 Nolite
707 2655 780 2683 enim
799 2655 963 2688 existimare.

169 2700 270 2736 inquit,
299 2700 376 2736 quod
399 2701 461 2733 ista,
486 2707 536 2727 ceu
554 2707 603 2728 vos
617 2699 784 2735 fraudantes,
804 2701 963 2737 accipimus;

1017 2261 1075 2288 γον·
1096 2249 1141 2279 καὶ
1166 2249 1209 2279 διὰ
1228 2251 1313 2278 ταῦτα
1327 2249 1432 2288 πέμψαι
1454 2247 1519 2288 φησὶ
1541 2245 1601 2279 τοὺς
1616 2244 1760 2285 ἀδελφούς.
1778 2246 1828 2278 Εἰς

1017 2294 1062 2324 δύο
1085 2293 1113 2323 δὲ
1127 2294 1232 2323 ἐναντία
1259 2292 1432 2333 προτρέπων,
1458 2291 1488 2322 τό
1501 2303 1530 2321 τε
1546 2290 1692 2332 φιλοτίμως
1707 2289 1822 2324 δοῦναι,

1016 2338 1106 2368 καὶτὸ
1134 2338 1202 2378 μετὰ
1217 2338 1380 2377 προθυμίας,
1404 2336 1547 2377 σοφώτατα
1571 2334 1711 2374 ἀμφότερα
1736 2345 1824 2371 μετα-

1015 2383 1170 2424 χειρίζεται.
1200 2383 1351 2424 Πρότερονᾷ
1362 2381 1414 2422 γὰρ
1430 2381 1492 2422 περὶ
1508 2384 1554 2410 τοῦ
1571 2379 1640 2418 μετὰ
1666 2378 1824 2424 προθυμίας

1017 2422 1106 2458 dou-vat
1134 2427 1303 2466 διαλέγεται,
1329 2422 1385 2455 εἶτα
1402 2426 1448 2456 καὶ
1474 2425 1535 2465 περὶ
1560 2427 1606 2454 τοῦ
1628 2423 1717 2463 ἑτέρου
1735 2434 1824 2462 nespa—

1017 2472 1104 2503 λαίου.
1117 2472 1207 2508 Φησὶν
1219 2467 1274 2506 οὐν,
1288 2471 1328 2501 ὅτι
1340 2470 1446 2509 εὐλογία
1457 2469 1514 2499 ἐστὶ
1523 2469 1554 2499 τὸ
1568 2468 1718 2506 διδόμενον·
1733 2467 1823 2498 οὐὲεὶς

1017 2516 1044 2546 δὲ
1059 2517 1178 2557 εὐλογίαν
1187 2517 1213 2536 ³⁷
1240 2515 1325 2549 διδοὺς
1347 2515 1480 2545 λυπεῖται.
1504 2513 1629 2544 Δείκνυσι
1650 2512 1678 2541 δὲ
1707 2512 1758 2541 καὶ

1017 2561 1120 2602 καρπὸν
1145 2560 1218 2594 εὐθὺς
1247 2562 1358 2590 ἐνταῦθα
1390 2558 1592 2599 βλαστάνοντα,
1614 2557 1661 2586 καὶ
1696 2556 1822 2594 εὐλογίας

1018 2601 1243 2646 πεπληρωμένους
1273 2605 1333 2638 τοὺς
1358 2604 1533 2646 παρέχοντας.
1565 2602 1621 2633 Καὶ
1646 2601 1706 2631 οὐδὲ
1716 2601 1821 2646 ,τούτῳ

1017 2644 1155 2691 ἠρκέσθη,
1171 2651 1239 2680 ἀλλὰ
1251 2644 1415 2690 προσέθηκε·
1429 2660 1444 2676 ι
1459 2649 1513 2678 Καὶ
1526 2647 1564 2687 μὴ
1576 2649 1612 2680 ὥς
1620 2644 1787 2678 πλεονεξίαν.
1804 2657 1817 2671 ι

1020 2695 1067 2732 Μὴ
1089 2696 1140 2736 γὰρ
1166 2696 1309 2735 νομίσητε,
1337 2694 1434 2735 φησὶν,
1459 2692 1500 2722 ὅτι
1525 2695 1562 2726 ὡς
1596 2691 1820 2721 πλεονεκτοῦντες

868 2777 960 2806 Variae
982 2777 1134 2806 lectiones.

199 2824 221 2840 ⁸⁵
241 2825 349 2855 ἐκείνους
363 2833 390 2852 0.
429 2824 452 2842 ³⁸
466 2825 603 2861 προπέμψαι
618 2833 645 2854 ο.
684 2826 704 2843 ³⁷
720 2826 829 2862 εὐλόγως
849 2834 875 2853 ο.
