1877 3081
23 164 84 190 893

21 227 102 263 ῧμᾶς
118 228 206 256 ταῦτα
227 227 417 267 λαμϐάνομεν,
445 228 503 258 ἀλλ’
516 230 551 263 ὡς
567 229 684 264 θέλοντες
707 231 769 269 ὑμῖν
789 231 831 260 εὖ·

22 270 126 310 λογίαν
152 272 322 312 προξενῆσαι.
339 271 426 303 Ὥστε
443 275 458 302 ὁ
482 273 567 308 διδοὺς
594 274 666 304 ἄκων
688 275 836 314 ἐλεημοσύ-

23 328 78 351 νην
90 317 191 346 ὡσανεὶ
205 318 412 348 πλεονεκτεῖται.

74 373 90 388 α
107 361 197 391 Τοῦτο
231 361 272 398 δὲ,
303 363 317 391 ὁ
332 362 448 403 σπείρων
473 364 651 403 φειδομένως,
675 364 836 404 φειδομένως

23 404 77 434 καὶ
91 405 208 445 θερίσειο
226 407 270 436 καὶ
295 408 309 436 ὁ
329 409 443 447 σπείρων
461 409 504 437 ἐπ’
527 409 674 448 εὐλογίαις,
690 409 732 439 ἐπ’
759 411 834 440 εὖλο-

23 449 102 488 γίαις
127 451 174 480 καὶ
195 450 299 491 θερίσει.
320 463 334 481 n
359 452 423 482 Ἐπὶ
449 452 478 482 τὸ
501 452 590 492 ἕτερον
614 453 758 494 κεφάλαιον
786 467 834 493 με·

22 494 170 530 ταϐαίνιι,
199 496 229 525 τὸ
257 497 317 535 περὶ
347 496 476 535 τοῦμετὰ
501 497 638 537 δαψιλείας
657 499 759 535 δοῦναι,
788 499 834 528 καί

24 551 134 579 φησιν,
150 539 191 569 ὅτι
212 540 267 570 Καὶ
281 543 359 571 τοῦτο
382 542 451 580 λέγω
475 542 539 582 πρὸς
560 538 597 576 οἷς
621 538 708 579 εἶπον,
735 543 775 572 ὅτι
804 545 832 573 οὐ

23 584 168 624 φειδωλῶς
192 585 230 615 δεῖ
258 585 369 616 διδόναι.
390 586 444 615 Καὶ
472 587 520 616 οὖκ
537 582 613 626 εἷπε,
644 589 832 627 Μικρολόγως,

26 629 95 658 ἀλλ’
111 629 289 670 εὐφημότερον
299 653 306 666 ,
319 630 349 660 τὸ
367 631 414 666 τῆς
427 632 532 671 φειδοῦς
546 631 630 670 ὄνομα
650 632 760 663 τέθεικε,
779 633 833 663 Καὶ

24 674 134 714 σπόρον
160 675 190 704 τὸ
211 679 324 715 πρᾶγμα
349 675 487 712 ἐκάλεσεν,
514 675 558 706 ἵνα
584 676 676 711 εὐθέως
697 678 762 718 πρὸς
784 677 831 713 τὴν

26 717 167 748 ἀντίδοσιν
191 720 308 760 βλίψῃς,
325 719 371 749 καὶ
394 720 480 760 μάθῃς
494 719 535 750 ὅτι
561 721 670 750 πλείονα
687 717 832 758 λαμϐάνεις

23 761 43 797 ἣ
62 762 151 797 δίδως.
177 764 270 794 Εἰπὼν
286 763 314 793 δὲ
329 764 389 804 περὶ
405 767 450 794 τοῦ
473 765 541 802 μετὰ
563 766 701 806 δαψιλείας
717 767 830 804 διδόναι,

23 807 115 836 πάλιν
140 808 185 838 καὶ
205 811 252 838 τοῦ
279 808 347 847 μετὰ
369 810 518 849 προθυμίας
545 811 634 841 δοῦναι
654 811 812 850 ἐπεμνήσθη
825 823 831 830 ·

23 851 59 881 τὸ
75 853 145 892 γὰρ,
163 864 178 882 α
195 853 229 883 Ὁ
250 853 366 894 σπείρων
383 855 424 884 ἐπ’
441 854 588 895 εὐλογίαις,
607 867 620 885 ι
639 859 716 886 τοῦτο
737 857 830 893 δηλοῖ,

23 898 66 930 ὡς
82 897 208 938 ἀνωτέρω
221 897 334 938 εἴρηται.

76 1003 91 1021 σ
108 991 243 1026 Ἕκαστος
272 993 358 1027 καθὼς
379 998 547 1034 προαιρεῖται
625 994 721 1035 καρδία
747 995 784 1034 μὴ
801 997 831 1026 ἔκ

24 1036 136 1074 λύπης,
165 1037 183 1073 ἢ
205 1037 231 1072 ἐξ
256 1038 386 1077 ἀνάγκης·
410 1038 501 1079 ἱλαρὸν
526 1039 578 1079 γὰρ
604 1039 681 1076 δότην
704 1041 798 1081 ἀγαπᾷ
817 1043 831 1071 ὁ

24 1081 111 1114 Θεός.
136 1094 152 1110 n
170 1081 350 1122 Ἐνδιατρίϐει
375 1085 413 1124 τῷ
443 1084 505 1124 περὶ
527 1087 572 1113 τοῦ
597 1084 666 1123 μετὰ
683 1086 830 1124 προθυμίας

25 1126 132 1155 διδόναι
156 1126 242 1167 λόγῳ,
268 1127 342 1162 εἰδὼς
357 1127 396 1157 ὅτι
420 1129 485 1168 πρὸς
505 1128 534 1158 τὸ
556 1130 647 1158 δοῦναι
664 1129 768 1166 πολλὰ,
784 1130 830 1160 καὶ

23 1171 56 1200 τὸ
84 1170 256 1211 παράδειγμα
294 1173 346 1201 τῶν
376 1173 537 1203 Μακεδόνων
563 1174 654 1203 ἱκανὸν
685 1174 760 1203 ἔσται
790 1175 830 1204 δι’

25 1216 132 1255 ιγεῖραι
152 1216 263 1252 αὐτοὺς,
276 1217 365 1247 καὶτὸ
384 1217 554 1258 αἰσχύνεσθαι
572 1217 694 1252 ἐλάττους
715 1221 829 1259 φανῆναι

25 1260 148 1290 ἐκείνων.
172 1261 229 1296 Τὴν
254 1261 280 1291 δὲ
301 1261 410 1301 γνώμην
435 1263 522 1292 αὐτῶν
545 1264 638 1300 ἰᾶται,
654 1263 698 1292 ἵνα
725 1263 765 1300 εἴη
783 1264 828 1294 καὶ

26 1305 114 1345 ἀρετὴ
138 1305 168 1335 τὸ
182 1305 246 1346 παρ’
260 1307 344 1336 αὐτῶν
373 1306 522 1345 γινόμενον.
554 1309 586 1338 Εἰ
609 1308 660 1348 γὰρ
685 1308 826 1345 ἀκούσιον,

25 1351 76 1378 οὐκ
92 1349 186 1390 ἀρετή.
203 1350 249 1384 Ὡς
275 1347 320 1380 οὖν
346 1351 502 1385 διδάσκαλος
527 1347 651 1388 ἀληθὴς,
674 1352 742 1382 θέλει
769 1353 828 1387 τοὺς

26 1394 154 1432 μαθητὰς
165 1395 234 1425 κατὰ
251 1396 295 1426 τὸν
318 1396 396 1434 λόγον
416 1399 463 1432 τῆς
488 1397 583 1436 ἀρετῆς
598 1401 681 1427 ποιεῖν
697 1397 711 1427 ὃ
732 1400 825 1428 ποιοῦ-

26 1451 84 1475 σιν,
112 1439 170 1478 ἅμα
186 1440 212 1469 δὲ
232 1440 278 1470 καὶ
297 1439 341 1470 ἵνα
356 1443 370 1470 ὁ
383 1441 474 1479 μισθὸς
488 1443 576 1475 αὐτοῖς
601 1441 745 1482 ὁλόκληρος
770 1443 825 1480 εἴη,

27 1484 158 1519 ἑκουσίως
171 1487 275 1514 ποιοῦσι
297 1485 327 1515 τὸ
348 1485 446 1515 καλόν·
465 1487 500 1519 ὡς
521 1486 551 1516 τό
565 1498 594 1526 γε
612 1486 734 1518 ἀκούσιον
759 1488 825 1516 ὕπο-

25 1529 119 1568 τέμνει
143 1529 188 1559 τὸν
204 1530 313 1569 μισθόν
328 1531 372 1560 διὰ
394 1531 472 1561 τοῦτό
493 1543 572 1571 φησιν
586 1543 592 1550 ·
611 1542 626 1559 α
644 1531 780 1566 "Exacto;
794 1534 829 1566 ὄις

26 1578 211 1615 προαιρεῖται,
226 1575 271 1604 καὶ
287 1576 334 1605 οὐκ
353 1576 383 1605 ἐκ
399 1575 498 1612 λύπης,
520 1576 537 1612 ἢ
555 1575 582 1611 ἐξ
596 1577 713 1616 ἀνάγκης
724 1588 731 1596 ·
748 1589 763 1605 n
780 1579 825 1607 καὶ

26 1619 179 1658 μαρτυρίαν
190 1620 219 1648 ἔκ
232 1620 404 1658 Σολομῶντος
419 1621 545 1660 παράγει.
559 1622 655 1652 Καίτοι
670 1624 683 1652 ὁ
697 1622 773 1661 λόγος
787 1625 825 1663 τῷ

25 1665 99 1704 σοφῷ
117 1664 183 1704 [οὐ]
199 1664 259 1705 περὶ
284 1665 422 1706 δαψιλείας
445 1665 566 1706 εἴρηται·
581 1667 641 1696 ἀλλ’
664 1666 735 1705 ὅμως
750 1668 826 1701 αὐτὸς

25 1709 62 1743 εἰς
89 1708 121 1738 τὸ
153 1709 221 1746 μετὰ
249 1710 396 1749 προθυμίας
426 1710 524 1740 διδόναι
549 1714 639 1742 τοῦτον
673 1711 823 1746 ἐξελάϐετο·

25 1754 45 1782 εἰ
60 1753 89 1782 δὲ
106 1753 216 1793 βούλει,
228 1754 274 1784 καὶ
288 1754 353 1794 πρὸς
363 1755 511 1796 ἀμφότερα.

67 1854 81 1872 α
99 1842 222 1876 Δυνατὸς
237 1843 266 1872 δὸ
281 1845 294 1872 ὃ
316 1843 384 1877 Θεὸς
399 1847 488 1873 πᾶσαν
502 1845 582 1885 χάριν
602 1850 774 1885 περισσεῦσαι
790 1849 826 1881 εἰς

26 1888 105 1926 ὑμᾶς,
124 1901 138 1914 η
158 1886 208 1917 Διὰ
233 1888 332 1917 τούτων
349 1889 401 1918 τῶν
426 1889 510 1927 λόγων
538 1890 680 1929 ἀνατρέπει
698 1890 741 1920 τὸν
754 1892 825 1930 λογι-

25 1931 93 1969 σμὸν
106 1932 137 1961 ὃν
153 1933 177 1961 οἱ
196 1932 289 1962 πολλοὶ
311 1932 407 1973 ἔχομεν
430 1933 564 1973 λέγοντες’
589 1935 654 1964 Ἐὰν
669 1935 756 1965 πολλὰ
772 1937 825 1972 δῶ,

26 1976 134 2006 δέδοικα
162 1977 255 2014 μήπως
278 1976 359 2014 πένης
384 1978 514 2018 γένωμαι.
532 1980 622 2017 Φησὶν
647 1975 709 2016 οὖν,
726 1979 765 2009 ὅτι
789 1981 824 2011 ⁸0

27 2022 93 2055 Θεὸς
108 2022 223 2051 δύναται
236 2024 360 2051 τοσοῦτον
374 2025 443 2061 sua;
464 2023 593 2057 ἄνενδεεῖς
606 2026 716 2060 ποιῆσαι
728 2048 736 2062 ,
756 2024 825 2055 ὥστε

27 2067 70 2094 καὶ
81 2071 175 2096 πᾶσαν
189 2066 284 2107 χάριν,
303 2067 422 2096 τουτέστι
442 2072 531 2097 πᾶσαν
551 2068 749 2108 ἐλεημοσύνην,
771 2071 824 2099 δύ-

26 2114 119 2140 νασθαι
149 2112 218 2149 ὑμᾶς
243 2110 312 2149 μετὰ
343 2111 495 2151 περισσείας
525 2117 618 2146 ποιεῖν.
647 2113 712 2144 Δότε
737 2114 823 2144 τοίνυν

27 2155 163 2196 δαψιλῶς,
190 2154 231 2185 ἵνα
253 2157 270 2192 ἡ
296 2156 459 2195 ἐλεημοσύνη
480 2159 553 2195 ὑμῶν
583 2158 624 2188 ἀεὶ
644 2158 689 2188 καὶ
705 2159 745 2188 ἀεὶ
772 2171 822 2189 πε-

28 2201 137 2240 ρισσεύῃ
142 2223 150 2230 .

68 2255 82 2273 α
96 2244 161 2276 Ἵνα
178 2245 290 2274 ἒνπαντὶ
300 2245 413 2275 πάντοτε
422 2250 511 2275 πᾶσαν
525 2247 684 2287 αὐτάρκειαν
699 2249 805 2288 ἔχοντες
815 2272 823 2287 ,

26 2289 200 2327 περισσεύητε
231 2291 267 2323 εἶς
301 2294 356 2319 πᾶν
391 2290 465 2330 ἔργον
497 2292 603 2331 ἀγαθόν.
629 2304 642 2321 ι)
661 2292 768 2333 Ὁρᾷιςς
794 2295 824 2323 οὖ

26 2333 139 2364 πλοῦτον
167 2334 271 2370 αὐτοῖς,
300 2335 360 2364 ἀλλ’
383 2335 542 2376 αὐτάρκειαν
568 2337 720 2376 ἐπεύχεται.
737 2339 824 2368 Τοῦτο

27 2376 50 2404 δὲ
71 2378 177 2417 εἰπὼν,
195 2378 325 2408 δείκνυσιν
354 2379 394 2408 ὅτι
410 2380 468 2409 οὐδὲ
487 2380 607 2420 βιάζεται
630 2382 740 2418 αὐτοὺς,
764 2383 823 2412 οὐδὲ

28 2422 173 2462 ἀναγκάζει
199 2424 229 2452 ἐκ
257 2425 305 2453 τοῦ
329 2423 511 2464 ὑστερήματος
543 2425 659 2455 διδόναι·
687 2427 746 2456 οὐδὲ
771 2427 822 2468 γὰρ

27 2464 54 2494 ἂν
78 2467 240 2506 αὐτάρκειαν
256 2468 348 2498 λοιπὸν
372 2468 472 2508 ἔχοιεν·
503 2469 560 2507 ἅμα
588 2469 614 2499 δὲ
642 2471 686 2500 καὶ
703 2464 821 2502 διδάσκει

27 2512 129 2556 ποῖἱνδεῐ
143 2515 198 2546 τοῖς
219 2515 263 2542 τοῦ
281 2513 352 2542 Θεοῦ
366 2512 458 2553 δώροις
479 2516 635 2554 κεχρῆσθαι.
658 2515 741 2546 «Ἵνα
753 2517 818 2556 γὰρ,

29 2555 117 2593 φησὶν,
145 2556 182 2590 εἰς
215 2561 268 2586 πᾶν
295 2556 369 2597 ἔργον
396 2559 571 2598 περισσεύητε
595 2560 705 2598 ἀγαθόν.
728 2571 742 2589 ι)
773 2555 820 2591 Ἐν

30 2598 150 2644 μὲνγὰρ
179 2605 233 2634 τοῖς
267 2606 417 2641 σαρκικοῖς,
441 2603 538 2642 φησὶν,
570 2604 729 2644 αὐτάρκειαν
760 2608 820 2644 ὑμῖν

30 2642 190 2690 ἔπεύχομαι·
216 2647 243 2674 ἐν
266 2645 292 2674 δὲ
315 2651 368 2679 τοῖς
388 2653 575 2684 πνευματικοῖς
595 2642 683 2688 (tosto
701 2650 752 2690 γάρ
767 2642 822 2680 ἐστι

30 2686 67 2722 τὸ,
81 2699 96 2717 ιι
107 2690 157 2723 Εἰς
169 2694 222 2719 πᾶν
234 2689 309 2730 ἔργον
322 2690 419 2730 ἀγαθὸν
431 2703 446 2720 »
457 2691 476 2731 ),
489 2686 642 2732 περισσείαν
652 2705 658 2712 ·
671 2686 714 2722 ἵνα
777 2694 823 2733 μό-

29 2741 67 2779 νον
94 2733 186 2779 ἕλεῆτε
200 2736 348 2773 περισσῶς,
367 2735 435 2766 ἀλλὰ
451 2736 497 2766 καὶ
512 2742 565 2766 πᾶν
584 2737 660 2777 ἔργον
681 2738 822 2779 θεᾶρεστον

31 2776 169 2816 φιλοτίμως
185 2781 294 2814 ποιῆτε.

70 2831 83 2848 ε
107 2822 200 2857 Καθὼς
222 2823 388 2863 γέγραπται·
426 2825 620 2866 Ἐσκόρπισεν,
650 2828 733 2857 ἔδωκε
768 2829 824 2862 τοῖς

466 165 641 194 EXPOSITIO
662 167 694 195 IN
715 167 818 196 EPIST.
840 169 860 196 ll
880 169 926 196 AD
947 169 1024 197 COR.
1046 184 1081 190 —
1099 170 1176 198 CAP.
1198 171 1241 198 1X.

1633 175 1686 202 894

848 231 937 266 Αεθὰ
965 232 1184 260 benedictionem
1210 232 1287 260 vobis
1311 233 1456 262 conciliare
1480 235 1611 263 volentes.
1637 236 1686 264 llle

888 276 979 312 itaque
999 277 1045 313 qui
1070 277 1273 314 eleemosynam
1296 277 1378 306 invite
1400 279 1524 314 largitur,
1549 279 1684 315 quodam-

888 321 972 349 modo
996 321 1143 358 expilatur.

924 366 1005 402 291
1024 368 1107 395 Vens.
1123 369 1150 394 6.
1168 378 1180 392 α
1197 368 1257 394 Hoc
1275 371 1367 395 autem
1384 367 1458 401 dico,
1477 367 1523 404 qui
1543 376 1624 404 parce
1639 378 1682 398 se-

887 411 985 446 minat,
1011 420 1093 447 parce
1112 416 1139 440 et
1154 416 1256 440 metet:
1274 416 1302 440 et
1315 412 1361 448 qui
1384 413 1501 441 seminat
1515 413 1545 441 in
1570 414 1683 442 benedi~

887 456 1033 491 ctionibus,
1051 457 1079 484 in
1094 456 1330 485 benedictionibus
1344 461 1372 484 et
1390 461 1485 486 metet.
1514 469 1526 482 ιι
1543 457 1588 486 Ad
1609 459 1683 487 aliud

887 504 1036 540 caputjam
1056 504 1160 538 transit,
1175 503 1249 540 quod
1262 508 1304 532 est
1333 504 1366 532 de
1380 505 1492 540 largiter
1513 504 1616 540 dando,
1641 506 1684 534 in-

887 548 985 584 quiens
1001 557 1008 576 :
1025 550 1086 577 Hoc
1104 549 1186 576 etiam
1201 548 1299 584 adjicio
1318 549 1358 576 eis
1377 557 1440 585 quae
1462 549 1591 585 dixerim,
1607 552 1682 586 quod

886 601 941 620 non
961 601 1042 629 parce
1063 598 1188 629 oporteat
1212 593 1286 622 dare.
1314 595 1350 621 Et
1373 602 1431 622 non
1455 594 1535 629 dixit,
1556 596 1682 630 tenuiter,

885 637 935 665 sed
958 638 1091 666 celebrius
1123 638 1304 673 parcimoniaa
1330 638 1496 666 vocabulum
1519 640 1619 675 posuit.
1642 642 1684 668 Ac

885 690 980 711 semen
999 691 1070 719 opus
1093 683 1183 719 ipsum
1213 683 1331 717 vocavit,
1352 687 1384 712 ut
1411 683 1445 712 ad
1468 684 1681 713 retributionem

885 727 1032 755 confestim
1054 727 1195 763 respicias,
1218 735 1249 756 ac
1263 727 1351 756 discas
1371 727 1443 764 quod
1467 728 1544 764 plura
1568 730 1683 765 accipias

885 779 968 808 quam
989 771 1047 800 des.
1069 773 1139 800 Cum
1160 780 1225 800 vero
1249 771 1374 806 dixisset,
1393 772 1468 808 quod
1488 773 1598 809 largiter
1615 774 1684 802 dan-

885 816 954 844 dum
973 817 1016 850 sit,
1039 825 1133 845 rursus
1157 817 1242 845 etiam
1263 817 1391 845 meminit
1411 817 1485 853 quod
1507 826 1571 846 cum
1595 819 1680 846 animi

885 861 1023 889 alacritate
1039 861 1160 889 dandum
1181 861 1234 890 sit:
1255 861 1328 898 quod
1343 862 1416 890 enim
1432 862 1480 895 ait,
1502 872 1517 888 «
1531 862 1586 898 Qui
1599 864 1680 891 semi-

846 919 870 950 Β
885 910 933 933 nat
944 906 974 934 in
986 905 1232 940 benedictionibus,
1243 916 1256 932 η
1277 906 1329 934 hoc
1346 906 1460 941 indicat,
1475 906 1588 943 perinde
1603 915 1636 935 ac
1651 907 1680 935 in

884 950 1071 987 superioribus
1092 950 1198 979 dictum
1212 955 1262 980 est.

921 997 1007 1024 Vsus.
1034 998 1060 1023 7.
1078 1007 1091 1020 α
1106 996 1302 1032 Unusquisque
1323 999 1405 1031 prout
1425 995 1543 1024 destinat
1556 996 1586 1024 in
1597 997 1680 1026 corde

885 1048 947 1075 suo,
960 1048 1017 1068 non
1031 1048 1064 1068 ex
1079 1040 1189 1068 tristitia
1212 1044 1259 1068 aut
1270 1040 1443 1069 necessitate.
1461 1040 1580 1069 Hilarem
1599 1042 1677 1070 enim

884 1085 1009 1114 datorem
1033 1085 1119 1121 diligit
1138 1087 1220 1113 Deus.
1245 1097 1258 1110 ιο
1272 1086 1304 1113 In
1322 1093 1451 1113 sermone
1465 1085 1499 1113 de
1515 1086 1679 1122 promptitu-

884 1131 948 1158 dine
970 1131 997 1158 in
1012 1130 1102 1158 dando
1128 1131 1302 1162 immoratur.
1316 1134 1490 1166 compertum
1504 1129 1609 1159 habens
1624 1132 1682 1159 Ma—

883 1175 1020 1203 cedonum
1035 1175 1190 1211 exemplum
1205 1174 1334 1202 sufﬁcere
1350 1174 1385 1202 ad
1400 1175 1464 1209 hoc,
1479 1179 1510 1202 ut
1522 1175 1620 1203 excitet
1634 1183 1681 1204 eos

883 1228 939 1256 quo
954 1220 1032 1256 plura
1049 1219 1125 1253 dent,
1140 1223 1224 1256 utque
1236 1219 1391 1255 pudefaciat
1411 1227 1468 1254 eos,
1491 1220 1513 1248 si
1539 1219 1682 1248 inferiores

881 1265 934 1293 illis
953 1268 1109 1301 appareant.
1131 1266 1258 1300 Ipsorum
1280 1269 1373 1292 autem
1398 1269 1516 1292 mentem
1538 1268 1627 1298 sanat,
1649 1268 1679 1292 ut

881 1310 918 1338 sit
931 1309 1014 1337 etiam
1027 1310 1112 1337 virtus
1134 1308 1208 1345 quod
1234 1308 1269 1336 ab
1281 1309 1347 1344 ipsis
1362 1309 1401 1336 fit.
1424 1311 1495 1338 Nam
1511 1309 1533 1337 si
1548 1309 1679 1337 iuvolun—

880 1353 981 1382 tarium
995 1357 1047 1387 est,
1072 1361 1129 1381 non
1143 1357 1185 1380 est
1196 1352 1292 1381 virtus.
1321 1353 1385 1381 ldeo
1405 1361 1456 1381 ceu
1480 1361 1560 1381 verus
1571 1361 1676 1389 prince-

880 1403 952 1435 ptor,
966 1398 1118 1434 discipulos
1138 1405 1203 1426 suos
1217 1398 1329 1426 omnino
1355 1398 1412 1426 vult
1436 1406 1485 1434 pro
1507 1397 1616 1426 virtutis
1629 1406 1672 1426 ra-

879 1444 953 1471 tione
966 1443 1054 1472 fecere
1068 1442 1142 1479 quod
1155 1442 1267 1470 faciunt.
1281 1442 1367 1470 Simul
1379 1446 1470 1470 autem
1486 1447 1516 1470 ut
1529 1447 1555 1470 et
1568 1450 1674 1470 merces

879 1489 945 1526 ipsis
973 1492 1030 1516 tota
1057 1487 1212 1524 contingat,
1240 1487 1394 1515 voluntario
1420 1487 1525 1515 faciunt
1549 1487 1676 1515 bonum:

843 1540 865 1572 ί]
881 1542 945 1563 nam
958 1531 1173 1562 involuntariﬂm
1188 1532 1345 1560 mercedem
1357 1532 1466 1560 minuit.
1481 1531 1523 1560 οι)
1537 1540 1599 1560 eam
1611 1539 1679 1560 cau-

878 1588 950 1613 sam,
974 1578 1071 1614 inquit,
1098 1588 1112 1602 ι
1127 1577 1324 1613 Unusquisque
1342 1581 1374 1604 ut
1387 1577 1416 1604 in
1432 1576 1516 1604 corde
1528 1584 1579 1604 suo
1593 1576 1678 1604 desti-

879 1629 927 1653 nat
947 1636 961 1649 ι
986 1624 1043 1652 sive
1067 1621 1267 1658 praedeliberat,
1283 1633 1295 1646 ι
1313 1625 1340 1650 et
1359 1629 1415 1649 non
1429 1629 1462 1650 ex
1484 1629 1615 1655 maerore,
1629 1625 1678 1649 aut

878 1669 1048 1698 necessitate.
1067 1678 1080 1692 ιι
1098 1666 1300 1695 Testimonium
1320 1670 1453 1702 praeterea
1475 1674 1508 1694 ex
1531 1666 1678 1694 Solomone

879 1714 1012 1751 producit.
1027 1712 1111 1749 Atqui
1129 1720 1222 1741 sermo
1242 1712 1356 1747 sapienti
1380 1711 1415 1739 de
1440 1711 1565 1747 largitate
1587 1710 1679 1739 dictus

879 1763 930 1792 est,
951 1759 1009 1794 ipse
1022 1765 1086 1786 vero
1109 1757 1242 1785 intellexit
1267 1764 1332 1784 eum
1358 1755 1394 1784 de
1413 1755 1629 1792 promptitudine
1648 1756 1677 1783 in

878 1803 987 1832 dando:
997 1807 1044 1831 aut
1057 1802 1079 1830 si
1092 1801 1181 1835 malis,
1197 1801 1231 1829 ad
1245 1804 1362 1836 utraque
1375 1800 1479 1828 retulit.

915 1850 1003 1878 Vsus.
1019 1850 1046 1874 8.
1072 1858 1085 1871 ιι
1109 1847 1210 1874 Potens
1224 1849 1266 1872 est
1278 1849 1371 1872 autem
1396 1846 1470 1872 Deus
1484 1851 1597 1872 omnem
1611 1851 1674 1880 gra-

879 1894 947 1921 tiam
967 1891 1163 1920 exuberantem
1175 1889 1265 1918 facere
1290 1896 1354 1924 erga
1376 1896 1432 1917 vos.
1452 1899 1463 1913 ι
1485 1888 1567 1916 Hisce
1588 1888 1677 1916 verbis

878 1937 1043 1974 cogitatione
1062 1935 1198 1964 subvertit
1217 1941 1302 1971 quam
1327 1933 1406 1961 multi
1428 1932 1562 1960 habemus
1582 1931 1675 1960 dicen-

879 1987 918 2011 tcs
930 1991 937 2009 :
951 1981 978 2010 Si
994 1981 1082 2009 multa
1095 1979 1208 2014 dedero,
1224 1982 1318 2007 metuo
1329 1986 1364 2006 ne
1377 1977 1412 2006 ad
1425 1981 1613 2014 paupertatem
1631 1985 1676 2004 re-

877 2027 967 2064 digar.
989 2026 1036 2054 Ait
1052 2026 1135 2062 igitur
1151 2034 1159 2053 :
1180 2026 1255 2052 Deus
1269 2027 1358 2060 potest
1371 2023 1439 2051 adeo
1453 2030 1502 2050 vos
1519 2030 1615 2050 rerum
1632 2029 1676 2050 co-

879 2072 923 2108 pia
949 2071 1097 2099 afﬂuentes
1123 2069 1223 2103 facere,
1242 2072 1274 2097 ut
1292 2072 1320 2096 et
1333 2075 1447 2096 omnem
1474 2067 1607 2104 gratiam,
1623 2066 1676 2095 hoc

878 2120 921 2145 est
933 2117 1137 2152 eleemosynam
1163 2113 1272 2150 possitis
1292 2121 1356 2141 cum
1382 2112 1559 2140 exuberantia
1573 2111 1674 2140 facere.

878 2162 948 2189 Date
975 2161 1059 2196 igitur
1074 2159 1196 2195 largiter,
1222 2161 1252 2186 ut
1282 2158 1457 2193 eleemosyna
1475 2160 1562 2184 vestra
1587 2156 1678 2192 magis

879 2206 1019 2242 magisque
1031 2204 1175 2233 exuberet.

917 2262 930 2275 α
946 2251 987 2278 Ut
1001 2250 1032 2277 in
1043 2249 1123 2277 omni
1143 2255 1173 2276 re
1186 2255 1299 2276 omnem
1312 2245 1505 2275 sufﬁcientiam
1528 2245 1675 2280 habentes,

878 2294 1023 2323 abundetis
1047 2294 1076 2322 in
1098 2301 1182 2321 omne
1206 2300 1275 2328 opus
1295 2292 1411 2319 bonum.
1437 2300 1452 2317 ν
1473 2290 1593 2319 Viden’?
1618 2299 1677 2318 non

879 2347 944 2376 opes
967 2339 1033 2374 ipsis
1059 2341 1181 2374 exaptat,
1205 2337 1252 2365 sed
1272 2335 1476 2364 sufﬁcientiam.
1500 2335 1560 2363 Hoc
1582 2339 1676 2363 autem

878 2385 980 2418 dicens,
1001 2383 1103 2412 indicat
1122 2382 1196 2419 quod
1209 2389 1298 2418 neque
1309 2381 1411 2417 adigat,
1429 2388 1518 2417 neque
1529 2380 1677 2416 compellat

877 2437 923 2458 eos
938 2437 969 2458 ex
984 2428 1076 2465 inopia
1089 2428 1154 2456 dare
1170 2437 1176 2454 ε
1191 2434 1279 2463 neque
1295 2426 1370 2454 enim
1387 2425 1583 2454 sufﬁciantiem
1600 2425 1677 2453 dein-

876 2483 939 2510 ceps
955 2473 1096 2502 haberent.
1113 2471 1202 2501 Simul
1215 2475 1308 2499 autem
1319 2471 1400 2500 docet
1424 2470 1536 2499 ubinam
1550 2474 1676 2506 oporteat

875 2519 955 2547 donis
976 2519 1028 2546 Dei
1051 2518 1098 2546 uti.
1119 2528 1132 2542 ι
1153 2517 1192 2546 Ut
1206 2516 1351 2544 abundetis
1368 2527 1380 2540 ν
1396 2516 1480 2550 enim,
1493 2515 1593 2551 inquit,
1613 2526 1626 2539 κ
1642 2515 1675 2542 ad

875 2572 957 2592 omne
976 2571 1046 2599 opus
1067 2563 1181 2590 bonum.
1200 2573 1214 2586 ι»
1226 2560 1364 2597 Siquidem
1383 2561 1412 2588 in
1425 2560 1579 2589 carnalibus
1599 2558 1676 2587 vobis

875 2608 1070 2637 sufficientiam
1090 2611 1206 2643 exopto:
1234 2606 1263 2634 in
1287 2605 1474 2642 spiritualibus
1491 2608 1584 2632 autem
1609 2603 1676 2637 (hoc

877 2653 952 2681 enim
967 2657 1009 2681 est
1022 2652 1097 2689 quod
1111 2652 1159 2686 ait,
1176 2663 1189 2676 ι
1201 2651 1236 2680 ad
1250 2659 1334 2679 omne
1351 2659 1421 2686 opus
1435 2650 1541 2677 bonum
1556 2648 1580 2683 ι)
1591 2648 1674 2675 abun-

876 2697 1000 2726 dantiam
1028 2697 1109 2725 ctiam
1137 2696 1214 2724 vobis
1238 2696 1322 2731 292
1350 2695 1497 2730 imprecor,
1523 2696 1554 2720 ut
1570 2692 1673 2720 nedum

877 2741 985 2770 abunde
998 2741 1190 2770 misericordes
1208 2741 1280 2774 sitis,
1297 2747 1393 2767 verum
1407 2739 1493 2766 etiam
1508 2745 1590 2766 omne
1606 2744 1675 2773 opus

879 2789 938 2815 Deo
952 2787 1062 2823 placens
1084 2786 1231 2814 liberaliter
1253 2784 1367 2812 faciatis.

914 2833 1002 2860 Vsus.
1023 2833 1050 2860 ο.
1069 2842 1081 2856 ι
1098 2831 1174 2859 Sicut
1191 2830 1326 2866 scriptum
1345 2832 1388 2857 est
1405 2837 1411 2856 :
1428 2827 1574 2863 Dispersit,
1598 2826 1674 2855 dedit
