1877 3081
187 161 239 187 895

687 159 944 187 THEOPHYLACTI
964 156 1142 185 BULGARIIE
1160 155 1317 182 ABCHIEP.
1788 152 1830 177 896

184 220 362 258 pauperibus,
386 221 487 258 iustitia
513 222 571 258 ejus
595 226 687 250 manet
712 222 742 249 in
769 220 939 249 saeculum‘.
968 231 980 244 ι-

1078 229 1164 257 manv,
1179 220 1197 254 ἡ
1222 215 1375 253 δικαιοσύνη
1400 215 1482 245 αὐτοῦ
1499 215 1573 254 μένει
1589 215 1625 248 εἷς
1646 213 1691 244 τὸν
1708 214 1803 244 αἰῶνα,
1819 226 1829 240 ι

187 266 271 300 Dixit,
289 277 302 291 ι
319 271 351 294 ut
365 266 533 295 exuberetis.
552 278 563 291 ι
594 266 637 294 Ad
660 266 739 294 istius
764 266 855 301 itaque
881 264 980 294 conﬁr-

184 311 334 339 mationem
351 319 384 339 ex
404 311 538 347 propheta
559 311 748 338 testimonium
763 310 887 346 protulit,
908 309 982 337 vide-

192 355 255 388 icet,
271 366 285 379 ι
299 355 449 391 Dispersit;
462 367 475 379 ιι
488 355 547 384 haec
559 356 632 383 enim
647 354 734 383 dictio
749 355 940 382 liberalitatem
955 359 983 381 et

190 399 397 428 exuberantiam
421 399 531 428 indicat.
552 400 679 427 Pecuniae
690 399 773 436 igitur
790 403 818 427 et
839 398 981 427 facultates

186 452 243 472 non
265 449 380 472 manent
396 455 401 472 :
413 445 520 481 justitia
546 448 649 478 autem,
681 444 732 472 hoc
758 448 800 472 est
825 443 982 471 humanitas

184 488 233 522 (sic
245 489 318 517 enim
341 496 403 517 eam
423 494 510 521 vocat,
528 493 658 525 tanquam
673 496 736 525 quae
751 488 893 516 hominem
904 488 982 524 justi-

184 533 256 566 ticet,
277 541 309 562 ac
329 537 438 569 peccata
457 533 566 569 solvat),
591 534 641 562 ista
669 533 773 561 scilicet
805 533 935 568 perdurat
953 533 980 560 in

184 577 319 607 saeculum
334 583 393 606 tum
403 586 522 614 praesens
537 583 598 606 tum
609 578 747 606 futurum.
766 578 837 606 Hinc
851 578 926 606 enim
941 581 983 605 est

184 623 258 658 quod
282 623 440 651 misericors
460 623 495 651 ab
519 622 659 656 omnibus,
679 627 706 650 et
726 623 868 659 progenies
888 622 946 658 ejus
965 630 981 650 ο

186 667 302 703 posteris
313 667 446 704 diligitur.

220 713 312 741 Vnns.
330 715 371 740 ιο.
391 722 406 739 (ι
420 713 473 749 Qui
488 716 582 741 autem
607 712 782 741 administrat
792 720 888 740 semen
901 712 982 740 semi-

184 757 271 792 nanti,
281 761 309 785 et
322 765 420 793 panem
430 757 464 785 ad
476 757 702 786 manducandum
716 761 838 793 praestet,
854 761 881 784 et
892 757 982 785 multi-

182 801 263 837 plicet
285 809 382 830 semen
408 805 540 836 vestrum,
568 806 596 829 et
619 809 741 830 crescere
758 801 840 829 faciat
856 801 980 837 germina

181 845 298 882 justitiaa
317 849 425 874 vestrae.
441 856 456 873 io
473 846 529 874 Sub
549 846 654 874 eisdem
678 846 766 874 verbis
787 850 815 874 et
828 846 979 881 corporalia

1038 259 1140 299 Εἶπεν,
1180 262 1222 292 ὅτι
1246 275 1257 289 ι
1280 260 1340 292 Ἷνα
1368 260 1554 302 περισσεύητε.
1574 271 1590 289 n
1617 258 1830 292 Κατασκευάζων

1036 308 1122 337 τοίνυν
1149 310 1227 337 τοῖτο
1255 306 1308 335 ἀπὸ
1327 308 1374 335 τοῦ
1402 305 1537 345 προφήτου
1559 304 1715 344 παρήνεγκε
1726 302 1753 322 ³³
1771 315 1832 342 μαρ-

1036 353 1143 392 τυρίαν,
1156 352 1196 388 τὸ,
1211 363 1227 379 ι
1250 350 1439 390 Ἐσκόρπισεν.
1459 363 1472 376 ι
1496 350 1530 380 Ἦ
1551 348 1619 383 λέξις
1638 347 1692 387 γὰρ
1710 347 1780 382 αὓτη
1792 349 1832 392 τὶν

1037 387 1176 437 δαψίλειαν
1207 395 1253 426 καὶ
1295 387 1449 435 περισσείαν
1482 394 1618 435 ἐμφαίνει.
1647 393 1694 423 Τὰ
1725 392 1774 430 μὲν
1795 387 1834 420 οὖν

1035 436 1165 481 χρήματα
1192 441 1222 470 οὗ
1249 440 1334 478 μένει·
1360 442 1377 476 ἡ
1406 439 1434 469 δὲ
1461 438 1626 475 δικαιοσύνη,
1659 436 1833 471 τουτέστινὴ

1037 485 1221 526 φιλανθρωπία
1250 484 1329 523 (οὕτω
1351 483 1402 524 γὰρ
1418 483 1500 519 αὐτὴν
1516 485 1609 521 καλεῖ,
1629 484 1668 516 ὣς
1684 483 1832 511 δικαιοῦσαν

1037 531 1079 560 τὸν
1118 531 1256 570 ἄνθρωπον
1286 529 1332 559 καὶ
1355 528 1513 558 διαλύουσιν
1551 527 1585 557 τὰ
1620 526 1833 567 ἁμαρτήματα),

1037 575 1103 612 αὕτη
1127 577 1189 614 γοῦν
1203 574 1276 613 μένει
1291 576 1327 608 εἰς
1340 574 1384 604 τὸν
1400 574 1498 609 αἰῶνα,
1514 572 1560 602 καὶ
1574 572 1620 602 τὸν
1645 573 1764 601 ἐνταῦθα
1773 593 1782 606 ,
1794 572 1832 600 καὶ

1036 619 1080 649 τὸν
1092 622 1156 649 ἐκεῖ.
1180 620 1328 649 Κάντεῧθεν
1353 617 1405 658 γὰρ
1420 619 1434 647 ὁ
1458 617 1579 656 ἐλεήμων
1597 616 1743 656 ἀγαπητὸς
1761 621 1833 650 πᾶσι,

1036 665 1081 694 καὶ
1095 669 1148 698 τοῖς
1162 663 1291 704 ὀψιγόνοις
1305 665 1329 692 οἱ
1340 663 1465 702 ἀπόγονοι
1480 663 1571 692 αὐτοῦ.

1078 721 1094 736 α
1116 707 1150 739 Ὁ
1168 709 1194 738 δὲ
1218 709 1385 748 ἐπιχορηγῶν
1413 707 1521 746 σπέρμα
1542 708 1579 746 τῷ
1606 706 1765 746 σπείροντι,
1794 707 1834 734 καὶ

1036 753 1113 793 ἄρτον
1137 755 1174 787 εἰς
1189 754 1289 792 βρῶσιν
1319 752 1531 793 ἐπιχορηγήσαι,
1559 751 1606 780 καὶ
1634 750 1774 787 πληθύναι
1796 751 1834 779 τὸν

1035 798 1132 838 σπόρον
1161 799 1250 837 ὑμῶν,
1276 797 1322 827 καὶ
1349 797 1461 833 αὖξήσαι
1484 795 1518 825 τὰ
1544 795 1703 835 γεννήματα
1732 798 1779 831 τῆς
1798 796 1833 823 δι-

1034 842 1175 878 καιοσύνης
1199 844 1283 881 ὑμῶν.
1301 853 1316 869 ο
1342 841 1506 881 Ἐπεύχιται
1531 843 1618 874 αὐτοῖς
1633 842 1662 870 ἐν
1686 840 1782 880 ταύτῷ
1796 841 1833 868 καὶ

183 893 210 917 et
229 890 378 926 spiritualia
392 891 445 918 illis
463 895 584 927 exoptat,
610 891 782 926 sermonique
808 898 858 918 suo
883 895 977 918 aucto—

1078 888 1176 925 ματικὰ
1198 886 1244 917 καὶ
1264 885 1450 925 πνευματικὰ,
1474 886 1520 915 καὶ
1544 885 1699 919 ἀξιόπιστον
1724 889 1833 914 ποιεῖται

182 934 291 962 ritatem
318 935 469 963 asensibili
492 936 659 971 agricultura
685 935 820 963 conciliat.
848 935 875 963 Si
903 935 976 963 enim

183 984 264 1008 terrae
272 980 377 1007 semina
391 980 589 1008 mandantibus
604 982 679 1008 Deus
692 980 812 1016 impertit
826 987 932 1013 semen,
946 988 977 1007 ac

183 1024 204 1052 si
215 1032 314 1060 corpus
327 1025 464 1052 alentibus
475 1024 633 1053 alimoniam
649 1025 752 1060 praebet
768 1033 774 1051 :
791 1025 880 1052 multo
893 1025 977 1060 magis

181 1068 283 1096 caelum
308 1069 460 1097 colentibus
483 1070 660 1105 animamque
697 1069 842 1097 alentibus.
879 1069 978 1097 Dicens

182 1113 274 1148 igitur,
303 1124 315 1137 ι
332 1114 445 1142 Praestet
463 1117 491 1142 et
503 1114 668 1149 multiplicet
689 1121 785 1141 semen
809 1117 940 1145 vestrum,
964 1125 976 1137 υ

182 1157 216 1185 de
244 1157 343 1186 divitiis
365 1157 536 1186 sensibilibus
560 1158 690 1194 loquitur,
715 1166 785 1194 quas
817 1158 876 1185 vult
897 1158 978 1193 spiri-

181 1202 253 1230 tuale
268 1209 364 1230 semen
376 1202 457 1236 efﬁci,
473 1203 541 1231 dum
557 1203 723 1239 pauperibus
737 1206 894 1237 erogantur.
906 1203 978 1230 Hinc

182 1247 255 1275 enim
267 1247 363 1276 crescit
374 1255 456 1275 omne
470 1247 576 1276 bonum
588 1256 657 1283 opus
671 1249 696 1275 in
710 1247 797 1282 nobis,
815 1251 897 1283 atque
909 1247 978 1275 adeo

178 1291 292 1327 justitiae
313 1291 446 1328 manipuli
461 1297 612 1329 augescunt
627 1302 633 1320 :
650 1297 777 1329 proptera
796 1291 887 1326 infert,
913 1301 927 1318 (ι
948 1294 980 1319 Et

181 1344 303 1364 crescere
318 1336 401 1364 faciat
413 1337 535 1373 germina
543 1337 656 1373 justitiae
673 1341 779 1365 vestrae.
796 1349 808 1361 ιι
825 1337 876 1364 Hic
885 1341 978 1364 autem

180 1384 255 1414 nota,
269 1381 345 1417 quod
365 1383 456 1410 Deum
471 1389 527 1409 non
545 1381 665 1415 delicias,
686 1382 733 1409 sed
749 1382 911 1409 alimoniam
926 1381 977 1409 im-

181 1426 344 1460 pertientem
368 1426 569 1454 introducatu
592 1427 694 1454 Panem
722 1437 735 1450 ιι
757 1427 849 1460 enim,
877 1426 979 1461 inquit,

182 1480 195 1494 (ι
217 1470 252 1498 ad
267 1470 488 1498 manducandum
513 1491 520 1499 .
545 1482 557 1494 ν
574 1471 650 1498 Istud
671 1474 762 1498 autem
788 1478 821 1498 ex
842 1471 909 1497 Isaia
934 1470 982 1498 de—

184 1519 326 1550 sumptum
339 1519 391 1543 est.

216 1560 302 1586 Vens.
329 1561 368 1586 tl.
394 1567 408 1584 (ι
423 1560 455 1586 In
477 1559 607 1587 omnibus
633 1559 796 1587 ditescentes
811 1558 845 1586 ad
867 1566 978 1586 omnem
993 1552 1015 1583 C

179 1603 390 1638 simplicitatem,
414 1611 477 1639 quas
492 1603 577 1631 efﬁcit
594 1611 641 1639 per
665 1611 714 1630 nos
729 1603 879 1639 gratiarum
895 1604 979 1631 actio-

180 1654 246 1673 nem
260 1648 326 1674 Deo.
345 1658 358 1671 ν
374 1647 481 1675 Iudicat
492 1647 535 1674 hic
549 1655 642 1675 rursus
655 1647 797 1683 quomodo
817 1655 868 1675 nos
882 1648 982 1676 divitiis

183 1691 221 1718 uti
237 1695 374 1726 oporteat.
397 1691 441 1719 Ait
455 1691 528 1719 enim
543 1692 614 1728 quod
637 1700 693 1719 non
713 1696 779 1719 sunt
796 1691 979 1726 defodiendaz,

185 1739 314 1763 caeterum
338 1736 372 1763 ad
393 1744 506 1764 omnem
525 1736 732 1773 simplicitatem
760 1737 906 1770 habendae,
928 1737 980 1765 hoc

182 1783 223 1807 est
237 1788 300 1808 cum
315 1780 478 1809 liberalitate
492 1781 647 1816 erogandae.
663 1781 801 1816 Quoniam
827 1789 891 1809 vero
907 1781 980 1810 haud

182 1832 278 1860 parum
305 1826 383 1853 multi
406 1826 433 1853 in
459 1831 549 1854 scorta
579 1830 607 1854 et
637 1826 738 1854 mimos
772 1826 979 1862 simplicitatem

181 1870 339 1904 ostendant,
363 1871 469 1905 Talem,
491 1871 590 1907 inquit,
609 1871 814 1906 simplicitatem
828 1871 901 1905 dico,
919 1879 980 1907 qua;

180 1914 295 1942 multam
315 1915 466 1951 gratiarum
480 1916 619 1943 actionem
638 1915 720 1943 affert
733 1917 793 1943 Deo
810 1926 816 1944 :
837 1916 893 1943 imo
915 1923 978 1943 vero

180 1967 237 1987 non
256 1960 348 1987 solum
367 1961 517 1995 gratiarum
545 1960 697 1993 actionem,
723 1968 819 1987 verum
842 1965 869 1987 ct
894 1961 979 1988 multa

180 2003 232 2031 alia
247 2011 308 2039 quae
331 2004 358 2031 in
374 2012 517 2040 progressu
540 2004 671 2040 Epistola:
685 2005 813 2040 deinceps
835 2005 921 2039 ponit,
938 2009 978 2039 ut,

179 2048 218 2075 sic
243 2048 390 2075 ostendens
414 2049 500 2076 multa
513 2048 557 2076 illa
575 2049 646 2077 bona
665 2057 699 2076 ex
722 2049 896 2084 simplicitate
918 2054 978 2077 orta

181 2091 325 2126 proniores
339 2099 386 2119 eos
398 2092 432 2120 ad
447 2093 520 2121 hanc
531 2092 639 2120 efﬁciat.

216 2137 304 2164 Vens.
327 2139 420 2165 12-14.
437 2149 449 2161 ιι
468 2138 604 2173 Quoniam
617 2138 802 2166 ministerium
819 2137 901 2174 hujus
915 2137 978 2166 ofﬁ-

1032 933 1075 960 τὸν
1101 932 1177 971 λόγον
1200 932 1253 961 ἀπὸ
1281 934 1326 967 τῆς
1352 933 1480 967 uicerim":
1502 929 1632 969 γεωργίας
1646 930 1685 959 ³⁵⁷.
1724 931 1760 960 Εἰ
1787 930 1832 968 γὰρ

1032 981 1084 1010 τοῖς
1099 976 1146 1012 τὴν
1159 979 1207 1016 γῆν
1230 976 1366 1016 σπείρουσι
1393 975 1500 1015 σπέρμα
1522 976 1628 1004 δίδωσιν
1654 977 1669 1004 ὁ
1690 975 1775 1009 Θεὸς,
1795 976 1834 1003 καὶ

1031 1022 1054 1050 εἰ
1069 1024 1122 1054 τοῖς
1138 1022 1168 1050 τὸ
1192 1022 1270 1059 σῶμα
1297 1020 1423 1061 τρέφουσι
1452 1019 1565 1059 παρέχει
1594 1018 1719 1058 τροφήν·

1034 1066 1134 1104 μᾶλλον
1151 1065 1204 1099 τοῖς
1230 1065 1274 1095 τὸν
1297 1065 1406 1104 οὐρανὸν
1427 1067 1588 1104 γεωργοῦσι,
1613 1064 1660 1093 καὶ
1675 1062 1728 1099 τὴν
1752 1063 1836 1103 ψυχὴν

1031 1109 1181 1150 τρέφουσιν,
1210 1109 1303 1141 Εἰπὼν
1320 1105 1385 1146 οὖν,
1405 1120 1420 1137 ι
1446 1109 1606 1148 Χορηγήσαι
1627 1108 1677 1138 καὶ
1705 1109 1836 1143 πληθύναι

1032 1155 1076 1183 τὸν
1105 1154 1201 1194 σπόρον
1243 1156 1334 1192 ὑμῶν,
1366 1167 1378 1180 ι
1410 1154 1471 1194 περὶ
1501 1156 1547 1183 τοῦ
1577 1154 1706 1189 αἰσθητοῦ
1726 1153 1837 1182 πλούτου

1033 1199 1118 1237 λέγει,
1149 1199 1177 1228 ὃν
1216 1198 1340 1238 βούλεται
1368 1198 1465 1238 σπόρον
1496 1197 1619 1237 γενέσθαι
1654 1198 1836 1235 πνευματικὸν
1876 1211 1877 1238 γ

1033 1245 1086 1276 τοῖς
1100 1243 1196 1279 πένησι
1221 1243 1367 1282 διδόμενον.
1384 1243 1437 1273 Ἐκ
1455 1241 1548 1272 τούτου
1574 1242 1626 1282 γὰρ
1642 1241 1760 1275 αὔξεται
1790 1247 1837 1271 xiv

1032 1287 1108 1327 ἔργον
1125 1288 1222 1325 ἀγαθὸν
1240 1289 1266 1317 ἐν
1293 1289 1372 1325 ἡμῖν,
1391 1288 1436 1317 καὶ
1451 1287 1485 1317 τὰ
1505 1287 1648 1326 δράγματα
1665 1288 1716 1321 τῆς
1736 1288 1838 1316 δικαιο-

1035 1333 1127 1368 σύνης·
1143 1333 1183 1362 διὸ
1199 1333 1243 1362 καὶ
1258 1333 1368 1371 ἐπάγει·
1387 1343 1402 1362 (ι
1425 1331 1478 1362 Καὶ
1494 1331 1608 1365 αὖξήσαι
1626 1331 1659 1361 τὰ
1679 1332 1839 1369 γεννήματα

1034 1379 1081 1412 τῆς
1099 1377 1268 1413 δικαιοσύνης
1295 1378 1379 1415 ὑμῶν.
1400 1387 1414 1406 ι)
1437 1376 1596 1414 Σημείωσαι
1627 1376 1656 1405 δὲ
1684 1377 1840 1411 κάνταῦθα,

1034 1421 1123 1451 ὅτιού
1147 1422 1266 1462 τρυφὴν,
1286 1421 1355 1450 ἀλλὰ
1381 1421 1480 1462 τροφὴν
1510 1421 1616 1450 διδόντα
1644 1422 1714 1459 ἡμῖν
1742 1422 1841 1460 εἰσάγει

1035 1466 1078 1494 τὸν
1092 1467 1173 1497 Θεόν.
1190 1479 1203 1493 α
1219 1466 1312 1506 Ἄρτον
1329 1477 1344 1495 ιι
1371 1465 1441 1505 γὰρ,
1459 1465 1554 1506 φησὶν⁷
1584 1477 1600 1494 ι
1613 1465 1650 1498 εἷς
1683 1467 1804 1506 βρῶσιν.
1827 1480 1839 1494 ι

1035 1512 1121 1540 Τοῦτο
1133 1510 1161 1541 δὲ
1173 1513 1220 1540 τοῦ
1231 1510 1363 1550 Ἱερεμίου
1380 1511 1463 1540 ἐστίν.

1079 1566 1093 1584 (ι
1109 1555 1155 1585 Ἐν
1170 1555 1250 1584 παντὶ
1280 1555 1479 1593 πλουτιζόμενοι
1499 1555 1536 1588 εἷς
1559 1559 1651 1584 πᾶσαν
1677 1554 1841 1591 ἁπλότητα.

1035 1600 1093 1635 ἥτις
1109 1600 1300 1639 κατεργάζεται
1327 1601 1359 1629 δι’
1375 1601 1453 1638 ἡμῶν
1477 1599 1648 1639 εὐχαριστίαν
1672 1602 1715 1638 τῷ
1736 1601 1814 1639 Θεῷ.
1833 1616 1842 1625 ι

1039 1644 1091 1674 Καὶ
1107 1644 1187 1673 πάλιν
1214 1645 1344 1680 δείκνυσι,
1371 1646 1427 1677 πῶς
1451 1645 1489 1684 τῷ
1514 1643 1621 1684 πλούτῳ
1647 1644 1688 1673 δεῖ
1705 1648 1830 1684 χρᾶσθτι

1036 1689 1114 1724 Φησὶ
1139 1689 1191 1728 γὰρ
1213 1689 1253 1719 ὅτι
1275 1690 1304 1719 οὗ
1326 1689 1494 1729 κατορύττειν
1521 1689 1589 1729 χρὴ,
1604 1690 1665 1718 ἀλλ’
1689 1691 1735 1723 εἰς
1753 1695 1841 1720 πᾶσαν

1036 1733 1175 1769 ἁπλότητα
1199 1733 1287 1773 ἔχειν,
1315 1734 1452 1770 τουτέστι,
1477 1734 1544 1772 μετὰ
1567 1733 1706 1774 δαψιλείας
1739 1738 1840 1764 κενοῖ-ι.

1036 1778 1113 1810 Ἐπεὶ
1129 1778 1156 1807 δὲ
1180 1779 1272 1808 πολλοὶ
1289 1780 1324 1812 εἷς
1339 1778 1438 1818 πόρνας
1463 1779 1509 1808 καὶ
1537 1778 1632 1817 μίμους
1657 1779 1841 1809 ἐνδείκνυνται

1035 1823 1083 1858 τὴν
1099 1822 1254 1860 ἁπλότητα,
1274 1823 1363 1863 φησὶν,
1378 1823 1418 1852 ὅτι
1436 1822 1571 1858 Τοιαύτην
1587 1823 1736 1859 ἂπλότητά
1761 1837 1841 1865 φημι,

1034 1867 1092 1902 ἥτις
1113 1868 1282 1907 εὐχαριστίαν
1297 1867 1398 1903 πολλὴν
1425 1868 1498 1908 φέρει
1518 1869 1555 1907 τῷ
1578 1868 1641 1907 Θεῷ
1655 1879 1662 1886 ·
1680 1870 1795 1905 μᾶλλον
1818 1871 1840 1898 δε

1034 1912 1082 1940 οὒκ
1111 1911 1280 1952 εὐχαριστίαν
1305 1912 1399 1950 μόνον,
1425 1911 1495 1941 ἀλλὰ
1523 1911 1569 1941 καὶ
1599 1912 1670 1941 ἄλλα
1694 1914 1809 1950 πολλὰ,
1828 1914 1841 1941 ἃ

1033 1956 1120 1992 τίθησι
1142 1956 1256 1995 προϊών·
1271 1956 1315 1985 ἵνα
1344 1956 1428 1990 δείξας
1451 1955 1540 1985 πολλὰ
1567 1956 1601 1985 τὰ
1630 1956 1723 1994 ἀγαθὰ
1746 1959 1779 1987 ἐκ
1799 1961 1842 1993 τῖς

1034 2001 1182 2036 ἁπλότητος
1194 2001 1234 2021 ³⁹“
1259 2001 1416 2039 τικτόμενα,
1447 2001 1656 2042 προθυμότερους
1674 2002 1713 2035 εἰς
1742 2003 1842 2038 ταύτην

1034 2045 1190 2085 ἐργάσηται.

1077 2149 1089 2162 ι
1114 2135 1180 2166 Ὀτι
1202 2138 1219 2172 ἡ
1252 2136 1373 2166 διακονία
1407 2138 1454 2172 τῆς
1484 2137 1649 2176 λειτουργίας
1676 2137 1784 2174 ταύτης
1815 2139 1840 2167 οὖ

180 2180 214 2208 cii
243 2189 297 2209 non
329 2182 420 2210 solum
444 2183 554 2219 supplet
581 2191 612 2210 ea
640 2190 701 2218 quae
734 2182 832 2210 desunt
865 2184 974 2217 sanctis,

1078 2193 1109 2210 νον
1134 2181 1190 2210 ἐστὶ
1217 2183 1480 2220 προσαναπληροῦσα
1513 2182 1547 2210 τὰ
1580 2181 1760 2221 ὑστερήματα
1788 2185 1841 2212 τῶν

180 2233 275 2254 verum
288 2227 370 2255 etiam
384 2227 503 2256 abundat
516 2235 563 2264 per
578 2227 678 2255 multas
692 2228 843 2262 gratiarum
857 2228 978 2256 actiones

179 2272 255 2304 Deo,
282 2279 329 2306 per
350 2272 544 2308 probationem
572 2272 714 2300 ministerii
753 2272 846 2308 hujus,
875 2272 978 2308 gloriﬁ-

179 2319 272 2343 cantes
292 2317 382 2343 Deum
408 2317 436 2343 in
456 2316 610 2344 obedientia
631 2316 812 2344 confessionis
827 2321 924 2345 vestrae
950 2318 977 2344 in

180 2360 359 2395 Evangelium
373 2360 484 2396 Christi,
509 2361 537 2387 in
556 2361 731 2396 simplicitate
746 2361 978 2389 communicatio-

181 2404 225 2431 nis
239 2404 266 2431 in
281 2404 364 2440 293
380 2405 452 2440 ipsos
467 2409 494 2432 et
507 2405 535 2432 in
555 2413 653 2433 omnes
667 2414 673 2432 :
690 2410 717 2433 et
739 2406 861 2440 ipsorum
883 2413 979 2441 preca-

178 2449 253 2476 tione
268 2456 317 2484 pro
328 2449 415 2481 vobis,
436 2449 650 2477 desiderantium
666 2457 714 2477 vos
728 2454 841 2485 propter
854 2451 976 2478 eminen-

180 2497 237 2521 tem
254 2493 371 2529 gratiam
392 2493 439 2521 Dei
459 2494 488 2522 in
511 2493 596 2521 vobis.
615 2504 628 2520 ι)
654 2494 852 2529 Ministerium,
874 2495 973 2531 inquit,

180 2537 206 2566 id
235 2543 276 2566 est
309 2538 486 2574 pecuniarum
512 2538 706 2574 suppeditatio,
739 2539 825 2566 multa
859 2540 974 2575 perﬁcit.

179 2582 290 2611 Etenim
312 2591 367 2611 non
387 2583 478 2611 solum
494 2583 602 2619 repletis
630 2583 807 2619 indigentiam
835 2583 975 2618 fratribus,

215 2669 222 2687 ι
239 2669 310 2697 Psal.
327 2675 388 2703 cxr,
409 2671 434 2697 9.
482 2669 553 2697 jIsa.
570 2676 619 2704 ιν,
635 2671 678 2698 ιο.
717 2681 723 2692 ιμ

1032 2225 1129 2264 ἁγίων,
1155 2225 1224 2255 ἀλλὰ
1246 2225 1291 2255 καὶ
1315 2226 1509 2265 περισσεύουσα
1532 2226 1577 2255 διὰ
1592 2227 1697 2256 πολλῶν
1725 2228 1841 2268 εὐχαρι-

1032 2271 1112 2299 στιιῖιν
1127 2271 1162 2309 τῷ
1175 2271 1238 2310 Θεῷ
1264 2269 1318 2309 (διὰ
1332 2272 1379 2306 τῆς
1407 2271 1518 2309 δοκιμῆς
1544 2272 1592 2306 τῆς
1611 2271 1751 2304 διακονίας
1775 2274 1842 2301 tui}

1032 2326 1079 2350 της
1115 2314 1265 2349 δοξάζοντες
1315 2314 1358 2344 τὸν
1388 2315 1456 2345 Θεὸν
1495 2315 1538 2344 ἐπὶ
1630 2317 1757 2356 ὑποταγῇ
1797 2319 1843 2351 τῆς

1032 2359 1173 2398 ὁμολογίας
1213 2360 1286 2398 ὑμῶν
1317 2360 1353 2392 εἷς
1376 2359 1406 2389 τὸ
1435 2359 1596 2398 Εὖαγγέλιον
1622 2363 1670 2389 τοῦ
1695 2361 1838 2399 Χριστοῦ.

1032 2403 1077 2432 καὶ
1102 2403 1232 2439 ἁπλότητι
1270 2405 1317 2439 τῆς
1345 2404 1482 2437 κοινωνίας
1517 2405 1552 2437 εἷς
1591 2403 1686 2438 αὖτοὺς
1723 2406 1775 2434 καὶ
1804 2407 1839 2438 εἰς

1031 2447 1144 2486 πάντας)
1157 2458 1163 2464 ·
1179 2448 1224 2477 καὶ
1238 2448 1330 2477 ἀὐτῶν
1344 2448 1432 2484 δεήσει
1453 2449 1519 2488 ὑπὲρ
1544 2449 1618 2486 ὑμῶν
1634 2450 1837 2479 ἐπιποθούντων

1029 2494 1097 2531 ὑμᾶς
1124 2493 1166 2522 διὰ
1189 2492 1236 2528 τὴν
1263 2493 1480 2533 ὑπερϐάλλουσαν
1508 2493 1586 2533 χάριν
1616 2495 1662 2522 τοῦ
1689 2494 1767 2523 Θεοῦ
1799 2496 1837 2534 ἐφ’

1030 2539 1104 2575 ὑμῖν.
1118 2548 1132 2565 ι)
1148 2536 1184 2566 Ἦ
1205 2538 1340 2575 διακονία,
1355 2538 1437 2577 φησὶ,
1456 2537 1599 2574 τουτέστιν,
1621 2539 1638 2573 ἡ
1654 2540 1706 2567 τῶν
1722 2540 1838 2578 χρημα-

1030 2583 1082 2610 τῶν
1098 2581 1274 2621 ἐπιχορηγία,
1294 2582 1381 2612 πολλὰ
1401 2585 1534 2622 κατροθοί.
1552 2582 1605 2612 Καὶ
1623 2582 1674 2622 γὰρ
1696 2583 1726 2611 οὗ
1756 2585 1838 2621 μόνον

879 2710 974 2740 Variae
999 2711 1159 2743 lectiones.'

215 2795 237 2811 ³⁸
255 2795 384 2831 παρήγαγε
398 2803 423 2824 ο.
462 2795 483 2812 ⁸⁸
498 2795 546 2823 ἀπὸ
559 2798 602 2829 τῆς
620 2797 721 2831 θεωρίας
735 2803 761 2823 0.
801 2796 835 2813 3“
850 2796 891 2822 καὶ
905 2798 948 2828 τῆς
961 2797 1143 2831 χρηστότητος.
