1877 3081
27 160 80 185 897

488 156 666 184 EXPOSlTlO
686 155 717 183 ΙΝ
738 156 842 183 EPIST.
863 154 883 182 ll
899 155 944 182 AD
965 155 1044 182 COR.
1065 170 1098 176 —
1119 156 1193 183 CAP.
1213 157 1252 185 X.

1639 158 1689 184 898

27 222 170 259 πληροῦτε
192 219 247 256 τὴν
262 220 353 260 χρείαν
373 221 426 253 τοῖς
441 220 579 260 ἀδελφοῖς,
595 219 664 248 ἀλλὰ
679 218 725 248 καὶ
740 229 835 257 περισ-
853 220 879 250 Α

925 225 989 245 rum
1001 218 1086 246 etiam
1100 218 1266 252 exuberatis.
1283 222 1336 246 hoc
1349 223 1400 253 est,
1414 218 1476 254 plus
1498 226 1582 255 quam
1594 227 1686 247 neces-

27 264 120 294 σεύετε
135 274 142 281 ·
158 265 304 301 τουτέστι,
316 264 401 294 Πλέον
416 266 462 300 τῆς
475 264 566 304 χρείας
578 265 668 297 αὐτοῖς
681 262 814 303 παρέχετε
825 285 834 298 ,

27 310 75 338 καὶ
99 310 210 339 πολλαὶ
239 309 403 349 εὖχαριστίαι
428 309 545 348 γίνονται
573 309 617 338 διὰ
647 310 694 344 τῆς
727 308 836 345 δοκίμου

27 354 126 389 ταύτης
150 354 202 383 καὶ
237 354 474 393 μεμαρτυρημένης
499 354 543 383 ἐπὶ
569 352 754 394 φιλανθρωπίᾳ
776 353 835 380 δια-

29 398 127 431 κονίας.
157 398 309 433 Δοξάζουσι
333 398 383 439 γὰρ
408 399 453 428 τὸν
467 399 555 436 Θεὸν,
572 398 612 428 ὅτι
639 398 720 431 οὕτως
743 396 838 426 ὑπεταο

28 454 92 481 γητε
107 444 150 482 τῷ
180 444 356 483 Εὐαγγελίῳ,
381 443 450 473 ὥστε
476 444 509 473 τὰ
532 442 728 483 προστάγματα
757 443 835 471 αὐτοῦ

29 487 97 524 μετὰ
128 487 277 527 δαψιλείας
302 489 428 528 πληροῦν.
455 488 513 524 Τὴν
529 487 580 528 γὰρ
607 486 786 525 ἐλεημοσύνην
809 486 838 515 τὸ

30 532 201 572 Εὐαγγέλιον
234 533 360 562 διδάσκει.
390 533 444 564 Καὶ
469 533 504 563 δι’
530 533 596 563 ἄλλο
630 532 766 567 δοξάζουσι
793 531 836 560 τὸν

30 577 117 612 Θεὸν,
149 576 194 606 ὅτι
218 579 237 613 ἡ
258 578 375 614 ἁπλότης
398 578 444 607 καὶ
471 581 488 615 ἡ
519 578 651 616 ἀγαθότης
681 578 755 615 ὑμῶν
789 576 837 605 οὐκ

30 622 64 654 εἷς
89 621 189 655 αὐτοὺς
207 622 301 660 μόνον,
318 622 386 651 ἀλλὰ
401 622 447 652 καὶ
472 623 509 655 εἷς
525 622 627 656 πάντας
641 621 700 655 τοὺς
729 620 836 655 πιστοὺς

31 666 146 702 πένητας
164 667 301 706 ἐκχεῖται.
325 669 366 697 Οὐ
391 668 442 707 γὰρ
461 668 666 703 ζηλοτυποῦσιν,
683 668 718 699 ὡς
733 667 758 695 οἱ
778 667 835 695 λοι-

32 711 74 740 ποὶ
100 711 226 750 πτωχοὶ,
250 711 310 740 ἀλλ’
321 713 522 752 εὐχαριστοῦσι,
544 712 589 742 καὶ
605 712 672 751 ὑπὲρ
687 707 724 740 ὧν
741 711 837 750 ἑτέροις

32 754 146 784 διδόατε.
171 756 214 786 ⁸⁵0
243 757 361 794 μεγάλης
389 757 484 796 ἀρετῆς
511 758 597 786 αὐτῶν
618 761 737 793 σημεῖον.
752 756 836 786 Ὥστε

32 801 70 828 δεῖ
94 804 150 833 τοῖς
174 801 305 834 τοιούτοις
329 802 516 841 δαψιλέστερον
544 801 657 837 διδόναι,
683 803 736 834 τοῖς
755 800 836 834 οὕτως

32 845 167 884 ἀφθόνοις,
205 847 261 879 τοῖς
303 845 384 879 οὕτως
415 847 552 886 ἐναρέτοις.
582 846 663 876 Ἀλλὰ
691 846 736 875 καὶ
770 846 838 886 ὑπὲρ

890 262 995 290 sarium
1027 262 1072 296 sit,
1104 263 1171 298 ipsis
1194 262 1337 297 exhibetis,
1366 262 1514 298 multaque
1537 264 1684 299 gratiarum

891 307 1011 335 actiones
1031 307 1101 335 ﬁunt
1119 315 1166 343 per
1189 307 1308 342 probum
1340 307 1392 335 hoc
1417 311 1445 335 et
1477 307 1686 343 comprobatum

890 356 1001 388 propter
1014 352 1211 380 humanitatem
1225 352 1422 381 ministerium.
1437 351 1602 380 Gloriﬁcant
1612 352 1687 380 enim

892 398 994 430 Deum,
1002 396 1077 432 quod
1089 397 1129 424 sic
1142 396 1257 432 subjecti
1267 397 1329 425 sitis
1339 396 1500 432 Evangelia,
1515 400 1546 424 ut
1560 396 1688 432 expleati:

885 441 964 476 jussa
988 441 1045 477 ejus
1072 449 1135 469 cum
1169 441 1342 470 liberalitate.
1378 441 1591 477 Eleemosynam
1616 441 1688 468 enim

893 486 1071 521 Evangelinm
1092 486 1182 514 docet.
1213 486 1276 514 Alia
1304 486 1386 514 etiam
1410 486 1516 514 ratione
1540 485 1690 521 gloriﬁcam

891 531 992 563 Deum,
1017 531 1080 566 quia
1106 531 1269 566 simplicitas
1292 535 1319 558 et
1340 530 1449 559 bonitas
1473 534 1561 558 vestra
1585 538 1640 558 non
1664 531 1690 557 i;

890 574 962 609 ipsos
976 575 1060 609 solos,
1077 583 1171 603 verum
1196 575 1224 603 in
1238 583 1336 603 omnes
1351 576 1435 603 etiam
1450 575 1543 604 ﬁdeles
1557 582 1668 610 pauperi
1688 594 1690 598 τ

891 618 1054 647 effunditur.
1070 621 1132 647 Non
1149 620 1222 647 enim
1238 620 1348 648 invidiae
1359 619 1462 648 affectu
1479 619 1616 652 laborant,
1631 619 1692 646 reli-

891 671 1011 699 quorum
1032 664 1225 692 mendicorum
1248 664 1342 699 instar,
1365 672 1460 692 verum
1485 664 1588 699 gratias
1609 668 1691 699 agunt

891 707 965 742 quod
982 708 1041 736 aliis
1060 708 1144 736 etiam
1160 708 1231 736 detis
1257 717 1263 735 :
1288 708 1362 744 quod
1388 709 1517 736 maximae
1529 708 1634 736 virtutis
1647 717 1692 736 eo-

891 760 952 780 rum
968 757 1163 788 argumentum
1183 757 1234 781 est.
1252 753 1342 787 Quare
1362 753 1522 788 hujusmodi
1537 753 1693 780 hominibus

891 796 992 832 largius
1015 797 1138 825 dandum
1165 801 1217 830 est,
1242 797 1289 832 qui
1311 798 1379 826 adeo
1400 798 1498 825 invidia
1521 802 1627 830 vacant,
1647 798 1691 833 qui

892 840 962 869 adeo
984 841 1130 870 virtutibus
1157 847 1219 869 sunt
1250 842 1366 877 praediti.
1400 845 1513 878 lnsuper
1537 850 1586 878 pro
1614 842 1692 869 vobis

34 890 104 926 ὑμῶν
127 890 252 927 δέονται,
279 892 315 924 ὡς
332 891 363 919 ἂν
384 890 529 924 ἀξιωθῶσιν
557 891 621 920 ἰδεῖν
645 893 730 929 ὑμᾶς·
758 885 835 927 ἰδεῖν,
853 901 877 932 Β

925 885 976 913 iam
993 885 1065 921 apud
1083 888 1172 914 Deum
1188 886 1378 922 interpellant,
1396 891 1425 914 ut
1446 887 1522 923 digni
1536 886 1692 922 judicentur

35 934 62 963 οὖ
86 934 129 964 διὰ
157 934 192 964 τὰ
222 934 369 974 χρήματα,
392 935 462 964 ἀλλὰ
491 934 534 964 διὰ
551 935 599 972 τὴν
631 936 750 964 δοθεῖσαν
774 936 836 973 ὑμῖν

37 978 218 1017 ὑπερϐολικῶς
231 979 311 1020 χάριν
327 982 372 1009 τοῦ
385 981 466 1011 Θεοῦ.
490 981 578 1010 Πάλιν
593 979 621 1009 δὲ
641 980 720 1020 χάριν
740 980 770 1009 τὸ
790 982 837 1015 τ’ῆς

35 1023 215 1061 ἐλεημοσύνης
235 1029 351 1065 πρᾶγμα
367 1025 475 1054 ἐκάλεσε
485 1047 494 1063 ,
515 1026 545 1055 τὸ
560 1029 611 1054 πᾶν
633 1026 672 1065 τῷ
686 1025 750 1065 Θεῷ
765 1026 836 1053 ἄνα-

36 1068 126 1104 τιθεὶς,
146 1068 192 1097 ἵνα
224 1068 264 1107 μὴ
281 1069 442 1108 ἐπαίρωνται
466 1069 549 1100 αὐτοί.
572 1069 620 1100 Ἐν
637 1069 664 1099 δὲ
679 1071 716 1109 τῷ
735 1070 834 1107 εἰπεῖν,

41 1123 55 1141 α
69 1112 311 1151 Ὑπερϐάλλουσαν
336 1114 415 1154 χάριν
438 1117 484 1144 τοῦ
509 1116 598 1151 Θεοῦ,
614 1126 627 1144 ι)
646 1114 766 1153 διεγείρει
787 1115 836 1143 αὖ·

38 1157 108 1194 τοὺς,
129 1157 174 1187 ἵνα
193 1158 389 1199 δαψιλεστὲραν
403 1158 452 1195 τὴν
474 1159 625 1200 φιλοτιμίαν
652 1159 834 1195 ποιήσωνται,

37 1202 80 1230 καὶ
104 1202 142 1240 μὴ
169 1203 360 1242 ὑμερϐάλωσιν
386 1204 477 1237 αὐτοὺς
501 1204 546 1232 καὶ
568 1204 711 1239 νικήσωσιν
737 1203 832 1243 ἕτεροι.

80 1257 95 1275 σ
115 1248 202 1287 Χάρις
226 1249 255 1277 δὲ
278 1250 316 1287 τῷ
338 1250 401 1288 Θεῷ
423 1249 467 1278 ἐπὶ
490 1251 523 1288 τῇ
546 1249 728 1288 ἀνεκδιηγήτῳ
755 1249 834 1278 αὐτοῦ

40 1291 131 1332 δωρεᾷ.
146 1303 160 1321 ιι
175 1293 289 1332 Δωρεὰν
305 1293 374 1332 λέγει
387 1293 420 1322 τὰ
436 1292 479 1322 διὰ
498 1296 545 1329 τῆς
570 1293 749 1330 ἐλεημοσύνης
765 1294 835 1333 γινό-

41 1347 103 1373 μενα
119 1337 207 1376 ἀγαθὰ
222 1337 272 1366 καὶ
285 1339 338 1371 τοῖς
367 1338 481 1374 διδοῦσι,
499 1337 545 1367 καὶ
561 1343 614 1371 τοῖς
635 1338 815 1376 λαμϐάνουσιν
828 1350 835 1357 °

40 1379 114 1415 ἢκαὶ
133 1383 186 1410 τῶν
205 1383 316 1421 ἀγαθῶν
336 1382 546 1422 ἀναμιμνήσκει,
568 1378 605 1412 ὧν
628 1383 776 1421 ἠξιώθημεν
793 1383 835 1412 διὰ

41 1426 85 1460 τῆς
93 1426 254 1466 σαρκώσεως
269 1429 314 1456 τοῦ
330 1427 463 1468 Χριστοῦ,
486 1427 583 1456 ὡσανεὶ
604 1430 714 1457 τοιαῦτα
737 1428 834 1467 λέγων·

43 1470 128 1505 Μηδὲν
149 1471 219 1510 μέγα
235 1471 365 1509 νομίσητε
381 1473 457 1510 ὑμεῖς
470 1476 570 1501 ποιεῖν·
586 1472 764 1511 ἆνεκδιήγητα
784 1473 835 1512 γάρ

45 1515 91 1543 εἰσι
104 1515 137 1544 τὰ
161 1515 252 1555 ἀγαθὰ
269 1516 285 1545 ἃ
310 1516 440 1555 ἐλάϐομεν
455 1517 530 1558 παρὰ
553 1519 637 1548 Θεοῧο
654 1518 699 1547 καὶ
715 1519 737 1546 εἰ
759 1518 835 1556 ὀλίγα

45 1559 85 1588 καὶ
94 1561 197 1600 φθαρτὰ
208 1562 314 1600 δῶμεν,
328 1561 355 1591 τί
370 1562 459 1602 μέγας

343 1676 488 1707 ΚΕΦΑΛ.
503 1676 534 1707 I'.

86 1756 100 1775 ε
122 1746 204 1781 Αὐτὸς
217 1747 246 1778 δὲ
267 1747 319 1788 ἐγὼ
346 1749 452 1782 Παῦλος
472 1749 624 1789 παρακαλῶ
645 1750 712 1788 ὑμᾶς
726 1749 770 1778 διὰ
789 1751 836 1784 τῆς

47 1791 188 1829 πραότητος
202 1793 250 1822 καὶ
266 1793 408 1827 ἐπιεικείας
422 1796 468 1822 τοῦ
483 1794 614 1832 Χριστοῦ.
633 1805 648 1822 1»
673 1793 836 1833 Ἀπαρτίσας

47 1833 102 1868 τοὺς
125 1836 185 1876 περὶ
212 1838 394 1876 ἐλεημοσύνης
421 1837 528 1877 λόγους,
567 1840 612 1866 νῦν
638 1838 750 1877 ἄρχεται
784 1840 835 1866 τῶν

47 1879 240 1922 αὖστηροτέρων
262 1882 332 1912 κατά
346 1894 375 1911 τε
395 1883 447 1912 τῶν
470 1882 691 1922 ψευδαποστόλων
714 1882 760 1911 καὶ
783 1885 835 1912 τῶν

49 1922 237 1957 διαϐαλλόντων
271 1927 350 1957 αὐτὸν
381 1929 416 1961 ὣς
443 1927 550 1963 ἰδιώτην
576 1926 622 1957 καὶ
646 1928 705 1962 εἷκῆ
716 1927 742 1945 ⁴⁰
769 1927 836 1957 ἀλα.

48 1968 222 2008 ξονιυόμενον·
239 1971 285 2001 καὶ
300 1972 392 2010 μέλλει
407 1972 430 1991 ⁴¹
446 1972 608 2002 συνιστάνειν
622 1971 731 2008 ἑαυτὸν,
749 1974 832 2012 ἄναγ-

49 2014 159 2051 κασθεὶς,
182 2015 228 2046 ἵνα
247 2016 285 2053 μὴ
307 2016 337 2046 τὸ
365 2016 490 2057 κήρυγμα
514 2016 690 2057 ἔξευτελισθῇ,
711 2017 834 2047 Καταλέ-

49 2067 84 2102 γει
107 2058 189 2090 τοίνυν
215 2060 263 2091 καὶ
287 2061 322 2090 τὰ
349 2062 443 2091 ἑαυτοῦ
469 2062 683 2102 κατορθώματα,
714 2061 761 2090 καὶ
784 2061 834 2097 τὴν

51 2100 161 2133 δοθεῖσαν
182 2106 262 2145 χάριν
275 2107 320 2135 τοῦ
335 2107 417 2137 Θεοῦ.
431 2103 516 2136 Ὥστε
539 2100 589 2136 οὐκ
602 2105 634 2134 ἄν
648 2118 687 2139 τις
701 2105 816 2145 ἁμάρτοι
825 2128 833 2142 ,

51 2145 171 2185 ἐγκώμιον
187 2152 233 2179 τοῦ
256 2150 364 2180 Παύλου
381 2150 479 2186 ταύτην
491 2150 538 2186 τὴν
555 2150 718 2186 Ἐπιστολὴν
741 2150 832 2181 εἰπών.

893 929 984 958 videre
1005 938 1068 965 vos;
1094 930 1193 965 videre,
1208 939 1265 958 non
1294 931 1332 958 ob
1358 931 1512 966 pecuniam,
1542 939 1637 958 verum
1655 931 1691 958 ob

891 974 1069 1002 excellentem
1100 975 1152 1002 Dei
1167 975 1284 1011 gratiam
1309 975 1474 1003 excellenter
1489 975 1567 1003 vobis
1585 975 1689 1002 datam.

890 1020 998 1047 Rursus
1022 1024 1116 1047 autem
1141 1020 1260 1055 gratiam
1282 1019 1464 1055 eleemosynm
1486 1020 1629 1056 negotium
1648 1027 1690 1047 vo-

890 1064 971 1097 cavit.
987 1064 1080 1091 omnia
1102 1063 1138 1092 ita
1162 1065 1221 1092 Deo
1241 1068 1351 1100 accepta
1373 1064 1500 1098 referens,
1524 1072 1557 1092 ne
1572 1064 1620 1100 ipsi
1646 1068 1691 1092 at-

889 1108 1031 1136 tollantur.
1050 1108 1120 1136 Cum
1137 1113 1231 1136 autem
1244 1109 1320 1141 dicit,
1339 1120 1352 1133 ι
1368 1109 1556 1136 Excellentem
1572 1109 1690 1143 gratiam

890 1153 951 1184 Dei,
976 1165 988 1176 ιι
1004 1152 1102 1180 excitat
1118 1161 1176 1186 eos,
1200 1157 1230 1180 ut
1245 1153 1389 1189 largiorem
1411 1153 1628 1181 muniﬁcentiam
1650 1153 1689 1181 l'a-

890 1197 973 1230 ciant,
988 1205 1023 1225 ne
1043 1202 1242 1232 exsuperenlur
1251 1201 1299 1226 aut
1312 1197 1453 1226 vincantur
1467 1198 1501 1226 ab
1511 1198 1579 1226 aliis.

926 1242 1015 1270 Vnus.
1033 1245 1075 1269 15.
1100 1251 1113 1267 α
1129 1242 1222 1270 Gratia
1246 1250 1338 1270 autem
1350 1245 1410 1270 Deo
1421 1251 1504 1278 super
1516 1243 1688 1270 inenarrabili

889 1286 963 1314 dono
982 1286 1050 1322 ejus.
1069 1298 1082 1311 ιι
1108 1288 1221 1314 Donum
1243 1287 1287 1314 hic
1309 1287 1435 1314 nominat
1461 1287 1531 1314 bona
1555 1287 1613 1322 ipsa
1628 1295 1690 1323 quae

890 1339 937 1366 per
949 1331 1152 1367 eleemosynam
1173 1332 1243 1359 ﬁunt
1259 1336 1319 1359 tum
1340 1332 1469 1360 dantibus
1483 1336 1541 1359 tum
1555 1332 1688 1367 accipien-

890 1376 980 1403 tibus:
1010 1376 1051 1403 vel
1064 1376 1200 1404 bonorum
1225 1377 1454 1408 commonefacit,
1471 1377 1571 1413 quibus
1592 1377 1685 1405 donati

889 1420 1046 1456 dignatique
1071 1429 1169 1449 sumus
1184 1429 1231 1457 per
1257 1422 1473 1449 incarnationem
1497 1421 1611 1454 Christi,
1628 1430 1688 1457 per-

891 1464 953 1492 inde
968 1472 999 1492 ac
1015 1465 1037 1492 si
1061 1465 1136 1493 dicat
1165 1475 1172 1493 :
1192 1465 1265 1493 Nihil
1290 1466 1408 1494 arduum
1424 1474 1472 1493 vos
1491 1465 1580 1494 facere
1596 1466 1689 1493 existi-

890 1509 971 1536 metis
984 1519 992 1542 ;
1005 1509 1196 1537 inenarrabilia
1216 1512 1291 1538 enim
1307 1514 1371 1538 sunt
1382 1511 1452 1538 bona
1462 1518 1522 1546 quae
1535 1511 1690 1546 accepimus

854 1547 906 1581 Ca
931 1555 998 1581 Deo.
1026 1553 1099 1588 Quid
1122 1554 1205 1590 igitur
1222 1556 1346 1590 praeclari
1370 1559 1422 1589 est,
1449 1556 1471 1583 si
1497 1563 1582 1591 pauca
1603 1563 1690 1591 eaque

892 1599 1080 1636 corruptibilia
1095 1599 1215 1628 demus?

1194 1685 1315 1714 CAPUT
1346 1687 1384 1714 X.

925 1761 1015 1788 Vsus.
1029 1763 1053 1788 ι.
1068 1772 1080 1784 ιι
1094 1761 1154 1796 Ipse
1168 1765 1259 1788 autem
1274 1769 1323 1796 ego
1336 1761 1438 1790 Paulus
1451 1762 1566 1790 obsecro
1583 1770 1631 1790 vos
1643 1770 1689 1798 per

889 1804 1130 1833 mansuetudinem
1153 1809 1180 1832 et
1201 1805 1377 1833 clementiam
1397 1806 1506 1834 Christi.
1522 1818 1534 1830 ιι
1552 1805 1689 1834 Confectis

888 1848 922 1876 de
936 1849 1107 1884 eleemosyna
1126 1849 1310 1883 sermonibus,
1324 1850 1476 1878 austeriora
1490 1858 1567 1878 nunc
1583 1850 1689 1878 orditur

890 1893 1035 1921 adversum
1046 1893 1283 1929 pseudapostolos,
1298 1898 1324 1922 et
1339 1901 1388 1921 eos
1397 1894 1441 1929 qui
1452 1894 1689 1923 calumniabantur

889 1937 979 1974 ipsum
993 1945 1044 1965 ceu
1057 1937 1153 1966 rudem
1169 1943 1195 1966 et
1204 1938 1347 1966 indoctum
1356 1942 1383 1966 et
1399 1943 1503 1966 temere
1513 1946 1572 1966 sese
1580 1939 1686 1975 jactan-

888 1986 954 2010 tem.
971 1985 1060 2017 Atque
1079 1982 1197 2018 seipsum
1224 1983 1422 2011 commendare
1450 1987 1563 2011 coactus
1577 1987 1629 2016 est,
1652 1992 1687 2011 ne

888 2026 973 2062 ipsius
983 2026 1142 2062 praedicatio
1155 2027 1346 2062 vilipendatur.
1367 2029 1502 2055 Recenset
1522 2027 1607 2063 igitur
1625 2035 1687 2064 quin

887 2078 941 2098 ase
962 2074 1037 2106 gesta
1050 2075 1126 2104 sunt,
1141 2071 1312 2107 gratiamque
1333 2072 1386 2099 Dei
1410 2071 1459 2099 sibi
1472 2071 1577 2100 datam.
1592 2073 1687 2108 Itaque

890 2123 946 2143 non
972 2115 1152 2150 aberraverit,
1177 2115 1224 2152 qui
1245 2115 1316 2144 hanc
1337 2116 1488 2152 Epistolam
1502 2116 1581 2144 Pauli
1605 2124 1688 2145 enco—

891 2160 978 2187 mium
989 2159 1097 2188 dixerit.
1106 2161 1245 2188 Hactenus
1252 2160 1334 2196 igitur
1345 2160 1379 2188 ab
1385 2160 1499 2188 exordio
1505 2161 1586 2188 talem
1592 2169 1687 2197 quem-

50 2189 115 2241 Τέως
129 2193 150 2222 δ’
170 2189 214 2224 οὖν
239 2195 380 2235 ἀρχομένῳ
393 2194 517 2231 τοιαύτην
536 2196 595 2225 τινὰ
616 2195 731 2224 διάνοιαν
755 2197 769 2224 ὁ
790 2195 833 2225 λό-
848 2199 873 2230 ι)

925 2212 953 2232 m
968 2212 1080 2233 sensum
1092 2212 1148 2240 pm
1163 2212 1192 2233 se
1206 2204 1261 2233 fert
1272 2205 1361 2233 oratio
1374 2209 1471 2233 contra
1486 2213 1534 2233 eos
1548 2206 1594 2241 qui
1610 2206 1689 2234 illum

50 2245 87 2271 γος
102 2237 219 2277 ἐμφαίνει
247 2239 312 2279 πρὸς
338 2239 398 2274 τοὺς
418 2239 546 2269 ἀδύνατον
561 2240 640 2269 αὐτὸν
661 2241 832 2270 ἀποκαλοῦν-

51 2289 92 2324 Et:
104 2282 146 2311 καὶ
158 2283 290 2323 ἀλαζόνα,
306 2284 347 2314 ὅτι
362 2295 378 2312 ιι
393 2285 551 2324 Παρακαλῶ
570 2286 640 2324 ὑμᾶς
655 2285 733 2318 αὐτὸς
752 2284 804 2324 ἐγὼ
819 2287 833 2314 ὁ

52 2323 146 2370 ῌαῧλος
164 2338 179 2357 ι)
200 2330 214 2358 ὁ
230 2330 388 2363 διδάσκαλος
473 2330 628 2368 οἰκουμένης
647 2323 832 2370 (ἀξίωμανγὰρ

52 2367 160 2414 ἐμφαίνει
170 2372 199 2402 τὸ
208 2396 217 2410 ,
235 2385 250 2402 ι
269 2374 352 2407 Αὐτὸς
365 2367 448 2413 ἐγὼἾὸ
463 2367 588 2412 Παῦλος,
601 2385 617 2403 ο
633 2367 832 2414 ὥσπερκαίγτὸ,

52 2409 99 2458 ἶῙδε
117 2415 165 2454 ἔγὼ
189 2409 212 2448 ὃν
230 2419 337 2452 Παῦλος
362 2409 432 2458 λέγω
454 2420 515 2457 ὑμῖν
543 2409 589 2448 xui.
615 2409 716 2456 δέομαι.
735 2409 831 2458 ὑμῶν,

53 2454 91 2486 ἵνα
114 2460 150 2496 μή
177 2473 208 2499 με
234 2454 420 2502 ἀναγκάσωσιν
447 2454 476 2493 οἱ.
502 2454 678 2504 λοιδοροῦντιίς
703 2475 736 2503 με
752 2454 833 2504 ’χρήέ

55 2505 140 2547 σασθαι
159 2508 190 2545 τῇ
209 2507 319 2546 δυνάμει
343 2519 394 2547 μου
416 2510 475 2538 κατ’
490 2508 589 2539 αὐτῶν,
610 2508 689 2547 Μέγα
716 2507 764 2543 μὲν
788 2504 832 2538 οὖν

55 2545 93 2593 mi
113 2547 141 2577 τὸ
163 2552 242 2581 αὐτὸν
263 2554 438 2592 παρακαλεῖν.
455 2552 488 2583 Ὀ
506 2552 533 2582 δὲ
559 2553 604 2582 καὶ
629 2552 677 2589 τὴν
692 2553 832 2593 πραότητα

56 2591 94 2638 ’ξιξῧ
113 2593 222 2632 Χριστοῦ
237 2597 274 2630 εἷς
296 2591 433 2633 μεσιτείαν
448 2597 525 2637 ἄγει,
540 2598 638 2628 ὡσανεὶ
657 2591 740 2638 λέγών
753 2610 759 2617 ·
780 2600 831 2628 Αἶ-

58 2633 153 2672 δέσθητε
174 2640 220 2676 τὴν
245 2642 387 2672 ἐπιείκειαν
413 2645 458 2672 τοῦ
473 2633 622 2682 ’Χίοιο-τοῦ,
646 2644 679 2672 δι’
693 2633 738 2679 ⁷ἧς
763 2644 834 2682 ὑμᾶς

58 2684 190 2718 παρακαλῶ
201 2697 207 2704 ·
217 2687 283 2726 ὁμοῦ
298 2686 325 2716 δὲ
347 2687 470 2727 ἐμφαίνει
485 2687 526 2717 διὰ
543 2687 569 2717 τί
589 2687 706 2728 φείδεται
722 2689 809 2718 αὐτῶν
825 2700 832 2707 ·

886 2249 1066 2285 impotentem
1073 2253 1101 2278 et
1109 2254 1283 2286 arrogantem
1291 2250 1440 2283 vocabant;
1448 2258 1558 2286 nempe,
1566 2250 1689 2278 Obsecro

887 2301 935 2321 vos
958 2293 1014 2329 ipse
1033 2302 1084 2330 ego
1105 2294 1217 2328 Paulus,
1233 2294 1318 2330 294
1339 2298 1476 2322 terrarum
1505 2295 1579 2322 orbis
1592 2294 1690 2323 doctor

888 2337 1060 2374 (dignitatem
1079 2338 1153 2366 enim
1174 2342 1202 2366 et
1216 2339 1407 2366 auctoritatem
1423 2339 1547 2367 indicant
1556 2339 1615 2367 haec
1627 2347 1688 2367 ver-

887 2382 932 2416 ba,
955 2394 968 2407 σι
987 2383 1048 2418 Ipse
1067 2390 1118 2419 ego
1133 2383 1235 2411 Paulus
1251 2394 1257 2412 ε
1281 2395 1294 2408 ιι
1310 2383 1422 2419 perinde
1435 2391 1467 2412 ac
1486 2383 1541 2418 illa,
1555 2385 1627 2412 Ecce
1638 2392 1689 2420 ego

887 2427 988 2454 Paulus
1001 2426 1064 2456 dico
1077 2427 1154 2456 vobis
1165 2431 1193 2456 et
1211 2435 1311 2464 precor
1321 2436 1379 2461 vos,
1400 2436 1436 2456 ne
1451 2436 1498 2456 me
1517 2433 1617 2465 cogant
1626 2437 1690 2457 con-

888 2471 1016 2500 viciantes
1040 2471 1107 2500 mihi
1135 2472 1173 2500 uti
1191 2472 1314 2508 potentia
1342 2481 1404 2501 mea
1430 2472 1578 2502 adversum
1593 2474 1688 2509 ipsos).

887 2516 986 2552 Magna
1010 2520 1103 2545 autem
1125 2524 1168 2544 res
1193 2521 1236 2545 est
1260 2517 1426 2553 Apostolum
1456 2518 1610 2546 obsecrare.
1640 2517 1689 2545 Ille

888 2567 953 2588 vero
968 2561 1209 2589 mansuetudinem
1222 2561 1308 2590 etiam
1319 2561 1421 2590 Christi
1436 2561 1473 2590 ad
1488 2561 1688 2597 interpellatio-

888 2612 951 2633 nem
968 2605 1090 2640 adducit,
1114 2605 1226 2642 perinde
1246 2614 1279 2634 ac
1299 2607 1322 2635 si
1348 2606 1434 2641 dicat,
1450 2606 1624 2635 Reveremini
1638 2605 1689 2632 cle-

888 2649 1021 2679 mentiam
1041 2651 1156 2684 Christi,
1183 2659 1232 2686 per
1254 2659 1338 2687 quam
1363 2658 1414 2680 vos
1441 2651 1555 2679 obsecro
1585 2648 1685 2678 :simul

888 2695 1037 2724 ostendens
1055 2703 1105 2724 cur
1123 2695 1161 2723 eis
1173 2701 1275 2732 parcat,
1287 2696 1416 2724 nimirum
1429 2699 1458 2723 ut
1475 2695 1600 2724 imitetur
1611 2700 1687 2722 man-

735 2752 827 2782 Variz
848 2753 996 2785 lectiones.

91 2786 109 2803 ⁵ο
122 2789 220 2820 simus-tv
233 2803 249 2822 ο
298 2795 317 2812 ⁸¹
335 2795 434 2831 μέλλειν
448 2804 474 2824 0.
