1877 3081
184 176 236 201 899

695 174 950 202 THEOPHYLACTI
971 173 1146 201 BULGARIE
1165 174 1322 203 ARCHlEP.

1785 178 1831 203 900

182 235 355 264 suetudinem
379 235 530 264 Servatoris
556 236 671 269 Christi,
691 244 746 263 non
771 236 832 272 quia
855 230 975 264 inﬁrmus

1074 252 1077 265 ι
1104 237 1147 266 διὰ
1171 237 1201 266 τὸ
1228 240 1367 276 μιμεῖσθαι
1396 237 1444 274 τὴν
1467 238 1606 277 πραότητα
1632 241 1680 268 τοῦ
1710 239 1830 278 Σωτῆρος

182 285 233 308 est.
260 282 301 309 Ne
323 280 407 316 igitur
427 280 531 316 cogatis
549 288 594 308 me
608 280 724 308 deﬁcere
738 289 753 308 a
768 281 980 309 mansuetudine

182 325 244 359 hac,
258 332 342 361 qualn
353 324 422 353 adeo
436 325 528 361 cupio,
543 329 575 353 ut
588 329 614 353 et
627 325 830 353 intercessionis
844 326 907 355 loco
919 333 978 354 eam

182 370 260 398 vobis
274 369 416 406 objiciam.

219 426 231 439 ι
245 415 297 449 Qui
316 415 344 443 in
365 414 435 443 facie
462 414 577 451 quidem
599 415 723 451 abjectus
749 423 812 444 sum
834 417 906 445 inter
919 426 978 453 vos,

179 459 278 488 absens
302 463 395 488 autem
421 459 530 488 conﬁdo
551 460 638 488 vobis.
669 472 682 485 ν
711 461 759 489 Vel
785 469 834 497 per
863 462 979 491 ironiam

179 505 238 533 haec
245 504 323 539 dicit,
336 504 564 533 calumniantium
575 513 638 533 eum
652 506 742 534 verbis
755 514 830 534 usus.
844 507 979 535 Dicebant

180 550 253 579 enim
265 549 312 584 illi,
327 550 397 578 Cum
409 549 496 584 adest,
517 550 620 578 nullius
640 554 683 578 est
699 552 845 585 momenti,
859 552 907 580 sed
923 553 979 581 vilis

179 598 260 631 atque
273 595 487 631 contemptibilis
504 604 510 622 ε
527 595 571 623 sin
585 594 716 629 abfuerit,
728 599 817 624 tumet
840 601 868 624 et
880 605 978 633 super-

179 639 231 672 bit,
257 639 394 676 audetque
415 639 562 668 adversum
584 647 635 668 nos
659 643 687 667 et
709 639 912 670 iuterminatur.
929 643 978 670 Vel

179 692 242 712 vere
254 683 314 712 haec
328 683 363 712 de
383 684 474 720 seipso
488 684 576 712 dicit:
600 685 671 720 Ego,
683 685 729 721 qui
752 693 817 713 cum
836 687 911 722 apud
930 695 979 715 vos

179 729 243 761 sim,
259 728 370 757 humilis
385 733 414 757 et
435 733 597 758 mansuetus
611 737 673 757 sum
700 737 764 766 erga
787 738 852 765 vos;
871 731 978 760 etiamsi

180 782 254 802 nunc
279 781 376 810 magna
399 774 558 810 proloquar,
578 781 633 802 non
660 781 694 802 ex
719 775 877 811 arrogantia
906 777 977 805 istud

179 826 242 855 ago,
260 818 310 847 sed
326 818 393 855 quia
409 818 548 847 conﬁdam
561 819 648 847 vobis.

214 864 302 892 Vxns.
316 865 344 892 2.
365 874 378 888 α
395 864 477 900 Rogo
491 868 584 892 autem
605 871 664 898 vos,
678 872 713 892 ne
728 872 848 900 praesens
862 865 977 894 audeam

179 916 227 945 per
255 916 319 937 eam
343 908 549 943 conﬁdentiam,
583 917 637 944 qua
661 909 804 938 existimor
823 910 926 938 audere
950 911 977 938 in

177 953 313 989 quosdam
335 953 382 989 qui
396 953 567 982 arbitrantur
580 961 633 982 nos
653 954 735 982 veluti
750 955 900 983 secundum
917 963 979 983 θοι-ε

178 1006 243 1026 nem
268 997 421 1026 ambulare.
453 1009 465 1022 ι
495 999 606 1033 Precor,
620 998 720 1035 inquit,
744 1007 780 1027 ne
804 1007 849 1028 me
867 1000 983 1036 adigatis

178 1042 350 1071 conﬁdenter
375 1043 415 1070 uti
439 1043 560 1078 potentia
587 1051 649 1071 mea
673 1043 881 1077 (conﬁdentiam
907 1045 982 1073 enim

179 1088 332 1123 potentiam
354 1095 432 1116 suam
457 1090 545 1120 vocat)
561 1095 647 1124 quam
672 1088 764 1125 cogito
791 1089 903 1123 audere,
930 1089 982 1118 hoc

178 1136 219 1160 est
239 1132 265 1159 in
284 1132 410 1160 animum
424 1132 536 1166 induco,
551 1132 712 1166 ratiocinor,
734 1137 783 1161 aut
797 1134 927 1169 conjicio,
949 1142 981 1162 eo

177 1176 251 1213 quod
260 1177 297 1205 illi
309 1185 354 1205 me
368 1177 548 1213 compellant,
558 1177 705 1206 adversum
715 1178 912 1206 calumniantes
919 1187 980 1212 nos,

178 1221 254 1257 quasi
280 1221 430 1258 hypocrita:
448 1226 476 1249 et
494 1225 680 1250 ostentatores
698 1223 786 1250 simus
803 1232 809 1250 :
829 1222 882 1251 hoc
909 1223 980 1251 enim

177 1270 230 1300 est,
246 1277 260 1290 ι
275 1266 428 1294 secundum
442 1274 554 1294 carnem
581 1266 736 1295 ambulare.
764 1279 777 1292 υ
792 1267 913 1296 Observa
928 1276 979 1296 au-

177 1315 235 1339 tem
253 1310 397 1347 quomodo
411 1311 555 1339 audaciam
570 1312 696 1348 appellat,
717 1311 793 1348 quod
818 1312 932 1340 omnino
949 1321 978 1341 se

178 1355 211 1384 de
235 1355 404 1392 quibusdam
434 1356 528 1384 ulcisci
562 1357 637 1388 velit,
651 1357 759 1384 etiamsi
781 1365 839 1384 non
865 1361 978 1394 propter

175 1401 310 1436 seipsum,
324 1400 372 1429 sed
392 1400 429 1429 ob
443 1401 560 1429 verbum
582 1409 596 1428 a
624 1408 654 1429 se
668 1401 847 1437 praedicatum
873 1401 924 1430 hoc
939 1401 980 1429 la-

176 1449 271 1474 cturus
290 1449 357 1473 erat.
382 1447 514 1474 Attamen
538 1445 627 1481 magis
656 1445 768 1474 interest
790 1447 977 1482 praeceptoris,

176 1490 205 1518 in
218 1490 358 1526 suppliciis
379 1490 510 1525 cunctari,
532 1497 582 1517 nec
596 1494 731 1525 protenus
745 1490 780 1518 ad
797 1490 842 1518 illa
864 1491 977 1519 insilirc.

211 1536 301 1563 Vsus.
317 1537 343 1562 3.
358 1545 371 1558 α
387 1536 417 1562 ln
430 1542 510 1562 carne
522 1534 593 1562 enim
611 1535 793 1568 ambulantes,
806 1543 864 1563 non
879 1543 977 1563 secun-

177 1579 245 1608 dum
275 1587 389 1608 carnem
412 1579 572 1606 militamus.
591 1590 603 1602 ιι
627 1580 688 1606 Hoc
703 1583 755 1613 est,
770 1587 852 1607 carne
872 1580 977 1614 amicti,

1035 283 1171 322 Χριστοῦ,
1186 281 1231 311 καὶ
1247 283 1276 312 οὐ
1292 282 1335 312 διὰ
1358 283 1388 312 τὸ
1409 282 1521 320 ἀσθενὴς
1537 278 1616 314 εἶναι.
1634 283 1683 319 Μὴ
1701 283 1789 312 τοίνυν
1804 296 1830 321 με

1035 327 1203 365 ἆναγχάσητε
1219 327 1346 364 ἐκστῆναι
1369 328 1480 364 ταύτης·
1505 328 1537 364 ἣν
1562 327 1631 357 οὕτω
1655 330 1755 365 ποθῶ,
1772 327 1831 358 ὥστε

1035 371 1080 400 καὶ
1092 372 1204 409 μεσίτην
1219 373 1317 408 ταύτην
1333 374 1394 411 ὑμῖν
1409 372 1609 413 προϐάλλομαι.

1080 427 1095 445 ‹(
1114 416 1166 450 ⁸ος
1191 416 1260 446 κατὰ
1293 417 1436 458 πρόσωπον
1466 417 1514 456 μὲν
1543 417 1669 452 ταπεινὸς
1700 419 1726 448 ἐν
1758 419 1831 456 ὖμῖν,

1035 460 1109 490 ἀπὼν
1125 461 1152 491 δὲ
1175 463 1264 502 θαῤῥῶ
1282 463 1317 496 εἰς
1332 464 1411 501 ὑμᾶς.
1426 473 1440 491 ι)
1468 463 1508 493 Ἢ
1532 464 1590 492 κατ’
1607 463 1749 503 εἰρωνείαν
1764 464 1832 493 τοῦτό

1034 518 1112 546 φησι,
1126 511 1180 540 τοῖς
1203 508 1255 536 τῶν
1271 507 1472 538 διαϐαλλόντων
1489 507 1566 537 αὐτὸν
1587 507 1678 548 λόγοις
1695 507 1831 548 χρησάμε-

1033 562 1087 584 νος·
1104 550 1193 590 ἔλεγον
1222 550 1248 580 δὲ
1267 553 1380 587 ἐκεῖνοι,
1402 553 1442 582 ὅτι
1463 552 1527 582 ὅταν
1549 552 1597 591 μὲν
1619 555 1715 592 παρῇ,
1735 553 1831 585 οὐδε-θός

1033 596 1103 625 ἐστιν
1120 595 1188 630 ἄξιος
1213 596 1291 635 λόγου
1303 620 1310 634 ,
1330 597 1399 627 ἀλλὰ
1416 596 1558 636 ταπεινὸς,
1586 597 1831 638 εὐκαταφρόνητος

1032 639 1095 669 ὅταν
1111 640 1138 669 δὲ
1159 642 1231 680 ἀπῇ,
1248 645 1319 682 φυσᾷ
1333 653 1362 671 τε
1377 642 1423 672 καὶ
1441 642 1591 680 κομπάζει,
1607 641 1654 671 καὶ
1671 643 1832 682 καταθαῤῥεί

1033 685 1109 723 ἡμῶν
1145 685 1190 714 καὶ
1219 686 1333 716 ἀπειλεῖ.
1372 686 1410 716 Ἢ
1440 688 1544 723 ἀληθῶς
1568 687 1653 717 ταῦτά
1684 698 1754 727 φησι
1781 686 1833 726 περὶ

1032 730 1142 765 ἑαυτοῦ,
1171 730 1211 759 ὅτι
1235 730 1309 770 Ἐγὼ
1335 732 1349 759 ὁ
1373 733 1400 761 ἐν
1425 732 1463 772 τῷ
1488 735 1614 771 παρεῖναι
1645 730 1775 764 ταπεινὸς
1795 731 1833 760 καὶ

1031 778 1116 812 πρᾶος
1131 775 1167 808 εἰς
1189 776 1274 813 ὑμᾶς,
1289 778 1333 805 νῦν
1350 777 1372 805 εἰ
1402 775 1447 805 καὶ
1470 776 1576 815 μεγάλα
1598 775 1769 816 φθέγγομαι,
1793 777 1834 805 ad:

1030 818 1056 853 ἐξ
1080 818 1204 861 ἀπονοίας
1216 821 1396 861 τοῦτονποιῶ,
1427 821 1487 861 ἀλλ’
1502 822 1532 850 ix
1555 823 1604 850 τοῦ
1621 823 1734 861 θαρῤεἶν
1765 822 1831 859 ὑμῖν.

1075 870 1090 888 α
1107 859 1214 902 ρέομαι
1240 860 1267 889 δὲ
1283 860 1314 889 τὸ
1329 860 1366 898 μὴ
1390 860 1484 900 παρὼν
1500 861 1634 902 θαῤῥῆσαι
1707 861 1832 896 πεποιθή-

1000 925 1024 956 B
1037 915 1090 940 σει,
1138 904 1425 956 λογίζομαιιτολμῆσαι
1434 899 1480 934 ἒπί
1492 899 1565 939 τινας
1575 905 1636 939 τοὺς
1648 899 1832 956 λογιζομένους

1038 951 1110 987 ἡμᾶς
1124 951 1158 983 ὡς
1173 950 1242 978 κατὰ
1254 950 1341 990 σάρκα
1355 953 1574 990 περιπατοῦντας.
1585 961 1598 979 ι
1617 964 1675 977 -ι
1691 952 1808 989 Δέομαι,
1822 966 1831 977 -

1037 994 1115 1034 φησὶν
1125 1016 1133 1030 ,
1149 993 1192 1023 ἵνα
1208 994 1246 1033 μή
1263 1006 1296 1033 με
1311 995 1482 1034 ἀναγκάσητε
1497 995 1662 1036 θαρῤοόντως
1684 995 1711 1015 ³⁵
1729 996 1833 1036 χρήσι-

1037 1040 1096 1067 σθαι
1164 1039 1278 1080 Ῠδυνάμει
1296 1040 1466 1077 (πεποίθησιν
1481 1040 1532 1080 γὰρ
1557 1039 1606 1076 τὴν
1621 1040 1738 1079 δύναμιν
1761 1043 1833 1070 αὖτοί

1036 1083 1123 1123 καλεῖ)
1135 1097 1146 1109 ν
1185 1083 1322 1123 λογίζομαι
1333 1085 1480 1123 τολμῆσαι,
1492 1098 1504 1111 ιι
1515 1079 1661 1121 τουτέστιν,
1676 1086 1834 1123 ὑπολαμϐά-

1036 1139 1073 1157 νω
1087 1129 1132 1158 καὶ
1147 1129 1302 1166 λογίζομαι,
1319 1127 1336 1164 ἢ
1350 1129 1517 1169 στοχάζομαι
1536 1131 1582 1169 ἀφ’
1598 1125 1634 1159 ὧν
1649 1130 1750 1159 ἐκεῖνοί
1767 1130 1794 1149 ⁸³
1807 1143 1833 1168 με

1037 1173 1214 1212 ἀναγκάζουσι
1236 1173 1304 1203 κατὰ
1328 1175 1382 1202 τῶν
1399 1174 1598 1213 διαβαλλόντων
1621 1176 1694 1211 ἡμᾶς
1719 1176 1762 1208 ὣς
1776 1175 1834 1204 ὓπο-

1035 1217 1127 1257 κριτὰς
1141 1218 1187 1248 καὶ
1212 1218 1355 1252 ἀλαζόνας·
1372 1221 1449 1248 τοῦτο
1472 1219 1523 1259 γὰρ
1537 1219 1567 1248 τὸ
1578 1241 1585 1254 ,
1609 1230 1624 1248 ιι
1650 1219 1735 1249 Κατὰ
1753 1219 1835 1259 σάρκα

1035 1265 1259 1302 περιπατοῦντας.
1282 1274 1297 1292 n
1328 1262 1403 1303 Ὅρα
1429 1262 1474 1302 δὲ,
1499 1265 1556 1297 πῶς
1577 1264 1679 1303 τόλμαν
1704 1265 1792 1293 καλεῖ
1811 1264 1836 1294 τὸ

1035 1305 1102 1341 ὅλως
1125 1307 1277 1346 ἀμύνασθαί
1292 1319 1378 1346 τινας,
1395 1307 1483 1337 καίτοι
1499 1319 1529 1348 γε
1554 1309 1604 1348 οὐχ
1628 1309 1696 1349 ὑπὲρ
1726 1310 1834 1344 ἑαυτοῦ,

1036 1351 1095 1380 ἀλλ’
1118 1351 1186 1392 ὃτιὲρ
1213 1354 1260 1382 τοῦ
1289 1352 1459 1392 κηρύγματος
1487 1355 1564 1382 τοῦτο
1589 1353 1686 1391 ἔμελλε
1708 1356 1834 1389 ποιῆσαι.

1035 1394 1112 1426 Ἀλλ’
1128 1396 1199 1435 ὅμως
1220 1398 1258 1437 τῷ
1282 1397 1434 1438 διδασκάλῳ
1458 1397 1613 1437 οἰκειότερον
1627 1397 1657 1426 τὸ
1674 1399 1701 1427 ἓν
1717 1398 1785 1433 ταῖς
1798 1411 1834 1428 τι-

1035 1440 1147 1481 μωρίαις
1158 1441 1263 1479 μέλλειν
1276 1441 1328 1481 ἀεὶ,
1343 1441 1389 1471 καὶ
1400 1441 1437 1479 μὴ
1450 1442 1554 1482 ταχέως
1563 1442 1671 1476 ταύταις
1683 1443 1833 1483 ἔπιπηόᾷνν

1078 1544 1090 1558 α
1114 1531 1164 1562 Ἐν
1179 1531 1258 1572 σαρκὶ
1274 1531 1326 1572 γὰρ
1353 1534 1573 1572 περιπατοῦντες,
1601 1533 1630 1562 οὔ
1657 1533 1734 1562 κατὰ
1753 1534 1836 1574 σάρκι

1034 1575 1245 1615 στρατευόμεθα.
1259 1587 1273 1605 ι)
1300 1577 1449 1614 Τουτέστι,
1473 1576 1560 1616 σάρκα
1582 1577 1791 1617 περικείμενοι,
1812 1580 1836 1608 οὗ

176 1623 333 1651 carnalibus
354 1623 441 1650 armis
472 1623 544 1651 haud
576 1623 688 1651 utimur.
718 1625 757 1652 De
783 1624 975 1660 praedicatione

1074 1614 1170 1654 »ιικοῖς
1188 1620 1278 1655 ὅπλοις
1298 1621 1437 1662 χρώμεθα.
1455 1614 1522 1661 Περῖ
1548 1622 1598 1661 γὰρ
1613 1614 1658 1651 τοῦ
1685 1614 1836 1663 κηρύγμα-

177 1668 255 1696 enim
273 1668 404 1702 disputat,
429 1667 578 1695 ostendens
604 1668 676 1702 quod
704 1676 760 1696 non
790 1669 826 1696 sit
846 1668 977 1703 humana,

176 1720 266 1747 neque
279 1712 410 1740 humana:
424 1712 482 1748 opis
497 1711 601 1748 indiga.
618 1712 689 1741 Cum
703 1717 796 1741 autem
808 1713 884 1746 dicit,
898 1725 910 1738 α
926 1714 977 1742 Mi-

177 1757 299 1791 litamus,
315 1768 329 1781 ι
355 1757 482 1793 praelium
496 1760 524 1785 et
546 1765 669 1793 pugnam
688 1765 740 1786 nos
760 1758 910 1794 suscepisse
930 1759 975 1786 in-

175 1801 261 1830 dicat.

211 1848 297 1876 Vsns.
322 1850 350 1874 4.
367 1859 382 1872 ιι
409 1848 480 1875 Nam
494 1854 572 1876 arma
585 1847 688 1876 militiis
708 1851 812 1876 nostrae
831 1855 887 1876 non
909 1853 975 1877 sunt

176 1892 308 1921 carnalia.
332 1902 347 1919 ιν
363 1893 425 1921 Hoc
438 1897 490 1927 est,
511 1900 567 1920 non
579 1900 655 1928 opes,
671 1901 726 1920 non
741 1892 838 1928 gloria,
850 1901 906 1921 non
916 1893 975 1921 elo-

173 1937 293 1973 quentia,
306 1945 362 1965 non
375 1937 556 1972 adulationes,
569 1944 627 1965 non
641 1937 794 1973 hypocrisis
806 1947 812 1965 :
827 1938 890 1966 talia
901 1938 973 1966 enim

175 1983 292 2010 carnalia
315 1986 381 2010 sunt
391 1989 480 2010 arma.

211 2039 223 2051 σι
245 2027 300 2055 Sed
321 2027 444 2062 potentia
462 2028 534 2060 Deo,
557 2027 592 2055 ad
609 2026 824 2055 destructionem
843 2028 973 2055 munitio-

174 2080 251 2099 num.
267 2083 280 2095 ι·
294 2073 355 2098 Non
370 2071 450 2104 dixit,
465 2071 512 2098 sed
521 2071 678 2107 Spiritualia
689 2072 752 2105 (hoc
766 2072 842 2100 enim
858 2073 972 2100 omnino

176 2116 315 2144 debuisset
328 2116 432 2149 dicere,
456 2119 486 2143 ut
498 2116 601 2143 carnali
612 2120 816 2152 opponeretur),
830 2117 879 2145 sed
895 2129 908 2141 α
923 2126 974 2153 po-

177 2161 277 2194 tentia,
290 2171 302 2184 »
319 2160 495 2188 subindicans
509 2160 547 2188 ita
571 2169 669 2189 eorum
683 2169 725 2190 res
739 2169 798 2189 esse
821 2162 973 2190 imbecilles

176 2205 259 2241 295
267 2209 294 2233 et
302 2205 475 2241 impotentes.
485 2205 632 2234 Considera
641 2210 734 2234 autem
740 2206 891 2234 demissum
902 2206 930 2234 in
940 2215 972 2234 eo

174 2250 300 2286 spiritum
313 2260 319 2278 :
337 2258 394 2278 non
403 2250 473 2279 dixit
486 2251 570 2284 enim,
585 2252 644 2279 Nos
657 2255 781 2288 potentes
790 2259 899 2286 sumus,
913 2251 972 2286 sed,

176 2305 189 2318 α
203 2296 287 2322 Arma
307 2295 430 2330 potentia
444 2296 514 2329 Deo,
529 2306 541 2319 υ
557 2295 610 2323 hoc
621 2299 673 2330 est,
692 2297 768 2324 Deus
779 2296 836 2332 ipsa
851 2296 970 2332 potentia

175 2338 275 2367 effecit.
289 2340 361 2375 Quia
373 2339 447 2367 enim
461 2340 613 2376 agebantur
636 2343 663 2368 et
678 2340 770 2376 ﬂagris
783 2341 968 2375 caedebantur,

174 2384 344 2411 inﬁrmitatis
355 2389 448 2412 autem
466 2384 525 2412 hinc
542 2392 602 2412 esse
616 2384 780 2414 videbantur
807 2394 814 2413 :
840 2388 900 2414 Deo
920 2387 971 2421 (in-

173 2429 241 2464 quit)
258 2428 377 2464 potentia
397 2432 462 2456 sunt
473 2428 542 2456 haec.
554 2429 604 2456 Dei
618 2437 736 2466 namque
750 2430 836 2458 robur
851 2439 898 2466 per
912 2431 971 2459 haec

174 2473 294 2501 maxime
313 2477 435 2508 apparet,
455 2480 486 2500 ac
498 2473 541 2501 ille
563 2477 606 2501 est
621 2474 668 2509 qui
689 2478 818 2510 operatur
831 2478 858 2502 et
870 2475 973 2503 bellum

173 2518 252 2554 gerit,
264 2517 372 2546 etiamsi
385 2525 437 2545 nos
452 2517 508 2545 illis
527 2517 698 2546 amiciamur.
723 2518 778 2546 Ubi
794 2522 890 2546 autem
907 2525 974 2548 sunt

174 2562 316 2599 potentia?
327 2562 372 2590 Ad
393 2561 603 2590 demolitionem
619 2562 810 2591 munitionum.
836 2564 970 2598 Quaenam

173 2612 267 2636 autem
285 2608 341 2636 sint
353 2607 414 2635 ista;
432 2607 612 2642 munitiones,
625 2607 769 2636 subinfert.

210 2665 224 2678 ι
240 2652 474 2681 Ratiocinationes
486 2651 665 2680 destruentes.
680 2664 692 2677 υ
716 2653 877 2682 Graecorum
888 2655 970 2691 syllo~

172 2698 286 2734 gismos,
306 2697 405 2733 inquit,
432 2701 460 2724 et
482 2695 587 2724 fastum
604 2705 699 2726 eorum
718 2697 882 2728 demolimur
897 2699 971 2727 hisce

1030 1676 1072 1698 τος
1101 1665 1270 1705 διαλέγεται,
1291 1665 1393 1699 δεικνὺς
1410 1665 1451 1695 ὅτι
1477 1667 1524 1695 οὔκ
1549 1666 1621 1695 ἔστιν
1650 1667 1836 1706 ἄνθροῖιπινον,

1029 1709 1089 1739 οὖδὲ
1106 1712 1153 1746 τῆς
1182 1710 1300 1740 κάτωθεν
1332 1711 1454 1749 δεόμενον
1483 1711 1614 1750 βοηθείας.
1633 1723 1649 1738 ε
1676 1712 1835 1751 Στρατευό-

1029 1757 1097 1793 μεθα
1112 1765 1126 1783 n
1151 1754 1194 1793 δὲ,
1213 1755 1310 1794 εἷπὼν,
1340 1755 1434 1790 ἔδειξεν
1457 1754 1497 1785 ὅτι
1522 1755 1640 1795 πόλεμον
1668 1756 1718 1785 καὶ
1746 1758 1835 1797 μάχην

1030 1799 1220 1838 ἀνεδεξάμεθα.

1073 1855 1088 1873 ιι
1101 1845 1144 1874 Τὰ
1157 1844 1208 1885 γὰρ
1219 1844 1290 1874 ὅπλα
1314 1846 1361 1880 τῆς
1373 1845 1513 1886 στρατείας
1530 1847 1605 1884 ἡμῶν
1624 1846 1653 1875 οὗ
1669 1847 1806 1885 σαρκικᾶ.
1818 1859 1830 1875 ι

1029 1888 1188 1926 Τουτέστιν,
1203 1890 1231 1919 οὐ
1258 1890 1388 1926 πλοῦτος,
1406 1891 1435 1920 οὗ
1458 1890 1534 1927 δόξα,
1551 1891 1599 1920 οὖκ
1613 1891 1774 1930 εὖγλωι-τία
1786 1915 1794 1929 ,
1809 1893 1833 1921 οὗ

1027 1935 1182 1971 κολακεῖαι,
1197 1935 1248 1974 οὐχ
1271 1935 1438 1975 ὑποκρίσεις·
1460 1937 1569 1965 τοιαῦτα
1584 1935 1636 1975 γὰρ
1660 1935 1696 1965 τὰ
1714 1936 1833 1977 σαρκικὰ

1027 1977 1110 2009 ὅπλα.

1072 2034 1086 2052 (ι
1109 2023 1189 2053 Ἀλλὰ
1204 2023 1303 2053 δυνατὰ
1321 2025 1359 2066 τῷ
1385 2025 1465 2065 Θεῷ,
1493 2024 1557 2064 πρὸς
1581 2024 1741 2065 καθαίρεσιν
1771 2027 1831 2066 ὀχυ-

1029 2068 1172 2107 ρωμάτων.
1205 2079 1218 2096 ν
1250 2069 1308 2098 Οὐκ
1335 2068 1424 2105 εἶπεν,
1458 2069 1498 2098 ὅτι
1538 2069 1621 2100 Ἀλλὰ
1658 2071 1832 2106 πνευματικὰ

1029 2113 1037 2151 (
1052 2115 1128 2142 τοῦτο
1149 2112 1200 2152 γὰρ
1214 2113 1319 2147 πάντως
1333 2113 1443 2154 ὤφειλεν
1464 2116 1550 2143 εἰπεῖν
1566 2113 1631 2153 πρὸς
1657 2115 1831 2144 ἂντιδιαστο-

1027 2156 1074 2192 λὴν
1085 2160 1131 2186 τοῦ
1145 2159 1293 2198 σαρκικοῧ),
1304 2159 1384 2197 ἀλλὰ,
1405 2170 1418 2188 ιι
1427 2158 1549 2189 Δυνατοί·
1557 2169 1572 2187 ι)
1592 2159 1784 2197 αἰνιττόμενος
1795 2161 1831 2188 ὅτι

1027 2201 1061 2230 τὰ
1075 2202 1181 2231 ἐκείνων
1207 2203 1304 2238 ἀσθενῆ
1324 2204 1369 2232 καὶ
1385 2203 1512 2233 ἀδύνατα.
1533 2203 1588 2234 Καὶ
1600 2203 1694 2233 σκόπει
1710 2204 1744 2233 τὸ
1766 2205 1832 2234 ἄτυ-

1029 2258 1093 2286 φον
1115 2248 1162 2276 οὐκ
1190 2242 1278 2284 εἶπεν,
1295 2247 1335 2277 ὅτι
1362 2247 1457 2287 ¹Ημεῖς
1489 2248 1611 2284 δυνατοὶ,
1642 2249 1730 2284 ἀλλὰ,
1759 2264 1773 2274 ι
1792 2249 1833 2279 Τὰ

1027 2291 1097 2321 ὅπλα
1108 2291 1205 2321 δυνατὰ
1218 2293 1255 2332 τῷ
1268 2293 1346 2332 Θεῷ,
1357 2304 1371 2321 n
1383 2293 1530 2330 τουτέστιν,
1543 2295 1556 2322 ὁ
1570 2293 1639 2326 Θεὸς
1647 2293 1715 2322 αὐτὰ
1731 2294 1831 2323 δυνατᾶ

1025 2337 1228 2366 κατεσκεύασεν.
1254 2337 1364 2372 Ἐπειδὴ
1381 2337 1433 2377 γὰρ
1461 2339 1606 2374 ἠλαύνοντο
1638 2338 1686 2367 καὶ
1718 2339 1831 2376 ἐμαστί-

1026 2382 1110 2418 ζοντο,
1125 2381 1260 2415 ἀσθενείας
1274 2382 1301 2410 δὲ
1319 2385 1403 2411 ταῦτα
1425 2382 1547 2420 ἐδόκουν,
1565 2382 1646 2421 φησὶν
1662 2382 1703 2411 ὅτι
1729 2383 1830 2412 δυνατέ

1026 2428 1076 2456 εἰσι
1090 2430 1173 2456 ταῦτα
1189 2428 1226 2466 τῷ
1240 2428 1312 2466 Θεῷ.
1331 2426 1368 2456 ⁶Η
1380 2426 1431 2466 γὰρ
1451 2429 1496 2456 τοῦ
1514 2428 1585 2457 Θεοῦ
1608 2426 1686 2467 ἰσχὺς
1702 2427 1749 2456 διὰ
1767 2428 1828 2456 τού-

1028 2483 1080 2500 των
1091 2471 1210 2509 μάλιστα
1228 2471 1366 2511 φαίνεται,
1394 2472 1514 2504 κάκεῖνός
1529 2472 1600 2501 ἐστιν
1615 2474 1630 2501 ὁ
1653 2473 1772 2511 ἐνεργῶν
1788 2472 1830 2501 καὶ

1028 2517 1165 2554 πολεμῶν,
1180 2517 1203 2545 εἰ
1219 2515 1264 2545 καὶ
1279 2518 1356 2554 ἡμεῖς
1371 2515 1440 2545 αὐτὰ
1459 2517 1642 2556 περικείμεθα.
1658 2518 1718 2547 Ποῦ
1732 2517 1766 2546 δέ
1781 2519 1829 2546 εἰςι

1026 2560 1138 2597 δυνατά;
1169 2572 1184 2590 (ι
1208 2561 1254 2594 Εἷς
1271 2560 1425 2600 καθαίρεσιν
1449 2561 1651 2601 ὀχυρωμάτων·
1681 2575 1693 2587 ιι
1709 2562 1758 2590 καὶ
1774 2562 1829 2590 τίνα

1025 2605 1058 2634 τὰ
1072 2605 1252 2646 ὀχυρώματα,
1269 2606 1399 2646 ἐπιφέρει.

1069 2661 1084 2680 α
1099 2650 1249 2689 Λογισμοὺς
1272 2653 1465 2690 καθαιροῦντες.
1482 2664 1495 2677 ι
1513 2650 1583 2684 Τοὺς
1611 2652 1664 2680 τῶν
1686 2650 1826 2687 Ἑλλήνων

1026 2695 1234 2735 συλλογισμοὺς,
1259 2695 1341 2736 φησὶ,
1357 2695 1404 2725 καὶ
1419 2695 1464 2725 τὸν
1482 2698 1562 2735 ὥφον
1581 2697 1667 2725 αὐτῶν
1682 2698 1826 2736 καθαιρεῖν

865 2785 962 2815 Variae
985 2786 1137 2816 lectiones.

210 2826 232 2843 “
246 2826 391 2862 θαρῥοΰντυς
409 2835 436 2855 ο.
475 2827 496 2844 ⁸³
510 2827 619 2855 κάκεῖνοι
635 2837 661 2857 0.
