1877 3081
34 152 73 177 θοι
458 142 630 170 EXPOSITIO
651 142 682 170 IN
703 143 807 170 EPIST.
827 143 912 170 II‘AD
932 143 1010 170 COR.
1029 158 1064 163 —
1084 144 1158 172 CAP.
1180 145 1209 171 Χ.

1606 150 1658 176 902

32 223 73 250 μιν
85 209 123 239 διὰ
144 207 239 237 τούτων
253 209 305 236 τῶν
320 206 408 235 ὅπλων
425 205 454 243 ἢ,
469 204 508 234 ὅτι
527 204 629 238 Αὐτοὺς
649 205 710 239 τοὺς
731 206 805 244 λογι-

898 205 960 239 mis,
981 205 1024 233 vel
1041 205 1103 241 quia
1117 206 1338 236 ratiocinationes
1349 207 1404 236 sive
1415 209 1596 245 cogitationes
1610 219 1655 238 eo—

32 254 102 294 σμοὺς
123 254 203 282 αὐτῶν
228 251 336 285 καὶτὰς
358 250 444 291 ψυχὰς
471 249 677 287 καταϐάλλομεν
704 250 733 278 ἐκ
757 252 805 285 τῆς

31 301 134 336 πλάνης,
185 297 376 337 κεκράτηνται,
398 295 443 324 καὶ
460 294 678 332 ξδτιςοτοὶσσομενΗ
694 297 727 334 τῇ
738 295 806 329 ἀλη-

31 345 88 383 θείᾳ.
103 343 135 373 Ὁ
148 342 198 382 γὰρ
212 344 257 372 τοῦ
272 339 474 382 Ἆρειοπαγίτου
497 339 636 378 λογισμὸς,
662 339 707 368 καὶ
726 341 743 374 ἡ
759 350 806 377 με-

31 388 152 426 γαλόνοια,
177 385 310 426 καθῃρέθη
331 386 378 424 μὲν
395 384 448 414 ἀπὸ
463 385 515 426 τῆς
522 383 663 421 ἀσεϐείας,
679 383 806 420 ὑπεκλίθη

30 424 52 463 δὲ
120 424 246 470 εὐσεϐεία.
270 429 342 469 Ὅρα
358 429 403 466 δὲ,
424 429 472 458 οὐκ
489 424 580 466 εἶπεν,
606 427 646 458 ὅτι
676 428 806 468 Μηχανή-

30 486 91 515 ματα
112 476 277 515 προσάγομεν
288 497 295 511 ,
313 473 389 509 ἀλλ’,
412 474 495 506 Εὐθὺς
515 474 706 512 καθαιροῧμεν·
722 473 752 502 τὸ
766 472 807 502 εὗ-

28 524 92 551 κολον
106 523 150 556 τῆς
162 520 236 555 νίκης
253 520 299 549 καὶ
323 519 354 548 τὸ
369 518 481 548 δυνατὸν
496 519 548 546 τῶν
573 518 657 556 βελῶν
668 517 693 534 ⁴⁵
706 517 804 553 δηλῶν.

65 577 78 595 ιι
93 565 144 596 Καὶ
160 569 213 594 πᾶν
227 565 325 605 ὕψωμα
341 562 516 603 ἐπαιρόμενον
533 562 603 591 κατὰ
617 563 666 596 τῆς
686 561 807 600 γνώσεως

28 615 65 641 τοῦ
79 612 153 641 Θεοῦ.
165 620 180 639 n
199 609 335 647 Ἐπιμένει
395 610 496 648 τροπῇ,
511 606 555 637 ἵνα
578 606 764 646 ἐναργέστερον
780 607 806 626 ⁴⁶

28 640 123 694 δηλώσῃ
181 640 315 694 βούλεται.
334 640 426 689 Φησὶν
441 640 502 688 οἷν,
518 652 559 682 ὅτι
578 640 634 681 Κᾶὁ
649 640 750 691 ἶψωμα
767 651 806 680 εἴ-

27 711 84 740 πῃς,
108 699 226 729 τουτέστι
244 698 394 739 πύργωμα,
430 697 447 728 '7.
475 696 595 738 φρούριον
617 695 805 733 ἀνθιστάμενον

27 747 54 784 τῇ
65 744 153 783 γνώσει
162 746 208 774 τοῦ
232 746 302 775 Θεοῦ
313 765 321 781 ,
348 742 407 778 ἤτοι
428 743 466 782 τῷ
484 740 655 781 Εὗαγγελίῳ,
672 741 717 770 καὶ
729 743 807 771 τοῦτο

28 791 189 828 καθαιροῧμεν
194 812 201 819 .

64 845 76 862 (ι
93 834 143 864 Καὶ
168 833 411 874 αἰχμαλωτίζοντες
431 836 484 862 πᾶν
511 832 597 869 νόημα
622 831 657 864 εἰς
684 830 731 866 τὴν
755 832 806 860 ὓπ-

861 258 924 278 rum
949 254 977 278 et
999 250 1106 278 animas
1123 250 1265 286 dejicimus
1289 259 1323 280 ex
1343 259 1437 281 errore
1461 261 1516 289 quo
1537 255 1655 283 detenta:

861 294 989 330 ἰυει-οζεισῐ
996 295 1105 323 veritati
1118 295 1284 331 subjicimus.
1301 297 1473 334 Areopagitae
1496 299 1568 327 enim
1587 301 1657 328 ratio

860 343 888 368 et
906 347 1006 376 magna
1019 348 1098 368 mens
1114 340 1220 368 sublata
1239 345 1280 368 est
1300 341 1334 369 ab
1357 342 1498 378 impietate
1520 347 1548 371 et
1562 344 1654 380 pietati

860 384 979 413 subdita.
1009 385 1204 414 Animadverte
1223 389 1314 414 autem
1346 386 1422 423 quod
1457 387 1569 421 dixerit,
1599 389 1655 416 Mn-

861 429 955 457 chinas
969 429 1161 464 admovemus,
1186 430 1244 464 sed,
1268 430 1364 459 Statim
1387 430 1566 466 demolimur,
1591 441 1656 461 cum

862 473 983 502 victoriae
996 472 1164 508 facilitatem,
1178 478 1238 503 tum
1255 483 1396 504 armorum
1413 477 1566 513 potentiam
1589 477 1660 506 indi-

861 527 936 548 cans.

896 565 987 593 Vnus.
1003 567 1030 593 5.
1046 576 1058 589 ι
1074 566 1110 593 Et
1128 572 1242 594 omnem
1254 565 1425 594 altitudinem
1437 567 1615 596 extollentem
1629 575 1659 596 sc

861 607 990 637 adversus
1014 609 1156 637 scientiam
1178 610 1240 637 Dei.
1259 621 1273 634 ιι
1292 610 1453 639 Perseverat
1474 611 1503 639 in
1521 614 1612 648 tropo,
1628 617 1660 640 ut

861 653 937 689 quod
950 653 1014 682 velit
1027 653 1126 682 clarius
1143 654 1266 690 explicet.
1286 654 1324 689 Si,
1346 655 1446 691 inquit,
1461 656 1581 685 altitudo
1598 656 1660 685 lue-

861 697 907 731 rit,
922 697 974 726 hoc
990 702 1041 733 est,
1056 699 1152 727 turrita
1170 699 1286 728 munitio
1306 699 1346 727 vel
1359 701 1599 736 propugnaculum
1615 710 1659 730 re-

862 743 965 771 sistens
983 743 1106 772 scientia:
1125 744 1189 779 Dei,
1201 743 1326 781 adeoque
1336 745 1495 782 Evangelia,
1509 746 1536 775 id
1550 755 1659 783 quoque

863 787 1039 816 demolimur.

901 843 915 857 ‹‹
927 833 962 860 Et
973 833 1000 860 in
1009 833 1192 869 captivitatem
1201 833 1358 871 redigentes
1374 843 1488 864 omnem
1493 835 1660 865 intellectum

28 878 98 913 ακοὴν
112 881 154 908 τοῦ
169 866 300 918 Χριστοῦ.
315 889 330 907 ο
346 878 386 908 Τὸ
401 879 448 913 τῆς
462 875 649 916 αἰχμαλωσίας
661 875 744 914 ὄνομα
759 875 805 904 δύο

902 866 1066 913 obsequium
1079 877 1190 906 Christi.
1205 890 1218 903 ιι
1242 866 1411 915 captivitatis
1425 880 1590 908 vocabulum
1603 880 1660 909 duo

27 923 106 958 δηλοῖ·
124 924 169 953 καὶ
199 923 249 960 τὴν
266 922 398 952 ἔκπτωσιν
427 923 473 957 τῆς
498 921 665 960 ἐλευθερίας,
695 920 740 950 καὶ
761 921 809 955 τὴν

27 967 115 997 τελείαν
135 967 254 1006 ἅλωσιν,
279 967 348 998 ὥστε
374 967 412 1003 μὴ
437 967 592 1001 ἀντιστῆναι
621 965 713 995 πάλιν.
733 964 810 994 Κατὰ

27 1015 80 1051 γοῦν
92 1013 120 1042 τὸ
139 1013 258 1052 δεύτερον
284 1012 477 1050 σημαινόμενον
507 1006 579 1040 εἶπεν
601 1011 615 1039 ὁ
640 1010 746 1042 Παῦλος
765 1011 810 1038 ν’ὗν

27 1057 60 1093 τὸ,
85 1068 98 1086 ιι
120 1056 377 1098 Δίχμαλωτίζοντες.
408 1068 424 1084 ι
450 1057 491 1085 Οὖ
525 1054 577 1095 γὰρ
602 1054 808 1095 περιγινόμεθα,

27 1102 94 1141 φησὶ,
120 1102 216 1141 μόνον,
242 1102 288 1132 καὶ
302 1103 418 1139 νικῶμεν
440 1105 531 1129 πᾶσαν
558 1099 724 1139 ἀνθρωπίνην
751 1098 809 1128 διά-

26 1158 102 1182 νοιαν,
125 1147 192 1177 ἀλλὰ
217 1146 262 1175 καὶ
288 1146 352 1186 αἷχμ
359 1144 520 1184 αλωτίζομεν
534 1156 541 1162 ·
557 1143 621 1183 ὅπερ
638 1143 709 1172 ἐστὶν
723 1145 740 1178 ἡ
764 1155 809 1172 τε-

26 1191 132 1232 λειοτέρα
146 1192 219 1228 νίκη.
244 1192 313 1221 Εἶτα
328 1190 385 1220 ἐπεὶ
405 1189 436 1219 τὸ
450 1191 497 1224 τῆς
514 1188 701 1229 αἷχμαλιυσίας
724 1187 808 1226 ὄνομα

27 1235 85 1275 βαρῦ
95 1258 103 1273 ,
117 1236 207 1276 φησίν
227 1247 240 1265 ε
259 1236 306 1269 Εἰς
319 1234 368 1271 τὴν
388 1234 509 1270 ὓπακοὴν
524 1236 571 1263 τοῦ
587 1234 718 1273 Χριστοῦ·
733 1244 809 1262 τουτ-

26 1281 102 1317 έστιν,
128 1282 172 1314 Εἰς
201 1281 324 1310 δουλείαν
344 1280 423 1310 αὖτοῢ
448 1278 604 1317 ὑπάγομεν,
629 1277 718 1313 πάσης
732 1277 808 1306 ἔλευ-

27 1325 102 1363 θερίας
130 1324 311 1364 τιμιωτέραν·
339 1323 393 1354 ἀπὸ
418 1325 470 1363 γὰρ
502 1322 636 1356 ἀπωλείας
667 1324 702 1355 εἰς
724 1333 809 1357 σωτη-

27 1369 92 1408 ρίαν,
107 1370 149 1400 καὶ
171 1370 226 1399 ἀπὶ)
241 1369 353 1399 θανάτου
367 1370 401 1402 εἷς
429 1367 497 1402 ζωὴν
509 1389 518 1404 ,
546 1367 740 1400 ὓποτάττοντες
764 1368 809 1396 αὖ·

27 1414 77 1448 τοὺς
99 1416 135 1456 τῷ
158 1414 280 1455 Χριστῷ.
299 1414 438 1449 Ἐννόησον
458 1409 502 1442 οὖν
519 1411 578 1446 τοὺς
593 1413 619 1441 ἐν
635 1411 740 1452 Ἐφέσῳ
762 1410 810 1444 τὰς

27 1459 129 1498 μαγικὰς
143 1461 230 1489 αὑτῶν
255 1459 362 1499 βίϐλους
383 1456 618 1495 κατακαύσαντας,
643 1456 690 1485 καὶ
708 1456 809 1491 νοήσεις

26 1505 74 1537 πῶς
92 1506 285 1544 ᾐχμαλώτευσε
303 1504 421 1537 Παῦλος.

63 1559 76 1578 α
96 1549 149 1579 Καὶ
163 1551 189 1579 ἐν
205 1550 304 1588 ἑτοίμῳ
328 1548 434 1588 ἔχοντες
448 1547 588 1583 ἐκδικῆσαι
605 1550 694 1575 πᾶσαν
716 1557 807 1585 παρα-

26 1593 95 1631 κοὴν,
120 1594 181 1624 ὅταν
202 1596 332 1634 πληρωθῇ
355 1594 430 1631 ὑμῶν
457 1595 474 1629 ἡ
500 1591 616 1627 ὑπακοή.
644 1602 659 1619 ι
677 1590 809 1620 Ἐνταῦθα

26 1638 64 1666 καὶ
76 1638 177 1673 τούτους
202 1638 345 1679 ἐφόϐησεν.
371 1637 460 1676 ¹Υμᾶς
471 1636 539 1677 γὰρ,
554 1636 632 1676 φησὶν
644 1657 651 1671 ,
677 1635 808 1673 ἀναμένο-

25 1694 82 1720 μεν,
99 1683 142 1713 ἵν’
165 1684 231 1714 ὅταν
260 1683 303 1713 διὰ
333 1684 380 1718 τῆς
410 1681 593 1722 παραινέσεως
624 1680 809 1720 ὃιορθώσωμεν

25 1728 84 1765 ὑμᾶς
102 1727 146 1758 καὶ
174 1728 372 1766 ἀποστήσωμεν
397 1727 526 1763 ἐκείνων,
551 1726 610 1755 τότε
635 1724 742 1757 ἐκείνοις
762 1725 810 1762 μό-

24 1783 83 1809 νοις,
95 1774 290 1814 ἀπολειφθεῖσιν
304 1771 468 1808 ἀνιάτοιςΠ,
483 1771 531 1807 τὴν
552 1770 636 1808 τομὴν
662 1769 808 1808 ἐπενέγκω-

24 1827 75 1854 μιν.
87 1828 101 1847 ι
110 1817 155 1848 Ἐν
167 1812 287 1858 ἑτοίμῳ»
301 1812 346 1846 οὖν
359 1816 456 1856 ἔχομεν
462 1816 510 1853 τὴν
520 1815 666 1855 τιμωρίαν,
677 1813 738 1843 οἶλλ⁷
748 1815 810 1842 ἀνα-

24 1860 63 1898 μὶξ
93 1862 173 1892 ὄντων
201 1863 294 1900 ὑμῶν,
320 1861 495 1899 κωλυόμεθα,
522 1860 566 1889 ἵνα
592 1859 630 1898 μὴ
660 1858 706 1887 καὶ
734 1859 808 1896 ὗμῶν

25 1905 116 1944 ἅψηται
129 1909 146 1943 ἡ
170 1906 276 1945 πληγή.
300 1905 352 1937 Διὰ
367 1905 395 1936 δὲ
417 1908 462 1935 τοῦ
485 1906 583 1941 εἰπεῖν,
606 1902 717 1933 ιιὈταν
736 1904 808 1938 πλην

24 1952 86 1989 ρωθῇ
103 1952 177 1990 ὖμῶν
192 1954 211 1987 ἡ
227 1950 344 1989 ὑπακοὴ,
360 1962 374 1980 ι)
395 1950 540 1979 αἰνίττεται
563 1947 744 1981 ὑπακούοντας
760 1947 807 1981 μὲν

24 1994 62 2023 καὶ
74 1998 134 2033 νῦν,
154 1997 215 2026 ἀλλ’
228 1997 258 2026 οὖ
267 1996 381 2028 τελείως.
409 1996 435 2025 Τ
436 1997 505 2023 αῦτα
520 1994 546 2024 δὲ
563 1993 680 2029 ἀπειλεῖ,
704 1991 747 2021 ἵνα
764 1992 809 2021 καὶ

24 2034 85 2069 οὗτοι
97 2043 215 2070 κάκεῖνοι
231 2041 408 2081 διορθωθῶσι,
424 2039 470 2069 καὶ
487 2038 589 2077 μηδένα
611 2037 712 2076 πλήξῃ.
735 2036 809 2076 Πρό-

24 2095 88 2123 τερον
102 2086 128 2115 δὲ
143 2088 169 2116 ἐν
185 2088 252 2125 ἡμῖν
278 2084 400 2125 λογισμοὶ
426 2084 628 2125 συνίστανται,-
640 2081 807 2111 παλαιόντων

20 2130 64 2158 τῶν
91 2130 217 2172 χειρόνων
232 2129 295 2169 πρὸς
326 2129 386 2163 τοὺς
411 2128 580 2169 κρείττονας·
603 2123 661 2157 εἶτα
692 2126 809 2165 γίνονται

21 2174 152 2213 ὖψώματα,
167 2175 302 2205 νικώντων
317 2173 435 2210 δηλαδὴ,
450 2173 493 2203 ὅτε
508 2172 554 2202 καὶ
568 2171 809 2212 ἐπαίρωνταικατὲι

20 2220 60 2254 τῆς
71 2220 138 2254 θείας
162 2220 299 2259 γνώσεως,
318 2218 370 2248 κοιὶΓ
388 2221 528 2254 τοσοῦτον,
542 2217 617 2259 ὥστε
631 2217 677 2246 καὶ
699 2217 735 2250 εἰς
761 2217 808 2252 τὴν

21 2265 59 2292 τοῦ
81 2256 211 2303 νοήματος
225 2265 252 2284 ⁴δ
281 2263 354 2298 τάξιν
381 2262 554 2303 ἀνατρέχειν,
590 2256 644 2291 οἶον
672 2261 809 2299 λεγόμενοι

19 2308 201 2348 ἐνθουσιασμοί.
222 2307 305 2340 Ἐστι
325 2307 377 2349 γὰρ
398 2307 504 2344 νόησις,
525 2307 599 2341 ἅπλῆ
631 2305 678 2334 καὶ
694 2305 809 2335 ἀσυλλό-

20 2364 98 2391 γιστος
121 2353 234 2390 ἐπιϐολὴ
247 2354 274 2373 ⁴⁹
288 2355 333 2383 τοῦ
358 2355 418 2389 νοῦ,
438 2352 506 2382 αὐτὰ
530 2350 699 2391 δεικνῦσαᾉτὰ
720 2350 810 2390 πράγ-

20 2389 85 2435 ματα
107 2389 264 2439 κρειττόνως
284 2398 302 2434 ἢ
330 2400 347 2434 ἡ
372 2396 510 2431 ἀπόδειξις.
536 2395 612 2426 Εἰσὶν
642 2389 686 2423 οὖν
711 2389 756 2423 καὶ
782 2395 809 2422 ἐν

20 2445 66 2475 τοῖς
90 2443 140 2473 ὑπὸ
165 2443 300 2482 δαιμόνων
328 2441 514 2480 ἀπατωμένοις
541 2443 662 2470 τοιαῦται
686 2439 810 2469 δοκοῦσαι

21 2487 112 2522 νοήσεις
125 2513 132 2523 ,
148 2488 179 2522 ἃς
200 2490 216 2518 ὁ
235 2489 341 2521 Παῦλος
351 2510 360 2523 ,
379 2486 425 2516 καὶ
442 2487 465 2515 εἴ
478 2498 517 2520 τις
529 2485 598 2515 κατὰ
613 2486 721 2521 τοῦτον,
745 2484 810 2523 αἰχ-

21 2533 154 2567 μαλωτίζει
169 2534 207 2567 εἷς
221 2533 267 2569 τὴν
280 2532 401 2568 ὑπακοὴν
417 2533 462 2561 τοῦ
477 2532 605 2571 Χριστοῦ.

865 921 999 957 signiﬁcat
1016 931 1023 950 :
1039 927 1068 951 et
1087 930 1119 950 ex
1132 922 1255 951 libertate
1277 923 1393 959 lapsum,
1410 929 1438 952 et
1451 924 1599 961 perfectam
1620 933 1664 954 ca-

866 966 1000 1002 ptionem,
1011 975 1063 1004 qua
1069 967 1131 1004 quis
1144 968 1181 996 ita
1194 968 1310 1003 capitur,
1323 972 1353 996 ut
1364 976 1398 996 ne
1411 969 1536 997 resistere
1549 969 1660 1006 quidem

866 1012 960 1048 possit.
975 1013 1059 1041 Juxta
1075 1013 1225 1042 secundam
1240 1014 1321 1049 igitur
1341 1013 1568 1050 signiﬁcationem
1588 1024 1662 1044 nunc

865 1057 965 1085 Paulus
977 1057 1060 1093 dixit,
1077 1069 1091 1082 ι
1102 1058 1279 1094 captivantes.
1293 1070 1306 1082 ν
1322 1060 1385 1087 Non
1395 1059 1469 1087 enim
1483 1063 1603 1094 tantum,
1616 1061 1660 1088 in-

865 1101 934 1136 quit,
949 1102 1104 1137 superiores
1122 1110 1230 1138 sumus,
1246 1105 1274 1131 et
1286 1103 1430 1132 victoriam
1445 1103 1603 1133 obtinemus
1626 1105 1660 1133 de

864 1147 940 1174 omni
954 1147 1074 1176 humana
1088 1148 1255 1183 cogitatione
1269 1152 1296 1176 et
1308 1146 1456 1182 intellectu,
1471 1149 1520 1178 sed
1536 1149 1564 1178 in
1579 1150 1661 1185 capti-

864 1190 978 1219 vitatem
1003 1192 1087 1220 etiam
1107 1192 1270 1228 redigimus,
1295 1200 1358 1229 qua:
1381 1196 1423 1220 est
1442 1194 1662 1222 consummatior

863 1235 990 1264 victoria.
1012 1235 1130 1270 Deinde,
1146 1236 1209 1272 quia
1223 1236 1387 1273 captivitatis
1401 1237 1565 1266 vocabulum
1579 1246 1661 1274 grave

863 1284 914 1314 est,
936 1280 1023 1315 addit,
1038 1292 1051 1305 ι
1072 1280 1109 1308 ad
1123 1281 1288 1317 obsequium
1303 1281 1422 1315 Christi,
1440 1293 1454 1306 ιι
1475 1282 1528 1310 hoc
1549 1286 1600 1316 est,
1625 1283 1660 1310 ad

864 1325 1024 1353 servitutem
1037 1325 1096 1362 ejus
1114 1326 1261 1362 redigimus
1282 1326 1359 1354 omni
1372 1326 1497 1354 libertate
1515 1326 1660 1363 pretiosio-

863 1377 922 1398 rem
939 1379 945 1397 :
965 1369 1001 1398 ab
1022 1370 1130 1398 interitu
1145 1369 1274 1398 nimirum
1292 1370 1327 1398 ad
1341 1371 1469 1404 salutem,
1486 1379 1502 1399 a
1523 1376 1614 1399 morte
1626 1372 1660 1400 ad

863 1416 947 1444 vitam
978 1416 1147 1452 subjiciendo
1182 1424 1229 1444 eos
1251 1416 1369 1444 Christo.
1390 1417 1491 1445 Animo
1511 1417 1594 1453 igitur
1618 1426 1658 1446 re-

864 1462 941 1490 volve
960 1469 1007 1491 eos
1025 1463 1071 1498 qui
1085 1462 1199 1498 magicae
1211 1462 1275 1490 artis
1288 1461 1370 1490 libros
1380 1461 1482 1497 Ephesi
1499 1463 1661 1491 combusse-

864 1510 928 1534 runt
940 1503 985 1540 k",
995 1510 1022 1534 et
1031 1506 1136 1534 videbis
1144 1506 1283 1542 quomodo
1299 1506 1399 1534 Paulus
1409 1507 1533 1542 captivos
1541 1506 1658 1535 duxerit.

898 1551 985 1579 Vens.
1000 1554 1028 1579 6.
1043 1563 1056 1575 ιι
1073 1553 1107 1579 Et
1116 1551 1142 1578 in
1153 1555 1280 1587 promptu
1294 1550 1425 1578 habentes
1440 1551 1533 1579 ulcisci
1547 1559 1660 1579 omnem

864 1595 1087 1629 inobedientiam,
1112 1603 1177 1623 cum
1197 1595 1309 1631 impleta
1337 1595 1418 1623 fuerit
1433 1599 1521 1623 vestra
1536 1595 1662 1624 obedien-

864 1640 910 1668 tia.
930 1651 943 1664 ιι
963 1641 1016 1669 Hic
1038 1640 1100 1668 illos
1123 1640 1207 1668 etiam
1228 1640 1336 1668 terruit.
1367 1641 1434 1674 Vos,
1457 1639 1554 1676 inquit,
1576 1641 1659 1668 etiam

864 1689 1065 1720 exspectamus,
1087 1690 1118 1713 ut
1132 1689 1279 1721 postquam
1299 1693 1347 1721 per
1374 1684 1592 1713 admonitionem
1614 1693 1661 1713 no-

863 1732 949 1757 stram
979 1729 1180 1758 correxerimus
1198 1737 1247 1757 vos
1265 1733 1292 1757 et
1306 1729 1340 1757 ab
1355 1729 1408 1757 illis
1422 1729 1539 1757 deﬁcere
1568 1728 1662 1757 feceri.

864 1780 937 1807 mus,
955 1778 1015 1801 tum
1034 1773 1088 1802 illis
1103 1774 1168 1801 solis
1180 1773 1373 1801 incurabilibus
1393 1773 1496 1801 relictis
1509 1774 1658 1801 sectionem

863 1816 1019 1845 afferamus.
1043 1819 1074 1845 ln
1092 1821 1221 1853 promptu
1241 1817 1323 1853 igitur
1343 1816 1477 1844 habemus
1500 1824 1612 1852 poenam
1632 1822 1660 1844 ct

862 1860 1002 1894 ultionem,
1018 1865 1150 1889 caeterum
1163 1869 1231 1889 cum
1257 1868 1305 1888 vos
1324 1860 1378 1888 illis
1393 1860 1466 1888 misti
1482 1860 1550 1894 sitis,
1567 1861 1661 1896 prohi-

863 1905 963 1933 bemur
980 1905 1080 1938 adhuc,
1104 1912 1140 1933 ne
1158 1909 1185 1933 et
1204 1912 1252 1932 vos
1266 1905 1344 1940 plaga
1362 1905 1514 1941 contingat.
1529 1906 1586 1933 Per
1605 1904 1658 1933 hoc

863 1954 958 1978 autem
970 1949 1043 1986 quod
1061 1950 1109 1984 ait,
1124 1961 1138 1974 α
1153 1950 1222 1978 Cum
1240 1950 1376 1985 completa
1398 1948 1480 1978 fuerit
1495 1949 1651 1978 obedientia

863 1998 962 2029 vestra,
977 2006 989 2018 »
1002 1995 1083 2023 tacite
1103 1994 1205 2022 iudicat
1216 1995 1301 2030 296
1310 2002 1357 2023 eos
1372 1994 1484 2031 quidem
1505 1995 1657 2023 etiamnum

863 2039 984 2073 obedire,
1007 2039 1056 2068 sed
1071 2039 1238 2075 imperfecte.
1255 2040 1322 2068 Hac
1335 2044 1429 2068 autem
1446 2040 1654 2074 interminatur,

863 2088 894 2112 ut
912 2089 939 2112 et
951 2084 979 2112 hi
1005 2089 1032 2112 et
1049 2084 1087 2112 illi
1108 2084 1249 2112 meliorem
1272 2085 1357 2112 vitam
1378 2084 1502 2119 induant,
1516 2089 1543 2113 et
1562 2089 1594 2113 ut
1612 2093 1658 2113 ne-

864 2129 968 2157 minem
987 2128 1074 2157 feriat.
1090 2129 1167 2156 Prius
1177 2133 1270 2156 autem
1287 2129 1315 2156 in
1326 2129 1402 2156 nobis
1416 2129 1599 2157 conﬁciuntur
1615 2138 1657 2158 ra-

864 2174 1064 2207 tiocinationes,
1080 2173 1217 2210 pejoribus
1236 2173 1379 2202 adversum
1393 2174 1513 2209 potiores
1536 2174 1660 2202 luctanti-

863 2219 929 2254 bus;
951 2219 1047 2247 deinde
1095 2218 1165 2246 ﬁunt
1199 2218 1376 2246 exaltatioues
1411 2218 1453 2245 vel
1484 2218 1656 2253 altitudines,

863 2265 1009 2292 victoriam
1020 2263 1144 2292 videlicet
1157 2263 1353 2297 obtinentibus,
1367 2262 1476 2299 quando
1487 2267 1582 2291 contra
1595 2263 1659 2292 divi-

864 2317 929 2337 nam
943 2309 1127 2345 cognitionem
1142 2308 1292 2344 eriguntur,
1312 2307 1434 2344 adeoque
1453 2312 1484 2336 ut
1498 2307 1539 2336 vel
1555 2308 1647 2337 intelle
1657 2325 1664 2329 -

864 2357 926 2382 ctus
940 2354 1031 2381 locum
1045 2356 1189 2388 occupent,
1205 2353 1298 2388 quales
1312 2356 1379 2380 sunt
1397 2352 1442 2388 qui
1463 2352 1596 2382 dicuntur
1617 2353 1660 2381 {u-

864 2405 940 2426 rores
961 2398 1017 2426 sive
1034 2398 1154 2425 numinis
1186 2396 1304 2425 afﬂatus.
1331 2397 1380 2424 Est
1406 2396 1481 2424 enim
1509 2397 1661 2426 intellectus

864 2444 979 2480 simplex
997 2447 1024 2471 et
1047 2441 1252 2470 ratiocinatione
1267 2449 1368 2470 vacans
1390 2442 1491 2470 mentis
1515 2442 1587 2471 actio
1611 2443 1660 2471 im-

865 2492 974 2523 petusve
994 2487 1053 2522 ipsa
1069 2494 1152 2523 opera
1165 2486 1264 2514 melius
1282 2485 1429 2514 ostendens
1441 2494 1526 2522 quam
1546 2487 1660 2516 demon—

864 2532 967 2560 stratio.
980 2532 1049 2559 Sunt
1063 2531 1145 2567 igitur
1158 2534 1186 2558 et
1198 2530 1232 2558 iis
1241 2530 1268 2558 iu
1278 2530 1376 2566 quibus
1387 2539 1403 2558 a
1416 2530 1588 2559 daemonibus
1603 2531 1656 2559 im-

20 2580 132 2614 ponitur,
150 2581 232 2613 tales,
247 2585 277 2608 ut
296 2580 415 2614 videtur,
438 2579 602 2612 intellectus,
628 2584 698 2614 quos
719 2576 831 2611 Paulus,
851 2580 881 2604 et
900 2575 923 2604 si
944 2577 1006 2612 quis
1024 2575 1093 2603 alius
1107 2574 1183 2603 Pauli
1204 2575 1301 2610 spiritu
1317 2575 1426 2610 ductus,
1440 2574 1562 2610 captivos
1582 2574 1659 2602 ducit

20 2615 49 2642 ad
67 2617 250 2645 obedientiam
263 2615 376 2646 Christi.

52 2694 82 2721 ¹.¹
96 2697 158 2724 Act.
173 2704 242 2729 ιιι,
259 2698 301 2724 19.

722 2728 816 2757 Variae
840 2727 990 2757 lectiones.

51 2801 69 2816 "‘
83 2801 293 2837 ὓποταπεινοῦμεν
304 2809 332 2830 o.
370 2800 391 2817 “
403 2800 488 2827 ὅπλων
503 2807 529 2827 ο.
568 2798 590 2815 ⁸⁸
606 2799 649 2834 μὲν
662 2797 806 2833 ἀρτέοτιριιν
823 2806 850 2825 ο.
890 2797 908 2812 ⁵7
922 2795 1065 2832 ἀνιάτωςίο.
1103 2795 1127 2814 ⁸⁸
1144 2796 1285 2831 νοσήματος
1300 2803 1326 2824 ο.
1367 2794 1389 2812 ⁸ο
1405 2794 1533 2830 μεταϐολὴ
1549 2804 1576 2823 ο.
