1877 3081
195 148 245 175 903

195 253 236 281 los
248 253 406 288 deceptores
425 250 623 288 perterrefacit,
643 259 736 280 verum
757 252 842 279 etiam
860 251 989 287 deceptos

194 297 326 332 increpat.
354 297 502 331 Propterea
522 294 600 329 dicit,
619 297 658 323 Ex
675 295 708 324 iis
722 303 783 332 qua:
805 299 935 332 apparent
944 295 987 330 ju-

196 339 292 373 dicate,
317 340 341 368 si
366 339 429 376 quis
453 340 586 376 superbit,
609 341 631 368 si
659 341 720 377 quis
748 340 870 377 locuples
885 344 938 375 est,
966 339 989 368 si

200 384 260 421 quis
275 383 382 413 virtutis
396 384 512 420 imagine
527 384 640 412 vestitus
652 389 703 412 est.

231 440 243 453 ι
261 428 289 457 Si
318 429 381 465 quis
402 427 518 457 conﬁdit
542 429 592 457 sibi
607 429 707 457 Christi
728 438 758 457 se
775 437 844 462 esse,
862 429 915 457 hoc
928 437 990 457 rur-

195 482 259 502 sum
286 473 358 509 apud
374 481 434 502 sese
445 474 557 509 cogitet,
576 473 649 509 quod
662 474 732 502 sicut
745 474 802 510 ipse
814 474 913 502 Christi
937 478 989 507 est,

196 519 234 546 ita
249 523 277 546 et
298 526 358 546 nos.
381 530 394 542 ιο
418 518 627 554 Pseudapostoli
654 519 729 546 enim
755 519 943 555 gloriabantur
963 523 990 546 et

197 563 403 599 superbicbant,
426 562 498 599 quod
526 563 626 591 Christi
642 567 733 591 essent
758 567 785 591 et
810 563 886 600 quod
913 563 991 591 Chri-

196 612 271 636 stum
287 607 339 643 ipsi
354 607 469 635 viderint
483 607 585 636 forsan.
604 619 617 632 ι
637 608 717 644 Apud
736 608 855 644 seipsum
870 620 882 632 ιι
898 612 991 635 autem

198 652 277 686 dixit,
299 660 359 688 pro,
386 654 446 680 Non
461 656 599 688 exspectet
614 657 736 681 nostram
756 653 884 681 adversus
900 653 990 688 ipsum

197 696 424 733 objurgationem,
439 697 487 725 sed
510 697 640 733 intelligat
659 697 733 733 quod
760 697 914 725 secundum
938 696 991 724 hoc

198 741 287 775 ipsum
312 741 386 776 quod
404 740 504 769 Christi
526 745 577 775 est,
601 740 670 768 nihil
695 741 774 769 nobis
798 741 835 768 sit
855 741 988 776 superior.

198 787 259 814 Non
292 787 366 814 enim
395 786 438 814 ille
467 786 580 822 quidem
610 786 722 820 Christi,
748 794 797 822 ego
831 794 894 814 vero
920 786 991 814 alte-

197 831 252 858 rius
265 830 416 867 cujuspiam
431 838 502 858 sum.
514 831 618 858 Verum
633 830 686 858 hoc
697 838 726 859 se
741 830 928 859 submittendo
952 830 991 859 di—

197 874 247 909 xit,
261 873 482 910 quandoquidem
505 874 635 911 deinceps
658 874 686 902 in
710 874 887 911 sequentibus
901 878 991 903 osten-

197 918 238 946 dit
255 922 389 954 quantum
407 919 464 954 ipse
475 918 599 947 excellat.

232 965 321 992 Vsus.
335 966 362 991 8.
379 975 392 988 σι
404 965 476 991 Nam
492 964 513 991 si
527 964 643 999 amplius
653 963 754 999 aliquid
769 963 899 1000 gloriatus
910 963 991 992 fuero

195 1007 230 1036 de
260 1011 395 1043 potestate
425 1015 508 1044 quam
536 1008 611 1036 dedit
638 1008 706 1036 mihi
728 1009 866 1036 Dominus
877 1008 913 1037 ad
926 1009 992 1037 aedi-

197 1052 363 1086 ﬁcationem,
388 1057 416 1080 et
443 1060 501 1080 non
523 1052 558 1080 ad
575 1052 806 1086 destructionem,
826 1061 880 1082 non
901 1053 994 1081 erube-

196 1103 281 1123 scam.
295 1107 307 1119 ι
321 1097 383 1124 Non
396 1095 475 1129 dixit,
488 1097 537 1123 Est
551 1096 618 1123 mihi
630 1100 750 1132 potestas
757 1096 890 1132 puniendi
909 1101 937 1123 et
951 1104 992 1124 oc-

196 1138 312 1173 cidendi,
328 1147 390 1175 quae
419 1139 472 1167 illis
487 1147 542 1168 non
568 1145 619 1174 est,
647 1139 696 1168 sed
719 1140 799 1176 longe
820 1140 992 1175 submissius,

199 1195 211 1207 σι
232 1183 349 1220 amplius
366 1184 505 1220 quiddam.
526 1195 538 1208 -
551 1185 608 1212 Nec
623 1184 701 1219 dixit,
716 1185 743 1212 Si
758 1185 867 1221 glorier,
884 1193 995 1228 verum,

200 1238 214 1254 «
233 1229 260 1256 Si
280 1229 409 1264 gloriatus
433 1228 520 1261 fuero.
538 1241 550 1254 ι
566 1229 618 1257 hoc
638 1233 690 1262 est,
706 1230 729 1268 s_i
755 1229 868 1265 gloriari
883 1230 995 1258 voluero

196 1272 230 1300 de
242 1277 375 1308 potestate
396 1281 478 1309 quam
491 1273 566 1302 dedit
578 1274 644 1302 mihi
670 1274 815 1309 Dominus,
833 1282 928 1302 rursus
943 1275 994 1310 ipsi

197 1320 288 1345 totum
318 1318 468 1346 ascribens.
493 1318 593 1354 Accepi
619 1321 710 1346 autem
735 1319 806 1346 hanc
830 1322 995 1354 potestatem

197 1371 213 1390 a
235 1364 303 1396 Deo,
324 1367 354 1390 ut
375 1363 409 1391 ad
426 1362 509 1391 fidem
524 1363 668 1397 aediﬁcem,
679 1363 809 1391 beneficia
826 1363 994 1399 impertiens,

197 1415 252 1435 non
269 1412 298 1436 ut
312 1409 436 1444 puniam.
456 1408 546 1442 Quare
557 1408 641 1444 igitur
655 1408 762 1440 dixisti.
780 1419 792 1432 α
811 1408 996 1444 cogitationes

196 1451 387 1480 destruentes?
403 1464 415 1476 «ι
432 1452 569 1486 Quoniam
579 1452 632 1480 hoc
646 1453 736 1488 ipsum
743 1452 861 1480 maxime
876 1457 917 1480 est
931 1452 997 1480 aedi-

701 143 957 173 THEOPHYLACTI
977 142 1154 170 BULGARIE
1172 141 1330 169 ARCHIEP.
1792 142 1837 168 904

231 209 321 236 Vsus.
343 211 369 235 7.
388 218 400 231 ι
415 208 484 242 Quae
498 206 534 234 ad
547 206 645 234 faciem
655 211 719 235 sunt
728 206 826 235 videte.
844 218 856 231 ι
870 207 932 234 Νοιι
945 214 988 234 so-
1007 207 1032 238 A

1090 215 1106 234 α
1121 204 1165 235 Τὰ
1179 205 1248 234 κατὰ
1270 203 1411 244 πρόσωπον
1428 203 1550 242 βλέπετε.
1570 213 1586 232 ι
1607 204 1649 233 Οὔ
1666 202 1763 241 μόνους
1786 202 1839 236 τὼς

1043 251 1201 282 ἀπατῶντας
1234 248 1355 289 ἐκφοϐεῖ,
1385 247 1453 278 ἀλλὰ
1493 247 1540 277 καὶ
1577 251 1631 280 τοῖς
1660 247 1840 286 ἀπατωμένοις

1043 295 1153 335 ἐπιτιμᾷ
1164 307 1171 312 ·
1185 293 1225 324 διό
1241 305 1320 334 φησιν
1332 305 1339 312 ·
1355 293 1420 323 Ἀπὸ
1432 295 1484 324 τῶν
1500 293 1666 333 φαινομένων
1687 292 1791 332 κρίνετε
1801 292 1840 327 ⁵ο,

1043 340 1067 369 εἴ
1081 351 1119 373 τις
1132 343 1312 378 μεγαλαυχιῖ,
1326 338 1351 368 εἴ
1361 350 1400 372 τις
1414 340 1537 375 πλουτεῖ¹
1553 338 1578 368 εἶ
1590 350 1630 371 τις
1646 339 1749 378 iper-ri”;
1766 349 1842 377 προσ-

1044 387 1140 415 ωπεῖον
1157 384 1315 424 περίκειται.

1088 441 1103 458 ιι
1118 423 1198 462 Εἴτιςν
1215 430 1338 458 πέποιθεν
1356 429 1443 468 ἑαυτῷ
1467 428 1584 468 Χριστοῦ
1605 423 1690 462 εἶναι,
1705 429 1786 455 τοῦτο
1803 428 1843 456 λο-

1044 474 1156 513 γιζέσθω
1171 474 1252 504 πάλιν
1271 474 1317 514 ἀφ’
1327 474 1439 509 ἑαυτοῦ,
1457 472 1497 502 ὅτι
1513 471 1600 505 καθὼς
1614 472 1693 504 αὐτὸς
1711 472 1837 510 Χριστοῦ,

1045 519 1114 549 οὕτω
1127 519 1172 548 καὶ
1188 519 1274 557 ἡμεῖς.
1303 531 1315 545 ι
1333 517 1368 548 Οί
1383 516 1435 557 γὰρ
1461 517 1674 557 ψευδαπόστολοι
1690 516 1843 554 ἐμεγαλτᾷ-

1044 575 1109 604 χουν
1130 565 1165 597 ὥς
1183 565 1299 602 Χριστοῦ
1315 562 1400 598 ὄντες,
1428 562 1473 590 καὶ
1488 561 1559 601 τάχα
1581 561 1727 590 αὐτόπται.
1743 561 1782 590 Τὸ
1803 562 1842 594 δὲ,

1051 602 1065 637 (ι
1081 608 1134 649 Ἀφ’
1143 611 1236 638 ἑαυτοῦ
1244 631 1252 644 ,
1265 622 1277 634 υ
1290 602 1361 636 εἶπεν
1371 629 1379 643 ,
1391 606 1449 635 ἀντὶ
1465 608 1510 636 τοῦ
1519 630 1527 643 ,
1537 606 1585 641 Μὴ
1597 605 1755 643 ἀναμενέτω
1763 606 1786 624 ⁵⁴
1798 608 1844 638 τὴν

1045 654 1178 693 ἡμετέραν
1194 654 1254 683 κατ’
1271 653 1360 693 αὖτοῧῗ
1376 651 1546 690 ἐπιτίμησιν,
1566 650 1625 680 ἀλλ’
1650 651 1788 685 ἐννοείτω,
1807 650 1845 678 ὅτι

1045 700 1105 728 κατ’
1122 692 1186 728 αὐτὸ
1200 699 1277 727 τοῦτο
1296 697 1328 726 τὸ
1343 692 1409 726 εἶναι
1433 697 1568 736 Χριστοῦ,
1595 695 1672 724 οὐδὲν
1697 695 1778 724 πλέον
1793 695 1846 734 ἔχει

1045 744 1134 782 ἡμῶν,
1150 744 1191 773 Οὔ
1212 741 1263 782 γὰρ
1288 743 1383 774 ἐκεῖνος
1400 741 1448 779 μὲν
1475 741 1612 780 Χριστοῦ,
1641 739 1741 785 ἐγὼ-δὲ
1766 739 1846 768 ἄλλοι,

1048 788 1128 821 τινός.
1146 787 1226 818 Ἀλλὰ
1252 789 1329 816 τοῦτο
1355 786 1402 824 μὲν
1419 784 1658 823 συγκαταϐατικῶς
1683 784 1774 821 εἶπεν,
1792 785 1848 813 ἐπεὶ

1044 830 1145 872 προῖὼν
1159 831 1275 862 δείκνυσι
1286 831 1369 861 πόσον
1384 831 1461 864 αὐτὸς
1474 829 1612 869 ὑπερέχει.

1087 973 1099 985 ιι
1115 959 1180 990 Ἐὰν
1192 958 1243 998 γὰρ
1253 958 1299 988 καὶ
1312 957 1438 998 περισσόν
1449 969 1474 986 τι
1485 956 1662 996 καυχήσομαι
1675 956 1774 996 [vulg.
1787 968 1846 985 καυ-

1046 1004 1170 1043 χήσωμ.]
1185 1004 1245 1044 περὶ
1259 1005 1306 1039 τῆς
1321 1002 1438 1037 ἐξουσίας
1461 998 1493 1038 ἧς
1508 1001 1592 1031 ἔδωκέ
1608 1013 1655 1039 μοι
1671 1002 1685 1030 ὁ
1701 1001 1801 1040 Κύριος
1813 1003 1845 1031 εἰς

1047 1049 1205 1087 οἰκοδομὴν,
1230 1047 1275 1077 καὶ
1288 1048 1336 1077 οὐκ
1360 1048 1394 1080 εἷς
1409 1046 1578 1086 καθαίρεσιν,
1595 1047 1645 1074 οὐκ
1669 1045 1847 1084 αἰσχυνθήσο-

1049 1105 1109 1131 μαι.
1122 1103 1137 1122 n
1163 1094 1223 1123 Οὖκ
1239 1087 1297 1122 εἶπε
1310 1115 1317 1128 ,
1341 1091 1471 1125 Κολάζειν
1491 1091 1546 1130 ἔχω
1573 1089 1695 1124 ἐξουσίαν
1716 1090 1764 1118 καὶ
1787 1090 1847 1118 ἀπα

1048 1137 1180 1167 κτιννύναι
1195 1136 1263 1176 ἐγὼ,
1280 1137 1373 1166 ἐκεῖνοι
1385 1135 1412 1164 δὲ
1426 1136 1474 1165 οὖκ
1489 1135 1596 1176 ἔχουσιν
1610 1145 1616 1152 ·
1634 1134 1695 1162 ἀλλ’
1715 1135 1844 1163 exscul-

1053 1181 1140 1220 μένως
1163 1193 1178 1211 a
1194 1181 1326 1221 Περισσόν
1339 1193 1376 1211 τι.
1393 1193 1404 1206 ι
1419 1180 1473 1210 Καὶ
1487 1181 1532 1209 οὐκ
1546 1174 1637 1215 εἶπεν,
1651 1177 1720 1208 Ἐὰν
1737 1180 1844 1217 καυχῶ-

1050 1238 1115 1264 μαι,
1134 1226 1208 1262 ἆλλ’,
1240 1237 1255 1255 σ
1271 1225 1337 1254 Ἐὰν
1359 1225 1554 1264 καυχήσωμαι,
1569 1236 1583 1253 ι)
1613 1223 1771 1262 τουτέστινξ,
1786 1223 1846 1253 Ἐὰν

1051 1263 1172 1310 βουληθῶ
1186 1284 1197 1296 α
1213 1271 1274 1310 περὶ
1289 1272 1336 1305 τῆς
1351 1263 1486 1308 ἐξουσῖας,
1505 1269 1598 1309 φησὶν,
1611 1263 1642 1303 ἧς
1659 1267 1766 1297 δέδωκέ
1784 1280 1827 1305 μοι
1840 1270 1850 1295 IL

1051 1315 1146 1355 Κύριος
1159 1324 1166 1332 ’
1180 1327 1195 1344 υ
1212 1315 1292 1344 πάλιν
1305 1315 1334 1343 τὸ
1344 1319 1398 1344 πᾶν
1410 1314 1482 1353 αὐτῷ
1495 1313 1635 1346 ἀνατιθείς.
1648 1312 1777 1342 Ἐλαϐον
1789 1312 1815 1331 ³³

1049 1359 1148 1395 ταύτην
1159 1358 1232 1399 παρὰ
1243 1361 1313 1389 Θεοῦ
1322 1381 1330 1394 ,
1339 1357 1382 1387 ἵνα
1393 1359 1429 1391 εἷς
1440 1357 1487 1393 τὴν
1498 1357 1587 1399 πίστιν
1599 1358 1737 1395 οἰκοδομῶ
1750 1357 1849 1396 255975-

1051 1406 1101 1433 τῶν
1111 1426 1118 1440 ,
1134 1405 1183 1443 οὐχ
1196 1396 1239 1433 Ῠνα
1256 1403 1360 1437 κολάζω
1373 1402 1409 1432 ⁵³.
1426 1404 1490 1435 Πῶς
1504 1397 1548 1431 οὖν
1560 1396 1647 1438 εἶπες,
1669 1415 1683 1428 ι
1700 1401 1850 1441 Δογισμοὶις

1050 1451 1251 1489 καθαιροῦντες,
1276 1448 1341 1478 Ὅτι
1356 1448 1421 1477 αὐτὸ
1445 1450 1522 1476 τοῦτο
1553 1447 1671 1485 μάλιστα
1697 1447 1849 1484 οἰκοδομεῖ,

197 1495 299 1531 ﬁcatio,
330 1496 451 1524 marcida
476 1495 614 1530 demoliri,
651 1496 844 1531 obstaculaque
869 1496 993 1532 dejicere.

1095 1494 1221 1532 [πάντα]
1238 1493 1272 1523 τὰ
1296 1493 1381 1532 σαθρὰ
1407 1494 1562 1532 καθαιρεῖν,
1579 1492 1627 1521 καὶ
1651 1491 1685 1520 τὰ
1700 1492 1850 1529 κωλύματι

197 1541 344 1577 Quomodo
365 1540 446 1576 igitur
473 1540 538 1576 ipsis
553 1541 748 1573 interminaris,
776 1540 799 1567 si
823 1548 878 1567 non
893 1541 926 1567 in
947 1540 996 1568 dr—

197 1585 376 1612 structionem
395 1585 522 1619 accepisti
544 1586 724 1620 potestatem?
738 1584 876 1619 Praecipue
887 1584 998 1620 quidem

198 1629 232 1657 ad
246 1629 455 1657 aedificationem
477 1629 569 1664 accepi
587 1637 594 1655 :
609 1629 651 1656 sin
664 1628 808 1664 quisquam
822 1627 906 1656 fuerit
916 1628 994 1657 incu-

199 1673 305 1707 rabilis,
332 1672 510 1701 demolitione
534 1677 653 1700 utemur.
672 1672 698 1700 Si
716 1673 797 1708 igitur
815 1672 936 1706 voluero,
959 1673 998 1701 in-

198 1718 267 1753 quit,
287 1717 397 1753 gloriari
412 1717 486 1752 quod
506 1718 583 1744 Deus
603 1717 708 1753 aliquid
726 1716 846 1752 amplius
866 1716 934 1744 mihi
952 1717 997 1746 ἀε-

199 1762 280 1796 derit,
296 1765 325 1790 ut
338 1766 501 1798 potestatem
517 1762 632 1790 habeam
648 1761 833 1790 benefaciendi
852 1761 996 1797 imprimis,

200 1811 227 1836 et
249 1807 359 1844 quando
386 1814 477 1844 cogar,
498 1807 581 1835 etiam
601 1801 739 1843 puniendi,
778 1818 790 1831 ι
820 1814 876 1834 non
901 1808 996 1835 erube-

199 1861 286 1886 scam,
303 1863 316 1877 ι)
334 1852 386 1881 hoc
396 1857 446 1886 est,
462 1860 517 1881 non
537 1852 712 1881 monstrabor
733 1859 792 1880 esse
808 1851 928 1879 mendax
949 1857 998 1880 aut

199 1906 340 1934 arrogans.

236 1943 410 1979 297Vsns.
423 1945 462 1970 9-l
470 1944 495 1970 ι.
511 1951 525 1969 ιι
534 1943 574 1970 Ut
583 1950 639 1970 non
653 1942 793 1970 existimer
803 1947 932 1980 tanquam
943 1947 996 1971 ter-

200 1996 260 2016 rere
267 1995 316 2015 vos
325 1995 370 2022 per
379 1987 517 2022 epistolas.
531 1987 667 2020 Quoniam
682 1986 794 2021 quidem
811 1987 943 2023 epistolae,
954 1987 996 2015 in-

200 2033 259 2068 quit
278 2040 372 2068 graves
387 2035 452 2059 sunt
463 2035 490 2058 et
502 2030 598 2065 fortes,
614 2031 756 2066 prmsentia
770 2036 862 2060 autem
872 2033 997 2068 corporis

200 2077 319 2110 infirma,
331 2080 358 2104 et
369 2083 462 2104 sermo
473 2075 697 2111 contemptibilis.
709 2077 770 2103 Hoc
787 2080 880 2104 autem
893 2077 996 2112 cogitet

200 2121 246 2157 qui
260 2120 395 2156 ejusmodi
415 2123 465 2154 est,
483 2119 558 2156 quod
578 2120 672 2156 quales
692 2128 789 2148 sumus
802 2128 929 2149 sermone
949 2129 996 2157 per

1051 1538 1241 1568 καταϐάλλειν,
1256 1539 1318 1571 Πῶς
1332 1537 1376 1567 οὖν
1392 1538 1480 1570 αὐτοῖς
1501 1537 1632 1574 ἀπειλεῖς,
1647 1537 1672 1565 εἷ
1686 1537 1739 1565 οὐκ
1757 1537 1852 1574 ἔλαϐε,

1051 1583 1087 1616 εἷς
1107 1583 1259 1622 καθαίρεσιν
1274 1582 1322 1618 τὴν
1345 1582 1485 1618 ἐξουσίαν;
1516 1580 1736 1622 Προηγουμένως
1756 1582 1806 1619 μὲν
1825 1583 1852 1613 εἰς

1051 1627 1190 1665 οἰκοδομὴν
1203 1627 1299 1656 ἔλαϐον
1311 1638 1318 1645 ·
1339 1627 1384 1656 ἐὰν
1399 1627 1428 1656 δέ
1442 1638 1480 1659 τις
1495 1627 1600 1659 ἀνίατος
1614 1621 1644 1661 ἧ,
1662 1627 1710 1654 καὶ
1794 1629 1852 1655 καθ·
1875 1647 1876 1651 η

1052 1674 1150 1711 αιρέσει
1176 1672 1342 1712 χρησόμεθα.
1372 1671 1440 1701 Ἐὰν
1465 1665 1508 1701 οὖν
1531 1670 1657 1706 θελήσω,
1684 1665 1772 1710 “vi,
1796 1683 1850 1700 xan-

1050 1718 1187 1756 χήσασθαι
1199 1717 1240 1747 ὅτι
1255 1718 1268 1746 ὁ
1282 1716 1352 1750 Θεὸς
1365 1716 1443 1746 πλέον
1460 1728 1485 1745 τι
1502 1715 1600 1745 δέδωκέ
1612 1727 1674 1754 μοι,
1689 1714 1770 1745 ὥστε
1786 1716 1850 1750 ἐξου-

1052 1763 1111 1792 σίαν
1140 1762 1210 1802 ἔχειν
1239 1773 1272 1800 με
1307 1761 1352 1790 καὶ
1376 1761 1521 1801 εὐεργετεῖν
1556 1761 1786 1800 προηγουμένως,
1815 1773 1850 1789 καί

1051 1807 1113 1836 ὅταν
1137 1807 1286 1843 ὶκϐιασθῶ,
1316 1806 1446 1844 κολάζειν,
1469 1817 1483 1834 u
1502 1806 1549 1834 οὐκ
1564 1805 1790 1844 αἰσχυνθήσομαι
1806 1816 1812 1823 ·
1838 1817 1847 1832 s

1051 1851 1195 1888 τουτέστιν,
1205 1852 1246 1882 Οὐ
1259 1850 1435 1891 δειχθήσομαι
1449 1849 1564 1890 ψεύστης
1575 1849 1593 1885 ἢ
1609 1850 1731 1884 ἀλαζών.

1095 1952 1111 1971 ιι
1123 1940 1184 1971 Ἵνα
1201 1941 1238 1979 μὴ
1257 1940 1323 1975 δόξω
1337 1942 1371 1974 ὡς
1387 1940 1419 1968 ἂν
1435 1939 1555 1980 ἐκφοϐεῖν
1572 1941 1642 1978 ὓμᾶς
1665 1939 1710 1968 διὰ
1731 1941 1789 1969 τῶν
1802 1941 1849 1969 ἔτι·

1051 1987 1162 2015 στολῶν.
1180 1984 1246 2016 Ὀτι
1271 1986 1299 2014 αἱ
1326 1985 1374 2024 μὲν
1402 1985 1555 2021 ἐπιστολαὶ,
1578 1984 1654 2024 φησὶ,
1681 1985 1796 2023 βαρεῖαι
1815 1997 1851 2013 ιῖε

1050 2030 1157 2070 ἰσχυραί
1170 2043 1175 2048 ·
1191 2032 1208 2065 ἡ
1222 2030 1249 2059 δὲ
1264 2030 1397 2070 παρουσία
1416 2032 1463 2058 τοῦ
1488 2029 1612 2067 σώματος
1627 2029 1764 2067 ἀσθενὴς,
1786 2030 1828 2058 καὶ
1843 2032 1851 2056 5

1049 2075 1123 2113 λόγος
1147 2074 1357 2113 ἐξουθενημένος.
1369 2075 1457 2104 Τοῦτο
1477 2073 1505 2104 δὲ
1528 2073 1672 2113 λογιζέσθω
1687 2075 1701 2103 ὁ
1723 2078 1849 2105 τοιῶτος.

1050 2119 1091 2149 ὅτι
1120 2115 1168 2149 οἶοί
1198 2120 1277 2158 ἐσμεν
1307 2120 1346 2159 τῷ
1371 2117 1443 2159 λόγῳ
1478 2119 1512 2148 δι’
1548 2119 1695 2148 ἐπιστολῶν
1727 2120 1850 2151 ἀπόντες,

201 2165 329 2201 epistolas
352 2165 487 2199 absentes,
516 2164 582 2192 tales
606 2165 688 2193 etiam
719 2173 816 2193 sumus
847 2169 993 2200 praesentes

1088 2167 1165 2194 ,οὗτοι
1180 2163 1225 2193 καὶ
1248 2163 1374 2204 παρόντες
1395 2165 1433 2203 τῷ
1455 2163 1535 2204 ἔργῳ.
1553 2162 1615 2193 »⁸0
1636 2163 1722 2200 λέγει,
1738 2163 1849 2193 tot.qu

202 2219 292 2246 opere.
314 2222 326 2234 ι
340 2210 421 2245 Quod
437 2210 474 2238 ait
487 2209 699 2245 esthujusmodi
719 2218 726 2238 :
748 2210 903 2238 Potuissem
917 2210 997 2246 equi-

201 2255 262 2282 dem
272 2255 394 2291 gloriari,
407 2254 455 2284 sed
469 2262 504 2282 ne
515 2253 607 2282 videar
627 2258 728 2282 terrere
749 2262 798 2283 vos
817 2262 866 2290 per
877 2255 996 2289 litteras,

201 2299 434 2334 quemadmodum
457 2298 554 2327 dicunt
569 2298 615 2333 qui
645 2307 689 2326 me
705 2299 908 2327 calumniantur
929 2307 935 2326 ;
964 2300 995 2326 lu

202 2344 321 2380 epistolis
334 2344 444 2380 grandis
456 2348 505 2377 est,
520 2347 548 2371 et
562 2343 699 2370 horrenda
713 2343 826 2371 scribit:
842 2343 888 2371 ubi
904 2347 996 2371 autem

202 2388 350 2422 advenerit,
365 2388 535 2423 despicabilis
556 2391 584 2415 et
601 2387 814 2423 contemptibilis
834 2392 886 2422 est,
905 2387 996 2424 argui-

204 2436 302 2468 turque
321 2440 376 2460 non
402 2440 460 2460 esse
481 2432 542 2460 talis
562 2432 649 2468 qualis
681 2435 722 2460 est
744 2432 772 2459 in
793 2432 902 2468 scriptis
929 2433 995 2460 suis.

204 2478 306 2504 Verum
333 2481 462 2513 agnoscat
485 2477 608 2512 quisquis
632 2479 674 2504 est
688 2477 734 2512 qui
749 2476 811 2504 talia
829 2476 903 2511 dicit,
923 2476 998 2513 quod

203 2529 256 2550 non
268 2522 358 2550 solum
373 2521 485 2558 grandia
496 2521 714 2554 interminamur,
729 2528 825 2549 verum
836 2521 918 2549 etiam
932 2529 998 2550 cum

202 2571 350 2602 prmsentes
364 2565 506 2601 fuerimus,
528 2565 619 2594 minas
640 2565 674 2594 ad
699 2564 832 2594 effectum
847 2566 997 2603 perducere

202 2620 353 2647 poesumus.

238 2661 329 2688 Vens.
342 2662 385 2687 l2.
407 2670 418 2682 ει
432 2659 496 2687 Non
507 2657 583 2687 enim
592 2657 727 2687 audemus
735 2657 856 2686 inserere
863 2661 911 2686 aut
922 2665 997 2685 com-

1052 2210 1123 2238 ἐστιν
1137 2221 1144 2227 ⁸
1164 2208 1322 2247 Ἢόυνάμην
1348 2207 1549 2248 καυχήσασθαι,
1573 2207 1635 2237 ἀλλ’
1648 2207 1761 2248 ῖναγμὴ
1793 2207 1849 2240 δόξω

1052 2252 1092 2283 ὅτι
1120 2253 1224 2293 ἐκφοϐῶ
1248 2255 1317 2291 ὑμᾶς
1345 2253 1388 2283 διὰ
1402 2247 1465 2282 τῶν
1479 2252 1666 2291 γραμμάτων,
1683 2247 1729 2281 οἶα
1758 2252 1793 2287 δὴ
1810 2254 1849 2281 λέ-

1050 2309 1138 2338 γουσιν
1153 2299 1178 2328 οἱ
1194 2298 1380 2331 διαϐάλλοντές
1405 2309 1450 2336 με,
1465 2296 1506 2326 ὅτι
1522 2297 1662 2335 Κομπάζει
1677 2297 1704 2326 ἐν
1719 2298 1785 2330 ταῖς
1800 2298 1848 2325 ἑπι-

1051 2344 1169 2378 στολαῖς,
1186 2342 1232 2372 καὶ
1255 2342 1355 2383 φοϐερὰ
1378 2342 1543 2372 ἐπιστέλλει·
1565 2341 1786 2381 παραγενόμενος
1808 2341 1848 2383 δέ,

1051 2381 1278 2427 εὐκαταφρόνητός
1307 2381 1382 2424 ἐστι,
1420 2386 1466 2416 καὶ
1492 2386 1632 2426 ἐλέγχεται
1661 2387 1698 2424 μὴ
1732 2385 1773 2415 ὣν
1804 2381 1848 2427 oio;

1052 2426 1257 2472 ﬁdosﬁdnd
1285 2431 1457 2470 γινωσκέτω,
1482 2430 1580 2471 φησὶν,
1605 2430 1713 2464 dare“
1744 2431 1781 2460 ἂν

1051 2479 1135 2506 ταῦτα
1147 2477 1247 2516 λέγων,
1261 2475 1302 2506 ὅτι
1323 2477 1352 2506 οὗ
1369 2476 1446 2512 μένον
1471 2477 1634 2514 ἀπειλοῧμεν
1653 2474 1758 2515 βαρέα,
1784 2474 1844 2504 illi

1052 2522 1097 2551 καὶ
1121 2522 1255 2561 δυνάμεθα
1286 2521 1414 2562 παρόντες
1437 2521 1472 2554 εἰς
1491 2519 1568 2561 ἔργον
1596 2521 1644 2554 τὰς
1669 2521 1785 2554 ἀπειλὰς
1811 2519 1844 2552 ἐξ·

1052 2579 1177 2607 ενεγκειν.

1093 2665 1107 2679 ιι
1123 2653 1165 2682 Οὐ
1190 2651 1242 2692 γὰρ
1265 2652 1406 2691 τολμῶμεν
1425 2651 1544 2693 ἔγκρῖναι
1567 2650 1586 2687 ἢ
1612 2654 1754 2692 συγκρῖναι
1781 2651 1844 2679 ἰαυ-

897 2702 991 2731 Variae
1011 2702 1161 2732 lectiones.

238 2754 259 2770 ί⁰
273 2753 396 2780 αἰνίττεται
431 2761 458 2781 0.

201 2796 221 2811 ⁵³
236 2793 288 2825 oio;
302 2803 327 2822 ο.

509 2753 528 2770 ⁵¹
560 2753 708 2788 λαμϐανέτω
737 2761 763 2780 0.
803 2753 824 2768 δ*
854 2751 977 2786 ἐλάϐομεν
1005 2759 1032 2778 0.

1079 2750 1102 2768 ⁸³
1121 2750 1294 2787 οἶκοδομῶμεν
1325 2749 1523 2787 εὗεργετοῠντες,
1546 2751 1590 2786 οὖχ
1615 2751 1656 2776 ἵνα
1684 2749 1838 2784 κολάζωμεν.
