1877 3081
17 157 69 184 905

16 218 88 252 τούξ
100 229 156 248 τισι
179 219 231 247 τῶν
259 217 368 251 ἑαυτοὺς
383 217 601 247 συνιστανόντων.
633 227 648 243 ι
673 215 808 245 Ἐνταῦθα
823 214 850 246 Α

16 262 148 297 ἀλαζόνας
171 262 300 292 δείκνυσιν
321 261 398 295 ὄντας
413 261 540 297 ἐκείνους,
565 260 611 290 καὶ
632 260 737 299 μεγάλα
753 261 814 301 περὶ

16 310 118 338 ἑαυτῶν
137 307 334 347 καυχωμένους.
356 307 446 344 Φησὶν
461 302 522 342 οὖν,
547 306 588 336 ὅτι
614 317 627 334 «
646 307 686 336 Οὐ
702 306 811 342 τολμῶ-

17 365 64 391 μεν
80 355 160 391 ἡμεῖς
177 353 294 392 ἕγκρῖναι
321 352 445 390 ἑαυτοὺς,
459 366 470 377 ιι
492 351 628 387 τουτέστι,
650 353 815 390 συναριθμῆ-

16 409 78 426 om.
95 411 107 423 ι
125 397 143 433 ἢ
167 401 319 436 συγκρῖναι,
336 411 348 423 ιι
374 396 508 426 τουτέστιν
530 396 570 432 ⁵⁵,
597 396 814 434 ἀντιπαραθεῖναι

17 442 125 476 ἑαυτοὺς
137 443 192 471 τισὶ
207 441 305 471 τούτων
323 443 374 471 τῶν
389 441 496 474 ἑαυτοὺς
512 440 698 470 ἐπαινούντων.

59 499 74 514 α
100 487 170 517 Ἀλλ’
205 487 278 516 αὐτοὶ
307 489 334 516 ἐν
365 488 467 519 ἑαυτοῖς
502 485 608 518 ἑαυτοὺς
645 487 814 523 μετροῦντες,

17 532 61 560 καὶ
93 531 273 572 συγκρίνοντες
299 531 407 564 ἑαυτοὺς
435 531 551 566 ἑαυτοῖς,
577 531 606 559 οὖ
633 533 775 558 συνιοῦσιν.
803 543 814 555 ιι

20 576 152 614 Ἐκεῖνοι,
179 577 276 616 φησὶν,
299 577 346 605 οὐκ
365 575 466 609 ἀξιοῦσι
481 575 546 615 πρός
561 587 636 606 τινας
663 575 750 603 ἄλλων
767 575 814 603 ἀν-

18 620 130 660 Θρὼπων
168 622 354 659 συγκριθῆναι,
381 621 442 649 ἀλλ’
472 620 547 649 αὐτοὶ
575 620 676 651 ἑαυτοῖς
705 619 815 659 συγκρί-

18 677 106 694 νονται
123 665 169 695 καὶ
189 665 356 703 ἁμιλλῶνται
380 665 445 704 πρὸς
473 664 623 701 ἀλλήλους,
639 663 684 692 καὶ
706 665 752 692 οὐκ
772 665 814 692 αἶ-

19 710 159 739 σθάνονται
172 711 230 743 πῶς
253 711 304 739 εἰσι
326 710 522 748 καταγέλαστοι
535 711 644 738 τοιαῦτα
661 708 814 741 ἀλαζονευό-

20 766 103 792 μενοι,
134 752 272 788 Ἕκαστος
303 753 354 794 γὰρ
381 753 474 783 ἑαυτὸν
506 753 620 792 κρείττω
650 752 748 790 λέγων,
772 753 815 782 τὸν

17 799 105 838 ἕτερον
130 798 315 828 καταϐάλλει·
345 799 390 827 καὶ
420 798 488 828 οὕτω
515 799 612 830 πάντες
639 798 671 826 δι’
692 797 814 833 ἀλλήλων

455 153 631 182 EXPOSITIO
652 152 682 180 IN
703 151 808 179 EPIST.
831 150 851 177 ll
871 151 917 178 AD
937 151 1015 179 COR.
1034 167 1070 172 —
1088 153 1162 181 CAP.
1183 155 1213 181 X.

1612 156 1664 182 906

864 220 960 248 parare
981 223 1032 242 nos
1046 215 1208 251 quibusdam
1221 216 1268 252 qui
1288 216 1392 252 seipsos
1420 216 1626 244 commendant.
1650 228 1662 240 υ

867 260 920 286 llic
934 259 994 287 illos
1008 265 1169 296 arrogantes
1181 269 1240 288 esse
1255 261 1384 294 ostendit,
1397 269 1427 288 ac
1443 262 1527 288 multa
1541 262 1665 297 adeoque

867 312 964 340 magna
979 305 1013 332 de
1029 305 1124 341 seipsis
1132 305 1277 341 jactantes.
1293 307 1364 333 Dicit
1384 306 1466 341 igitur
1481 315 1487 332 :
1513 317 1523 329 -
1538 307 1594 333 Nos
1608 314 1664 333 non

867 350 1000 377 audemus
1011 350 1128 378 inserere
1142 351 1279 386 nosipsos,
1297 362 1309 374 ι
1324 350 1376 378 hoc
1393 354 1434 377 est
1450 358 1648 377 connumerare
1659 371 1666 383 ,

869 406 881 418 κ
897 394 937 421 vel
949 402 1121 430 comparare,
1136 406 1148 419 ι
1160 395 1212 423 hoc
1224 399 1279 427 est,
1290 402 1428 431 opponere
1442 403 1492 422 nos
1502 394 1664 430 quibusdam

868 446 964 467 eorum
979 440 1025 475 qui
1041 440 1144 476 seipsos
1158 440 1314 476 praedicant.

905 496 917 507 ‹‹
941 484 994 512 Sed
1017 485 1066 520 ipsi
1086 485 1115 512 in
1134 485 1230 520 seipsis
1243 486 1348 520 seipsos
1363 485 1522 518 metientes,
1543 488 1569 512 et
1588 491 1665 512 com-

867 533 993 564 parantes
1014 530 1116 564 seipsos
1138 530 1273 566 sibiipsis,
1295 538 1349 557 non
1374 529 1541 565 intelligunt.
1569 540 1581 552 ιι
1605 529 1664 561 llli,

868 573 972 609 inquit,
984 573 1018 601 ad
1033 575 1192 610 quempiam
1211 575 1327 602 aliorum
1341 574 1460 602 conferri
1478 582 1534 601 non
1554 573 1667 609 dignan-

870 621 924 650 tur,
949 617 994 645 sed
1020 618 1069 654 ipsi
1086 618 1203 654 sibiipsis
1228 619 1417 650 conferuntur,
1440 626 1589 653 secumque
1616 617 1665 653 ipsi

869 667 973 690 cortaut
986 670 1050 699 erga
1062 671 1091 690 se
1106 667 1218 696 mutuo,
1233 672 1282 691 nec
1301 664 1423 691 sentiunt
1437 671 1520 700 quam
1536 663 1590 690 sint
1600 662 1666 690 ridi-

869 707 921 734 culi
932 707 967 734 ita
977 715 1036 735 sese
1050 711 1228 736 ostentantes.
1246 708 1444 744 Unusquisque
1457 708 1531 735 enim
1545 707 1664 742 seipsum

868 752 1009 780 meliorem
1023 752 1128 785 dicens,
1140 753 1255 780 alterunt
1269 752 1374 789 dejieit,
1384 753 1477 788 sicque
1485 760 1582 780 omnes
1596 752 1667 779 inter

868 804 897 823 se
917 801 1014 824 mutuo
1034 797 1153 832 insignes
1168 797 1302 825 videntur.
1322 797 1401 832 Quod
1416 805 1499 833 quam
1519 796 1666 824 ridiculum

19 844 152 882 εὐδόκιμοι
175 844 313 884 φαίνονται
327 853 334 860 ”
365 842 428 883 ὅπερ
452 844 553 882 γελοῖον
574 842 602 872 ὂν
618 844 660 881 ςοῦ
683 845 814 872 συνιοῦσιν
833 839 858 871 Β
872 842 891 868 Si

913 863 920 874 ,
935 842 985 877 ipsi
1000 850 1055 869 non
1069 842 1231 878 intelligunt.

21 889 96 918 αὐτοί
100 911 108 919 .

61 947 74 960 α
100 933 195 972 Ἡμεῖς
215 934 243 963 δὲ
268 935 316 963 οὐκ
332 934 368 967 εἷς
389 933 423 962 τὰ
450 933 552 972 ἄμετρα
579 933 780 972 καυχησόμεθα.
801 947 812 959 ιι

19 979 134 1008 Ἐκεῖνοι
146 980 196 1017 γὰρ
211 979 290 1018 τυχὸν
312 979 493 1016 κομπάζοντες
508 978 596 1017 ἔλεγον
610 1001 618 1015 ,
635 978 675 1006 ὅτι
692 977 761 1017 Πρὸς
783 977 817 1006 τὰ

19 1023 122 1062 πέρατα
150 1026 197 1056 τῆς
233 1026 282 1063 γῆς
312 1024 476 1063 ἀφικόμεθα,
511 1022 557 1052 καὶ
585 1022 632 1057 τὴν
661 1022 816 1061 οἰκουμένην

20 1068 229 1108 ἐπεστρέψαμεν.
248 1068 316 1097 Ἀλλ’
327 1070 404 1105 ἡμεῖς
419 1069 468 1107 οὐχ
478 1067 560 1102 οὕτω,
572 1067 660 1107 φησίν.

61 1124 77 1141 α
94 1107 174 1142 Ἀλλὰ
199 1112 267 1142 κατὰ
287 1112 316 1141 τὸ
339 1111 435 1151 μέτρον
454 1115 500 1141 τοῦ
527 1113 648 1147 κανόνος,
677 1107 707 1140 οὖ
727 1112 816 1151 ἐμέρι-

19 1169 60 1186 σεν
77 1157 105 1175 ⁵⁸
134 1159 198 1195 ἡμῖν
227 1159 242 1186 ὁ
267 1157 335 1189 Θεὸς
363 1157 475 1195 μέτρου,
506 1157 642 1196 ἐφικέσθαι
673 1157 735 1195 ἄχρι
772 1157 817 1185 καὶ

21 1204 107 1239 ὑμῶν.
126 1215 138 1228 υ
153 1200 263 1242 Ὠσπερ
275 1206 400 1241 γεωργοῖς
413 1203 560 1238 ἀμπελῶνα
575 1202 683 1240 διαιρῶν
701 1203 714 1230 ὁ
732 1202 815 1240 θεὸς,

21 1246 87 1276 οὕτω
124 1246 169 1275 καὶ
199 1249 264 1284 ἡμῖν
302 1248 355 1280 τοῖς
384 1247 541 1277 ἀποστόλοις
576 1245 624 1281 τὴν
662 1246 817 1283 οἰκουμένην

21 1291 165 1331 ἀφώρισεν.
200 1291 276 1321 Κατὰ
303 1285 347 1319 οὖν
380 1291 410 1320 τὸ
439 1290 533 1330 μέτρον
558 1293 604 1319 τοῦ
632 1290 756 1328 κανόνος,
788 1286 817 1319 οἷ

19 1336 141 1376 ἐμέρισεν
165 1338 228 1374 ἡμῖν
244 1337 258 1364 ὁ
281 1335 362 1371 Θεὸς,
390 1335 597 1374 καυχησόμεθα.
617 1336 698 1365 Ποῖον
713 1335 741 1364 δέ
763 1336 818 1364 ἐστι

20 1381 47 1409 τὸ
73 1381 186 1419 μάτρως
210 1381 265 1417 Τὸ,
294 1391 308 1408 (ι
331 1379 423 1420 Ἀλρις
452 1381 528 1418 ὑμῶν
560 1380 712 1419 ἀφικέσθαι.
741 1379 818 1409 Ἐπεὶ

21 1420 62 1454 οὖν
96 1426 172 1454 τοῦτό
197 1427 266 1454 ἐστιν
290 1427 369 1464 ἡμῶν
390 1424 420 1453 τὸ
440 1425 551 1464 μέτρον,
579 1425 643 1464 ἄχρι
672 1425 716 1454 καὶ
744 1426 817 1462 ὑμῶν

22 1469 197 1510 καυχώμεθα.

906 938 996 964 Vnus.
1015 940 1055 964 13.
1070 948 1081 960 ‹ι
1096 939 1155 964 Nos
1166 941 1258 964 autem
1273 944 1329 964 non
1346 937 1371 964 in
1387 936 1552 964 immensum
1569 937 1666 973 gloria-

872 981 972 1008 bimur.
991 993 1003 1004 ν
1026 982 1066 1008 11Ιί
1079 982 1151 1008 enim
1172 981 1289 1008 fortasse
1303 981 1450 1016 gloriantes
1463 981 1607 1013 dicebant,
1622 981 1665 1009 Ad

872 1026 938 1053 ﬁnes
955 1031 1032 1054 terra:
1047 1027 1220 1059 accessimus,
1233 1026 1383 1062 orbemque
1399 1030 1534 1053 terrarum
1549 1034 1663 1054 conver-

870 1072 966 1098 timus.
980 1074 1017 1099 Α(
1033 1079 1082 1098 nos
1096 1079 1151 1098 non
1166 1071 1218 1103 sic,
1233 1071 1330 1107 inquit.

911 1126 923 1141 α
943 1115 996 1143 Sed
1015 1116 1094 1151 juxta
1117 1123 1277 1144 mensuram
1307 1116 1407 1152 regulae
1427 1123 1480 1152 qua
1495 1116 1576 1143 nobis
1591 1117 1666 1143 Deus

872 1161 988 1196 partitus
1007 1166 1045 1188 est
1061 1169 1233 1194 mensuram,
1250 1161 1416 1196 pertingeudi
1432 1169 1517 1196 usque
1526 1160 1561 1188 ad
1576 1168 1632 1188 vos.
1652 1172 1664 1184 ι

871 1205 1109 1240 Quemadmodum
1132 1206 1238 1233 colonis
1254 1206 1360 1233 vineam
1383 1206 1457 1233 Deus
1470 1205 1579 1239 dividit,
1594 1205 1667 1233 hunc

871 1250 905 1277 ad
922 1250 1035 1278 modum
1051 1251 1130 1277 nobis
1144 1251 1275 1286 apostolis
1293 1250 1348 1278 suis
1363 1254 1499 1278 terrarum
1514 1250 1608 1277 orbem
1621 1258 1667 1278 se-

871 1295 1001 1330 gregavit.
1019 1295 1174 1323 Secundum
1191 1295 1273 1331 igitur
1294 1303 1450 1323 mensuram
1466 1294 1566 1330 regula:
1585 1302 1667 1330 quam

872 1340 986 1374 partitus
1009 1344 1050 1367 est
1071 1340 1151 1367 nobis
1175 1341 1264 1373 Deus,
1288 1340 1478 1375 gloriabimur.
1505 1339 1599 1374 Qualis
1626 1343 1668 1367 est

871 1389 962 1412 autem
971 1393 1097 1412 mensura
1107 1387 1118 1412 ?
1128 1397 1140 1408 κ
1151 1386 1189 1412 Ut
1200 1385 1355 1420 perveniam
1366 1384 1488 1420 adusque
1499 1391 1555 1411 vos.
1571 1396 1582 1407 ν
1592 1385 1668 1411 Post-

870 1437 954 1464 quam
965 1429 1047 1464 igitur
1060 1429 1119 1456 hanc
1130 1433 1223 1457 nostra
1239 1437 1300 1465 pars
1312 1434 1366 1463 est,
1381 1429 1414 1456 ad
1427 1436 1474 1456 vos
1482 1429 1567 1456 etiam
1583 1436 1668 1463 usque

871 1473 1028 1508 gloriamur.

61 1529 72 1541 ι
91 1514 132 1545 Οὐ
144 1514 196 1554 γὰρ
212 1515 246 1547 ὡς
257 1558 263 1563 Ι
275 1513 311 1552 μὴ
339 1514 525 1563 αἷφικνούιμενοι
541 1515 583 1563 Αείς
611 1516 679 1552 ὑμᾶς
705 1516 816 1563 ὑπερεκ-
836 1531 859 1563 C

908 1519 996 1546 Vens.
1020 1521 1061 1546 14.
1081 1530 1093 1542 «ι
1109 1519 1170 1546 Non
1186 1519 1258 1546 enim
1273 1518 1350 1554 quasi
1363 1526 1418 1545 non
1435 1518 1622 1553 pertingentes
1634 1516 1668 1545 ad

21 1559 141 1597 τείνομεν
171 1558 294 1592 ἑαυτούς·
318 1558 397 1598 μέχρι
425 1558 476 1599 γὰρ
505 1558 549 1588 καὶ
576 1560 649 1596 ὑμῶν
667 1558 817 1598 ἐφθάσαμεν

23 1604 47 1632 ἐν
58 1606 98 1643 τῷ
115 1603 270 1644 Εὖαγγελίῳ
294 1606 338 1632 τοῦ
354 1605 479 1643 Χριστοῦ.
498 1618 509 1629 ι
533 1604 607 1636 Εἰκὸς
624 1599 656 1638 ἦν
679 1603 736 1636 τοὺς
751 1605 816 1643 ψευ-

23 1648 200 1682 δαποστόλους
241 1647 286 1677 καὶ
313 1647 373 1677 ἄνευ
403 1648 512 1687 κηρύξαι
531 1648 554 1665 ⁵⁷
591 1649 820 1687 παραγενομένους

21 1692 203 1729 ὁπουδήποτε,
229 1694 259 1722 ἐκ
282 1694 328 1728 τῆς
357 1694 436 1733 ψιλῆς
473 1693 616 1730 ἐπιδημίας
652 1694 818 1731 κομπάζειν,

20 1739 64 1766 καὶ
90 1738 122 1766 τὸ
139 1742 192 1766 πᾶν
210 1738 312 1770 ἑαυτοῖς
335 1738 494 1776 λογίζεσθαι.
524 1738 614 1773 Φησὶν
633 1733 677 1766 οὖν
701 1741 714 1767 ὁ
741 1737 820 1766 ’Λπόο

21 1783 115 1814 στολος
126 1805 134 1818 ,
151 1781 190 1811 ὅτι
206 1783 268 1822 Οὐχ
284 1783 319 1814 ὡς
335 1783 372 1819 μὴ
389 1782 535 1822 φθάσαντες
551 1785 586 1815 εἰς
614 1783 695 1820 ὑμᾶς,
711 1784 820 1820 ὑπερεκ-

22 1827 142 1864 τείνομεν
167 1827 283 1860 ἑαυτούς.
301 1838 316 1854 ι
331 1826 505 1866 Ἐφθοὶσαμεν
523 1826 587 1866 γὰρ,
607 1838 620 1855 ιι
646 1828 695 1866 οὐχ
710 1827 818 1862 ἁπλῶς,

22 1873 96 1908 ἀλλ’,
117 1882 131 1899 (ι
147 1872 172 1900 ἐν
189 1873 226 1910 τῷ
244 1871 400 1911 Εὐαγγελίῳ
421 1875 466 1900 τοῦ
481 1873 614 1911 Χριστοῦ·
633 1885 645 1897 υ
664 1871 798 1900 τουτέστιν
810 1894 817 1907 ,

22 1917 81 1956 οὐχὶ
106 1917 190 1956 ψιλῶς
217 1916 444 1954 ἐπιδημήσαντες,
475 1918 509 1949 ὥς
536 1917 644 1953 ἐκεῖνοι,
673 1917 741 1945 ἀλλὰ
775 1917 821 1945 καὶ

23 1961 91 1999 μετὰ
108 1963 153 1990 τοῦ
165 1961 194 1990 τὸ
211 1961 372 2000 Εὖαγγέλιον
388 1960 538 2000 κηρύττειν.

65 2021 77 2031 κ
105 2007 166 2036 Οὔκ
186 2007 222 2038 εἷς
246 2005 279 2034 τὰ
297 2005 399 2045 ἄμετρα
426 2005 594 2046 καυχώμενοι
618 2007 645 2035 ἐν
676 2005 822 2045 ἀλλοτρίοις

24 2051 130 2086 κόποις,
152 2050 246 2080 ἐλπίδα
262 2050 289 2079 δὲ
304 2050 424 2090 ἔχοντες,
442 2050 621 2088 αὐξανομένης
641 2053 688 2086 τῆς
708 2050 822 2084 πίστεως

25 2097 96 2132 ὑμῶν
106 2118 113 2132 ,
128 2096 156 2124 ἐν
183 2097 244 2133 ὑμῖν
271 2096 466 2134 μεγαλυνθῆναι
482 2095 552 2124 κατὰ
566 2096 610 2125 τὸν
625 2095 724 2125 κανόνα
745 2097 821 2134 ἡμῶν

25 2142 58 2172 εἰς
73 2139 242 2180 περισσείαν·
267 2141 302 2172 εἰς
327 2139 361 2168 τὰ
385 2139 575 2180 ὁπερεπέκεινα
603 2142 677 2178 ὑμῶν
706 2141 823 2179 Εὐαγγι-

25 2184 159 2220 λέξασθαι,
191 2186 238 2214 οὐκ
264 2185 291 2213 ἐν
315 2185 446 2225 ἀλλοτρίῳ
472 2185 579 2221 κανόνι,
609 2187 644 2218 εἰς
668 2185 702 2214 τὰ
730 2185 822 2223 ἕτοιμα

26 2229 224 2269 καυιήσασθαι.
249 2240 264 2259 )›
296 2228 441 2270 Ἐμφαίνει
474 2229 586 2263 ἐκείνους
620 2229 820 2268 καλλωπιζομέ-

26 2285 83 2307 νους
94 2274 150 2308 τοῖς
172 2275 225 2304 τῶν
248 2273 402 2303 ἀποστόλων
424 2274 531 2311 κόποις,
555 2274 600 2303 καὶ
615 2279 653 2307 είς
669 2274 701 2303 τὰ
717 2274 820 2314 ἄμετρα

27 2319 229 2359 καυχωμένους·
253 2319 401 2355 τουτέστιν,
425 2319 605 2359 ὑπερϐολικῶς
627 2319 671 2348 καὶ
695 2320 721 2348 ἐν
738 2320 819 2348 ἀλλο-

27 2364 107 2402 τρίοις
141 2363 242 2396 κόποις.
275 2363 344 2394 Ἀλλ’
373 2365 423 2403 οὔχ
457 2365 533 2402 ἡμεῖς
564 2363 659 2396 οὕτως·
690 2365 749 2393 ἀλλ’
774 2363 822 2396 ἕως

28 2409 102 2445 υμῶν
130 2409 293 2448 φθάσαντες,
335 2407 428 2448 μέχρις
459 2409 532 2447 ὑμῶν
573 2409 818 2448 παῤῥησιαζόμεθα.

28 2452 187 2490 Ἐλπίζομεν
215 2452 257 2489 δὲ,
280 2454 316 2486 εἰς
331 2453 374 2482 τὸν
390 2452 459 2484 Θεὸν
485 2453 587 2488 δηλαδὴ
616 2453 659 2493 (οὐ
681 2453 732 2493 γὰρ
755 2454 823 2484 ἀπο-

30 2497 165 2535 φαίνεσθαι
187 2497 275 2526 εἴωθεν
297 2499 312 2526 ὃ
338 2497 473 2537 Παῦλος),
502 2497 543 2527 ὅτι
572 2498 669 2530 ἱκανῶς
689 2499 758 2536 ὑμᾶς
781 2501 823 2527 δι-

31 2541 166 2577 δάξαντες,
186 2542 232 2571 καὶ
263 2541 421 2577 αὐξήσαντες
447 2542 494 2577 τὴν
518 2542 609 2571 πίστιν
640 2543 730 2580 ὑμῶν,
755 2541 824 2572 ὥστε

33 2586 225 2624 μεγαλυνθῆναί
253 2597 286 2625 με
314 2587 340 2616 ἐν
367 2588 438 2624 ὑμῖν.
466 2587 536 2617 Τότε
569 2586 620 2626 γὰρ
650 2586 825 2626 μεγαλύνεται

32 2631 45 2657 ὁ
84 2631 253 2667 διδάσκαλος,
294 2631 357 2660 ὅταν
391 2631 491 2671 αὖξάνῃ
528 2631 561 2660 τὰ
594 2632 646 2660 τῶν
685 2634 825 2670 μαθητῶν,

33 2674 77 2704 καὶ
102 2676 117 2703 ὁ
143 2675 228 2705 κανὼν
266 2676 346 2705 αὐτοῦ
375 2677 409 2709 εἷς
448 2675 600 2716 περισσείαν
622 2676 646 2693 ⁵⁸
675 2676 826 2716 προϐαίνῃο

834 2217 860 2247 D

873 1571 931 1597 vos,
945 1563 1200 1599 superextendimus
1214 1571 1265 1591 nos
1283 1572 1289 1590 :
1310 1570 1396 1598 usque
1410 1562 1444 1590 ad
1460 1570 1507 1590 vos
1523 1562 1597 1590 enim
1613 1569 1669 1597 per-

874 1608 1000 1635 venimus
1027 1607 1054 1635 iu
1083 1608 1228 1643 Evangelia
1254 1607 1365 1635 Christi.
1395 1619 1407 1631 ιι
1430 1607 1582 1635 Verisimile
1611 1610 1670 1633 erat

873 1652 1099 1688 pseudapostolos
1115 1652 1156 1680 vel
1176 1653 1233 1680 sine
1257 1652 1449 1688 praedicatione
1470 1651 1561 1687 aliquo
1586 1658 1670 1686 usque

874 1697 1025 1733 profectos,
1045 1706 1077 1725 ex
1103 1697 1176 1724 nuda
1201 1702 1227 1724 et
1247 1697 1366 1732 simplici
1389 1696 1557 1732 profectione
1585 1695 1671 1723 elatos

874 1750 948 1775 esse,
962 1751 993 1770 ac
1006 1746 1096 1770 totum
1117 1742 1166 1769 sibi
1182 1742 1326 1777 imputare.
1347 1742 1395 1768 Ait
1409 1749 1473 1775 ergo
1496 1740 1648 1776 Apostolus
1663 1761 1668 1767 .

873 1788 932 1814 Non
955 1790 1085 1822 tanquam
1107 1786 1140 1814 ad
1160 1794 1207 1814 vos
1229 1794 1283 1813 non
1304 1786 1522 1821 pervenerimus,
1545 1784 1671 1820 nosipsos

874 1831 1047 1859 extendimus
1063 1840 1070 1858 :
1088 1831 1172 1866 298
1185 1843 1196 1854 α
1211 1830 1388 1857 Pervenimus
1398 1841 1416 1861 ,υ
1430 1830 1515 1862 enim,
1531 1837 1587 1856 non
1602 1828 1669 1855 sim-

876 1876 980 1911 pliciter
1003 1875 1052 1903 sed
1074 1887 1086 1899 «ι
1102 1875 1130 1902 in
1147 1875 1291 1909 Evangelio
1311 1873 1412 1901 Christi
1429 1884 1434 1900 :
1457 1885 1469 1896 ι
1492 1873 1543 1900 hoc
1558 1877 1599 1899 est
1614 1880 1670 1899 non

875 1920 948 1948 nude
956 1925 982 1948 ct
989 1920 1148 1956 simpliciter
1160 1919 1372 1955 peregrinantes,
1386 1922 1416 1945 ut
1426 1917 1474 1951 illi,
1485 1924 1579 1945 verum
1588 1916 1669 1944 etiam

875 1973 937 1993 cum
954 1965 1090 2001 Evangelii
1106 1964 1308 2001 prmdicatione.

911 2011 999 2038 Vens.
1019 2013 1065 2043 1-5,
1084 2013 1125 2038 16.
1144 2022 1156 2033 «ι
1173 2011 1234 2037 Non
1253 2009 1278 2036 in
1295 2009 1460 2036 immensum
1483 2007 1627 2042 gloriantes
1642 2007 1670 2034 in

875 2055 972 2083 alienis
992 2055 1146 2089 laboribus,
1167 2062 1242 2090 spem
1264 2058 1355 2081 autem
1380 2053 1510 2080 habentes
1531 2055 1670 2079 crescente

875 2100 929 2128 ﬁde
944 2104 1043 2133 vestra,
1058 2100 1086 2127 in
1106 2099 1182 2127 vobis
1197 2098 1289 2134 magni
1310 2098 1366 2125 ﬁeri
1381 2097 1532 2125 secundum
1548 2096 1670 2129 regulam

876 2149 998 2172 nostram
1010 2145 1042 2172 ad
1053 2144 1249 2172 abundantiam
1266 2147 1314 2171 :ut
1329 2143 1413 2170 etiam
1430 2142 1457 2169 in
1473 2142 1517 2169 illa
1531 2149 1591 2176 qua:
1602 2141 1671 2168 ultra

879 2197 925 2217 vos
945 2193 1008 2216 sunt
1034 2188 1211 2224 Evangelium
1233 2187 1427 2223 praedicemus,
1454 2194 1509 2213 non
1535 2185 1561 2212 in
1583 2184 1672 2212 aliena

875 2235 983 2270 regula,
1000 2238 1031 2261 ut
1044 2234 1077 2261 de
1097 2233 1138 2260 his
1153 2241 1213 2268 quae
1228 2236 1320 2268 parata
1335 2235 1399 2259 sunt
1411 2230 1571 2266 gloriemur.
1591 2241 1603 2252 ι
1623 2230 1672 2256 1η-

875 2278 949 2306 dicat
968 2279 1028 2306 illos
1047 2278 1235 2314 apostolorum
1258 2276 1396 2304 laboribus
1415 2274 1521 2308 extolli,
1549 2278 1576 2301 et
1591 2281 1673 2309 supra

877 2323 991 2351 modum
1007 2327 1034 2350 et
1053 2330 1211 2350 mensuram
1230 2321 1347 2357 gloriari,
1363 2320 1414 2348 hoc
1428 2324 1469 2347 est
1480 2319 1515 2346 ad
1529 2326 1672 2346 excessum

877 2376 963 2403 usque
982 2368 1052 2395 etin
1070 2367 1162 2395 alienis
1182 2366 1328 2394 laboribus.
1352 2368 1389 2392 At
1409 2372 1459 2392 nos
1477 2371 1532 2391 non
1555 2362 1608 2396 sic,
1624 2362 1674 2390 sed

877 2413 912 2441 ad
928 2421 974 2440 vos
988 2420 1075 2448 usque
1096 2411 1294 2448 pervenientes,
1317 2409 1352 2438 ad
1373 2417 1420 2437 vos
1443 2416 1528 2444 usque
1550 2408 1674 2435 libertate

877 2462 970 2485 nostra
986 2458 1101 2484 utimur.
1117 2457 1265 2492 Speramus
1279 2459 1372 2483 autem
1382 2474 1389 2487 ,
1404 2454 1431 2481 in
1448 2455 1540 2481 Deum
1551 2452 1675 2481 videlicet

879 2503 944 2538 (non
959 2505 1029 2530 solet
1041 2501 1113 2529 enim
1128 2501 1260 2536 explicare
1273 2499 1380 2533 Paulus)
1393 2520 1399 2532 ,
1414 2498 1488 2534 quod
1503 2497 1611 2525 abunde
1627 2504 1675 2523 vos

879 2547 1009 2575 docentes
1024 2551 1051 2574 et
1059 2550 1191 2582 augentes
1206 2544 1289 2572 ﬁdem
1304 2548 1423 2571 vestram
1439 2542 1622 2574 inveniamur,
1644 2543 1675 2566 ut

879 2592 947 2619 adeo
960 2590 1051 2626 magni
1065 2590 1128 2617 ﬁam
1143 2597 1192 2625 ego
1205 2589 1232 2616 in
1247 2588 1333 2616 vobis.
1361 2588 1437 2615 Tunc
1447 2587 1520 2614 enim
1538 2585 1628 2619 magni
1645 2582 1677 2610 lit

880 2640 1041 2672 praeceptor,
1062 2643 1125 2662 cum
1143 2641 1186 2661 res
1199 2633 1394 2668 discipulorum
1410 2630 1560 2661 creverint,
1581 2636 1612 2655 ac
1632 2635 1674 2654 re-

880 2681 942 2717 gula
957 2681 1015 2716 ejus
1032 2690 1046 2704 «
1059 2679 1094 2707 ad
1108 2677 1307 2706 abundantiam
1323 2689 1335 2701 η
1352 2674 1514 2712 processerit
1527 2683 1534 2701 :
1556 2673 1609 2700 hoc
1622 2675 1674 2702 est,

733 2744 825 2773 Variae
848 2744 996 2773 lectiones.

69 2810 91 2826 ⁸³
107 2808 181 2846 ἤγουν
196 2818 223 2838 0.
262 2810 284 2827 5°
296 2809 428 2845 ἐμέτρησεν
445 2818 474 2838 o.

178 2855 298 2883 ΡΛι-ιιοι.
317 2856 365 2882 Gn.
385 2856 491 2884 CXXIV.

516 2810 537 2827 ⁵⁷
552 2814 596 2838 τοῦ
612 2811 709 2846 κηρύξαι
728 2820 768 2840 m.

806 2812 828 2827 δὴ
845 2811 966 2847 μεσιτείαν
983 2818 1009 2838 o.

1491 2851 1524 2876 29
