1877 3081
31 179 58 205 09
437 178 610 208 EXPOSlTlO
630 178 661 206 IN
681 178 784 206 EPIST.
806 178 826 205 ll
846 179 891 206 AD
910 180 988 208 COR.
1007 195 1042 202 --
1061 182 1135 210 CAP.
1158 183 1198 210 Χῐ,

1585 187 1636 213 910

31 241 80 281 ώρᾳ
101 240 293 280 προμνηστρίας
317 241 421 278 τάττει,
451 242 586 280 σεμνύνων
612 243 714 276 αὐτούς.
732 243 771 272 Ξέ

853 252 947 272 Ionore
966 244 1024 280 ipso
1045 245 1175 273 afﬁciens.
1198 245 1301 273 Mirum
1318 250 1411 274 autem
1435 246 1479 274 hic
1503 247 1636 283 quiddam

31 298 49 314 ιν
63 286 86 315 δὲ
108 286 136 314 τὸ
156 286 198 315 ἐπὶ
221 288 266 321 τῆς
288 285 452 321 Ἰξκκλησίας
479 287 638 325 συμϐαῖνον·
663 288 707 318 ἐπὶ
733 288 785 327 γὰρ

31 334 50 359 ιῦ
72 331 164 368 κόσμου
180 331 246 368 μετὰ
265 330 309 359 τὸν
333 333 419 369 γάμον
439 332 524 361 οὐκέτι
550 333 673 371 παρθένοι
690 332 782 370 μένου-

31 387 59 403 l‘l'
79 377 184 404 ἐνταῦθα
207 375 235 405 δὲ
261 375 306 404 καὶ
321 377 344 404 οἱ
360 376 397 413 μὴ
423 376 494 410 ὄντες
511 377 634 416 παρθένοι
655 377 705 417 πρὸ
720 377 783 405 ταὼ

31 431 50 448 au
75 420 136 458 μετὰ
158 420 200 449 τὸν
225 420 310 458 γάμον
340 423 430 449 τοῦτον
455 422 476 438 ¹³¹
505 421 629 461 παρθένοι
654 423 782 460 γίνονται.

31 466 80 494 limo
102 467 201 501 πᾶσαὴ
219 464 368 500 Ἐκκλησία
393 466 520 505 παρθένος
547 466 614 496 ἐστί.
641 467 711 507 Πρὸς
733 467 783 505 γὰρ

31 511 97 544 ἀντας
108 513 186 539 ταῦτα
211 510 282 550 λέγει
301 511 423 546 Παῦλος,
439 512 485 540 καὶ
499 510 559 544 τοὺς
583 512 783 550 γεγαμηκότας,

31 556 50 584 xi
67 555 107 588 τὰς
129 554 326 594 γεγαμημένας.
355 557 424 584 Ποῖα
451 556 477 584 δὲ
503 555 565 584 ἕδνα
592 557 677 596 φέρων
696 557 782 596 ἡρμό-

31 612 79 635 ιτο;
92 599 145 635 Τὴν
166 600 300 639 βασιλείαν
316 602 368 629 τῶν
389 601 516 639 οὐρανῶν.
538 600 640 630 Τούτου
655 601 735 635 τύπος
751 598 782 638 ἧν

31 645 92 674 ιέιιὶ
106 647 149 673 τοῦ
173 644 308 683 Ἀϐραὰμ,
334 645 377 674 ὅτέ
398 645 440 674 τὸν
466 646 568 682 οἰκέτην
591 646 692 686 ἔπεμψε
717 659 783 684 μνη-

31 690 161 727 εεοσόμενον
176 689 255 729 κόρην
277 690 391 725 ἐθνικήν.
419 690 473 719 Καὶ
488 691 601 721 ἐνταῦθα
617 691 668 730 γὰρ
686 693 700 720 ὁ
714 692 782 725 Θεὸς

31 737 96 774 τεςιψε
121 733 177 768 τοὺς
204 734 310 767 δούλους
339 735 419 764 αὐτοῦ
444 735 503 768 τοὺς
531 736 680 776 προφήτας,
709 749 781 775 μνη-

31 779 175 817 ιευσομένους
196 781 233 819 τῷ
262 779 337 808 παιδὶ
363 780 443 809 αὐτοῦ
470 780 578 820 Χριστῷ
598 781 646 816 τὴν
663 782 780 817 Ἐκκλη-

31 823 72 852 ἷαν·
94 825 125 856 ὡς
152 824 193 852 τὸν
219 821 303 853 ante
331 824 456 863 λέγοντα·
492 836 506 853 ‹‹
534 824 678 861 Ἄκουσον,
702 826 782 864 θύγα-

31 881 59 907 τρ,
79 869 118 898 καὶ
141 869 193 907 ἴδε,
213 869 259 898 καὶ
282 870 406 899 ἐπιλάθου
428 873 472 899 τοῦ
496 871 561 899 λαοῦ
583 882 646 907 σου,
661 870 719 899 ῖκαὶ
735 874 779 899 τοῦ

32 926 68 942 κου
85 917 126 943 τοῦ
142 914 236 953 πατρός
257 924 305 943 σου
319 926 325 932 ⁸
352 928 364 940 ιι
387 915 431 944 καὶ
455 914 514 947 τοὺς
539 916 714 951 ἀποστόλους,
744 918 779 949 ὡς

31 970 45 986 ιν
71 960 166 989 Παῦλον
190 960 301 1000 λέγοντα
316 971 322 977 ·
342 973 354 985 κ
384 959 468 999 Ὑπὲρ
494 961 611 999 Χριστοῦ
635 961 778 1000 πρεσϐεύο-

31 1015 58 1033 5v.
74 1018 82 1028 ιι
97 1003 128 1034 Ὁ
145 1004 190 1044 μὲν
216 999 261 1034 οἶν
277 1004 369 1045 παρὼν
392 1005 482 1044 καιρὸς
499 1004 642 1041 μνηστείας
663 1006 748 1035 ἐστίν·
765 1008 778 1035 ὃ

45 1050 133 1086 μέλλων
157 1051 206 1078 τῶν
231 1049 342 1088 γάμων,
368 1049 410 1078 ὅτε
429 1049 530 1089 κραυγὴ
547 1049 661 1088 γίνεται’
679 1064 690 1076 ιι
709 1050 777 1080 Ἰδοὺ

32 1093 132 1132 νυμφίος.
150 1105 163 1122 ιι

46 1149 57 1165 (ι
72 1139 208 1176 Φοϐοῦμαι
232 1138 261 1168 δὲ
281 1139 374 1177 μήπως
389 1140 424 1172 ὡς
447 1140 461 1168 ὃ
475 1138 530 1179 ὄφις
556 1139 629 1169 Εὔαν
646 1139 776 1176 ἐξηπάτη-

31 1194 45 1210 ;ν
57 1183 79 1211 ἐν
156 1183 305 1224 πανουργία
331 1186 427 1222 αὑτοῦ,
449 1183 516 1213 οὕτω
543 1186 628 1224 φθαρῇ
654 1184 687 1213 τὰ
715 1185 778 1220 νοή-

31 1239 67 1256 ιτα
89 1229 156 1266 ὑμῶν
179 1228 231 1258 ἀπὸ
245 1230 295 1264 τῆς
322 1228 471 1263 ἁπλότητος
491 1231 537 1264 τῆς
559 1230 594 1262 εἷς
615 1229 741 1269 Χριστόν.
761 1242 775 1257 γι

31 1272 91 1312 ίγὰρ
104 1273 145 1302 καὶ
160 1275 176 1309 ἡ
192 1273 315 1303 ἀπώλεια
328 1273 457 1313 ὑμετέρα,
473 1273 530 1302 ἀλλ’
543 1275 556 1302 ὁ
571 1274 650 1314 φόϐος
663 1274 689 1292 ⁶²
702 1274 774 1311 ἐμός.

31 1317 56 1345 vix
76 1318 238 1357 ἀποφαίνεται
261 1318 305 1355 δὲ,
334 1317 374 1347 ὅτι
392 1319 573 1358 Διεφθάρητε,
601 1318 687 1348 καίτοι
710 1316 776 1354 ἦσαν

31 1364 181 1402 ιφθαρμένοι,
205 1364 266 1392 ἀλλ’
292 1362 447 1403 ἀμφιϐόλως
471 1364 534 1392 αὐτὸ
548 1363 667 1393 τέθεικε·
683 1377 694 1391 ιι
711 1365 777 1400 Μή-

31 1418 52 1439 ι›ς
68 1409 98 1440 ὡς
119 1409 132 1436 ὁ
154 1409 208 1448 ὄφις
235 1408 306 1438 Εὔαν
330 1407 493 1444 ἐξηπάτησε.
514 1422 526 1434 ι
544 1409 597 1438 Καὶ
611 1408 662 1448 γὰρ
684 1411 777 1439 κάκεῖ-

32 1451 144 1487 ςμείζονα
157 1452 392 1491 ἐπαγγειλάμενος,
407 1452 544 1488 intimo?
571 1453 616 1482 καὶ
647 1455 670 1483 οἳ
697 1455 777 1493 ψευὸ-

31 1496 128 1525 τόστολοι
152 1497 177 1526 δὲ
203 1498 397 1536 κομπάζοντες,
423 1497 468 1526 καὶ
498 1497 601 1536 μεγάλα
629 1497 687 1528 τινὰ
716 1501 776 1536 ὑμῖν

31 1538 120 1577 Ῑγοντες,
139 1541 303 1576 ἐξαπατῶσιν
327 1543 353 1571 ἐν
375 1543 408 1581 τῇ
427 1542 575 1582 πανουργίᾳ
589 1543 688 1572 αὐτῶν.
706 1542 777 1573 Ἀλλ’

31 1596 80 1624 map
107 1586 163 1616 οὗτε
191 1589 207 1622 ἡ
241 1586 389 1626 πανουργία
408 1587 433 1606 ⁶³
460 1589 506 1616 τοῦ
543 1587 640 1626 ὄφεως,
674 1587 733 1617 οὔτε
759 1591 775 1624 ἡ

31 1630 105 1666 τλάτης
129 1633 173 1665 τ’ἧς
204 1633 275 1665 Εὔας
302 1631 412 1671 ἤρκεσεν
447 1633 514 1671 αὐτῇ
539 1633 576 1665 εἰς
598 1632 773 1671 συγγνώμην,

32 1686 73 1707 τως
91 1675 143 1705 οὐδὲ
157 1678 217 1714 ὑμῖν
234 1679 320 1706 ταῦτα
340 1676 497 1715 προσέσεται
511 1676 546 1705 ⁶⁴.
566 1678 624 1706 Οὖκ
654 1672 712 1706 εἶπε
730 1678 773 1714 δὲ,

33 1720 144 1758 ιόΆδὰμ
171 1721 310 1757 ἠπατήθη,
335 1721 379 1751 ἵνα
396 1721 466 1760 δείξῃ
486 1723 644 1760 γυναικῶδες
657 1721 686 1751 τὸ
703 1724 774 1751 ἄπα-

31 1766 92 1794 Ξςῦαι.
114 1766 164 1795 Καὶ
175 1767 222 1795 οὐκ
235 1761 314 1804 ςεῖπε,
334 1765 378 1801 Μὴ
403 1767 556 1802 ἆπατηθῆτε
566 1789 575 1802 ,
593 1766 680 1804 ἀλλὰ,
700 1779 714 1795 ‹‹
727 1767 773 1802 Μὴ

31 1811 75 1847 παρῇ
87 1809 116 1838 τὰ
137 1810 259 1848 νοήματα
284 1812 374 1848 ὑμῶν,
394 1824 405 1836 »ι
426 1810 557 1848 ἐπιμένων
638 1813 722 1850 τροπῇ
735 1833 741 1839 .
757 1817 773 1847 ἡ

34 1864 45 1890 ρ
58 1854 129 1893 φθορᾶ
145 1855 186 1884 ἐπὶ
200 1857 253 1884 τῶν
265 1854 402 1895 παρθένιον
424 1855 541 1894 λέγεται.
562 1856 666 1890 Μήπως
686 1857 773 1895 φθαρῇ

31 1897 47 1924 τὸ
57 1900 96 1933 τῆς
110 1900 226 1938 ἀφελείας
240 1901 314 1937 ὑμῶν
329 1900 361 1935 ἢν
387 1900 461 1940 ἔχετε
488 1901 523 1932 εἷς
545 1900 670 1939 Χριστόν.
686 1902 772 1930 Τουτ-

31 1952 62 1976 Tt,
100 1943 143 1979 Mi,
172 1946 327 1980 ἀπατηθῆτε
357 1945 409 1974 ἀπὸ
445 1947 490 1980 τῆς
530 1945 652 1984 ἀφελείας
686 1947 770 1983 ὑμῶν.

31 1986 66 2018 ινὲς
78 1987 101 2016 δὲ
115 1988 192 2017 οὕτω·
219 1989 266 2024 Μὴ
292 1992 463 2029 nativa/.021:
479 1990 532 2018 ἀπο
547 1992 593 2024 τῆς
617 1990 705 2025 ἁπλῆς
730 1991 773 2019 πί-

33 2042 70 2064 un;
91 2033 122 2065 εἰς
141 2034 186 2069 τὴν
215 2036 268 2063 τῶν
288 2034 335 2068 ἔξω
358 2035 507 2070 δεινότητα’
535 2034 601 2070 αὕτη
623 2034 674 2074 γὰρ
693 2036 711 2070 ἡ
725 2047 772 2073 με‹

31 2087 67 2111 ςτη
79 2080 162 2118 φθορά.

41 2134 50 2146 τι
65 2123 93 2151 Εἰ
114 2123 158 2161 μὲν
179 2124 230 2164 γὰρ
257 2126 271 2153 ὁ
284 2125 425 2164 ἐρχόμενος
441 2125 519 2154 ἄλλον
550 2125 653 2161 Ἰησοῦν
669 2125 772 2165 κηρύσ-

32 2176 49 2200 ι,
69 2166 93 2195 ὃν
107 2169 150 2197 οὐκ
172 2169 351 2209 ἐκηρύξαμεν,
418 2171 528 2208 Πνεῦμα
555 2170 643 2210 ἕτερον
665 2171 774 2209 λαμϐά-

31 2221 63 2246 τε,
89 2211 164 2242 ὂοῦκ
190 2214 317 2249 ἐλάϐετε,
387 2215 548 2253 Εὖαγγέλιον
569 2215 656 2254 ἕτερον
683 2215 697 2244 ὃ
726 2217 774 2245 οὐκ

841 289 869 315 in
893 290 1011 317 Ecclesia
1027 291 1170 326 contingit.
1194 291 1225 318 In
1245 290 1349 318 mundo
1361 291 1434 318 enim
1449 295 1512 326 post
1529 293 1636 328 nuptias

838 341 894 361 non
918 342 999 370 porro
1026 335 1144 370 virgines
1165 339 1278 363 manent
1299 344 1305 362 :
1332 335 1377 363 hic
1398 340 1492 363 autem
1511 337 1556 372 qui
1571 341 1635 365 ante

838 378 954 414 virgines
968 388 1023 407 non
1038 379 1164 414 fuerunt,
1179 385 1241 416 post
1264 380 1374 416 nuptias
1388 380 1467 408 hasce
1481 380 1636 409 efﬁciuntur

838 423 967 459 virgines.
984 426 1043 453 Hac
1058 425 1164 453 ratione
1185 425 1309 453 universa
1328 424 1445 452 Ecclesia
1464 425 1539 461 virgo
1564 429 1607 453 est
1627 436 1634 460 ς

840 467 876 496 ad
891 477 987 497 omnes
1001 469 1075 497 enim
1094 470 1192 498 Paulus
1207 469 1266 498 haec
1288 469 1420 506 loquitur,
1435 474 1463 498 et
1476 470 1593 498 maritos
1608 474 1636 498 et

838 521 945 542 uxores.
976 514 1077 549 Quales
1108 519 1201 543 autem
1231 514 1310 542 dotes
1332 514 1450 542 atterens
1471 514 1635 550 despondit?

837 559 964 593 Regnum
989 559 1131 587 cmlorum.
1159 559 1248 595 Hujus
1275 559 1362 595 ﬁgura
1387 563 1467 587 erant
1493 566 1555 594 quae
1583 559 1635 587 sub

836 603 995 631 Abrahamo
1021 604 1204 640 contigerunt,
1230 604 1340 640 quando
1368 611 1478 632 servum
1507 604 1583 631 misit
1604 608 1635 632 ut

835 647 970 676 ethnicam
986 648 1104 684 puellam
1130 649 1186 676 ﬁlio
1204 648 1389 684 desponderet
1409 655 1439 676 ιιι.
1471 649 1522 676 Hic
1549 649 1633 677 etiam

839 693 912 720 Deus
938 693 1014 720 misit
1040 702 1133 722 servos
1157 701 1223 722 suos
1247 694 1391 729 prophetas
1419 693 1633 729 desponsaturos

838 738 904 765 Filio
924 746 974 765 suo
989 738 1098 767 Christo
1120 739 1285 772 Eeclesiam,
1307 739 1388 767 veluti
1403 739 1553 775 Davidem,
1569 747 1632 767 cum

835 782 923 810 dicit:
943 784 1064 818 «Audi,
1080 784 1144 818 ﬁlia,
1164 789 1192 811 et
1213 784 1289 816 vide,
1306 788 1335 811 et
1356 783 1515 812 obliviscere
1539 783 1632 820 populi

835 827 889 861 tui,
900 831 928 856 et
942 827 1041 856 domus
1051 829 1135 864 patris
1149 829 1188 856 tui
1227 851 1233 856 .
1249 840 1261 853 ιι
1277 830 1347 856 Τιιιη
1359 830 1507 864 apostolos,
1519 833 1549 856 ut
1560 830 1633 857 Pau-

836 872 902 906 lum,
929 872 974 900 ubi
993 874 1032 900 ait
1056 883 1062 899 :
1095 883 1108 899 ιι
1131 873 1229 902 Christi
1250 874 1362 902 nomine
1387 873 1521 909 legatione
1538 873 1631 910 fungi-

835 925 898 944 mur
919 920 941 943 ".
969 929 980 942 »ι
1007 920 1132 946 Ρι-ωεοιις
1160 917 1250 954 itaque
1275 923 1383 954 tempus
1408 918 1630 953 desponsatiouis

833 966 891 996 est,
905 962 1029 990 ﬁiturum
1053 967 1147 991 autem
1170 963 1327 999 nuptiarum
1349 963 1414 997 erit,
1440 971 1504 991 cum
1524 963 1630 991 clamor

834 1007 921 1034 factus
934 1006 1027 1040 fuerit,
1047 1018 1058 1030 ι
1075 1008 1146 1035 Ecce
1160 1015 1280 1043 sponsus
1292 1014 1305 1033 ν
1323 1019 1335 1031 n

871 1145 956 1171 Vsus.
974 1146 998 1172 3.
1017 1155 1029 1167 «
1045 1143 1142 1171 Timeo
1157 1147 1262 1176 autem,
1277 1151 1312 1172 ne
1326 1143 1397 1171 sicut
1416 1151 1526 1180 serpens
1543 1145 1628 1172 Evam

833 1187 942 1216 seduxit
957 1188 1056 1216 astutia
1071 1196 1132 1222 sua,
1153 1188 1189 1216 ita
1204 1193 1420 1224 corrumpantur
1434 1197 1530 1216 sensus
1545 1189 1627 1217 vestri

833 1240 848 1260 a
869 1233 1042 1268 simplicitate
1066 1241 1127 1268 quae
1148 1237 1190 1261 est
1212 1233 1239 1260 in
1263 1233 1414 1268 Christum,
1436 1244 1448 1257 ν
1476 1234 1535 1262 Etsi
1554 1234 1628 1261 enim

833 1277 959 1306 interitus
980 1282 1068 1306 vester
1089 1281 1148 1313 est,
1168 1282 1258 1306 metus
1272 1282 1366 1306 tamen
1386 1285 1464 1306 meus
1483 1283 1535 1307 est.
1565 1280 1628 1307 Non

832 1326 924 1350 autem
948 1323 1039 1358 palam
1063 1323 1233 1359 pronuntiat,
1264 1323 1392 1360 Corrupti
1415 1323 1494 1357 estis,
1521 1323 1627 1351 etiamsi

832 1368 953 1404 corrupti
979 1367 1102 1401 fuerunt;
1120 1376 1214 1396 verum
1228 1368 1353 1404 ambigue
1368 1368 1420 1396 hoc
1433 1368 1532 1404 posuit,
1552 1380 1565 1392 α
1587 1370 1628 1396 Ne

832 1415 887 1443 quo
901 1408 985 1436 modo
999 1412 1030 1435 ut
1049 1416 1162 1444 serpens
1176 1410 1260 1437 Evam
1285 1408 1398 1444 decepit.
1423 1419 1435 1433 ιι
1456 1409 1526 1436 Nam
1542 1413 1569 1436 et
1583 1408 1628 1436 ille

832 1453 935 1489 majora
960 1452 1161 1488 promittendo,
1189 1453 1306 1489 decepit.
1332 1454 1412 1480 Hauc
1436 1452 1471 1480 ad
1493 1453 1627 1481 rationem

832 1497 1034 1533 pseudapostoli
1056 1505 1116 1526 sese
1139 1498 1286 1534 jactantes.
1314 1505 1346 1525 ac
1373 1505 1473 1533 magna
1499 1497 1628 1532 quaedam

831 1542 916 1578 300
931 1542 1008 1570 vobis
1027 1546 1183 1576 narrantes,
1202 1541 1350 1570 calliditate
1369 1549 1417 1570 sua
1438 1542 1515 1570 vobis
1538 1542 1627 1578 impo-

830 1591 909 1614 nunt.
926 1588 962 1614 At
978 1586 1089 1622 perinde
1102 1591 1134 1615 ut
1152 1595 1241 1623 neque
1254 1586 1354 1614 astutia
1374 1587 1519 1622 serpentis,
1539 1594 1627 1622 neque

828 1631 989 1667 simplicitas
1008 1633 1071 1660 Eva:
1090 1632 1155 1660 satis
1178 1631 1229 1659 fuit
1253 1632 1301 1667 ipsi
1323 1631 1357 1659 ad
1376 1631 1498 1664 veniam,
1521 1631 1559 1659 sic
1577 1639 1627 1659 ne-

828 1685 880 1712 que.
896 1677 972 1704 vobis
995 1677 1054 1705 haec
1076 1676 1234 1712 proderunt.
1259 1678 1320 1704 Non
1343 1676 1410 1704 dixit
1435 1680 1529 1704 autem
1553 1676 1628 1711 quod

829 1721 921 1748 Adam
937 1721 1067 1756 deceptus
1079 1721 1117 1748 sit
1131 1730 1138 1748 :
1155 1725 1186 1749 ut
1196 1721 1334 1754 ostendat,
1348 1720 1424 1756 quod
1447 1720 1547 1756 decipi,
1563 1728 1625 1748 mu-

828 1765 912 1793 liebre
922 1766 967 1794 sit.
985 1767 1079 1801 Neque
1090 1765 1168 1799 dixit,
1181 1767 1221 1793 Ne
1238 1765 1421 1800 decipiamini,
1437 1773 1543 1796 verum,
1559 1775 1572 1791 «
1586 1766 1626 1792 Ne

827 1815 1040 1846 corrumpantur
1066 1817 1162 1838 sensus
1183 1809 1274 1841 vestri,
1297 1821 1308 1833 ν
1334 1810 1455 1844 ἱιιοωρῐο
1475 1814 1554 1844 tropo
1577 1817 1626 1837 seu

828 1856 985 1891 metaphora
1002 1863 1176 1891 perseverans
1191 1864 1196 1881 2
1213 1854 1353 1889 corruptio
1368 1854 1443 1881 enim
1463 1853 1499 1881 de
1514 1854 1626 1888 virgini-

828 1901 878 1928 bus
895 1900 1006 1928 dicitur.
1023 1900 1062 1927 Ne
1076 1903 1288 1934 corrumpantur
1300 1906 1314 1925 a
1329 1897 1504 1934 simplicitate
1521 1902 1607 1925 vestra
1617 1919 1624 1932 ,

827 1953 911 1980 quam
928 1944 1034 1972 habetis
1049 1944 1077 1971 in
1092 1944 1210 1977 Christo,
1226 1943 1278 1970 hoc
1292 1947 1346 1976 est,
1362 1943 1401 1970 Ne
1420 1950 1435 1969 a
1451 1942 1625 1978 simplicitate

828 1995 914 2018 vestra
936 1989 1121 2025 decipiamini.
1140 1989 1257 2024 Quidam
1272 1992 1364 2016 autem
1386 1987 1424 2015 sic
1446 1997 1452 2013 :
1475 1988 1515 2014 Ne
1536 1991 1624 2015 trans-

828 2035 954 2063 feramini
977 2043 992 2062 a
1018 2034 1133 2070 simplici
1155 2033 1207 2061 ﬁde
1222 2032 1257 2061 ad
1278 2032 1428 2060 inﬁdelium
1451 2032 1480 2060 in
1504 2032 1621 2060 dicendo

827 2085 990 2116 potestatem
1004 2091 1010 2108 :
1030 2079 1089 2108 haec
1107 2079 1181 2107 enim
1199 2082 1240 2106 est
1252 2077 1370 2105 maxima
1384 2077 1531 2112 corruptio.

863 2127 954 2154 Vens.
980 2126 1005 2152 4.
1030 2135 1043 2149 (ι
1069 2125 1140 2152 Nam
1165 2123 1187 2150 si
1202 2123 1226 2150 is
1252 2122 1299 2159 qui
1320 2122 1410 2156 venit,
1432 2121 1515 2149 alium
1530 2122 1624 2149 Jesum

827 2170 1027 2206 praedicaverit,
1040 2177 1123 2205 quem
1139 2175 1194 2195 non
1210 2167 1422 2203 praedicavimus
1445 2175 1451 2193 2
1479 2170 1526 2194 aut
1541 2166 1624 2202 Spiri-

827 2219 886 2243 tum
909 2215 995 2242 alium
1023 2213 1162 2248 accipitis,
1188 2220 1271 2248 quem
1301 2220 1356 2239 non
1389 2211 1546 2246 accepistis,
1579 2215 1626 2238 aut

31 2255 120 2293 έξιισθε,
135 2258 220 2291 καλῶς
234 2259 382 2298 ἠνείχεσθε.
399 2271 412 2288 ι)
432 2259 467 2289 Τί
482 2260 577 2298 λέγεις,
593 2255 614 2289 ὦ
637 2262 742 2295 Παῦλε;
760 2263 773 2291 ὁ

853 2260 1005 2295 vangelium
1022 2257 1094 2286 aliud
1117 2257 1190 2294 quod
1205 2265 1261 2284 non
1276 2256 1432 2292 recepistis,
1452 2260 1524 2283 recte
1542 2255 1625 2283 susti-

31 2300 117 2335 ιλάταις
140 2303 261 2343 γράφων·
287 2317 299 2329 α
327 2303 395 2333 Ἐάν
424 2316 462 2336 τις
491 2304 689 2344 εὖαγγελίζηται
713 2306 773 2343 ὑμῖν

31 2345 57 2382 φ’
73 2346 84 2374 8
100 2348 275 2386 παρελάϐετε,
306 2348 425 2386 ἀνάθεμα
447 2348 534 2378 ἔσται’
561 2362 573 2375 »ι
604 2351 650 2378 νῦν
674 2349 774 2388 λέγεις,

32 2389 110 2419 ιΈὰν
135 2392 210 2421 ἄλλον
238 2392 342 2428 Ἰησοῦν
379 2393 520 2433 ἐκήρυττον
549 2394 658 2430 ἐκεῖνοι,
689 2395 775 2428 καλῶς

34 2433 136 2474 sileam;
157 2435 249 2466 Ἄκουε
279 2437 383 2466 τοίνυν·
407 2437 578 2476 Ἐκόμπαζον
595 2439 618 2467 οἳ
642 2439 775 2478 ψευδαπό-

31 2479 156 2526 “ολοι,“ἇ›ς
180 2483 260 2511 πλέον
286 2494 311 2511 τι
335 2484 387 2511 τῶν
420 2483 572 2513 ἀποστόλων
601 2483 773 2523 εἰσφέροντες.

31 2524 70 2552 rei
90 2524 130 2554 οὖν
152 2526 239 2556 πολλὰ
255 2527 278 2544 ³⁵
306 2527 452 2567 ἐφλυάρουν
483 2528 598 2566 ἀνόητα,
628 2530 660 2568 τῇ
684 2528 776 2562 ἔξωθεν

34 2568 70 2608 ait}
80 2571 218 2609 χρώμενοι,
243 2571 338 2611 φησὶν,
355 2571 394 2601 ὅτι
420 2574 450 2602 1Ξί
466 2573 513 2611 μὲν
529 2573 670 2612 ἐκήρυττον
688 2573 777 2612 ἕτερον

31 2615 114 2651 ριστὸν,
136 2615 162 2644 ὃν
186 2619 352 2656 κηρυχθῆναι
380 2617 446 2653 ἔδει,
474 2620 550 2656 ἡμεῖς
568 2618 596 2647 δὲ
614 2617 774 2657 παρελείπο-

31 2667 59 2694 ἰν,
79 2660 156 2692 καλῶς
183 2661 332 2700 ἡνείχεσθε.
357 2662 408 2692 Διὰ
429 2662 480 2702 γὰρ
499 2666 577 2692 τοῦτο
597 2663 775 2702 προσέθηκεν-

36 2729 124 2757 “Gen.
139 2739 221 2766 xxxv,
234 2735 261 2759 4.
301 2737 313 2750 ιι
330 2733 401 2761 Psal.
417 2741 501 2768 κων,
519 2737 561 2762 ιι.

600 2737 612 2750 ⁰
625 2735 636 2762 1
651 2735 715 2762 Cor.
732 2742 763 2766 ν,
779 2736 824 2761 20.

829 2305 936 2333 neretis.
950 2317 962 2328 ι»
976 2303 1048 2338 Quid
1057 2303 1108 2336 ais,
1121 2302 1203 2330 Paule
1215 2303 1226 2329 Ρ
1236 2301 1338 2330 Galatis
1353 2301 1487 2336 scribens,
1501 2312 1513 2324 ι
1526 2300 1554 2328 Si
1566 2300 1626 2336 quis

829 2348 1060 2386 evangelizaverit,
1074 2347 1175 2383 inquis,
1189 2350 1375 2382 praeterquam
1388 2345 1462 2381 quod
1473 2345 1625 2381 accepistis,

829 2395 976 2422 anathema
992 2394 1027 2421 sit
1040 2397 1052 2416 (1
1067 2403 1073 2420 2
1088 2404 1100 2417 ν
1114 2400 1187 2420 nunc
1199 2399 1263 2419 vero
1276 2390 1353 2424 dicis,
1366 2402 1379 2414 ιι
1393 2390 1420 2418 Si
1431 2390 1515 2418 alium
1530 2390 1626 2418 Jesum

829 2439 1007 2476 pradicarent
1022 2438 1072 2472 illi,
1088 2441 1160 2465 recte
1182 2436 1376 2464 sustineretis?
1398 2446 1411 2460 ι»
1431 2434 1502 2463 Audi
1519 2434 1602 2471 igitur
1619 2443 1626 2461 :

831 2483 1036 2520 Pseudapostoli
1050 2482 1119 2510 fastu
1131 2481 1361 2517 inturgescebant,
1377 2479 1454 2516 quasi
1467 2479 1526 2515 plus
1543 2487 1627 2515 quam

832 2530 886 2558 veri
905 2528 1020 2565 apostoli
1035 2527 1176 2556 afferrent.
1199 2526 1270 2561 Quia
1289 2525 1369 2561 igitur
1383 2524 1467 2552 stulta
1481 2524 1626 2560 quamplu-

831 2575 901 2602 rima
925 2573 1108 2610 nugabantur,
1132 2576 1245 2600 externa
1267 2569 1396 2606 sapientia
1419 2573 1528 2597 utentes
1553 2578 1559 2596 :
1584 2568 1627 2602 Si,

830 2620 933 2656 inquit,
945 2619 1031 2646 alium
1046 2617 1229 2654 praedicarent
1241 2616 1396 2647 Christum,
1411 2613 1626 2650 praetermissum

831 2673 846 2692 a
859 2664 951 2698 nobis,
972 2671 1055 2698 quem
1075 2661 1219 2698 prmdicari
1234 2659 1430 2692 conveniebat,
1456 2662 1529 2686 recte
1549 2656 1629 2685 susti-

863 2738 874 2754 ι’
891 2730 989 2759 Matth.
1002 2737 1074 2764 xxv,
1090 2733 1115 2758 6.
1155 2734 1167 2750 (ι
1183 2728 1271 2757 Galat.
1292 2731 1314 2756 t.
1331 2734 1353 2761 1,
1369 2729 1395 2754 8.

671 2787 764 2817 Variae
787 2787 936 2816 lectiones.

38 2830 51 2845 “'
65 2833 113 2859 τότε
127 2841 153 2862 ο.

229 2836 252 2853 θ’
268 2836 324 2862 ἀλλ’
337 2837 404 2872 ὅμως
419 2836 432 2863 ὁ
446 2837 520 2872 φόϐος
536 2845 572 2865 tu.
612 2837 634 2854 ⁸³
650 2837 790 2872 κακουργία
804 2844 830 2865 0.
869 2835 890 2852 5"
904 2835 1080 2870 προσθήσεται,
1093 2832 1160 2866 καὶ,
1175 2831 1340 2866 προστήσεται
1355 2837 1381 2857 ο.
1419 2828 1441 2845 ⁵⁵
1455 2827 1547 2855 πολλοὶ
1560 2835 1585 2855 ο.
