1877 3081
266 159 313 185 9n
789 154 1047 183 THEOPHYLACTI
1064 152 1241 180 BULGARUE
1259 152 1416 180 ARCHIEP.
1826 161 1850 185 με

267 219 407 251 nuissetis;
424 223 534 255 propter
557 218 609 246 hoc
629 218 702 246 enim
725 217 841 254 adjecit,
871 229 885 244 ιι
904 219 991 253 Quem
1009 224 1053 244 non

1125 213 1202 244 tt°0v
1218 217 1266 244 οὐκ
1292 215 1466 254 ἐκηρύξαμεν.
1485 226 1499 244 n
1514 217 1548 245 Εἰ
1572 215 1600 244 δὲ
1626 216 1659 245 τὰ
1683 217 1746 246 αὐτὰ
1768 219 1849 256 nefas

266 264 486 301 praedicavimus.
501 276 513 287 ιι
527 263 574 291 Sin
585 271 650 292 vero
665 263 762 291 eadem
776 263 838 291 ﬁdei
849 263 937 299 capita
949 266 1022 295 sunt,
1035 262 1064 289 in

265 318 320 345 quo
338 309 418 336 nobis
438 309 476 336 illi
488 309 643 344 superiores
657 310 743 336 sunt?
757 308 877 336 Observa
896 315 991 344 porro,
1007 314 1063 335 non

267 354 347 387 dixit,
361 355 388 381 Si
410 354 442 387 is,
458 354 504 389 qui
520 354 603 386 venit,
619 353 750 389 quiddam
766 353 881 388 amplius
896 353 1062 388 praedicave-

268 399 304 426 rit
323 399 395 434 (nam
409 398 541 433 quiddam
560 399 677 433 amplius
692 406 791 434 magna
805 406 870 425 cum
887 397 1062 430 auctoritate,

268 443 406 479 multaque
419 442 565 470 verborum
578 443 708 478 elegantia
717 442 864 475 dicebant),
874 442 933 476 sed,
946 442 1064 469 «Alium

268 489 363 515 Jesum
384 487 581 523 praedicaverit,
600 495 681 524 quem
695 495 749 515 non
764 487 983 522 praedicavimus,
999 497 1012 511 n
1029 486 1063 514 ad

269 532 343 568 quod
357 540 413 560 non
429 536 470 560 est
489 532 639 560 necessaria
658 533 793 560 sermonis
813 532 954 567 elegantia.
973 543 985 555 «
1008 533 1065 558 Aut

270 577 402 612 Spiritum
420 577 503 604 alium
521 577 655 613 accipitis,
673 589 686 601 η
702 577 754 604 hoc
770 581 825 611 est,
841 577 862 604 si
877 575 1064 612 opulentiores

270 630 318 650 vos
335 622 435 650 faceret
451 622 479 650 in
493 622 680 658 spiritualibus
698 622 792 656 donis,
808 622 879 657 quod
896 622 986 657 ipsum
1003 629 1064 648 ora-

270 667 351 694 tionis
374 670 513 694 venustate
537 675 593 694 non
628 667 736 702 indiget.
765 679 778 691 νι
811 666 858 694 Vel
882 666 1062 701 Evangelium

268 711 341 739 aliud
367 720 373 739 :
408 724 419 735 -
445 719 533 747 neque
560 711 594 739 ad
620 711 672 739 hoc
693 719 761 747 opus
782 711 899 738 habebat
930 710 1063 738 orationis

268 758 353 784 cultu.
374 757 484 792 Ubique
500 761 592 784 autem
605 757 716 790 indicat,
733 755 806 792 quod
822 764 877 784 non
892 755 1061 791 simpliciter,

267 801 289 828 si
305 801 371 837 quid
389 801 563 829 excellentius
577 801 682 835 dicant,
700 801 842 829 attendere
858 805 998 836 oporteat,
1013 799 1061 827 sed

266 846 288 873 si
312 846 378 882 quid
400 846 491 874 dicant
513 846 586 882 quod
611 845 758 873 dicendum
786 850 872 879 esset,
897 850 924 873 et
944 853 958 872 a
982 844 1061 872 nobis

265 891 480 927 praetermissum
505 891 596 918 fuerit.
619 891 739 919 Observa
761 891 858 918 enim:
883 900 896 915 ‹‹
921 889 1022 922 Alium,
1046 900 1058 912 υ
1076 879 1099 910 Β

264 936 366 971 inquit,
385 947 396 960 α
419 937 530 970 Jesum,
545 943 628 971 quem
652 944 708 963 non
722 935 930 971 praedicavimus
952 944 958 961 :
974 933 1056 969 Spiri-

263 984 323 1008 tum
349 980 452 1014 alium,
480 988 562 1016 quem
593 987 647 1007 non
675 980 818 1016 accepistis
846 990 852 1007 :
878 979 1059 1015 Evangelium

264 1024 350 1058 aliud,
379 1025 453 1060 quod
478 1033 534 1052 non
558 1024 711 1060 accepistis.
731 1034 746 1050 ι)
767 1025 836 1052 Cum
854 1024 944 1060 itaque
964 1024 1058 1051 eadem

264 1069 364 1102 dicant,
377 1069 441 1105 quid
457 1070 485 1096 in
499 1077 547 1097 eos
563 1069 693 1097 inhiatis?
716 1071 864 1104 Postquam
886 1077 949 1104 ergo
965 1068 1058 1096 eadem

263 1114 425 1150 pradicant,
441 1122 458 1141 ο
474 1115 571 1147 Paule,
585 1114 647 1150 quid
665 1122 713 1142 eos
729 1113 876 1149 prohibes?
891 1113 958 1148 Quia
978 1113 1061 1149 hypo-

263 1159 324 1187 crisi
344 1163 465 1192 utentes,
480 1159 533 1186 alia
548 1159 678 1195 dogmata
693 1158 879 1186 introducunt.

296 1214 386 1241 Vsus.
404 1215 430 1240 5.
455 1224 468 1236 «
484 1212 617 1240 Existimo
637 1211 709 1240 enim
729 1220 773 1240 me
786 1212 851 1239 nihil
872 1219 930 1239 esse
948 1211 1058 1239 inferio-

261 1266 319 1286 rem
339 1258 372 1285 iis
386 1258 433 1294 qui
447 1258 536 1293 magni
552 1257 703 1285 admodum
723 1261 789 1285 sunt
804 1256 928 1292 apostoli.
947 1269 958 1280 «ι
975 1257 1059 1284 Dein-

260 1311 324 1338 ceps
343 1302 412 1330 Petri
434 1303 614 1330 sectatoribus
635 1310 694 1330 sese
717 1300 839 1335 confert,
868 1301 920 1328 hoc
937 1300 1058 1328 indicare

260 1347 354 1375 volens
380 1358 386 1375 :
415 1347 441 1375 Si
462 1355 506 1374 me
530 1347 606 1382 plura
629 1351 746 1380 norunt,
773 1346 857 1374 etiam
881 1350 908 1373 et
930 1346 997 1379 illis;
1024 1345 1057 1373 ad

259 1392 408 1420 absurdum
429 1392 510 1427 301
531 1392 642 1420 ducens.
671 1392 790 1419 Observa
809 1395 900 1418 autem
923 1390 982 1426 ejus
1004 1390 1057 1418 hu—

257 1437 413 1464 militatem.
435 1448 448 1460 οι
462 1437 606 1470 Existimo,
634 1448 646 1460 ν
663 1437 761 1471 inquit,
782 1435 808 1463 id
825 1440 865 1462 est
888 1439 965 1471 puto,
983 1434 1056 1462 arbi—

258 1485 317 1509 tror
338 1491 344 1508 :
361 1486 389 1509 et
400 1481 468 1508 nihil
488 1481 613 1509 enuntiat
628 1485 655 1508 et
670 1480 798 1508 decernit.
815 1481 877 1508 Non
897 1480 1057 1515 simpliciter

1118 262 1165 301 τ⁴ᾗς
1183 260 1312 296 πίστεως,
1333 259 1358 288 τί
1373 260 1402 289 τὸ
1425 260 1503 290 πλέον
1525 261 1633 294 ἐκείνοις
1644 261 1685 296 66;
1705 262 1754 291 Καὶ
1766 262 1812 301 ὄρει,
1829 266 1850 293 7L:

1119 299 1208 341 εἶπεν,
1233 305 1273 333 ὅτι
1300 306 1334 335 Εἰ
1353 307 1367 333 ὃ
1391 305 1532 345 ἐρχόμενος
1557 306 1635 335 πλέον
1656 318 1682 335 τι
1699 307 1816 345 κηρύσσειι
1830 322 1851 336 111

1118 349 1169 387 γὰρ
1198 349 1276 378 πλέον
1303 362 1328 378 τι
1354 349 1444 389 ἔλεγον
1467 350 1534 388 μετὰ
1558 349 1676 383 πλείονος
1691 352 1813 384 αὖθεντείις
1830 365 1851 379 ιχ

1118 394 1216 422 πολλοῦ
1241 397 1286 423 τοῦ
1303 394 1414 427 κάλλους
1441 397 1492 424 τῶν
1522 395 1665 434 ῥημάτων·
1686 397 1752 432 ἀλλ’,
1776 411 1785 422 ι
1799 396 1851 425 ’Ᾱὶλιι

1118 437 1223 473 Ἰησοῦν
1253 438 1392 478 κηρύσσει,
1427 439 1456 468 ὃν
1485 440 1532 468 οὐκ
1557 439 1736 479 ἐκηρύξαμεν·
1758 452 1770 469 ι)
1786 441 1852 479 dra-il

1118 483 1211 521 χρείαν
1235 483 1290 523 ἔχει
1311 484 1493 517 καλλιεπείας,
1519 498 1529 509 ι·
1558 484 1597 514 Ἢ
1612 488 1714 523 πνεῦμα
1728 486 1798 525 ἕτερον
1815 486 1852 513 λιι-

1120 525 1212 556 ϐάνετε
1223 538 1230 545 ο
1247 538 1261 555 »
1275 529 1422 564 τουτέστιν,
1447 529 1480 558 Εἰ
1504 530 1713 569 πλουσιωτέρους
1735 531 1790 567 ὑμᾶς
1807 532 1851 558 ἐκεῖ

1118 572 1144 600 ἐν
1160 576 1213 605 τοῖς
1241 578 1428 611 πνευματικοῖς
1451 573 1634 613 χαρίσμασιν·
1662 575 1724 614 ὅπερ
1748 576 1793 604 οὐδὲ
1811 578 1851 603 1:3,".

1119 616 1201 645 δεῖται
1215 618 1343 658 κομψείας
1369 618 1465 657 λόγων.
1489 630 1503 647 (ι
1517 617 1555 648 Ἦ
1578 619 1738 657 Εὖαγγέλιον
1753 619 1829 658 Super
1844 631 1849 645 ι

1117 659 1201 690 ὂοῦδὲ
1223 664 1298 691 τοῦτο
1313 663 1396 701 λόγων
1421 663 1516 693 δεῖται.
1538 665 1685 703 Πανταχοῢ
1707 664 1731 692 δὲ
1751 665 1819 699 amt.
1835 664 1852 692 ἔς

1117 706 1164 744 οὐχ
1180 706 1270 738 ἁπλῶς
1286 706 1310 735 εἴ
1331 718 1356 735 τι
1375 707 1453 736 πλέον
1469 708 1588 744 λέγουσι,
1613 710 1750 748 προσέχειν
1766 710 1808 742 Esi,
1823 710 1852 737 ili!

1117 750 1142 778 εἴ
1163 762 1188 779 τι
1217 751 1362 790 λέγουσινό
1386 753 1513 791 λεχθῆναι
1528 753 1553 771 ⁵⁷
1571 753 1638 788 ἔδει,
1666 754 1710 782 καὶ
1742 753 1794 793 παρ’
1811 755 1851 787 in?

1116 796 1290 836 παρελείφθη.
1313 808 1326 825 ι(
1348 796 1420 836 ⁹Όρα
1449 798 1517 836 γάρ’
1539 809 1553 826 ‹‹
1572 797 1669 827 Ἀλλον
1692 798 1778 833 Ἰησοῦν
1796 799 1815 827 ὃν
1831 800 1852 826 2'1

1116 840 1278 879 ἐκηρύξαμεν
1290 853 1296 859 ·
1313 843 1424 880 Πνεῖμα
1450 842 1555 882 ἕτερον,
1577 843 1590 871 ὃ
1605 845 1653 872 οὐκ
1673 842 1786 879 ἐλάϐετε*
1804 844 1853 878 E51:-

1116 884 1201 920 γέλιον
1229 885 1332 925 ἕτερον,
1349 886 1363 915 ὃ
1379 888 1426 916 οὐκ
1442 886 1571 920 ἐδέξασθε.
1591 898 1606 916 1)
1620 887 1706 918 Ὥστε
1722 887 1771 917 ἐπεὶ
1785 888 1807 916 τὰ
1818 889 1852 914 xl-i

1114 929 1236 968 λέγουσι,
1263 930 1288 959 τί
1314 930 1378 970 πρὸς
1402 931 1496 965 αὖτοὺς
1518 931 1666 971 κεχήνατε;
1686 933 1735 962 Καὶ
1758 933 1824 965 ἔπειξὴ
1838 944 1852 958 τι

1114 974 1181 1002 αὐτὰ
1220 974 1356 1014 λέγουσιν,
1393 971 1416 1005 ιῖ
1445 977 1552 1013 Παῦλε,
1592 977 1618 1007 τί
1653 977 1745 1010 αὐτοὺς
1779 978 1853 1005 nat-.2:

1112 1016 1178 1048 Ὀτι
1298 1021 1436 1060 ὑποκρίσει
1475 1021 1609 1062 χρώμενοι
1651 1022 1731 1063 ἕτερα
1766 1023 1852 1059 εἰσάγῃς

1114 1062 1245 1102 δόγματα.

1157 1223 1171 1240 (ι
1196 1212 1344 1251 Λογίζομαι
1368 1213 1419 1253 γὰρ
1445 1214 1527 1252 μηδὲν
1553 1216 1727 1256 ὗστερηκέναι
1750 1217 1793 1244 τῶν
1819 1218 1853 1242 im:

1112 1255 1171 1285 λίαν
1198 1257 1363 1287 ἀποστόλων.
1381 1269 1395 1286 ι)
1416 1259 1516 1288 Λοιπὸν
1531 1261 1584 1292 τοῖς
1607 1261 1670 1298 περὶ
1686 1261 1777 1299 Πέτρον
1789 1271 1852 1298 cxi-:1;

1112 1313 1149 1329 νει
1162 1301 1268 1338 ἑαυτὸν,
1283 1305 1360 1331 τοῦτο
1381 1303 1462 1337 δεῖξαι
1485 1304 1566 1333 Θέλων
1578 1327 1585 1340 ,
1601 1305 1642 1333 ὅτι
1665 1306 1701 1335 Εἰ
1717 1307 1773 1344 ἐμοῦ
1783 1317 1801 1332 τι
1811 1306 1852 1332 πλέω

1111 1345 1199 1383 ἴσασι,
1218 1346 1262 1375 καὶ
1292 1347 1396 1376 ἐκείνων
1408 1359 1414 1366 ·
1437 1348 1472 1380 εἷς
1489 1349 1589 1378 ἄτοπον
1601 1361 1607 1367 ·
1634 1350 1747 1388 ἀπάγων
1760 1350 1794 1378 τὸν
1807 1350 1854 1385 ὶέγλ,

1110 1389 1182 1436 ⁸’ρρα
1204 1391 1230 1419 δὲ
1256 1393 1514 1433 ταπεινοφροσύνην·
1539 1407 1552 1419 ι
1578 1394 1747 1433 Λογίζομαι,
1773 1395 1853 1433 ποιεῦ,

1126 1435 1134 1443 ί
1211 1435 1219 1444 ‹
1281 1438 1296 1445 η
1453 1437 1458 1447 1
1578 1439 1583 1449 ι
1629 1439 1667 1448 μι
1721 1441 1726 1450 τ

1110 1446 1183 1473 οιον,
1223 1437 1361 1474 Ηγουμαι,
1398 1440 1514 1475 νομιζω,
1542 1450 1587 1467 και
1611 1449 1689 1468 ouasv
1715 1450 1847 1479 αποῖιιντιιει

1108 1481 1169 1519 Οὐχ
1184 1479 1274 1514 ἁπλῶς
1292 1481 1318 1510 δὲ
1344 1482 1427 1520 λέγει,
1443 1484 1504 1511 Τῶν
1521 1483 1692 1520 ἀποστόλων,
1708 1484 1786 1519 ἀλλὰ,
1801 1496 1809 1510 ε
1823 1479 1859 1520 ra}

257 1529 348 1553 autem
362 1525 443 1559 dicit,
461 1525 583 1561 Reliquis
603 1525 746 1560 apostolis,
768 1523 832 1557 sed,
854 1533 867 1548 (ί
884 1523 920 1550 lis
932 1524 977 1559 qui
993 1528 1053 1551 sunt

1112 1524 1176 1563 ὕπὲρ
1200 1524 1277 1564 λίαν,
1297 1536 1311 1554 ι)
1339 1525 1458 1565 Πέτρον,
1475 1528 1521 1556 καὶ
1546 1527 1694 1564 Ἰωάννην,
1719 1530 1761 1557 καὶ
1774 1527 1854 1558 Ἰέιωῗαι

258 1570 348 1598 eximii
362 1570 491 1606 apostoli,
516 1581 528 1593 ιο
549 1571 672 1603 Petrum,
687 1569 838 1602 Jacobum,
855 1569 989 1596 Joannem
1010 1569 1052 1596 in-

257 1621 353 1641 nuens.
380 1618 469 1649 Atque
485 1613 537 1641 hoc
553 1613 634 1646 dicit,
650 1614 713 1648 quia
724 1613 783 1649 jam
797 1613 958 1640 necesssitas
979 1613 1053 1641 istud

257 1657 420 1692 postulabat,
454 1666 519 1686 cum
545 1662 638 1686 tamen
662 1658 725 1685 alibi
753 1657 824 1685 dicat
845 1666 851 1684 :
882 1667 896 1683 (ι
918 1657 971 1692 Qui
997 1666 1052 1686 non

256 1710 318 1729 sum
337 1702 436 1738 dignus
451 1703 542 1730 vocari
562 1703 700 1738 apostolus
711 1705 733 1730 τ.
751 1713 763 1726 ι

295 1758 382 1785 Vens.
402 1761 428 1785 6.
444 1767 458 1783 «
475 1759 543 1784 Nam
559 1757 608 1784 etsi
623 1756 762 1792 imperitus
777 1763 914 1790 sermone,
927 1756 975 1784 sed
995 1764 1052 1784 non

255 1802 378 1830 scientia.
389 1814 401 1826 »
412 1801 640 1839 Quandoquidem
650 1802 676 1829 in
686 1801 738 1829 hoc
746 1801 797 1828 sibi
808 1801 949 1837 placebant
957 1801 1054 1837 pseud-

255 1847 385 1884 apostoli,
411 1847 486 1884 quod
504 1855 561 1874 non
582 1851 673 1875 essent
691 1846 810 1880 indocti,
831 1846 962 1880 ostendit,
978 1846 1050 1882 quod

254 1901 311 1921 non
330 1893 465 1920 inﬁcietur
480 1900 539 1920 sese
562 1891 720 1927 imperitum
741 1899 813 1926 esse,
831 1895 913 1927 atque
934 1891 986 1919 hoc
997 1891 1050 1918 sibi

253 1938 349 1974 gloria:
369 1937 453 1965 ducit.
471 1937 526 1964 Nec
547 1936 622 1970 dicit,
645 1936 759 1963 Etiamsi
783 1936 910 1964 indoctus
931 1944 962 1963 ac
978 1935 1052 1964 rudis

254 1982 306 2009 sim
316 2001 323 2015 ,
336 1989 486 2009 commune
501 1981 553 2008 hoc
567 1980 636 2008 mihi
652 1988 716 2008 cum
734 1980 838 2008 caeteris
852 1985 893 2007 est
906 1980 1050 2015 apostolis,

254 2032 288 2051 ne
300 2023 421 2051 videatur
437 2030 488 2050 una
510 2023 647 2050 criminari
663 2023 734 2058 ipsos
760 2032 765 2050 :
783 2022 830 2051 sed
851 2023 992 2050 exterioris
1005 2031 1051 2051 sa-

255 2068 363 2103 pientiae
379 2068 470 2103 ipsum
484 2067 628 2103 nogotium
640 2067 725 2101 tollit,
739 2075 817 2103 aeque
831 2071 912 2103 atque
928 2068 954 2095 in
969 2068 1051 2103 priori

255 2112 374 2147 Epistola
391 2112 555 2140 monstravit
575 2120 637 2139 eam
655 2120 710 2140 non
731 2113 821 2140 solum
836 2120 895 2140 esse
915 2113 1049 2147 inutilem,

254 2165 349 2185 verum
365 2157 479 2193 gloriam
493 2156 583 2193 potius
601 2157 689 2185 crucis
703 2158 834 2184 subruere
854 2165 886 2185 ac
899 2156 1049 2186 devastare.

1108 1569 1296 1612 αἰνιττύμενος.
1322 1571 1409 1600 Τοῦτο
1434 1571 1462 1600 δέ
1485 1583 1581 1612 φησιν,
1616 1573 1712 1609 ἐπειδὴ
1738 1573 1814 1602 τούτου
1835 1575 1853 1598 ῖῖι

1107 1613 1184 1652 χρεία
1198 1609 1246 1652 ἦν,
1258 1614 1314 1643 ἐπεὶ
1330 1615 1448 1654 ἀλλαχοῦ
1471 1609 1566 1656 φησιν·
1587 1631 1598 1643 α
1616 1617 1670 1650 “Oc;
1701 1619 1748 1647 οὐκ
1771 1618 1855 1654 elutiu-

1108 1658 1149 1690 νὸς
1165 1660 1302 1688 καλεῖσθαι
1318 1659 1470 1693 ἀπόστολος.

1857 1567 1859 1692 l

1155 1769 1167 1786 ι(
1182 1760 1213 1788 Εἰ
1231 1760 1256 1789 δὲ
1269 1760 1314 1789 καὶ
1328 1759 1433 1796 ἰδιώτης
1443 1763 1480 1800 τῷ
1495 1761 1567 1800 λόγῳ
1577 1785 1583 1797 ,
1602 1763 1660 1791 ἀλλ’
1675 1765 1706 1792 οὖ
1763 1762 1853 1802 γνώσει.ι

1109 1802 1260 1847 Ἐπειδὴῌέν
1289 1804 1374 1845 τούτῳ
1392 1806 1604 1841 ἐκαλλωπίζοντο
1631 1810 1655 1837 οἱ
1680 1802 1859 1847 ψευδαπόστιᾙι(

1108 1849 1145 1887 τῷ
1161 1847 1198 1886 μὴ
1211 1845 1277 1877 εἶναι
1301 1849 1415 1886 ἰδιῶται,
1435 1851 1564 1880 δείκνυσιν
1593 1852 1671 1886 αὐτὸς
1683 1845 1694 1887 ,1
1709 1855 1748 1882 δτι
1762 1854 1786 1881 οὐ
1806 1862 1855 1891 suis:

1107 1892 1155 1927 τὴν
1181 1893 1326 1929 ἰδιωτείαν,
1355 1894 1424 1924 ἀλλὰ
1451 1895 1496 1924 καὶ
1516 1897 1672 1933 σεμνύνεται
1696 1899 1738 1927 ἐπ’
1755 1897 1854 1935 αὑτῇ-Μ

1108 1937 1136 1966 οὐ
1153 1937 1234 1976 λέγει,
1249 1937 1288 1967 ὅτι
1306 1939 1338 1968 Ei
1355 1939 1400 1968 καὶ
1425 1940 1531 1976 ἰδιώτης
1556 1941 1626 1979 εἰμὶ,
1643 1942 1717 1971 ἀλλὰ
1731 1943 1772 1971 καὶ
1785 1944 1804 1970 οἱ
1821 1942 1856 1968 ἀπ

1107 1983 1208 2018 στολοιν
1240 1982 1283 2012 ἵνα
1319 1983 1357 2021 μὴ
1385 1984 1445 2024 δόξῃ
1473 1985 1680 2015 συνδιαϐάλλειν
1709 1987 1804 2019 αὐτούς·
1826 1983 1855 2012 ὦ]

1107 2026 1170 2055 αὐτὸ
1195 2026 1224 2055 τὸ
1249 2032 1361 2068 πρᾶγμα
1389 2031 1435 2064 τῆς
1461 2029 1553 2063 ἔξωθεν
1583 2032 1678 2070 σοφίας
1711 2034 1827 2069 καθαιρεῖ,
1842 2030 1859 2057 ἐς

1107 2071 1152 2099 καὶ
1182 2072 1208 2100 ἐν
1233 2073 1348 2114 προτέρᾳ
1381 2073 1476 2107 ἔδειξεν
1505 2074 1568 2103 αὐτὸ
1591 2076 1621 2104 οὗ
1652 2077 1734 2114 μόνον
1759 2076 1858 2109 ἀνόνητῖῖγ

1107 2115 1176 2144 ἀλλὰ
1190 2117 1288 2160 μᾶλλον
1304 2118 1349 2146 καὶ
1372 2118 1566 2156 λυμαινόμενον
1583 2122 1617 2159 τῇ
1632 2121 1693 2160 δόξῃ
1710 2125 1755 2151 τοῦ
1773 2119 1851 2156 auum?

1107 2161 1154 2199 Τῷ
1165 2161 1235 2200 λόγῳ
1247 2156 1291 2190 οὖν
1305 2163 1359 2199 εἰμι
1379 2163 1485 2199 ἰδιώτης
1495 2187 1503 2201 ,
1519 2165 1548 2193 οὔ
1612 2165 1719 2203 γνώσει.
1743 2165 1788 2195 Διὰ
1801 2163 1858 2192 ταύτῃ

253 2203 385 2230 Sermone
414 2202 495 2238 igitur
514 2202 640 2230 indoctus
665 2210 744 2235 sum,
771 2202 884 2230 scientia
907 2202 1048 2238 haudqua-

1112 2205 1134 2234 δὲ
1172 2206 1316 2236 αἰνίττεται
1353 2207 1483 2244 ἐκείνους,
1520 2208 1559 2238 ὅτι
1597 2210 1658 2239 ὅσον
1695 2213 1727 2248 τῇ
1755 2210 1859 2248 εὖγλωπεξ

253 2254 346 2282 quam.
363 2247 414 2274 Per
429 2246 481 2273 hoc
498 2251 591 2273 autem
609 2246 672 2273 illos
686 2246 790 2280 innuit,
806 2246 879 2282 quod
894 2254 948 2282 quo
963 2247 1050 2282 magis

253 2290 289 2317 illi
311 2290 466 2326 eloquentia
494 2290 655 2326 gloriantur,
678 2297 710 2317 eo
731 2291 886 2326 cognitione
907 2290 958 2318 Dei
976 2290 1050 2326 ipsos

252 2335 340 2370 magis
360 2342 420 2362 esse
435 2334 561 2368 orbatos,
577 2338 605 2362 et
624 2338 757 2370 quatenus
776 2335 810 2363 ad
832 2335 920 2371 ipsam
935 2336 1048 2370 attinet,

252 2387 299 2407 eos
310 2387 368 2407 esse
381 2380 478 2408 idiotas
492 2384 520 2408 et
532 2381 664 2408 indoctos.

289 2445 301 2458 α
322 2434 375 2462 Sed
391 2435 420 2462 in
440 2434 534 2471 quavis
555 2442 584 2462 re
600 2434 735 2462 manifesti
759 2442 854 2462 sumus
871 2435 898 2463 in
920 2437 1049 2465 omnibus

251 2485 315 2513 erga
327 2485 384 2506 vos.
401 2489 414 2502 »
425 2479 489 2506 Non
501 2478 736 2514 quemadmodum
749 2478 964 2514 pseudapostoli,
975 2481 1049 2508 aliud

249 2530 358 2557 sumus,
381 2527 408 2550 et
428 2523 501 2551 aliud
523 2531 688 2559 apparemus
715 2532 721 2550 :
749 2531 847 2551 verum
871 2524 899 2552 in
921 2526 1048 2554 omnibus

248 2575 311 2604 qua:
326 2567 442 2596 facimus
453 2571 480 2596 et
495 2567 625 2602 dicimus,
643 2567 783 2596 manifesti
795 2576 889 2597 sumus
905 2578 967 2606 erga
985 2578 1046 2606 vos;

246 2621 337 2650 neque
363 2614 417 2642 ulla
436 2617 478 2642 est
497 2614 524 2642 in
547 2613 627 2642 nobis
650 2614 794 2650 duplicitas
819 2614 861 2643 vel
881 2615 1047 2652 hypocrisis,

281 2703 291 2717 ι’
307 2702 318 2728 ι
334 2701 401 2728 Cor.
418 2704 510 2734 xv,9.

1104 2250 1284 2287 χομπάζουσι,
1309 2254 1433 2281 τοσοῦτον
1461 2254 1652 2293 ἐστερημένους
1686 2257 1734 2291 τῆς
1760 2257 1800 2284 τοῦ
1817 2251 1859 2281 9ίῦ

1103 2294 1240 2333 γνώσεως,
1257 2295 1302 2325 καὶ
1314 2296 1420 2330 ἰδιώτας
1435 2297 1511 2331 ὄντας
1525 2300 1583 2328 κατ’
1594 2300 1687 2335 αὐτήν.

1149 2445 1163 2462 ί(
1192 2434 1261 2465 Ἀλλ’
1291 2438 1317 2466 ἐν
1353 2437 1433 2466 παντὶ
1462 2438 1656 2478 φανερωθέντες
1693 2440 1717 2469 ἕν
1743 2443 1813 2468 πᾶσιν
1839 2435 1859 2465 ἐξ

1103 2481 1182 2516 ὓμᾶς.
1208 2490 1222 2508 ι)
1242 2482 1302 2521 Οὐχ
1325 2480 1416 2522 ὥσπερ
1444 2484 1468 2511 οἱ
1497 2484 1706 2524 ψευδαπόστολοι
1731 2485 1791 2514 ἄλλο
1814 2482 1859 2510 ὅπηεέ

1104 2523 1169 2553 ἄλλο
1184 2525 1347 2565 φαινόμεθα,
1364 2526 1422 2556 ἀλλ’
1433 2529 1459 2556 ὲν
1475 2533 1556 2558 πᾶσιν
1567 2552 1576 2566 ,
1593 2524 1632 2562 οῖς
1646 2531 1769 2568 ποιοῦμεν
1786 2527 1821 2556 καὶ
1832 2524 1859 2553 λέ-

1102 2579 1200 2608 γομεν,
1223 2571 1330 2610 φανεροί
1356 2572 1436 2610 ἐσμεν
1451 2574 1487 2605 εἰς
1500 2574 1600 2611 Δὑμᾶς·
1621 2573 1728 2612 οὖδεμία
1748 2567 1859 2605 διπλόηῆ

1103 2613 1236 2654 ὑπόκρισις
1260 2616 1286 2644 ἐν
1303 2616 1382 2654 ἡμῖν,
1399 2616 1489 2657 ὥσπερ
1514 2618 1640 2655 ἐκείνοις,
1659 2618 1788 2650 εὐλαϐείας
1802 2624 1859 2655 πρησ-

941 2741 1036 2771 Variaa
1059 2742 1209 2774 lectiones.

279 2794 301 2811 ⁸⁵
319 2795 407 2822 ἐνίκων
424 2804 450 2823 o.
491 2795 510 2810 ⁵⁷
525 2795 646 2829 δεχθῆναι
660 2803 686 2822 o.
