1877 3081
18 192 46 218 l3
407 189 581 217 EXPOSITIO
601 190 634 217 IN
654 190 757 218 EPIST.
779 191 799 218 ll
818 191 864 218 AD
884 191 960 219 [ΞΟΠ.
980 206 1014 212 -
1033 192 1107 219 CAP.
1127 192 1169 219 XI.

1591 194 1643 221 914

17 257 89 281 ηπείον
115 251 197 290 μόνον
218 251 424 291 περικειμένοις,
448 253 492 281 καὶ
507 253 595 282 πάντα
614 252 647 282 τὰ
669 255 790 293 χείριστα

891 254 918 282 in
934 254 989 282 illis
1003 254 1048 290 qui
1063 254 1118 282 sola
1135 253 1242 289 pietatis
1264 261 1381 289 persona
1397 258 1459 282 sunt
1471 255 1575 290 amicti,
1592 255 1643 284 de-

19 309 123 327 οιουσιν.

38 341 102 371 ιιἯ
130 341 266 381 ἁμαρτίαν
296 341 425 379 ἐποίησα,
452 342 566 379 ἐμαυτὸν
593 345 723 372 ταπεινῶν
747 343 790 372 ἵνα

17 387 66 425 μεῖς
90 387 228 426 ὓψωθῆτε,
252 386 292 415 ὅτι
312 387 412 426 δωρεὰν
428 386 457 415 τὸ
474 389 519 416 τοῦ
534 389 606 416 Θεοῦ
630 388 790 426 Εὖαγγέλιον

17 431 210 470 ὒηγγελισάμην
230 432 310 470 ὑμῖνς
330 445 341 457 »ι
360 432 461 468 Τοῦτο,
476 432 570 471 φησὶν,
593 432 728 471 ἥμαρτον,
745 433 790 462 καὶ

17 476 39 505 ιὰ
51 475 127 506 τοῦτό
141 487 188 514 μοι
209 477 329 515 ἐγκαλεῖν
345 476 418 515 ἔχετε
431 476 477 505 καὶ
490 477 697 516 κατεπαίρεσοαί
718 489 768 515 μου
781 500 788 514 ,

17 533 36 550 τι
53 520 221 550 ἐταπείνωσα
250 521 381 559 ἐμαυτὸν,
401 523 552 560 προσαιτῶν
573 521 618 550 καὶ
634 521 771 560 λιμώττων
784 545 791 559 ,

17 565 67 595 ηἵνα
78 565 153 603 ὑμεῖς
168 567 309 605 ὖψωθῆτε,
326 580 337 591 ιι
353 566 503 601 τουτέστιν,
517 566 707 604 οἷκοδομηθῆτε
726 566 791 606 πρὸς

17 611 42 647 ὴν
63 610 168 646 πίστινς
198 610 258 640 Οὐκ
279 610 497 644 ἐσκανδαλίζοντο
519 610 570 650 γὰρ
592 611 682 640 λοιπὸν
696 611 729 650 (8
745 611 789 640 καὶ

17 656 104 693 τεγίστη
142 655 232 684 αὐτῶν
265 655 437 694 κατηγορία),
462 655 501 683 ὅτι
529 656 575 684 οὐκ
607 656 790 696 ᾠκοδομοῦντο

17 701 96 737 λλως,
114 701 136 728 εἰ
160 700 199 736 μὴ
224 700 302 733 αὐτὸς
325 701 538 739 ἐλιμαγχονείτο.
556 699 669 736 Ἐπειδὴ
695 701 723 729 δὲ
745 701 788 730 δι-

17 744 103 773 εαλλον
126 744 224 780 αὐτὸν,
250 744 290 773 ὅτι
304 744 398 784 παρὼν
413 746 478 783 μὲν,
504 744 640 781 ταπεινὸς,
658 744 733 774 ἀπὼν
749 745 789 782 δὲ,

19 790 124 826 ομπάζει
143 801 149 807 ·
178 791 214 822 ὡς
252 789 316 828 ὑπὲρ
355 789 448 818 τούτου
489 790 699 828 ἀπολογούμενος
729 793 788 826 νῦν,

17 834 104 868 ξλήττει
120 833 233 869 αὐτοὺς,
249 834 289 862 ὅτι
306 833 436 867 Ταπεινὸς
463 834 575 874 γέγονα,
601 834 660 864 ιιίλλ⁷
682 835 790 873 ὑμείςθδ

19 879 114 918 ψώθητε
131 879 161 907 ἐκ
176 878 280 909 τούτου.

45 982 57 999 ιι
76 970 172 1003 ’Άλλας
198 969 361 1004 Ἐκκλησίας
397 969 529 1005 ἐσύλησα,
557 970 646 999 λαϐὼν
681 971 793 1011 ὀψώνιον

38 1015 43 1023 π
93 1014 100 1026 \
143 1017 150 1027 ‹
181 1015 198 1023 ~
333 1014 339 1024 I
481 1015 487 1025 I
596 1015 602 1024 ι
753 1018 766 1025 ~

17 1027 60 1053 προς
75 1027 120 1050 την
141 1027 216 1053 υμων
239 1015 384 1044 διακονιαν.
400 1027 415 1042 n
436 1016 528 1044 Καίτοι
555 1015 670 1050 ἠδυνατο
695 1017 792 1052 εἰπειν,

17 1062 41 1088 ἔτι
55 1060 102 1090 Ἐκ
126 1061 178 1088 τῶν
199 1061 297 1098 χειρῶν
314 1070 365 1096 μου
385 1059 492 1094 ἤσθιον·
516 1060 584 1088 ἀλλὰ
608 1060 793 1096 πληκτικώτε-

17 1116 45 1132 ιον
52 1104 91 1132 τὸν
105 1104 181 1142 λόγον
192 1105 277 1133 ποιῶν
286 1125 294 1139 ,
309 1103 380 1142 Παρ’
393 1104 491 1140 ἄλλων,
506 1103 584 1143 φησὶν
595 1125 602 1139 ,
618 1104 713 1134 ἔλαϐον
721 1128 729 1142 ,
747 1106 791 1135 καὶ

17 1151 98 1184 ταῦτα,
117 1150 178 1187 ὑμῖν
194 1148 405 1186 διακονούμενος.
423 1149 462 1177 Τὸ
486 1148 528 1184 δὲ,
555 1162 567 1174 ιι
588 1148 745 1186 Ἐσύλησα,
772 1161 786 1178 ι)

17 1193 58 1221 ini
72 1196 129 1230 τοῦ,
152 1193 334 1232 Ἐγύμνωσα,
351 1194 396 1222 καὶ
420 1193 536 1228 πένητας
557 1193 648 1226 αὐτοὺς
665 1194 788 1229 ἐποίησα.

17 1237 146 1267 λίνίττεται
173 1237 202 1267 δὲ
226 1237 270 1267 καὶ
299 1237 358 1271 τοὺς
387 1238 555 1274 Μακεδόνας,
583 1237 608 1266 οἳ
636 1238 792 1269 πενέστατοι

17 1281 85 1319 ἶπες,
103 1282 140 1311 ἔτι
170 1283 218 1312 καὶ
242 1281 289 1320 ἐμὲ
322 1277 392 1322 εἶχον
416 1282 655 1322 προσεπιτρίϐοντα
682 1283 791 1323 αὖτοὺς,

17 1326 125 1356 ιαίτοιοῦ
142 1329 273 1366 περιττῶν
302 1326 430 1366 ἔχρῃζον,
462 1327 531 1357 ἀλλὰ
559 1328 612 1356 τῶν
640 1328 791 1367 ἀναγκαίων

17 1371 203 1410 Ξαπανημάτων.
233 1371 364 1412 Ὀψώνιον
406 1372 458 1412 γὰρ
495 1371 602 1401 ἔλαϐον·
634 1373 692 1402 ἀλλ’
721 1372 793 1411 ὅμως

17 1416 61 1444 ιῦδὲ
80 1416 159 1445 ταῦτά
182 1416 230 1455 μοί
253 1416 385 1445 ἐδώκατε·
404 1416 545 1456 ὃμεγίστη
568 1417 729 1457 κατηγορία,
746 1418 792 1446 καὶ

17 1460 37 1488 τὸ
49 1461 143 1501 χεῖρον,
167 1461 209 1490 ὅτι
238 1461 302 1501 πρὸς
328 1461 375 1495 τὴν
398 1462 471 1498 ὑμῶν
494 1460 715 1500 διακονίαν-ὑμῖν
731 1462 791 1502 ζγὰρ

17 1504 152 1544 ιηρύσσων,
177 1506 224 1535 καὶ
248 1505 282 1535 τὰ
307 1507 379 1544 ὑμῶν
404 1505 591 1545 ἐργαζόμενος,
622 1507 686 1546 παρ’
704 1506 791 1535 ἄλλων

17 1550 152 1589 ἔτρεφόμην.

51 1606 62 1622 ιι
83 1596 133 1624 Καὶ
147 1595 240 1634 παρὼν
257 1595 321 1636 πρὸς
341 1597 409 1633 ὑμᾶς
429 1595 474 1624 καὶ
490 1595 656 1634 ὑστερηθεὶς,
677 1597 705 1625 οὖ
725 1608 792 1625 κατ-

17 1638 129 1678 ενάρκησα
151 1639 263 1673 οὐδενός.
288 1650 301 1668 ι)
321 1641 346 1670 Τ
348 1641 454 1679 ριπλοῦν
477 1640 507 1669 τὸ
522 1639 662 1678 ἔγκλημα·
678 1640 719 1669 ὅτι
737 1641 790 1670 Καὶ

17 1683 65 1722 παρ’
77 1685 133 1721 ὑμῖν
160 1684 217 1720 ὢν,
247 1683 292 1713 καὶ
317 1686 379 1722 ὑμῖν
402 1684 617 1723 διακονούμενος,
646 1685 691 1714 καὶ
711 1687 791 1715 ὓστε-

17 1727 136 1766 Ρούμενος,
174 1730 224 1758 οὐκ
264 1728 376 1765 ἠξιώθην
419 1729 509 1767 λόγου.
551 1730 593 1759 Οὖ
625 1729 703 1766 μόνον
743 1731 791 1759 οὐκ

17 1772 148 1812 ἓπέμψυιτε,
190 1773 257 1813 ὅπερ
304 1775 327 1802 οἷ
369 1774 519 1807 Μακεδόνες
562 1774 687 1812 ἐποίουν,
728 1776 792 1804 ἀλλ’

17 1817 61 1846 ME
86 1819 200 1858 παρόντα
228 1818 357 1858 ἐτρέφετε.
375 1818 415 1848 Τὸ
437 1817 478 1853 δὲ,
500 1832 512 1844 αι
537 1820 578 1848 Οὐ
604 1818 792 1858 κατενάρκησα

17 1861 116 1898 ιύδενὸς,
143 1876 154 1889 ι
179 1866 258 1892 τοῦτο
279 1862 304 1880 ⁵9
335 1863 424 1898 δηλοῖ,
449 1864 508 1893 Οὖκ
541 1863 699 1901 ἐπεϐάρησοί
726 1875 789 1894 τινι.

17 1907 83 1941 Δηλοῑ
97 1907 122 1936 δὲ
148 1907 243 1940 αὐτοὺς
269 1909 303 1940 ὡς
329 1908 445 1947 ὀκνηρῶς
470 1907 515 1936 καὶ
536 1909 677 1947 ναρκωδῶς
706 1908 792 1948 εἰσφέ-

17 1961 102 1988 ροντας.
129 1952 203 1986 Τινὲς
229 1952 256 1981 δὲ
281 1953 326 1990 τὸ,
356 1963 371 1980 (ι
389 1953 429 1982 Οὐ
457 1952 661 1991 κατενάρκησα,
687 1963 701 1981 ι)
733 1953 791 1983 ἀντὶ

17 1997 65 2031 τοῦ,
77 1996 132 2026 Οὐκ
145 1997 287 2035 ἠμέλησα,
306 1997 323 2033 ἢ
343 1997 518 2036 ῥαθυμότερος
542 1997 607 2036 πρὸς
622 1997 652 2026 τὸ
667 1997 792 2037 κήρυγμα

17 2040 111 2078 γέγονα·
143 2043 214 2071 ἀλλὰ
243 2042 305 2082 παρ’
330 2042 394 2079 ἐμοῦ
424 2041 472 2079 μὲν
507 2040 557 2071 ὅσα
586 2041 655 2077 ἔδει,
691 2042 792 2080 ἐγένετο

17 2084 44 2116 εἷς
76 2085 276 2127 τὴννῦμετέραν
304 2086 456 2125 σωτηρίαν·
489 2087 515 2115 ἐν
542 2086 627 2126 ἐνδείᾳ
661 2087 687 2115 δὲ
699 2086 725 2105 ⁷⁰
750 2087 790 2115 δι-

17 2128 119 2168 έτριϐον,
135 2130 180 2160 καὶ
199 2132 246 2160 οὒκ
270 2131 358 2171 ᾔτησα
378 2131 435 2160 οὐδὲ
459 2130 566 2165 ἔξέλυσα
585 2131 633 2166 τὴν
655 2132 791 2170 ὑπομονὴν

18 2173 198 2215 ἀποναρκήσας.

842 299 957 327 terrima
971 307 1085 335 quaeque
1102 303 1253 334 patrantes.

881 345 968 373 Vsns.
990 349 1015 372 7.
1034 357 1046 368 α
1063 346 1137 373 Num
1158 348 1299 380 peccatum
1323 344 1385 378 feci,
1402 345 1536 380 meipsum
1550 345 1640 374 humi-

844 389 913 417 lians
927 394 957 418 ut
978 397 1026 417 vos
1048 389 1245 423 exaltaremiui,
1267 388 1342 424 quod
1356 389 1440 425 gratis
1462 391 1639 425 Evangelium

844 435 894 462 Dei
909 434 1160 470 praedicavivobis?
1174 444 1188 460 »
1212 435 1243 461 ln
1263 433 1327 466 hoc,
1349 434 1447 469 inquit,
1473 434 1592 470 peccavi,
1615 439 1642 463 et

845 486 987 518 propterea
1003 486 1043 509 est
1070 489 1119 509 cur
1147 489 1191 509 me
1220 481 1362 514 accusetis,
1390 485 1418 508 et
1433 480 1579 509 adversum
1596 489 1642 509 me

843 525 1008 559 efferamini,
1038 525 1170 562 quoniam
1194 525 1281 561 deieci
1306 526 1453 561 meipsum,
1482 525 1642 554 mendicans

845 575 871 598 et
878 570 978 598 famem
989 571 1113 606 patiens?
1127 582 1139 595 ι
1152 569 1250 598 υῐνοε
1260 570 1461 603 exaltaremini,
1480 581 1492 593 ν
1504 569 1558 597 hoc
1566 574 1615 604 est,
1625 578 1642 598 a

844 615 927 643 ﬁdem
940 614 1156 643 aediﬁcaremini.
1170 615 1231 642 Non
1246 614 1319 641 enim
1333 613 1547 642 offendebantur
1561 614 1642 642 dein-

841 668 904 695 ceps
919 662 990 696 (qua:
1004 659 1124 687 maxima
1150 663 1192 687 est
1211 666 1308 686 eorum
1320 658 1478 692 accusatio),
1491 659 1565 695 quod
1585 667 1643 687 non

844 707 921 734 aliter
952 706 1170 739 mdiﬁcabantur,
1192 705 1244 733 nisi
1271 706 1327 741 ipse
1357 704 1430 733 fame
1458 711 1639 741 premeretur.

845 751 914 787 Quia
926 759 989 778 vero
1005 750 1246 778 calumniabantur
1268 757 1342 784 eum,
1366 749 1441 786 quod
1460 758 1579 786 presens
1591 750 1642 778 hu-

845 796 918 824 milis
943 800 1025 827 esset,
1045 795 1145 823 absens
1169 803 1232 823 vero
1252 795 1428 830 gloriabatur,
1444 794 1494 822 hac
1507 794 1540 822 de
1555 803 1584 822 re
1600 803 1644 823 ve-

847 841 895 869 luti
911 841 1066 876 apologiam
1091 843 1194 873 texens,
1211 839 1274 867 ferit
1292 847 1340 867 eos
1366 848 1372 866 :
1389 839 1456 867 Vilis
1470 839 1579 875 quidem
1602 840 1642 867 la-

849 891 910 914 ctus
933 893 996 913 sum
1021 888 1050 912 et
1077 883 1209 921 abiectus,
1226 888 1358 912 caeterum
1378 891 1426 911 vos
1445 883 1511 911 inde
1533 883 1643 912 exaltati

848 931 922 960 estis.

884 976 973 1003 Vens.
994 977 1022 1002 8.
1039 986 1052 999 ιι
1084 973 1159 1001 Alias
1174 972 1311 1000 Ecclesias
1325 973 1483 1009 exspoliavi,
1509 973 1645 1008 accipiens

847 1019 981 1055 stipendia
1006 1018 1040 1046 ad
1067 1017 1406 1050 ministeriumvestnim.
1434 1029 1447 1041 ι»
1471 1017 1531 1044 Etsi
1553 1017 1644 1045 dicere

848 1064 991 1100 potuisset,
1008 1065 1049 1091 Ex
1067 1069 1200 1090 manuum
1215 1069 1344 1090 mearum
1360 1061 1453 1089 labore
1468 1062 1644 1096 manducavi,

848 1113 969 1137 attamen
982 1108 1150 1143 asperiorem
1164 1107 1319 1134 orationem
1332 1106 1443 1140 faciens,
1459 1106 1502 1133 Ab
1516 1107 1586 1141 allis,
1605 1107 1646 1134 in-

847 1154 918 1190 quit,
935 1153 1038 1188 accepi,
1051 1153 1134 1188 idque
1148 1159 1211 1179 cum
1232 1152 1260 1179 in
1277 1151 1356 1179 vestri
1372 1159 1460 1179 essem
1477 1151 1643 1179 ministerio.

848 1198 1018 1234 Exspoliavi,
1035 1207 1048 1224 n
1066 1201 1158 1225 autem
1179 1196 1256 1229 dixit,
1274 1204 1323 1232 pro
1337 1195 1456 1229 Nudavi,
1471 1199 1502 1223 et
1516 1204 1648 1231 pauperes

847 1252 894 1271 eos
916 1243 980 1271 feci.
995 1241 1158 1270 Macedones
1180 1241 1317 1276 intelligit,
1339 1240 1385 1276 qui
1403 1240 1514 1268 tametsi
1530 1248 1646 1276 pauper-

847 1289 908 1316 rimi
936 1291 1038 1321 essent,
1065 1295 1109 1314 me
1131 1290 1223 1314 tamen
1250 1285 1387 1313 habebant
1412 1293 1441 1313 se
1473 1289 1644 1313 atterentem.

846 1333 931 1368 Atqui
955 1331 1098 1368 superﬂuis
1118 1339 1174 1358 non
1192 1330 1359 1366 indigebam,
1372 1337 1468 1358 verum
1484 1329 1645 1358 necessariis

846 1378 983 1406 duntaxat
992 1377 1157 1412 sumptibus.
1169 1376 1252 1411 302
1264 1375 1439 1411 Stipendium
1449 1375 1524 1402 enim
1535 1375 1627 1411 accepi
1638 1384 1644 1402 :

846 1427 874 1450 at
898 1430 945 1449 vos
972 1429 1005 1449 ne
1031 1421 1079 1448 ista
1101 1420 1212 1456 quidem
1240 1419 1306 1447 mihi
1334 1419 1515 1455 suppeditatis
1549 1429 1555 1447 :
1584 1427 1646 1455 quae

847 1467 963 1494 maxima
974 1473 1039 1494 sane
1054 1470 1095 1493 est
1113 1464 1259 1498 accusatio,
1276 1469 1305 1491 et
1319 1464 1394 1500 quod
1409 1464 1485 1499 pejus
1508 1468 1560 1497 est,
1578 1475 1591 1488 ι
1606 1463 1643 1492 ad

848 1511 1029 1539 ministerium
1046 1514 1186 1538 vestrum:
1203 1521 1214 1533 υ
1230 1509 1312 1537 vobis
1330 1508 1404 1536 enim
1429 1508 1594 1544 praedicans,
1618 1513 1647 1536 et

848 1561 936 1584 vestra
949 1563 1041 1591 agens,
1056 1555 1091 1583 ab
1104 1555 1166 1582 aliis
1186 1554 1288 1582 alebar.

883 1601 974 1628 Vens.
995 1602 1022 1627 9.
1053 1611 1065 1623 ι
1079 1600 1115 1627 Et
1127 1606 1192 1627 cum
1216 1605 1304 1626 essem
1318 1597 1392 1634 apud
1411 1605 1461 1626 vos
1484 1602 1514 1626 et
1526 1605 1644 1634 egerem,

846 1644 914 1672 nulli
931 1652 1063 1673 onerosus
1091 1643 1140 1672 fui.
1160 1655 1172 1668 ν
1186 1643 1296 1679 Triplex
1318 1647 1360 1670 est
1380 1643 1518 1670 accusatio
1536 1653 1542 1670 :
1559 1643 1646 1678 prior,

847 1689 920 1725 quod
935 1697 999 1717 cum
1013 1689 1085 1724 apud
1101 1696 1149 1716 vos
1163 1696 1287 1724 praesens
1308 1687 1408 1716 fuerim
1430 1697 1436 1714 :
1453 1687 1549 1722 altera,
1571 1687 1646 1723 quod

848 1733 925 1761 vobis
950 1733 1126 1761 inserviens:
1158 1733 1248 1765 tertia,
1277 1732 1351 1767 quod
1382 1731 1464 1760 rebus
1485 1731 1648 1759 necessariis

846 1778 1005 1810 destitutus,
1024 1785 1081 1804 non
1099 1776 1137 1804 fui
1151 1777 1178 1804 in
1195 1777 1286 1812 aliquo
1308 1776 1420 1804 habitus
1432 1783 1557 1803 numero.
1582 1777 1644 1803 Non

846 1823 936 1850 solum
947 1822 1020 1850 enim
1034 1821 1099 1849 mihi
1110 1821 1174 1848 alibi
1189 1821 1280 1856 agenti
1294 1829 1349 1848 non
1359 1821 1471 1848 misistis
1480 1821 1646 1856 quidquam,

846 1867 874 1896 id
897 1868 971 1904 quod
992 1867 1154 1894 Macedones
1178 1866 1326 1899 faciebant,
1344 1866 1392 1894 sed
1417 1874 1451 1893 ne
1478 1870 1645 1901 praesentem

847 1912 959 1947 quidem
981 1911 1103 1938 aiebatis.
1134 1910 1211 1938 [stud
1234 1914 1339 1943 autem,
1367 1921 1380 1934 α
1411 1910 1485 1937 Nulli
1509 1918 1644 1937 onerosus

847 1957 898 1990 fui,
914 1967 927 1981 »
948 1960 991 1984 est
1006 1964 1066 1992 pro,
1080 1958 1140 1984 Non
1154 1955 1263 1992 gravavi
1276 1962 1455 1990 quemquam.
1473 1954 1579 1982 [ndicat
1594 1963 1646 1982 au-

847 2005 902 2028 tem
921 2009 969 2029 eos
982 2001 1101 2036 segniter
1114 2008 1145 2028 ac
1162 2008 1225 2027 cum
1244 2004 1354 2035 torpore
1375 1999 1556 2027 contribuere.
1574 2001 1646 2027 Non-

847 2047 915 2074 nulli
939 2045 1064 2079 verbum,
1081 2045 1115 2071 Οὐ
1132 2046 1312 2080 κατενάρκησα,
1327 2053 1388 2080 pro,
1411 2046 1471 2072 Non
1489 2043 1645 2080 posthabui,

848 2093 888 2119 vel
904 2092 1014 2126 segnior
1027 2091 1060 2119 ad
1078 2091 1301 2127 praedicationem
1324 2089 1372 2124 l'ui,
1387 2090 1524 2123 accipiunt
1541 2098 1548 2117 :
1564 2090 1612 2118 sed
1630 2098 1646 2118 a

848 2143 892 2163 me
916 2135 1037 2171 quidem,
1053 2143 1222 2171 quaecunque
1234 2134 1267 2162 ad
1281 2134 1400 2162 salutem
1423 2138 1542 2162 vestram
1557 2142 1647 2162 neces-

846 2181 916 2208 saria
936 2185 1026 2215 erant,
1050 2180 1271 2216 perﬁciebantur.
1301 2181 1385 2208 Porro
1407 2188 1502 2208 rerum
1526 2187 1647 2208 necessa-

18 2222 106 2251 riarum
132 2224 261 2261 indignus
289 2224 359 2261 apud
386 2232 434 2252 vos
452 2225 514 2259 vixi,
539 2229 566 2252 et
590 2232 645 2252 non
667 2225 728 2260 petii
752 2225 914 2262 quidquam,
944 2233 1033 2262 neque
1055 2225 1220 2261 patientiam
1245 2233 1335 2253 meam
1360 2224 1468 2253 dissolvi
1494 2225 1647 2260 torpentior

18 2267 129 2296 redditus.

51 2324 63 2338 ιι
77 2313 114 2343 Τὸ
126 2314 174 2353 γὰρ
186 2314 324 2354 ὑστέρημά
341 2327 390 2353 μου
399 2314 659 2355 προσανεπλήρωσαν
674 2316 698 2345 οἱ
715 2316 790 2345 ἀδελ·
808 2321 833 2352 D

19 2357 53 2394 φοί
66 2357 172 2391 ἐλθόντες
195 2360 250 2390 ἀπὸ
266 2360 440 2394 Μακεδονίας.
461 2374 472 2386 ι
494 2360 540 2392 Εἷς
566 2360 727 2395 ζηλοτυπίαν
748 2361 795 2389 αὖ·

19 2400 66 2433 τοὺς
88 2402 229 2440 ἐμϐάλλει,
254 2402 297 2432 ἵνα
321 2404 366 2433 καὶ
388 2405 489 2443 μᾶλλον
510 2404 623 2443 διεγείρῃ
653 2405 716 2444 πρὸς
746 2405 794 2436 τὴν

20 2444 195 2484 ἐλεημοσύνην,
216 2451 250 2481 ὡς
271 2449 301 2477 ἂν
322 2449 359 2487 μὴ
375 2448 529 2485 ἡττηθέντες
555 2448 605 2478 ὑπὸ
621 2451 672 2478 τῶν
697 2451 792 2479 Μακε-

21 2488 87 2518 δὸνων
114 2492 138 2519 ἐν
163 2495 200 2532 τῷ
225 2493 319 2532 θρέψαι
347 2493 444 2530 αὐτὸν,
474 2494 609 2529 ἡττηθῶσι
635 2494 679 2522 καὶ
711 2495 736 2523 ἐν

21 2532 174 2575 ἐὶετιμοσύνῃ.
192 2537 284 2567 Εἰπὼν
301 2537 328 2567 δὲ
341 2560 348 2573 ,
367 2552 379 2563 «ι
401 2537 557 2576 Ὑστέρημα
567 2561 574 2573 ,
588 2553 599 2564 ιι
613 2538 741 2567 δείκνυσιν
756 2539 795 2568 ὅτι

22 2577 79 2605 οὐδὲν
98 2580 160 2622 ὑπὲρ
178 2581 224 2618 τὴν
241 2582 387 2621 ἀναγκαίαν
407 2583 502 2622 χρείαν
517 2582 611 2611 ἔλαϐεν
625 2592 632 2599 ·
648 2584 672 2612 οἱ
690 2584 793 2613 Φιλιπ-

22 2622 98 2655 πήσιοι
112 2624 136 2653 δὲ
150 2621 217 2660 ἦσαν
233 2627 256 2656 οἳ
267 2628 410 2667 θρέψαντες
421 2621 512 2657 αὐτόν.

58 2678 70 2694 ι(
85 2669 133 2698 Καὶ
148 2671 172 2698 ἐν
187 2672 265 2700 παντὶ
282 2671 372 2711 ἀϐαρῆ
382 2674 443 2710 ὑμῖν
459 2672 573 2710 ἐμαυτὸν
594 2672 710 2712 ἐτήρησα
721 2695 730 2711 ,
747 2673 793 2702 καὶ

23 2711 127 2749 τηρήσω·
142 2724 155 2742 ))
174 2716 312 2746 Δείκνυσιν
331 2717 371 2747 ὅτι
387 2717 433 2747 καὶ
449 2716 528 2757 βάρος
543 2711 654 2756 ἡγοῦντο
667 2717 714 2750 τὰς
728 2729 792 2757 τρο-

886 2321 977 2348 «Nam
993 2319 1067 2355 quod
1082 2319 1147 2347 mihi
1163 2319 1267 2354 deerat,
1282 2319 1479 2355 suppleverunt
1494 2319 1588 2347 fratres
1598 2320 1646 2356 qui

850 2369 984 2393 venerunt
1002 2373 1016 2392 a
1032 2365 1202 2392 Macedonia.
1221 2374 1233 2390 ι)
1250 2364 1294 2392 Ad
1305 2363 1508 2392 aemulationem
1523 2372 1570 2392 eos
1583 2364 1648 2392 invi-

850 2414 898 2443 tat,
914 2417 969 2446 quo
985 2409 1072 2445 magis
1093 2409 1127 2437 ad
1153 2410 1356 2445 eleemosynam
1372 2409 1471 2436 excitet
1486 2419 1494 2436 :
1508 2417 1543 2436 ne
1556 2416 1570 2436 a
1586 2410 1648 2437 Illa-

849 2453 998 2482 cedonibus
1012 2454 1075 2482 victi
1091 2454 1117 2481 in
1133 2453 1230 2481 alendo
1245 2461 1319 2486 eum,
1334 2452 1363 2480 in
1382 2453 1556 2489 eleemosyna
1576 2461 1646 2489 quo-

849 2507 902 2534 que
926 2499 1108 2527 vincerentur.
1131 2500 1201 2527 Cum
1229 2506 1292 2525 vero
1318 2498 1366 2531 ait,
1383 2509 1395 2522 α
1418 2498 1497 2532 Quod
1513 2497 1581 2525 mihi
1597 2498 1642 2525 de-

850 2547 918 2577 erat,
937 2555 950 2567 »
964 2543 1068 2571 indicat
1081 2551 1140 2571 sese
1152 2543 1216 2570 nihil
1228 2541 1364 2578 accepisse
1379 2542 1448 2570 ultra
1461 2543 1646 2570 necessarium

850 2596 940 2616 usum.
965 2588 1151 2624 Philippenses
1180 2591 1275 2615 autem
1304 2587 1416 2615 fuerunt
1444 2587 1491 2623 qui
1518 2587 1647 2614 aluerunt

850 2633 951 2669 ipsum.

885 2690 897 2701 «
913 2679 947 2705 Et
962 2678 991 2705 in
1006 2677 1136 2706 omnibus
1155 2677 1214 2705 sine
1228 2685 1313 2706 onere
1332 2685 1379 2704 me
1405 2676 1481 2704 vobis
1503 2675 1605 2703 servavi
1620 2678 1648 2702 et

847 2722 971 2750 servabo.
1000 2734 1012 2747 ι
1035 2722 1140 2751 [ndicat
1168 2723 1242 2758 quod
1263 2729 1412 2758 gravamen
1433 2719 1646 2752 arbitrabantur,

690 2784 788 2814 Variae
811 2785 964 2816 lectiones.

53 2836 71 2853 ⁸³
82 2839 121 2867 ἵνα
134 2841 176 2878 ίιμ..
191 2843 301 2880 ὓψωθῆτε
315 2853 342 2873 ο,
381 2844 402 2861 '9
416 2845 540 2871 τουτέστιν
555 2853 582 2873 ο.
621 2844 644 2862 ⁷ο
658 2845 708 2880 ίγὼ
723 2845 749 2871 δὲ
763 2844 789 2871 ἐν
805 2844 885 2880 ἐνδείᾳ
899 2853 926 2872 ο.
