1877 3081
15 183 70 209 917

473 171 648 202 EXPOSlTIO
669 171 699 198 IN
721 170 826 198 EPIST.
847 170 866 198 ll
886 170 931 197 AD
951 169 1029 197 COB.
1048 184 1082 189 —
1101 171 1175 197 CAP.
1196 171 1238 197 XI.

1621 171 1673 198 918

19 244 94 273 εἴποι
104 266 112 280 ,
127 241 168 272 ὅτι
184 240 229 271 καὶ
253 242 279 271 ἐν
295 239 380 279 τούτῳ
405 237 598 274 ἠλαττώθησαν
610 259 618 273 ,
636 237 676 264 ὅτι
692 245 721 263 τε
741 232 821 263 πλού·
836 235 860 266 Α

903 232 1094 268 seudapostoli,
1117 240 1204 268 neque
1218 232 1245 259 in
1260 232 1312 259 hoc
1332 232 1501 260 excellebant
1524 243 1529 260 :
1545 233 1596 260 nisi
1613 233 1675 268 quis

18 300 73 318 σιοι
93 287 169 320 ὄντες
188 285 264 315 αὐτοὶ
287 285 335 313 οὒκ
355 282 521 321 ἐλάμϐανον,
534 283 581 311 τοῦ
602 279 711 310 Παύλου
732 279 758 307 ἐν
773 289 823 307 πε-

18 333 61 372 νίᾳ
79 333 172 370 πολλῇ
188 329 225 369 μὴ
252 328 451 367 λαμϐάνοντος·
468 326 514 372 καὶ
527 324 567 354 ὅτι
589 324 647 372 oris-5
663 326 739 372 rebus
756 324 824 372 ἀλη-

19 368 71 410 θιῖές
99 368 255 414 κατῶρθουν
266 396 273 410 ,
302 374 361 402 ἀλλ’
378 370 562 412 ὑπεκρίνοντο·
580 371 594 398 ὁ
609 369 637 399 δέ
647 380 677 408 γε
698 368 823 398 Ἀπόστο-

18 423 62 454 λος
77 421 187 457 ἀληθῶς
201 419 348 459 κατώρθου.

67 523 82 541 (ι
100 512 139 541 Οἱ
153 510 205 551 γὰρ
214 511 326 540 τοιοῦτοι
339 506 566 549 ψευδαπόστολοι,
584 504 712 544 ἐργάται,
726 504 822 551 δόλιοι,

21 550 325 596 μετασχηματιζόμενοι
355 554 391 586 εἰς
419 551 579 584 ἀποστόλους
595 551 722 589 Χριστοῦ.
749 559 764 577 υ
787 550 812 579 Τ
815 550 824 578 ί

20 593 134 640 λέγειςξή
147 600 185 630 Οἱ
203 598 317 639 Χριστὸν
340 597 531 637 κηρύσσοντες,
545 596 569 625 οἱ
581 594 742 640 Εύαγγέλιον
764 593 822 640 ἔτι·

23 638 65 685 ρον
79 644 120 683 μὴ
140 638 322 683 ἐπεισάγοντες
332 642 368 679 ⁷⁷,
388 642 424 675 ὡς
446 639 570 685 ἀνωτέρω
595 638 718 678 εἴρηκας,
741 639 822 679 ψευδ-

23 689 171 719 απόστολοι
187 692 246 725 νῦν;
262 687 336 726 Ναὶ,
359 685 439 726 φησὶ,
460 685 493 714 δι’
505 684 569 714 αὐτὸ
592 686 670 714 τοῦτο
681 695 687 702 ·
711 684 823 722 ὑποκρι-

22 735 129 771 νόμενοι
157 733 211 773 γὰρ
242 734 342 768 ταῦτα,
376 730 462 770 λάθρα
493 728 587 759 ἀνόσια
616 729 822 768 παρεισφέρουσι

24 780 159 818 δόγματα.
182 792 194 804 ε
214 777 345 818 Ἐργάται
372 775 400 804 δὲ
417 775 518 811 δόλιοι,
534 785 548 804 »
576 773 642 804 καθὸ
667 773 822 818 ἐργάζεσθαι

24 824 71 862 μὲν
104 824 248 859 δοκοῦσιν,
279 822 418 851 ἇνασπῶσι
441 819 469 849 δὲ
493 819 527 848 τὰ
549 817 751 859 πεφυτευμένα,
776 817 822 846 καὶ

24 870 118 908 σχῆμα
141 867 221 906 μόνον
230 866 256 885 ⁷⁸
268 865 374 906 ἔχουσιν
396 863 567 901 ἀποστόλων,
585 863 631 894 καὶ
657 862 735 903 δορὰν
758 873 822 903 προ-

25 913 112 942 ϐάτων
122 935 131 949 ,
143 911 220 942 λύκοι
231 910 259 940 δέ
273 911 338 940 εἰσιν
353 909 445 943 ὅντως.

67 1010 79 1022 σι
95 996 153 1026 Καὶ
168 996 199 1025 οὗ
220 994 372 1033 θαυμαστόν
383 1006 390 1012 ·
405 992 482 1027 αὐτὸς
500 993 551 1033 γὰρ
565 993 580 1022 ὁ
596 993 720 1025 Σατανᾶς
740 1003 821 1030 μετα-

27 1041 224 1081 σχηματίζεται
253 1041 289 1072 εἰς
323 1039 433 1077 ἄγγελον
463 1038 557 1078 φωτός.
583 1051 594 1063 ι
619 1036 706 1066 ⁰Οταν
731 1036 782 1077 γὰρ
807 1038 822 1066 ὃ

27 1087 185 1119 διδάσκαλος
210 1085 297 1114 αὐτῶν
329 1083 415 1112 πάντα
441 1084 542 1123 τολμᾷ,
565 1082 638 1111 οὐδὲν
667 1081 821 1118 θαυμαστὸν

26 1131 69 1160 καὶ
80 1129 192 1163 τούτους
209 1130 347 1168 μιμεῖσθαι
371 1127 458 1157 αὐτόν.
478 1138 493 1156 ιι
507 1125 632 1166 Ἄγγελον
654 1125 681 1155 δὲ
703 1126 788 1165 φωτὸς
804 1139 819 1155 ιι

29 1175 97 1215 λέγει
111 1175 157 1204 τὸν
179 1173 327 1215 παρρησίαν
353 1173 467 1212 ἔχοντα,
486 1172 530 1201 τὸν
557 1173 594 1212 τῷ
623 1172 739 1211 ἀληθινῷ
755 1172 822 1211 φωτὶ

27 1221 185 1260 παρεστῶτα
194 1241 203 1256 ,
217 1219 261 1248 τὸν
275 1217 438 1260 ἀγγέλλοντα
453 1215 492 1246 ὅτι
507 1216 552 1245 καὶ
567 1218 580 1245 ὃ
591 1216 659 1250 Θεὸς
670 1217 724 1256 φῶς
736 1217 820 1254 ἐστιν,

30 1267 54 1294 ἐν
127 1265 176 1294 καὶ
202 1262 282 1293 αὐτὸν
303 1258 370 1292 εἶναι
392 1263 456 1302 φῶς.
478 1261 751 1302 Μετασχηματίζιται
776 1262 822 1291 καὶ

29 1311 63 1343 εἷς
81 1311 199 1339 τοιοῦτον
208 1307 234 1327 ⁷⁰
251 1310 264 1337 ὁ
281 1307 419 1343 διάϐολος,
445 1307 474 1335 οὖ
492 1307 593 1346 γίνιται
616 1308 742 1339 τοιοῦτος.
764 1306 821 1336 Οὕ-

29 1366 76 1387 τως
89 1349 133 1384 οὖν
151 1353 199 1383 καὶ
211 1348 280 1383 οὗτοι
295 1354 390 1392 σχῆμα
411 1351 489 1390 μόνον
509 1350 632 1391 φέρουσιν
651 1350 820 1389 ἀποστόλων,

29 1400 72 1428 οὐκ
86 1399 172 1434 αὐτὴν
198 1398 246 1434 τὴν
263 1397 406 1437 ἐνέργειαν.
430 1397 606 1434 Μανθάνομεν
631 1395 658 1425 δὲ
681 1396 819 1434 ἐντεῦθεν,

31 1443 67 1472 ὅτι
87 1442 208 1483 τὸ-πρὸς
235 1441 357 1476 ἐπίδειξίν
371 1445 377 1479 ξ
393 1453 418 1471 τι
449 1441 533 1471 ποιεῖν
565 1440 682 1480 μάλιστα
712 1440 819 1470 πάντων

31 1487 187 1518 διαϐολικόν.

877 276 962 310 dicat.
976 277 1050 313 quod
1061 277 1087 304 in
1102 276 1155 304 hoc
1162 277 1245 304 etiam
1258 276 1403 304 inferiores
1411 277 1478 310 sint,
1487 277 1559 312 quod
1574 277 1675 305 divitiis

876 321 1018 350 affluentes
1043 322 1092 357 ipsi
1107 321 1173 349 nihil
1199 321 1363 357 acciperent,
1387 329 1450 348 cum
1481 321 1579 349 Paulus
1599 330 1633 349 ne
1647 323 1674 349 in

879 367 963 395 multa
976 366 1086 402 quidem
1101 370 1217 402 egestate
1230 366 1379 402 quidquam
1390 365 1525 401 acceperit
1539 374 1546 392 :
1560 370 1588 393 et
1601 367 1674 402 quod

877 419 966 448 neque
976 411 1029 439 hoc
1048 419 1111 439 vere
1128 411 1314 447 perﬁciebant,
1328 410 1375 438 sed
1394 410 1560 438 simulabant
1578 420 1584 436 :
1602 411 1673 446 Apo-

878 456 966 485 stolus
977 460 1071 484 autem
1087 464 1181 484 revera
1200 455 1365 492 perﬁciebat.

913 502 1002 529 Vsus.
1019 504 1062 529 13.
1080 513 1093 525 ι
1118 502 1188 528 Nam
1211 499 1369 536 huiusmodi
1393 499 1595 536 pseudapostoli
1610 504 1674 527 sunt

876 546 993 582 operarii
1015 545 1137 579 subdoli,
1167 545 1397 581 transﬁgurantes
1427 552 1457 573 se
1478 544 1508 572 in
1535 544 1674 580 apostolos

876 591 988 620 Christi.
1015 602 1028 615 ιι
1052 590 1124 626 Quid
1140 590 1196 618 ais?
1227 590 1365 618 Christum
1397 589 1600 622 annuntiantes,
1623 597 1674 617 nec

875 635 948 664 aliud
971 635 1145 671 Evangelium
1164 635 1379 669 introducentes,
1398 638 1429 662 ut
1453 641 1534 670 supra
1549 641 1674 662 comme-

875 682 1001 716 morasti,
1030 682 1233 718 pseudapostoli
1262 689 1335 709 nunc
1358 682 1444 709 sunt?
1476 682 1535 712 Nae.
1576 680 1673 716 inquit,

876 731 988 763 propter
1007 727 1060 756 hoc
1081 726 1182 762 ipsum.
1206 727 1260 754 Ista
1274 726 1348 754 enim
1366 726 1541 760 simulantes,
1562 726 1674 753 clancu-

875 773 933 801 lum
948 772 1032 808 impia
1045 772 1175 807 dogmata
1191 771 1374 800 snbinfcrunt.
1388 782 1401 795 ι
1415 771 1540 806 Operarii
1555 783 1566 794 ιι
1581 775 1674 798 autem

878 829 890 842 α
903 817 1002 851 dolosi,
1026 829 1040 841 ιι
1055 821 1190 853 quatenus
1207 816 1312 852 operari
1336 815 1450 852 quidem
1476 815 1614 849 videntur,
1631 823 1671 843 re-

877 862 979 890 vellunt
993 866 1084 889 autem
1096 862 1227 898 plantam,
1248 869 1280 888 ac
1299 861 1415 897 ﬁguram
1434 865 1542 888 tantum
1570 860 1674 888 habent

878 907 1077 942 apostolorum,
1105 911 1133 934 et
1154 905 1251 942 pellem
1278 906 1382 939 ovium,
1412 905 1468 941 lupi
1492 909 1586 933 autem
1610 908 1673 932 sunt

875 959 979 980 revera.

911 998 1002 1024 Vsus.
1017 999 1059 1024 I4.
1075 1008 1088 1020 ιι
1105 997 1161 1024 Nec
1174 995 1246 1024 enim
1260 995 1373 1023 mirum.
1390 995 1449 1030 Ipse
1463 1002 1581 1031 namque
1596 995 1671 1022 Sata-

877 1041 1108 1076 nastransﬁgurat
1120 1048 1148 1068 se
1163 1041 1190 1068 in
1199 1041 1327 1076 angelum
1338 1039 1415 1068 lucis.
1434 1051 1446 1064 ν
1462 1039 1546 1075 304
1556 1039 1673 1074 Quando

875 1086 973 1114 doctor
997 1094 1092 1114 eorum
1116 1086 1230 1112 Satanas
1252 1084 1345 1112 omnia
1370 1084 1462 1116 audet,
1490 1084 1553 1111 nihil
1570 1084 1673 1111 mirum

876 1130 926 1158 hos
938 1130 1037 1158 imitari
1054 1130 1152 1166 ipsum.
1175 1130 1310 1165 Angelum
1326 1133 1420 1157 autem
1451 1128 1520 1157 lucis
1535 1128 1597 1156 dicit
1609 1136 1673 1155 eum

876 1175 922 1211 qui
937 1175 1064 1203 ﬁduciam
1087 1175 1179 1207 habet,
1208 1175 1254 1210 qui
1270 1181 1337 1201 vero
1352 1173 1450 1201 lumini
1467 1177 1549 1207 astat,
1565 1173 1610 1209 qui
1625 1181 1674 1208 per

876 1221 928 1250 hoc
953 1222 1027 1258 quod
1044 1222 1101 1258 ipse
1114 1222 1206 1249 lumen
1231 1221 1277 1255 sit,
1299 1220 1419 1249 ostendit
1445 1219 1519 1256 quod
1543 1224 1571 1248 et
1597 1221 1674 1248 Deus

876 1266 970 1294 lumen
988 1271 1038 1294 est.
1069 1266 1200 1294 Diabolus
1215 1273 1278 1293 vero
1305 1265 1333 1293 in
1350 1265 1432 1292 talem
1450 1265 1672 1297 transformatnr,

876 1319 933 1339 non
955 1315 1047 1339 autem
1061 1311 1121 1338 talis
1136 1311 1175 1338 lit.
1192 1311 1272 1338 Hunc
1283 1310 1317 1338 ad
1335 1309 1450 1337 modum
1464 1313 1491 1336 et
1508 1309 1546 1336 illi
1559 1309 1673 1344 ﬁguram

876 1360 984 1384 tantum
1007 1355 1195 1391 apostolorum
1217 1358 1329 1391 gerunt,
1341 1361 1397 1381 non
1410 1354 1496 1389 ipsam
1511 1352 1671 1381 efﬁcaciam.

876 1401 948 1428 Hinc
961 1405 1051 1428 autem
1061 1400 1193 1428 discimus
1204 1399 1277 1435 quod
1289 1399 1324 1427 ad
1347 1398 1559 1426 ostentationem
1573 1396 1673 1433 aliquid

875 1444 962 1473 facere
977 1445 1099 1473 maxime
1112 1445 1148 1473 sit
1166 1444 1340 1472 diabolicum.

69 1545 83 1560 ι
96 1533 136 1563 Οὐ
153 1532 225 1572 μέγα
239 1527 283 1561 οὖν
299 1532 321 1561 εἷ
342 1531 386 1561 καὶ
410 1533 434 1561 οἱ
450 1529 565 1560 διάκονοι
580 1531 660 1560 αὐτοῦ
682 1542 820 1570 μετασχη-
836 1541 858 1572 C

911 1537 1000 1564 Vens.
1016 1537 1063 1563 15.
1078 1546 1090 1559 «ι
1107 1536 1169 1562 Non
1183 1538 1226 1562 est
1239 1541 1303 1570 ergo
1318 1541 1462 1569 magnum,
1478 1533 1500 1560 si
1516 1536 1542 1560 et
1555 1531 1671 1559 ministri

33 1578 181 1615 ματίζονται
212 1578 247 1610 ὡς
271 1576 387 1606 διάκονοι
419 1574 604 1614 δικαιοσύνης,
619 1570 656 1604 ὧν
683 1575 712 1604 τὸ
747 1576 821 1610 τέλος

32 1622 99 1651 ἔσται
110 1620 226 1651 κατὰτὰ
239 1620 302 1661 ἔργα
317 1623 414 1650 αὐτῶν.
430 1631 445 1649 »
463 1619 606 1650 Τουτέστιν
616 1641 625 1655 ,
649 1621 684 1653 ὡς
705 1620 821 1650 διάκονοι

33 1669 73 1695 τοῦ
88 1665 252 1705 Εὖαγγελίου
266 1667 311 1694 τοῦ
337 1665 385 1701 τὴν
407 1665 571 1700 δικαιοσύνην
587 1664 692 1704 ἔχοντος
703 1676 710 1683 ο
735 1664 753 1701 ἢ
778 1666 821 1696 ὅτι

34 1711 132 1740 δικαίων
161 1711 261 1750 ἀνδρῶν
291 1709 366 1744 δόξαν
400 1711 501 1743 ἑαυτοῖς
532 1708 728 1748 περιτιθέασιν·
758 1711 820 1740 ἀλλ’

33 1756 74 1784 οὐκ
96 1755 264 1796 ἐκφεύξονται
290 1756 325 1788 εἰς
342 1754 428 1788 τέλος”
442 1753 512 1784 κατὰ
526 1753 577 1793 γὰρ
597 1753 630 1782 τὰ
653 1753 718 1793 ἔργα
734 1755 820 1786 αὐτῶν

34 1800 102 1829 ἔσται
125 1801 157 1830 τὸ
183 1800 255 1832 τέλος
287 1800 389 1835 αὐτῶν,
411 1798 548 1837 τουτέστι,
576 1798 702 1837 πονηρόν.
732 1798 821 1831 Ὥστε

35 1845 82 1873 ἀπὸ
110 1847 164 1875 τῶν
190 1844 273 1885 ἔργων
303 1845 388 1873 αὐτῶν
421 1843 622 1882 ἕπιγνωσόμεθα
647 1843 740 1877 αὐτούς
756 1856 763 1863 ·
790 1845 821 1875 τὸ

34 1888 80 1928 γὰρ
94 1889 168 1922 τέλος
182 1889 349 1925 κατάλληλον
365 1893 418 1922 τοῖς
429 1888 513 1928 ἔργοις
527 1887 638 1922 ἕξουσιν.

72 1945 86 1960 ι
101 1934 189 1964 Πάλιν
207 1933 276 1972 λέγω
294 1933 342 1971 (μή
365 1933 403 1966 τίς
429 1927 469 1972 μεν
484 1932 546 1972 δόξῃ
567 1932 667 1972 ἄφρονα
694 1927 760 1963 ιῖναι
774 1945 781 1952 ·
797 1935 819 1963 εἰ

34 1976 58 2006 δὲ
74 1978 109 2016 μή
128 1990 157 2018 γε
168 2001 176 2014 ,
199 1977 249 2008 κᾶν
263 1980 298 2012 ὥς
313 1978 416 2019 ἄφρρνα
433 1976 538 2012 δέξασθέ
560 1989 608 2015 με,
629 1976 673 2006 ἵνα
688 1977 762 2016 κάγὼ
778 1991 820 2017 μι-

35 2022 89 2061 κρόν
102 2035 127 2053 τι
146 2023 339 2063 καυχήσωμαι.
355 2034 369 2051 n
387 2022 422 2051 Εἰ
443 2021 494 2062 γὰρ
517 2021 563 2050 καὶ
583 2020 635 2057 ἤδη
658 2023 820 2063 προδιορθώ-

37 2077 99 2096 σεσιν
113 2068 264 2109 ἐχρήσατο,
288 2068 347 2096 ἀλλ’
361 2067 447 2105 ὅμως,
474 2067 533 2097 Οὐκ
561 2068 709 2106 ἀρκοῦμαι,
739 2069 819 2108 φησὶ,

36 2115 82 2144 τοῖς
105 2112 270 2152 εἰρημένοις,
293 2112 361 2141 ἀλλὰ
386 2111 467 2141 πάλιν
481 2110 566 2149 λέγω,
589 2110 633 2140 ἵνα
656 2125 667 2137 ι
685 2111 762 2149 μήτις
787 2125 820 2151 με

37 2156 89 2195 διῆῃ
105 2157 211 2198 ἄφρονας
227 2152 303 2186 εἶναι.
325 2170 337 2183 ι
358 2156 400 2187 Τὸ
414 2156 462 2195 μὲν
482 2156 534 2196 γὰρ
555 2159 706 2196 καυχᾶσθαι
729 2157 820 2192 ἁπλῶς

38 2202 175 2240 ἀψροσύνης
204 2201 289 2232 ἐστίν·
316 2201 368 2240 ἐγὼ
392 2201 420 2230 δὲ
449 2202 499 2240 οὐχ
527 2202 561 2234 ὣς
597 2201 704 2237 ἀνόητος
740 2204 816 2232 τοῦτο
833 2212 859 2244 D
873 2216 940 2236 esse.
962 2220 974 2231 η

37 2248 112 2284 ποιῶ,
136 2248 196 2276 ἀλλ’
213 2246 432 2286 ἀναγκαζόμενος.
457 2245 552 2284 σΟμως
578 2246 600 2274 εἰ
625 2245 663 2284 μὴ
690 2247 818 2286 συγγινώ-

38 2291 106 2320 σκετέ
119 2304 176 2330 μοι,
199 2291 258 2321 ἀλλ’
277 2292 306 2320 ἐκ
330 2290 426 2324 παντὸς
442 2290 543 2330 ἄφρονα
565 2290 610 2319 καὶ
626 2290 672 2328 ἐμὲ
697 2292 816 2331 κρίνετε,

38 2333 112 2364 καίτοι
129 2336 197 2366 κατὰ
227 2336 346 2375 ἀνάγκην
365 2335 554 2375 καυχώμινον,
583 2336 612 2365 οὐ
634 2339 817 2375 παραιτοῦμαι

37 2380 114 2410 τοῦτο.
142 2382 247 2411 Οὐκοῦν
270 2382 305 2414 ὡς
321 2381 429 2420 ἄφρονος
456 2380 581 2420 ἀνέχεσθέ
606 2391 656 2418 μου
678 2381 816 2419 λέγοντος,

42 2433 54 2450 (ι
65 2422 104 2452 ἵνα
116 2425 205 2465 κάγὼ,
214 2437 228 2454 n
243 2425 376 2455 τουτέστιν
385 2447 393 2462 ,
410 2425 501 2465 ὥσπερ
515 2427 626 2460 ἐκεῖνοι,
644 2436 660 2452 α
675 2425 818 2466 καυχήσωε

39 2473 123 2508 μιαί·
140 2470 209 2499 ἀλλὰ
226 2470 271 2499 καὶ
286 2473 362 2500 τοῦτο
380 2481 393 2498 α
414 2469 507 2510 μικρόν
519 2481 555 2499 τι.
572 2481 598 2509 ι)¹

75 2568 88 2585 (ί
98 2557 133 2588 ⁸0
145 2560 234 2596 λαλῶ,
245 2560 274 2588 οὖ
284 2560 359 2589 λαλῶ
370 2558 439 2588 κατὰ
450 2558 546 2599 Κύριον
555 2582 564 2598 ,
579 2559 637 2589 ἀλλ’
648 2560 683 2593 ὡς
697 2560 724 2589 ἐν
738 2560 819 2600 ἀφρο-

40 2600 106 2640 δύνῃ,
131 2605 155 2633 ἔν
180 2605 262 2644 ταύτῃ
323 2604 470 2633 ὓποστάσει
489 2606 537 2639 τ’ἧς
555 2604 722 2644 καυχήσεως,
745 2617 758 2634 ι)
777 2605 816 2635 ⁸0

39 2645 118 2683 λαλῶ,
140 2650 233 2689 φησὶν,
261 2651 310 2679 οὒκ
331 2648 389 2678 ἔστι
410 2648 480 2678 κατὰ
505 2648 618 2688 Κύριον,
632 2649 766 2688 τουτέστι,
783 2651 816 2680 τὰ

41 2689 151 2727 ῥήμαται
170 2695 185 2723 ὁ
209 2694 236 2724 δὲ
259 2693 356 2728 σκοπὸς
375 2695 428 2723 τῶν
453 2693 597 2734 ῥημάτων,
622 2694 722 2735 σφόδρα
748 2695 816 2725 κατὰ

875 1581 935 1616 ejus
949 1580 1180 1615 transﬁgurantur
1188 1579 1269 1607 veluti
1281 1577 1538 1614 ministrijustitiae,
1554 1584 1671 1612 quorum

876 1625 938 1653 ﬁnis
951 1625 1002 1653 erit
1019 1624 1172 1652 secundum
1183 1631 1265 1659 opera
1285 1624 1419 1659 ipsorum.
1440 1632 1453 1649 η
1473 1623 1534 1650 Hoc
1551 1626 1602 1654 est,
1623 1629 1674 1648 ceu

876 1671 994 1698 ministri
1031 1669 1167 1706 Evangelii
1198 1669 1330 1704 iustitiam
1364 1667 1504 1702 habentis,
1524 1667 1565 1694 vel
1599 1666 1673 1702 quod

872 1715 1010 1751 justorum
1028 1715 1148 1742 virorum
1165 1713 1283 1749 gloriam
1302 1712 1433 1748 sibiispsis
1445 1713 1670 1747 circumponunt.

875 1760 929 1788 Sed
947 1768 1002 1788 non
1017 1759 1151 1795 effugient
1173 1758 1283 1786 tandem
1298 1767 1305 1785 :
1328 1757 1478 1785 secundum
1498 1757 1571 1784 enim
1589 1763 1672 1792 opera

876 1813 983 1838 eorum,
1022 1805 1075 1832 erit
1106 1803 1188 1831 etiam
1213 1803 1275 1830 ﬁnis
1308 1810 1416 1835 eorum,
1448 1801 1475 1829 id
1508 1807 1550 1828 est
1570 1801 1669 1828 malus.

876 1852 968 1885 Itaque
984 1849 1019 1876 ab
1043 1848 1171 1884 operibus
1201 1847 1326 1883 ipsorum
1353 1853 1536 1881 agnoscemus
1561 1845 1634 1880 ipsos
1664 1854 1670 1871 :

876 1895 959 1922 ﬁnem
981 1893 1055 1921 enim
1079 1891 1291 1927 respondentem
1306 1890 1433 1926 operibus
1451 1889 1603 1917 habebunt.

910 1941 1000 1967 Vsus.
1019 1941 1062 1965 16.
1079 1948 1091 1961 ι
1108 1939 1212 1965 lterum
1236 1935 1297 1963 dico
1321 1935 1366 1970 (ne
1380 1934 1440 1970 quis
1452 1937 1529 1970 putet
1541 1941 1587 1961 me
1602 1933 1670 1960 insi-

875 1984 992 2021 pientem
1017 1990 1076 2010 esse
1100 1992 1106 2009 :
1128 1981 1259 2017 alioquin,
1281 1980 1321 2007 vel
1346 1983 1478 2015 tanquam
1499 1978 1671 2013 insipientem

874 2029 988 2065 accipite
1009 2035 1063 2060 me,
1088 2030 1119 2054 ut
1143 2031 1170 2054 et
1193 2034 1243 2061 ego
1263 2024 1403 2053 modicum
1424 2023 1491 2060 quid
1510 2023 1631 2059 glorier).
1656 2034 1668 2046 ι

875 2073 990 2102 Etiamsi
1004 2073 1078 2100 enim
1094 2071 1179 2099 multa
1189 2071 1248 2107 jam
1261 2069 1431 2105 mitigatione
1445 2076 1512 2096 usus
1526 2071 1594 2101 erat,
1608 2068 1671 2094 Non

874 2122 1019 2147 contentus
1028 2121 1120 2145 tamen
1132 2124 1205 2148 sum,
1221 2115 1319 2151 inquit,
1331 2113 1564 2146 commemoratis,
1576 2119 1670 2140 verum

875 2164 976 2191 iterum
1001 2163 1072 2194 dico,
1090 2173 1103 2186 οι
1130 2169 1164 2188 ne
1184 2160 1244 2196 quis
1269 2168 1314 2187 me
1336 2159 1473 2186 existimet
1497 2157 1670 2192 insipientem

1003 2207 1123 2235 Gloriari
1147 2206 1220 2233 enim
1252 2204 1409 2240 simpliciter
1428 2202 1583 2238 insipientia
1600 2206 1642 2229 est
1661 2212 1666 2229 :

872 2261 922 2290 ego
941 2256 1033 2281 autem
1056 2259 1111 2279 non
1136 2255 1271 2285 tanquam
1290 2249 1418 2284 insipiens
1441 2247 1493 2275 hoc
1522 2246 1604 2279 facio,
1623 2246 1671 2274 sed

872 2301 992 2326 coactus.
1009 2298 1137 2324 Attamen
1150 2295 1172 2323 si
1184 2294 1250 2322 mihi
1262 2302 1318 2321 non
1333 2292 1484 2328 ignoscitis,
1499 2291 1546 2319 sed
1558 2291 1672 2318 omnino

872 2341 1044 2378 insipientem
1068 2347 1112 2368 me
1130 2339 1270 2376 judicatis,
1304 2337 1410 2365 etiamsi
1434 2336 1594 2364 necessitate
1624 2335 1673 2363 ad-

872 2391 950 2414 actus
972 2386 1082 2422 glorier,
1097 2392 1152 2412 non
1169 2383 1293 2412 detrecto
1314 2382 1376 2410 hoc.
1400 2381 1518 2410 Proinde
1537 2385 1671 2416 tanquam

872 2431 1046 2467 insipientem
1061 2430 1190 2458 sustinete
1200 2436 1245 2456 me
1260 2429 1426 2464 loquentem,
1441 2430 1471 2454 ut
1486 2430 1514 2454 et
1532 2433 1595 2461 ego,
1618 2425 1671 2452 hoc

872 2480 923 2509 est,
937 2475 1049 2512 perinde
1077 2483 1108 2502 ac
1123 2474 1170 2508 illi,
1199 2473 1315 2508 glorier;
1341 2472 1387 2500 sed
1409 2475 1436 2500 et
1456 2471 1507 2499 hoc
1531 2470 1671 2498 modicum

873 2521 950 2557 quid.

907 2567 996 2594 Vens.
1015 2568 1054 2593 l7.
1079 2576 1091 2588 ι
1108 2563 1187 2600 Quod
1207 2564 1312 2599 loquor,
1331 2570 1387 2590 non
1400 2562 1498 2598 loquor
1516 2560 1669 2588 secundmn

872 2611 1032 2644 Dominum,
1047 2609 1096 2638 sed
1113 2609 1188 2646 quasi
1208 2610 1236 2636 in
1249 2608 1414 2644 insipientia,
1430 2608 1459 2634 in
1482 2607 1531 2633 hac
1546 2605 1670 2632 substan-

870 2656 908 2684 tia
933 2655 1114 2691 gloriationis.
1146 2667 1158 2679 ν
1187 2653 1270 2688 Quod
1298 2655 1406 2689 loquor,
1432 2651 1528 2686 inquit,
1552 2657 1608 2677 non
1627 2653 1668 2676 est

871 2700 1023 2729 secundum
1039 2700 1201 2734 Dominum,
1212 2706 1311 2734 nempe
1324 2697 1346 2726 si
1362 2696 1442 2725 verba
1465 2698 1571 2730 spectes
1587 2703 1594 2721 :
1610 2701 1669 2720 sco-

714 2753 810 2784 Variaa
831 2755 983 2784 lectiones.

69 2805 87 2821 ⁷⁷
100 2806 295 2844 ἐπιγινώσκοντες
307 2817 335 2838 0.
373 2809 394 2827 7'
410 2809 454 2846 μὲν
468 2818 495 2839 o.
534 2810 555 2827 τ’
569 2812 657 2838 τοῦτον
673 2819 700 2840 0.
