1877 3081
191 179 242 205 919

699 175 956 203 THEOPHYLACTI
977 173 1155 202 BULGARl/E
1173 172 1330 200 ARClllEP.
1793 170 1832 196 920

189 247 240 276 pus
259 247 322 267 vero
338 239 484 267 verborum
499 243 541 267 est
562 238 712 267 admodum
726 237 878 266 secundum
890 237 985 265 Domi-

1090 247 1153 275 ριον.
1168 236 1226 266 Οὔκ
1243 230 1301 264 εἶπε
1324 234 1367 271 δὲ,
1389 234 1436 264 Ἔν
1461 233 1613 274 ἀφροσύνῃ,
1630 233 1692 263 ἀλλ’
1703 256 1713 271 ,
1730 247 1743 258 ι
1759 232 1803 265 Ὡς
1814 235 1832 261 ἰν

189 293 268 313 num.
284 286 347 312 Non
362 284 427 312 dixit
441 288 544 317 autem,
565 285 596 311 ln
619 283 783 319 insipientia,
799 283 856 314 sed.
873 295 885 307 ιι
899 283 990 310 Veluti

191 330 219 357 in
235 329 388 364 insipientia
416 338 423 356 :
457 340 469 353 ιο
503 328 612 356 videtur
645 329 720 355 enim
747 327 900 362 insipientia
929 334 990 355 esse

191 374 317 410 gloriatio
332 381 393 401 mea
406 384 411 401 :
434 382 487 401 non
499 378 539 401 est
553 377 645 400 autem
660 381 763 400 revera.
779 373 819 400 Ut
831 377 923 400 autem
933 380 990 399 non

191 418 332 446 existimes
353 417 426 453 quod
454 417 552 453 ubique
573 417 600 444 in
621 417 774 452 insipientia
799 416 938 452 loquatur,
963 419 992 444 et

190 471 247 490 non
261 462 412 490 secundum
425 462 590 496 Dominum,
601 463 647 495 ait,
663 464 694 489 In
708 462 758 490 hac
778 466 853 498 parte
885 460 990 496 gloria-

188 507 284 539 tionis,
300 516 357 535 non
371 508 399 534 in
415 507 552 543 aliquibus
567 507 636 535 aliis.

223 553 314 579 Vens.
333 554 375 579 18.
394 563 406 575 ιι
423 552 563 586 Quoniam
579 551 658 579 multi
673 551 824 587 gloriantur
836 550 989 578 secundum

189 604 310 629 carnem,
335 601 362 624 et
377 604 427 632 ego
449 596 596 632 gloriabor.
616 608 628 620 ιι
654 597 714 623 Hoc
731 601 782 629 est,
803 595 837 623 de
861 594 989 628 externis,

191 641 225 668 de
238 641 343 677 generis
357 641 512 677 splendore,
533 640 567 668 de
589 641 809 673 circumcisione,
825 640 858 667 de
878 639 988 675 majori-

191 686 241 713 bus
260 685 392 714 Hebreis.
420 686 481 712 Hoc
501 686 577 713 enim
601 689 641 712 est
660 684 735 721 quod
759 693 817 712 non
838 684 990 712 secundum

190 730 343 757 Dominum
359 730 489 765 loquitur,
506 737 569 756 cum
594 728 630 756 ob
645 728 802 764 huiusmodi
823 728 955 763 gloriatur
983 737 988 754 :

190 785 250 813 quae
264 777 336 805 enim
360 777 463 804 utilitas
480 776 629 804 Hebraaum
648 777 722 803 esse?
749 777 812 803 Non
832 775 914 809 igitur
933 778 991 801 tan-

191 830 277 858 quam
298 822 426 849 virtutem
455 821 514 848 haec
540 829 626 856 pono,
652 827 749 847 verum
771 819 911 846 enimvero
925 818 990 854 quia
1005 832 1029 863 Β

191 867 224 894 illi
244 867 273 894 in
293 866 451 901 hujusmodi
465 874 494 894 se
509 866 622 901 iactant,
645 864 708 892 inde
730 869 758 892 et
779 872 829 900 ego
844 871 990 898 compara-

193 912 297 939 tionem
313 910 403 938 faeere
417 919 511 946 cogor.

227 955 310 991 305
318 957 407 983 Vens.
418 958 458 982 l9.
472 967 484 979 α
496 955 624 982 Libenter
633 955 708 982 enim
717 953 856 981 sustinetis
866 952 991 988 insipien-

189 1005 230 1028 tes
244 1008 307 1028 cum
319 1000 377 1028 sitis
392 1000 443 1036 ipsi
452 1000 595 1035 sapientes.
614 1012 624 1023 ιι
641 1001 708 1033 Vos,
725 998 821 1034 inquit,
837 997 935 1034 cogitis
947 1004 991 1024 me

188 1045 251 1073 talia
272 1045 361 1073 dicere
386 1053 392 1070 ε
418 1045 469 1072 nisi
496 1045 570 1072 enim
597 1049 624 1072 et
643 1052 692 1071 vos
714 1042 903 1078 Suscepissetis
918 1042 988 1075 illos,

189 1094 216 1117 et
245 1097 276 1117 ex
298 1089 350 1117 hoc
375 1089 495 1116 viderem
525 1097 572 1116 vos
596 1089 669 1120 laedi,
701 1088 754 1115 huc
775 1095 825 1123 ego
848 1094 915 1114 sane
934 1094 990 1114 non

189 1142 279 1162 essem
302 1142 472 1170 progressus.
500 1134 663 1169 Insipieutes
686 1137 777 1161 autem
808 1135 887 1159 vocat
932 1139 989 1163 eos,

189 1179 235 1214 qui
259 1183 370 1215 propter
385 1178 501 1206 carnalia
526 1179 683 1214 gloriantur.
711 1177 737 1205 Si
753 1177 826 1204 enim
848 1176 882 1203 de
907 1175 988 1211 spiri-

190 1223 309 1251 tualibus
332 1223 455 1259 gloriari,
471 1223 594 1251 stultitia:
620 1223 729 1259 signum
752 1227 877 1258 :quanto
893 1221 989 1256 magis,

189 1267 223 1295 de
243 1268 324 1295 rebus
345 1275 406 1303 quae
426 1268 542 1295 omnino
556 1275 611 1295 non
625 1269 710 1295 sunt?
731 1266 813 1301 Quod
829 1271 921 1295 autem
941 1267 988 1299 ait,

191 1324 203 1336 σι
218 1312 378 1348 lusipientes
393 1320 457 1339 cum
476 1312 546 1346 sitis,
561 1324 574 1336 α
596 1312 752 1348 jucundum
781 1320 846 1339 sane
870 1312 986 1344 videtur,

189 1362 379 1385 verumtamen
393 1358 594 1385 accusationem
606 1356 838 1385 vehementiorem
847 1356 986 1384 continet:

189 1402 325 1436 Quoniam
334 1402 464 1436 scientes,
481 1402 580 1437 inquit,
595 1402 722 1436 peccatis.
736 1402 808 1429 Nam
822 1401 844 1429 si
859 1401 989 1436 insipien-

188 1451 228 1474 tes
240 1448 343 1481 essetis,
356 1447 433 1474 venla
448 1447 529 1474 eratis
548 1447 634 1482 digni.

223 1493 312 1520 Vnus.
327 1495 376 1520 20.
397 1503 411 1518 «
425 1492 573 1519 Sustinetis
588 1491 661 1519 enim
677 1492 701 1518 si
716 1490 776 1526 quis
789 1499 837 1518 vos
852 1492 878 1519 in
897 1491 986 1519 servi-
1005 1505 1026 1536 Ο

188 1540 274 1564 tutem
296 1536 401 1572 redigit.
425 1547 437 1559 ιι
453 1536 573 1563 Observa
587 1541 718 1570 quantam
740 1536 919 1563 servilitatem
937 1537 989 1564 C0-

187 1580 354 1608 rinthiorum
375 1583 493 1612 aecuset,
511 1583 539 1606 et
558 1579 631 1614 quod
646 1587 727 1614 supra
744 1578 858 1606 modum
877 1578 990 1614 pseuda-

189 1625 304 1659 postolis
317 1632 345 1651 se
358 1623 556 1651 submiseraut.

228 1669 282 1695 «Si
306 1669 367 1704 quis
386 1668 510 1702 devorat,
526 1669 547 1696 si
573 1669 635 1703 quis
650 1668 760 1702 accipit.
780 1681 791 1692 ιι
810 1668 904 1696 Viden'
920 1669 992 1704 quod

191 1712 293 1739 indicet
318 1720 365 1739 eos
384 1711 518 1746 accipere,
547 1711 628 1747 idque
642 1720 707 1739 cum
720 1711 890 1748 hyperbole?
911 1714 992 1746 Nam,

190 1768 202 1780 «
226 1758 357 1789 Devorat,
374 1767 386 1780 ιι
415 1756 467 1784 hoc
495 1755 643 1792 signiﬁcat.
663 1757 760 1792 Itaque
777 1760 805 1784 et
819 1757 891 1792 quod
910 1765 992 1792 supra

188 1801 265 1835 dixit,
290 1813 302 1825 ι
325 1802 365 1829 Ut
380 1801 406 1828 in
422 1809 478 1837 quo
500 1801 668 1837 gloriantur,
700 1812 712 1825 ν
733 1801 802 1828 bene
821 1801 900 1829 dixit.
927 1802 992 1829 Glo-

187 1846 336 1874 riationem
365 1845 441 1873 enim
460 1846 559 1879 solam,
586 1854 642 1873 non
671 1845 815 1873 veritatem
845 1845 992 1879 habebant,

187 1891 346 1918 simulantes
369 1898 397 1918 se
421 1898 478 1918 non
493 1890 628 1926 accipere.

223 1948 234 1960 (ι
258 1936 285 1963 Si
300 1935 362 1971 quis
376 1935 526 1963 extollitur.
550 1947 561 1959 ιι
579 1936 640 1962 Hoc
655 1940 706 1966 est,
723 1934 745 1962 si
762 1935 822 1970 quis
834 1935 860 1962 in
874 1940 992 1970 potesta-

187 1984 244 2007 tem
271 1988 350 2007 suam
376 1987 424 2007 vos
445 1979 558 2015 redigit,
585 1983 612 2006 et
638 1983 736 2006 contra
768 1987 816 2007 vos
847 1980 993 2010 attollitur.

186 2026 280 2059 Neque
305 2024 377 2051 enim
414 2025 496 2051 mites
521 2024 627 2051 domini
654 2028 729 2055 sunt,
756 2023 803 2052 sed
830 2025 941 2052 onerosi
967 2032 995 2056 et

190 2068 310 2096 molesti.

224 2123 236 2136 «
257 2112 283 2140 Si
298 2112 359 2148 quis
369 2120 418 2140 vos
434 2112 461 2140 in
477 2112 575 2140 faciem
599 2112 692 2146 caedit,
704 2114 783 2149 juxta
798 2113 994 2141 contumeliam

187 2158 294 2193 loquor.
309 2167 322 2183 ι)
339 2156 434 2184 Vidisti
454 2157 590 2185 iutensam
604 2162 630 2185 et
645 2157 837 2186 vehementem
858 2158 985 2193 injuriam

186 2205 265 2238 atque
287 2202 476 2238 arrogantiam
492 2211 498 2229 :
520 2202 586 2238 ipsis
601 2202 675 2230 enim
695 2207 826 2238 tanquam
842 2203 986 2237 mancipiis

186 2247 338 2274 utebantur.
364 2249 431 2274 Haec
455 2252 549 2274 autem
583 2247 660 2280 dicit,
675 2255 731 2274 non
749 2248 822 2282 quod
844 2248 870 2274 in
887 2247 984 2275 faciem

187 2291 407 2325 verberarentur,
438 2299 531 2318 verum
551 2291 624 2326 quod
640 2299 695 2319 non
709 2291 816 2319 tninora
829 2295 986 2327 paterentur

1046 280 1189 320 ἀφροσύνῃ.
1212 291 1227 308 ι)
1245 279 1336 309 Ἔοικε
1356 279 1407 318 γὰρ
1433 277 1568 318 ἀφροσύνῃ
1591 279 1608 313 ἡ
1629 277 1766 318 καύχησίς
1780 289 1834 314 μαι,

1045 327 1093 355 οὐκ
1108 325 1164 354 ἔστι
1189 324 1215 354 δὲ
1239 325 1355 360 ἀληθῶς.
1379 323 1436 354 Ἴνα
1461 323 1543 361 δὲμὴ
1568 323 1694 362 νομίσῃς,
1715 323 1758 351 ὅτι
1775 334 1834 350 παν-

1045 373 1127 410 ταχοῦ
1139 371 1165 399 ἐν
1182 369 1316 410 ἀφροσύνῃ
1331 369 1422 404 λαλεῖ,
1438 367 1485 397 καῖ
1496 368 1525 396 οὗ
1536 368 1606 397 κατὰ
1620 367 1737 406 Κύριον,
1759 367 1836 406 φησιν,

1045 416 1085 445 ὅτι
1102 415 1148 444 Ἐν
1163 415 1248 455 τούτῳ
1262 416 1300 454 τῷ
1313 413 1387 454 μέρει
1404 415 1450 449 τῆς
1465 412 1640 452 καυχήσεως,
1652 413 1703 442 οὐκ
1716 414 1742 442 ἐν
1758 412 1835 444 mm

1045 459 1124 490 τισίν.

1088 563 1103 578 α
1122 552 1199 582 Ἐπεὶ
1215 552 1309 582 πολλοὶ
1324 553 1477 592 καυχῶνται
1491 550 1560 581 κατὰ
1579 551 1629 587 τὴν
1648 550 1756 590 σάρκα,
1771 550 1835 587 κάγὼ

1047 597 1232 635 καυχήσομαι.
1260 610 1273 623 υ
1302 597 1460 632 Τουτέστιν,
1489 596 1541 625 ἀπὸ
1572 597 1624 625 τῶν
1654 595 1768 631 ἔξωθεν,
1792 594 1835 622 ἀπὸ

1046 641 1190 680 εὐγενείας,
1218 642 1272 670 ἀπὸ
1296 644 1341 671 τοῦ
1366 641 1512 681 περιτομὴν
1530 641 1617 681 ἔχειν,
1639 640 1688 669 καὶ
1704 639 1835 678 προγόνους

1045 685 1195 725 Ἑϐραίους.
1208 687 1295 716 Τοῦτο
1308 687 1358 725 γάρ
1374 687 1443 715 ἐστιν
1455 708 1463 721 ,
1481 686 1545 724 ὅπερ
1560 700 1571 712 ιι
1588 686 1618 714 οὖ
1633 684 1707 714 κατὰ
1723 685 1814 722 Κύριον
1828 699 1835 708 -

1046 731 1139 765 λαλεῖ,
1166 731 1196 760 τὸ
1216 734 1368 770 καυχᾶσθαι
1393 731 1434 760 ἐπὶ
1458 730 1603 763 τοιούτοιςθ
1631 729 1659 758 τί
1684 729 1740 768 γὰρ
1756 729 1837 768 ὄφελος

1045 774 1181 814 Ἑϐραίων
1211 771 1297 814 εἶναις
1326 775 1368 805 Οὐ
1397 775 1482 804 τοίνυν
1517 776 1553 808 ὣς
1581 773 1679 814 ἀρετὴν
1697 777 1783 803 ταῦτα
1802 774 1835 802 τί·

1046 822 1125 856 θημι,
1139 820 1198 849 ἀλλ’
1214 820 1305 855 ἐπειδὴ
1330 820 1442 855 ἐκεῖνοι,
1460 819 1524 859 φησὶ
1536 842 1544 856 ,
1567 820 1729 858 καυχῶνται
1746 819 1772 847 ἐν
1785 818 1836 847 τοὺ-

1046 875 1115 900 τοις,
1146 865 1220 903 κάγὼ
1258 864 1305 901 τὴν
1345 864 1482 903 σύγκρισιν
1513 864 1703 903 ἀναγκάζομαι
1731 864 1835 892 ἐντεῦθεν

1046 912 1186 940 ποιεῖσθαι.

1086 967 1098 980 αι
1116 953 1218 986 Ἡδέως
1245 953 1296 993 γὰρ
1319 953 1443 994 ἀνέχεσθε
1466 955 1519 982 τῶν
1548 953 1692 993 ἀφρόνων,
1725 953 1836 993 φρόνιμοι

1045 998 1124 1032 ὄντες.
1156 1011 1171 1028 ι)
1189 998 1302 1036 Ἱ“μεῖς,
1331 999 1428 1038 φησὶν,
1462 998 1625 1037 ἀναγκάζει-ἑ
1663 1009 1698 1036 με
1736 999 1837 1026 τοιαῦτα

1045 1043 1145 1081 λέγειν*
1166 1044 1188 1072 εἷ
1203 1043 1241 1081 μὴ
1258 1043 1309 1083 γὰρ
1333 1042 1379 1072 καὶ
1406 1044 1482 1081 ὑμεῖς
1501 1043 1623 1082 ἐδέιεσθε
1648 1042 1781 1078 ἐκείνους,
1802 1043 1838 1070 καὶ

1045 1088 1074 1116 ἐκ
1087 1088 1180 1117 τούτου
1204 1088 1292 1128 ἑώρων
1320 1087 1596 1128 παραϐλαπτομένους
1622 1089 1710 1125 ὑμᾶς,
1742 1087 1790 1116 οὐκ
1812 1086 1837 1115 ἂν

1044 1132 1103 1161 οὐδὲ
1127 1133 1179 1170 ἐγὼ
1202 1133 1244 1161 ἐπὶ
1270 1135 1347 1161 τοῦτο
1362 1129 1452 1167 ἦλθον.
1483 1132 1614 1172 Ἀ’ρρονας
1635 1131 1664 1160 δὲ
1689 1131 1772 1161 καλεῖ
1789 1130 1838 1163 τοὺς

1045 1175 1088 1205 ἐπὶ
1114 1181 1168 1210 τοῖς
1191 1181 1326 1216 σαρκικοῖς
1342 1176 1593 1216 καυχωμένους.ξΕἷ
1609 1177 1662 1216 γὰρ
1687 1177 1738 1206 καὶ
1761 1176 1790 1205 τὸ
1804 1176 1837 1205 ἐπὶ

1044 1226 1230 1259 πνευματικοῖς
1254 1223 1419 1262 καυχᾶσῡαι,
1446 1221 1565 1260 μωρίας
1590 1221 1668 1262 πόσῳ
1697 1222 1838 1259 μᾶλλον-το

1044 1266 1087 1294 ἐπὶ
1105 1270 1158 1298 τοῖς
1179 1266 1216 1304 μὴ
1237 1261 1309 1295 οἷσιν
1327 1265 1409 1302 ὅλωςς
1431 1266 1471 1295 Τὸ
1486 1265 1529 1303 δὲ,
1552 1276 1566 1293 (ι
1582 1261 1721 1304 Φρόνιμοι
1737 1266 1816 1300 ὄντες,
1830 1280 1837 1290 ι

1043 1310 1114 1339 δοκεῖ
1128 1310 1175 1348 μὲν
1197 1310 1290 1350 ἱλαρὸν
1312 1305 1396 1346 εἶναι,
1422 1311 1492 1346 πλὴν
1517 1311 1619 1348 μᾶλλον
1645 1310 1776 1339 ἐπίτασιν
1794 1311 1839 1348 ἔχει

1043 1355 1212 1394 κατηγορίας,
1235 1354 1276 1384 ὅτι
1297 1354 1345 1384 Ἐν
1363 1355 1473 1393 γνώσει,
1499 1354 1594 1395 φησὶν,
1610 1354 1798 1394 ἁμαρτάνετε.
1814 1355 1839 1384 Εἰ

1043 1398 1093 1439 γὰρ
1108 1400 1214 1436 ἀνόητοι
1228 1395 1294 1438 ἦτε,
1307 1399 1466 1439 συγγνώμης
1479 1398 1512 1428 ἂν
1527 1395 1574 1436 ἦτε
1589 1399 1668 1433 ἄξιοι.

1081 1503 1093 1515 ι
1110 1489 1246 1529 Ἀνέχεσθε
1273 1488 1344 1528 γὰρ,
1366 1488 1428 1522 εἴτις
1453 1490 1522 1527 ὑμᾶς
1542 1489 1717 1519 καταδουλοῖ.
1748 1503 1759 1515 -
1777 1489 1840 1529 Ὅρα

1043 1533 1129 1569 πόσην
1145 1534 1351 1573 δουλοπρέπειαν
1366 1537 1510 1573 κατηγορεῖ
1538 1535 1590 1562 τῶν
1609 1534 1779 1574 Κορινθίων,
1803 1535 1840 1563 καὶ

1045 1581 1078 1613 ὡς
1105 1579 1162 1617 μεθ’
1191 1578 1339 1618 ὑπερϐολῆς
1369 1578 1542 1607 ὑπεχέκλιντο
1569 1580 1624 1612 τοῖς
1659 1580 1839 1618 ψευδαποστό-

1045 1625 1108 1656 λοις.

1091 1680 1105 1696 ‹(
1129 1668 1202 1702 Εῖτις
1223 1667 1370 1701 κατεσθίει,
1403 1667 1466 1701 εἴτις
1487 1667 1630 1706 λαμϐάνει.
1654 1680 1669 1695 ι
1695 1668 1781 1708 Ὁρᾷς
1809 1669 1840 1697 ὅτι

1047 1713 1175 1742 δείκνυσιν
1195 1712 1290 1746 αὐτοὺς
1314 1712 1514 1750 λαμϐάνοντας,
1532 1712 1577 1742 καὶ
1605 1713 1663 1749 μεθ’
1679 1715 1839 1753 ὓπερῧολῆςς

1047 1758 1087 1787 Τὸ
1100 1757 1162 1796 γὰρ,
1183 1769 1198 1784 α
1217 1758 1366 1794 Κατεσθίει,
1378 1769 1393 1784 »
1410 1759 1488 1787 τοῦτο
1504 1758 1590 1793 δηλοῖ.
1607 1755 1694 1786 Ὧστε
1715 1760 1764 1788 καὶ
1785 1759 1840 1797 ὅπερ

1048 1802 1170 1840 ἀνωτέρω
1183 1802 1281 1840 ἔλεγεν,
1292 1816 1304 1828 α
1318 1801 1380 1832 Ἵνα
1392 1802 1418 1830 ἐν
1433 1797 1455 1842 ᾧ
1470 1803 1654 1841 moliundi,»
1669 1803 1761 1836 καλῶς
1777 1799 1838 1832 εἷπε.

1050 1845 1186 1885 Καύχημα
1212 1846 1288 1884 μόνον
1313 1845 1380 1884 γὰρ,
1396 1847 1443 1875 οὐκ
1470 1847 1593 1881 ἀλήθειαν
1619 1842 1710 1886 εἶχον,
1737 1849 1841 1887 ὑποκριυ

1047 1891 1151 1929 νόμενοι
1165 1890 1201 1928 μὴ
1219 1890 1379 1928 λαμϐάνειν.

1091 1947 1104 1964 α
1126 1936 1200 1969 Εἴτις
1220 1935 1367 1975 ἐπαίρεται.
1400 1949 1412 1961 ι
1440 1935 1602 1973 Τουτέστιν,
1630 1936 1696 1970 εἴτις
1721 1937 1839 1970 κατεξου-

1048 1980 1133 2014 σιάζει
1154 1981 1238 2018 ὑμῶν,
1267 1979 1312 2008 καὶ
1337 1980 1539 2019 κατεπαίρεται·
1565 1980 1695 2021 οὐδὲγὰρ
1710 1981 1806 2022 ἥμεροι
1820 1983 1839 2009 οἱ

1048 2025 1187 2061 δεσπόται,
1203 2023 1272 2053 ἀλλὰ
1289 2024 1407 2064 φορτικοὶ
1423 2025 1468 2054 καὶ
1483 2026 1617 2064 ἐπαχθεῖς.

1089 2121 1102 2137 α
1126 2109 1196 2142 Εῖτις
1225 2111 1293 2147 ὑμᾶς
1309 2110 1344 2142 εἰς
1373 2109 1514 2149 πρόσωπον
1535 2110 1618 2148 δέρει,
1644 2111 1717 2140 κατὰ
1737 2111 1839 2148 ἀτιμίαν

1041 2154 1120 2192 λέγω.
1148 2166 1162 2181 n
1187 2149 1263 2186 Εἶδες
1283 2153 1403 2182 ἐπίτασιν
1434 2154 1577 2191 ἀτιμίας⁸⁰
1598 2154 1644 2184 καὶ
1668 2155 1786 2195 ὕϐρεως
1811 2158 1840 2187 ὥς

1042 2197 1214 2238 ἀνδραπόδοις
1241 2197 1293 2238 γὰρ
1327 2200 1414 2231 αὖτοῑς
1441 2199 1566 2238 ἐχρῶντο.
1594 2200 1691 2229 Ταῦτα
1713 2201 1740 2229 δὲ
1758 2200 1837 2238 λέγειτ

1041 2244 1091 2283 οὐχ
1114 2244 1153 2272 ὅτι
1166 2244 1202 2276 εἰς
1217 2243 1277 2282 ὄψιν
1294 2243 1437 2272 ἐτύπτοντο
1449 2266 1456 2279 ,
1480 2244 1540 2272 ἀλλ’
1557 2243 1597 2272 ὅτι
1612 2245 1664 2272 τῶν
1698 2246 1734 2277 εἰς
1759 2245 1839 2283 πρός-

1041 2299 1113 2316 ωπον
1127 2287 1298 2325 τυπτομένων
1315 2289 1363 2317 οὖκ
1377 2288 1486 2317 ἔλαττον
1497 2287 1520 2306 ⁸⁸
1538 2288 1655 2327 ἔπασχον
1666 2301 1673 2308 υ
1691 2289 1754 2329 πρὸς
1768 2289 1839 2325 ὕϐριν

186 2335 220 2362 iis
239 2336 285 2371 qui
301 2336 330 2363 in
349 2335 445 2362 faciem
469 2335 623 2363 ferirentur.
639 2336 682 2363 Ad
696 2336 892 2363 contumeliam
914 2335 985 2363 enim

1087 2333 1189 2361 ιαῦτῶν
1205 2327 1262 2362 εἷπε
1278 2332 1318 2350 ⁸¹“
1333 2335 1420 2362 τοῦτο.
1448 2333 1503 2362 Καὶ
1522 2333 1573 2372 γὰρ
1595 2333 1621 2362 τί
1638 2334 1734 2363 τούτου
1747 2333 1837 2371 γένοιτ’

184 2387 282 2407 eorum
308 2379 360 2406 hoc
388 2379 465 2406 dixit.
488 2380 600 2406 Etenim
622 2380 687 2415 quid
710 2380 762 2407 hoc
793 2381 899 2416 turpius
929 2387 988 2407 esse

185 2427 274 2459 queat,
289 2423 400 2459 quando
416 2428 443 2450 et
461 2424 588 2458 pecunias
609 2432 707 2459 resque
729 2424 847 2455 illorum,
864 2430 892 2452 et
905 2425 987 2453 liber—

184 2472 280 2501 tatem,
302 2471 329 2494 et
358 2467 491 2494 honorem
523 2467 686 2501 auferentes,
734 2472 864 2504 tanquam
897 2477 987 2497 servos

186 2512 249 2540 illos
261 2511 460 2539 tractaverint?

221 2558 309 2585 Vens.
337 2560 382 2584 2|.
411 2567 424 2580 (ι
450 2557 594 2591 Tanquam
612 2564 664 2584 nos
685 2557 787 2584 infirmi
809 2558 950 2586 fuerimus.
975 2571 986 2584 υ

185 2602 269 2638 Cujus
292 2601 331 2629 rei
355 2600 453 2637 gratia,
482 2600 581 2636 inquit,
622 2602 694 2637 ipsos
726 2602 886 2630 sustinetis?
913 2605 986 2631 Num

184 2647 247 2682 quia
262 2655 312 2674 nos
327 2646 431 2674 infirmi
446 2653 552 2678 sumus,
568 2654 617 2674 nec
631 2654 776 2682 possumus
794 2647 889 2676 eodem
903 2648 986 2676 modo

185 2691 328 2720 vobiscum
352 2692 450 2726 agere?
473 2690 535 2717 Non
555 2690 592 2718 ita
610 2699 639 2719 se
658 2698 700 2719 res
721 2691 812 2720 habet.
830 2694 887 2721 Nos
901 2693 986 2727 enim,

1044 2376 1075 2405 ἂν
1089 2377 1259 2416 αἰσχρότερον
1270 2399 1277 2412 ,
1301 2377 1362 2406 ὅταν
1379 2377 1423 2406 καὶ
1444 2378 1477 2406 τὰ
1491 2378 1621 2416 χρήματα
1639 2379 1730 2407 αὐτῶν
1743 2378 1778 2411 ⁸³,
1797 2379 1837 2406 καὶ

1042 2421 1091 2456 τὴν
1121 2421 1286 2460 ἐλευθερίαν,
1312 2421 1357 2450 καὶ
1384 2421 1433 2456 τὴν
1447 2421 1527 2460 τιμὴν
1546 2421 1721 2462 ἀφελόμενοι,
1735 2424 1766 2455 ὡς
1782 2422 1836 2450 δού-

1041 2467 1095 2500 λοις
1112 2467 1200 2499 αὐτοῖς
1210 2467 1236 2485 ³³
1250 2466 1412 2505 κέχρηνται;

1089 2566 1102 2584 (ι
1115 2555 1163 2588 Ὡς
1177 2555 1216 2584 ὅτι
1232 2557 1308 2592 ἡμεῖς
1332 2555 1528 2594 ἠσθενήσαμεν.
1555 2569 1567 2582 υ
1585 2556 1664 2590 Τίνος
1677 2557 1705 2586 δὲ
1731 2557 1813 2586 ἕνεκεν
1826 2578 1831 2587 ,

1042 2601 1131 2640 φησιν,
1145 2601 1230 2630 αὐτῶν
1247 2599 1391 2639 ἀνέχευ-θη
1418 2600 1467 2633 ειΩς
1488 2600 1518 2629 ἂν
1546 2602 1622 2638 ἡμῶν
1640 2600 1830 2631 ἀσθενούντων.

1041 2645 1085 2674 καὶ
1111 2644 1147 2683 μὴ
1175 2644 1326 2683 δυναμένων
1349 2644 1418 2674 οὕτω
1441 2648 1589 2685 κεχρῆσθαι
1616 2647 1697 2684 ὑμῖνς
1715 2644 1774 2684 ὅπερ
1788 2645 1831 2673 οὐκ

1041 2688 1106 2718 ἔστι.
1134 2689 1188 2719 Καὶ
1209 2692 1286 2727 ἡμεῖς
1319 2689 1370 2729 γὰρ
1409 2689 1541 2728 δυνάμεθα
1567 2689 1650 2724 οὕτως
1681 2689 1831 2730 ὑϐριστικῶς

880 2759 974 2789 Variae
997 2761 1147 2791 lectiones.

803 2818 850 2834 Βία

221 2815 243 2832 ⁸ο
253 2814 370 2845 ἀπονοίας
383 2822 410 2842 o.
449 2815 468 2831 ³¹
482 2815 603 2843 ἐλάττονα
613 2817 720 2852 πάσχετε
736 2825 762 2845 ο.

866 2818 934 2853 υμῶν
952 2818 1024 2845 εἶπον
1037 2827 1064 2846 0.

1103 2819 1124 2835 ⁸³
1139 2819 1209 2854 ὑμῶν
1222 2827 1251 2847 0.
1291 2819 1314 2836 ⁸³
1325 2818 1384 2854 ὓμῖν
1398 2827 1425 2846 ο.
