1877 3081
19 199 71 226 92!

447 196 622 225 EXPOSITIO
643 197 676 224 IN
698 196 800 224 EPIST.
824 197 845 224 ll
865 197 910 224 AD
929 196 1007 224 COR.
1029 212 1063 217 —
1083 198 1157 225 CAP.
1179 199 1220 225 XI.

1612 202 1665 228 922

17 262 82 299 ὑμῖν
120 261 322 301 ἐμπεριπατεῖν
360 260 419 290 ἀλλ’
447 260 475 290 οὗ
511 259 658 300 βουλόμεθα
692 260 807 293 πάντως.
825 261 851 292 Α

906 260 967 296 quit,
983 267 1130 295 possumus
1152 260 1220 288 adeo
1243 261 1441 289 contumeliose
1461 269 1510 289 vos
1526 263 1664 298 invadere,

18 306 119 336 Πᾶσαν
143 300 196 335 οὖν
215 305 264 341 τὴν
292 304 378 334 αἰτίαν
408 307 455 340 τῆς
482 305 587 334 ἐκείνων
617 305 760 343 ἀπονοίας,
784 307 817 344 τῇ

17 350 119 380 τούτων
145 350 337 390 δουλοπρεπεία
361 350 526 386 ἀνατίθησιν.
559 348 654 388 ⁶Υμεῖς
675 349 727 389 γὰρ
758 350 816 378 δου-

18 395 164 435 λικώτερον
179 394 204 414 ⁸³
221 396 309 428 αὗτοῖς
334 394 548 434 ὗποκλινόμενοι,
576 395 621 423 καὶ
642 394 748 427 ἐκείνοις
770 397 818 430 τῆς

17 439 122 479 ὕϐρεως
138 439 217 470 αἴτιοί
231 440 307 476 ἐστι,
335 438 380 469 καὶ
401 441 465 478 ἡμῖν
490 440 541 468 τῶν
562 439 701 479 παρόντων
721 439 816 477 λόγων.

63 540 80 558 α
90 528 139 560 Ἐν
154 524 176 570 ᾧ
193 529 216 558 δ’
230 529 261 558 ἄν
274 540 313 562 τις
325 529 412 569 τολμᾷ
425 529 468 567 (ἐν
481 527 614 569 ἀφροσύνῃ
626 528 713 568 λέγω)
726 529 817 567 τολμῶ

17 573 105 613 κάγώ.
125 587 138 600 ι
151 573 224 613 Ὅρα
239 574 320 603 πάλιν
335 574 412 603 αὐτὸν
435 573 537 612 τόλμαν
560 573 606 602 καὶ
623 573 773 614 ἀφροσύνην
787 573 816 602 τὸ

15 623 132 658 πρᾶγμα
155 619 302 655 καλοῦντα,
324 619 369 647 καὶ
386 618 526 657 μονονουχὶ
543 617 672 656 λέγοντα,
699 618 750 658 Βία
773 618 816 647 ἐπὶ

16 665 97 692 τοῦτο
110 663 234 703 ἔρχομαι.
269 663 364 692 Καίτοι
378 662 464 696 πόσας
479 662 681 702 προδιορϐώσεις
696 674 813 702 προκατ-

16 707 161 744 ιϐάλλιτο,
184 707 230 737 καὶ
249 708 332 741 ἄλλας
357 707 409 747 πρὸ
432 706 548 744 τούτων;
574 709 667 738 Ταῦτα
695 707 723 736 δὲ
747 711 817 737 ποιεῖ

16 753 153 781 παιδεύων
169 753 214 781 καὶ
233 753 322 790 ἡμᾶς,
347 752 466 790 ἀνάγκης
480 752 559 792 χωρὶς
581 751 619 791 μὴ
643 752 767 792 ἔρχεσθαι
782 754 818 785 εἷς

17 797 152 830 τοιούτους
167 797 267 836 λόγους.
279 796 371 832 Φησὶν
384 792 439 833 οὖν,
452 796 492 826 ὅτι
502 797 568 826 «ιἘν
582 792 603 836 ᾧ
615 796 644 826 ἂν
654 811 665 822 ιι
679 797 818 836 πράγματι

16 855 26 866 ι
43 843 136 882 τολμᾷ
149 853 187 874 τις
202 843 372 881 καυχᾶσθαι,
389 855 400 867 ι
414 842 505 882 τολμῶ
520 840 594 879 κᾶγώ
605 853 612 859 ·
629 855 641 867 ι
656 844 743 870 ταῦτα
767 841 817 882 γᾴρ

15 885 112 919 ἔξωθεν
138 885 376 917 συνυπακουστέον.
402 881 470 916 Εἶτα
495 885 637 924 καταλέγει
659 885 694 915 τὰ
717 887 758 926 ἐφ’
781 881 818 919 οἷς

15 933 185 971 καυχῶνται.

57 1033 71 1046 α
92 1019 216 1060 ⁴Εϐραῖοί
237 1020 302 1057 eici;
327 1019 400 1059 κάγώ
417 1031 423 1038 ·
438 1019 605 1059 Ἰσραηλῖταί
626 1019 694 1055 sim;
717 1019 792 1057 κάγώ
807 1031 814 1038 ·

17 1064 138 1104 Σπέρμα
161 1063 285 1104 Ἀϐραάμ
309 1065 376 1101 sict;
405 1063 492 1104 κάγώ.
509 1077 522 1090 ι
537 1064 657 1101 ιἚπειδὴ
673 1064 702 1093 οὗ
718 1064 815 1098 πάντες

15 1110 38 1138 οἱ
51 1108 180 1148 ἹΞϐραῑοι
195 1109 361 1148 Ἰσραηλῖται
380 1104 449 1144 ἦσαν
460 1120 466 1127 ·
479 1108 523 1138 καὶ
537 1107 590 1148 γὰρ
610 1108 754 1138 Μωαϐῖται
769 1109 815 1138 καὶ

16 1152 182 1192 Ἀμμανῖται
218 1153 276 1191 ἅμα
305 1152 448 1192 Ἑϐραίους
481 1152 588 1186 ἑαυτοὺς
617 1153 721 1182 ἐποίουν
738 1162 745 1170 ·
772 1152 814 1183 διὰ

15 1201 97 1227 τοῦτο
113 1197 276 1237 ἐκκαθαίρων
296 1197 344 1233 τὴν
359 1198 490 1238 εὐγένειαν
503 1197 540 1234 ⁸⁵,
556 1197 689 1238 ἐπήγαγε·
703 1211 715 1224 ι
728 1198 816 1239 Σπέρ-

16 1255 55 1282 μα
75 1241 199 1282 Ἁϐραάμ
215 1243 285 1278 aiat;
301 1242 376 1281 κάγώ
391 1251 399 1260 ·
413 1257 425 1268 ιι
448 1243 491 1272 τὸν
508 1242 604 1273 Ἰσαὰκ
621 1243 721 1278 δηλῶν.

72 1301 86 1314 α
115 1287 238 1317 Διάκονοι
263 1288 378 1327 Χριστοῦ
406 1288 457 1317 εἶσι
485 1287 681 1328 (παραφρονῶν
707 1288 814 1326 λαλῶ);

15 1333 87 1372 ὑπὲρ
103 1332 165 1372 ἐγώ.
184 1344 197 1358 ν
212 1332 288 1362 Φασί
305 1343 391 1368 τινες,
407 1332 447 1361 ὅτι
468 1333 515 1361 οὐκ
529 1331 581 1361 ἔδει
596 1331 665 1361 κατὰ
677 1332 815 1371 σύγκρισιν

15 1377 164 1414 ἐξενεγκεῖν
184 1377 229 1405 τὸν
244 1376 322 1416 λόγον
334 1398 342 1411 ,
366 1376 436 1406 ἀλλὰ
458 1377 630 1406 παντάπασιν
648 1376 815 1416 ἀρνήσασθαι

15 1423 44 1451 τὸ
69 1417 140 1450 εἶναι
166 1420 299 1454 διακόνους
322 1421 455 1461 Χριστοῦ.
474 1421 529 1451 Καὶ
550 1421 660 1459 λέγομεν
680 1421 719 1450 ὅτι
739 1424 816 1451 τοῦτο

16 1471 67 1506 μιᾷ
88 1467 162 1505 ῥήσει
183 1465 329 1503 ἐδήλωσεν,
354 1465 434 1496 εἰπὼν
461 1465 552 1498 αὐτοὺς
573 1465 814 1505 ψευδαποστόλους.

14 1512 74 1541 Νῦν
91 1511 119 1540 δὲ
144 1509 215 1539 κατὰ
241 1510 377 1550 σύγκρισιν
399 1510 444 1540 τὸν
472 1511 550 1550 λόγον
573 1513 705 1540 ποιεῖσθαι
737 1510 816 1550 ἀρξά-

871 305 920 333 sed
940 305 1069 333 nolumus
1099 305 1224 333 omnino.
1253 305 1422 333 Universam
1451 306 1533 341 igitur
1555 315 1666 336 causam

872 350 1036 386 arrogantia:
1062 350 1192 384 illorum,
1226 350 1342 378 istorum
1377 350 1518 378 servilitati
1547 352 1665 380 ascribit.

871 396 928 423 Vos
943 395 1018 423 enim
1030 395 1120 422 servili
1138 394 1289 423 admodum
1313 402 1390 422 more
1404 395 1471 430 ipsis
1492 394 1618 431 subjecti,
1640 401 1668 424 et

872 440 926 468 illis
945 440 1053 476 injuriae
1074 443 1202 468 auctores
1228 439 1304 473 estis,
1329 439 1462 476 nobisque
1490 440 1667 476 praascntium

871 493 1034 514 sermonum
1057 485 1172 513 occasio.

908 541 921 554 ει
937 531 999 558 lmo
1019 529 1047 558 in
1062 538 1117 566 quo
1134 529 1195 565 quis
1214 529 1295 558 audet
1308 532 1367 566 (per
1386 530 1573 566 insipientiam
1597 530 1668 564 dico)

871 573 960 602 audeo
986 578 1014 602 et
1045 582 1105 611 ego.
1132 574 1226 602 -Vide
1249 583 1359 602 rursum
1386 575 1460 610 quod
1484 574 1626 603 audaciam
1642 579 1670 603 et

870 616 1053 654 insipientiam
1082 627 1141 647 rem
1168 620 1297 656 appellat,
1328 627 1360 647 ac
1381 619 1456 655 quod
1481 624 1589 647 tantum
1613 628 1668 648 non

870 662 951 697 dicat,
965 663 1000 691 Vi
1012 663 1130 699 quadam
1145 663 1200 692 huc
1223 664 1347 699 pervenio
1360 668 1388 691 et
1405 664 1557 700 pertrahor.
1577 665 1668 700 Quan-

870 711 913 735 tas
927 712 1020 736 autem
1040 712 1068 736 et
1091 708 1157 736 alias
1172 709 1407 744 praecorrectiones
1430 709 1584 744 praestruxit
1605 713 1668 736 ante

871 752 974 781 hasce?
1003 755 1070 781 Haec
1100 757 1193 781 autem
1226 753 1299 787 facit,
1329 753 1431 781 docens
1458 761 1520 785 nos,
1547 757 1577 781 ut
1599 753 1668 780 citra

872 798 1060 825 necessitatem
1074 797 1108 826 ad
1131 797 1286 833 hujusmodi
1310 805 1453 825 sermones
1474 805 1529 825 non
1553 797 1667 825 descen-

871 841 978 869 damus.
1000 842 1046 869 Ait
1060 851 1124 878 ergo
1141 843 1191 869 :In
1215 851 1244 870 re
1258 850 1420 878 quacunque
1435 842 1517 870 audet
1534 842 1668 878 quispiam

873 887 957 922 306
977 887 1099 922 gloriari,
1132 887 1220 915 audeo
1241 891 1268 914 et
1292 895 1342 922 ego
1362 886 1441 914 :hmc
1467 886 1541 914 enim
1570 887 1668 914 subau-

832 931 969 962 Bdienda
999 936 1073 960 sunt.
1106 931 1212 960 Deinde
1244 940 1275 960 ea
1305 935 1442 965 recenset,
1474 935 1585 967 propter
1607 939 1669 967 qua:

869 976 1030 1013 glorientur.

905 1022 995 1050 Vsus.
1011 1025 1055 1050 22.
1069 1033 1082 1046 α
1095 1021 1205 1050 Hebrazi
1219 1026 1285 1050 sunt
1297 1024 1311 1049 ?
1323 1026 1350 1050 et
1361 1029 1411 1057 ego
1424 1032 1430 1049 :
1443 1021 1574 1050 Israelita:
1582 1022 1670 1050 sunt?

869 1070 896 1094 et
911 1074 960 1102 ego
975 1075 982 1093 :
999 1074 1092 1094 semen
1111 1066 1229 1095 Abrahae
1253 1069 1336 1095 sunt?
1361 1071 1388 1094 et
1408 1074 1467 1102 ego.
1492 1078 1504 1090 ι»
1525 1066 1593 1100 Quia
1610 1075 1667 1094 non

869 1118 969 1139 omnes
983 1111 1092 1140 Hebraei
1106 1111 1239 1139 Israelita:
1256 1111 1367 1139 fuerunt
1376 1114 1450 1144 (nam
1463 1115 1490 1139 et
1503 1111 1633 1139 Moabitae
1642 1116 1670 1139 et

869 1156 1039 1184 Ammanitae
1059 1156 1165 1192 seipsos
1194 1156 1324 1185 Hebraeos
1352 1155 1508 1192 faciebant),
1529 1160 1670 1192 propterea

869 1201 974 1237 generis
1001 1201 1174 1237 splendorem
1206 1209 1368 1237 expurgatis,
1405 1201 1494 1229 intulit
1512 1211 1518 1229 :
1533 1212 1546 1225 ιι
1571 1202 1670 1229 Semen

870 1245 1021 1273 Abrahami
1036 1247 1121 1274 sunt?
1133 1250 1160 1273 et
1168 1254 1233 1282 ego;
1251 1257 1264 1270 υ
1282 1248 1403 1274 Isaacum
1420 1245 1544 1274 innuens.

905 1290 994 1318 Vens.
1017 1294 1061 1318 23.
1091 1302 1104 1315 ιι
1135 1290 1251 1318 Ministri
1277 1290 1377 1318 Christi
1405 1295 1471 1318 sunt
1500 1293 1550 1325 (ut
1578 1291 1671 1319 minus

869 1334 978 1370 sapiens
994 1335 1102 1371 loquor)
1118 1337 1129 1362 Ρ
1145 1335 1203 1370 plus
1222 1342 1282 1371 ego.
1301 1346 1313 1358 ιι
1339 1335 1425 1363 Aiunt
1449 1335 1571 1372 quidam,
1597 1335 1670 1371 quod

871 1387 919 1415 per
932 1380 1167 1414 comparationem
1189 1387 1347 1408 sermonem
1362 1379 1486 1415 proferre
1499 1388 1553 1407 non
1567 1380 1670 1414 debuit,

870 1423 919 1451 sed
940 1424 1100 1459 simpliciter
1121 1432 1220 1460 negare
1244 1432 1291 1452 eos
1314 1432 1376 1452 esse
1399 1424 1539 1452 ministros
1558 1424 1670 1452 Christi.

871 1468 927 1496 lllis
944 1468 1151 1504 respondemus,
1170 1469 1244 1505 quod
1259 1469 1312 1497 hoc
1333 1470 1411 1497 unica
1427 1469 1546 1497 dictione
1566 1469 1672 1504 signiﬁ-

870 1513 980 1547 caverit,
1013 1521 1076 1541 cum
1097 1513 1167 1541 dixit
1186 1521 1234 1541 eos
1260 1522 1319 1542 esse
1344 1514 1582 1549 pseudapostolos.
1607 1515 1672 1542 Jam

15 1567 96 1594 μενος
107 1579 115 1591 ,
132 1555 180 1591 τὴν
196 1554 240 1584 διὰ
257 1557 310 1585 τῶν
327 1555 493 1595 πραγμάτων
509 1554 642 1588 ἀπόδειξιν
656 1555 757 1594 εἰσάγει
777 1555 814 1594 ⁸⁸⁵,
833 1557 853 1589 C

906 1566 945 1586 inc
960 1566 1023 1586 vero
1039 1566 1086 1593 per
1099 1559 1335 1594 comparationem
1349 1558 1430 1586 verba
1446 1557 1534 1586 facere
1550 1566 1672 1593 exorsus,

14 1602 60 1629 καὶ
92 1599 185 1630 δίδωσι
204 1599 271 1629 νοεῖν
295 1602 334 1641 τῷ
356 1601 491 1641 ᾇκροατῇ,
508 1599 548 1628 ὃτι
571 1599 646 1632 αὐτὸς
665 1599 713 1637 μέν
735 1601 818 1636 ἐστιν,

15 1646 114 1674 ἐκεῖνοι
124 1645 167 1681 δὲ,
187 1644 227 1674 οὗ.
239 1640 329 1679 Φησὶν
343 1640 403 1682 οὖν,
414 1644 455 1673 ὅτι
468 1644 500 1672 Εἰ
510 1644 555 1673 καὶ
569 1645 684 1674 διάκονοι
699 1645 817 1684 Χριστοῦ

15 1691 85 1719 εἰσιν
97 1712 106 1725 ,
132 1689 200 1718 ἀλλὰ
222 1689 268 1719 καὶ
292 1689 374 1723 οὕτως
389 1689 453 1729 ὑπὲρ
475 1688 569 1722 αὐτοὺς
585 1690 647 1727 ἐγώ.
667 1689 721 1718 Καὶ
736 1690 817 1718 πάλιν

14 1734 227 1775 παραφροσύνην
252 1735 328 1763 καλεῖ
362 1733 392 1763 τὸ
421 1738 548 1774 πρᾶγμα,
574 1733 616 1763 διὰ
647 1734 676 1762 τὸ
702 1733 818 1772 πέλαγος

13 1782 62 1816 ἧς
79 1778 322 1819 ταπεινοφροσύνης
341 1780 435 1808 αὐτοῦ.

61 1880 78 1897 α
101 1868 149 1898 Ἐν
164 1869 254 1902 κόποις
268 1868 462 1908 περισσοτέρως
475 1891 482 1905 ,
505 1869 533 1898 ἐν
548 1869 662 1907 πληγαῖς
678 1867 814 1907 ὑπερϐαλ-

14 1914 132 1951 λόντως,
157 1914 183 1942 ἐν
200 1914 329 1953 φυλακαῖς
349 1912 554 1953 περισσοτέρως.
575 1926 587 1938 υ
614 1913 763 1951 Καταλέγει
783 1912 816 1941 τὰ

13 1959 251 1999 χαρακτηρίζοντα
291 1958 352 1992 τοὺς
381 1958 559 1995 ἀποστόλους,
590 1957 634 1986 καὶ
675 1957 749 1998 ἀφεὶς
782 1957 816 1986 τὰ

15 2007 137 2040 σημεῖα,
165 2002 218 2031 ἀπὸ
243 2004 294 2031 τῶν
320 2004 477 2042 πειρασμῶν
494 2002 605 2042 ἄρχεται
622 2014 628 2021 ·
651 2003 697 2032 καί
716 2014 813 2042 φησιν,

15 2049 56 2078 ὅτι
89 2048 143 2078 Καὶ
165 2048 260 2081 κόπους
283 2047 389 2080 πλείους
419 2047 601 2086 ἀναδέχομαι,
629 2046 708 2076 τόπον
731 2058 759 2075 τε
785 2049 814 2076 ἐκ

17 2093 100 2122 τόπου
128 2091 260 2130 ἀμείϐων,
290 2092 336 2121 καὶ
358 2091 490 2121 διδάσκων
513 2091 604 2124 νυκτὸς
625 2091 671 2120 καὶ
695 2091 813 2131 ἡμέρας,

873 1610 920 1638 per
935 1610 979 1630 res
993 1602 1258 1631 demonstrationem
1272 1603 1395 1637 adducit,
1408 1603 1509 1638 datque
1521 1603 1672 1638 intelligere

872 1646 1000 1681 auditori,
1023 1655 1052 1675 se
1074 1647 1184 1683 quidem
1213 1656 1270 1676 esse
1289 1647 1390 1676 Christi
1416 1648 1583 1682 ministrum,
1612 1648 1672 1676 illos

872 1700 937 1720 vero
959 1692 1079 1720 minime.
1104 1693 1152 1721 Ait
1171 1701 1236 1729 ergo
1258 1693 1331 1729 quod
1359 1693 1413 1721 Etsi
1432 1693 1532 1721 Christi
1554 1693 1673 1720 miniStri

872 1741 949 1771 sunt,
969 1745 1000 1765 ea
1014 1742 1105 1765 tamen
1123 1738 1238 1772 ratione,
1253 1742 1283 1765 ut
1301 1742 1327 1766 et
1341 1746 1392 1774 ego
1408 1738 1435 1765 in
1453 1738 1505 1766 hoc
1519 1738 1672 1766 ministerio

872 1791 919 1811 eos
930 1783 1100 1810 antecellam.
1120 1784 1160 1810 Ac
1179 1790 1276 1810 rursus
1290 1790 1348 1810 rem
1361 1782 1542 1817 insipientiam
1557 1782 1674 1818 appellat

873 1832 982 1864 propter
993 1826 1156 1854 humilitatis
1170 1834 1227 1854 sua:
1241 1826 1466 1854 immensitatcm.

909 1884 922 1896 «ι
944 1874 975 1899 In
987 1871 1125 1899 laboribus
1141 1871 1336 1904 abundantius,
1352 1871 1379 1898 in
1402 1870 1486 1906 plagis
1506 1877 1587 1906 supra
1614 1878 1674 1898 mo-

872 1916 948 1949 dum,
985 1916 1014 1943 in
1059 1915 1213 1943 carceribus
1245 1914 1421 1943 abundatius.
1453 1926 1466 1939 η
1498 1914 1672 1942 Characteres

871 1961 1057 1996 apostolorum
1099 1965 1235 1993 recenset,
1263 1963 1290 1987 et
1316 1960 1401 1995 signis
1426 1960 1629 1995 praetermissis,
1657 1967 1672 1987 a

870 2004 1069 2034 tentationibus
1097 2005 1265 2041 principium
1290 2004 1380 2032 ducit.
1415 2004 1536 2032 Labores
1562 2001 1673 2040 (inquit)

869 2051 962 2086 plures
990 2057 1040 2086 ego
1062 2049 1198 2085 suscipio,
1228 2050 1319 2077 locum
1340 2057 1370 2077 ex
1385 2050 1446 2077 loco
1460 2052 1629 2084 permutans,
1642 2057 1673 2077 ac

869 2095 972 2124 docens
987 2099 1071 2123 noctu
1093 2098 1121 2122 et
1139 2094 1270 2127 interdiu,
1295 2100 1425 2130 praetcrea
1452 2094 1579 2122 manibus
1595 2094 1673 2121 labo-

16 2138 63 2166 καὶ
81 2137 120 2166 ἔτι
137 2142 194 2170 ταῖς
211 2136 303 2177 χερσὶν
326 2136 498 2177 ἐργαζόμενος
514 2148 521 2155 ’
536 2136 606 2165 ἀλλὰ
628 2136 673 2165 καὶ
695 2137 724 2165 τὸ
751 2141 811 2174 μεῖ-
826 2155 853 2188 D

906 2148 944 2173 ns,
961 2140 1019 2168 imo
1034 2139 1107 2176 quod
1131 2139 1219 2175 majus
1232 2143 1283 2173 est,
1293 2139 1403 2167 verbera
1426 2139 1574 2173 sustinens,
1590 2146 1674 2175 eaque

15 2183 58 2215 ζον
68 2205 76 2218 ,
93 2181 140 2210 καὶ
154 2181 258 2220 πληγὰς
274 2181 412 2220 ὓπομένων
423 2204 431 2217 ,
447 2183 492 2210 καὶ
506 2180 603 2214 ταύτας
615 2181 794 2220 ὑπερϐολικῶς
807 2193 813 2200 ’

13 2225 107 2255 καὶτὸ
132 2226 169 2255 ἔτι
193 2227 296 2264 μεῖζον,
313 2226 380 2264 μετὰ
401 2227 452 2255 τῶν
475 2227 587 2264 πληγῶν
612 2225 656 2254 καὶ
671 2225 817 2265 φυλακιζό-

15 2283 105 2308 μενος.
120 2270 159 2300 Τὸ
175 2270 201 2299 δὲ
215 2292 224 2306 ,
241 2284 253 2296 ‹‹
269 2270 506 2310 ¹Υπερϐαλλόντως
518 2292 526 2307 ,
543 2282 555 2296 ιδ
566 2270 611 2298 καὶ
627 2269 674 2308 τὸ,
688 2284 700 2296 α
717 2271 817 2309 Περισ-

14 2315 153 2355 σοτέρως,
179 2328 191 2341 υ
225 2315 381 2355 συγκριτικὰ
412 2314 459 2353 μέν
486 2317 567 2351 εἰσιν,
607 2316 642 2348 ὡς
666 2315 731 2354 πρὸς
759 2315 817 2350 τοὺς

13 2359 249 2400 ψευδαποστόλους
264 2369 271 2376 '
296 2354 366 2395 πλὴν
380 2360 441 2389 καθ’
460 2359 582 2389 ὗπόθεσιν
599 2371 605 2377 ⁸
624 2354 678 2387 οἶον
689 2382 697 2395 ,
721 2359 816 2389 Ἔστω

13 2404 57 2433 ὅτι
83 2406 213 2433 κοπιῶσιν
240 2405 352 2434 ἐκεῖνοι·
385 2403 444 2433 ἀλλ’
472 2403 524 2442 ἐγὼ
554 2403 747 2444 περισσοτέρως
771 2405 817 2434 καὶ

14 2449 251 2488 ὓπερϐαλλόντως.
277 2448 354 2482 Τινὲς
381 2448 424 2485 δὲ,
443 2449 471 2478 οὖ
493 2448 563 2478 κατὰ
588 2448 723 2487 σύγκρισιν
744 2451 819 2488 εἰρῆ-

16 2496 79 2522 σθαι
93 2494 179 2522 ταῦτά
195 2505 292 2534 φασιν,
317 2493 376 2523 ἀλλ’
394 2493 487 2526 ἁπλῶς
511 2494 663 2534 περιουσίας
688 2493 734 2522 καὶ
759 2495 817 2523 ἐπι-

15 2538 119 2571 τάσεως
134 2534 202 2568 εἶναι
213 2538 377 2577 σημαντικά.

61 2597 75 2608 ι
95 2583 141 2613 Ἐν
162 2583 285 2616 θανάτοις
299 2583 441 2616 πολλάκις.
458 2597 470 2609 ιι
490 2584 531 2613 Οὐ
547 2583 626 2622 μόνον
642 2585 675 2622 τῇ
694 2582 816 2623 προθέσει

16 2628 207 2665 ἀποθνήσκων,
238 2627 307 2657 ἀλλὰ
322 2628 368 2657 καὶ
391 2629 427 2661 εἰς
450 2627 585 2661 κινδύνους
610 2629 647 2668 τῷ
665 2628 719 2657 ὄντι
735 2631 815 2658 θανα-

18 2672 149 2712 τηφόρους
164 2673 342 2711 ἐκδιδόμενος.

78 2728 92 2746 (ί
115 2716 184 2747 Ὑπὸ
207 2717 343 2748 Ἰουδαίων
367 2717 492 2750 πεντάκις
518 2716 718 2757 τεσσαράκοντα
742 2717 815 2757 παρὰ

872 2193 954 2220 supra
975 2184 1108 2212 modum:
1126 2188 1185 2211 tum
1207 2183 1283 2219 quod
1307 2183 1395 2212 adhuc
1423 2183 1510 2220 majus
1535 2188 1585 2218 est,
1609 2192 1672 2212 cum

873 2229 1028 2257 verberibus
1054 2229 1136 2256 etiam
1164 2228 1319 2256 carceribus
1343 2229 1525 2264 mancipatus.
1546 2240 1558 2252 α
1585 2229 1672 2264 Supra

873 2274 990 2302 modum
1017 2285 1029 2297 ν
1046 2278 1150 2307 autem,
1174 2278 1211 2306 et,
1238 2285 1250 2297 α
1267 2273 1462 2307 abundantius,
1486 2285 1498 2296 «ι
1527 2281 1671 2309 compara-

872 2319 925 2347 tiva
969 2322 1044 2352 sunt,
1087 2318 1169 2346 veluti
1201 2318 1235 2346 ad
1272 2317 1518 2354 pseudapostolos;
1560 2325 1670 2346 verum-

873 2368 965 2391 tamen
983 2371 1032 2400 per
1054 2363 1284 2399 suppositionem,
1299 2362 1382 2390 veluti
1408 2362 1500 2390 dicat:
1514 2364 1581 2390 Esto
1597 2363 1672 2398 quod

873 2409 998 2436 laborent
1019 2408 1068 2442 illi,
1092 2412 1120 2436 at
1149 2416 1199 2444 ego
1221 2408 1394 2436 excellentius
1424 2411 1450 2435 et
1479 2407 1670 2436 abundantius.

873 2453 1003 2481 Nonnulli
1026 2457 1116 2481 autem
1146 2453 1204 2480 haec
1219 2461 1274 2480 non
1290 2461 1338 2488 per
1352 2453 1583 2488 comparationem
1599 2453 1672 2480 dicta

872 2506 932 2526 esse
952 2502 1088 2532 asserunt,
1113 2497 1163 2525 sed
1185 2497 1347 2533 simpliciter
1360 2497 1514 2533 signiﬁcare
1531 2497 1671 2525 abundan-

871 2543 941 2570 tiam
955 2547 982 2571 et
1003 2543 1197 2570 intensionem.

909 2599 922 2612 ι
951 2589 985 2615 In
1005 2587 1141 2615 mortibus
1154 2587 1320 2623 frequenter.
1338 2599 1350 2611 »
1374 2589 1438 2615 Non
1456 2587 1545 2615 solum
1561 2595 1594 2614 ex
1608 2594 1670 2621 pro-

871 2632 960 2668 posito
976 2632 1107 2666 moriens,
1131 2639 1227 2659 verum
1241 2632 1275 2660 ad
1299 2632 1441 2660 mortifera
1461 2632 1538 2667 plane
1552 2630 1670 2666 pericula

870 2677 998 2706 traditus.

905 2723 995 2750 Vens.
1008 2724 1053 2750 24.
1073 2734 1085 2746 ει
1101 2724 1125 2750 Α
1134 2721 1238 2750 Iudaeis
1250 2721 1396 2758 quinquies
1407 2720 1605 2756 quadragenas,
1616 2727 1668 2747 una

709 2789 805 2819 Varia
826 2789 978 2820 lectiones.

57 2854 82 2871 ³⁸
95 2855 178 2882 δοῦλοι
194 2864 222 2884 ο.
262 2855 284 2872 ⁸⁵
304 2854 431 2882 ἀσθένειαν
445 2863 472 2883 ο.
511 2854 533 2871 ⁸⁵
547 2854 632 2890 ἐπάγει
646 2863 686 2883 m.
