1877 3081
60 195 111 220 9-2:;

61 259 108 291 σθη
119 280 128 293 ,
143 257 203 285 κατ’
216 251 283 289 εἶδος
308 250 399 291 εἷπεν,
419 255 479 283 ἀλλ’
502 248 538 282 ὧν
562 252 610 292 μὲν
634 248 666 288 ἦν
685 251 816 287 εὖληπτος
837 252 851 280 ὁ

61 300 182 341 ἀριθμὸς,
197 299 406 338 ἆπηριθμήσατο
418 321 425 335 ,
441 310 456 327 (ί
473 297 603 331 "enim;
615 320 622 334 ,
639 309 652 325 ι)
677 296 771 334 εἰπὼν,
787 295 850 331 καὶ,

60 359 71 371 α
83 345 148 384 Τρίς
162 356 168 362 '
184 359 196 370 ιι
209 346 260 373 τῶν
276 344 303 373 δὲ
319 343 520 384 δυσαριθμήτων
536 342 664 383 ἀορίστως
679 341 832 380 ἐπεμνήσθη
845 352 851 358 “

63 401 77 417 υ
94 388 294 429 Περισσοτέρως
312 400 324 416 ιι
349 390 414 427 γὰρ,
441 388 523 428 φησὶ,
539 388 598 423 χαὶ,
623 402 634 413 κ
651 384 851 426 Ὑπερϐαλλόν-

60 446 121 470 τως,
137 448 148 459 ι·
165 434 221 469 καὶ,
239 448 249 459 ι
264 434 407 465 Πολλάκις.
431 447 443 458 ι
458 431 531 472 ⁸⁷ορα
549 432 576 460 δὲ
592 434 648 465 πῶς
666 434 784 460 τοσαῦτα
798 431 851 458 ἀπ’

61 479 272 518 αριθμησάμενος
289 479 404 518 δυσχερῆ
418 500 425 513 ,
451 479 498 506 οὐκ
522 473 612 513 εἶπεν,
636 476 710 510 ὅσους
728 475 851 516 ἐπέστρε-

59 526 102 563 ψεν
114 525 150 556 εἰς
165 524 191 542 ⁸⁸)
217 523 341 563 Χριστὸν,
358 523 414 559 ἅμα
438 522 485 560 μὲν
510 524 703 561 μετριοφρονῶν
716 545 724 559 ,
744 520 800 558 ἅμα
824 519 850 549 δὲ

60 568 101 596 καὶ
115 568 260 603 διδάσκων,
276 567 315 596 ὅτι
339 567 387 597 χᾶν
405 567 485 604 μηδὲν
510 566 618 605 γένηται
641 565 721 595 πλέον
745 567 782 605 τῷ
800 577 848 594 πο-

59 614 189 653 νουμένῳ,
219 613 264 642 καὶ
289 613 358 642 οὕτω
381 612 415 642 τὰ
439 613 490 641 τῶν
517 613 618 650 μισθῶν
644 610 718 640 ἔσται
743 611 850 647 πεπλη-

61 658 171 697 ρωμένα.

99 763 110 775 ιι
129 749 163 778 Ἦ
190 748 361 782 ἔπισύστασίς
387 760 437 787 μου
464 750 480 784 ἡ
508 750 567 777 καθ’
593 747 705 786 ἡμέραν.
725 758 738 776 ι)
765 748 849 777 Τουτ-

63 795 144 830 έστιν,
171 796 188 828 ἡ
220 793 308 834 ἔφοδος
331 796 347 829 ἡ
378 793 532 830 μανιώδης,
550 793 595 822 καὶ
610 795 628 828 ἡ
648 793 845 827 ἐπανάστασις,

60 839 89 874 ἣν
101 841 236 868 ποιοῦνται
250 839 309 867 κατ’
326 839 391 877 ἐμοῦ
406 839 463 867 καθ’
481 837 595 872 ἑκάστην
620 840 644 867 οἱ
667 838 747 876 δῆμοι
772 839 846 877 κοινῇ

59 884 158 923 Wes-

98 939 111 956 α
128 928 161 958 Ἡ
178 927 296 968 μέριμνα
315 930 408 957 πασῶν
436 928 488 956 τῶν
516 926 694 963 Ἐκκλησιὶὖν.
729 940 741 952 n
766 927 850 956 Ton

60 973 87 1002 τὸ
111 974 254 1013 κεφάλαιον
281 973 427 1002 ἁπάντων⁸
454 974 476 1002 εἰ
502 971 553 1012 γὰρ
584 970 666 1005 οἰκίας
695 977 756 1009 μιᾶς
783 982 849 1010 προ-

59 1019 119 1046 voth
135 1029 188 1056 τις,
212 1017 268 1055 xui:
280 1021 380 1053 ταῦτα,
402 1017 504 1050 οἰκέτας
527 1017 596 1056 ἔχων
616 1017 661 1045 καὶ
680 1016 847 1054 οἰκονόμους,

59 1062 112 1090 οὐδὲ
133 1063 258 1091 ἀναπνεῖν
281 1061 366 1102 ἰσχύει
379 1073 386 1080 ⁸
403 1062 427 1091 τί
447 1062 561 1100 πάσχειν
579 1061 647 1094 εἰκὸς
660 1060 749 1102 ψυχὴν
766 1061 828 1099 μίαν
840 1083 848 1097 ,

61 1106 121 1144 μετὰ
159 1107 288 1136 τοσούτων
327 1108 468 1141 κινδύνων,
497 1107 582 1142 πάσης
620 1107 667 1141 τῆς
696 1106 848 1143 οἰκουμένης

60 1152 240 1191 φροντίζουσαν
251 1174 260 1191 ,
277 1151 322 1181 καὶ
338 1151 403 1191 ὑπὲρ
418 1153 524 1192 ψυχῶνς

95 1253 106 1267 α
123 1242 172 1275 Τίς
185 1242 299 1278 ἀσθενεῖ,
313 1242 359 1271 καὶ
372 1242 420 1271 οὐκ
435 1243 550 1278 ἀσθενῶς
564 1238 647 1270 «Ἵνα
663 1239 700 1279 μή
718 1252 757 1274 τις
772 1240 846 1281 εἴπῃ,

60 1283 96 1327 δτι
109 1285 257 1327 Ἐμερίμνα
281 1286 347 1326 μὲν,
369 1285 438 1322 πλὴν
453 1286 545 1320 ἁπλῶς
566 1287 652 1325 οὕτω,
667 1287 744 1322 δηλοῖ
757 1286 802 1315 καὶ
818 1286 847 1316 τὸ

60 1325 118 1364 εἶδος
136 1325 182 1366 τῆς
195 1325 343 1371 μερίμνηςξ
367 1331 423 1361 Καὶ
439 1332 486 1361 οὐχ
503 1328 588 1367 εἶπεν,
605 1330 644 1360 ὅτι
663 1333 786 1361 Κοινωνῶ
801 1333 847 1366 τῆς

60 1375 178 1412 ἀθυμίας,
195 1376 266 1412 ἀλλ’,
285 1376 334 1410 ⁸Ως
349 1377 427 1410 αὐτὸς
451 1377 566 1406 ἀσθενῶν
578 1398 586 1412 ,
609 1375 678 1405 οὕτω
699 1375 846 1414 διάκειμαι.

61 1418 199 1450 ’Λσθένειαν
218 1420 246 1450 δὲ
273 1421 374 1456 νοήσεις
401 1421 448 1459 μὲν
463 1421 508 1450 καὶ
523 1420 571 1456 τὴν
598 1419 768 1458 σωματικὴν,
793 1420 846 1458 μά-

61 1464 132 1493 λιστα
145 1465 170 1494 δὲ
186 1466 232 1494 χαὶ
245 1465 292 1500 τὴν
314 1466 443 1505 ψυχικήν.
461 1466 501 1496 Τὸ
517 1466 559 1504 δὲ,
580 1477 595 1494 (ι
610 1465 674 1501 Τίς,
691 1478 703 1492 ι
727 1464 784 1494 Κᾶν
800 1465 847 1503 μέ-

62 1520 103 1546 γας
119 1505 150 1549 ᾖ,
165 1510 243 1550 ρησὶ,
258 1510 307 1539 κᾶν
321 1511 435 1546 εὐτελής.

96 1613 107 1625 α
122 1600 167 1632 Τίς
189 1600 411 1636 σκανδαλίζεται,
440 1600 484 1630 καὶ
507 1601 554 1630 οὔκ
579 1600 631 1640 ἐγὼ
655 1602 803 1640 πυροῦμαι;
829 1612 843 1630 ι)

62 1641 127 1682 Ὂρα
151 1646 206 1676 πῶς
233 1645 386 1684 παρέστησε
413 1645 461 1681 τὴν
490 1645 638 1684 ὑπερϐολὴν
666 1647 712 1680 τῆς
741 1646 844 1682 ὀδύνης.

62 1687 246 1728 Ἐμπίπραμαι
269 1689 328 1730 γὰρ,
353 1689 431 1730 φησὶ,
458 1690 503 1719 καὶ
524 1690 655 1728 καίομαι,
679 1691 725 1720 χαὶ
744 1691 776 1719 τὰ
798 1691 846 1729 μὲν

62 1732 122 1762 ἄλλα
136 1734 247 1774 πάσχων
264 1734 384 1774 ἔλαιρεν,
409 1734 484 1768 εἰδὼς
500 1734 540 1763 ὅτι
563 1735 629 1774 ὑπὲρ
644 1737 690 1763 τοῦ
709 1735 845 1765 Δεσπότου

61 1780 136 1807 ταῦτα
158 1779 268 1818 πάσχει.
287 1779 422 1808 Ἐνταῦθα
447 1779 474 1808 δὲ
501 1780 700 1819 διετιτρώσκετο
726 1779 773 1814 τὴν
796 1781 846 1820 ψυ-

60 1821 121 1860 χὴν,
140 1822 205 1852 ὥστε
229 1823 258 1852 τὸ
278 1824 498 1858 σκανδαλίζεσθαί
514 1836 588 1862 τινα,
606 1824 651 1853 καὶ
666 1824 710 1852 τὸν
728 1825 844 1864 τυχόντα

61 1867 99 1894 καὶ
125 1868 340 1907 ἄπεῤῥιμμένον,
368 1869 447 1898 πλέον
477 1869 574 1898 ἐκεῖνον
603 1869 666 1903 ἠνία
690 1867 724 1898 Ὁ
751 1869 778 1898 δέ
805 1881 834 1907 γε

61 1911 138 1940 Angit?
153 1912 178 1929 9"
197 1913 304 1942 δίδωσιν
320 1914 384 1950 ἡμῖν
405 1918 472 1943 νοεῖν
491 1914 537 1949 τὸ,
560 1927 570 1938 ιι
592 1913 752 1953 Πυροῧμαι,
770 1927 781 1939 υ
798 1915 845 1942 ἄν-

61 1954 82 1982 τὶ
96 1959 138 1984 τοῦ
147 1979 154 1992 ,
167 1958 396 1995 Σκανδαλίζομαι.
413 1956 520 1997 Ὥσπερ
533 1957 585 1998 γὰρ
598 1954 669 1995 εἷπε,
686 1971 698 1984 ι
711 1958 757 1991 Τίς
770 1959 844 1988 ἀσθε-

61 2003 105 2035 νεῖ,
120 2001 163 2030 καὶ
177 2004 225 2031 οὐκ
251 2003 365 2037 uiuendi;
385 2013 400 2031 ι)
419 2003 487 2032 οὕτω
510 2002 593 2043 φησί’
622 2003 681 2032 Κᾶν
698 2003 843 2032 σκανδαλίς

62 2045 130 2079 ζηταί
149 2057 201 2081 τις,
225 2047 301 2080 αὐτὸς
328 2047 396 2076 δοχῶ
421 2048 654 2083 σχανδαλίζεσθαι,
680 2047 726 2076 καὶ
759 2059 843 2077 σπου-

62 2088 124 2122 δάζω
139 2091 261 2120 ἰάσασθαι
276 2092 306 2120 τὸ
321 2092 403 2124 πάθος
419 2094 453 2125 ὡς
470 2092 545 2130 ἐμόν.
564 2093 621 2122 Ποῦ
637 2091 665 2121 δέ
687 2104 750 2132 φησι
766 2095 844 2123 τοῦτο

61 2134 73 2160 ὃ
94 2133 188 2172 Annis;
226 2147 240 2164 (ι
262 2135 309 2166 Ἐν
331 2138 368 2176 τῷ
393 2136 636 2176 ὕπερηφανεύεσθαι
671 2137 713 2166 τὸν
741 2137 842 2173 ἀσεϐῆ,

62 2178 220 2219 ἓμπυρίζεται
235 2182 250 2210 ὁ
265 2182 387 2221 πτωχὸς,
413 2196 424 2207 υ
452 2182 586 2217 τουτέστι,
604 2182 814 2216 Σκανδαλίζεται
830 2184 842 2211 ὁ

61 2224 166 2263 πτωχὸς,
236 2226 337 2266 διανοίᾳ
354 2229 420 2266 ὀρῶν
435 2226 492 2260 τοὺς
509 2227 628 2260 ἀναξίους
642 2226 664 2244 9'

61 2278 100 2300 τας
113 2269 154 2298 καὶ
166 2271 399 2310 ὓπεραιρομένους.

99 2326 109 2338 ιι
128 2315 156 2343 Εἰ
169 2319 319 2355 καυχᾶσθαι
337 2317 394 2352 δεῖ,
407 2316 439 2345 τὰ
461 2319 509 2352 τῆς
525 2316 658 2350 ἀσθενείας
674 2328 724 2355 μου
741 2317 843 2358 καυχή-

61 2367 141 2395 σομαι.
156 2373 168 2384 τι
191 2359 338 2389 Ἀσθένειαν
362 2362 441 2390 καλεῖ
466 2361 524 2395 τοὺς
552 2361 693 2401 διωγμούς.
720 2361 766 2390 Ἐν
791 2362 842 2401 γὰρ

61 2402 259 2440 τῷλλιμώττειν,
287 2405 331 2434 καὶ
355 2405 535 2444 πλήττεσθαι,
558 2406 603 2435 καὶ
629 2411 769 2445 ναυαγεῖν,
797 2407 843 2436 καὶ

60 2445 135 2475 τᾶλλα
162 2448 248 2477 πάντα
274 2449 404 2489 mia/vam,
429 2452 445 2485 ἡ
475 2450 626 2490 ἀνθρωπίνη
650 2451 768 2480 ἀσθένεια
790 2451 842 2480 δε(-

61 2500 152 2534 κνυται,
180 2493 303 2531 Σημείων
331 2495 358 2523 δὲ
381 2495 492 2523 ἐνταῦθα
515 2496 544 2524 οὖ
571 2496 703 2534 μέμνηται
722 2507 728 2513 “
753 2497 840 2524 ἐκεῖνα

60 2532 104 2583 *ςᾶρ
119 2537 185 2566 Θεοῦ
201 2539 282 2578 δῶρον
305 2534 356 2575 ἦν·
380 2542 463 2568 ταῦτα
489 2539 516 2568 δὲ
545 2540 613 2578 μετὰ
637 2542 683 2575 τῆς
699 2543 744 2570 τοῦ
768 2541 841 2572 Θεοῦ

62 2579 132 2616 {huic
145 2581 190 2611 καὶ
204 2583 252 2619 τὴν
268 2584 347 2613 αὐτοῦ
363 2583 388 2602 ⁹²
403 2583 542 2624 ,ὑπομονὴν
555 2585 665 2615 ἐδείκνυ.

856 2205 881 2236 Ι)

693 2227 830 2256 πλουτοῦν

99 2681 110 2694 α
126 2669 158 2700 Ὁ
173 2671 239 2706 Θιὸς
262 2673 308 2702 καὶ
334 2673 433 2713 Πατὴρ
459 2677 504 2704 τοῦ
529 2674 629 2714 Κυρίου
657 2677 733 2713 ἡμῶν
751 2675 841 2712 Ἰησοῦ

98 2745 185 2775 “Psal.
201 2754 245 2780 ιχ,
261 2751 305 2777 23.

495 189 670 218 EXPOSITIO
691 189 721 216 IN
743 187 848 216 EPIST.
869 186 893 214 ll
910 186 956 213 AD
975 185 1054 213 COR.
1074 200 1109 204 —
1129 186 1206 212 CAP.
1226 186 1267 213 XI.

864 878 888 909 Β

1652 189 1705 216 926

905 247 1042 282 meminit,
1057 247 1202 283 speciatim
1219 248 1363 283 expressit,
1385 247 1432 276 sed
1443 256 1561 284 quorum
1571 258 1704 278 numerus

906 293 984 321 facile
995 292 1083 328 potuit
1091 291 1299 328 comprehendi,
1310 293 1490 326 enumcravit,
1505 304 1518 318 (ι
1529 295 1677 330 Quinquies
1690 309 1701 320 .

906 342 932 366 et
949 350 961 361 ιι
976 339 1028 365 Ter
1046 349 1058 361 -
1077 336 1170 364 dicens
1187 346 1192 364 :
1210 345 1306 365 eorum
1323 345 1387 365 vero
1401 345 1463 372 qua:
1487 345 1542 365 non
1561 337 1641 367 facile
1653 339 1704 368 sub

906 390 1054 410 numerum
1066 381 1180 415 cadunt,
1203 381 1344 410 indeﬁnite
1356 382 1501 409 meminit:
1518 382 1701 416 «Abundan-

905 428 961 455 tius
977 439 988 451 ι
1006 427 1090 460 enim,
1100 426 1198 463 inquit,
1212 430 1239 455 et
1252 437 1265 451 α
1285 428 1372 462 Supra
1384 426 1511 458 modum,
1530 439 1543 451 ν
1557 431 1594 460 et,
1609 439 1622 451 α
1639 429 1702 456 Frc-

905 477 1028 508 quenter.
1047 484 1059 496 ιι
1073 471 1144 499 Vide
1161 475 1252 499 autem
1275 471 1415 507 quomodo
1430 475 1471 499 tot
1486 475 1616 508 tantaque
1635 479 1704 500 enu-

905 525 1014 544 merans
1030 516 1152 550 adversa,
1166 525 1223 544 non
1237 516 1336 544 dixerit
1352 520 1421 552 quot
1434 516 1467 544 ad
1479 516 1620 544 Christum
1634 525 1704 545 eon-

904 563 1026 596 verterit,
1041 561 1123 589 simul
1141 561 1253 597 quidem
1271 561 1414 589 moderata
1429 561 1547 596 spirans,
1560 562 1642 589 simui
1657 569 1703 589 ve-

904 615 935 634 ro
953 606 1064 639 docens,
1080 605 1155 642 quod
1168 605 1276 634 etiamsi
1289 605 1353 633 nihil
1369 606 1488 642 amplius
1504 605 1639 634 laboranti
1651 605 1703 634 ob-

905 651 1008 686 veniat,
1023 651 1063 679 vel
1088 650 1128 678 sic
1143 658 1255 687 quoque
1271 651 1381 687 plenam
1399 649 1557 678 mercedem
1578 651 1613 678 sit
1630 658 1704 678 acce-

903 700 1010 732 pturus.

941 752 953 765 -
973 740 1109 769 Instantia
1130 748 1190 768 mea
1210 739 1382 776 quotidiana.
1398 751 1410 764 η
1427 740 1489 768 Hoc
1510 744 1562 774 est,
1577 739 1700 768 furibun-

902 785 954 814 dus
979 785 1097 814 insultus
1111 789 1137 814 et
1158 785 1330 818 insurrcclio,
1355 793 1407 821 qua
1431 785 1516 821 308
1543 785 1639 822 vulgus
1667 793 1700 814 ex

902 830 1045 858 communi
1058 830 1193 858 sententia
1217 838 1262 858 me
1277 829 1450 858 adoriuntur.

943 933 955 945 ι
972 920 1131 949 Sollicitudo
1145 919 1271 948 omnium
1287 919 1484 948 Ecclesiarum.
1514 931 1528 944 ι
1563 921 1631 948 Haec
1661 923 1703 947 est

903 974 1012 994 summa
1024 966 1159 994 omnium.
1183 965 1211 993 Si
1226 964 1301 992 enim
1316 965 1338 992 is
1352 964 1397 1000 qui
1411 964 1493 992 unius
1505 963 1701 992 tantummodo

903 1010 1002 1039 domus
1016 1018 1110 1038 curam
1125 1009 1203 1046 gerit,
1220 1009 1300 1045 idque
1323 1017 1388 1037 cum
1407 1009 1529 1037 famulos
1547 1013 1575 1037 et
1588 1017 1701 1037 oecono-

902 1063 965 1083 mos
979 1055 1088 1088 habeat,
1103 1063 1139 1082 ne
1153 1054 1286 1090 respirare
1301 1054 1414 1090 quidem
1434 1054 1521 1090 possit
1538 1063 1543 1081 :
1561 1053 1629 1090 quid
1644 1054 1700 1089 pati

903 1100 1047 1128 verisimile
1059 1104 1101 1128 est
1112 1099 1232 1127 animam
1248 1107 1342 1134 unam,
1358 1106 1419 1135 qua:
1434 1098 1505 1126 inter
1525 1102 1567 1126 tot
1580 1098 1699 1134 pericula

902 1153 951 1181 pro
964 1146 1089 1173 universo
1111 1145 1187 1178 orbe,
1201 1144 1323 1180 adeoque
1349 1151 1397 1179 pro
1411 1143 1555 1172 animabus
1568 1147 1611 1171 est
1630 1143 1701 1172 solli-

902 1191 956 1218 cita
969 1192 980 1217 Ρ

937 1237 1027 1263 Vens.
1040 1237 1084 1263 29.
1093 1246 1105 1258 α
1117 1235 1185 1270 Quis
1196 1234 1363 1268 inﬁrmatur,
1371 1237 1454 1270 etego
1464 1241 1522 1261 non
1532 1233 1696 1262 inﬁrmor?»

901 1281 942 1308 Ne
955 1281 1016 1316 quis
1028 1279 1108 1313 dicat,
1124 1279 1262 1307 Sollicitus
1272 1278 1385 1314 quidem
1400 1282 1451 1312 est,
1466 1286 1559 1306 verum
1582 1278 1621 1306 sic
1634 1279 1700 1306 sim-

901 1325 1015 1361 pliciter,
1042 1325 1161 1360 speciem
1181 1325 1267 1352 etiam
1288 1323 1481 1351 sollicitudinis
1500 1323 1615 1351 indicat.
1643 1324 1700 1352 Nec

901 1369 980 1404 dixit,
1000 1370 1137 1404 Partieeps
1169 1377 1231 1397 sum
1267 1368 1402 1403 maeroris,
1434 1367 1493 1402 sed,
1532 1368 1614 1396 Velut
1641 1368 1700 1404 ipse

902 1414 1027 1442 inﬁrmus
1046 1414 1109 1447 sim,
1131 1413 1245 1449 perinde
1263 1412 1379 1441 affectus
1404 1420 1475 1441 sum.
1500 1412 1636 1448 Intelliges
1657 1421 1700 1440 au-

900 1463 959 1487 tem
981 1459 1026 1487 hic
1041 1458 1229 1486 inﬁrmitatem
1256 1458 1388 1494 corporis,
1403 1457 1578 1493 potissimum
1597 1465 1661 1486 vero
1674 1461 1702 1485 et

901 1503 1010 1532 anima.
1033 1503 1113 1538 Quod
1127 1503 1175 1536 ait,
1191 1515 1202 1527 α
1219 1502 1294 1538 Quis,
1317 1514 1330 1527 η
1356 1501 1544 1538 accipiendum
1557 1506 1608 1536 est,
1620 1501 1699 1538 quasi

902 1548 984 1582 dicat,
1000 1548 1062 1576 Sive
1076 1555 1193 1584 magnus
1205 1548 1253 1581 sit,
1268 1547 1323 1575 sive
1342 1547 1411 1574 vilis.

938 1605 951 1618 α
980 1593 1047 1628 Quis
1060 1592 1270 1626 scandalizatur,
1297 1596 1324 1620 et
1349 1599 1400 1628 ego
1424 1599 1480 1620 non
1493 1593 1581 1620 uror?
1605 1591 1700 1621 Anim—

899 1637 1008 1666 adverte
1032 1637 1173 1673 quomodo
1197 1637 1301 1665 doloris
1321 1636 1540 1672 magnitudinem
1556 1644 1700 1672 expresse-

899 1683 943 1710 rit.
972 1682 1105 1710 Incendor
1127 1683 1211 1718 enim,
1233 1682 1331 1718 inquit,
1357 1686 1385 1710 et
1403 1689 1484 1716 uror;
1505 1682 1613 1718 aliaque
1637 1689 1699 1718 pas-

899 1735 946 1755 sus
970 1727 1123 1761 laetabatur,
1145 1727 1244 1762 quippe
1270 1726 1316 1763 qui
1340 1726 1425 1754 sciret
1443 1734 1502 1754 sese
1515 1734 1564 1762 pro
1579 1726 1699 1754 Domino

899 1779 949 1799 suo
963 1771 1026 1798 talia
1044 1771 1124 1799 ferre.
1143 1771 1196 1798 llic
1219 1779 1283 1799 vero
1306 1772 1399 1798 anima
1422 1771 1610 1804 sauciabatur,
1630 1771 1699 1798 adeo

899 1820 927 1843 ut
941 1816 992 1843 hoc
1012 1817 1114 1852 ipsum,
1143 1815 1218 1851 quod
1241 1815 1349 1851 aliquis,
1372 1815 1497 1850 quamvis
1521 1815 1641 1851 vulgaris
1663 1816 1700 1842 sit

899 1864 925 1888 et
950 1860 1083 1895 abjectus,
1115 1859 1274 1887 scandalum
1309 1859 1442 1894 patiatur,
1476 1859 1565 1894 ipsum
1594 1859 1699 1895 majore

899 1912 1016 1933 moerore
1029 1903 1176 1932 alliciebat.
1187 1905 1272 1931 Porro
1284 1903 1367 1931 David
1381 1903 1470 1936 docet,
1482 1903 1578 1938 quodu
1587 1904 1672 1937 Uror,
1684 1915 1696 1927 ιι

899 1957 960 1985 pro,
973 1948 1157 1982 Seandalizor,
1170 1947 1376 1984 intelligendum
1391 1952 1444 1975 est.
1466 1948 1506 1975 Ut
1526 1947 1601 1975 enim
1617 1947 1695 1982 dixit,

902 2004 916 2019 ει
931 1994 998 2029 Quis
1011 1993 1176 2026 inﬁrmatur,
1192 1997 1220 2021 et
1243 2001 1294 2029 ego
1314 2000 1371 2020 non
1386 1991 1511 2020 inﬁrmor
1527 1993 1539 2020 Ξ
1559 2004 1570 2016 υ
1590 1992 1630 2020 sic
1643 1992 1696 2020 ait:

899 2040 934 2066 Et
948 2039 969 2066 si
989 2038 1194 2066 scandalizatur
1208 2038 1320 2074 aliquis,
1336 2045 1387 2073 ego
1402 2045 1512 2073 quoque
1527 2036 1698 2065 scandaliza-

899 2079 923 2106 ri
944 2079 1046 2113 videor,
1067 2079 1157 2114 doque
1177 2086 1289 2114 operam
1309 2078 1382 2106 malo
1404 2077 1468 2105 huic
1491 2077 1609 2110 mederi,
1625 2077 1697 2105 haud

899 2119 1100 2147 scandalizatur
1135 2118 1242 2154 aliquis,
1285 2126 1336 2153 ego
1369 2125 1479 2153 quoque
1521 2117 1698 2145 scandalizari

899 2168 978 2187 secus
999 2163 1080 2194 atque
1095 2167 1189 2186 meum
1203 2158 1282 2186 foret.
1302 2158 1357 2186 Ubi
1374 2166 1440 2185 vero
1456 2157 1545 2185 David
1560 2158 1632 2185 istuc
1645 2157 1699 2185 ait?

900 2211 911 2223 ιι
926 2201 999 2228 Dum
1016 2199 1138 2234 superbit
1161 2199 1270 2235 impius,
1290 2197 1444 2226 incenditur
1456 2201 1579 2233 pauperu
1596 2217 1604 2230 ,
1616 2209 1627 2221 π
1648 2197 1700 2225 hoc

897 2244 949 2273 est,
976 2239 1176 2267 scandalizatur
1189 2246 1300 2275 pauper,
1317 2242 1409 2266 mente
1433 2246 1480 2265 sua
1504 2241 1630 2273 repetens
1655 2237 1698 2265 in—

896 2280 997 2316 dignos
1023 2279 1188 2308 ditescentes
1207 2283 1234 2307 et
1246 2279 1342 2306 elatos.

933 2325 1019 2353 Vens.
1036 2325 1080 2352 80.
1099 2336 1112 2348 ι
1135 2324 1165 2352 Si
1184 2323 1296 2359 gloriari
1311 2326 1430 2359 oportet,
1456 2330 1518 2359 qum
1532 2322 1700 2351 inﬁrmitatis

898 2377 968 2397 mea:
983 2373 1056 2402 sunt,
1085 2368 1234 2404 gloriabor.
1251 2380 1263 2392 υ
1286 2367 1480 2396 Inﬁrmitatem
1496 2368 1699 2403 persecutiones

898 2414 1026 2442 vocatzin
1036 2413 1181 2441 tolerantia
1199 2413 1274 2441 enim
1294 2412 1403 2446 inediae,
1418 2411 1573 2445 verberum.
1591 2411 1700 2440 naufra-

897 2459 945 2494 gii,
960 2458 1132 2494 aliorumque
1151 2457 1289 2486 malorum
1316 2457 1461 2493 patientia,
1476 2456 1596 2484 humana
1614 2456 1700 2484 imbe-

895 2503 992 2531 cillitas
1022 2502 1242 2531 demonstratur.
1271 2503 1418 2538 Signorum
1445 2505 1539 2530 autem
1568 2501 1611 2528 hic
1641 2509 1698 2529 non

895 2547 1032 2582 meminit,
1047 2547 1183 2584 siquidem
1197 2555 1228 2575 ea
1242 2547 1355 2576 fuerunt
1374 2546 1480 2574 donum
1495 2546 1555 2574 Dei.
1573 2547 1639 2574 Haec
1653 2553 1700 2572 au-

896 2596 953 2620 tem
966 2601 1021 2621 una
1045 2600 1109 2620 cum
1132 2593 1184 2621 Dei
1203 2593 1323 2628 potentia
1336 2592 1419 2628 ipsius
1438 2591 1521 2619 etiam
1538 2590 1697 2626 patientiam

897 2638 1168 2666 commonstrabant.

933 2684 1024 2711 Vens.
1041 2686 1086 2711 3|.
1119 2684 1222 2711 «Deus
1246 2686 1274 2710 et
1295 2683 1375 2710 Pater
1401 2680 1516 2709 Domini
1529 2679 1618 2707 nostri
1632 2680 1698 2707 Jesu

739 2793 832 2822 Variae
855 2794 1008 2825 lectiones.

93 2835 113 2854 "
124 2838 180 2875 πρὸς
189 2848 216 2868 0.
253 2842 274 2858 ³ο
285 2842 383 2874 Παῦλος
397 2851 423 2874 ο,
462 2845 482 2861 '“
501 2844 604 2876 ἀναξίως
616 2851 643 2874 o.
683 2846 704 2863 9’
719 2849 762 2872 τοῦ
776 2846 839 2873 Θεοῦ
853 2855 881 2876 ο,
