1877 3081
187 185 238 210 927

678 183 948 220 ΤΗΕΟΡΗΥιΑΟΤΙε
959 185 984 212 Bl

1071 185 1139 213 ΒΙᾸΞ
1158 186 1314 215 ARCHIEP.
1783 192 1826 217 928

186 245 294 280 Christi,
312 246 358 281 qui
383 249 425 274 est
440 246 598 274 benedictus
609 247 636 274 in
657 247 768 279 saecula.
783 247 914 282 scitquod
928 255 984 275 non

1068 251 1155 287 ριστοῧ
1169 244 1252 287 οἶδεν,
1271 251 1285 279 ὁ
1308 249 1343 278 ὢν
1368 251 1507 290 εὐλογητὸς
1529 252 1563 284 εἷς
1582 251 1642 284 τοὺς
1667 253 1780 287 αἰῶνας,
1795 253 1828 280 ὅτι

185 291 313 319 mentiar.
337 302 349 315 ι›
372 292 441 319 Cum
457 291 483 318 in
499 291 633 326 prioribus
649 292 750 320 nullam
765 291 861 320 fecerit
883 293 982 320 contir-

184 336 337 363 mationem
353 343 450 363 eorum
467 343 528 371 quae
541 335 654 370 diceret,
672 336 714 364 hic
732 337 890 371 conﬁrmat,
908 341 935 365 et
948 337 983 364 ﬁ-

185 380 249 408 dem
279 380 405 408 conciliat
426 381 482 408 suis
501 381 591 408 verbis
612 390 619 408 :
648 381 741 409 forsan
760 382 823 417 quia
848 383 982 410 vetustius

185 430 244 453 erat
267 429 294 453 et
312 425 454 453 obscurius
467 425 541 462 quod
557 426 679 454 dicturus
703 431 774 462 erat;
802 431 899 455 caetera
916 435 981 454 vero

191 469 254 505 ipsis
274 474 350 498 erant
364 471 484 505 cognita,
498 475 530 498 ut
543 471 710 503 sollicitudo,
725 471 806 508 idque
818 479 904 507 genus
919 471 980 500 alia.

223 516 314 542 Vens.
343 517 389 542 32.
419 527 431 539 -
457 516 582 543 Damasci
603 516 764 551 praepositus
779 516 868 552 gentis
892 519 982 544 Areta‘.

188 559 260 595 regis
283 559 456 587 custodiebat
470 560 607 587 civitatem
624 561 872 596 Damascenorum,
894 564 925 588 ut
939 568 982 588 me

185 603 439 639 comprehenderet.
458 616 470 628 υ
491 604 612 632 Observa
625 609 758 640 quantum
771 604 854 633 fuerit
868 605 980 639 bellum,

185 648 321 684 siquidem
337 649 421 684 ipsius
445 657 526 677 causa
551 650 674 685 princeps
702 650 828 685 praesidio
853 650 982 677 ﬁrmabat

185 693 294 727 urbem,
314 693 497 729 excubiasque
523 694 629 729 agebat.
654 694 872 730 Haudquaquam
890 698 980 722 autem

186 746 216 766 se
251 738 287 766 ita
320 738 448 774 gessisset
468 738 557 774 gentis
581 738 734 774 praefectus,
751 739 779 766 ni
806 739 882 766 Pauli
907 739 982 767 zelus

186 783 278 810 omnia
291 782 465 810 incendisset.
482 784 547 811 Fuit
561 788 652 811 autem
668 786 765 810 Aretas
782 784 897 811 llerodis
912 784 981 819 regis

185 835 272 855 soeer.

221 874 311 901 Vens.
325 875 369 900 33.
385 884 397 896 ιι
414 873 452 900 Ac
463 873 548 908 309
562 881 611 908 per
624 872 771 900 fenestram
787 873 813 900 in
827 877 918 909 sporta
931 873 979 901 de’
995 875 1018 906 Β

186 917 284 945 missus
291 925 352 945 sum
360 925 406 953 per
416 925 525 944 murum
531 939 537 951 ,
544 922 569 945 et
576 917 660 953 effugi
672 926 768 945 manus
775 918 844 954 ejus.
856 930 868 942 ι»
878 917 984 954 Effugi,

186 963 307 990 Herilem
318 963 407 998 legem
419 962 560 998 complens
573 971 579 989 :
596 970 660 990 nam
670 967 695 990 et
708 962 845 990 Dominus
856 963 984 998 migravit

187 1007 222 1036 de
237 1007 297 1035 loco
310 1007 338 1034 in
351 1007 450 1034 locum.
467 1007 528 1034 Non
543 1007 617 1034 enim
631 1015 700 1043 opus
713 1012 755 1035 est
769 1011 798 1035 ut
812 1008 938 1043 nosipsos
955 1007 982 1035 in

186 1052 352 1080 tentationes
371 1051 533 1087 injiciamus.
558 1052 612 1079 Ubi
628 1052 711 1087 igitur
738 1052 894 1088 hujusmodi
919 1056 983 1080 sunt

188 1097 268 1131 mala,
284 1104 299 1124 e
309 1096 410 1132 quibus
420 1096 533 1124 evadere
546 1104 602 1124 non
613 1097 710 1132 possis,
725 1097 784 1124 solo
796 1098 854 1124 Deo
867 1096 980 1132 indiges,

186 1145 213 1169 et
223 1141 258 1169 ab
270 1141 315 1169 illo
325 1141 458 1169 duntaxat
468 1149 532 1169 cum
543 1141 719 1177 inquirenda,
727 1145 786 1168 tum
797 1141 983 1176 exspectanda

186 1191 226 1215 est
239 1187 373 1215 liberatio.
389 1187 438 1214 Sin
459 1186 606 1215 tolerabilis
622 1194 653 1214 ac
668 1186 808 1214 moderata
828 1186 909 1214 fuerit
923 1190 983 1214 ten-

186 1233 264 1266 tatio,
278 1240 293 1259 a
307 1232 387 1259 nobis
399 1232 483 1260 etiam
497 1231 600 1268 aliquid
613 1231 821 1267 excogitandum
836 1235 892 1258 est:
907 1231 982 1267 atqui

188 1277 227 1304 vel
243 1277 282 1304 sic
300 1281 390 1304 totum
416 1278 475 1304 Deo
494 1276 680 1309 tribuendum,
708 1275 943 1312 quemadmodum
957 1279 983 1303 et

188 1321 238 1349 iste
249 1322 274 1349 in
288 1325 380 1356 sporta
394 1321 497 1357 effugit.
512 1321 622 1349 Etiamsi
639 1321 713 1348 enim
726 1329 790 1348 cum
803 1320 913 1348 Christo
923 1328 983 1348 esse

186 1366 460 1402 expeteret,salutem
472 1371 567 1394 tamen
586 1366 743 1394 mortalium
765 1365 885 1398 amabat,
901 1373 984 1401 seque

186 1411 276 1448 ipsum
289 1411 363 1439 verbi
379 1411 529 1438 ministerio
540 1410 673 1438 servabat.

489 1465 604 1492 CAPUT
618 1465 680 1492 Xll.

224 1520 313 1547 VEBS.
329 1522 375 1546 1.·ι
389 1518 507 1546 Gloriari
517 1525 578 1545 vero
589 1526 645 1545 non
654 1517 763 1553 expedit
775 1517 855 1546 mihi.
867 1517 984 1546 Veniam

1040 294 1069 322 οὖ
1098 293 1240 333 ψεύδομαι.
1259 308 1269 320 ιν
1296 295 1358 325 Ἐπ’
1386 296 1471 324 οὐδενὶ
1497 297 1548 324 τῶν
1581 296 1717 336 προτέρων
1747 297 1827 326 διαει-

1039 338 1148 367 ϐαίωσίν
1180 351 1238 368 τινα
1268 339 1463 377 ποιησάμενος,
1491 341 1603 370 ἐνταῦθα
1633 341 1827 371 διαϐεϐαιοῦται

1038 382 1083 412 καὶ
1098 386 1237 413 πιστοῦται
1253 396 1259 402 ⁸
1278 384 1341 418 ἴσως
1361 384 1426 414 διότι
1449 385 1622 425 ἀρχαιότερον
1645 382 1677 421 ἦν
1701 386 1747 415 καὶ
1773 387 1828 421 αξη-

1037 427 1154 467 λότερον.
1181 429 1277 458 Τᾶλλα
1291 429 1315 446 ³³
1342 429 1369 458 δὲ
1391 429 1437 459 καὶ
1459 431 1545 462 αὐτοῖς
1571 429 1712 470 γνώριμα,
1739 426 1790 460 οἷον
1814 434 1826 466 ἡ

1037 473 1167 511 μέριμνα,
1181 473 1225 502 καὶ
1240 473 1273 502 τὰ
1291 474 1381 503 λοιπά.

1078 531 1089 542 σ
1104 517 1151 546 Ἐν
1166 520 1306 559 Δαμασκῷ
1322 520 1336 548 ὃ
1359 518 1489 558 ἐθνάρχης
1515 518 1608 559 Ἀρέτα
1632 523 1678 549 τοῦ
1705 520 1826 559 βασιλέως

1037 563 1157 601 ἐφρούρει
1170 562 1220 598 τὴν
1235 565 1421 602 Δαμασκηνῶν
1438 564 1529 600 πόλιν,
1553 565 1650 594 πιάσαι
1667 577 1700 603 με
1715 566 1804 594 θέλων.
1817 579 1826 591 ι

1036 604 1110 646 Ὅρα
1128 607 1172 636 τὸν
1196 607 1329 645 πόλεμον,
1354 608 1428 645 ὅσος,
1458 609 1483 638 εἴ
1509 621 1539 648 γε
1561 610 1593 638 δι’
1610 610 1689 639 αὐτὸν
1715 610 1826 650 ἐφρούρει

1036 650 1084 687 τὴν
1110 651 1186 681 πόλιν
1213 654 1227 681 ὁ
1253 653 1364 693 ἄρχων
1388 653 1496 686 πάντως
1523 654 1550 683 δὲ
1573 656 1620 684 οὐκ
1643 654 1675 683 ἂν
1701 656 1770 684 οὕτω
1793 656 1825 683 δι-

1037 694 1121 725 έκειτο
1136 699 1150 726 6
1171 697 1313 737 ἐθνάρχης,
1336 698 1359 726 εἰ
1375 697 1412 736 μὴ
1433 701 1447 728 ὁ
1471 698 1579 728 Παύλου
1594 701 1674 734 ζῆλος
1690 700 1826 740 ἐπυρπόλει

1037 740 1069 769 τὰ
1084 741 1183 772 πάντα.
1201 742 1330 782 Πενθερὸς
1345 742 1372 772 δὲ
1386 742 1508 782 Ἡρώδου
1523 746 1538 773 ὁ
1553 743 1671 783 Ἀρέτας.

1079 890 1093 907 (ί
1109 879 1163 909 Καὶ
1180 878 1222 908 διὰ
1246 880 1346 919 θυρίδος
1361 881 1387 909 ἐν
1411 881 1531 920 σαργάνῃ
1556 881 1711 921 ἐχαλάσθην
1728 881 1770 910 διὰ
1786 885 1824 910 τοῦ

1038 923 1154 963 τείχους,
1178 924 1223 953 καὶ
1243 924 1364 964 ἐξέφυγον
1379 925 1425 958 τὰς
1439 927 1531 965 χεῖρας
1546 926 1636 956 αὐτοῦ.
1651 940 1663 950 ν
1685 926 1822 966 Ἐξέρυγε,

1035 968 1196 998 Δεσποτικὸν
1222 968 1301 1006 νόμον
1327 971 1435 1009 πληρῶν
1451 982 1458 989 ’
1482 970 1528 999 καὶ
1552 970 1604 1010 γὰρ
1627 971 1675 1000 καὶ
1690 974 1704 1000 ὁ
1737 971 1823 1011 Κύριος

1036 1013 1179 1050 μεθίστατο
1203 1014 1233 1043 ἐκ
1247 1013 1329 1043 τόπου
1353 1015 1388 1047 εἰς
1409 1014 1491 1044 τόπον
1507 1024 1513 1031 ·
1541 1015 1569 1044 οὖ
1593 1015 1645 1054 γὰρ
1669 1017 1824 1056 ἐπιῤῥίπτειν

1035 1057 1142 1090 ἑαυτοὺς
1165 1062 1218 1090 τοῖς
1241 1063 1397 1098 πειρασμοῖς
1414 1060 1462 1090 δεῖ.
1486 1059 1572 1089 Ἔνθα
1595 1060 1643 1097 μὲν
1666 1056 1711 1089 οὖν
1729 1061 1824 1099 ἄφυκτα

1035 1102 1067 1130 τὰ
1083 1102 1152 1132 κακᾶ
1161 1126 1168 1140 ,
1181 1105 1227 1132 τοῦ
1242 1103 1313 1133 Θεοῦ
1327 1104 1366 1132 δεῖ
1387 1104 1482 1142 μόνον,
1499 1104 1545 1133 καὶ
1559 1104 1623 1144 παρ’
1636 1105 1739 1134 ἐκείνου
1755 1106 1824 1142 po'v'n

1036 1147 1162 1182 ζητητέον
1185 1147 1230 1176 καὶ
1254 1148 1428 1186 ἄναμενετέον
1460 1148 1508 1184 τὴν
1535 1149 1688 1188 λύτρωσιν·
1718 1150 1777 1180 ἔνθα
1802 1151 1824 1178 δὲ

1036 1192 1186 1231 σύμμετρος
1207 1193 1222 1221 ὁ
1238 1193 1400 1232 πειρασμὸς,
1427 1194 1471 1222 καὶ
1487 1193 1586 1222 οἴκοθέν
1608 1206 1635 1223 τι
1660 1196 1825 1231 ἔπινοητέονι

1036 1238 1073 1276 τῷ
1085 1238 1148 1276 Θεῷ
1164 1237 1252 1273 μέντοι
1277 1238 1322 1267 καὶ
1345 1237 1414 1267 οὕτω
1437 1238 1466 1268 τὸ
1487 1242 1540 1266 πᾶν
1563 1239 1718 1277 ἀναθετέον,
1745 1240 1824 1278 ὥσπερ

1037 1281 1068 1316 δὴ
1087 1281 1131 1310 καὶ
1148 1277 1220 1324 οἷςος
1240 1283 1266 1310 ἐν
1287 1282 1406 1322 σαργάνῃ
1431 1283 1561 1324 διέφυγεν.
1594 1284 1627 1313 ΙΞῖ
1651 1283 1703 1324 γὰρ
1725 1284 1768 1313 καὶ

1036 1327 1145 1366 Χριστῷ
1161 1321 1227 1355 εἶναι
1243 1327 1385 1365 ἐπεθύμει,
1407 1327 1476 1357 ἀλλὰ
1502 1327 1547 1357 καὶ
1562 1330 1609 1364 τῆς
1626 1329 1762 1368 σωτηρίας
1779 1332 1823 1358 τῶν

1037 1370 1183 1411 ἀνθρώπων
1197 1371 1264 1412 ἤρα,
1281 1372 1326 1401 καὶ
1345 1374 1383 1411 τῷ
1397 1373 1549 1413 κηρύγματι
1564 1373 1658 1402 ἑαυτὸν
1673 1373 1770 1413 ἐτήρει.

1321 1461 1464 1492 ΚΕΦᾹΔ.
1494 1462 1550 1492 IB'.

1081 1527 1093 1544 α
1119 1517 1284 1555 Καυχᾶσθαι
1303 1514 1330 1544 δὲ
1345 1516 1374 1544 οὖ
1390 1515 1518 1556 συμφέρει
1541 1527 1587 1554 μοι
1601 1528 1607 1534 ·
1624 1517 1771 1555 ἐλεύσομαι
1785 1517 1828 1557 γὰρ

188 1564 259 1591 enim
276 1564 311 1591 ad
326 1562 443 1590 visiones
455 1567 484 1590 et
497 1562 675 1590 revelationes
689 1562 812 1590 Domini.
832 1573 844 1587 «
870 1562 937 1597 Quia
950 1561 983 1590 ad

1067 1573 1075 1593 ς
1092 1559 1221 1601 ὀπτασίας
1235 1560 1280 1589 καὶ
1296 1560 1476 1601 ἀποκαλύψεις
1497 1560 1609 1600 Κυρίου.
1629 1575 1642 1587 ι
1666 1561 1780 1597 Ἐπιιδὴ
1801 1564 1830 1595 εἷς

188 1608 269 1635 aliam
283 1607 453 1643 gloriationis
467 1606 585 1634 formam
599 1606 706 1638 transit,
722 1614 784 1642 qua:
799 1607 887 1642 ipsum
899 1607 988 1642 splen-

187 1651 283 1679 didum
293 1650 420 1684 faciebat,
432 1650 628 1678 revelationum
642 1651 783 1683 nimirum,
797 1652 859 1678 Non
868 1651 985 1686 expedit,

186 1696 282 1732 inquit,
306 1695 375 1722 mihi
401 1695 463 1729 hoc,
480 1703 514 1722 ne
539 1703 583 1722 me
607 1695 641 1723 ad
665 1695 851 1731 arrogantiam
868 1696 984 1724 attollat.

186 1740 258 1775 Quid
268 1748 331 1768 vero
342 1740 365 1767 si
375 1748 431 1768 non
443 1739 519 1768 dicas
533 1740 546 1767 ?
555 1748 648 1768 nonne
658 1744 750 1767 tamen
763 1740 806 1768 illa
820 1740 893 1768 nosti
905 1742 916 1768 Ρ
935 1740 987 1769 Sed

186 1793 244 1813 non
258 1793 337 1821 aeque
356 1784 509 1817 efferimur,
532 1793 595 1812 cum
610 1785 659 1821 ipsi
673 1793 703 1812 ea
726 1785 800 1820 apud
814 1793 864 1813 nos
888 1793 989 1822 cogno-

186 1830 299 1864 scimus,
321 1834 403 1866 atque
427 1838 490 1858 cum
515 1829 551 1857 ad
566 1829 633 1857 alios
648 1829 824 1865 proferimus,
849 1834 876 1858 et
902 1830 990 1858 mani-

187 1874 330 1903 festamus.
351 1876 418 1903 Haec
441 1878 534 1903 autem
550 1883 606 1902 non
630 1874 707 1910 dixit,
726 1882 775 1902 ceu
792 1875 850 1910 ipse
872 1875 906 1903 sit
926 1883 987 1911 pas-

185 1928 266 1948 surus
280 1919 381 1956 aliquid
397 1919 567 1955 hujusmodi,
581 1918 629 1946 sed
650 1923 679 1946 ut
690 1919 799 1947 erudiat
814 1927 877 1951 nos,
895 1923 925 1947 ut
942 1919 988 1947 bu-

181 1964 303 2000 jusmodi
327 1964 400 1999 apud
415 1972 466 1991 nos
487 1964 537 1999 ipsi
564 1963 764 1991 contineamus.
793 1963 865 1998 Quin
887 1968 915 1992 et
939 1964 988 1992 alia

185 2009 290 2036 ratione
302 2018 308 2036 :
324 2020 336 2032 ιι
351 2009 411 2035 Νοιι
423 2008 561 2041 conducit,
574 2020 586 2032 υ
600 2015 634 2035 ne
645 2008 708 2044 quis
720 2016 764 2035 me
776 2009 911 2044 majorem
921 2008 989 2036 arbi.

188 2058 276 2081 tretur
293 2061 375 2088 quam
392 2052 465 2080 videt
480 2060 525 2080 me
540 2062 546 2080 :
566 2051 593 2079 id
608 2053 682 2088 quod
696 2053 724 2080 in
745 2060 893 2089 progressu
910 2053 986 2081 dicit.

187 2097 394 2132 Pseudapostoli
417 2097 490 2125 enim
507 2097 615 2124 etiamsi
629 2097 697 2124 nihil
723 2097 867 2130 haberent,
892 2097 987 2132 loque-

189 2142 289 2169 bantur
303 2145 406 2169 tamen.
429 2141 480 2169 Hic
502 2149 568 2170 vero
582 2145 685 2174 noster,
702 2141 808 2169 etiamsi
829 2141 929 2169 multas
951 2142 987 2169 vi-

187 2187 276 2215 siones
291 2187 402 2215 Domiui
418 2191 446 2214 et
464 2187 642 2214 revelationes
653 2186 774 2219 haberet,
794 2187 876 2214 unius
889 2190 984 2214 tamen

1041 1605 1128 1644 ἕτερον
1158 1599 1224 1637 εἶδος
1251 1604 1407 1644 καυχήσεως
1427 1599 1616 1644 γμεταϐαίνει,
1657 1605 1723 1646 ὅπερ
1762 1607 1829 1636 αὐτὸν

1041 1649 1122 1679 ἐποίει
1138 1648 1275 1688 λαμπρὸν,
1291 1649 1320 1679 τὸ
1332 1651 1383 1678 τῶν
1401 1650 1603 1691 ἀποκαλύψεων,
1615 1651 1708 1690 φησὶν,
1726 1652 1766 1681 ὅτι
1777 1667 1787 1677 -
1796 1653 1829 1681 Ο)

1041 1694 1168 1734 συμφέρει
1182 1705 1226 1733 μοι
1242 1708 1254 1719 ι
1269 1696 1346 1723 τοῦτο
1357 1716 1364 1730 ,
1381 1695 1425 1723 ῗνα
1441 1695 1478 1732 μή
1495 1707 1527 1732 με
1544 1697 1580 1728 εἷς
1595 1696 1722 1724 ἀπόνοιαν
1739 1697 1828 1736 ἐπάρῃ.

1040 1738 1074 1768 Τί
1098 1738 1124 1767 δὲ
1151 1737 1195 1768 ἐὰν
1221 1738 1258 1777 μὴ
1283 1738 1379 1777 siuna;
1396 1739 1443 1768 οὐκ
1465 1735 1538 1773 οἶδας
1565 1739 1638 1778 ὅμως
1665 1741 1751 1779 uinci;
1770 1741 1830 1771 Ἀλλ’

1040 1785 1090 1823 οὐχ
1105 1783 1200 1820 ὁμοίως
1223 1783 1386 1823 ἐπαιρόμεθα
1409 1784 1483 1813 αὐτοὶ
1505 1785 1602 1818 εἰδότες
1618 1786 1707 1824 αὐτὰ,
1732 1787 1780 1816 καὶ
1804 1789 1831 1818 εἰς

1041 1828 1171 1864 ἀλλήλους
1186 1828 1211 1847 ⁹⁴
1227 1829 1386 1869 ἐκφέροντες.
1398 1830 1493 1858 Ταῦτα
1508 1828 1535 1859 δὲ
1549 1829 1638 1868 λέγει,
1650 1832 1702 1870 οὖχ
1713 1833 1750 1863 ὣς
1764 1832 1831 1863 αὐτος

1043 1872 1147 1912 μέλλων
1165 1875 1258 1902 παθεῖν
1278 1885 1304 1902 τι
1329 1877 1445 1904 τοιοῦτον
1457 1897 1464 1911 ,
1481 1875 1540 1904 ἀλλ’
1563 1877 1634 1912 ἡμᾶς
1655 1876 1790 1905 παιδεύων
1805 1876 1831 1903 τὰ

1042 1920 1151 1946 τοιαῦτα
1167 1918 1230 1957 παρ’
1245 1919 1346 1951 ἑαυτοῖς
1367 1919 1501 1958 κατέχειν.
1522 1921 1574 1949 Καὶ
1595 1919 1683 1953 ἄλλως
1708 1921 1755 1955 δὲ,
1771 1935 1781 1945 -
1798 1922 1832 1950 Οὐ

1043 1962 1171 2003 συμφέρει
1182 1985 1190 1998 ,
1207 1976 1218 2005 τι
1232 1962 1276 1992 ἵνα
1294 1963 1331 2001 μή
1348 1963 1388 1996 τίς
1401 1975 1434 2001 με
1447 1964 1543 2003 νομίσῃ
1559 1963 1624 2003 ὑπὲρ
1639 1963 1653 1993 ὃ
1678 1965 1774 2003 βλέπει
1796 1977 1832 2003 με.

1041 2006 1079 2037 ⁸0
1095 2008 1140 2036 καὶ
1161 2007 1310 2037 ὑποκατιὼν
1334 2007 1415 2049 λέγειἲ
1441 2010 1476 2038 Οἱ
1495 2009 1546 2048 γὰρ
1562 2009 1776 2049 ψευδαπόστολοι
1794 2010 1832 2038 καὶ

1044 2052 1125 2089 μηδὲν
1146 2051 1250 2092 ἔχοντες
1268 2052 1357 2091 ἔλεγον
1373 2064 1378 2070 ·
1395 2048 1470 2087 οἶτος
1494 2053 1520 2082 δὲ
1541 2054 1627 2082 καίτοι
1643 2054 1748 2087 πολλὰς
1774 2055 1833 2093 ἔχων

1043 2096 1170 2129 ὀπτασίας
1187 2097 1285 2136 Κυρίου
1296 2097 1341 2126 καὶ
1360 2097 1556 2138 ἀποκαλύψεις,
1569 2097 1641 2136 ὅμως
1657 2103 1723 2137 μιᾶς
1740 2099 1834 2137 μέμνη-

1043 2153 1106 2177 ται,
1134 2141 1180 2170 καὶ
1201 2141 1299 2177 ταύτης
1324 2142 1404 2171 ἄκων.
1423 2140 1493 2172 Ἴσθι
1515 2142 1540 2171 δὲ
1563 2141 1603 2172 ὅτι
1624 2145 1641 2178 ἡ
1672 2145 1835 2175 ἀποκάλυψις

1042 2186 1122 2215 πλέον
1144 2197 1168 2214 τι
1187 2186 1241 2225 ἔχει
1254 2186 1279 2204 9⁵
1305 2189 1350 2222 ’τῆς
1375 2187 1517 2220 ὀπτασίας.
1544 2187 1578 2217 Ἣ
1605 2188 1656 2225 μὲν
1682 2190 1736 2228 γὰρ
1763 2190 1833 2227 μόνον

187 2231 364 2260 solummodo
379 2232 515 2267 meminit,
529 2232 640 2268 ejusque
654 2232 762 2259 invitus.
772 2232 890 2260 Noveris
903 2239 984 2268 porro

1067 2231 1148 2260 \s'rratv
1168 2230 1273 2260 δίδωσιν
1291 2243 1298 2250 ο
1314 2230 1381 2268 αὕτη
1407 2232 1432 2260 δὲ
1448 2232 1495 2261 καί
1510 2244 1535 2261 τι
1552 2233 1697 2273 βαθύτερον
1713 2236 1760 2263 τοῦ
1775 2235 1833 2272 ὁρω-

187 2277 261 2313 quod
281 2277 408 2305 revelatio
422 2277 511 2313 majus
530 2276 673 2312 quidpiam
697 2276 780 2304 habet
800 2284 884 2312 quam
900 2276 986 2303 visio.-

187 2321 246 2350 haec
265 2322 338 2349 enim
360 2322 556 2349 tantummodo
572 2321 664 2348 videre
680 2321 745 2348 facit
761 2321 908 2348 :revelatio
922 2329 985 2348 vero

187 2367 267 2394 altius
281 2366 413 2401 quiddam
432 2374 515 2401 quam
540 2365 657 2399 videtur,
672 2365 806 2393 denudat.

223 2412 312 2438 Vens.
337 2414 363 2437 2.
386 2420 401 2436 ιι
420 2411 480 2438 Scio
497 2411 638 2437 hominem
654 2410 681 2437 in
698 2410 807 2438 Christo
822 2415 884 2437 ante
898 2418 987 2438 annos

187 2454 407 2491 quatuordecim.
427 2465 435 2479 ι
459 2456 552 2490 Neque
574 2455 699 2482 omnium
715 2454 912 2482 revelationum
927 2463 985 2483 me-

189 2500 267 2527 minit
295 2499 441 2532 (molestus
463 2499 538 2526 enim
554 2498 649 2526 fuisset
665 2508 671 2526 :
687 2506 752 2526 nam
772 2499 865 2527 multa:
880 2502 985 2533 erant),

189 2552 279 2580 neque
292 2551 389 2572 omnes
415 2544 509 2571 reticet
525 2553 533 2570 :
549 2543 597 2571 sed
621 2544 663 2570 vel
678 2543 789 2576 invitus,
814 2543 848 2571 de
863 2552 914 2572 una
929 2545 987 2573 sola

189 2590 318 2626 loquitur,
332 2593 365 2617 ut
378 2589 476 2617 indicet
491 2588 563 2624 quod
580 2593 607 2616 et
623 2588 704 2624 hujus
720 2588 804 2616 invito
817 2590 987 2618 mentionem

188 2634 291 2663 fecerit.
309 2634 422 2663 Addidit
448 2638 552 2667 autem,
577 2645 588 2657 ιι
610 2635 643 2661 In
671 2633 789 2668 Christo,
809 2645 822 2658 α
847 2642 881 2662 ne
895 2634 988 2662 dicant

188 2680 389 2716 pseudapostoli
400 2679 471 2715 quod
483 2687 498 2707 a
518 2679 644 2707 daemone
658 2679 693 2707 sit
709 2679 819 2715 perinde
834 2684 928 2715 raptus
943 2683 986 2706 at-

188 2733 241 2761 que
268 2726 372 2753 Simon.
404 2726 497 2761 Neque
525 2729 625 2761 prater
648 2725 786 2753 rationem
812 2729 920 2760 tempus
947 2728 988 2752 est

1042 2275 1121 2314 μένου
1137 2276 1294 2315 ἀπογυμνοῐ.

1085 2418 1096 2430 κ
1115 2399 1185 2434 Οἶδα
1201 2404 1339 2443 ἄνθρωπον
1361 2405 1388 2433 ἐν
1412 2405 1520 2445 Χριστῷ
1539 2405 1591 2444 πρὸ
1616 2407 1682 2434 ἐτῶν
1707 2407 1829 2435 δεκατεσ-

1041 2449 1141 2489 σάρων.
1162 2463 1173 2475 ν
1203 2448 1274 2478 Οὔτε
1293 2451 1386 2478 πασῶν
1407 2451 1458 2478 τῶν
1483 2450 1679 2490 ἀποκαλύψεων
1706 2452 1829 2489 μέμνηται

1041 2494 1177 2535 (φορτικὸς
1189 2494 1241 2533 γὰρ
1256 2494 1288 2523 ἂν
1304 2495 1329 2517 9“
1350 2489 1395 2531 ἦν,
1413 2496 1518 2523 πολλῶν
1538 2495 1654 2533 οὐσῶν),
1671 2495 1732 2525 οὔτε
1752 2495 1829 2526 πάσας

1040 2543 1225 2579 παρασιωπᾷυ
1245 2538 1314 2568 ἀλλὰ
1335 2539 1380 2568 καὶ
1396 2538 1434 2578 μὴ
1458 2539 1556 2576 θέλων,
1583 2540 1656 2578 λέγει
1679 2542 1741 2580 περὶ
1756 2539 1828 2578 μόνης

1042 2589 1118 2623 μιᾶς,
1144 2582 1187 2612 ἵνα
1204 2582 1275 2623 δείξῃ
1292 2583 1332 2612 ὅτι
1355 2583 1426 2612 ἄκων
1447 2584 1492 2612 καὶ
1513 2583 1612 2620 ταύτης
1634 2584 1776 2623 μέμνηται.
1793 2583 1825 2612 Τὸ

1042 2629 1068 2659 δὲ
1078 2653 1085 2667 ,
1101 2639 1114 2657 rt
1130 2628 1176 2658 Ἔν
1195 2629 1319 2668 Χριστῷ,
1336 2640 1350 2657 ))
1369 2629 1548 2668 προσέθηκεν,
1561 2628 1605 2658 ἵνα
1625 2630 1663 2667 μὴ
1685 2629 1789 2658 εἴπωσιν
1804 2628 1823 2654 οἱ

1040 2673 1269 2715 ψευδαπόστολοι,
1295 2671 1334 2702 ὅτι
1350 2673 1401 2702 ὑπὸ
1425 2673 1556 2711 δαιμόνων
1572 2674 1681 2714 ἡρπάγη
1699 2675 1733 2707 ὡς
1750 2674 1763 2701 ὁ
1774 2671 1819 2702 Σί-

1042 2731 1109 2758 μων.
1128 2719 1187 2748 Οὖκ
1201 2717 1301 2756 ἀλόγως
1316 2716 1343 2746 δὲ
1365 2716 1424 2747 οὐδὲ
1445 2719 1458 2746 ὁ
1481 2717 1573 2758 χρόνος
1596 2719 1762 2758 πρόσκειται·
1780 2715 1814 2744 ἵνι

887 2781 980 2811 Variae
1002 2782 1151 2811 lectiones.

224 2842 247 2858 ⁸³
261 2844 338 2869 ταῦτα
348 2851 374 2871 ο.
413 2843 435 2860 9‘
447 2843 538 2874 ἄλλους
550 2851 589 2871 m.
618 2843 650 2879 r95
666 2843 718 2870 ἐστι
729 2851 755 2871 ο.

795 2842 818 2859 9°
829 2842 945 2878 φορτικὸν
961 2841 1009 2876 γὰρ
1022 2849 1049 2869 o.
