1877 3081
54 182 98 208 929
462 176 635 205 EXPOSlTlO
655 177 688 204 IN
709 176 812 204 EPIST.
835 177 856 204 ll
875 178 921 205 AD
941 178 1019 206 COR.
1039 192 1074 198 —
1093 178 1168 206 CAP.
1188 178 1241 205 XII.

1631 180 1682 206 930

54 242 131 280 μάθῃς
143 241 180 270 ὅτι
193 239 372 279 δεκατέσσαρα
388 239 436 275 ἔτη
460 239 586 279 σιγήσας,
604 241 651 270 οὐκ
668 239 699 269 ἂν
716 239 774 269 οὐδὲ
788 252 799 268 ν

943 244 1062 274 iactum,
1075 240 1201 268 utdiscas
1217 238 1293 275 quod
1306 247 1369 266 cum
1378 240 1584 274 quatuordecim
1598 248 1686 268 annos

53 287 126 326 χωρὶς
147 285 260 324 ἀνάγκης
289 284 439 320 ἐξελάλησε.
458 285 512 314 Καὶ
535 283 575 313 ὅτι
598 286 621 313 εἰ
641 285 693 324 πρὸ
709 285 833 314 δεκατεσ-

53 331 132 370 σάρων
148 331 211 358 ἐτῶν
232 329 356 359 τοιούτων
386 329 496 366 ἠξίωτο,
521 329 634 364 πηλίκος
655 331 701 358 νῦν
718 330 834 369 ὑπάρχει

54 374 114 413 μετὰ
126 373 260 407 τοσούτους
275 373 339 413 ὑπὲρ
355 374 472 413 Χριστοῦ
485 373 631 407 κινδύνουςὶ

91 477 104 492 a
116 463 192 503 (Εἴτε
204 464 230 492 ἐν
245 463 364 502 σώματι,
381 464 427 492 οὐκ
439 458 512 493 οἶδα·
528 463 579 492 εἴτε
596 463 670 496 ἐκτὸς
682 465 726 492 τοῦ
742 462 835 500 σώμα-

54 521 104 544 τος,
127 509 172 537 οὐχ
187 503 246 538 οἶδα
260 520 266 526 ·
280 510 293 536 6
310 508 378 542 Θεὸς
401 504 484 548 οἶδεν)
509 508 663 548 ἁρπαγέντα
677 507 708 536 τὸ
722 511 836 537 τοιοῦτον

54 554 97 586 ἕως
120 553 205 592 τρίτου
231 553 384 592 οὐρανοῦ.»
411 552 485 592 εὍροι
512 551 753 592 μετριοφροσύνην,
782 553 838 584 πῶς

54 600 165 636 ὁμολογεῖ
177 598 213 636 μή
230 597 325 626 εἰδέναι
342 598 393 626 εἴτε
409 599 433 626 ἐν
447 597 554 636 σώματι
571 593 603 633 ἧν
614 620 622 634 ,
635 597 687 626 εἴτε
703 597 776 630 ἐκτὸς
792 598 837 624 τοῦ

54 642 177 680 σώματος,
190 641 233 670 ὅτε
251 642 370 681 ἡρπάγη,
386 656 398 668 α
417 641 515 681 Τρίτον
526 657 536 668 η
554 642 581 670 δὲ
599 655 609 668 ι
626 641 722 681 οὖρανὸ
733 655 744 666 ιι
757 641 838 673 οὕτως

54 686 82 716 ἂν
95 686 203 724 νοήσῃς·
231 685 267 716 Ἦ
293 685 386 726 Γραφὴ
407 686 452 715 τὸν
476 686 541 725 ἀέρα
564 686 640 715 καλεῖ
655 686 764 724 οὐρανὸν
787 687 837 720 ὥς,

57 744 67 757 α
84 731 123 761 Τὰ
139 730 244 760 πετεινὰ
271 733 316 760 τοῦ
333 731 461 770 οὐρανοῦ·
485 744 496 756 ιι
520 731 582 769 χαὶ,
601 743 615 757 οι
633 729 667 759 Ἦ
688 729 778 768 δρόσος
795 733 840 759 τοῦ

54 776 153 814 οὐρανοῦ
181 786 188 793 °
218 775 273 804 ἰδοὺ
305 771 377 808 οὗτος
405 771 440 808 εἷς
469 775 586 815 οὐρανός.
616 770 697 804 Οἶδεν
731 774 838 813 οὐρανὸν

55 821 94 849 καὶ
108 819 136 849 τὸ
147 819 295 860 στερέωμα.
325 830 340 848 (ι
356 819 487 850 Ἐχᾶλιισε
502 830 516 848 n
535 820 587 859 γὰρ
605 830 618 847 ‹
635 819 665 848 τὸ
681 818 817 859 στερέωμα
829 840 837 854 ,

55 864 152 903 οὐρανόν
168 876 174 882 ·
192 876 205 893 ι)
224 863 279 893 ἰδοὺ
304 864 422 903 δεύτερος
446 860 529 898 οὗτος.
557 861 621 894 Οἶδε
646 863 673 893 δὲ
687 866 732 893 καὶ
754 864 796 892 τὸν
814 865 840 893 ἐν

56 912 118 949 ἀρχῇ
133 908 358 949 δημιουργηθέντα
373 908 440 947 μετὰ
455 911 501 944 τῆς
516 910 564 947 γῆς
580 921 586 927 ·
600 908 654 938 ἰδοὺ
668 908 763 948 τρίτος.

55 999 58 1024 ξ
90 1011 101 1023 σι
118 997 168 1027 Καὶ
185 992 244 1026 οἶδα
256 997 300 1026 τὸν
316 1000 429 1026 τοιοῦτον
446 996 582 1037 ἄνθρωπον
600 996 667 1036 (εἴτε
682 998 708 1025 ἐν
723 996 840 1035 σώματι,

57 1043 98 1071 οὐχ
112 1037 180 1078 οἶδα,
195 1041 249 1070 εἴτε
269 1041 341 1074 ἐκτὸς
357 1044 404 1070 τοῦ
420 1041 541 1079 σώματος
551 1065 559 1079 ,
575 1043 622 1071 οὐκ
644 1037 702 1070 οἶδα
715 1053 720 1059 ·
744 1043 758 1070 6
772 1040 841 1074 Θεὸς

57 1081 141 1124 οἶδεν),
166 1086 205 1115 ὅτι
225 1086 336 1126 ἡρπάγη
361 1087 396 1119 εἷς
411 1086 456 1115 τὸν
478 1087 650 1126 παράδεισον,
666 1085 712 1115 καὶ
727 1085 838 1121 ἤκουσεν

57 1131 150 1171 ἄῤῥητα
177 1130 301 1170 ῥήματα,
330 1131 346 1160 ἃ
367 1132 414 1160 οὐκ.
437 1131 494 1165 ἐξὸν
521 1131 651 1171 ἀνθρώπῳ
677 1131 804 1166 λαλῆσαι.
824 1141 838 1158 ι)

56 1175 114 1205 Ἀπὸ
134 1177 176 1204 τοῦ
199 1175 308 1215 τρίτου,
327 1175 421 1214 φησὶν,
449 1177 559 1215 οὐρανοῦ
577 1171 649 1208 αὖθις
674 1175 782 1215 ἡρπάγη
808 1176 844 1208 εἷς

56 1220 96 1248 τὸν
108 1220 273 1260 παράδεισον.
286 1220 412 1260 Ἥρπάγη
429 1221 477 1259 μὲν
492 1216 535 1250 οὖν
545 1243 552 1255 ,
573 1222 617 1249 ἵνα
635 1220 703 1259 μηδὲ
718 1221 744 1248 ἐν
758 1220 842 1259 τούτῳ

57 1265 153 1294 ἔλαττον
169 1265 218 1304 ἔχῃ
244 1267 295 1293 τῶν
321 1266 419 1294 λοιπῶν
444 1265 599 1294 ἀποστόλων
617 1267 667 1294 τῶν
687 1264 844 1303 συγγεγονό-

56 1321 102 1337 των
129 1311 163 1348 τῷ
190 1311 310 1348 Χριστῷ.
339 1310 393 1339 Καὶ
424 1320 437 1337 tr
465 1311 500 1342 εἷς
517 1309 562 1338 τὸν
586 1309 749 1349 παράδεισον
769 1321 784 1336 ιι
803 1307 844 1344 δὲ,

58 1354 138 1389 ἐπειδὴ
153 1354 218 1382 πολὺ
236 1354 268 1383 τὸ
288 1353 370 1392 ὄνομα
393 1356 439 1382 τοῦ
455 1353 553 1394 χωρίου
569 1354 668 1390 τούτους
685 1353 842 1393 ἔφημίζετο⁸

57 1398 107 1427 ὅθεν
129 1399 172 1428 χαὶ
195 1400 234 1438 τῷ
261 1399 346 1437 λῃστῇ
371 1401 461 1428 τοῦτον
488 1401 501 1427 6
530 1398 626 1438 Κύριος
652 1398 842 1437 ἐπηγγείλατο.

63 1454 75 1471 (ι
95 1442 207 1482 Ἄῤῥητα
230 1454 246 1471 ι)
263 1443 290 1472 δὲ
312 1456 322 1468 α
339 1442 448 1482 ῥήματα
473 1443 603 1478 ἤκουσεν,
632 1454 646 1471 ι)
665 1442 682 1470 ἃ
707 1445 760 1475 τοῖς
775 1442 844 1472 κατὰ

887 285 1071 319 conticuisset,
1087 293 1121 312 ne
1138 292 1211 312 nunc
1226 284 1382 319 protulisset
1404 283 1526 319 quidem,
1540 285 1567 312 ni
1592 293 1685 313 neces-

887 330 967 358 sitate
981 330 1138 365 compulsus
1157 329 1261 356 fuisset.
1276 330 1315 356 Ac
1331 329 1352 356 si
1368 329 1468 356 talibus
1482 333 1543 356 ante
1558 334 1684 364 quatuor-

887 374 978 403 decim
989 383 1076 402 anuos
1090 374 1216 409 dignatus
1230 377 1283 406 est,
1295 378 1414 409 quantus
1429 381 1501 401 nunc
1515 377 1555 401 est
1574 378 1635 409 post
1645 377 1687 402 tot

889 424 1017 455 tantaque
1032 427 1080 455 pro
1095 419 1203 447 Christo
1219 418 1354 454 pericula!

931 476 943 488 «ι
961 465 1023 492 Sive
1043 465 1069 492 in
1082 471 1209 499 corpore,
1222 464 1314 491 nescio
1332 472 1339 490 :
1355 463 1411 491 sive
1431 467 1508 491 extra
1522 471 1629 499 corpus,
1641 471 1689 492 ne-

890 509 947 537 scio
962 511 1047 542 (Deus
1066 508 1153 543 novit)
1175 512 1285 544 raptum
1302 508 1459 543 hujusmodi
1477 516 1564 543 usque
1587 508 1620 536 ad
1635 513 1688 536 ter-

891 554 961 581 tium
976 554 1087 581 cmlum.
1104 565 1116 577 σι
1127 553 1196 580 Vide
1211 552 1270 588 ejus
1285 552 1459 586 modestiam,
1482 552 1521 580 uti
1538 552 1636 580 fatetur
1657 560 1686 580 se

892 598 1018 634 ignorare
1029 606 1095 626 num
1117 597 1143 624 in
1166 605 1280 633 corpore
1300 596 1393 630 fuerit,
1413 605 1447 624 an
1472 601 1547 624 extra
1576 605 1687 633 corpus,

893 643 978 678 310
991 641 1098 679 quando
1113 646 1208 678 raptus
1225 646 1278 669 est.
1296 653 1308 665 «
1325 642 1449 669 Tertium
1467 654 1479 665 ι»
1499 646 1592 670 autem
1607 653 1619 666 α
1633 649 1688 670 cce-

893 688 950 716 lum
966 699 980 712 ››
1010 688 1048 716 sic
1068 687 1202 722 intelligas
1224 687 1286 714 licet
1312 695 1320 713 :
1347 687 1483 722 Scriptura
1503 694 1594 714 aerem
1611 691 1690 714 vocat

893 733 1006 766 cmlum,
1022 737 1061 765 ut,
1079 731 1316 765 «Volucresicmli,
1336 743 1347 755 υ
1364 736 1400 764 et,
1417 743 1429 755 ι
1456 733 1513 759 [tos
1528 731 1588 759 cmli
1605 740 1611 758 :
1628 741 1642 757 ιι
1655 739 1689 759 en

894 777 961 804 illud
976 785 1061 805 unum
1079 777 1190 805 malum.
1214 779 1270 805 Nec
1290 784 1345 804 non
1366 776 1572 804 ﬁrmamentum
1589 776 1689 804 coelum

893 827 979 850 vocat.
993 834 1005 846 οι
1024 822 1137 850 Vocavit
1151 833 1163 845 ιι
1179 822 1252 850 enim
1267 834 1279 845 ι
1294 822 1501 849 ﬁrmamentum
1515 821 1618 848 coelum
1630 823 1656 848 'z
1676 832 1687 845 ι

895 874 930 894 en
950 867 1050 895 malum
1067 867 1138 894 istud
1151 866 1313 894 secundum.
1331 865 1400 893 Illud
1414 866 1496 893 etiam
1512 865 1539 893 in
1560 865 1691 901 principio

858 899 882 930 Β
896 920 962 940 cum
976 916 1047 940 terra
1066 915 1189 940 creatum
1201 911 1303 939 cmlum
1319 915 1401 938 vocat
1415 919 1422 938 :
1439 918 1502 938 ecce
1515 910 1615 938 cmlum
1634 913 1690 938 ter-

894 957 974 984 tium.

930 1003 1021 1030 Vrsas.
1034 1004 1060 1034 3,
1074 1005 1104 1030 4.
1123 1013 1136 1025 ιι
1153 1003 1185 1029 Et
1196 1000 1417 1036 sciohujusmodi
1428 999 1568 1028 hominem
1584 1000 1649 1033 (sive
1663 1000 1690 1027 in

895 1054 1020 1082 corpore,
1040 1046 1094 1074 sive
1108 1050 1184 1074 extra
1202 1053 1313 1081 corpus,
1329 1045 1434 1078 nescio,
1447 1046 1522 1072 Deus
1536 1045 1607 1078 scit),
1618 1043 1691 1080 quod

896 1095 989 1127 raptus
1006 1091 1041 1118 sit
1054 1091 1082 1118 iu
1096 1090 1264 1126 paradisum,
1292 1094 1320 1118 et
1334 1089 1470 1117 audiverit
1484 1097 1583 1117 arcana
1598 1088 1691 1122 verba,

896 1144 957 1172 quae
971 1144 1029 1164 non
1040 1136 1101 1164 licet
1112 1135 1220 1163 homini
1237 1135 1320 1170 loqui.
1338 1146 1350 1158 ν
1367 1138 1387 1162 Α
1401 1134 1480 1162 tertio
1495 1134 1576 1167 caelo,
1593 1133 1693 1169 inquit,

898 1189 992 1210 rursus
1006 1185 1100 1216 raptus
1115 1185 1156 1208 est
1177 1180 1205 1207 iu
1227 1179 1392 1216 paradisum.
1418 1181 1524 1215 Raptus
1552 1183 1594 1207 est
1615 1187 1692 1215 ergo,

897 1230 928 1254 ut
946 1234 980 1253 ne
1008 1226 1036 1252 in
1054 1225 1107 1253 hoc
1121 1225 1232 1260 quidem
1244 1224 1354 1260 reliquis
1367 1225 1498 1260 apostolis
1512 1224 1558 1260 qui
1584 1224 1693 1252 Christo

897 1271 1086 1303 convixerunt,
1101 1270 1138 1297 sit
1153 1269 1276 1303 inferior,
1305 1281 1317 1293 α
1336 1271 1368 1297 In
1384 1269 1541 1305 paradisum
1559 1281 1571 1293 υ
1588 1273 1694 1300 autem.

899 1315 1028 1351 quoniam
1049 1314 1156 1342 celebre
1177 1315 1227 1342 loci
1248 1314 1329 1350 hujus
1358 1322 1460 1342 nomen
1478 1313 1689 1349 praedicabatur;

899 1359 971 1387 unde
981 1363 1007 1386 et
1017 1359 1145 1387 eumdem
1156 1359 1396 1386 Dominuslatroni
1407 1358 1544 1394 promisit.
1556 1370 1568 1382 α
1578 1358 1666 1386 Verba
1679 1369 1691 1382 ν

900 1412 981 1440 porro
1003 1415 1015 1427 «ι
1034 1411 1132 1431 arcana
1149 1415 1162 1426 ι
1190 1408 1238 1431 aut
1258 1402 1406 1430 ineffabilia
1423 1415 1436 1427 αι
1452 1402 1568 1436 audivit,
1596 1414 1609 1428 n
1630 1410 1693 1438 quae

899 1448 1020 1476 humana
1034 1451 1142 1475 tantum
1161 1447 1340 1483 spirantibus,
1358 1447 1480 1483 nihilque
1493 1447 1631 1482 spirituale
1642 1447 1694 1474 ha—

60 1488 184 1526 ἄνθρωπον
207 1490 349 1528 φρονοῦσι,
373 1488 417 1516 καὶ
440 1489 522 1526 μηδὲν
545 1487 722 1525 πνευματικὸν
740 1486 799 1526 ἔχου

943 1493 1038 1526 atibus,
1063 1500 1119 1520 non
1139 1492 1202 1520 licet
1228 1492 1328 1527 eloqui.
1352 1492 1425 1519 Hinc
1449 1491 1553 1528 liquido
1569 1495 1691 1527 apparet,

59 1533 100 1561 οὐκ
114 1531 194 1566 {Eam
216 1533 347 1567 λαλῆσαι.
367 1532 504 1561 Ἰἰντεῦθεν
520 1532 547 1560 δὲ
565 1532 644 1567 δῆλον
655 1555 662 1567 ,
673 1532 715 1562 ὅτι
730 1535 747 1568 ἡ
765 1533 843 1571 λεγο-

59 1576 118 1614 μένη
133 1577 239 1607 Παύλου
255 1576 434 1616 Ἀποχᾶλυψις
444 1599 452 1614 ,
474 1577 686 1617 ψευδεπίγραφος
700 1589 706 1595 ·
722 1579 778 1610 πῶς
792 1576 843 1615 γὰρ

59 1620 101 1660 οὒ,
116 1621 138 1650 εἴ
151 1634 179 1661 γε
194 1621 297 1662 ἄῤῥητα
312 1617 381 1657 ἦσαν
405 1623 506 1658 ἐκεῖνος
525 1621 602 1651 Κατὰ
627 1622 675 1659 μὲν
685 1616 729 1650 οὖν
746 1621 776 1650 τὸ
793 1623 843 1661 ῥη-

59 1666 109 1703 τὸν,
125 1665 208 1706 ἕτερος
222 1666 325 1698 τόποςὸ
339 1666 425 1705 τρίτος
440 1666 556 1705 οὐρανὸς,
569 1666 614 1694 καὶ
628 1666 717 1704 ἔτερος
730 1668 743 1694 6
758 1665 845 1704 παροί-

61 1711 152 1744 δεισος·
176 1711 246 1740 κατὰ
264 1711 289 1740 δὲ
312 1710 360 1747 τὴν
386 1710 543 1750 ἀναγωγὴν,
557 1710 627 1750 τάχα
651 1710 698 1748 μὲν
718 1713 732 1739 6
747 1710 843 1746 αὐτὸς,

60 1755 124 1795 τάχα
136 1755 161 1784 δὲ
175 1757 225 1796 οὐχ
233 1757 248 1785 ὁ
263 1755 350 1788 αὐτός.
371 1757 482 1785 Πολλῶν
500 1755 551 1794 γὰρ
570 1754 651 1784 ὄντων
668 1756 720 1784 τῶν
739 1758 844 1794 ἀναγω-

60 1801 132 1837 γικῶς
143 1800 166 1818 9⁷
181 1800 396 1840 λεχθησομένων,
425 1799 500 1839 ὀλίγα
517 1801 626 1839 ἐροῦμεν
649 1799 696 1828 καὶ
718 1799 846 1835 εὐληπτό-

60 1856 126 1884 τεραι.
151 1842 231 1874 Ἔστι
255 1845 306 1884 γὰρ
329 1846 431 1884 πρῶτος
457 1844 564 1884 οὐρανὸς
587 1844 617 1873 τὸ
649 1844 732 1884 πέρας
759 1843 805 1873 καὶ
833 1845 846 1872 6

61 1888 113 1934 ὅρρς
128 1891 172 1924 τ’ἧς
183 1891 277 1925 ἠθικῆς
296 1889 333 1926 9⁸,
353 1888 415 1918 ὅταν
431 1901 469 1922 τις
485 1889 517 1918 τὰ
539 1888 590 1924 ἤθη
607 1889 701 1917 ἑαυτοῦ
720 1888 844 1929 ῥυθμίσῃ.

62 1933 124 1963 Εἶτα
140 1936 155 1969 ἡ
170 1934 284 1972 φυσικὴ,
300 1933 418 1973 δεύτερος
433 1933 554 1973 οὐρανὸς,
572 1933 634 1962 ὅταν
651 1945 691 1966 τις
706 1934 754 1969 τὴν
775 1935 845 1972 γνῶ-

62 1989 98 2006 σιν
118 1981 163 2014 τῆς
183 1981 228 2008 τοῦ
254 1978 350 2012 παντὸς
372 1978 472 2018 φύσεως
487 1979 525 2015 99,
554 1981 590 2012 ὼς
619 1978 741 2018 ἐφικτὸν,
771 1989 846 2017 περι-

62 2022 140 2062 ορίση.
159 2018 225 2053 Εἶτα
240 2026 257 2059 ἡ
275 2022 412 2062 θεολογιχὴ
422 2046 430 2060 ,
448 2023 534 2064 τρίτος
549 2023 656 2062 οὐρανὸς
667 2046 674 2059 ,
691 2022 753 2052 ὅταν
767 2035 805 2056 τις
817 2023 848 2052 τὸ

63 2068 157 2107 ἐφικτὸν
172 2069 237 2101 τέως
259 2068 329 2108 αὖτῷ
353 2067 449 2108 μέτρον
472 2068 479 2084 ¹
507 2070 553 2103 τῆς
574 2070 626 2097 τῶν
647 2067 782 2108 θειοτέρων
804 2067 848 2096 καὶ

62 2112 121 2151 ὑπὲρ
141 2115 236 2151 γνῶσιν
263 2112 439 2152 καταλήψεως
464 2114 551 2153 φθάσῃ
575 2113 616 2142 διὰ
641 2112 763 2152 θεωρίας.
794 2112 848 2142 Καὶ

898 1537 1102 1565 Revelatiouem
1112 1536 1187 1564 Pauli
1198 1536 1315 1570 dictam,
1329 1536 1399 1564 falso
1417 1536 1455 1564 illi
1469 1537 1614 1572 ascriptam
1627 1544 1693 1564 esse.

897 1582 1043 1617 Quomodo
1068 1582 1142 1609 enim
1158 1581 1234 1614 alias,
1249 1581 1384 1616 siquidem
1404 1581 1447 1608 illa
1472 1580 1620 1609 ineffabilia
1641 1580 1696 1608 l'ue~

897 1626 1035 1655 runtPAd
1049 1626 1164 1654 verbum
1180 1625 1274 1662 igitur,
1290 1626 1400 1653 tertium
1415 1625 1516 1654 cmlum
1537 1625 1605 1653 alius
1621 1626 1695 1653 locus

898 1675 950 1705 est,
965 1676 1046 1707 atque
1059 1671 1127 1699 alius
1138 1671 1295 1707 paradisus;
1311 1670 1460 1698 secundum
1477 1678 1542 1698 vero
1556 1678 1694 1706 anagogen

899 1715 968 1743 forte
983 1715 1056 1743 idem
1072 1720 1124 1750 est,
1151 1715 1221 1743 forte
1234 1723 1289 1743 non
1309 1714 1393 1742 idem.
1421 1716 1491 1742 Cum
1516 1715 1589 1742 enim
1609 1714 1695 1742 multa

899 1760 953 1788 siut
980 1760 1125 1796 anagogice
1151 1760 1276 1793 dicenda,
1302 1768 1386 1795 pauca
1408 1759 1542 1792 dicemus,
1571 1763 1599 1786 et
1616 1763 1696 1795 captu

899 1804 1030 1832 faciliora.
1045 1806 1092 1832 Est
1102 1805 1177 1832 enim
1191 1804 1310 1840 primum
1323 1804 1435 1837 caelum,
1447 1804 1510 1831 ﬁnis
1519 1812 1551 1831 ac
1564 1804 1697 1832 terminus

900 1849 1008 1887 ethicas,
1025 1849 1136 1885 quando
1151 1857 1243 1876 mores
1263 1856 1329 1876 suos
1342 1848 1487 1884 quisquam
1504 1853 1578 1875 recte
1592 1847 1696 1875 forma-

901 1895 975 1921 verit.
995 1893 1103 1921 Deinde
1121 1893 1251 1921 naturalis
1273 1892 1446 1929 philosophia
1467 1896 1508 1920 est
1531 1891 1632 1920 coelum
1654 1899 1696 1920 se-

901 1938 1033 1972 cundum,
1049 1945 1111 1966 cum
1133 1937 1276 1965 scientiam
1298 1937 1396 1973 aliquis
1416 1937 1450 1965 de
1464 1937 1580 1965 universi
1600 1936 1698 1972 cogni-

901 1983 986 2017 tione,
997 1987 1133 2018 quatenus
1142 1982 1202 2010 ﬁeri
1213 1987 1313 2018 potest,
1321 1982 1575 2018 circumscripserit.
1590 1980 1698 2009 Deinde

902 2028 1013 2056 tertium
1024 2028 1134 2059 caelum,
1146 2027 1297 2063 theologica
1310 2030 1351 2054 est
1364 2027 1492 2061 scientia,
1503 2026 1613 2062 quando
1624 2026 1699 2062 quis~

904 2073 988 2109 piam,
1003 2076 1137 2108 quantum
1154 2072 1188 2100 ab
1203 2071 1248 2099 illo
1263 2071 1320 2099 ﬁeri
1337 2075 1435 2107 potest.
1455 2079 1628 2103 mensuram,
1645 2079 1697 2106 qua

903 2125 946 2145 res
967 2118 1065 2145 divina
1085 2121 1112 2145 et
1143 2117 1296 2144 humanam
1325 2116 1508 2152 cognitionem
1536 2116 1700 2144 ext-edentes

62 2157 73 2184 ὁ
95 2157 195 2191 Παῦλος
219 2157 303 2186 τοίνυν
322 2159 347 2186 ἐν
376 2157 428 2191 τοῖς
454 2157 515 2196 περὶ
540 2156 588 2192 τὴν
619 2157 725 2197 Τριάδα
758 2156 799 2185 τότ

943 2162 1098 2198 rcipiuntur,
1124 2161 1239 2197 adeptus
1254 2161 1334 2189 fuerit
1357 2169 1406 2196 per
1428 2161 1698 2196 contemplationem.

61 2201 155 2238 ἐγένετο
167 2202 295 2242 ἆρπαγεὶς
312 2202 432 2238 πάντως,
455 2201 589 2230 τουτέστιν
602 2224 611 2237 ,
626 2201 744 2241 ὑπερϐὰς
757 2201 846 2231 πάντα

62 2245 90 2273 τὰ
103 2246 224 2285 γεγονότα
241 2258 247 2265 ’
263 2246 308 2275 χαὶ
324 2246 382 2275 οὔτε
398 2248 423 2275 ἐν
440 2247 544 2285 σώματι
562 2246 598 2275 ὢν
611 2247 687 2286 (οὐδὲ
703 2246 753 2286 γὰρ
770 2246 844 2286 ἐνήρ-

61 2301 96 2328 γει
109 2291 176 2321 χατὰ
190 2292 238 2324 τὰς
259 2291 412 2329 σωματικὰς
439 2291 600 2331 αἰσθήσεις),
625 2291 686 2321 οὔτε
711 2291 784 2324 ἐκτὸς
801 2293 846 2320 τοῦ

62 2335 176 2373 σώματος
192 2347 199 2354 ⁸
221 2335 322 2376 ἤργησε
343 2336 395 2376 γὰρ
415 2337 488 2375 αὖτῷ
503 2336 547 2365 καὶ
562 2339 579 2372 ἡ
594 2337 682 2371 νόησις
693 2335 715 2366 ².
733 2336 782 2365 Ἐν
796 2335 847 2375 γὰρ

61 2383 108 2412 τοῖς
133 2380 208 2414 θείοις
230 2382 303 2420 ἀργεῖ
327 2386 402 2410 πᾶσα
425 2383 442 2416 ἡ
459 2381 609 2421 ἀνθρωπίνη
626 2380 730 2417 νόησις,
755 2381 847 2420 ἅρπα-

62 2424 162 2462 ζομένου
177 2428 222 2454 τοῦ
239 2425 377 2465 ἀνθρώπου
399 2426 423 2462 ³,
441 2426 487 2454 καὶ
504 2425 712 2465 λαμϐανομένου
736 2425 787 2455 ὑπὸ
801 2426 846 2454 τοῦ

63 2469 144 2508 Θεοῦ,
161 2468 229 2499 ὥστε
251 2471 296 2500 χαὶ
320 2471 365 2500 ὕπ’
391 2470 490 2502 ἐκείνου
516 2471 639 2510 φέρεσθαι
664 2469 710 2500 καὶ
735 2472 847 2510 ἐνεργεῖ-

63 2516 126 2542 σθαι.
144 2514 220 2544 Ἐπεὶ
246 2515 277 2555 δὲ
291 2515 336 2545 χαὶ
352 2517 378 2544 ἐν
395 2519 448 2548 τοῖς
464 2517 511 2551 τῆς
527 2515 660 2555 θεολογίας
679 2514 767 2548 τόποις
783 2517 848 2544 ἀνα-

65 2556 146 2592 ϐάσεις
172 2558 239 2595 εἰσὶ,
267 2552 322 2589 ’διὰ
350 2562 428 2589 τοῦτο
458 2552 612 2600 ἁρπάζεται
632 2555 706 2593 αὖθις
737 2561 772 2592 εἰς
804 2559 848 2589 τὸν

64 2604 233 2642 παράδεισον,
262 2609 314 2638 τοῖς
350 2604 555 2644 μυστικωτέροις
583 2606 630 2640 τῆς
658 2604 780 2641 θεότητος
808 2605 849 2633 ἐν-

95 2688 107 2701 *
120 2685 188 2714 Gen.
202 2693 225 2720 1,
239 2689 266 2713 8.

900 2206 1000 2234 Paulus
1015 2207 1098 2242 igitur
1109 2206 1144 2234 ad
1163 2214 1192 2233 ea
1208 2213 1270 2241 qua:
1282 2205 1359 2242 juxta
1374 2205 1535 2233 Trinitatem
1550 2211 1614 2232 sunt
1629 2204 1701 2239 loca,

901 2251 1014 2280 omnino
1027 2254 1119 2286 raptus
1131 2254 1198 2283 erat,
1214 2250 1266 2278 hoc
1289 2254 1339 2284 est,
1364 2258 1460 2277 omnes
1484 2253 1623 2278 creaturas
1651 2258 1698 2277 ex-

901 2303 1047 2332 superans;
1063 2303 1151 2330 neque
1170 2295 1199 2322 in
1215 2302 1331 2331 corpore
1342 2295 1508 2322 constitutus
1531 2304 1537 2322 2
1557 2302 1614 2322 nou
1625 2295 1699 2322 enim

902 2340 1064 2377 operabatur
1077 2348 1125 2376 per
1138 2347 1286 2376 corporeos
1298 2347 1408 2372 sensus;
1431 2346 1520 2375 neque
1543 2343 1619 2367 extra
1636 2347 1699 2367 cor-

902 2393 955 2422 pus
971 2396 977 2413 :
993 2384 1142 2420 torpuisset
1155 2385 1227 2412 enim
1237 2385 1261 2412 ei
1276 2384 1430 2412 intellectus
1445 2384 1538 2412 etiam.
1555 2385 1585 2411 ln
1602 2384 1703 2412 divinis

901 2430 976 2458 enim
988 2429 1068 2458 rebus
1081 2433 1172 2465 torpet
1186 2429 1280 2457 omnis
1289 2429 1446 2457 intellectus
1462 2429 1611 2462 humanus,
1625 2433 1702 2465 rapto

902 2475 1016 2503 homine
1026 2478 1054 2502 et
1068 2481 1085 2502 ο
1106 2475 1161 2502 Deo
1170 2474 1382 2510 comprehenso,
1396 2478 1427 2502 ut
1442 2473 1477 2501 ab
1490 2474 1536 2501 illo
1551 2478 1658 2510 agatur,
1673 2478 1704 2501 et

903 2519 1089 2556 operationem
1101 2519 1225 2555 accipiat.
1237 2519 1307 2553 Quia
1322 2527 1384 2546 vero
1394 2523 1421 2546 et
1433 2518 1460 2546 in
1477 2519 1623 2554 theologia:
1635 2518 1703 2545 locis

902 2565 1073 2593 escensiones
1089 2569 1163 2598 sunt,
1181 2569 1322 2600 propterea
1336 2571 1431 2592 rursus
1451 2564 1553 2599 rapitur
1576 2563 1604 2590 in
1621 2570 1701 2598 para-

902 2609 1004 2644 disum,
1015 2608 1202 2637 arcanioribus
1212 2608 1365 2636 divinitatis
1376 2608 1514 2644 mysteriis
1530 2607 1682 2634 immorans
1693 2615 1700 2633 :

761 2722 854 2752 Variae
876 2723 1026 2751 lectiones.

96 2785 116 2803 ’τ
143 2787 297 2824 ἂναλογιχῶς
321 2797 349 2818 ο.
387 2789 408 2806 ⁵⁸
437 2791 490 2820 τοῖς
518 2788 612 2822 ἠθικοῖς
642 2797 670 2817 ο.
708 2789 729 2806 ⁰⁰
744 2790 864 2825 γνώσεως
891 2797 918 2818 0.

69 2825 78 2841 ³
89 2826 140 2858 νοὸς
152 2836 177 2856 ο.

969 2789 1049 2816 ¹ὕταν
1071 2798 1107 2820 τις
1130 2788 1189 2819 τέως
1219 2788 1248 2815 τὸ
1273 2787 1336 2815 αὐτὸ
1359 2789 1446 2824 μέτρον
1467 2796 1492 2816 o.
1531 2787 1542 2804 ²
1560 2790 1650 2824 γνῶσις
1675 2794 1701 2814 ο.
