1877 3081
188 175 235 201 931
680 176 835 205 THEOPHY
841 178 935 205 LACTI
955 177 1135 204 BULGARHE
1155 176 1313 205 ARCHIEP.
1788 178 1832 204 932

185 243 246 272 qua:
270 235 409 272 incognita
422 245 486 265 cum
513 237 578 271 sint,
601 246 651 266 nec
679 239 739 266 ullis
759 240 846 267 verbis
867 241 957 276 exprin

1065 239 1188 278 ατρίϐων’
1215 240 1232 269 ἃ
1258 240 1381 279 ἄγνωστα
1406 240 1469 269 ὄντα
1497 239 1543 269 καὶ
1569 240 1693 280 ἄῤῥητα,
1711 239 1736 268 εἰ
1749 239 1786 277 μή
1802 251 1832 271 τις

185 280 299 316 possint,
321 281 371 309 nisi
381 281 532 310 humanam
547 282 610 318 quis
621 283 754 312 vilitatem
773 285 980 319 transcenderit,

183 333 325 360 nunquam
338 325 511 354 intellexerit.

219 371 310 398 Vnns.
327 374 357 399 5.
383 382 396 396 ι(
409 372 450 400 De
461 371 507 399 tali
518 372 664 408 gloriabor.
683 385 695 398 υ
708 374 775 402 Vide
794 375 854 411 ejus
869 375 979 404 humili-

182 418 280 449 tatem,
294 415 433 451 quomodo
447 420 578 452 tanquam
595 417 631 445 de
653 419 706 446 alio
731 419 789 447 hzec
803 425 942 448 recenseat
970 431 977 449 :

184 471 197 484 ι
212 461 252 487 De
270 460 316 487 tali
338 472 351 485 ιι
380 460 466 494 enim,
495 461 594 497 inquit,
619 474 630 487 ι
647 463 796 499 gloriabor.
825 477 838 489 ν
867 465 977 493 Atenim

181 504 258 540 cujus
267 505 364 540 gratia,
378 505 402 533 si
421 505 492 534 alius
507 511 602 542 raptus
628 511 680 541 est,
703 513 732 536 tu
746 509 895 544 gloriaris?
923 511 979 538 ilia-

181 548 313 577 nifestum
328 554 370 578 est
392 550 482 586 itaque
497 551 572 587 quod
592 552 644 581 ista
664 553 697 581 de
712 553 803 589 seipso
823 554 905 582 dicat.

217 594 298 630 311
318 605 331 621 ‹‹
347 596 386 623 De
401 595 506 631 meipso
531 601 625 625 autem
650 606 707 625 non
727 599 873 634 gloriabor.
892 611 904 623 ιι
933 600 976 628 Vel

181 639 244 675 quia
258 647 323 667 cum
343 640 489 668 necessitas
506 649 563 669 non
586 641 631 675 sit,
658 642 725 670 nihil
746 644 800 671 tale
821 643 979 679 simpliciter

180 691 213 711 ac
227 687 329 712 temere
341 684 431 712 dicam
448 695 454 713 :
476 685 517 713 vel
533 686 678 714 obscuram
687 687 803 715 reddens
813 689 976 723 orationem,

182 732 213 756 ut
226 729 285 756 ﬁcri
301 733 401 764 potest,
420 730 479 758 hac
493 730 571 759 dicit.

217 784 230 798 σι
245 773 303 801 Nisi
324 774 353 802 in
363 774 568 803 inﬁrmitatibus
587 776 665 804 meis.
682 788 695 801 ιι
710 777 770 805 Hoc
784 781 834 812 est,
851 777 878 805 in
901 778 973 806 affli-

179 818 317 846 ctionibus
331 822 360 847 et
371 827 481 855 persecu
487 820 615 848 tionibus.

214 864 304 891 Vsns.
317 865 342 891 6.
364 875 376 888 ι
403 865 472 892 Nam
499 865 520 893 si
537 865 646 893 voluero
661 866 781 902 gloriari.
797 875 852 894 non
866 875 914 895 ero
933 868 972 895 in-

178 907 280 943 sipiens
306 908 469 936 :veritatem
489 910 563 938 enim
585 909 684 938 dicam.
701 922 714 935 ν
735 911 891 946 Quomodo,
908 920 973 940 cum

176 957 239 981 ante
253 953 366 981 dixisset
388 954 569 989 insipientiam
596 963 655 983 esse
680 956 803 992 gloriari,
826 965 900 984 nunc
922 957 971 991 ait,

177 999 238 1026 Non
257 1006 304 1026 ero
327 997 459 1034 insipiens
483 999 506 1026 si
534 999 687 1035 gloriabor?
715 1002 778 1028 Non
804 1001 973 1038 gloriationis

176 1050 258 1071 causa
292 1051 365 1071 nunc
384 1051 414 1071 se
437 1051 493 1072 non
517 1044 692 1080 insipientem
720 1045 779 1074 fore
811 1045 889 1079 dixit,
924 1047 973 1075 sed

177 1088 240 1123 quia
260 1095 316 1116 non
336 1088 508 1116 mentiretur.
534 1089 631 1116 Intulit
653 1089 728 1117 enim
752 1100 758 1117 :
784 1101 796 1114 «ι
820 1091 972 1119 Veritatem

141 1141 145 1143 ·
176 1132 249 1160 enim
269 1132 369 1162 dicam.
396 1144 408 1157 ν
427 1133 500 1169 Ergo
521 1137 657 1169 quatenus
676 1134 819 1168 veridicos,
845 1143 900 1163 non
925 1144 972 1164 ero

177 1176 319 1212 insipiens.

211 1233 223 1246 α
235 1222 319 1250 Pareo
339 1226 442 1257 autem,
464 1231 500 1251 ne
513 1223 575 1259 quis
589 1223 622 1251 de
636 1231 680 1252 me
699 1223 842 1252 existimet
852 1232 936 1260 supra
946 1225 973 1253 id

175 1265 248 1302 quod
263 1266 336 1294 videt
356 1267 383 1295 in
407 1275 461 1301 me,
481 1268 521 1295 vel
538 1268 614 1296 audit
633 1268 740 1304 aliquid
752 1277 784 1297 ex
799 1277 853 1297 me.
876 1279 890 1295 »
907 1271 974 1298 Haec

172 1315 215 1339 est
227 1312 379 1340 certissima
395 1320 488 1346 causa,
502 1321 536 1340 ne
551 1313 678 1341 homines
692 1321 724 1342 ex
740 1314 799 1348 ipso
824 1315 912 1342 Deum
928 1314 972 1342 fa—

175 1356 263 1390 ciant;
278 1357 314 1385 ob
327 1365 389 1385 eam
399 1357 472 1385 enim
484 1365 542 1385 rem
556 1357 590 1386 de
603 1358 694 1394 seipso
702 1366 810 1394 semper
817 1359 919 1387 tacuit:
941 1367 973 1387 ac

173 1401 196 1428 si
212 1401 322 1438 quando
333 1406 446 1430 coactus
461 1402 496 1430 sit
508 1402 598 1430 dicere
609 1403 774 1439 quidquam,
791 1403 973 1432 adumbrabat

174 1445 252 1479 illud,
267 1454 303 1474 ne
316 1447 451 1482 majorem
464 1447 497 1475 de
513 1447 572 1483 ipso
595 1447 721 1475 homines
731 1448 890 1483 opinionem
904 1456 973 1476 con-

1035 285 1145 324 ἐκϐαίνῃ
1176 284 1225 321 τὴν
1254 284 1419 324 ἀνθρωπίνην
1450 285 1605 321 εὐτέλειαν,
1641 285 1690 314 οὐχ
1713 284 1747 313 ἄν
1776 296 1831 312 ποτε

1036 329 1148 364 δέξαιτο.

1076 388 1086 400 π
1102 374 1188 413 Ὑπὲρ
1211 377 1256 404 τοῦ
1271 374 1389 405 τοιούτου
1407 375 1592 415 καυχήσομαι.
1608 388 1619 400 ι
1640 375 1731 404 Βλέπε
1758 375 1829 402 αὖτιῖ

1033 419 1062 448 τὸ
1076 419 1172 459 ἄτυφον
1182 443 1190 457 ,
1208 421 1264 452 πῶς
1286 421 1321 453 ὡς
1337 420 1397 458 περὶ
1410 419 1500 459 ἑτέρου
1516 420 1585 452 τινος
1599 419 1667 448 αὐτὰ
1689 420 1826 457 διηγεῖται.

1037 476 1050 492 α
1066 463 1150 503 Ὑπὲρ
1166 466 1212 493 τοῦ
1228 464 1346 494 τοιούτου
1362 478 1374 490 ι»
1392 464 1443 504 γὰρ
1456 487 1464 500 ,
1487 465 1551 504 φησὶ
1563 487 1571 502 ,
1589 478 1601 489 α
1614 464 1802 503 καυχήσομαι.
1815 476 1826 491 ιι

1036 508 1130 538 Καίτοι
1150 508 1219 542 τίνος
1245 508 1349 545 ἕνεκεν,
1368 510 1390 538 εἰ
1413 510 1493 543 ἄλλος
1517 509 1643 549 ἡρπάγη,
1668 509 1700 537 σὺ
1728 514 1827 548 mur/ﬁ;

1032 553 1120 583 "Qers
1136 554 1214 589 δῆλον
1230 552 1270 582 ὅτι
1286 554 1346 593 περὶ
1364 555 1457 582 ἑαυτοῦ
1475 558 1561 583 ταῦτα
1575 554 1658 592 λέγει.

1107 598 1114 608 ε
1235 598 1240 608 \
1369 602 1384 607 -ε
1432 599 1440 609 Ἴ
1529 598 1565 615 νἸ
1730 598 1742 608 Ἄ
1799 598 1808 604 ’⁸

1078 609 1091 626 (ι
1118 599 1192 638 Υπὲρ
1217 599 1243 627 δε
1269 599 1385 636 ἐμαυτου
1415 610 1444 628 ου
1476 610 1663 638 καυέησομαι.
1686 612 1698 624 υ
1745 600 1768 628 Η
1796 607 1827 627 οτι

1033 642 1148 682 ἀνάγκης
1164 645 1210 673 οὐκ
1234 643 1330 680 οὔσης,
1359 643 1431 672 οὐδὲν
1456 646 1573 673 τοιοῦτον
1589 644 1683 676 ἁπλῶς
1704 643 1752 672 καὶ
1778 644 1825 678 εἰκῆ

1032 688 1083 727 ἐρῶ
1167 689 1316 722 συσκιάζων
1338 688 1382 718 τὸν
1407 688 1503 727 λόγον,
1526 690 1560 722 ὥς
1587 690 1722 728 ἐγχωρεῖ,
1751 691 1826 717 ταῖτα

1031 734 1113 772 λέγει.

1074 788 1089 807 (ι
1104 778 1137 806 Εἰ
1153 777 1190 816 μὴ
1205 779 1230 807 ἐν
1256 782 1314 812 ταῖς
1338 777 1484 811 ἀσθενείαις
1505 789 1568 817 μου.
1585 790 1599 806 ι)
1621 778 1788 814 Τουτέστιν,
1803 778 1825 806 ἐν

990 822 1014 853 Β
1028 823 1084 856 ταῖς
1096 824 1214 863 θλίψεσιν
1227 846 1234 859 ,
1251 824 1278 852 ἐν
1294 823 1346 856 τοῖς
1363 823 1498 862 διωγμοῖς.

1072 879 1087 896 (ι
1111 867 1176 897 Ἐὰν
1206 867 1257 907 γὰρ
1284 867 1387 903 θελήσω
1416 868 1624 907 καυχήσασθαι,
1654 868 1704 897 οὐκ
1736 868 1823 905 ἔσομαι

1027 911 1116 952 ἄφρων
1129 925 1136 931 ·
1151 913 1277 948 ἀλήθειαν
1293 912 1343 952 γὰρ
1361 913 1422 952 ἐρῶ.
1439 924 1453 941 »
1473 914 1535 945 Πῶς
1549 912 1660 942 ὄπισθεν
1677 913 1760 942 εἰπὼν
1770 936 1778 951 ⁷
1790 912 1823 940 ὅτι

1027 957 1083 986 ἔστι
1108 958 1138 987 τὸ
1154 959 1305 997 καυχᾶσθαι
1331 957 1484 997 ἀφροσύνη,
1519 959 1566 986 νῦν
1592 958 1683 996 λέγει,
1707 958 1750 986 ὅτι
1774 959 1824 986 Οὐχ

1027 1001 1121 1040 ἔσομαι
1144 1003 1233 1042 ἄφρων
1250 1003 1295 1031 ἐὰν
1320 1002 1521 1040 καυχήσωμαις
1548 1003 1589 1031 Οὖ
1617 1003 1688 1032 κατὰ
1718 1002 1750 1031 τὸ
1768 1014 1824 1031 καυ-

1026 1050 1125 1086 χᾶσθαι
1146 1041 1190 1076 νῧν
1210 1042 1268 1076 εἶπε
1291 1046 1328 1084 μὴ
1353 1041 1421 1076 εἶναι
1437 1047 1543 1086 ἄφρων,
1559 1047 1630 1076 ἀλλὰ
1650 1047 1724 1076 κατᾶ
1749 1047 1777 1076 τὸ
1792 1047 1822 1084 μὲ

1026 1091 1184 1131 ψεύσασθαι.
1209 1091 1350 1132 Ἐπήγαγε
1372 1091 1424 1131 γάρ
1439 1105 1445 1111 ·
1463 1103 1477 1119 ιι
1496 1091 1636 1127 Ἀλήθειαν
1657 1092 1710 1131 γὰρ
1735 1093 1792 1132 ἐρῶ,
1811 1107 1819 1117 ν

1027 1135 1074 1170 Ὠς
1088 1136 1224 1174 ἀληθεύων
1237 1131 1280 1165 οὖν
1297 1137 1343 1166 οὐκ
1359 1136 1456 1175 ἔσομαι
1472 1136 1574 1177 ἄφρων.

1070 1236 1082 1249 α
1101 1222 1236 1260 Φείόομαι
1258 1222 1302 1258 δὲ,
1333 1221 1410 1260 μήτις
1437 1222 1473 1254 εἷς
1497 1220 1544 1258 ἐμὲ
1569 1221 1713 1259 λογίσηται
1737 1222 1821 1261 ὕπὲρδ

1029 1268 1120 1306 βλέπει
1138 1279 1186 1305 με,
1201 1267 1218 1302 ἢ
1234 1265 1322 1295 ἀκούει
1334 1277 1362 1295 τι
1376 1266 1401 1299 ἐξ
1417 1267 1491 1304 ἐμοῦ.
1512 1279 1524 1292 ν
1550 1265 1624 1302 Αὕτη
1644 1269 1662 1302 ἡ
1681 1268 1818 1304 ὡμολογησ

1027 1312 1094 1350 μένη
1110 1312 1181 1341 αἰτία
1194 1334 1202 1347 ,
1218 1310 1261 1339 ἵνα
1276 1311 1313 1348 μὴ
1334 1312 1357 1339 οἱ
1372 1310 1505 1350 ἅνθρωποι
1520 1310 1715 1346 θεοποιήσωσιν
1729 1311 1802 1340 αὐτόν
1814 1321 1820 1328 ’

1027 1356 1070 1386 διὰ
1084 1359 1162 1387 τοῦτο
1172 1357 1224 1396 γὰρ
1236 1355 1278 1385 ἀεὶ
1296 1357 1371 1394 ἐσίγα
1388 1356 1448 1396 περὶ
1465 1357 1559 1384 ἑαυτοῦ
1572 1367 1578 1374 ·
1596 1356 1646 1385 κᾶν
1662 1368 1728 1386 ποτε
1751 1358 1821 1395 ἠναγ-

1027 1401 1112 1437 κάσθη
1138 1402 1219 1430 εἰπεῖν
1242 1412 1283 1438 τι,
1307 1400 1474 1434 συνεσκίαζεν
1493 1399 1503 1417 ⁵
1528 1400 1615 1439 αὐτὸ,
1636 1401 1680 1429 ἵνα
1707 1401 1747 1439 μὴ
1771 1401 1820 1439 μεί-

1027 1448 1088 1480 ζονα
1112 1447 1135 1475 οἱ
1162 1446 1294 1484 ἅνθρωποι
1320 1445 1380 1485 περὶ
1415 1446 1495 1474 αὐτοῦ
1521 1443 1640 1474 λάϐωσιν
1671 1445 1774 1475 ἔννοιαν
1799 1446 1816 1473 ⁵.

173 1491 283 1526 cipiant.
299 1493 363 1519 Non
377 1492 451 1519 enim
465 1491 543 1523 dixit,
561 1493 600 1520 Nc
621 1492 682 1527 quis
701 1491 774 1519 dicat
793 1492 827 1520 de
847 1501 890 1520 me
908 1502 913 1520 :
929 1501 957 1521 ve

1065 1494 1070 1520 ᾖ
1096 1491 1146 1530 γὰρ
1172 1485 1247 1526 εἷπε,
1275 1489 1321 1525 Μή
1340 1501 1377 1522 τις
1396 1489 1456 1528 εἴπῃ
1475 1491 1535 1528 περὶ
1554 1491 1635 1527 ἐμοῦ,
1664 1491 1740 1529 ἀλλ’⁷
1765 1490 1818 1520 Ἵνα

173 1543 245 1569 rum,
257 1537 296 1563 Ne
304 1536 434 1571 quiddam
445 1535 535 1571 majus
543 1544 626 1572 quam
640 1544 689 1571 par
698 1537 744 1567 sit,
756 1536 789 1564 de
801 1544 845 1564 me
857 1537 970 1573 cogitet,

173 1585 297 1608 menteve
311 1580 458 1615 concipiat.
475 1581 544 1608 Nam
559 1580 580 1608 si
594 1585 688 1608 tauros
703 1580 726 1608 ei
742 1585 862 1609 mactare
878 1581 969 1610 voluc-

171 1628 237 1652 runt
251 1627 360 1659 propter
373 1624 516 1655 miracula,
533 1624 601 1660 quid
613 1632 668 1652 non
683 1623 824 1659 fecissent,
841 1625 864 1653 si
885 1625 968 1654 etiam

171 1667 350 1696 revelationes
363 1668 436 1696 mani
440 1667 562 1696 festasset
571 1674 582 1686 ι
591 1670 602 1696 ξ’

206 1713 296 1740 Vnns.
312 1714 339 1739 7.
364 1724 376 1736 α
394 1714 427 1741 Et
445 1720 479 1740 ne
497 1713 658 1741 excellentia
671 1713 867 1742 revelationum
881 1714 968 1742 extol-

171 1757 221 1791 lar,
236 1756 316 1785 datus
326 1761 368 1785 est
389 1757 456 1785 mihi
470 1757 598 1786 stimulus
617 1757 645 1786 in
670 1766 764 1792 carne,
779 1759 892 1794 angelus
918 1760 968 1787 Sa-

171 1805 253 1835 tanae,
269 1805 301 1829 ut
315 1810 360 1830 me
383 1802 544 1838 colaphizet,
574 1810 609 1830 ne
628 1803 749 1830 extollar.
781 1814 794 1827 η
829 1803 966 1840 Angelum

169 1847 287 1880 Satanae,
308 1851 336 1875 et
349 1847 504 1881 stimulum,
526 1847 650 1876 nonnulli
673 1847 881 1884 cephalalgiam,
913 1848 967 1876 hoc

168 1896 208 1920 est
222 1892 317 1928 capitis
335 1892 473 1927 dolorem,
487 1901 502 1921 a
517 1892 628 1921 diabolo
643 1892 748 1921 factum
760 1893 965 1922 intellexerunt.

170 1938 206 1964 At
220 1937 292 1965 absit
303 1937 356 1965 hoc
370 1947 376 1965 :
402 1946 459 1965 non
480 1937 555 1965 enim
571 1937 645 1965 Pauli
661 1945 761 1972 corpus
782 1937 893 1965 diabolo
910 1942 965 1965 tra-

167 1981 256 2009 ditum
270 1985 310 2009 est
326 1991 332 2009 :
347 1981 571 2017 quandoquidem
587 1981 687 2010 Paulus
700 1982 751 2018 ipsi
764 1982 852 2017 potius
867 1983 965 2018 praci-

168 2026 268 2061 picbat,
284 2026 407 2062 ﬁnesque
430 2026 631 2062 prazscribcbat,
647 2027 755 2062 quando
770 2025 965 2055 fornicatorem

167 2071 321 2098 tradebatei
330 2071 363 2098 ad
374 2071 517 2099 interitum
533 2071 621 2099 carnis
629 2076 672 2106 1-⁸,
681 2079 729 2099 nec
739 2079 797 2099 eam
806 2072 851 2099 ille
861 2076 965 2099 metam
976 2084 1001 2114 Ι)

167 2115 452 2151 praztergrediebatur.
466 2116 538 2151 Quid
552 2116 635 2152 igitur
651 2120 692 2144 est
706 2117 789 2144 Satan
807 2117 819 2143 ἓ
831 2115 963 2144 Adversa-

166 2159 221 2187 rius
233 2159 332 2188 dicitur
345 2159 462 2189 Hebraea
474 2169 548 2189 voce.
563 2161 660 2197 Angeli
675 2161 757 2197 igitur
772 2162 882 2189 Satanae
896 2165 961 2188 sunt

167 2212 263 2233 omnes
274 2204 431 2238 adversarii,
445 2206 601 2234 Alexander
615 2206 737 2240 aerarius,
754 2206 922 2242 Hymenazus
934 2210 962 2233 et

166 2249 299 2285 Pbiletus,
309 2259 462 2287 omnesque
476 2251 640 2279 tribulantes
653 2252 743 2287 ipsum
758 2255 785 2278 et
799 2250 962 2287 afﬂigentes,

165 2302 213 2322 ceu
224 2296 332 2324 Satane
342 2304 422 2332 opera
435 2296 615 2331 perﬁcientes.
628 2296 702 2324 Dicit
713 2296 807 2332 igitur,
820 2295 893 2332 quod
902 2297 963 2323 Non

166 2340 289 2375 permisit
314 2342 392 2368 Deus
414 2340 638 2376 praedicationem
660 2348 749 2368 meam
766 2340 870 2376 absque
892 2341 964 2376 peri-

165 2384 265 2412 culiset
278 2384 419 2412 laboribus
428 2385 585 2420 procedere,
595 2393 631 2412 ne
644 2385 738 2412 multis
752 2385 964 2413 revelationibus

164 2428 292 2464 dignatus
317 2428 442 2456 extollar.
463 2430 553 2464 Quare
578 2434 671 2457 autem
694 2437 750 2457 non
773 2429 851 2462 dixit,
867 2430 964 2465 Angcli

164 2474 271 2501 Satanae
288 2472 345 2500 dati
370 2478 433 2501 sunt
451 2473 534 2507 mihi,
550 2474 598 2502 sed
616 2485 628 2498 ιι
646 2474 782 2509 Angelus?
798 2486 812 2498 ιι
839 2474 910 2509 Quia
938 2475 965 2502 in

164 2518 240 2545 omni
252 2517 312 2545 loco
323 2525 394 2545 unus
405 2518 504 2554 aliquis
513 2518 702 2546 inveniebatur
713 2518 832 2546 renitens
847 2518 963 2547 fortasse

164 2563 348 2598 populumque
361 2563 513 2596 concitans,
533 2571 616 2600 quem
632 2563 729 2591 ducem
745 2563 842 2600 reliqui
860 2572 959 2599 seque-

164 2607 277 2642 bantur;
293 2608 346 2642 vel,
358 2608 433 2645 quod
453 2608 561 2642 melius,
577 2608 666 2644 ipsam
685 2616 742 2636 rem
757 2608 880 2645 adeoque
892 2609 960 2636 reni-

162 2660 224 2681 sum
237 2652 369 2681 adversus
381 2653 457 2681 verbi
470 2653 703 2689 praedicationem,
717 2654 959 2690 periculorumque

198 2730 209 2742 ι
225 2727 286 2753 Act.
304 2733 369 2760 x1v,
387 2728 429 2754 13.
467 2731 498 2748 να
513 2727 523 2753 i
536 2726 598 2754 Cor.
617 2735 642 2760 ν,
659 2729 685 2754 5.

1024 1535 1091 1576 μηδὲ
1115 1533 1255 1574 λογίσηταί
1281 1546 1308 1563 τι
1335 1536 1422 1573 μεῖζον
1451 1536 1502 1569 τῆς
1527 1534 1601 1568 ἀξίας
1626 1546 1687 1572 μου.
1718 1536 1753 1565 Εἰ
1774 1534 1818 1574 γὰρ

1022 1579 1162 1610 καταθύειν
1189 1579 1260 1619 αὐτῷ
1285 1579 1394 1618 ταύρους
1419 1578 1512 1614 ἤθελον
1534 1578 1577 1607 διὰ
1592 1579 1625 1607 τὰ
1652 1582 1774 1617 σημεῖα,
1797 1579 1818 1607 τί

1022 1626 1070 1654 οὐκ
1085 1625 1115 1653 ἂν
1137 1624 1250 1664 ἔδρασαν
1260 1645 1268 1659 ,
1281 1624 1304 1652 εἰ
1319 1623 1364 1652 καὶ
1379 1623 1425 1656 τὰς
1441 1623 1626 1663 ἀποκαλύψεις
1643 1624 1785 1664 ἐρανέροιη

1066 1720 1082 1739 ιι
1107 1710 1161 1741 Καὶ
1251 1710 1384 1750 ὑπερϐολῇ
1411 1711 1465 1739 τῶν
1493 1709 1689 1750 ἀποκαλύψεων
1710 1709 1757 1739 ἵνα
1785 1709 1816 1747 μὴ

1021 1755 1221 1795 ὑπεραίρωμαι,
1246 1755 1321 1790 ἐδόθη
1348 1767 1393 1793 μοι
1408 1755 1510 1793 σκόλοψ
1534 1756 1567 1793 τῇ
1590 1754 1692 1794 σαρκὶ,
1713 1755 1817 1793 ἄγγελος

1022 1800 1132 1837 Σατᾶν,
1157 1799 1201 1828 ἵνα
1225 1811 1258 1837 με
1274 1800 1420 1839 κολαφίζῃ,
1442 1798 1488 1828 ἵνα
1519 1798 1556 1836 μὴ
1582 1799 1782 1838 ὑπεραίρωμαι.
1802 1810 1813 1826 ι

1019 1843 1145 1884 Ἄγγελον
1169 1845 1278 1880 Σατᾶν,
1306 1844 1353 1874 καὶ
1379 1844 1516 1879 σκόλοπα,
1538 1844 1605 1877 τινὲς
1629 1843 1815 1884 κεφαλαλγίαι

1020 1890 1144 1927 ἐνόμισαν
1171 1889 1224 1918 ὑπὸ
1244 1892 1290 1918 τοῦ
1321 1889 1445 1918 διαϐόλου
1474 1888 1628 1928 γινομένην.
1669 1889 1753 1918 Ἀλλὰ
1781 1887 1812 1925 μὴ

1019 1934 1120 1973 γένοιτο
1137 1946 1143 1952 ·
1169 1935 1199 1963 οὖ
1215 1934 1266 1973 γὰρ
1284 1933 1315 1963 ἂν
1340 1934 1370 1962 τὸ
1397 1935 1476 1970 σῶμα
1504 1933 1614 1963 Παύλου
1642 1935 1680 1973 τῷ
1706 1932 1813 1971 διαϐόλῳ

1019 1979 1151 2018 παρεδόθη
1164 2001 1172 2016 ,
1190 1978 1256 2008 ὅπου
1271 1990 1301 2016 γε
1326 1980 1431 2012 Παῦλος
1456 1979 1528 2017 αὖτῷ
1543 1979 1645 2015 μᾶλλον
1669 1978 1795 2007 ἐπέτασσε
1805 1999 1811 2011 ,

1018 2024 1063 2052 καὶ
1079 2024 1154 2062 ὅρους
1178 2024 1256 2052 ἐτίθει
1271 2024 1294 2061 ⁷,
1316 2022 1359 2052 ὅτε
1384 2024 1429 2052 τὸν
1454 2022 1637 2062 πορνεύσαντα
1663 2023 1738 2062 αὐτῷ
1752 2034 1811 2060 παρ-

1018 2068 1104 2097 εδίδου
1118 2069 1155 2101 εἷς
1178 2068 1284 2107 ὄλεθρον
1300 2070 1347 2103 τῆς
1363 2067 1477 2107 σαρκὸς,
1493 2067 1537 2096 καὶ
1553 2069 1602 2106 οὐχ
1622 2067 1742 2106 ὑπερέϐη
1761 2066 1811 2098 τοὺς

1015 2113 1089 2152 ὅρους
1103 2113 1200 2145 ἐκεῖνος
1211 2113 1234 2142 ⁸.
1252 2112 1287 2142 Τί
1301 2108 1346 2142 οὖν
1367 2113 1423 2141 ἐστι
1448 2113 1556 2148 Σατᾶν;
1580 2111 1614 2142 Ὁ
1639 2112 1811 2149 ἀντικείμενος

1015 2157 1121 2197 λέγεται
1142 2159 1174 2197 τῇ
1199 2156 1336 2196 Ἑϐραίων
1362 2159 1446 2197 φωνῇ.
1469 2157 1591 2195 Ἄγγελοι
1620 2157 1715 2186 Σατᾶν
1735 2156 1810 2184 τοίνυν

1017 2203 1040 2231 οἱ
1071 2201 1247 2239 ἀντικείμενοι
1278 2201 1372 2235 πάντες
1400 2213 1406 2220 ·
1436 2201 1605 2240 Ἀλέξανδρος
1641 2203 1655 2230 ὁ
1686 2200 1804 2241 χαλκεὺς,

1017 2246 1160 2285 ’Υμεναῐος
1170 2270 1177 2284 ,
1194 2246 1240 2276 καὶ
1255 2246 1392 2283 Φιλητὸς,
1408 2246 1454 2276 καὶ
1470 2246 1566 2279 πάντες
1581 2247 1605 2275 οἳ
1621 2245 1755 2278 θλίϐοντες
1768 2245 1808 2274 αὖ·

1016 2292 1060 2321 τὸν
1075 2292 1120 2321 καὶ
1140 2295 1298 2327 κακοῦντες,
1315 2293 1350 2324 ὡς
1373 2291 1406 2320 τὰ
1432 2293 1478 2320 τοῦ
1502 2291 1593 2320 Σατᾶν
1619 2290 1686 2329 ἔργα
1714 2291 1808 2319 ποιοῦν-

1017 2348 1067 2370 τες.
1083 2336 1173 2373 ψησὶν
1191 2331 1251 2372 οὖν,
1266 2335 1306 2365 ὅτι
1319 2337 1378 2366 Οὗκ
1400 2335 1488 2365 εἴασεν
1510 2337 1524 2364 ὁ
1550 2335 1618 2368 Θεὸς
1638 2335 1670 2365 τὸ
1693 2333 1807 2373 κήρυγμά

1019 2394 1068 2419 μου
1089 2381 1170 2421 χωρὶς
1194 2380 1319 2410 κινδύνων
1335 2380 1380 2410 καὶ
1404 2382 1491 2410 πόνων
1515 2382 1683 2420 προλωρεῖν,
1711 2379 1751 2408 ἵνα
1774 2376 1806 2415 μὴ

1018 2426 1202 2466 ὑπεραίρωμαι
1227 2427 1261 2458 ὡς
1283 2426 1390 2454 πολλῶν
1412 2424 1606 2465 ἀποκαλύψεων
1631 2422 1803 2458 καταξιωθείς.

1017 2470 1068 2501 Διὰ
1084 2470 1109 2500 τί
1124 2471 1150 2500 δὲ
1167 2471 1214 2499 οὐκ
1229 2465 1301 2498 εἶπεν
1312 2493 1320 2506 ,
1331 2468 1454 2509 1Ἄγγελοι
1475 2471 1566 2499 Σατᾶν
1587 2469 1718 2505 ἐδόθησαν
1731 2491 1738 2504 ,
1752 2468 1804 2496 ἀλλ’

1022 2527 1036 2544 (ι
1053 2515 1192 2553 Ἀγγελος;
1212 2528 1224 2541 υ
1243 2514 1354 2549 Ἐπειδὴ
1378 2514 1448 2543 κατὰ
1473 2514 1553 2543 τόπον
1575 2509 1612 2547 εἷς
1628 2526 1666 2547 τις
1681 2513 1804 2551 εὑρίσκετθ

1014 2561 1027 2588 ὁ
1043 2560 1206 2589 ἀντιπίπτων
1223 2559 1284 2592 ἴσως
1296 2583 1303 2595 ,
1322 2559 1366 2588 καὶ
1381 2559 1424 2588 τὸν
1440 2559 1525 2597 δῆμον
1538 2560 1669 2588 ὑποκινῶν
1680 2582 1688 2594 ,
1707 2560 1734 2586 οὓ
1743 2567 1802 2595 προ-

1015 2605 1215 2644 καταρχομένου
1238 2603 1284 2633 καὶ
1310 2606 1333 2633 οἱ
1358 2603 1444 2633 λοιποὶ
1465 2603 1661 2633 συνείποντοθ·
1689 2601 1724 2638 ἢ,
1745 2601 1801 2637 ὅπερ

1015 2649 1061 2679 καὶ
1078 2650 1198 2689 βέλτιον,
1217 2648 1280 2678 αὐτὸ
1295 2649 1324 2678 τὸ
1339 2654 1450 2689 πρᾶγμα
1461 2671 1469 2685 ,
1496 2648 1554 2683 ἤτοι
1572 2647 1620 2684 τὴν
1635 2647 1699 2688 πρὸς
1714 2646 1741 2675 τὸ
1758 2645 1799 2679 κή-

855 2767 948 2796 Variae
971 2767 1117 2796 lectiones.

199 2836 208 2852 ⁸
223 2835 258 2862 ῖσ.
273 2837 351 2861 ταῦτα
372 2843 402 2863 ο.
443 2835 454 2852 ⁵
468 2836 644 2863 συνεσκεύασεν
655 2844 681 2864 ο.
720 2837 730 2853 ⁵
746 2835 865 2862 ὒπόνοιαν
880 2844 910 2865 ο.

948 2836 959 2852 ⁷
972 2836 1053 2862 ἐδίδου
1068 2844 1093 2864 ο.

1134 2837 1143 2852 ⁸
1159 2836 1264 2866 ἐκείνους
1277 2845 1302 2864 υ.
1343 2835 1352 2852 ⁹
1367 2835 1521 2868 συνήπτοντο
1538 2843 1565 2863 ο.
