1877 3081
25 171 72 196 933

25 242 105 270 ρυγμα
130 230 274 265 ἀντίθεσιν,
296 229 413 258 καὶτῶν
438 228 562 258 κινδύνων
588 227 731 266 ἐπιφορὰν,
761 226 808 265 ἄγ-
823 227 850 258 Α

23 278 92 315 γελον
115 276 206 304 Σατᾶν
222 273 355 312 ὠνόμασε.
377 273 457 312 Παρὰ
478 273 546 306 τίνος
562 272 589 302 δὲ
614 272 709 308 ἐδόθη;
731 270 811 310 Παρὰ

23 324 62 349 τοῦ
77 321 157 355 Θεοῦ,
170 319 244 359 φησι,
258 319 439 358 συνεχωρήθη
451 321 528 347 τοῦτο
540 318 591 357 γὰρ
604 317 643 351 τὸ,
658 331 670 342 η
682 315 789 351 Ἐδόθη⁴
800 329 811 341 ιι

23 365 62 394 καὶ
76 366 124 403 οὐχ
146 363 190 392 ἵνα
214 363 285 397 ἅπαξ
312 375 345 401 με
373 363 520 402 κολαφίσῃ,
550 364 608 391 ἀλλ’
632 361 681 391 ἀεί.
697 362 737 391 Τὸ
763 360 810 398 δὲ,

27 407 106 439 «Ἵνα
128 409 165 448 μὴ
195 409 393 448 ὑπεραίρωμαι,
419 419 433 437 (ι
449 408 515 440 τινὲς
539 406 650 442 ἐνόησαν
667 406 725 434 ἀντὶ
747 407 809 440 τοῦ,

23 453 76 483 Ἵνα
100 454 137 491 μὴ
162 453 214 482 ὑπὸ
238 455 290 482 τῶν
313 452 460 492 ἀνθρώπων
490 451 652 489 δοξάζωμαι.
680 450 750 496 Ἀλλ’
781 449 810 478 οὐ

23 501 91 528 τοῦτο
111 498 183 538 λέγει
202 499 307 531 Παῦλος
321 499 433 527 ἐνταῦθα
445 520 452 533 ,
469 497 491 526 εἶ
515 496 561 526 καὶ
576 496 701 535 ἀνωτέρω
722 497 812 530 εἶπεν,

23 545 74 572 ἀλλ’
89 544 152 572 αὐτὸ
167 545 259 580 τοῦτο,
276 542 336 573 Ἵνα
358 542 396 581 μὴ
420 541 564 578 κενοδοξῶ,
589 540 686 581 φησίν·
710 539 811 579 ἄνθρω-

23 600 64 622 πος
75 588 124 627 γὰρ
141 584 174 624 ἧν
186 588 230 617 καὶ
250 587 335 620 αὐτός.

59 645 72 661 ιι
88 626 173 672 Ὑπὲρ
189 632 283 662 τούτου
306 631 359 672 τρὶς
376 632 419 661 τὸν
442 631 539 670 Κύριον
560 629 744 670 παρεκάλεσα,
767 626 810 657 ἵνα

23 679 115 716 ἀποστῇ
144 677 190 706 ἀπ’
218 678 284 716 ἐμοῦ
300 689 306 695 ·
333 676 379 706 καὶ
396 676 486 716 εἴρηκέ
515 687 559 714 μοι
575 687 581 694 ·
612 674 698 714 Ἀρκεῖ
727 685 768 702 σοι
792 675 809 707 ἡ

23 723 90 762 χάρις
104 734 186 759 p.00.-
202 736 261 747 -ι
271 721 352 761 Τρὶς,
370 736 381 747 ι-
395 721 453 750 ἀντὶ
470 723 516 750 τοῦ
528 742 536 756 ,
551 720 695 757 πολλάκις,
714 732 724 744 ιι
738 729 810 757 παρ-

23 768 135 798 εκάλεσα.
152 781 163 793 υ
183 766 239 797 Καὶ
260 768 337 795 τοῦτο
357 764 384 795 δὲ
398 764 653 805 ταπεινοφροσύνης,
669 764 699 792 τὸ
713 763 809 800 ὁμολο-

23 814 92 850 γῆσαι
103 834 111 848 ,
127 811 166 840 ὅτι
181 811 232 840 οὐκ
247 811 322 850 ἔφερε
337 810 383 844 τὰς
408 810 550 843 ἐπιϐουλὰς
569 809 616 838 καὶ
631 808 678 841 τὰς
693 808 809 847 θλίψεις,

23 856 61 886 καὶ
73 856 113 886 διὰ
125 859 202 886 τοῦτο
222 855 382 895 παρεκάλει.
402 854 517 894 Εἴρηκεν
536 850 579 884 οὖν
598 865 642 892 μοι
657 865 664 872 ο
685 864 697 881 α
722 852 812 891 Ἀρκεῖ

24 913 74 937 σοι,
86 901 146 938 ιοὸτι
159 900 288 936 τοιαύτην
303 899 390 929 ἔδωκά
406 911 446 929 σοι
463 897 606 940 χάριν,ἴνα
619 897 726 937 νεκροὺς
743 896 808 935 ἐγιί-
825 897 852 930 Β

26 958 79 985 ρῃς,
105 945 147 975 ἵνα
171 945 299 984 δυνάμεις
322 944 412 978 πάσας
432 945 561 984 ἐπιτιλῇς.
603 944 650 978 Μὴ
672 943 744 978 ζήτει
766 940 811 971 καὶ

27 990 149 1019 ἀκίνδυνόν
176 1001 218 1020 σοι
254 989 406 1029 προϐαίνειν
445 989 475 1018 τὸ
502 989 628 1028 κήρυγμα
655 1000 662 1006 ·
689 986 810 1027 περιττὸν

23 1035 66 1075 γάρ
79 1036 130 1064 ἐστι
149 1037 226 1065 τοῦτο
242 1044 250 1052 ⁶
261 1034 276 1063 ὃ
290 1034 317 1064 δὲ
333 1035 407 1074 ἀρκεῖ
427 1045 484 1072 σοι,
499 1033 605 1067 ἔλαϐες.

60 1091 74 1109 α
88 1079 119 1110 Ἡ
140 1080 191 1120 γὰρ
206 1078 318 1118 δύναμίς
340 1091 391 1117 μου
407 1080 433 1108 ἐν
460 1078 582 1120 ἀσθενείᾳ
605 1078 763 1108 τελειοῦται.
792 1088 807 1104 ι)

24 1117 259 1161 ’1ὀυτέο-τιν,”Αλλ’
277 1123 340 1158 ἴσως
367 1123 471 1161 ἀλγεῖς,
494 1117 516 1152 ὦ
545 1124 656 1159 Παῦλε,
683 1121 720 1161 μὴ
749 1121 809 1161 δόξῃ

25 1173 90 1199 τοῦτο
112 1169 246 1202 ἀσθενείας
270 1162 338 1198 εἶναι
365 1169 449 1206 ἐμῆς,
476 1168 507 1197 τὸ
532 1168 646 1202 πολλοὺς
676 1169 714 1207 τῷ
740 1166 810 1206 λόγῳ

24 1214 205 1243 ἐπιϐουλεύειν⁸
232 1214 335 1255 θάῤῥει.
356 1212 425 1243 Τότε
448 1212 501 1252 γὰρ
524 1212 682 1252 τελεώτερον
709 1212 810 1250 μᾶλλον

25 1259 175 1299 διαφαίνεται
201 1262 215 1296 ἦ
246 1259 356 1298 δύναμίς
382 1269 448 1296 μου,
479 1257 542 1287 ὅταν
572 1257 729 1296 διωκόμενοι
757 1257 809 1285 τῶν

26 1303 158 1333 διωκόντων
182 1303 357 1343 περιγίνεσθε.
393 1301 469 1342 Ὅρα
498 1301 540 1338 δὲ,
576 1303 630 1336 πῶς
655 1301 733 1334 αὐτὸς
762 1300 809 1340 μὲν

27 1349 108 1388 ἔφησε,
124 1349 163 1377 διὰ
178 1351 258 1378 τοῦτο
277 1349 415 1383 ἐκδοθῆναι
435 1351 488 1380 τοῖς
503 1348 663 1388 πειρασμοῖς
678 1368 686 1382 ,
705 1345 750 1374 ἵνα
773 1345 809 1383 μὴ

27 1393 207 1433 ὓπεραίρηται·
223 1395 236 1422 δ
264 1393 291 1422 δὲ
314 1393 382 1426 Θεὸς
410 1393 493 1427 ἄλλην
518 1392 605 1420 αἰτίαν
628 1387 685 1420 εἶπε
699 1390 810 1426 τούτου,

28 1437 52 1466 τί)
73 1438 117 1473 τὴν
142 1438 253 1476 δύναμιν
288 1439 367 1467 αὐτοῦ
394 1436 453 1466 τότε
487 1436 626 1477 φαίνεσθαι
654 1435 684 1464 τὸ
711 1434 810 1464 τέλειον

29 1481 125 1520 ἔχουσαν
137 1505 145 1519 ,
158 1482 219 1511 ὅταν
239 1493 257 1511 (ι
281 1483 308 1511 ἐν
333 1481 454 1521 ἀσθενείᾳ
467 1503 475 1518 ,
492 1495 504 1507 ››
529 1480 678 1520 τουτέστιν,
694 1481 721 1510 ἐν
736 1481 811 1518 διωγ-

31 1531 79 1564 μοῖς
93 1527 134 1556 καὶ
147 1527 275 1560 κινδύνοις
287 1526 361 1556 αὐτοὶ
378 1521 455 1556 ὦσιν.
826 1549 853 1585 c

63 1617 195 1648 ιἮδιστα
216 1613 263 1647 οὖν
290 1618 390 1655 μᾶλλον
418 1617 591 1656 καυχήσομαι
615 1617 640 1645 ἐν
656 1616 713 1648 ταῖς
730 1616 809 1644 ἀσθε-

31 1662 98 1695 νείαις
121 1675 188 1700 μου,
214 1662 261 1692 ἵνα
281 1662 450 1701 ἐπισκηνώσῃ
472 1661 512 1690 ἐπ’
534 1662 580 1699 ἐμὲ
597 1663 613 1696 ἡ
632 1661 741 1698 δύναμις
764 1662 809 1688 τοῦ

31 1707 142 1746 Χριστοῦ.
163 1720 176 1736 n
203 1706 303 1743 Ἐπεὶ,
333 1707 414 1746 φησὶ,
433 1708 518 1735 ταῦτα
545 1706 647 1742 ἤκουσα
669 1705 714 1734 καὶ
736 1705 777 1734 ὅτι
793 1706 809 1739 ἡ

31 1750 124 1789 δύναμις
143 1755 187 1782 τοῦ
216 1754 288 1782 Θεοῦ
318 1753 345 1781 ἐν
374 1751 494 1790 ἀσθενείᾳ
523 1753 688 1786 τελειοῦται,
717 1749 810 1779 λοιπὸν

30 1796 183 1835 καυχήσομαι
205 1799 230 1826 ἐν
261 1797 317 1829 ταῖς
334 1797 477 1829 ἀσθενείαις
495 1807 557 1833 μου.
585 1791 670 1825 Αῧται
686 1793 737 1834 γὰρ
755 1793 808 1834 ὅσῳ

29 1841 119 1874 πλείους
134 1842 198 1880 εἰσὶ,
211 1841 334 1880 τοσούτῳ
356 1841 548 1880 autumi?”
569 1840 616 1875 τὴν
637 1840 749 1878 δύναμιν
763 1842 807 1867 τοῦ

29 1884 88 1913 Θεοῦ
105 1885 255 1925 προξενοῦσί
278 1897 333 1923 μοι.
364 1886 410 1921 Μὴ
432 1886 518 1914 τοίνυν
543 1884 670 1922 νομίσητέ
693 1895 743 1921 με,
769 1882 808 1912 ὅτι

30 1929 57 1960 ὣς
71 1930 222 1968 λυπούμενος
246 1925 319 1959 εἷπον
348 1929 380 1958 τὰ
404 1930 463 1969 περὶ
489 1933 533 1958 τοῦ
563 1931 706 1964 σκόλοπος,
741 1927 808 1956 ἀλλὰ

32 1974 117 2009 μᾶλλον
143 1974 242 2015 χαίρων
266 1975 313 2004 καὶ
344 1974 536 2013 καυχώμενος,
562 1975 596 2006 ὡς
616 1974 661 2002 καὶ
688 1972 734 2008 τὴν
761 1974 808 2001 τοῦ

32 2018 90 2047 Θεοῦ
102 2018 206 2057 δύναμιν
221 2019 331 2048 πλείονα
345 2018 528 2057 ἐπισπώμενος
545 2018 610 2059 πρὸς
628 2018 743 2056 ἐμαυτὸν
765 2016 808 2045 διὰ

33 2063 69 2097 τῆς
83 2064 219 2098 ἐπιτάσεως
233 2066 286 2093 τῶν
302 2064 425 2103 θλίψεων.

68 2118 80 2136 ιι
94 2108 137 2138 Διὸ
161 2110 260 2138 εὐδοκῶ
275 2109 301 2138 ἐν
322 2110 379 2142 ταῖς
401 2108 564 2146 ἀσθενείαις,
587 2110 613 2137 ἓν
638 2108 763 2147 ὕϐρεσιν,
782 2109 807 2136 ἐν

33 2151 160 2190 ἀνάγκαις,
176 2155 201 2182 ἐν
217 2154 361 2192 διωγμοῖς,
384 2154 409 2182 ἐν
436 2153 621 2192 στενοχωρίαις
643 2154 710 2193 ὑπὲρ
737 2154 846 2204 Χρι-ι)

33 2199 123 2235 στοῦςη
143 2197 327 2236 Ἐπεθύμουν,
353 2197 451 2237 φησὶν,
478 2199 514 2231 ὡς
539 2197 690 2237 ἄνθρωπος,
717 2199 808 2227 ἀπαλ-

32 2240 130 2279 λαγῆναι
154 2244 203 2271 τῶν
233 2244 323 2272 δεινῶν
348 2254 354 2261 ·
378 2242 435 2271 ἐπεὶ
459 2242 485 2271 δὲ
518 2241 619 2278 ἤκουσα
645 2243 660 2271 ἂ
687 2242 808 2279 ἤκουσα,

32 2283 106 2315 ἔκτοτε
126 2287 169 2316 καὶ
183 2290 328 2327 καυχῶμαι
352 2287 396 2316 καὶ
414 2288 527 2326 εὐδοκῶ,
553 2287 705 2323 τουτέστιν,
730 2290 808 2317 ἐπευ-

32 2330 173 2368 φραίνομαι,
188 2333 354 2372 εὐχαριστῶν
379 2332 573 2371 εὐαρεστοῦμαι
597 2334 623 2361 ἐν
649 2333 806 2365 ἀσθενείαις.

34 2368 103 2411 Εἶτα,
118 2374 159 2405 ἵνα
173 2377 210 2415 μὴ
232 2377 356 2417 νομίσῃς,
367 2377 478 2417 πυρετὸν
495 2377 519 2394 ¹⁰
536 2377 581 2406 καὶ
596 2380 705 2407 τοιαῦτα
729 2377 807 2412 νοσή‹

34 2429 106 2456 ματα,
128 2422 264 2460 ἑρμηνεόει
295 2433 336 2451 σοι
368 2422 485 2457 ταύτας,
510 2421 550 2450 ὅτι
577 2424 604 2450 αἱ
628 2422 732 2462 ὕϐρεις,
763 2421 808 2451 καὶ

34 2463 119 2500 τᾶλλα,
134 2466 196 2495 εἰσὶν
218 2467 245 2495 αἱ
269 2467 414 2496 ἀσθένειαι.
434 2468 529 2496 Ταῦτα
547 2467 573 2496 δὲ
590 2467 635 2496 καὶ
658 2468 715 2500 τούς
731 2468 809 2507 ψευδ-

34 2510 173 2544 αποστόλους
195 2511 365 2551 καταισχύνει
392 2510 436 2540 ἐπὶ
465 2515 520 2544 τοῖς
546 2512 672 2545 ἐναντίοις
699 2524 808 2550 καυχωα

34 2551 126 2590 μένους,
148 2556 182 2588 ὡς
204 2556 334 2589 ἀντιθέους
349 2567 355 2574 ·
379 2556 424 2584 καὶ
447 2556 505 2590 τοὺς
532 2557 652 2595 μαθητὰς
680 2569 810 2595 παραμυ-

35 2598 171 2634 θεῖται,ἳ¹να
195 2600 232 2638 μὴ
250 2601 464 2640 ἐπαισχύνωνται
488 2603 525 2641 τῷ
547 2601 716 2642 διδασκάλῳ,
742 2601 809 2630 ἀλλὰ

36 2641 119 2676 μᾶλλον
142 2644 186 2673 καὶ
210 2645 478 2684 ἐγκαλλωπίζωνται,
505 2648 539 2679 ὡς
562 2649 607 2675 τοῦ
636 2648 705 2676 Θεοῦ
734 2649 811 2675 τοῦτο

36 2685 149 2724 θέλοντος,
163 2689 207 2718 καὶ
222 2690 287 2730 ὓπὲρ
311 2691 426 2729 Χριστοῦ
442 2690 523 2720 ὄντων
541 2693 591 2720 τῶν
606 2691 747 2722 κινδύνοιν.

441 163 616 193 EXPOSITIO
635 163 667 190 IN
689 163 794 190 EPIST.
818 163 838 190 li
857 163 903 189 AD
923 163 1001 191 COR.
1022 179 1056 184 -—
1075 165 1150 193 CAP.
1171 166 1224 193 Xll.

1610 169 1662 197 934

866 226 1030 260 illationem,
1042 229 1169 262 angelum
1189 229 1294 258 Satanan
1318 230 1477 259 nominavit.
1494 234 1516 260 A
1544 241 1599 269 quo
1613 241 1661 262 au-

866 275 922 299 tem
945 272 1026 300 datus
1045 273 1105 300 est?
1117 274 1141 300 Α
1159 275 1216 301 Deo
1234 274 1341 310 (inquit)
1356 276 1505 310 permissus
1520 281 1577 310 est;
1608 277 1661 306 hoc

866 317 941 344 enim
954 322 994 345 est
1007 318 1080 353 quod
1091 318 1137 352 ait,
1155 330 1167 342 α
1184 320 1273 346 Datus
1284 324 1325 346 est
1337 328 1343 346 :
1364 331 1375 343 ν
1390 328 1445 347 non
1455 325 1485 347 ut
1498 322 1580 348 semel
1590 322 1658 350 mihi

866 362 999 397 colaphos
1012 363 1128 398 inlligat,
1143 363 1191 391 sed
1206 371 1325 399 semper.
1340 364 1421 399 Quod
1433 373 1497 392 vero
1510 365 1548 392 ait
1567 376 1573 393 :
1593 378 1606 390 α
1620 368 1661 394 Ne

866 407 990 440 extollar,
1006 419 1018 431 υ
1030 407 1143 443 quidam
1155 408 1347 436 intellexerunt
1360 417 1408 444 pro
1419 417 1451 437 eo
1466 409 1540 445 quod
1554 414 1605 444 est,
1619 413 1661 439 Ne

865 451 900 478 ab
923 451 1082 479 hominibus
1106 451 1252 488 gloriﬁcer.
1269 453 1353 488 312
1381 453 1434 482 Sed
1458 453 1486 482 id
1502 454 1601 482 Paulus
1617 455 1661 483 hic

864 503 920 523 non
934 495 1008 528 dicit,
1023 497 1128 524 etiamsi
1155 505 1237 533 supra
1251 497 1351 526 dixerit
1372 507 1380 526 :
1402 498 1450 526 sed
1475 498 1542 527 illud
1557 499 1659 535 ipsum,

865 541 905 567 Ne
917 548 986 569 vane
1004 541 1139 576 gloriosus
1153 541 1214 574 sim,
1235 541 1323 579 inquit
1346 552 1352 570 ι
1376 542 1461 571 homo
1475 543 1550 571 enim
1562 548 1589 572 et
1602 544 1660 580 ipse

865 589 934 612 erat.

900 630 984 657 Vens.
1005 633 1033 663 8,
1053 633 1078 657 9.
1096 642 1107 654 ‹ι
1125 632 1211 666 Super
1223 630 1274 659 hoc
1290 635 1331 659 ter
1342 632 1493 660 Dominum
1507 633 1612 669 rogavi,
1629 637 1659 662 ut

865 673 1018 701 discederet
1032 682 1046 702 a
1063 682 1120 708 me;
1136 679 1163 702 et
1175 675 1244 703 dixit
1268 676 1335 703 mihi
1353 686 1358 703 :
1373 676 1481 704 Sufﬁcit
1500 677 1550 704 tibi
1571 678 1658 713 gratia

864 726 935 746 mea.
955 730 966 743 ν
982 734 1016 739 -—
1029 730 1040 743 «ι
1056 721 1120 753 Ter,
1137 731 1150 743 ι»
1173 728 1231 755 pro.
1249 721 1326 756 Saepe
1340 721 1492 757 imploravi.
1509 723 1593 758 Atqui
1603 722 1656 750 hoc

864 763 945 790 etiam
960 763 1122 792 humilitatis
1133 769 1183 797 est,
1198 764 1278 792 fateri
1289 765 1363 800 quod
1378 773 1434 793 non
1449 765 1533 794 ferret
1547 767 1662 795 insidias

863 815 894 835 ac
913 807 1087 840 afﬁictiones,
1104 812 1131 836 et
1145 813 1289 844 propterea
1303 817 1383 845 opem
1399 811 1567 846 imploraret.
1586 811 1662 839 Dixit

865 851 946 887 igitur
966 853 1051 880 mihi:
1067 853 1137 881 Satis
1148 858 1189 881 est
1203 854 1278 890 quod
1293 855 1374 882 talem
1387 855 1433 883 tibi
1446 856 1561 892 gratiam
1575 855 1659 884 dede-

865 896 928 930 rim,
939 901 969 924 ut
984 901 1107 925 mortuos
1121 897 1232 932 excites,
1247 903 1278 926 ut
1287 899 1399 927 virtutes
1412 907 1509 928 onmes
1524 901 1658 936 perﬁcias.

865 942 903 968 Ne
919 949 1024 977 quaeras
1038 942 1122 978 igitur
1136 947 1166 970 ut
1177 943 1243 970 citra
1260 944 1412 979 periculum
1430 945 1586 980 praedicatio
1610 946 1659 974 tibi

863 987 1052 1022 progrediatur
1066 995 1312 1023 :supervacaneum
1330 989 1404 1017 enim
1423 989 1475 1017 hoc
1501 996 1552 1018 est.
1578 991 1659 1027 Quod

863 1035 956 1058 autem
970 1032 1035 1059 satis
1046 1036 1087 1060 est
1101 1033 1159 1066 tibi,
1180 1033 1319 1068 accepisti.

902 1086 915 1101 ιι
930 1077 1023 1105 Virtus
1037 1077 1111 1105 enim
1131 1085 1191 1106 mea
1215 1078 1373 1109 inﬁrmitate
1388 1079 1542 1115 perﬁcitur.
1570 1092 1582 1105 κ
1599 1082 1659 1109 Hoc

863 1125 915 1156 est,
926 1121 1053 1149 Fortasse
1064 1121 1150 1157 doles,
1163 1130 1179 1150 ο
1188 1123 1279 1157 Paule,
1289 1131 1324 1151 ne
1331 1123 1456 1152 videatur
1467 1125 1660 1154 imbecillitatis

863 1173 923 1194 esse
936 1174 1015 1200 meae,
1043 1167 1117 1203 quod
1139 1167 1216 1195 multi
1231 1168 1312 1196 verbo
1327 1177 1391 1197 meo
1412 1169 1526 1198 insidias
1553 1170 1657 1199 machi-

865 1215 984 1239 nentur:
1001 1212 1117 1240 conﬁde.
1133 1213 1203 1240 Tum
1224 1213 1296 1240 enim
1315 1212 1462 1248 perfectius
1484 1215 1590 1243 videtur
1609 1223 1658 1251 po-

864 1255 947 1283 tentia
968 1264 1040 1290 mea,
1062 1257 1172 1293 quando
1199 1258 1417 1293 persecutionem
1435 1260 1517 1295 passi,
1532 1268 1659 1296 persecu-

863 1304 937 1328 tores
951 1301 1080 1329 viceritis.
1108 1302 1175 1330 Vide
1201 1307 1294 1330 autem
1309 1303 1449 1338 quomodo
1476 1304 1576 1332 dixerit
1589 1305 1659 1340 ipse,

864 1350 975 1380 propter
987 1345 1040 1373 hoc
1055 1345 1206 1374 obnoxium
1220 1355 1279 1375 sese
1303 1356 1334 1376 ac
1359 1348 1491 1377 traditum
1505 1349 1661 1378 teutationi-

865 1389 925 1423 bus,
950 1398 985 1418 ne
1008 1391 1163 1419 extollatur.
1188 1393 1263 1420 Deus
1292 1397 1387 1421 autem
1411 1393 1496 1422 aliam
1522 1394 1659 1423 rationem

864 1434 983 1462 reddidit
996 1436 1085 1471 hujus,
1102 1436 1234 1465 nimirum
1257 1438 1331 1473 quod
1351 1439 1475 1474 potentia
1498 1439 1581 1474 ipsius
1598 1444 1658 1468 tum

864 1479 990 1507 videatur
1017 1482 1283 1510 consummationem
1310 1482 1421 1518 habere,
1450 1483 1562 1519 quando
1585 1496 1596 1508 ‹‹
1627 1487 1658 1512 in

866 1523 1037 1559 inﬁrmitate,
1053 1536 1067 1551 »
1090 1526 1142 1554 hoc
1155 1531 1207 1561 est,
1217 1527 1244 1554 in
1265 1528 1500 1563 persecutionibus
1513 1533 1541 1557 et
1552 1529 1659 1565 pericu-

868 1568 901 1596 lis
916 1569 965 1604 ipsi
981 1569 1089 1598 fuerint.

903 1625 915 1638 α
936 1615 1132 1644 Libentissime
1142 1616 1223 1652 igitur
1240 1617 1376 1653 gloriabor
1393 1617 1483 1654 potius
1502 1618 1657 1646 iuinﬁrmi-

865 1658 969 1687 tatibus
983 1660 1059 1694 meis,
1082 1665 1112 1688 ut
1131 1660 1267 1689 inhabitet
1281 1662 1308 1689 in
1341 1670 1386 1690 me
1401 1663 1487 1691 virtus
1505 1663 1616 1691 Christi.
1645 1676 1656 1687 ιο

864 1703 933 1738 Quia
961 1704 1066 1740 (inquit)
1096 1704 1157 1733 hinc
1179 1706 1281 1739 audivi,
1311 1707 1384 1742 quod
1410 1709 1532 1743 potentia
1558 1708 1606 1735 Dei
1633 1708 1660 1735 in

865 1747 1026 1777 inﬁrmitate
1045 1750 1190 1785 perﬁcitur,
1209 1750 1335 1786 deinceps
1349 1752 1487 1787 gloriabor
1506 1752 1658 1780 ininﬁrmi-

866 1793 967 1821 tatibus
984 1794 1062 1821 meis.
1084 1795 1133 1822 lim
1144 1795 1220 1822 enim
1240 1803 1295 1830 quo
1313 1796 1402 1830 plures
1417 1795 1528 1829 fuerint,
1542 1805 1575 1824 eo
1593 1797 1657 1824 ube-

864 1838 966 1865 riorem
994 1838 1043 1865 Dei
1064 1839 1213 1874 potentiam
1240 1839 1306 1867 mihi
1330 1840 1485 1868 conciliant.
1513 1842 1553 1868 Ne
1577 1841 1659 1877 igitur

864 1882 1047 1916 arbitremini,
1077 1884 1150 1918 quod
1180 1884 1260 1910 veluti
1285 1884 1462 1913 contristatus
1486 1884 1520 1912 de
1543 1885 1656 1913 stimulo

865 1926 949 1953 verba
964 1926 1088 1960 fecerim;
1105 1927 1152 1954 sed
1178 1927 1274 1956 lmtans
1293 1929 1384 1962 potius
1398 1937 1429 1956 ac
1442 1929 1570 1965 glorians,
1595 1934 1656 1957 tan-

864 1978 945 2006 quam
961 1972 1008 1999 Dei
1023 1973 1172 2007 potentiam
1183 1973 1317 2008 majorem
1330 1973 1468 2002 attrabens
1477 1974 1511 2003 ad
1522 1974 1658 2010 meipsum

865 2023 913 2050 per
925 2016 1106 2045 afﬁictionum
1124 2017 1315 2046 intensionem.

900 2111 989 2139 Vens.
1009 2113 1050 2139 10.
1069 2123 1081 2135 π
1099 2112 1212 2147 Propter
1238 2111 1311 2148 quod
1332 2111 1427 2148 placeo
1443 2112 1508 2140 mihi
1535 2113 1561 2140 in
1580 2112 1657 2141 inﬁr-

862 2156 1014 2189 mitatibus,
1035 2156 1061 2183 in
1073 2157 1256 2190 contumeliis,
1271 2157 1297 2184 in
1320 2157 1540 2192 necessitatibus,
1555 2158 1581 2185 in
1595 2167 1658 2194 per-

863 2201 1058 2234 secutionibus,
1075 2202 1104 2229 in
1114 2201 1245 2238 angustiis
1258 2209 1305 2237 pro
1318 2201 1434 2230 Christo.
1451 2212 1464 2229 ι)
1479 2203 1656 2238 Expetebam,

864 2247 961 2282 inquit,
982 2246 1100 2274 hominis
1128 2245 1223 2280 instar,
1247 2255 1263 2274 a
1291 2247 1373 2274 rebus
1396 2247 1515 2275 adversis
1534 2247 1656 2281 liberari,

865 2291 912 2319 sed
935 2295 1080 2326 postquam
1101 2291 1192 2318 audivi
1204 2299 1265 2327 quae
1282 2291 1383 2325 audivi,
1399 2291 1497 2320 exinde
1515 2292 1617 2328 glorior
1630 2297 1658 2321 et

864 2336 996 2369 oblector,
1010 2335 1064 2363 hoc
1078 2339 1128 2368 est.
1146 2335 1292 2369 exbilaror,
1307 2335 1516 2364 oblectationem
1532 2337 1610 2373 capio
1632 2338 1658 2366 in

865 2380 1078 2408 inﬁrmitatibus.
1102 2381 1218 2414 Deinde,
1234 2389 1269 2408 ne
1287 2380 1425 2409 existimes
1439 2381 1548 2415 febrim,
1562 2386 1611 2410 aut
1629 2382 1657 2411 id

864 2434 949 2461 genus
959 2426 1073 2453 morbos
1084 2425 1161 2459 alios,
1176 2425 1373 2461 interpretatur
1387 2426 1445 2462 ipse
1455 2426 1502 2454 tibi
1520 2426 1570 2455 has
1582 2427 1657 2455 inﬁr-

865 2471 986 2505 mitates,
1019 2470 1142 2498 indicans
1164 2471 1237 2506 quod
1263 2470 1317 2498 sint
1331 2471 1518 2507 contumeliae,
1549 2476 1578 2500 et
1605 2472 1657 2500 alia

865 2515 1003 2551 quaedam,
1012 2515 1186 2542 inﬁrmitates
1194 2515 1262 2542 istic.
1275 2515 1337 2542 Hinc
1345 2523 1426 2550 porro
1436 2516 1658 2552 pseudapostolos

865 2561 947 2588 etiam
964 2560 1140 2596 pudt-faciunt
1153 2560 1179 2587 in
1194 2561 1337 2588 contrariis
1352 2561 1509 2596 gloriantes,
1526 2565 1656 2597 tanquam

867 2607 924 2632 Deo
943 2605 1096 2633 contrarios
1118 2615 1123 2632 :
1154 2613 1186 2633 ac
1213 2605 1359 2641 discipulos
1381 2606 1461 2642 juxta
1489 2606 1655 2638 consolatur,

865 2657 899 2677 ne
912 2649 1033 2677 doctoris
1045 2651 1084 2678 sui
1096 2650 1206 2678 nomine
1219 2650 1390 2683 erubescant,
1401 2650 1447 2678 sed
1462 2650 1552 2685 potius
1565 2649 1656 2677 decori

866 2694 919 2722 hoc
938 2694 987 2722 sibi
1007 2695 1155 2728 ascribant,
1178 2703 1228 2722 ceu
1251 2696 1309 2722 Deo
1331 2695 1384 2722 hoc
1412 2694 1529 2729 volente,
1558 2698 1585 2722 et
1606 2701 1656 2730 pro

866 2738 963 2768 Christi
981 2739 1065 2775 gloria
1079 2739 1244 2767 instantibus
1258 2739 1393 2774 periculis.

706 2779 797 2808 Varia:
818 2780 968 2810 lectiones.

67 2811 84 2826 λθ
95 2817 182 2850 πυρετῷ
195 2816 236 2841 καὶ
249 2819 358 2849 τοιαῦτα,
375 2816 461 2853 ἑρμην.
481 2826 507 2845 ο.
