1877 3081
232 162 284 188 935

745 160 1002 188 THEOPHYLACT!
1023 161 1201 188 BULGARIE
1220 161 1376 188 ARCHIEP.

1812 163 1844 188 {'36

268 222 352 259 313
364 234 376 247 α
388 221 506 257 Quando
517 222 591 250 enim
601 221 737 256 inﬁrmor,
749 226 810 251 tum
822 227 921 259 potens
932 231 1005 251 sum.
1018 235 1022 248 ι

1118 235 1133 251 α
1149 222 1238 254 Ὅταν
1263 223 1315 264 γὰρ
1340 224 1463 260 ἀσθενῶ,
1488 222 1549 252 τότε
1573 221 1690 254 δυνατός
1708 223 1770 260 εἶμι.
1792 234 1803 250 ιι
1821 224 1843 253 Ti

229 267 303 302 Quid
318 267 426 295 miraris
436 267 511 303 quod
527 267 577 294 Dei
593 267 714 303 potentia
729 272 788 296 tum
801 267 1026 296 demonstretur?

229 320 295 340 nam
310 317 337 340 ct
354 320 404 348 ego
433 317 491 340 tum
507 316 604 347 potens
625 320 696 345 sum,
724 312 839 347 largiore
866 313 918 340 Dei
940 313 1025 348 gratia

230 356 298 385 mihi
325 360 458 392 prtesente
480 361 508 384 et
530 356 672 384 assistente
697 365 704 384 :
735 357 815 384 veluti
842 365 906 385 cum
923 357 1025 385 carceri

229 401 348 429 inclusus
385 405 436 435 est,
465 401 580 429 carceris
607 401 750 429 custodem
785 402 812 428 in
838 401 939 430 Christi
972 401 1025 430 ﬁde

229 445 362 473 instituit‘
379 456 385 473 :
402 445 512 481 quando
524 445 695 481 naufragium
709 454 803 482 passus
821 450 871 478 est,
890 446 1025 474 insnlares

229 491 365 518 Barbaros
376 490 511 518 attonitos
523 490 665 518 reddidit“
682 500 687 516 :
704 491 812 526 quando
827 499 921 518 coram
931 491 1024 526 judice

230 535 258 562 in
283 535 397 562 vinculis
419 535 512 567 astitit,
537 534 595 570 ipso
625 538 653 562 et
674 535 880 562 accusatoribus
901 536 1025 570 superior

231 578 317 607 factus
332 583 373 606 est
385 583 404 606 ε.
422 579 538 614 Quando
554 578 635 614 igitur
657 579 799 606 imbecillis
815 584 885 613 erat,
905 579 957 607 hoc
972 583 1024 613 est,

230 623 259 651 in
285 623 410 659 periculis
441 623 616 658 constitutus,
656 628 718 652 tum
752 628 860 660 potens,
888 623 966 652 fortis
999 628 1026 652 et

229 668 388 703 splendidus
402 672 470 696 erat.

266 713 355 741 Vens.
382 716 425 740 ιι.
453 713 578 741 «Factus
607 721 671 741 sum
696 713 839 749 insipiens,
858 713 1022 748 gloriando:

231 765 279 785 vos
310 765 352 785 me
384 757 522 794 coegistis.
550 769 561 781 η
592 759 698 786 Rursus
732 757 920 786 defensionem
950 763 1025 794 parat

229 802 400 838 gloriationis
424 811 490 831 suat.
518 804 550 830 Et
570 811 653 839 supra
681 802 803 839 quidem,
840 815 852 827 ι
880 804 1023 839 Tanquam

231 847 410 883 insipientem,
434 859 446 871 ν
461 847 538 881 dixit,
561 860 573 871 ιι
592 847 722 883 suscipite
739 855 792 881 me,
819 859 833 872 π
854 852 890 882 et,
923 860 935 872 ι
952 850 1023 876 Tan-

231 900 315 928 quam
341 893 369 920 in
402 892 556 928 insipientia
586 902 592 920 :
623 904 635 917 ν
669 901 742 920 nunc
768 897 860 920 autem
894 893 1023 928 particula

232 949 244 962 ιι
272 938 415 973 Tanquam
434 949 446 961 ιο
471 937 570 970 ablata,
600 938 775 973 insipientem
801 937 920 973 seipsum
935 943 1022 966 vocat.

229 983 301 1010 Cum
337 982 412 1010 enim
445 982 619 1010 confirmavit
647 990 708 1018 qua:
734 983 828 1015 voluit,
857 982 1026 1010 conﬁdenter

230 1027 342 1063 posthac
364 1027 446 1055 talem
461 1027 600 1055 defectum
624 1027 800 1061 condemnat,
823 1027 950 1056 erudiens
974 1036 1025 1056 nos

230 1072 350 1106 abunde,
378 1080 412 1099 ne
440 1080 562 1108 unquam
592 1072 649 1100 sine
676 1073 837 1100 necessitate
864 1073 1024 1109 gloriemur,

230 1117 464 1153 quandoquidem,
495 1121 606 1152 urgente
644 1117 813 1149 necessitate,
851 1117 1024 1152 insipientem

229 1169 288 1189 sese
303 1161 403 1189 Paulus
417 1162 544 1197 appellet.
568 1174 581 1185 σι
603 1162 656 1189 Vos
683 1161 756 1189 enim
782 1169 826 1189 me
847 1162 985 1198 coegistis,
1010 1174 1022 1186 ιι

230 1205 282 1234 hoc
296 1210 348 1240 est,
367 1207 472 1234 Vestrae
487 1206 582 1234 salutis
603 1206 737 1234 rationem
760 1205 864 1234 habens
883 1206 940 1234 haec
955 1206 1022 1239 dixi,

231 1259 292 1278 cum
316 1250 436 1278 viderem
460 1250 534 1286 quod
559 1250 762 1287 pseudapostoli
791 1258 839 1286 per
863 1251 1023 1286 jactantiam

231 1303 309 1323 suam
347 1304 395 1324 vos
425 1295 488 1332 ipsis
513 1295 684 1323 attendentes
720 1300 912 1331 corrumpunt.
944 1297 1023 1323 Hanc

230 1339 312 1376 igitur
336 1340 372 1368 ob
395 1348 454 1368 rem
480 1340 553 1368 volui
580 1345 607 1369 et
628 1341 684 1376 ipse
719 1340 810 1368 dicere
835 1340 962 1376 quiddam
991 1339 1024 1368 dc

230 1385 336 1420 meipso
350 1385 378 1412 in
394 1385 473 1413 vestri
488 1385 613 1420 gratiam.

268 1440 281 1455 ‹‹
299 1431 354 1465 Ego
378 1430 451 1457 enim
475 1429 608 1457 debedam
633 1438 648 1457 a
675 1430 751 1458 vobis
781 1429 979 1458 commendari.
1009 1440 1021 1453 ν

230 1475 284 1502 Par
306 1477 374 1506 erat,
396 1474 494 1510 inquit,
524 1478 553 1501 ut
574 1482 622 1501 vos
640 1482 701 1502 mea
728 1474 819 1509 potius
844 1474 1023 1502 recenseretis

228 1518 510 1554 deprardicaretisque.
536 1518 604 1553 Quia
631 1526 694 1546 vero
714 1518 739 1546 id
765 1526 821 1546 non
840 1518 952 1552 fecistis,
977 1518 1024 1546 sed

229 1563 280 1590 illis
309 1567 430 1590 mentem
453 1562 626 1597 adhibuistis,
653 1562 829 1598 corruptique
855 1563 931 1597 estis,
964 1562 1024 1590 haec

229 1607 324 1635 salutis
341 1611 439 1634 vestra:
453 1615 536 1634 causa
558 1606 625 1634 dixi.

268 1663 280 1675 «ι
304 1650 379 1678 Nihil
395 1651 469 1678 enim
491 1650 602 1678 inferior
621 1650 660 1679 fui
681 1651 711 1678 iis
730 1651 776 1687 qui
800 1659 881 1687 supra
909 1651 1024 1680 modum

230 1699 295 1723 sunt
309 1695 435 1730 apostoli,
451 1695 501 1723 etsi
523 1695 592 1722 nihil
616 1695 677 1723 sim.
700 1707 712 1719 ιι
729 1697 817 1732 Supra
850 1703 912 1723 cum
935 1696 1023 1724 ambi-

231 1740 334 1776 guitate
349 1740 479 1768 nonnulla
492 1739 560 1768 dixit
574 1748 581 1767 :
606 1751 618 1764 «
645 1740 780 1768 Existimo
803 1741 877 1768 enim
891 1749 935 1768 me
951 1741 1024 1769 nulla

231 1784 256 1812 in
267 1793 296 1812 re
306 1784 463 1813 inferiorem
476 1779 597 1819 fuisse“;
621 1797 633 1809 »
656 1793 730 1813 nunc
741 1790 832 1813 autem
846 1785 945 1821 majori
960 1794 1023 1814 cum

230 1829 392 1858 auctoritate
404 1829 484 1864 dixit,
503 1842 516 1854 σι
542 1830 615 1858 Nihil
635 1830 748 1858 inferior
769 1838 843 1864 sum,
859 1840 873 1856 ι)
901 1830 953 1858 hoc
973 1835 1023 1865 est,

233 1875 295 1902 Non
309 1883 372 1903 sum
388 1875 579 1911 postferendus
593 1875 699 1911 magnis
714 1875 765 1903 illis
782 1875 920 1911 apostolis,
944 1877 1024 1903 Petro

230 1925 257 1948 et
265 1921 346 1948 Petro
356 1920 504 1948 similibus.
524 1921 720 1948 Verumtamen
732 1919 776 1947 hic
785 1920 901 1956 propria:
912 1928 1025 1948 consue-

230 1965 331 1993 tudinis
349 1972 406 1992 non
421 1969 463 1992 est
475 1965 587 1998 oblitus,
601 1964 648 1992 Sed
662 1964 806 1992 subiutulit
824 1973 830 1992 :
849 1977 860 1988 ιι
886 1964 943 1992 Etsi
956 1964 1024 1992 nihil

230 2009 292 2037 sim.
312 2021 324 2033 ν
346 2009 540 2037 Animadverte
557 2014 652 2037 autem
675 2009 734 2045 ejus
759 2008 944 2044 prudentiam.
962 2010 1024 2037 Non

230 2054 304 2081 enim
329 2061 411 2089 porro
446 2053 666 2090 pseudapostolis
688 2053 809 2089 seipsum
835 2052 951 2087 confert,
977 2053 1024 2081 sed

229 2097 305 2125 nulla
333 2097 443 2125 illorum
458 2097 550 2125 habita
566 2098 682 2132 ratione,
695 2098 736 2126 vel
752 2098 818 2133 ipsis
833 2098 964 2132 apostolis
995 2106 1024 2126 se

230 2150 322 2177 parem
346 2150 404 2170 esse
423 2143 528 2177 statuit,
548 2143 646 2179 quippe
671 2143 717 2178 qui
742 2142 802 2170 illos
830 2150 926 2170 omnes
946 2141 1025 2170 facile

231 2191 348 2223 superet.
365 2187 450 2215 Simul
472 2192 562 2215 autem
582 2188 680 2222 innuit,
708 2187 783 2224 quod
798 2187 940 2223 apostolos
961 2195 1025 2215 con-

230 2233 342 2261 tumelia
357 2232 480 2262 afﬁciant
502 2233 645 2266 Corinthii,
659 2233 767 2269 quando
782 2232 912 2268 apostolis
930 2240 1024 2268 parem

230 2283 393 2314 postponant
409 2278 634 2314 pseudapostolis.

264 2324 351 2350 Vrns.
381 2327 423 2351 t2.
454 2335 466 2347 ιι
493 2324 574 2359 Signa
601 2323 712 2359 quidem
737 2323 853 2358 apostoli
873 2322 945 2350 facta
959 2326 1024 2350 sunt

229 2367 255 2394 in
271 2367 354 2394 vobis.
376 2378 389 2391 η
408 2369 464 2403 Ego
484 2367 605 2402 quidem,
632 2367 730 2402 inquit,
745 2368 811 2395 nihil
830 2375 911 2395 sum:
930 2375 1023 2395 verum

229 2415 259 2439 tu
273 2410 347 2438 istud
365 2419 420 2439 non
437 2411 562 2447 aspicias,
576 2411 624 2439 sed
644 2411 840 2445 animadverte,
868 2412 943 2448 quod
959 2412 1023 2439 nihil

228 2455 369 2484 omiserim
383 2464 478 2484 eorum
493 2463 555 2492 qua
575 2464 672 2484 verum
685 2457 841 2492 exprimant
855 2457 1023 2492 apostolum.

229 2502 285 2529 Vos
302 2501 377 2528 enim
403 2501 469 2528 mihi
491 2501 681 2528 testimonium
703 2501 808 2535 dicetis,
835 2501 910 2537 quod
931 2501 1024 2529 omnia

228 2545 401 2582 perfecerim.

266 2602 280 2616 «
296 2592 328 2619 In
347 2591 422 2620 omni
442 2591 580 2627 patientia.
597 2603 610 2615 η
628 2590 738 2618 Primus
751 2589 894 2618 character
906 2591 1023 2627 apostoli

227 2640 268 2664 est
281 2636 421 2673 patientia,
446 2644 477 2663 ac
489 2636 581 2663 omnia
599 2640 710 2664 strenue
724 2635 805 2663 ferre.
823 2636 874 2664 Sed
888 2635 950 2663 vide
965 2637 1024 2672 ejus

263 2705 276 2718 ⁸
291 2702 352 2728 Act.
366 2707 432 2734 XVI,
447 2700 492 2727 31.
530 2695 543 2715 δ
557 2700 620 2727 Act.
636 2706 752 2734 XXVIII,
773 2702 799 2727 7.

929 2757 1021 2787 Variae

265 2803 286 2821 “
302 2803 362 2830 ὅσον
378 2811 405 2832 0.
443 2803 465 2820 ¹²
479 2803 535 2836 τοὶις
550 2803 702 2834 ἀποστόλους
713 2811 741 2832 0.

838 2704 848 2717 ο
862 2700 925 2728 Act.
942 2706 1018 2728 xxvr
1027 2719 1035 2733 ,

1080 270 1242 306 θαυμάζεις,
1263 269 1286 297 εἰ
1306 271 1350 298 τοῦ
1377 269 1449 298 Θεοῦ
1472 270 1488 303 ἡ
1513 267 1626 306 δύναμις
1644 267 1707 296 τότε
1726 267 1842 300 διίκνυττις

1080 312 1135 343 Καὶ
1161 313 1212 353 γὰρ
1235 313 1279 342 καὶ
1303 312 1355 352 ἐγὼ
1379 312 1438 342 τότε
1461 312 1567 345 δυνατός
1591 313 1672 350 εἶμι,
1701 313 1746 347 τῆς
1768 312 1845 351 χάριτες

1080 358 1270 398 δαψιλεστέρας
1292 357 1436 393 ἐπιούσης·
1460 355 1550 397 ὥσπερ
1565 357 1610 386 ὅτε
1636 356 1845 392 ἐνιχλείσθη,τὲτε

1079 402 1122 431 τὸν
1140 403 1326 442 δεσμοφύλακα
1349 402 1503 442 κατήχησεν
1517 413 1524 420 θ
1548 401 1591 430 ὅτε
1620 400 1784 439 ἕναυᾶγησε,
1807 402 1845 432 τοὺς

1079 447 1105 476 ἐν
1128 449 1159 486 τῇ
1176 447 1248 486 νήσῳ
1275 446 1429 486 Βαρϐάρους
1455 446 1592 482 ἐξέπληξεν
1611 457 1618 464 ·
1644 445 1689 474 ὅτε
1713 446 1749 485 τῷ
1763 446 1845 479 δικιπὲ

1079 490 1199 531 παρέστη
1221 491 1374 528 δεδεμένος,
1402 491 1461 520 τότε
1485 491 1563 520 αὐτοῦ
1580 490 1701 520 καὶτῶν
1724 491 1844 528 κατηγόρων

1079 537 1253 575 περιεγένετο.
1271 534 1360 566 Ὅταν
1387 531 1431 565 οἷν
1455 535 1575 571 ἠσθένει,
1594 535 1754 571 τουτέστιν,
1773 535 1794 563 ἐν
1811 537 1845 565 τὶς

1080 581 1206 614 κινδύνοις
1221 576 1266 617 ἦν,
1281 580 1340 610 τότε
1351 580 1460 613 δυνατὸς
1477 576 1509 616 ἦν
1522 580 1567 610 καὶ
1579 579 1720 619 λαμπρός.

1122 725 1136 739 α
1163 712 1261 751 Γέγονα
1276 711 1365 752 ἄφρων
1390 711 1563 751 καυχώμενος
1580 721 1587 728 ⁸
1603 712 1685 749 ὑμεῖς
1710 722 1742 749 με

1080 768 1143 786 σατε
1161 768 1167 774 ·
1199 769 1212 785 ι
1231 756 1319 786 Πάλιν
1345 757 1515 794 ἀπολογεῖται
1542 755 1608 795 ὑπὲρ
1635 757 1685 790 τῆς
1711 755 1842 794 καυχήσεως,

1081 801 1135 830 Καὶ
1162 801 1285 840 ἀνωτέρω
1310 800 1374 838 μὲν,
1403 811 1418 829 ι(
1441 799 1489 834 Ὡς
1516 800 1618 839 ἄφρονα
1651 799 1758 834 δέξασθέ
1778 810 1842 837 μμ

1079 845 1152 883 ἔλεγε
1170 856 1177 864 ·
1193 845 1256 882 καὶ,
1276 857 1289 873 ιι
1308 844 1356 878 Ὡς
1381 846 1407 874 ἔν
1430 845 1564 885 ἀφροσύνῃ
1578 856 1585 862 ·
1604 857 1620 873 ι
1639 846 1685 873 νῦν
1711 845 1737 872 δὲ
1758 844 1796 873 καὶ
1814 844 1844 879 τὸ,

1081 901 1096 919 (ι
1113 889 1176 925 Ὡς,
1189 903 1204 917 ιι
1219 889 1335 926 ἀνελὼν,
1353 889 1455 929 ἄφρονα
1479 889 1572 918 ἑαυτὸν
1590 889 1684 918 καλεῖ.
1701 888 1800 923 Ἐπειδὴ
1811 888 1843 926 γὲξ

1079 935 1272 964 κατεσκεύασεν
1287 935 1304 964 ἃ
1326 934 1449 964 ἐϐούλετο
1461 957 1468 970 ,
1485 933 1656 974 θαρῤούντως
1677 934 1764 962 λοιπὸν
1785 944 1842 962 κατι-

1078 979 1202 1019 γινώσκει
1226 982 1270 1008 τοῦ
1300 979 1417 1009 τοιούτου
1446 978 1656 1016 ἐλαττώματος,
1687 978 1804 1007 παιδεύων
1825 978 1843 1004 ἐι.

1080 1024 1247 1064 περιουσίας,
1273 1024 1406 1062 μηδέποτε
1427 1027 1599 1063 καυχᾶσθαι,
1628 1023 1746 1062 ἀνάγκης
1769 1022 1799 1060 μὴ
1818 1022 1845 1049 σέ-

1080 1080 1126 1104 σης
1140 1081 1146 1087 ·
1163 1068 1228 1098 ὅπου
1251 1081 1280 1108 γε
1303 1068 1347 1097 καὶ
1368 1067 1485 1107 ἀνάγκης
1510 1067 1612 1106 οὔσης,
1641 1067 1743 1108 ἄψρονα
1756 1066 1842 1096 ἑαυτὸνᾶ

1081 1115 1185 1147 Παῦλος
1204 1114 1289 1144 καλεῖ.
1308 1127 1319 1139 ει
1337 1112 1429 1150 Ὑμεῖς
1445 1124 1478 1150 με
1495 1113 1546 1152 γὰρ
1563 1114 1738 1151 ἠναγκάσατε
1752 1121 1758 1128 ·
1771 1125 1780 1136 ι
1790 1122 1843 1152 35a:-

1079 1158 1152 1192 e'an,
1178 1157 1329 1195 Κηδόμενος
1355 1160 1403 1193 τῆς
1429 1158 1501 1194 ὑμῶν
1522 1157 1661 1196 σωτηρίας
1685 1159 1762 1186 ταῦτα
1782 1150 1842 1190 εἶτον,

1079 1202 1169 1238 ἐπειδὴ
1186 1204 1273 1241 ἑώρων
1299 1202 1338 1231 ὅτι
1366 1203 1390 1231 οἱ
1415 1202 1631 1242 ψευδαπόστολοι
1653 1203 1683 1230 ἐκ
1708 1204 1750 1230 τοῦ
1769 1204 1842 1238 xxv}?

1080 1249 1140 1276 σθαι
1167 1246 1360 1286 διαφθείρουσιν
1394 1248 1464 1282 ὑμᾶς
1494 1245 1682 1286 προσέχοντας
1710 1245 1801 1277 αὐτοῖς*
1821 1242 1842 1271 δι’

1079 1290 1142 1320 αὐτὸ
1166 1294 1243 1320 τοῦτο
1267 1291 1375 1329 εἱλόμην
1402 1286 1446 1320 οὖν
1473 1290 1518 1320 καὶ
1550 1290 1630 1324 αὐτὸς
1654 1291 1736 1320 εἰπεῖν
1757 1301 1779 1318 τι
1800 1287 1841 1326 ﬁt;

1080 1337 1194 1373 ἐμαυτοῦ
1206 1336 1237 1364 δι’
1250 1337 1331 1374 ὑμᾶς.

1041 927 1064 958 Β

1119 1439 1130 1451 ι
1162 1425 1233 1464 Ἐγὼ
1259 1425 1309 1465 γὰρ
1335 1424 1446 1464 ὤφειλον
1473 1424 1514 1465 ὑφ’
1542 1425 1617 1462 ὑμῶν
1648 1424 1812 1454 συνίστασθαι.
1833 1435 1839 1445 ι

1079 1470 1173 1506 Ἔδει,
1192 1469 1270 1509 φησὶν
1282 1492 1290 1506 ,
1303 1472 1372 1508 ὑμᾶς
1399 1470 1499 1507 μᾶλλον
1521 1469 1556 1498 τὰ
1579 1469 1633 1507 ἐμὰ
1649 1470 1802 1507 καταλέγειν,
1814 1466 1841 1495 υἱ

1078 1516 1224 1555 εὐφημεῖν
1249 1514 1305 1544 ἐπεὶ
1326 1515 1353 1544 δὲ
1373 1517 1450 1543 τοῦτο
1475 1514 1523 1543 οὐκ
1543 1514 1710 1560 ἐποιήσατε,
1734 1510 1842 1541 ἀλλ’ἔκιί-

1079 1571 1131 1593 νοις
1155 1559 1308 1598 προσείχετε
1331 1558 1376 1588 καὶ
1399 1559 1593 1599 διεφθείρεσθε,
1619 1555 1696 1588 εἷπον
1721 1560 1794 1586 ταῦτι
1815 1555 1841 1584 ἐπὶ

1079 1604 1125 1640 τὴν
1140 1606 1212 1641 ὑμῶν
1230 1603 1364 1643 σωτηρίαν
1370 1625 1378 1633 .

1119 1663 1131 1676 ιι
1148 1649 1232 1678 Οὐδὲν
1252 1648 1304 1689 γὰρ
1319 1647 1452 1688 ὑστέρησα
1473 1649 1524 1677 τῶν
1538 1647 1604 1687 ὑπὲρ
1626 1648 1688 1678 λίαν
1705 1647 1839 1677 ἀποστόλων

1079 1695 1101 1723 εἰ
1125 1693 1171 1723 καὶ
1189 1692 1263 1722 οὐδέν
1289 1694 1355 1730 εἰμι,
1382 1706 1394 1719 ι
1431 1692 1566 1733 Ἀνωτέρω
1597 1693 1648 1731 μὲν
1681 1692 1746 1732 μετὰ
1773 1691 1841 1720 Mm-

1079 1742 1164 1776 σμοῦ,
1183 1751 1194 1763 «
1218 1737 1365 1776 Λογίζομαι
1390 1737 1458 1777 γὰρ,
1476 1752 1488 1763 υ
1513 1738 1594 1778 φησὶ,
1622 1752 1637 1764 σι
1653 1737 1734 1776 μηδὲν
1758 1737 1838 1773 mar;

1078 1783 1152 1812 κέναι
1165 1794 1171 1800 ·
1191 1796 1202 1808 ι
1217 1785 1260 1811 ν’ῠν
1287 1783 1312 1811 δὲ
1339 1782 1601 1822 ἐξουσιαστικώτερον
1624 1778 1717 1819 εἶπεν,
1733 1781 1768 1810 ὃτι
1781 1793 1790 1804 ι
1806 1779 1840 1807 Ολλ

1079 1826 1120 1856 δὲν
1149 1827 1300 1866 ὑστέρησα·
1317 1839 1329 1853 ιο
1353 1827 1485 1856 τουτέστιν
1496 1851 1504 1863 ,
1530 1829 1571 1857 Οὐ
1587 1827 1702 1856 κατόπιν
1720 1822 1788 1862 ἦλθον
1808 1824 1839 1850 τῶτ

1079 1871 1202 1911 μεγάλων
1215 1871 1368 1901 ἀποστόλων
1383 1873 1435 1901 τῶν
1451 1871 1513 1910 περὶ
1534 1871 1649 1911 Πέτρον.
1674 1870 1748 1906 Πλὴν
1764 1868 1801 1898 καὶ
1812 1867 1838 1895 ἒν-

1078 1919 1161 1946 ταῦθα
1184 1919 1230 1945 τοῦ
1247 1916 1342 1945 οἰκείου
1367 1915 1438 1949 ἔθους
1461 1918 1508 1946 οὐκ
1533 1917 1724 1952 ἐπιλέλησται,
1743 1912 1794 1943 ἄλλ’
1811 1912 1838 1940 έπ-

1079 1960 1177 1999 ήγαγεν
1191 1972 1197 1978 ·
1213 1974 1224 1986 «
1243 1961 1276 1990 Εἰ
1293 1960 1339 1989 καὶ
1354 1960 1427 1989 οὐδέν
1450 1962 1515 1999 εἰμι.
1533 1973 1545 1986 ιι
1560 1959 1635 2000 Ὅρα
1650 1960 1677 1990 δὲ
1697 1960 1742 1995 τὴν
1757 1957 1839 1986 σύνεσιν-

1078 2005 1176 2034 Οὐκέτι
1205 2004 1255 2045 γὰρ
1273 2009 1328 2038 τοῖς
1356 2005 1580 2045 ψευδαποστόλοις
1604 2006 1699 2035 ἑαυτὸν
1723 2001 1837 2046 συγκρίχειι

1079 2049 1148 2078 ἀλλὰ
1163 2049 1269 2081 τούτους
1292 2049 1350 2078 οὐδὲ
1367 2050 1444 2089 λόγου
1460 2050 1552 2086 ἀξιῶν,
1568 2053 1622 2083 τοῖς
1639 2048 1786 2079 ἀποστόλοις
1805 2047 1838 2074 ἶσος

1079 2089 1148 2122 εἶναι
1174 2093 1390 2130 διαϐεϐαιοῦται,
1415 2096 1444 2124 ἐκ
1459 2094 1610 2134 περιουσίας
1630 2095 1735 2126 πάντως
1748 2090 1837 2130 κρατῶν

1080 2138 1137 2176 ἅμα
1152 2138 1180 2167 δὲ
1201 2137 1316 2175 δεικνὺς,
1335 2138 1375 2168 ὅτι
1391 2139 1436 2168 καὶ
1458 2139 1517 2173 τοὺς
1540 2139 1703 2172 ἀποστόλους
1724 2136 1837 2175 ὑϐρίζουσθ

1078 2185 1102 2212 οἱ
1121 2183 1270 2222 Κορίνθιοι,
1285 2183 1348 2213 ὅταν
1363 2183 1406 2213 τὸν
1419 2179 1478 2213 ἶσον
1498 2184 1519 2201 ⁴¹
1536 2185 1622 2213 αὐτῶν
1638 2185 1665 2214 ἐν
1681 2183 1795 2220 δευτέροις
1804 2179 1836 2206 τῧν

1040 2251 1065 2282 D
1079 2228 1301 2268 ψευδαποστόλων
1316 2227 1410 2268 ἔχωσι.

1122 2332 1135 2346 ι
1151 2318 1195 2349 Τὰ
1217 2319 1264 2358 μὲν
1285 2323 1385 2357 σημεῖα
1408 2321 1454 2348 τοῦ
1477 2319 1626 2349 ἀποστόλου
1651 2312 1834 2358 κατειργάσθηῆ

1079 2365 1151 2402 ὑμῖν.
1177 2377 1189 2389 ιι
1211 2362 1284 2402 Ἐγὼ
1308 2363 1373 2402 μὲν,
1400 2364 1494 2404 φησὶν,
1515 2363 1588 2394 οὐδέν
1617 2365 1670 2403 εἰμι
1688 2377 1694 2382 -
1724 2361 1751 2392 σὺ
1773 2359 1794 2388 ὃἑ

1078 2411 1156 2438 τοῦτο
1181 2408 1252 2449 ἴδῃς,
1281 2407 1350 2437 ἀλλὰ
1372 2402 1487 2448 πρόσεχε
1516 2408 1556 2438 ὅτι
1582 2409 1656 2438 οὐδὲν
1684 2407 1787 2438 ἐνέλιπον
1801 2402 1833 2449 ff?"

1078 2445 1326 2493 χαρακτηριζόντων
1352 2445 1498 2483 ἀποστολον
1527 2453 1562 2484 ¹².
1600 2453 1694 2492 Tyra;
1719 2451 1764 2490 γὰρ
1787 2445 1833 2482 μάθ’

1078 2509 1153 2536 τυρες
1167 2498 1207 2526 ὅτι
1222 2497 1309 2527 πάντα
1329 2497 1453 2534 ἐποίησα.

1121 2599 1136 2615 ιι
1152 2587 1200 2617 Ἐν
1221 2587 1296 2626 πάσῃ
1319 2590 1455 2628 ὑπομονῇ.
1471 2598 1486 2616 n
1514 2589 1624 2628 Πρῶτος
1645 2584 1771 2628 χαρακτὴρ
1786 2581 1830 2633 εἶτεν

1078 2631 1171 2662 στόλου
1192 2634 1209 2667 ἡ
1232 2632 1373 2670 ὑπομονὴ,
1397 2632 1444 2662 καὶ
1468 2632 1499 2662 τὸ
1515 2633 1603 2662 πάντα
1625 2633 1707 2674 φέρειν
1730 2631 1830 2667 γενναίωεε

1049 2702 1094 2727 31.
1129 2693 1142 2714 ά
1156 2700 1242 2735 Supra
1258 2706 1302 2733 xl,
1321 2702 1349 2727 5.

1043 2758 1183 2787 lectiones
1188 2781 1196 2788 .
