1877 3081
10 134 26 159 7
453 134 628 164 EXPOSITIO
647 135 680 162 ΙΝ
699 135 804 163 EPIST.
825 135 846 162 ll

10 207 51 234 ροι
86 195 125 225 δὲ
147 197 205 233 τήν
233 197 491 238 ταπεινοφροσύνην,
530 198 626 232 πόσους
658 197 808 234 κινδύνους,
824 201 850 232 Α

10 252 88 275 sou;
104 242 271 280 πολέμους,
285 245 338 272 τῶν
356 243 424 280 ἔσω,
440 246 492 273 τῶν
504 243 569 283 ἔξω,
582 243 627 273 διὰ
641 249 704 283 μιᾶς
715 243 814 280 ταύτης

10 286 82 320 ζεως
115 287 300 326 αἰνιξάμενος
324 288 504 328 παρέδραμεν.
519 288 557 319 ιὈ
575 290 623 327 μὲν
647 289 698 328 γὰρ
719 284 750 325 ἦν
762 289 812 318 αὖ·

10 334 19 359 ῖ
38 331 235 371 κατόρθωμα
245 356 253 372 ,
264 333 312 368 τὴν
336 333 472 372 ὑπομονήν
487 345 556 375 φημι
567 356 574 368 ,
592 339 640 375 μιᾷ
662 333 728 368 λέξει
741 330 812 363 εἶπε·

22 375 57 404 δὲ
87 378 159 405 τῶν
183 377 316 415 σημείων,
335 377 404 417 ἅπερ
420 380 466 407 οὐκ
484 374 515 414 ἧν
531 379 610 408 αὐτοῦ
621 400 628 414 ,
646 379 715 407 ἆλλᾶ
729 379 813 418 χάρι-

10 432 19 453 ς
54 422 116 456 τῆς
146 433 201 459 τον
225 422 314 460 Θεοῦ,
342 421 385 451 διὰ
409 422 539 452 πλειόνων
566 421 725 462 ἐξηγήσατο.
757 422 811 453 Καὶ

10 476 61 494 ουε
68 487 75 494 ι

23 521 39 538 α
66 509 127 540 Ἐν
166 511 290 549 σημείοις
311 511 356 541 καὶ
384 510 476 552 τέρασι
500 512 546 542 καὶ
572 512 709 550 δυνάμεσι.
736 525 748 538 ιι
775 512 812 542 Τί

10 554 118 595 εφέρει
147 560 267 594 σημεῖον
282 555 408 594 τέρατος,
429 556 532 596 εἴρηται
550 558 680 597 ἀλλαχοῦ.
706 556 766 587 Ἵνα
783 557 810 586 δὲ

10 607 16 635 ι
36 600 157 639 νομίσῃ
187 612 226 634 τις
246 600 286 630 ὅτι
311 603 395 630 ταῦτα
419 600 464 630 ἐπὶ
490 604 536 631 τοῦ
562 603 707 642 εὐεργετεῖν
731 602 810 640 μόνον

10 657 96 680 mrsu
109 667 120 682 ,
151 645 307 686 προσέθηκε
322 645 346 664 ⁴³
362 645 408 675 καὶ
421 645 452 675 τὸ
466 658 481 674 ιι
497 646 658 684 Δυνάμισιν,
679 661 691 673 η
713 646 749 677 Ἣ
766 646 808 675 δύ-

15 702 66 728 μις
99 689 164 729 γὰρ
198 689 389 729 ἐμφανέστερον
420 690 464 719 καὶ
498 691 528 720 τὸ
554 691 710 721 κολαστικὸν
745 686 811 725 εἶδος

10 735 76 769 ιλοῖ.
107 733 199 775 Ὀρα
229 734 255 763 δὲ
282 734 328 763 καὶ
355 735 469 764 ἐνταῦθα
493 735 588 769 πόσους
615 735 736 776 νεκροὺς,
766 737 810 765 λε-

10 778 91 817 )οὒς,
129 778 269 819 τυφλοὺς,
301 779 510 819 δαιμονιῶντας,
541 780 642 814 πάντας
671 782 810 820 εὐεργετη-

10 824 100 860 ’ντας,
135 823 426 878 ἁπλῶς’,περιέλαϐεν⁸
450 823 577 858 ὡσαύτως
599 824 644 854 καὶ
668 825 727 859 τοὺς
752 837 808 854 σω-
823 847 848 878 Β

89 870 103 878 ,ι
113 868 122 878 1
303 869 311 878 ι
325 867 369 878 ,τις
382 869 389 878 ι

10 868 216 908 μονωθέντας,
232 863 286 902 οἶος
301 867 457 907 ὁἘλύμας.

31 970 49 986 ει
65 959 106 990 Τί
118 960 182 1000 γάρ
208 961 278 990 ἐστιν
299 961 459 998 ὃὴττήθητε
474 961 540 1001 ὑπὲρ
559 961 607 995 τὰς
630 960 725 994 λοιπὰς
745 960 808 1001 Ἐκ-

10 1004 125 1041 iniciam;
155 1016 171 1034 ι)
202 1004 265 1035 Ἵνα
292 1006 329 1045 μή
353 1019 391 1040 τις
413 1006 492 1046 εἴπῃ,
519 1000 559 1035 δτι
575 1005 667 1045 Μέγας
693 1006 740 1044 μὲν
769 1000 808 1040 εἶ,

10 1061 65 1086 μεως
87 1051 121 1079 οὐ
139 1052 266 1080 τοσαῦτα
287 1051 418 1091 εἰργάσω,
438 1050 487 1080 ὅσα
509 1052 533 1080 οἱ
549 1051 691 1080 ἀπόστολοι
706 1051 732 1079 ἐν
752 1053 810 1082 ταῖς

11 1094 92 1128 λλαις
109 1094 310 1132 Ἐκκλησίαις,
335 1096 413 1136 φησί·
434 1107 448 1125 α
472 1096 508 1126 Τί
527 1096 675 1132 ἡττήθητε;
693 1105 707 1123 ιι
736 1106 810 1124 τουτ-

10 1149 64 1175 ﬁt,
79 1139 120 1169 Τί
136 1139 255 1169 ἔλαττον
279 1140 390 1180 ἔσχετες
413 1140 452 1179 μὴ
469 1140 607 1173 ἐλάττονος
625 1139 731 1179 ἐτύχετε
753 1151 807 1179 χα-

12 1182 129 1221 ίοματος
141 1184 224 1224 παρᾶ
235 1184 294 1218 τοὺς
309 1185 431 1221 λοιπούς

39 1242 51 1254 τι
71 1228 107 1258 Εἰ
124 1229 168 1267 μὴ
200 1228 242 1258 ὅτι
268 1229 344 1263 αὐτὸς
371 1229 424 1269 ἐγὼ
451 1231 480 1259 οὖ
509 1229 698 1269 κατενάρκησα
715 1229 807 1267 ὖμῶνς

10 1273 152 1312 ςαρίσασθέ
180 1286 230 1313 μοι
245 1273 292 1310 τὴν
312 1275 416 1304 ἀδικίαν
430 1275 542 1311 ταύτην.
560 1285 575 1303 1)
590 1275 667 1305 Μετὰ
693 1274 808 1314 βαρύτη-

10 1329 40 1351 ὀς
55 1320 165 1354 πολλῆς
194 1322 322 1359 ἐπιτιμᾷ,
335 1319 381 1348 καί
405 1331 500 1360 φησιν,
525 1319 565 1348 ὅτι
590 1320 623 1350 Εἰ
636 1321 715 1349 τοῦτο
730 1320 810 1357 ἐγκα-

10 1367 69 1392 ιεῖτε
79 1386 88 1399 ,
103 1362 147 1394 ὅτι
163 1365 218 1394 οὖκ
232 1364 389 1404 ἐπεϐἄρησα
410 1366 493 1402 ὑμᾶς,
510 1365 570 1393 ἀλλ’
586 1364 729 1397 ἀδαπάνως
744 1365 808 1401 ὑμῖν

10 1407 132 1446 κήρυξι,
148 1408 315 1447 συγγνώμην
340 1410 419 1438 αἰτῶ·
436 1408 584 1448 χαρίσασθέ
609 1421 654 1448 μοι
678 1411 756 1438 τοῦτο
779 1407 808 1436 τὸ

10 1451 172 1492 ἱμάρτημα’
201 1452 260 1492 ἅμα
289 1452 316 1482 δὲ
340 1453 386 1483 καὶ
409 1453 539 1492 ἐγκώμιον
559 1454 665 1484 ἐκείνων
691 1452 809 1493 περιέχει

10 1499 15 1524 ι
37 1497 129 1536 λόγος,
147 1498 175 1527 εἴ
203 1509 234 1536 γε
249 1498 396 1528 ἀδικεῖσθαι
422 1498 561 1537 νομίζουσι
582 1498 651 1538 παρ’
673 1499 751 1528 αὐτοῦ
771 1497 809 1537 μὴ

10 1540 168 1576 ἂξιὼσαντος
180 1542 276 1572 λαϐεῖν
292 1554 318 1572 τι
334 1543 396 1583 παρ’
407 1544 506 1573 αὐτῶν.

48 1598 62 1615 ι(
88 1587 160 1617 Ἰδοὺ
187 1587 277 1627 τρίτον
300 1590 377 1617 τοῦτο
405 1589 516 1626 ἑτοίμως
546 1588 600 1628 ἔχω
636 1589 718 1618 ἐλθεῖν
745 1586 810 1627 πρὸς

10 1630 91 1667 ὓμᾶς,
107 1632 155 1660 καὶ
179 1633 211 1661 οὖ
227 1632 425 1672 καταναρκήσω
451 1634 523 1671 ὑμῶν
534 1645 540 1651 ·
569 1633 598 1662 οὖ
621 1632 674 1672 γὰρ
690 1633 761 1669 ζητῶ
776 1631 808 1660 τὰ

10 1675 94 1712 ὑμῶν,
116 1677 181 1705 ἀλλ’
207 1678 286 1715 ὑμᾶς.
305 1675 366 1707 Ἵνα
391 1676 429 1714 μὴ
445 1677 506 1717 δόξῃ
524 1679 640 1717 συνεχῶς
654 1680 731 1707 τοῦτο
743 1688 809 1716 προ-

10 1718 90 1758 φέρειν
113 1722 222 1757 αὐτοῖς,
247 1723 282 1755 ὡς
298 1721 330 1750 ἂν
344 1722 397 1750 ἀπό
412 1733 441 1760 γε
464 1725 510 1752 τοῦ
524 1725 569 1751 ν’ὗν
595 1722 687 1761 λάϐοι,
714 1721 808 1762 φησὶν,

10 1762 46 1791 ὅτι
60 1766 118 1794 Οὖκ
132 1766 228 1801 ἐπειδὴ
255 1767 285 1795 οὖ
299 1766 450 1804 λαμϐάνω,
472 1767 514 1797 διὰ
537 1770 614 1797 τοῦτο
638 1767 667 1796 οὖ
691 1766 807 1806 παραγί-

11 1820 97 1846 νομαι,
113 1810 186 1840 ἀλλὰ
213 1810 258 1840 καὶ
279 1811 398 1850 δεύτερον
425 1812 630 1852 παρεγενόμην,
652 1811 698 1841 καὶ
722 1811 808 1851 τρίτον

12 1854 231 1893 παρεσκεύασμαι
252 1855 276 1874 ⁸⁸
293 1856 392 1890 ἐλθεῖν,
417 1857 462 1885 καὶ
485 1857 532 1886 οὐκ
551 1856 706 1896 ἐπιϐαρήσω
726 1857 806 1894 ὑμᾶς.

13 1897 59 1925 Διὰ
68 1897 106 1934 τίς
122 1899 186 1939 Οὐχ
212 1898 252 1928 ὅτι
274 1899 421 1936 πλήττεσθε
432 1923 440 1937 ,
457 1900 510 1931 οὐδ’
524 1901 564 1930 ὅτι
584 1903 730 1937 ἀσθενεῖτε,
747 1901 807 1930 ἀλλ’

13 1939 49 1968 ὅτι
63 1943 129 1980 ὑμᾶς
139 1945 231 1981 ζητῶ,
250 1945 279 1973 οὖ
304 1944 337 1973 τὰ
360 1945 452 1983 ὑμῶν,
469 1945 606 1982 τουτέστι,
630 1946 688 1982 Τὴν
711 1945 805 1984 ὑμετέ-

15 1984 58 2023 ράν
71 1988 207 2028 σωτηρίαν
218 1989 264 2018 καὶ
278 1987 325 2022 τὰς
340 1989 426 2029 ψυχὰς
436 2012 444 2026 ,
458 1991 487 2020 οὖ
501 1991 534 2019 τὰ
547 1990 675 2030 χρήματα
688 1990 724 2020 ‘5.

55 2083 67 2098 α
82 2073 121 2101 Οὖ
142 2073 195 2114 γὰρ
214 2074 313 2113 ὀφείλει
334 2073 368 2104 τὰ
383 2074 463 2104 τέκνα
479 2079 532 2109 τοῖς
559 2078 663 2115 γονεῦσι
679 2075 804 2116 θησαυρί-

18 2115 78 2153 ζειν,
98 2118 156 2147 ἀλλ’
167 2121 191 2148 οἱ
214 2124 297 2159 γονεῖς
312 2123 365 2152 τοῖς
387 2120 496 2154 τέκνοις.
514 2133 529 2149 »
544 2120 655 2158 Ἐπειδὴ
682 2121 750 2155 εἰκὸς
767 2115 805 2157 νῆν

20 2160 102 2206 uinci):
124 2164 208 2193 εἰπεῖν
221 2157 228 2182 λ
243 2164 285 2194 Οὐ
306 2163 358 2204 γὰρ
373 2164 456 2198 ἔξεστι
470 2165 516 2195 καὶ
533 2168 603 2205 ἡμᾶς
628 2166 697 2206 ἔχειν
710 2166 734 2185 ⁴⁶
759 2166 805 2196 καὶ
819 2157 846 2190 D

20 2203 50 2250 fat
72 2207 162 2244 ἡμῶν·
185 2207 256 2238 ὥστε
278 2209 328 2248 οὐχ
346 2203 436 2244 νῆδέως
464 2203 594 2240 διάκεισαι
625 2203 690 2250 πρὸς
720 2212 806 2249 ἡμᾶς·

21 2248 58 2277 διὰ
70 2253 142 2282 τοῦτο
165 2253 294 2293 λογισμὸν
310 2252 418 2292 ἐπάγει,
447 2253 487 2283 ὅτι
510 2255 546 2284 Οἱ
567 2248 654 2292 γονεῖς.
672 2254 806 2295 ὀφείλουσι

23 2298 68 2326 τοῖς
92 2295 189 2332 τέκνοις
212 2298 313 2327 διδόναι
329 2309 335 2316 ⁸
354 2298 411 2327 ἀντὶ
436 2301 488 2328 τῶν
511 2299 679 2329 διδασκάλων
695 2299 805 2329 καὶτῶν

24 2339 138 2383 βαβητῶν
159 2341 220 2376 τοὺς
241 2341 359 2382 πατέρας
373 2342 419 2372 καὶ
440 2343 473 2373 τὰ
495 2343 575 2373 τέχνα
599 2343 690 2373 λαϐὼν
711 2344 746 2383 ¹⁷,
759 2344 804 2374 καὶ

25 2380 96 2416 δείξας
121 2384 159 2414 ὅτι
183 2386 290 2427 ὀφειλὴν
314 2380 460 2427 ἐκπληροῖ,
488 2387 533 2418 καὶ
559 2380 744 2429 ἀπαραίτητον
772 2389 803 2419 τὸ

25 2430 133 2466 πρᾶγμα-

63 2482 76 2499 (ι
89 2472 157 2512 Ἐγὼ
185 2475 212 2505 δὲ
244 2476 339 2512 ἥδιστα
366 2477 514 2514 δαπανήσω
546 2478 591 2508 καὶ
620 2478 806 2516 ἐκδαπανηθή-

28 2525 98 2564 σομαι
118 2519 183 2561 ὑπὲρ
209 2523 261 2551 τῶν
287 2524 380 2563 ψυχῶν
403 2524 488 2561 ὑμῶν.
514 2535 529 2553 α
543 2523 632 2563 Ἐγὼ,
653 2525 748 2564 φησὶν,
775 2524 805 2555 οὖ

30 2559 94 2610 ξένον
106 2564 133 2593 οὖ
155 2559 192 2603 μὴ
208 2559 390 2608 magna
406 2559 498 2606 ὑμῶν,
519 2559 589 2597 ἀλλᾶ
603 2559 705 2608 μᾶλλον
727 2559 807 2609 προσ-

31 2603 94 2634 δώσω
105 2618 112 2626 ο
120 2611 194 2639 τοῦτο
204 2611 256 2652 γάρ
268 2614 324 2641 ἐστι
339 2612 369 2641 τὸ
377 2634 385 2649 ,
403 2622 417 2640 (ι
428 2612 594 2649 Δαπανήσω.
605 2623 620 2642 ))
637 2613 691 2644 Καὶ
702 2614 728 2643 τί
737 2615 806 2654 λέγω

865 136 911 163 AD
929 136 1008 165 COR.
1027 152 1062 159 —
1081 139 1155 168 CAP.
1177 141 1230 170 ΧΠ.
1611 147 1661 174 938

862 197 1058 235 humilitatem,
1099 207 1202 238 quanta
1227 204 1312 241 314
1339 206 1468 241 pericula,
1501 212 1664 244 quantaque

867 245 946 280 bella,
971 250 1030 275 tam
1044 247 1160 282 interna,
1176 256 1260 284 quam
1271 254 1396 285 externa,
1410 259 1465 278 una
1480 251 1531 279 hac
1543 253 1663 281 dictione

864 290 1039 319 subindicans
1054 293 1276 327 praetercurrerit.
1299 294 1380 329 Quod
1403 295 1479 323 enim
1504 301 1562 324 erat
1575 297 1663 333 ipsius

866 342 945 370 opus,
966 336 1104 371 patientia,
1127 337 1272 372 nimirum,
1287 339 1366 367 unica
1378 339 1502 368 dictione
1515 342 1660 376 expressit;

865 380 941 415 quod
964 388 1028 409 vero
1048 381 1084 409 ad
1103 381 1178 418 signa
1192 382 1298 417 attinet,
1315 391 1377 420 quae
1392 384 1478 420 ipsius
1501 392 1558 413 non
1570 390 1659 421 erant,

863 424 912 453 sed
929 425 1023 461 gratim
1039 426 1098 461 Dei,
1112 426 1236 462 pluribus
1249 429 1402 464 enarravit;
1417 428 1480 458 audi
1493 429 1587 466 igitur.

902 524 914 537 κ
937 514 968 541 In
990 514 1086 551 signis.
1113 519 1141 544 et
1161 515 1304 552 prodigiis,
1332 519 1359 545 et
1383 516 1539 546 virtutibus.
1558 530 1571 542 ι»
1588 517 1662 554 Quid

863 557 971 586 differat
982 559 1092 595 signum
1106 568 1120 588 a
1134 561 1269 597 prodigio,
1285 561 1349 589 alibi
1361 561 1466 590 dictum
1482 566 1533 591 est.
1543 564 1583 591 Ne
1596 571 1660 591 vero

863 602 998 631 existimet
1011 604 1108 640 aliquis
1128 604 1186 633 haec
1207 605 1241 633 de
1255 605 1320 633 solis
1345 605 1485 634 beneﬁciis
1501 607 1576 636 dicta
1591 615 1662 642 esse,

864 658 877 671 α
893 648 925 674 In
944 647 1091 677 virtutibus
1115 660 1128 674 vo
1146 650 1306 685 appositum
1325 654 1376 678 est.
1404 651 1475 678 Nam
1495 652 1583 680 virtus
1612 660 1661 681 seu

864 693 996 727 potentia,
1026 693 1092 722 illud
1130 694 1212 722 etiam
1232 695 1306 730 quod
1339 695 1471 731 puniendi
1495 697 1550 724 vim
1578 697 1662 725 habet

864 741 957 772 aperte
971 737 1117 773 signiﬁcat.
1138 740 1248 775 Reputa
1262 743 1357 768 autem
1372 740 1427 774 hic,
1443 745 1510 776 quot
1534 741 1590 769 vita
1613 741 1661 770 de-

865 779 982 816 functos,
1010 783 1142 819 leprosos,
1173 791 1271 819 caecos,
1299 784 1476 814 daemonibus
1501 790 1658 822 occupatos,

865 833 960 854 omnes
981 835 997 855 a
1021 835 1052 855 se
1072 827 1215 857 beneﬁciis
1245 828 1372 863 affectos,
1400 829 1562 866 simpliciter
1584 839 1660 859 com-

865 870 1039 906 prehenderit

865 914 982 950 Elymas.

900 961 984 988 Vsus.
1010 964 1051 989 13.
1069 973 1082 986 ιι
1102 962 1174 997 Quid
1195 962 1270 990 enim
1282 967 1326 991 est
1343 961 1419 1000 q'uod
1449 963 1541 992 minus
1565 963 1662 992 habui-

864 1004 912 1032 stis
935 1006 1043 1033 caeteris
1074 1006 1222 1035 Ecclesiis?
1249 1019 1261 1032 ι
1292 1009 1332 1036 Ne
1355 1008 1415 1044 quis
1442 1008 1527 1041 dicat,
1543 1010 1661 1045 Magnus

864 1049 973 1085 quidem
996 1058 1034 1084 es,
1052 1056 1240 1079 verumtamen
1275 1060 1332 1080 non
1357 1056 1433 1081 tanta
1463 1058 1593 1089 operatus
1621 1062 1660 1087 es,

864 1098 967 1129 quanta
990 1096 1106 1131 apostoli
1131 1096 1159 1123 in
1182 1096 1241 1124 aliis
1255 1097 1394 1132 Ecclesiis,
1419 1097 1457 1125 ait
1482 1108 1519 1126 ιιι
1548 1099 1579 1125 In
1605 1105 1661 1134 quo

863 1138 1007 1168 inferiores
1020 1139 1132 1169 fuistis?
1145 1150 1159 1167 »
1178 1140 1230 1169 hoc
1243 1146 1294 1175 est,
1310 1141 1382 1176 Quid
1396 1142 1489 1170 minus
1501 1141 1661 1171 habuistis?

864 1191 931 1211 num
942 1184 1033 1212 minus
1045 1184 1152 1213 donum
1164 1186 1237 1214 nacti
1249 1187 1325 1220 estis,
1342 1194 1426 1223 quam
1449 1187 1562 1216 caeteri?

904 1240 914 1253 ι
943 1229 1003 1257 Nisi
1024 1229 1098 1265 quod
1124 1230 1180 1266 ipse
1201 1238 1252 1267 ego
1276 1239 1333 1259 non
1353 1231 1460 1268 gravavi
1477 1233 1542 1260 vos?
1561 1232 1661 1261 donate

865 1272 932 1300 mihi
957 1273 1027 1301 hanc
1053 1274 1192 1310 injuriam.
1218 1287 1231 1300 an
1254 1276 1353 1312 Magna
1385 1283 1450 1304 cum
1479 1276 1610 1314 gravitate
1634 1281 1662 1305 et

864 1317 1008 1352 asperitate
1032 1319 1169 1355 objurgat,
1192 1320 1327 1356 inquiens,
1357 1321 1385 1348 Si
1414 1321 1467 1349 hoc
1490 1321 1604 1357 culpatis
1631 1321 1661 1350 in

865 1369 920 1395 me,
948 1363 1022 1398 quod
1053 1371 1103 1392 vos
1131 1372 1186 1392 non
1211 1365 1358 1400 gravatim,
1395 1365 1444 1394 sed
1469 1366 1526 1394 sine
1549 1371 1661 1402 sumptu

865 1407 1044 1443 Evangelium
1056 1408 1132 1436 vobis
1145 1409 1352 1444 praedicaverim
1362 1430 1370 1443 ,
1383 1409 1491 1440 veniam
1505 1414 1584 1446 peto;
1597 1419 1662 1438 con-

863 1451 966 1479 donate
980 1452 1045 1480 mihi
1061 1457 1201 1488 peccatum
1216 1453 1277 1482 hoc.
1296 1454 1384 1482 Simul
1398 1458 1490 1482 autem
1501 1455 1660 1483 encomium

862 1495 973 1524 illorum
999 1497 1121 1526 continet
1138 1505 1242 1532 sermo,
1261 1498 1398 1535 siquidem
1422 1499 1522 1535 injuria
1538 1507 1567 1528 se
1586 1499 1659 1528 afﬁci

863 1543 968 1576 putant,
983 1549 1016 1569 eo
1027 1542 1108 1578 "quod
1131 1542 1198 1570 nihil
1216 1543 1296 1570 abiis
1310 1543 1435 1580 accipere
1461 1543 1588 1580 dignatus
1607 1549 1658 1572 est.

898 1586 987 1614 Vsus.
1015 1589 1058 1614 l4.
1075 1599 1089 1611 ιι
1105 1588 1174 1616 Ecce
1195 1587 1254 1624 jam
1281 1589 1362 1616 tertio
1389 1588 1443 1616 hoc
1468 1593 1578 1624 paratus
1598 1597 1660 1617 sum

1068 881 1075 900 :
1100 880 1133 900 ac
1160 872 1254 902 itidem
1285 873 1449 909 catigatos,
1477 875 1569 910 qualis
1603 875 1662 911 ipse

862 1630 954 1658 venire
970 1630 1005 1659 ad
1029 1639 1089 1664 vos,
1105 1636 1132 1659 et
1159 1640 1214 1660 non
1239 1640 1286 1660 ero
1305 1633 1396 1669 gravis
1411 1633 1505 1666 vobis;
1519 1641 1575 1661 non
1587 1634 1660 1662 enim

861 1682 957 1710 quaero
968 1683 1031 1712 qua
1045 1680 1134 1704 vestra
1145 1681 1220 1710 sunt,
1234 1677 1284 1705 sed
1305 1685 1364 1705 vos.
1382 1689 1396 1702 ν
1411 1679 1453 1706 Ne
1467 1677 1595 1706 videatur
1609 1678 1662 1706 hoc

862 1719 989 1747 continuo
1011 1720 1133 1756 proferre
1165 1721 1240 1756 ipsis,
1265 1722 1342 1758 quasi
1369 1722 1482 1758 posthac
1500 1726 1662 1758 accepturus

861 1763 897 1791 sit
910 1764 1068 1800 quidquam,
1084 1765 1123 1792 ait
1148 1775 1154 1791 :
1180 1767 1242 1793 Non
1263 1770 1409 1802 propterea
1424 1767 1499 1802 quod
1516 1775 1574 1795 non
1592 1767 1661 1795 acci-

862 1808 935 1843 piam
951 1817 1013 1837 eam
1024 1809 1060 1837 ob
1074 1817 1186 1837 causam
1197 1810 1232 1838 ad
1247 1818 1295 1838 vos
1311 1818 1368 1838 non
1382 1810 1462 1839 venio
1477 1820 1483 1838 :
1498 1811 1565 1847 quin
1577 1812 1660 1839 etiam

861 1853 981 1881 secundo
995 1854 1084 1888 invisi,
1099 1861 1131 1881 ac
1146 1854 1228 1882 tertio
1246 1854 1306 1890 jam
1326 1859 1439 1890 paratus
1461 1863 1525 1883 sum
1553 1854 1590 1883 ad
1613 1863 1661 1883 vos

867 1897 1001 1933 proﬁcisci
1022 1905 1072 1926 nec
1100 1898 1254 1934 aggravabo
1281 1906 1340 1926 vos.
1370 1899 1574 1933 Quamobrem?
1597 1901 1660 1927 Non

861 1941 925 1977 quia
952 1942 1104 1977 terremini,
1134 1950 1223 1978 neque
1257 1943 1333 1979 quod
1366 1943 1471 1971 inﬁrmi
1503 1943 1573 1976 sitis,
1612 1943 1659 1972 sed

860 1986 924 2021 quia
947 1994 1005 2014 non
1026 1991 1127 2021 vestra,
1152 1987 1200 2015 sed
1225 1994 1273 2015 vos
1297 1987 1372 2023 ipsos
1395 1995 1501 2023 quaero,
1528 1987 1582 2015 hoc
1607 1992 1657 2023 est,

860 2031 985 2058 Vestram
998 2031 1116 2059 salutem
1129 2035 1156 2060 et
1170 2031 1290 2065 animas,
1303 2040 1359 2060 non
1376 2032 1515 2068 pecunias.

896 2086 909 2100 ι
933 2077 995 2104 Non
1010 2076 1084 2104 enim
1098 2076 1201 2104 debent
1216 2076 1262 2104 ﬁlii
1278 2077 1435 2112 parentibus
1457 2076 1658 2112 thesaurizare,

860 2120 908 2148 sed
920 2125 1048 2156 parentes
1063 2121 1135 2148 ﬁliis.
1155 2134 1166 2146 ιι
1178 2121 1248 2157 Quia
1263 2121 1409 2150 verisimile
1424 2126 1483 2149 erat
1495 2129 1544 2149 eos
1556 2121 1658 2156 dicere,

864 2166 926 2193 Non
939 2166 1012 2193 enim
1025 2165 1099 2200 licet,
1119 2170 1149 2194 ut
1172 2170 1200 2194 et
1223 2174 1274 2194 nos
1290 2170 1317 2194 et
1344 2170 1439 2194 nostra
1460 2166 1570 2200 habeas,
1586 2166 1660 2194 ideo-

863 2217 915 2246 que
929 2217 1003 2246 aegro
1018 2218 1071 2238 nos
1083 2218 1147 2246 erga
1156 2210 1248 2239 animo
1264 2210 1379 2238 affectus
1402 2219 1445 2244 es;
1470 2214 1581 2246 propter
1601 2211 1658 2238 hoc

862 2254 1102 2283 ratiocinationem
1115 2254 1199 2283 infert
1222 2264 1229 2283 :
1251 2257 1400 2283 Parentum
1414 2259 1456 2283 est
1471 2255 1564 2283 liberis
1578 2255 1655 2289 dare,

862 2307 911 2335 pro
927 2299 1141 2335 praeceptoribus
1150 2307 1182 2327 ac
1201 2299 1356 2336 discispulis
1368 2303 1494 2336 parentes
1513 2307 1547 2328 ac
1559 2299 1661 2328 liberos

859 2343 995 2380 accipiens
1021 2355 1027 2372 :
1055 2344 1173 2373 innuens
1195 2344 1232 2372 ita
1257 2352 1286 2373 se
1315 2344 1441 2373 debitum
1466 2344 1660 2380 negotiumque

862 2388 1039 2416 irrecusabile
1061 2389 1179 2425 explere.

897 2483 986 2512 Vnus.
1006 2486 1048 2511 15.
1063 2494 1075 2507 ι
1092 2484 1148 2520 Ego
1156 2482 1624 2519 autemlubentissimeimpendam,
1634 2487 1663 2512 et

862 2528 1088 2565 superimpendar
1100 2536 1149 2564 pro
1172 2528 1314 2556 animabus
1329 2528 1435 2556 vestris.
1453 2539 1466 2553 ν
1482 2529 1550 2564 Ego,
1565 2528 1663 2564 inquit.

861 2581 917 2601 non
938 2573 1029 2601 solum
1050 2581 1107 2601 non
1129 2573 1260 2609 accipiam
1274 2581 1289 2602 a
1307 2573 1392 2609 315
1409 2572 1497 2607 vobis,
1509 2572 1557 2600 sed
1570 2572 1664 2609 potius

860 2618 971 2653 addam,
994 2617 1022 2646 id
1039 2618 1112 2646 enim
1128 2621 1172 2646 est
1184 2617 1260 2654 quod
1286 2617 1334 2652 ait,
1351 2629 1365 2643 ι
1387 2616 1561 2653 lmpendam.
1588 2627 1601 2641 ι)
1628 2616 1664 2643 Et

701 2677 796 2708 Variae
806 2715 810 2718 η
819 2679 968 2710 lectiones.
1004 2704 1011 2709 .

63 2738 209 2787 1³ξτράλιειτῖσιι
224 2754 250 2775 ο.
289 2746 310 2764 ¹⁴
329 2747 548 2784 παρεσκευασάμην
561 2755 589 2776 o.
627 2748 648 2766 ¹⁵
664 2748 722 2775 ἀλλ’
743 2749 784 2777 ὅτι
804 2750 867 2787 ὓμᾶς
890 2752 967 2784 ζητῶ,
983 2749 1104 2784 τουτέστι,
1120 2747 1165 2782 τὴν
1187 2747 1305 2785 ὑμετέραν
1328 2747 1469 2783 σωτηρίαν,
1487 2745 1516 2773 οὺ
1534 2745 1564 2773 τὰ
1579 2745 1649 2781 ἱερῶν

39 2782 144 2816 τουτέστι,
157 2785 186 2811 τὰ
200 2787 316 2823 χρήματα
335 2782 370 2816 οξ
402 2789 422 2805 ¹⁶
436 2789 477 2815 καὶ
491 2782 553 2825 ὗμᾶς
571 2788 639 2825 ἔχειν
653 2789 772 2827 τὰ-ἡμῶν
784 2799 808 2819 o.
821 2782 826 2787 I
850 2790 870 2808 Π
886 2782 1034 2827 μεταλαϐὼν
1047 2799 1075 2819 ο.

158 2830 275 2861 Panos.
294 2833 342 2861 Gn.
361 2833 469 2862 CXXIV.

1467 2833 1502 2861 30
