1877 3081
31 170 72 196 941
441 169 616 197 EXPOSITIO
635 169 668 197 IN
688 170 794 198 EPIST.
815 171 818 198 Ι

923 172 1002 200 COR.
1024 187 1057 192 —
1076 173 1152 200 CAP.
1173 173 1225 200 XII.

67 245 78 256 «ι
97 230 137 261 Τὰ
148 231 173 260 δὲ
190 230 276 260 πάντα
288 231 322 266 ²³,
341 232 493 270 ἀγαπητοὶ,
522 231 588 271 ὑπὲρ
611 233 659 268 τῆς
682 233 756 271 ὑμῶν
771 234 808 263 οἶ·
825 237 854 268 Α

30 277 143 313 κοδομῆς.
160 288 171 301 ι
185 275 247 306 Οὐκ
272 271 359 312 εἶπεν,
376 276 417 305 ὅτι
444 277 495 306 Διᾶ
520 280 595 306 τοῦτο
614 279 699 306 ταῦτα
725 278 813 306 πάντα

30 320 146 357 ἐποίησα,
161 320 205 349 καὶ
235 321 283 349 οὐκ
299 320 413 359 ὓκαϐον,
436 321 502 350 διότι
516 321 590 358 ὑμεῖς
612 322 671 351 ἐστε
697 323 814 355 ἀσθενεῖς

31 365 174 403 (πληκτικὸν
199 364 250 405 γὰρ
274 367 352 394 τοῦτο
362 365 385 404 ),
408 365 490 404 ἀλλὰ,
507 365 558 395 Διὰ
573 365 622 401 τὴν
647 367 720 405 ὖμῶν
745 368 813 397 οἰχο-

29 410 114 448 δομήν.
130 409 187 440 Ἵνα
198 409 266 450 γὰρ,
284 411 359 450 φησι,
373 410 409 448 μὴ
427 410 634 446 σκανδαλίζησθε
648 412 689 440 ἐπ’
700 411 725 430 ²⁵
740 411 812 450 ἐμοὶ,

29 455 66 483 διὰ
97 457 170 484 τοῦτο
200 455 248 484 οὐκ
275 453 392 492 ἔλαϐον,
425 454 491 495 ὑπὲρ
505 457 552 491 τῆς
581 455 709 496 ὑμετέρας
743 457 813 497 ὠφε-

29 499 92 532 λείας
105 498 140 530 ²⁵.

68 555 82 572 ιι
105 543 248 583 Φοϐοῦμαι
272 543 323 585 γὰρ
350 544 444 583 μήπως
473 544 554 574 ἐλθὼν
582 546 632 585 οὐχ
657 544 725 579 οἵους
747 546 813 575 θέλω

29 587 89 627 εὕρω
113 590 199 628 ὑμᾶς,
226 588 302 628 κάγὼ
330 591 428 629 εὑρεθῶ
459 591 520 628 ὓμῖν
547 584 655 620 οἶονγοῦ
682 590 809 620 θέλετε.»

29 632 35 642 ί
75 637 91 644 ~
255 634 262 645 Ι
449 634 457 645 Ι
527 633 537 644 1

38 635 103 673 Ope};
136 635 295 671 κηδεμονιαν
339 646 490 674 πατρικην,
536 635 617 664 Λλλοι
641 635 812 675 ἡμάρτανον,

30 678 70 706 καὶ
81 679 182 712 Παῦλος
195 678 315 718 ἐῳοϐεῖτο
328 678 354 696 ²⁶
367 690 373 696 “
389 679 436 708 καὶ
459 677 519 709 οὐδὲ
541 679 717 720 ἀποφαίνεται
727 703 736 718 ,
753 681 813 710 ἀλλ’

30 722 144 757 ἐνδοιάζει
167 722 225 752 ἔτι·
244 734 258 751 ι(
287 724 409 761 Μήτι-ως,
430 735 445 752 ))
462 724 559 764 φησὶν,
590 735 604 752 σ
630 724 712 753 ἐλθὼν
748 725 815 765 εὕρω

30 768 72 807 οὐχ
95 768 161 801 οἵους
181 768 250 798 θέλω
275 770 344 806 ὑμᾶς
370 783 394 805 ιι,
417 769 556 805 τουτέστι,
596 769 816 809 διεφθαρμένους’

30 813 82 848 καὶ,
99 824 111 840 ε
128 814 226 852 εὑρεθῶ
237 812 313 852 κάγὼ
327 825 341 843 ι)
362 813 388 848 ἐξ
401 814 518 854 ἀνάγκης
536 824 551 842 α
565 809 618 843 οἶον
632 814 661 843 οὒ
678 814 775 852 θέλετε,
800 826 814 843 ι

30 856 153 894 taurini,
166 857 282 898 τιμωρὸς
295 858 340 888 καὶ
356 858 498 894 κολαστής.

66 961 77 974 α
94 947 138 985 Μή
154 961 212 982 πως
228 948 296 988 ἔρις,
314 951 405 985 ζῆλοι,
434 950 527 989 θυμοὶ,
550 951 674 990 ἐριθεῖαι,
695 951 817 980 καταλα-

31 993 93 1031 λιαὶ,
116 993 288 1033 ψιθυρισμοὶ,
305 993 446 1034 φυσιώσεις
457 1017 466 1033 ,
482 995 688 1025 ἀκαταστασίαι.
706 1009 718 1021 ιο
738 997 819 1036 Πρῶ-

31 1049 68 1066 τον
88 1037 178 1076 ἔμελλε
206 1038 304 1067 τιθέναι
327 1039 374 1072 τὰς
397 1039 552 1079 φυσιώσεις·
577 1039 634 1069 κατ’
662 1041 744 1069 αὐτοῦ
767 1040 818 1080 γὰρ

31 1081 212 1117 ἠλαζονεύοντο
223 1094 229 1101 ·
254 1083 315 1112 ἀλλ’
329 1082 401 1122 ὅμως
415 1082 459 1112 ἵνα
475 1083 512 1122 μὴ
535 1083 596 1124 δόξῃ
611 1083 641 1114 τὸ
662 1086 757 1114 ἑαυτοῦ
775 1086 819 1120 ζη-

32 1131 97 1163 τεῖν,
123 1127 151 1156 τὸ
176 1127 264 1157 κοινὸν
280 1128 350 1166 λέγει
374 1130 489 1168 πρῶτον.
511 1127 576 1158 Ἀπὸ
601 1128 652 1169 γὰρ
677 1131 722 1158 τοῦ
740 1128 819 1164 ζήλου

33 1170 72 1200 καὶ
92 1173 135 1207 τῆς
158 1172 308 1211 βασκανίας
330 1172 419 1202 πάντα
435 1173 519 1202 τᾶλλα
535 1172 652 1203 ἐτίκτετο
668 1185 674 1192 ·
696 1173 742 1204 καὶ
763 1174 818 1204 ποί-

33 1217 68 1244 λιν
96 1216 155 1257 παρ’
183 1217 291 1246 ἐκείνων
324 1218 338 1246 ὃ
365 1219 441 1253 ζῆλος
469 1218 611 1253 ἄνήπτετο.
644 1218 765 1259 Ἐριθεία
793 1219 820 1248 δὲ

33 1261 146 1300 λέγεται,
172 1260 237 1290 ὅταν
261 1273 300 1295 τις
315 1261 373 1291 κατ’
397 1262 450 1299 ἔριν
473 1263 642 1302 προκαλῆταί
656 1275 713 1292 τινα
728 1263 753 1282 ²⁷
778 1263 820 1293 ἐπὶ

35 1306 85 1334 τάδε
98 1318 131 1336 τι.
148 1307 321 1346 Ψιθυρισμὸν
347 1306 375 1336 δέ
397 1318 462 1347 φησι
486 1307 534 1342 τὴν
561 1307 705 1344 διαϐολήν·
722 1308 822 1348 φυσιώ-

35 1361 80 1383 σεις
91 1350 115 1379 δὲ
136 1350 169 1380 τὰ
192 1351 338 1385 ἀλαζονικὰ
361 1351 406 1381 καὶ
431 1351 620 1392 πεφυσιωμένα
642 1352 693 1388 ἤθη
775 1352 821 1382 καὶ

35 1393 89 1424 ὅταν
109 1396 142 1429 εἰς
161 1395 241 1436 φύσιν
267 1398 388 1435 καταστῇ
414 1408 465 1426 τινι
491 1397 619 1433 ἡοῖησις.
645 1399 714 1427 Κατ’
741 1398 822 1426 αὐτοῦ

35 1439 78 1478 γὰρ
91 1440 257 1480 ἐπαιρόμενοι
272 1440 331 1473 τοὺς
348 1441 574 1481 ψευδαποστόλους
590 1442 699 1480 ἐτίμων.

1610 172 1662 199 942

906 246 918 258 α
941 235 1007 262 [Iazc
1031 238 1125 262 autem
1138 235 1239 266 omnia,
1255 233 1357 269 dilecti,
1373 238 1483 270 propter
1503 234 1662 262 mdiﬁcatio-

866 287 934 307 nem
960 283 1091 307 vestram.
1117 290 1127 303 ιι
1157 279 1219 307 Non
1248 278 1326 312 dixit,
1341 279 1486 314 Propterea
1500 279 1558 306 hanc
1572 279 1663 307 omnia

869 323 930 358 feci,
957 328 984 351 et
1010 323 1076 352 nihil
1093 324 1197 359 accepi,
1220 323 1284 359 quia
1311 331 1360 351 vos
1377 323 1478 350 inﬁrmi
1503 323 1585 357 estis;
1611 324 1665 352 hoc

867 369 940 396 enim
970 376 1096 405 asperum
1129 368 1224 396 fuisset
1255 375 1286 395 ac
1312 367 1437 396 durum:
1463 367 1523 401 sed,
1552 369 1667 404 Propter

867 418 986 442 vestram
997 413 1214 442 aediﬁcationem.
1230 413 1269 441 Ut
1282 412 1366 446 enim,
1384 412 1482 448 inquit,
1500 420 1557 440 non
1574 411 1665 440 offen-

867 458 973 487 damini
989 458 1017 486 in
1043 466 1099 492 me,
1131 462 1274 494 eapropter
1293 465 1349 485 non
1370 457 1472 492 accepi,
1496 456 1531 484 οι)
1546 461 1666 484 vestram

869 511 968 539 nempe
984 503 1141 532 utilitatem.

903 554 992 581 Vens.
1010 555 1053 580 20.
1083 565 1093 575 -
1119 552 1220 581 Timeo
1239 552 1314 580 enim
1331 559 1365 579 ne
1378 550 1449 580 forte
1471 559 1535 580 cum
1556 559 1666 585 venero,

867 605 924 626 non
944 597 1039 634 quales
1055 597 1116 626 volo
1141 605 1188 625 vos
1210 597 1360 630 inveniam;
1385 601 1413 624 et
1435 604 1486 633 ego
1508 596 1627 624 inveniar
1641 596 1669 624 in

868 642 956 677 vobis,
976 650 1033 671 non
1058 642 1167 679 qualem
1187 649 1235 670 vos
1256 641 1348 670 vultis.
1370 653 1384 666 ν
1411 641 1507 669 Viden’
1527 646 1668 678 paternam

867 689 983 716 curam?
1001 687 1055 715 Alii
1086 690 1241 723 pecearunt,
1271 690 1299 714 et
1315 685 1416 714 Paulus
1437 686 1554 720 metuit;
1580 693 1668 722 neque

867 736 943 760 certo
971 731 1124 769 quidquam
1137 732 1245 765 asserit,
1265 730 1315 758 sed
1340 730 1449 759 dubitat
1475 730 1574 758 adhuc.
1595 741 1607 756 ιι
1627 731 1668 758 Ne

869 776 950 810 forte,
980 788 991 800 υ
1011 775 1108 811 inquit,
1133 786 1145 799 α
1175 783 1238 802 eum
1258 782 1369 809 venero,
1395 782 1451 802 non
1469 774 1561 810 quales
1586 774 1669 802 velim

869 829 918 849 vos
931 820 1082 854 inveniam,
1103 831 1114 845 υ
1139 819 1192 848 hoc
1208 823 1259 853 est,
1275 823 1419 856 corruptos
1439 829 1445 847 :
1471 823 1497 846 et
1517 831 1529 843 α
1548 818 1670 846 inveniar

869 873 920 903 ego
945 878 957 890 υ
984 865 1138 894 necessario
1165 877 1177 889 ιι
1194 864 1303 900 qualem
1318 872 1374 892 non
1395 863 1488 899 vultis,
1514 875 1526 888 ν
1546 863 1598 892 hoc
1614 867 1667 898 est,

832 915 855 947 Β
875 912 948 939 ultor
956 915 982 939 et
995 911 1117 947 punitor.

911 968 923 981 ι
950 957 991 984 Ne
1007 963 1062 991 quo
1086 954 1169 983 modo
1184 955 1385 989 contentiones,
1398 953 1595 987 aemulationes,
1610 953 1670 988 irae,

872 1000 1100 1032 concertationes,
1117 999 1306 1033 detractiones,
1321 999 1538 1032 susurrationes,
1551 998 1671 1026 inﬂatio-

873 1053 934 1079 nes,
945 1043 1101 1073 seditiones.
1115 1055 1128 1068 ι»
1139 1043 1264 1072 Primum
1277 1044 1416 1079 positurus
1425 1047 1483 1071 erat
1495 1042 1650 1071 inﬂationes
1661 1051 1669 1076 ς

873 1089 1003 1118 adversus
1027 1089 1118 1125 ipsum
1137 1088 1211 1116 enim
1239 1093 1397 1125 arrogantes
1422 1092 1502 1116 erant
1522 1098 1528 1115 :
1549 1091 1672 1116 attamen

873 1142 908 1162 ne
922 1133 1045 1161 videatur
1059 1140 1121 1169 quae
1142 1140 1190 1161 sua
1205 1137 1268 1160 sunt
1285 1140 1417 1168 quaerere,
1432 1131 1507 1168 quod
1524 1139 1672 1160 commune

875 1183 926 1212 est,
941 1178 1061 1214 primum
1079 1177 1151 1206 dicit.
1170 1177 1214 1205 Ab
1239 1177 1414 1206 mmulatioue
1434 1177 1507 1205 enim
1529 1181 1556 1205 et
1572 1176 1673 1204 invidia

875 1223 968 1251 omnia
981 1223 1032 1250 alia
1053 1222 1246 1257 nascebantur,
1259 1230 1290 1250 ac
1300 1230 1411 1250 rursum
1425 1222 1459 1250 ab
1470 1221 1521 1249 illis
1535 1221 1673 1250 aemulatio

875 1267 1086 1296 accendebatur.
1121 1267 1297 1296 Concertatio
1315 1271 1408 1295 autem
1431 1267 1539 1300 dicitur,
1563 1266 1673 1302 quando

876 1313 1023 1350 quisquam
1047 1321 1094 1348 per
1122 1312 1201 1340 litem
1234 1316 1365 1348 provocat
1391 1312 1510 1340 alterum
1538 1319 1619 1348 super
1645 1319 1674 1339 re

877 1358 1014 1394 quapiam.
1037 1357 1258 1385 Susurrationcln
1283 1361 1375 1384 autem
1399 1356 1567 1384 calumniam
1584 1360 1673 1384 vocat.

876 1402 1033 1430 lntlationcs
1061 1410 1135 1436 vero,
1158 1409 1220 1438 quae
1243 1401 1277 1429 ad
1301 1401 1514 1429 ostentationem
1543 1405 1571 1429 et
1595 1409 1674 1428 arro-

877 1447 999 1483 gantiam
1024 1446 1138 1483 spirant,
1164 1446 1341 1482 tumidosque
1365 1454 1467 1480 mores,
1496 1445 1536 1473 vel
1564 1445 1675 1481 quando

37 1496 80 1516 ceu
93 1489 121 1517 in
142 1494 272 1518 naturam
294 1489 444 1526 quamdam
465 1495 557 1518 tumor
583 1491 731 1519 translatus
744 1490 835 1519 fuerit.
855 1492 994 1520 Adversus
1017 1492 1107 1527 ipsum
1129 1492 1203 1519 enim
1220 1491 1295 1526 elati,
1311 1490 1538 1527 pseudapostolos
1552 1490 1671 1518 honora-

36 1532 104 1562 bant.
145 1543 155 1559 :—.

74 1592 85 1605 ι
100 1579 145 1616 Μὴ
169 1579 253 1609 πάλιν
279 1579 387 1610 ἐλθόντα
414 1592 447 1619 με
462 1580 614 1621 ταπεινώσῃ
638 1583 652 1610 ὁ
677 1581 744 1614 Θεός
770 1593 818 1620 μου

912 1584 997 1611 Vens.
1020 1585 1066 1610 21.
1090 1594 1102 1606 (ι
1121 1583 1163 1610 Ne
1185 1581 1283 1609 iterum
1307 1589 1370 1609 cum
1388 1588 1489 1609 venero
1506 1580 1540 1608 ad
1555 1588 1613 1615 vos,
1624 1579 1677 1608 hu-

37 1623 92 1663 πρὸς
115 1626 191 1663 ea“.
221 1635 236 1653 ι)
261 1624 418 1662 Τουτέστιν,
442 1625 529 1665 Ἀρκεῖ
556 1626 589 1655 τὰ
615 1624 746 1666 πρότερα·
773 1638 822 1666 φο-

38 1667 123 1706 ϐοῦμαι
143 1669 170 1698 δὲ
187 1668 228 1707 μή
243 1681 299 1703 πως
325 1669 406 1699 ἐλθὼν
429 1669 588 1708 ἀναγκασθῶ
604 1671 741 1710 αὐστηρῶς
761 1672 822 1709 ὑμῖν

37 1713 182 1752 χρήσασθαι.
200 1713 371 1743 Ταπείνωσιν
387 1713 439 1754 γὰρ
453 1717 530 1744 τοῦτο
544 1716 637 1751 καλεῖ,
662 1715 692 1743 τὸ
710 1716 823 1745 κολάσαι

37 1757 99 1791 τινὰς
111 1759 191 1794 ὅλως,
212 1759 330 1798 καίτοιγε
357 1760 381 1788 οἱ
402 1758 495 1788 πολλοὶ
516 1759 591 1792 δόξαν
621 1760 723 1798 μᾶλλον
749 1762 824 1789 τοῦτο

39 1801 140 1841 ἔχουσιν.
155 1803 217 1832 Οὖκ
233 1798 291 1832 εἶπε
312 1802 355 1840 δὲ,
369 1803 419 1839 Μὴ
440 1805 613 1840 ταπεινωθῶ,
639 1803 726 1840 ἀλλὰ,
746 1818 757 1830 ι(
780 1804 823 1840 Μὴ

38 1847 176 1888 ταπεινώσῃ
203 1859 237 1886 με
252 1849 265 1876 ὁ
280 1847 349 1881 Θεός
363 1859 370 1866 ·
388 1862 399 1874 ιι
417 1848 541 1877 δεικνύων
567 1848 607 1877 ὅτι
632 1848 674 1877 διὰ
695 1848 738 1877 τὸν
756 1848 824 1877 Θεὸν

39 1891 78 1919 καὶ
96 1896 168 1922 τοῦτο
183 1892 276 1931 μέλλει
292 1893 376 1921 ποιεῖν
388 1891 414 1911 ²⁸
426 1902 432 1910 ·
448 1893 494 1922 καὶ
515 1893 537 1922 εἷ
554 1892 591 1931 μὴ
606 1888 637 1929 ἦν
653 1893 679 1921 ἓν
696 1894 734 1932 τῷ
750 1893 824 1933 μέσῳ

38 1936 123 1970 δΘεὸς
144 1937 189 1966 καὶ
206 1937 237 1966 τὸ
256 1938 336 1966 αὐτοῦ
365 1937 544 1977 πρόσταγμα,
571 1938 617 1967 οὐκ
645 1938 676 1966 ἂν
697 1938 825 1978 αὐστηρὸς

39 1980 112 2019 ἐφάνη
127 1981 169 2021 ἀφ’
185 1983 292 2011 ἑαυτοῦ.
313 1982 354 2012 Τὸ
376 1983 423 2016 δὲ,
436 1996 447 2009 ιι
463 1981 498 2012 Ὁ
521 1982 590 2016 Θεός
606 1994 656 2021 μου
668 2005 676 2019 ,
693 1994 706 2011 ι)
729 1982 825 2017 εἰπὼν,

39 2025 79 2059 τὴν
91 2025 182 2062 διακαῆ
196 2026 303 2066 ἀγάπην
315 2028 394 2056 αὐτοῦ
407 2027 483 2063 δηλοῖ
493 2027 556 2068 πρὸς
568 2027 612 2056 τὸν
628 2027 708 2057 Θεόν.

75 2126 89 2144 α
107 2115 158 2146 Καὶ
182 2115 307 2152 πενθήσω
334 2116 446 2150 πολλοὺς
478 2118 530 2146 τῶν
554 2116 824 2157 προημαρτηκότων,

40 2159 79 2188 καὶ
96 2160 130 2198 μὴ
146 2161 367 2199 μετανοησάντων
384 2161 434 2202 ,ἐπὶ
448 2163 480 2201 τῇ
503 2162 653 2202 ἀκαθαρσία
664 2184 673 2200 ,
696 2161 742 2191 καὶ
761 2173 827 2202 πορ-

40 2204 102 2244 νεία,
129 2208 173 2234 καὶ
208 2206 351 2246 ἀσελγείᾳ,
434 2205 559 2245 ἔπραξαν.
589 2201 697 2246 νὍρα
725 2206 758 2236 τὰ
782 2201 827 2236 τοῦ

881 1627 970 1655 miliet
992 1635 1035 1655 me
1059 1628 1134 1654 Deus
1163 1625 1236 1662 apud
1253 1634 1310 1654 vos.
1340 1637 1352 1650 ιι
1373 1626 1434 1654 Hoc
1457 1629 1509 1658 est,
1534 1624 1681 1653 Sufﬁciunt

877 1672 977 1707 priora.
993 1673 1086 1700 Metuo
1105 1675 1210 1705 autem,
1229 1679 1264 1698 ne
1281 1671 1340 1707 jam
1355 1670 1463 1698 veniens
1480 1676 1564 1704 cogar
1585 1673 1678 1698 auste-

877 1717 935 1744 rius
968 1715 1108 1744 vobiscum
1135 1723 1232 1751 agere;
1261 1715 1480 1743 humiliationem
1519 1714 1590 1742 enim
1626 1714 1679 1742 hoc

876 1765 966 1795 vocat,
989 1760 1062 1797 quod
1085 1761 1200 1788 omnino
1243 1760 1279 1787 sit
1306 1760 1457 1795 puniturus;
1473 1759 1588 1794 aliquos,
1618 1759 1680 1786 licet

879 1804 957 1832 multi
973 1804 1045 1831 istud
1060 1803 1176 1839 gloriam
1191 1811 1250 1831 esse
1264 1807 1385 1830 censent.
1404 1804 1467 1831 Non
1488 1802 1556 1830 dixit
1573 1806 1679 1837 autem,

878 1849 919 1876 Ne
939 1848 1068 1876 humilier
1089 1857 1095 1875 :
1114 1855 1221 1880 verum,
1245 1858 1257 1871 α
1287 1847 1327 1874 Ne
1342 1846 1466 1874 humiliet
1490 1854 1535 1874 me
1561 1848 1647 1878 Deus,
1663 1858 1678 1871 π

880 1893 1003 1921 indicans
1022 1892 1098 1928 quod
1123 1892 1173 1920 Dei
1201 1899 1283 1919 causa
1311 1891 1381 1919 istuc
1405 1890 1527 1918 facturus
1549 1890 1595 1918 sit.
1621 1890 1681 1918 Nisi

879 1939 953 1967 enim
974 1939 1163 1967 intervertisset
1181 1940 1267 1972 Deus,
1296 1937 1436 1973 ipsiusque
1461 1935 1636 1970 mandatum,
1664 1945 1680 1964 a

880 1984 970 2020 seipso
995 1991 1052 2012 non
1079 1984 1116 2011 ita
1149 1987 1274 2011 austerus
1302 1985 1383 2010 esset.
1408 1981 1488 2017 Quod
1518 1985 1609 2009 autem
1629 1981 1679 2014 ait.

882 2039 895 2052 α
917 2029 992 2056 Deus
1017 2036 1106 2062 meus,
1125 2039 1136 2052 ιν
1174 2027 1316 2056 ardentem
1345 2026 1403 2062 ejus
1428 2025 1586 2053 charitatem
1614 2033 1679 2060 erga

881 2073 973 2100 Deum
1001 2072 1110 2100 indicat.

919 2129 932 2142 «ι
959 2119 994 2145 Et
1021 2117 1128 2153 lugeam
1155 2116 1268 2150 multos,
1288 2124 1322 2144 ex
1344 2115 1388 2144 his
1406 2114 1452 2152 qui
1471 2118 1534 2142 ante
1553 2121 1681 2149 peccave-

881 2167 955 2197 runt,
967 2167 1056 2191 etnon
1069 2167 1186 2199 egerunt
1199 2160 1387 2198 paenitentiam
1396 2168 1479 2196 super
1490 2158 1682 2192 immunditia,

881 2213 909 2236 et
926 2207 1120 2242 fornicatione,
1133 2211 1161 2235 et
1184 2205 1366 2242 impudicitia,
1388 2212 1472 2240 quam
1491 2208 1643 2240 gesserunt.
1670 2215 1683 2228 ιο

42 2249 176 2279 ἀποστόλου
192 2250 352 2290 σπλάγινα,
377 2252 433 2284 πῶς
454 2250 520 2290 ὓπὲρ
534 2246 570 2280 ὧν
588 2251 664 2280 ἄλλοι
686 2251 809 2281 πταίουσι

909 2255 951 2284 ide
965 2255 1142 2290 apostolicam
1157 2253 1383 2288 misericordiam,
1401 2252 1541 2288 quomodo
1557 2259 1605 2288 pro
1617 2251 1683 2280 alio-

42 2297 129 2325 πενθεῖ.
145 2295 202 2324 Οὐκ
217 2290 274 2324 εἷπε
291 2294 334 2331 δὲ,
352 2295 472 2332 Πάντας,
483 2295 550 2325 ἀλλὰ
560 2318 568 2332 ,
583 2309 596 2321 ‹‹
610 2295 729 2330 Πολλούς
741 2308 747 2314 ·
760 2309 772 2322 ιι
782 2295 828 2325 καὶ

42 2338 84 2377 οὐχ
107 2340 194 2372 ἁπλῶς
221 2339 281 2372 τοὺς
309 2340 518 2380 ἡμαρτηκότας,
552 2339 622 2370 ἀλλὰ
645 2355 657 2366 α
680 2340 718 2379 μὴ
745 2352 827 2379 μετα-

44 2383 193 2417 νοήσαντας·
221 2397 233 2409 ι»
261 2380 332 2413 οἶτοι
357 2384 408 2424 γὰρ
439 2385 506 2419 ἄξιοι
534 2385 656 2420 πένθους,
685 2386 708 2414 οἱ
738 2386 764 2414 ἔν
791 2387 829 2425 τῷ

44 2427 166 2466 τραύματι
197 2428 330 2466 μένοντες.
354 2429 409 2460 Καὶ
436 2429 494 2459 οὐδὲ
517 2430 623 2463 τούτους
652 2429 828 2467 ἐκκαλύπτει,

44 2471 118 2505 διδοὺς
138 2474 224 2507 αὐτοῖς
256 2475 348 2514 ῥᾳδίαν
367 2473 414 2510 τὴν
442 2474 506 2515 πρὸς
532 2475 673 2513 μετάνοιαν
690 2475 829 2505 ἐπάνοδον.

46 2516 149 2557 Καὶγὰρ
174 2519 217 2547 διὰ
243 2522 319 2548 τοῦτο
334 2519 378 2548 καὶ
398 2519 539 2556 μετανοίας
562 2519 700 2558 ἐμνήσθη,
724 2518 768 2548 ἵνα
783 2518 832 2558 ἁρο

46 2559 140 2590 πάσωσι
155 2562 272 2599 ταύτην,
296 2564 340 2592 καὶ
368 2563 406 2602 μὴ
422 2563 502 2593 ἐλθὼν
530 2564 631 2604 κολάσῃ
654 2563 768 2601 αὐτοὺς,
785 2563 832 2592 καὶ

47 2605 151 2645 πενῡῆσῃ
172 2607 216 2636 διὰ
235 2611 330 2647 τοῦτο,
345 2607 360 2637 ὅ
375 2609 448 2645 ἐστι,
470 2608 503 2638 τὰ
518 2608 619 2648 ἔσχατα
635 2610 753 2649 λυπηθῇ,
777 2609 833 2644 Ση-

49 2649 148 2685 μείωσαι
163 2652 190 2680 δὲ
220 2652 250 2682 τὸ
272 2653 332 2693 περὶ
358 2653 516 2691 μετανοίας,
541 2653 585 2682 διὰ
608 2653 666 2687 τοὺς
696 2655 833 2683 Ναυατια-

48 2695 107 2728 νοός.
135 2696 310 2738 Ἀκαθαρσίαν
346 2699 391 2738 δὲ,
429 2703 519 2728 πᾶσαν
552 2698 684 2739 ἁμαρτίαν
713 2699 833 2735 νοήσεις·

882 2307 944 2328 rum
953 2299 1119 2335 delictisipse
1128 2299 1210 2334 luget.
1219 2299 1280 2326 Non
1290 2297 1456 2326 dixitautem
1466 2296 1683 2332 317,0mnes,

882 2344 942 2377 sed,
955 2356 967 2368 ιι
981 2344 1098 2377 Multos;
1118 2355 1131 2368 ιο
1143 2351 1195 2371 nec
1204 2342 1374 2379 simpliciter,
1383 2342 1437 2376 Qui
1450 2345 1607 2378 peeearunt,
1623 2341 1684 2376 sed,

886 2401 897 2413 ιι
920 2389 996 2423 Quos
1016 2396 1071 2416 non
1086 2387 1214 2424 paenituit
1229 2395 1344 2416 suorum
1360 2386 1496 2415 scelerum
1516 2394 1522 2414 :
1539 2397 1552 2411 ω
1566 2386 1595 2414 hi
1608 2386 1685 2414 enim

885 2434 961 2470 digni
978 2437 1043 2461 sunt
1057 2433 1144 2466 luctu,
1160 2433 1205 2469 qui
1224 2432 1253 2460 in
1275 2432 1387 2460 vulnere
1400 2436 1572 2468 permanent.
1589 2433 1685 2467 Neque

886 2479 954 2506 istos
974 2479 1082 2514 retegit,
1098 2478 1170 2506 dans
1192 2477 1230 2505 eis
1251 2476 1357 2504 facilem
1382 2476 1416 2504 ad
1435 2476 1626 2512 pmnitentiam
1642 2484 1685 2504 re-

886 2523 985 2552 ditum.
1001 2525 1070 2551 Eam
1090 2523 1164 2551 enim
1183 2522 1218 2550 oh
1234 2529 1293 2550 rem
1319 2525 1347 2549 et
1361 2521 1531 2557 pmnitentia:
1546 2519 1685 2552 meminit,

887 2572 919 2596 ut
937 2576 998 2596 eam
1022 2568 1166 2604 arripiant,
1203 2575 1254 2595 nec
1283 2566 1329 2594 ubi
1359 2565 1474 2600 venerit,
1505 2565 1601 2601 puniat
1627 2571 1686 2596 eos,

886 2621 919 2641 ac.
936 2617 1079 2649 propterea
1095 2613 1197 2648 lugeat,
1211 2611 1263 2640 hoc
1277 2615 1327 2645 est,
1350 2618 1463 2639 summo
1485 2616 1606 2637 maerore
1619 2615 1686 2635 con-

888 2658 1002 2686 ﬁciatur.
1016 2657 1134 2686 Observa
1160 2660 1251 2684 autem
1278 2654 1353 2692 quod
1371 2654 1443 2683 istud
1463 2654 1498 2682 de
1517 2651 1684 2689 paenitentia,

888 2706 999 2738 propter
1017 2701 1186 2730 Novatianos
1199 2700 1304 2729 dictum
1327 2703 1377 2728 est.
1398 2700 1450 2727 Per
1481 2696 1686 2725 immunditiam

730 2770 825 2800 Variae
849 2770 1001 2800 lectiones.

84 2824 103 2841 ³³
117 2829 191 2853 ταῦτα
205 2835 233 2855 ο.
271 2828 292 2845 ³⁸
307 2828 332 2855 ἐν
348 2837 374 2856 o.
415 2829 436 2846 ³⁵
449 2829 519 2864 ὒμῶν
535 2829 656 2864 σωτηρίας
670 2838 698 2857 ο.

736 2829 757 2846 ²ί¹
771 2830 883 2864 φοὸεῖται
897 2837 923 2856 0.

962 2828 983 2845 ³⁷
1001 2827 1178 2863 προσκαλεῖται
1196 2835 1222 2854 o.
1261 2825 1283 2843 ’⁸
1298 2825 1375 2853 εἰπεῖν
1392 2833 1418 2854 ο.
