1877 3081
210 170 261 198 043

716 168 972 198 THEOPHYLACTI
991 165 1169 194 BULGARIE
1188 165 1346 193 ARCHIEP.
1817 165 1859 191 954'

209 236 302 262 autem
321 232 439 269 quodvis
464 235 607 268 peccatum
630 232 758 268 accipies,
784 232 903 269 quodvis
929 231 1002 259 enim

1090 233 1132 257 ἱσα
1144 227 1170 247 ²⁹
1196 227 1250 268 γὰρ
1267 226 1432 267 ἀκαθάρτους
1454 231 1538 256 ποιεῖ·
1557 226 1574 262 ἢ
1594 227 1705 264 ἶδιχῶς,
1738 226 1789 259 τὰς
1816 228 1858 255 τιῖιν

209 282 352 314 peccatum
374 276 534 305 immundos
553 276 627 305 facit.
644 277 691 305 Vel
703 277 852 313 speciatim,
867 276 1002 305 nefariam

205 330 356 359 corporum
381 322 537 355 misturam,
559 329 612 358 qua
635 321 755 350 nefanda
777 321 1001 350 committuntur.

205 369 267 396 Non
291 367 367 395 enim
388 373 459 394 unus
473 370 534 394 erat
545 366 591 402 qui
609 365 760 395 fornicatus
775 370 844 400 erat,
859 365 907 394 sed
922 365 1002 394 multi

206 411 290 448 idque
303 411 330 439 in
345 411 482 447 plerisque
495 411 670 439 lasciviarum
684 411 836 448 speciebus.

492 464 613 494 CAPUT
640 465 722 493 XIII.

238 520 328 548 Vsus.
346 521 371 547 ι.
390 530 402 544 α
420 520 489 547 Ecce
506 519 587 547 tertio
604 518 657 547 hoc
671 519 750 548 venio
768 518 804 547 ad
825 526 873 547 vos
889 528 896 546 ε
912 518 940 547 in
955 526 1003 547 ore

203 563 324 592 ditorum
338 563 450 592 testium
467 568 515 592 aut
534 564 620 592 trium
642 563 726 592 stabit
748 571 832 592 omne
847 564 969 592 verbum.
989 575 1002 588 ν

203 609 318 637 Perinde
338 617 370 637 ac
390 610 466 636 Deus
490 608 578 636 multa
597 608 805 643 interminatur,
820 609 849 636 in
867 607 1003 644 supplicio

201 658 293 682 autem
304 652 446 681 inferendo
460 660 569 689 semper
581 657 744 682 cunctatur:
760 653 833 681 hunc
840 653 875 681 ad
887 653 1003 680 modum

201 697 324 726 imitator
337 697 397 734 ejus
407 698 507 726 Paulus
519 698 605 725 multa
619 697 848 733 praztestiiicatur,
861 697 1001 734 inquiens,

201 743 276 771 Sicut
288 741 420 779 scriptum
431 747 482 777 est,
496 743 596 771 Coram
609 742 718 771 duobus
729 746 777 770 aut
787 742 874 770 tribus
888 741 1003 770 testibus

202 795 315 815 omnem
325 787 543 815 controversiam
566 787 623 815 sive
644 786 850 823 ambiguitatem
864 787 934 821 sisti,
950 786 1004 815 hoc

203 836 244 860 est
261 831 419 860 conﬁrmari
443 840 449 857 :

202 875 328 910 verbum,
344 883 398 912 quo
414 876 607 904 interminatus
621 884 684 904 sum
697 876 783 910 vobis,
801 879 938 904 statuetur
952 875 1001 904 ad-

202 928 311 949 versum
336 928 395 955 vos,
417 925 445 948 et
466 920 630 954 stabilietur,
641 920 694 948 nisi
709 921 885 957 resipueritis.
908 920 1002 948 Testi-

202 965 359 993 moniorum
375 965 450 993 enim
472 965 532 993 loco
547 965 679 994 adventus
693 973 758 994 suos
769 965 858 1001 ponit.

238 1011 327 1038 Vsus.
341 1013 366 1038 2.
385 1021 398 1034 α
419 1010 538 1038 Praedixi
557 1014 585 1038 et
614 1009 747 1046 praedico,
762 1014 793 1037 ut
805 1017 925 1046 praesens
938 1016 1002 1037 cum

200 1062 290 1083 essem
305 1055 414 1090 iterum,
429 1058 456 1082 et
474 1055 573 1082 absens
583 1063 657 1083 nunc
668 1055 757 1082 scribo
776 1055 809 1083 iis
828 1054 873 1090 qui
885 1054 1002 1082 antehac

202 1103 393 1135 peccaverunt,
418 1103 446 1127 et
468 1099 580 1135 reliquis
595 1099 738 1133 omnibus,
758 1098 833 1135 quod
857 1099 880 1127 si
901 1106 1000 1127 venero

202 1143 315 1177 iterum,
328 1151 383 1171 non
406 1151 527 1180 parcam.
545 1155 558 1168 ι
581 1143 708 1177 Praedixi,
736 1143 837 1180 inquit,
855 1148 884 1171 et
907 1150 1002 1171 rursus

203 1188 334 1224 praedico.
357 1187 598 1223 Quemadmodum
612 1188 685 1216 enim
702 1187 824 1216 secundo
839 1187 1001 1222 adveniens,

203 1237 232 1261 et
252 1240 374 1269 praesens
394 1232 469 1261 vobis
489 1232 564 1267 dixi;
579 1233 620 1261 sic
641 1233 792 1261 etiamnum
815 1232 888 1260 hisce
903 1232 1001 1260 litteris

202 1278 362 1313 pronuntio,
376 1277 409 1305 iis
422 1277 534 1314 quidem
547 1278 594 1314 qui
609 1277 711 1314 ﬂagitia
727 1277 939 1311 commiserunt,
951 1284 1001 1305 ceu

202 1321 390 1359 indigentibus
403 1322 588 1358 correctione;
606 1322 717 1358 reliquis
732 1326 826 1351 autem
846 1329 896 1350 ceu
922 1321 1001 1349 testi-

202 1366 263 1401 bus,
281 1378 293 1391 «
308 1367 335 1394 Si
350 1374 446 1395 rursus
468 1375 582 1402 venero,
597 1375 653 1395 non
671 1375 795 1403 parcam.
814 1378 827 1391 ι
843 1368 900 1395 Nec
922 1365 1000 1399 dixit,

201 1411 329 1444 Puniam,
366 1411 414 1440 sed
451 1415 565 1447 paterno
590 1411 674 1440 verbo
698 1411 829 1448 parcendi
857 1418 924 1439 usus
946 1414 999 1438 est.

202 1456 282 1490 Quod
305 1456 329 1484 si
348 1456 424 1484 enim
447 1456 624 1490 incorrectos,
649 1456 751 1492 inquit,
777 1456 918 1490 invenero,
943 1463 1000 1483 non

202 1500 303 1528 diutius
324 1500 548 1537 procrastinabo.

238 1546 329 1574 Vens.
343 1547 371 1573 3.
386 1556 398 1569 σ
417 1545 555 1581 Quoniam
569 1544 760 1581 probationem
774 1544 832 1581 ejus
845 1544 891 1581 qui
911 1544 939 1572 in
957 1551 1002 1572 me

202 1589 332 1625 loquitur,
347 1588 458 1622 Christi,
480 1589 612 1626 quaeritis.
629 1601 641 1613 ι
657 1590 730 1618 Cum
753 1597 852 1626 magna
875 1589 1002 1625 indigna-

200 1633 278 1661 tione
296 1633 331 1661 ad
344 1637 554 1662 contemnentes
566 1634 659 1670 ipsum
680 1634 762 1662 veluti
786 1633 952 1662 imbecillem
975 1636 1004 1662 et

202 1677 287 1705 nihilli
310 1677 464 1712 hominem,
492 1677 552 1706 haec
573 1678 650 1706 dicit.
678 1677 908 1714 Quandoquidem
927 1677 1002 1706 enim

202 1721 283 1750 vultis
297 1721 449 1757 explorare,
467 1730 536 1750 num
553 1722 678 1751 Christus
692 1723 720 1750 in
734 1730 781 1751 me
802 1726 1001 1757 commoretur,

202 1773 234 1794 ac
253 1770 395 1803 propterea
408 1775 453 1795 me
468 1767 562 1796 ridetis
576 1775 626 1796 ceu
639 1767 795 1802 inﬁrmum,
811 1771 838 1796 et
853 1775 868 1796 a
892 1768 1002 1796 Christo

201 1810 352 1846 desertum,
373 1812 529 1848 agnoscatis
551 1812 678 1846 omnino,
697 1811 725 1840 ni
750 1812 835 1841 vitam
857 1819 1004 1848 moresque

200 1861 307 1885 vestros
325 1856 509 1885 correxeritis.
525 1857 734 1885 Commonstrat
747 1861 840 1886 autem
851 1856 1001 1893 spiritualia

199 1909 259 1930 esse
277 1908 339 1938 quae
353 1901 483 1938 loquatur
512 1901 604 1935 verba,
632 1901 817 1938 deincepsque
840 1901 1003 1931 metuendas

199 1953 259 1975 esse
281 1946 373 1975 minas
385 1953 460 1980 suas,
476 1946 588 1982 perinde
599 1954 631 1974 ac
653 1946 675 1974 si
691 1947 818 1975 Christus
833 1946 1000 1983 loqueretur.

199 1991 265 2018 Non
273 1989 337 2018 ideo
346 1994 441 2018 autem
452 1990 582 2026 puniebat
592 1998 641 2018 eos
653 1990 736 2019 veluti
753 1990 945 2027 probationem
954 1995 1002 2019 aut

199 2034 397 2071 experientiam
415 2034 531 2063 daturus
544 2044 551 2062 :
565 2042 662 2064 verum
674 2035 736 2071 quia
752 2035 939 2064 insanabiliter
952 2036 1000 2064 de-

199 2079 348 2114 liquerant.
362 2078 393 2106 Si
408 2086 503 2115 cogar,
516 2079 613 2115 inquit,
629 2080 715 2116 318
726 2088 836 2116 poenam
849 2087 956 2109 sumere
967 2080 1002 2109 de

201 2123 289 2158 vobis,
309 2122 432 2160 adeoque
451 2123 548 2160 punire
563 2131 622 2158 vos,
641 2124 764 2153 sentietis
784 2132 833 2161 per
847 2132 929 2161 opera
942 2125 1000 2162 ipsa

199 2168 416 2204 explorationem
432 2176 517 2205 quam
542 2169 676 2205 quaen'tis.

236 2225 248 2238 ι
266 2213 319 2250 Qui
331 2220 395 2249 erga
415 2221 465 2242 vos
489 2221 547 2242 non
561 2218 605 2242 est
622 2214 760 2249 inﬁrmus,
777 2213 824 2243 sed
844 2217 941 2251 potens
964 2219 1007 2243 est

199 2261 228 2290 in
242 2258 329 2287 vobis.
346 2270 359 2283 υ
379 2259 435 2287 Cur
447 2258 587 2295 apposuit,
604 2269 616 2283 ι
634 2260 705 2295 Erga
722 2267 780 2294 vos,
797 2271 811 2284 ι
823 2267 887 2288 cum
902 2259 1006 2295 ubique

199 2306 296 2338 potens
312 2303 363 2331 sit?
387 2302 459 2339 Quia
473 2303 621 2332 verisimile
643 2309 701 2332 erat
722 2312 771 2333 eos
781 2305 841 2340 jam
859 2308 939 2332 antea
953 2313 1003 2333 ex-

197 2351 290 2383 pertos
308 2355 370 2376 esse
386 2347 548 2384 potentiam.
573 2348 620 2376 Ait
644 2348 728 2384 igitur
744 2358 751 2377 :
766 2350 834 2385 Quia
846 2349 905 2385 jam
920 2353 1002 2377 antea

197 2391 419 2427 experimentum
433 2392 592 2428 accepistis,
613 2393 729 2421 omnino
748 2394 864 2422 novistis
885 2393 959 2430 quod
972 2394 1001 2422 in

197 2444 248 2464 vos
259 2444 316 2464 non
332 2437 370 2464 sit
383 2436 522 2471 inﬁrmus,
542 2436 590 2465 sed
604 2436 696 2472 fortis,
715 2437 744 2466 id
763 2442 805 2466 est
829 2442 935 2474 potens.
950 2438 1002 2467 Vel

197 2481 262 2517 quia
279 2481 307 2509 in
322 2481 374 2510 hac
400 2481 456 2510 vita
471 2481 624 2517 potentiam
639 2490 718 2510 suam
728 2482 757 2510 in
770 2490 818 2510 vos
829 2482 1005 2512 demonstrat

196 2526 265 2554 dum
287 2525 386 2562 corrigi
405 2525 535 2561 potestis,
565 2526 722 2562 percutiens
746 2534 795 2555 vos
822 2535 905 2562 nunc,
923 2532 955 2556 ut
976 2528 1003 2556 iu

197 2570 292 2600 futuro
326 2570 430 2607 judicio
451 2569 572 2599 dimittat
604 2580 611 2598 :
633 2578 697 2608 erga
724 2571 846 2600 inﬁdeles
868 2577 960 2600 autem
973 2572 1001 2600 in

196 2615 241 2644 die
248 2615 362 2653 judicii.
379 2615 465 2644 Simul
475 2619 569 2644 autem
581 2615 685 2644 indicat
705 2616 908 2653 quod,etiamsi
924 2617 1001 2653 puni-

196 2665 274 2690 turus
293 2661 338 2695 sit,
355 2668 387 2689 se
401 2664 495 2688 tamen
516 2669 574 2689 non
586 2661 759 2697 punitumm,
779 2661 828 2691 sed
846 2661 997 2691 Christum.

232 2717 246 2731 ι
266 2707 340 2734 Nam
353 2709 382 2734 et
406 2705 429 2734 si
445 2706 594 2735 cruciﬁxus
613 2710 656 2735 est
669 2714 702 2735 ex
716 2707 884 2740 inﬁrmitate,
900 2707 948 2736 sed
961 2707 998 2736 vi-

1059 273 1218 311 σωματικῶν
1237 267 1340 310 μίξεων
1359 271 1566 312 ἆῤῥητοποιίας·
1594 273 1624 301 οὖ
1651 271 1707 310 γὰρ
1734 267 1775 304 εἷς
1799 267 1828 306 ἦν
1848 274 1857 300 ἐ

1057 317 1220 356 πορνεύσας,
1233 317 1303 346 ἀλλὰ
1314 317 1422 355 πολλοὶ,
1436 316 1483 346 καὶ
1495 317 1522 345 ἐν
1541 316 1650 349 πολλοῖς
1663 315 1767 344 εἴδεσιν
1784 316 1856 344 dera)»

1057 373 1147 401 γειων.

1341 451 1486 482 ΚΕΦᾹΛ.
1516 450 1574 482 Il".

1097 528 1110 542 ι
1126 515 1197 546 Ἰδοὺ
1233 514 1321 555 τρίτον
1357 517 1434 544 τοῦτο
1459 514 1574 554 ἔρχομαι
1599 513 1665 554 πρὸς
1702 514 1794 551 ὕμᾶςε
1821 515 1857 543 ἐπὶ

1057 561 1188 600 στόματος
1217 560 1264 589 δύο
1293 559 1434 600 μαρτύρων
1458 560 1505 589 xui
1530 560 1610 600 τριῶν
1623 558 1794 594 σταθήσεται
1811 563 1856 586 πΞν

1058 607 1142 646 ῥῆμα.
1156 619 1169 632 ι
1191 604 1299 644 Ὥσπερ
1317 607 1332 634 ὁ
1353 604 1421 637 Θεὸς
1444 604 1550 634 ἄπειλεῖ
1583 603 1691 639 πολλὰ,
1834 604 1854 631 ἐξ

1056 650 1098 679 ἀεὶ
1108 650 1173 690 πρὸς
1187 650 1218 679 τὸ
1234 651 1427 689 τιμωρεῖσθαι·
1446 648 1516 678 οὕτω
1529 648 1577 678 xui
1590 650 1604 677 ὃ
1627 648 1724 678 τούτου
1744 648 1855 686 μιμητὴς

1059 696 1165 728 Παῦλος
1192 693 1455 734 προδιαμαρτῦρεται
1481 693 1587 729 πολλὰ,
1613 693 1661 722 καί
1690 704 1793 732 φησιν,
1822 693 1854 721 ὅτι

1055 738 1166 780 Ὥσπερ
1181 739 1348 779 γέγραπται,
1366 738 1497 768 Ἐνώπιον
1513 738 1559 767 δύο
1613 739 1698 777 τριῶν
1719 737 1855 777 μαρτύρων

1055 784 1180 813 ἵστασθαι
1194 787 1284 812 πᾶσαν
1300 783 1464 823 ἀμφιϐολίαν
1475 805 1483 819 ,
1508 782 1644 818 τουτέστι,
1661 782 1854 820 βεϐαιοῦσθαιι

477 832 516 860 ita
539 831 626 860 tribus
647 831 717 860 meis
731 831 904 866 adventibus,
920 839 1002 860 omne

1090 841 1126 858 τω
1150 828 1197 858 καὶ
1212 828 1256 857 ἐπὶ
1271 829 1324 857 τῶν
1340 829 1419 867 τριῶν
1438 839 1489 866 μου
1511 828 1663 867 παρουσιῶν
1676 848 1685 863 ,
1712 831 1769 855 πᾶν
1791 828 1855 867 ῥῆμα

1055 873 1226 909 ἀπειλητικὸν
1246 872 1479 908 χατασταθήσιται
1505 873 1566 902 καθ’
1586 873 1679 910 ὑμῶν,
1709 871 1760 900 χαὶ
1777 883 1853 910 κυρω-

1056 918 1176 954 θήσεται,
1196 917 1243 946 ἐὰν
1264 916 1303 956 μὴ
1326 916 1530 956 μετανοήσητε·
1553 916 1612 946 ἀντὶ
1635 915 1787 956 μαρτύρων
1813 916 1853 955 γὰρ

1055 962 1102 996 τὰς
1116 961 1262 1002 παρουσίας
1269 963 1350 992 αὐτοῦ
1360 962 1458 998 τίθησι.

1094 1021 1107 1034 ι
1124 1006 1277 1046 Προιίρηιια
1292 1007 1338 1036 καὶ
1353 1006 1476 1047 προλέγω
1499 1007 1534 1040 ὣς
1550 1005 1644 1046 παρὼν
1659 1006 1694 1036 τὸ
1721 1005 1852 1045 δεύτερον,

1055 1051 1100 1082 xui
1115 1051 1190 1081 ἀπὼν
1205 1054 1250 1080 νῦν
1277 1053 1372 1092 γράφω
1393 1056 1448 1085 τοῖς
1472 1051 1721 1092 προημαρτηκόσι,
1751 1052 1855 1083 καὶτοῖς

1054 1097 1156 1131 λοιποῖς
1170 1101 1267 1133 πᾶσιν,
1293 1096 1335 1126 ὅτι
1353 1096 1400 1126 ἐὰν
1415 1096 1484 1126 ἔλθω
1500 1099 1537 1130 εἰς
1553 1096 1583 1126 τὸ
1606 1097 1690 1125 πάλιν
1701 1119 1710 1133 ,
1728 1097 1761 1125 οὗ
1777 1096 1855 1136 φείσο-

1055 1152 1114 1180 μαι.
1130 1155 1142 1167 ι
1170 1141 1241 1180 Καὶι
1253 1145 1398 1181 προεῖπον,
1426 1141 1511 1182 φησὶ,
1541 1141 1587 1170 xui
1612 1142 1697 1171 πάλιν
1720 1141 1854 1181 προλέτιν

1054 1186 1146 1226 ὥσπερ
1174 1185 1225 1226 γὰρ
1251 1186 1371 1226 δεύτερον
1396 1186 1611 1226 παραγενόμενος
1641 1185 1690 1215 καὶ
1720 1185 1816 1226 παρὼν
1834 1187 1853 1204 ³⁸

1055 1233 1116 1269 ὑμῖν
1132 1225 1213 1260 εἶπον
1222 1253 1230 1266 ,
1245 1231 1316 1260 οὕτω
1330 1225 1384 1261 οιαὶ
1470 1230 1513 1260 διὰ
1524 1232 1577 1260 τῶν
1589 1230 1768 1270 γραμμάτων
1783 1243 1853 1269 προι-

1054 1277 1182 1316 ναφωνῶ,
1213 1279 1268 1309 τοῖς
1296 1274 1344 1314 μὲν
1378 1275 1634 1315 προημαρτηκόσιν,
1660 1276 1700 1309 ὣς
1727 1276 1851 1313 δεομένοις

1054 1320 1215 1360 διορθώσεως
1228 1332 1235 1338 ·
1262 1324 1316 1354 τοῖς
1331 1319 1358 1350 δὲ
1373 1320 1493 1358 λοιποῖς,
1519 1321 1555 1354 ὡς
1583 1319 1736 1360 μάρτυσιν·
1757 1334 1771 1346 ι
1798 1320 1852 1350 Ὅτι

1055 1364 1100 1394 ἐὰν
1124 1365 1192 1394 ἔλθω
1212 1366 1248 1398 εἰς
1260 1364 1291 1394 τὸ
1304 1364 1404 1403 πάλιν,
1419 1365 1450 1394 οὐ
1465 1364 1606 1405 φείσομαι.
1623 1378 1635 1390 -
1649 1364 1706 1395 Καὶ
1720 1365 1772 1394 οὖι
1790 1361 1853 1400 εἶπε,

1057 1409 1189 1448 Κολάσω,
1212 1408 1282 1438 ἀλλὰ
1296 1410 1420 1450 πατρικῷ
1449 1409 1549 1449 ῥήματι
1575 1409 1729 1449 ἐχρήσατο,
1749 1411 1790 1448 τῷ
1816 1412 1853 1443 τῖε

1055 1454 1168 1493 φειδοῦς.
1186 1454 1220 1484 Εἰ
1244 1453 1296 1494 γὰρ
1324 1453 1497 1494 ἇδιορθώτους
1525 1453 1646 1494 εὕροιμι,
1679 1453 1776 1483 οὐκέτι
1800 1456 1852 1482 ciu-

1056 1497 1190 1536 6αλοῒῦμαι
1201 1498 1223 1515 ³⁸
1236 1520 1244 1535 ,
1261 1498 1355 1539 φησίν.

1101 1554 1117 1572 α
1132 1542 1212 1574 Ἐπεὶ
1239 1542 1350 1580 δοκιμὴν
1379 1544 1481 1579 ζητεῖτε
1504 1546 1551 1574 τοῦ
1575 1543 1602 1572 ἐν
1629 1543 1691 1582 ἐμοὶ
1718 1544 1852 1575 λαλοῦντος

1057 1587 1185 1627 Χριστοῦ.
1205 1599 1221 1615 ι
1238 1587 1315 1617 Μετὰ
1336 1589 1436 1617 πολλῶ
1450 1590 1497 1617 τοῦ
1520 1590 1604 1626 θυμοῦ
1619 1589 1686 1628 πρὸς
1709 1588 1774 1621 τοὺς
1795 1588 1852 1622 ἐξαηκ
1875 1626 1876 1629 η

1056 1634 1192 1666 θενοῦντας
1207 1631 1285 1661 αὖτὸν
1299 1633 1336 1665 ὣς
1351 1633 1448 1668 ἀσθενῆ
1469 1632 1515 1662 καὶ
1530 1632 1752 1672 ἐξουθενημένον,
1777 1635 1852 1662 ταῦτά
1875 1642 1876 1667 1

1057 1688 1148 1716 φησιν.
1164 1676 1278 1712 Ἐπειδὴ
1292 1676 1343 1716 γὰρ
1370 1676 1497 1716 βούλεσθε
1513 1677 1665 1716 δοκιμάζειν
1676 1702 1683 1711 ,
1703 1679 1727 1707 εἰ
1755 1679 1785 1707 ἐν
1805 1679 1850 1715 ipa!

1056 1722 1071 1749 ὁ
1087 1721 1200 1760 Χριστὸς
1224 1723 1306 1758 οἰκεῖ,
1334 1721 1381 1750 καὶ
1406 1721 1450 1750 διὰ
1478 1722 1555 1752 τοῦτό
1583 1734 1616 1760 με
1641 1724 1803 1763 χωμῳεείτε
1826 1724 1851 1751 ἐκ

1057 1766 1155 1802 ἀσθενῆ
1171 1766 1216 1796 καὶ
1228 1766 1327 1806 ἔρημον
1341 1768 1387 1795 τοῦ
1409 1767 1526 1806 Χριστοῦ
1538 1778 1546 1785 θ
1573 1766 1708 1806 γνώσεσθε
1736 1768 1851 1800 πάντως,
1874 1780 1875 1801 ι

1056 1810 1130 1850 εἴπερ
1146 1811 1302 1851 ἀδιόρθωτοι
1317 1810 1434 1850 μείνητε.
1458 1811 1583 1841 Δείκνυσι
1608 1812 1655 1848 δὲ,
1679 1811 1723 1841 ὅτι
1739 1823 1851 1850 πνευμα-

1055 1855 1115 1884 τικοί
1128 1855 1178 1885 εἶσι
1201 1855 1234 1884 τὰ
1265 1855 1387 1896 ῥήματα,
1418 1855 1436 1884 ἃ
1457 1855 1546 1895 λέγει,
1568 1856 1614 1885 καὶ
1638 1857 1732 1886 λοιπὸν
1750 1857 1792 1886 δεῖ
1816 1868 1850 1895 ῳ-
1873 1853 1874 1876 ‘

1055 1899 1160 1929 δεῖσθαι
1176 1899 1224 1936 τὴν
1240 1900 1361 1936 ἀπειλὴν,
1376 1901 1412 1934 ὣς
1433 1902 1480 1929 τοῦ
1498 1901 1618 1940 Χριστοῦ
1644 1901 1802 1935 λαλῶντος.
1818 1901 1848 1930 Ο]
1873 1913 1874 1938 ξ

1055 1943 1098 1973 διὰ
1112 1947 1190 1975 τοῦτο
1206 1944 1233 1974 δὲ
1256 1945 1392 1982 ἐκόλαζεν,
1408 1945 1444 1978 ὥς
1457 1945 1570 1981 δοκιμὴν
1586 1945 1675 1978 αὐτοῖς
1691 1946 1740 1975 χαὶ
1764 1948 1848 1984 πεῖραν

1054 1988 1164 2019 δώσων·
1180 1989 1250 2019 Ἀλλ’
1266 1989 1357 2025 ἐπειδὴ
1377 1989 1472 2019 ἀνίατα
1496 1989 1679 2029 ἁμαρτάνετε.
1711 1992 1745 2020 Εἰ
1771 1993 1846 2028 ἄναγ-

1053 2035 1159 2071 χασθῶ,
1175 2033 1250 2073 φησὶ,
1276 2033 1388 2063 κολάσαι
1403 2035 1488 2072 ὑμᾶς,
1506 2034 1607 2064 εἴσεσθε
1629 2034 1674 2063 διὰ
1691 2037 1747 2064 τῶν
1775 2035 1846 2075 ἔργων

1055 2079 1141 2108 αὐτῶν
1156 2079 1204 2115 τὴν
1217 2078 1330 2118 δοκιμὴν
1341 2078 1375 2114 ἣν
1391 2080 1507 2115 ζητεῖτε.

1103 2224 1117 2241 α
1130 2211 1182 2246 ⁸ος
1194 2214 1230 2247 εἰς
1244 2215 1312 2253 ὑμᾶς
1323 2214 1370 2244 οὐκ
1382 2215 1503 2251 ἀσθενεῖ,
1518 2213 1586 2245 ἄλλᾶ
1601 2215 1709 2246 δυνατεῖ
1725 2217 1752 2246 ἓν
1766 2218 1828 2254 ὓμῖν.
1838 2228 1845 2240 ι

1061 2256 1111 2287 Διὰ
1127 2257 1153 2287 τί
1167 2259 1315 2298 προσέθηκε
1331 2259 1360 2289 τὸ
1370 2281 1378 2295 ,
1395 2274 1408 2285 ι
1422 2261 1468 2293 Εἷς
1480 2261 1561 2300 ὓμίς,
1577 2274 1589 2286 ι
1614 2261 1705 2291 καίτοι
1721 2262 1845 2300 πανταχοῖ

1061 2302 1170 2336 δυνατός
1185 2304 1256 2341 Eon;
1285 2304 1358 2334 Διότι
1373 2305 1442 2339 εἰκός
1471 2306 1541 2334 ἐστιν
1556 2306 1651 2340 αὖτοὺς
1674 2307 1722 2336 xui
1736 2306 1845 2346 πρότερον

1056 2349 1230 2387 πειρασθῆναι
1257 2350 1305 2385 τῆς
1325 2349 1470 2388 δυνάμεως.
1501 2350 1594 2385 Φησὶν
1611 2346 1676 2390 οὖν,
1693 2351 1736 2380 ὅτι
1753 2351 1802 2390 Ἀφ’
1815 2345 1844 2378 εἶν’

1056 2391 1107 2428 ἤδη
1122 2392 1216 2432 πεῖραν
1232 2393 1373 2433 εἰλήφατε,
1387 2393 1531 2433 γινώσκετε
1545 2395 1652 2429 πάντως
1661 2419 1670 2431 ,
1682 2396 1726 2426 ὅτι
1741 2398 1774 2428 εἰς
1785 2396 1844 2431 iani;

1056 2437 1104 2466 οὐχ
1116 2437 1236 2474 ἀσθενεῖ,
1251 2438 1320 2467 ἀλλὰ
1335 2440 1456 2475 δυνατεῖ,
1475 2439 1612 2476 τουτέστι,
1629 2439 1752 2470 δύναται.
1768 2438 1801 2468 Ἣ
1812 2439 1842 2466 ὅτι

1058 2482 1085 2511 ἐν
1099 2483 1136 2522 τῷ
1154 2481 1202 2520 μὲν
1227 2483 1338 2523 παρόντι
1364 2483 1414 2519 τὴν
1429 2484 1541 2523 δύναμιν
1558 2485 1596 2518 εἷς
1613 2486 1683 2523 ὑμᾶς
1706 2485 1839 2518 δείκνυται,

1057 2525 1116 2561 τοὺς
1129 2527 1303 2565 διορθωθῆναι
1318 2528 1486 2568 δυναμένους,
1502 2528 1630 2565 πλήττων
1653 2531 1714 2566 νῦν,
1739 2529 1777 2559 ἵνα
1792 2530 1839 2556 τότε

1056 2570 1148 2611 ἄφήσῃ
1161 2583 1168 2589 ·
1184 2573 1220 2604 εἰς
1234 2572 1262 2601 δὲ
1277 2572 1336 2607 τοὺς
1365 2573 1508 2609 ἀπίστους,
1526 2573 1595 2603 κατὰ
1616 2574 1666 2609 τὴν
1681 2573 1778 2613 ἡμέραν
1802 2573 1840 2603 τῖς

1053 2615 1175 2655 κρίσεως.
1193 2615 1316 2646 Δώινυσι
1340 2618 1386 2646 χαὶ
1400 2617 1441 2647 ὅτι
1453 2618 1480 2637 ³²
1495 2619 1518 2648 εἴ
1545 2618 1590 2647 xui
1616 2617 1708 2655 μέλλει
1735 2616 1839 2655 τιμωρή-

1052 2661 1164 2697 σασθαί,
1178 2662 1227 2690 οὐχ
1240 2661 1318 2695 αὐτὸς
1331 2662 1529 2702 τιμωρήσεται,
1541 2663 1601 2692 ἀλλ’
1615 2665 1630 2692 ὃ
1643 2662 1762 2702 Χριστός.

1094 2716 1108 2733 α
1128 2705 1183 2735 Καὶ
1194 2705 1247 2746 γὰρ
1268 2706 1422 2747 ἐσταυρώθη
1445 2708 1471 2741 ἐξ
1493 2707 1646 2744 ἀσθενείας,
1676 2706 1740 2736 ἀλλὰ
1806 2705 1831 2733 ἐι

897 2757 991 2787 Variae
1011 2757 1161 2790 lectiones.

232 2809 254 2826 ²⁹
268 2809 360 2840 πάντας
374 2819 401 2837 ο.
440 2809 462 2826 ³⁰
476 2808 545 2837 ἀπὼν
561 2818 589 2839 o.
627 2810 647 2828 ³⁸
665 2810 839 2848 ἇναιιαλοῦμαι
853 2819 883 2840 o.
924 2811 947 2828 "
961 2808 1006 2838 οὖν
1018 2818 1046 2840 0.
