1877 3081
9 180 62 207 945

445 177 619 206 EXPOSlTlO
640 177 672 206 IN
691 177 796 207 EPIST.
817 177 839 206 ll
857 179 903 207 AD
923 178 1001 207 COR.
1020 194 1056 200 —
1073 179 1148 208 CAP.
1167 180 1233 209 XIII.

1617 185 1669 213 946

9 242 161 281 δυνάμεως
171 242 253 272 Θεοῦ.
271 252 286 269 ν
311 239 412 271 Πολλοὶ
429 240 646 275 σκανδαλίζονται
663 241 692 270 ἐχ
705 242 753 276 τῆς
768 241 816 282 ῥή-

927 249 959 269 ex
967 241 1067 270 virtute
1076 241 1138 270 Dei.
1155 254 1168 266 π
1183 242 1308 279 Plerique
1318 242 1370 271 hoc
1382 246 1458 272 textu
1469 244 1649 275 offenduntur
1660 257 1667 276 :

9 298 79 320 σεως
108 286 228 322 ταύτης·
244 285 314 315 ἀλλὰ
330 285 396 324 μάθε
409 309 415 320 ,
441 284 482 314 ὅτι
506 285 613 325 λέγεται
630 286 750 316 ἀσθένεια
774 286 819 315 χαὶ

9 333 92 366 ἧτοῖῐ
124 330 266 369 σώματος·
285 330 391 369 λέγεται
417 329 443 359 δὲ
466 329 512 359 καὶ
528 333 544 366 ἧ
569 330 631 370 περὶ
655 330 702 365 τὴν
730 329 819 360 πίστιν

9 374 169 414 σαθρότης·
189 377 224 409 ὡς
238 375 282 409 τὸ,
297 386 312 402 α
330 374 384 405 Τὸν
402 375 560 404 ἀσθενοῦντα
581 377 615 415 τῇ
631 374 720 404 πίστει
734 386 818 414 προσ-

9 420 187 458 λαμϐάνετε.
207 433 218 446 ι
245 419 359 459 Λέγεται
385 418 412 448 δὲ
428 419 549 449 ἀσθένεια
565 419 611 449 καὶ
638 421 665 448 αἱ
681 419 819 450 ἐπιϐουλαὶ

9 465 56 494 καὶ
79 466 107 494 οἱ
134 464 268 500 κίνδυνοι,
293 464 339 493 καὶ
365 464 486 502 ἀτιμίαι,
508 465 543 497 ὣς
565 465 614 502 τὸ,
636 477 647 491 ε
668 465 777 494 Εὖδοχῶ
793 465 819 494 ἐν

10 509 183 545 ἀσθενείαις,
203 523 214 536 ι
245 509 290 539 καὶ
316 508 350 538 τὰ
367 511 487 538 τοιαῦτα.
525 509 603 539 Κατὰ
627 511 704 539 τοῦτο
731 504 775 538 οὖν
790 509 820 539 τὸ

10 553 237 593 σημαινόμενον,
272 555 299 587 ἐξ
328 553 462 587 ἀσθενείας
489 553 644 593 ἐσταυρώθη
673 556 687 583 ὁ
722 553 819 592 Κύριος

11 598 168 634 ἐπιϐουλὴν
182 598 340 637 ὑπομείνας,
356 598 399 627 καὶ
415 598 533 627 κίνδυνον
546 620 554 634 ,
565 599 610 627 καὶ
628 598 702 639 ὕϐριν
715 610 721 617 ·
733 601 819 628 ταῦτα

11 643 63 682 γὰρ
75 644 205 672 δοκοῦσιν
219 643 245 677 ἐξ
269 641 404 675 ἀσθενείας
425 642 553 680 γίνεσθαι.
569 642 677 681 (Ὠσπερ
703 639 747 672 οὖν
763 655 820 681 μω-

15 687 73 727 ρίαν
100 687 180 725 λέγει
199 688 305 720 Παῦλος
331 686 361 716 τὸ
381 685 521 726 κήρυγμα,
537 687 587 727 οὐχ
602 689 638 720 ὡς
658 685 696 721 ὂν,
711 687 770 716 ἀλλ’
785 689 820 720 ὡς

13 731 194 769 νομιζόμενον
226 735 280 764 τοῖς
307 731 426 764 ἀπίστοις
441 743 447 750 ·
474 731 542 761 οὕτω
570 732 616 761 καὶ
635 731 660 765 ἐξ
687 732 820 764 ἀσθενείας

15 778 79 816 φησὶ
96 778 291 816 σταυρωθῆναι
302 775 345 804 τὸν
366 775 462 815 Κύριον
469 797 478 810 ,
500 778 547 811 τῆς
563 776 736 814 νομιζομένης
746 776 820 816 παρὰ

15 825 67 854 τοῖς
83 821 214 854 ἀπίστοις
224 843 233 858 ,
248 822 278 850 οὗ
290 823 336 856 τῆς
348 819 437 856 οὔσης.
457 835 469 846 σι
481 821 520 861 Ζῇ
535 820 626 858 μέντοι
640 822 669 850 ἐχ
685 821 820 858 δυνάμεως

15 867 99 901 θεοῦ,
115 879 126 891 ι
143 865 268 895 τουτέστι
277 888 285 901 ,
299 867 345 894 τοῦ
361 865 477 904 Πατρὸς,
491 866 549 902 ἦτοι
561 867 608 901 τῆς
622 866 703 895 αὐτοῦ
712 877 719 884 ·
731 866 818 896 πάντα

17 911 66 949 γὰρ
87 910 122 939 τὰ
139 912 190 939 τοῦ
210 909 328 948 Πατρὸς,
355 909 401 939 καὶ
418 901 496 940 αὐτοῦ
520 911 589 939 εἶσι·
610 910 656 939 καὶ
670 910 705 939 τὰ
724 912 819 947 αὐτοῦ,
834 901 857 932 Β

17 957 61 984 τοῦ
78 954 203 994 Πατρός.
217 953 302 984 Ὥστε
323 953 368 983 καὶ
391 956 409 990 ἡ
431 953 541 992 δύναμις
567 954 660 993 κοινὴ,
676 956 777 993 μᾶλλον
793 955 819 984 δὲ

19 998 96 1033 αὐτός
123 1001 185 1028 ἐστι
211 999 322 1037 δύναμις
345 1001 392 1028 τοῦ
411 999 529 1038 Πατρός.
556 998 642 1029 Ὥστε
671 1000 716 1029 καὶ
743 1000 820 1033 αὐτὸς

20 1044 109 1073 ἑαυτὸν
123 1043 273 1080 ἀνέστησεν
283 1064 291 1078 ,
312 1043 401 1083 ὥσπερ
417 1043 462 1073 καὶ
477 1049 586 1083 προεῖπε
599 1055 606 1062 ·
625 1057 636 1069 ι
652 1044 759 1074 Λύσατε
775 1043 820 1073 τὸν

21 1088 79 1117 ναὸν
89 1091 184 1117 τοῦτον
196 1111 204 1124 ,
218 1087 265 1117 καὶ
280 1089 362 1127 ἐγερῶ
382 1088 469 1117 αὐτόν.
494 1101 505 1113 -
517 1090 611 1118 Ταῖτα
627 1088 655 1118 δὲ
671 1088 758 1118 πάντα
773 1089 820 1118 λέ-

22 1135 84 1171 γειό
99 1133 229 1168 Παῦλος,
248 1133 337 1168 ἐπειδὴ
354 1132 501 1166 ἕξουθένουν
525 1133 620 1170 αὐτὸν,
643 1134 679 1166 ὥς
695 1133 821 1172 διωκόμε-

23 1189 62 1206 νον
80 1178 111 1214 δὴ
129 1177 176 1207 καὶ
203 1176 454 1216 ἐπιϐουλευόμενον,
477 1177 522 1206 χαὶ
537 1177 563 1211 ἐξ
586 1178 722 1210 ἀσθενείας
736 1181 820 1208 ταῦτα

23 1222 134 1261 πάσχειν
147 1221 282 1259 ἐνόμιζον.
302 1221 440 1251 Δείκνυσιν
468 1217 512 1251 οὖν
537 1223 578 1252 ὃτι
600 1223 645 1251 καὶ
669 1225 683 1252 ὁ
708 1223 821 1263 Χριστὸς

26 1266 94 1296 οὐδὲν
108 1267 139 1296 ἐκ.
167 1268 216 1302 τῆς
245 1266 418 1305 νομιζομένης
450 1266 548 1302 ταύτης
577 1266 713 1301 ἀσθενείας
737 1279 820 1308 παρε-

27 1311 123 1346 ϐλάϐη.

69 1366 82 1384 (ι
98 1356 150 1386 Καὶ
167 1355 223 1396 γὰρ
244 1357 322 1393 ἡμεῖς
341 1356 501 1394 ἀσθενοῦμεν
517 1357 544 1386 ἐν
560 1357 642 1397 αὐτῷ,
653 1357 723 1386 ἀλλὰ
744 1357 822 1392 ζησό-

29 1403 92 1438 μεθα
107 1399 153 1430 σὺν
169 1401 245 1440 αὐτῷ
259 1402 288 1430 lx.
313 1400 449 1439 δυνάμεως
469 1402 540 1431 Θεοῦ
557 1402 593 1434 εἰς
607 1403 686 1440 τιμᾶς.
702 1414 716 1430 ι
736 1403 821 1432 Τουτ-

31 1445 96 1480 έστι,
109 1445 285 1483 Διωκόμεθα,
298 1444 462 1484 ἕλαννόμεθα
476 1456 482 1462 ·
494 1448 578 1476 ταῦτα
592 1446 644 1486 γὰρ
655 1448 672 1482 ἡ
686 1446 818 1476 ἀσθένεια.

31 1502 41 1515 ι
56 1489 100 1519 Ἐν
115 1491 196 1528 αὐτῷ,
221 1503 235 1515 ιο
251 1489 310 1519 ἀντὶ
326 1492 389 1526 τοῦ,
407 1489 448 1520 Δι’
459 1490 552 1528 αὐτὸν,
566 1490 613 1519 καὶ
627 1491 657 1520 τὸ
672 1492 754 1520 αὐτοῦ
770 1491 820 1527 χή-

34 1545 123 1572 ρυγμα.
140 1534 213 1564 ³Αλλ’
233 1533 324 1574 ὥσπερ
350 1534 446 1568 ἐκεῖνος
460 1535 490 1564 οὔ
510 1535 670 1575 παρεϐλάϐη
682 1558 690 1571 ,
716 1535 822 1565 ἐπιϐου-

874 286 949 322 atqui
968 285 1043 314 disce
1057 285 1132 322 quod
1145 286 1253 315 dicatur
1278 286 1426 316 inﬁrmitas
1444 292 1504 316 tum
1533 292 1668 326 corporis,

873 334 933 358 tum
952 331 1026 359 circa
1041 330 1123 359 ﬁdem
1138 330 1273 363 debilitas,
1301 335 1331 359 ut
1349 339 1381 360 eo
1393 332 1445 360 loci
1461 343 1467 361 :
1494 345 1507 357 ι
1522 334 1668 364 inﬁrmum

873 375 900 403 in
916 375 968 404 ﬁde
980 375 1110 411 suscipite
1123 376 1145 404 ⁸.
1165 387 1177 400 η
1193 375 1300 404 Dicitur
1313 384 1409 405 rursus
1424 377 1571 406 inﬁrmitas
1584 380 1668 408 etiam

873 420 978 448 insidia:
992 420 1070 456 ipsae,
1085 424 1113 448 et
1125 420 1242 456 pericula
1252 441 1260 454 ,
1276 425 1304 448 et
1318 420 1492 457 ignominiae.
1508 426 1538 450 ut
1550 431 1614 451 cum
1630 424 1668 453 di-

872 465 920 498 cit,
937 475 950 489 α
966 465 1098 493 Oblector
1112 465 1139 493 in
1153 465 1364 494 inﬁrmitatibus
1383 468 1405 499 °,
1423 477 1436 490 ι
1451 470 1478 494 et
1491 467 1602 496 similia.
1617 469 1668 497 Sc-

872 509 994 538 cundum
1008 510 1077 538 lianc
1089 510 1171 546 igitur
1184 509 1413 546 signiﬁcationem
1425 511 1561 540 Dominus
1575 520 1608 540 ex
1621 513 1669 541 in-

873 554 1004 583 ﬁrmitate
1028 555 1176 583 cruciﬁxus
1200 559 1253 590 est,
1281 555 1393 584 insidias
1407 559 1436 584 et
1457 557 1620 592 periculum,
1640 563 1669 587 et

872 599 1001 635 injuriam
1021 607 1117 635 passus
1135 609 1141 628 :
1155 599 1214 628 haec
1228 600 1303 628 enim
1317 599 1446 629 videntur
1458 608 1494 629 ex
1508 601 1667 632 inﬁrmitate

874 643 944 672 ﬁeri.
960 644 1076 672 Perinde
1091 644 1175 680 igitur
1191 648 1223 672 ut
1237 644 1383 673 stultitiam
1397 647 1582 674 vocatPaulus
1596 655 1666 683 pra!-

873 688 1048 722 dicationem,
1064 697 1120 717 non
1133 689 1207 725 quod
1221 689 1268 725 sit,
1291 688 1342 718 sed
1364 689 1439 726 quod
1462 691 1500 718 ita
1527 696 1667 727 reputetur

873 733 908 761 ab
932 733 1086 762 inﬁdelibus
1110 743 1116 761 :
1130 734 1170 761 sic
1184 742 1216 761 ex
1234 733 1395 762 inﬁrmitate
1409 735 1561 763 Dominum
1576 737 1666 764 cruci-

873 777 919 814 ﬁgi
934 777 1009 811 dicit,
1025 786 1088 814 qum
1103 778 1141 806 ita
1153 777 1188 806 ah
1202 778 1347 807 incredulis
1367 779 1586 815 existimabatur,
1602 789 1667 809 cum

874 826 966 851 tamen
975 831 1030 851 non
1038 827 1118 851 esset.
1130 835 1142 847 -
1154 823 1229 851 Vivit
1235 827 1328 851 tamen
1343 831 1375 851 ex
1382 824 1504 859 potentia
1514 825 1576 858 Dei,
1590 837 1603 849 ιι
1614 825 1667 854 hoc

873 871 925 899 est,
938 867 1037 901 Patris,
1060 867 1117 895 sive
1128 875 1176 895 sua
1191 867 1286 903 ipsius.
1302 868 1374 895 Nam
1389 875 1560 904 quazcunque
1581 870 1669 898 Patris

872 915 946 945 sunt,
966 912 1048 940 etiam
1064 911 1148 948 ipsius
1168 916 1247 945 sunt;
1268 916 1296 940 et
1309 919 1372 948 qua:
1384 911 1468 948 ipsius
1490 917 1564 948 sunt,
1578 914 1668 944 Patris

873 960 944 984 sunt.
963 956 1048 992 Igitur
1070 960 1097 984 et
1115 957 1236 992 potentia
1251 956 1411 985 communis
1425 961 1479 991 est,
1502 957 1544 986 vel
1565 958 1666 994 potius,

874 999 931 1036 ipse
940 1004 982 1028 est
995 1000 1117 1036 potentia
1128 999 1223 1029 Patris.
1242 999 1360 1028 Proinde
1375 1000 1434 1036 ipsa
1448 1001 1532 1029 etiam
1543 1002 1667 1038 seipsum

871 1045 1006 1077 excitavit.
1024 1044 1098 1073 sicut
1114 1044 1285 1080 praedixi“:
1307 1054 1321 1071 cx
1336 1045 1437 1073 Solvite
1456 1046 1588 1081 templum
1603 1046 1666 1082 hoc,

871 1093 901 1117 et
913 1089 1038 1117 excitabo
1047 1089 1124 1118 illud.
1143 1101 1155 1114 υ
1171 1090 1239 1118 Haec
1260 1093 1353 1117 autem
1371 1090 1463 1118 omnia
1477 1089 1545 1119 dicit
1557 1091 1667 1125 Paulus.

873 1134 938 1170 quia
956 1133 1170 1162 contemnebant
1187 1133 1288 1169 ipsum,
1312 1137 1343 1161 ut
1361 1134 1408 1170 qui
1432 1135 1669 1170 persecutionibns

873 1182 902 1206 et
915 1178 1020 1206 insidiis
1033 1182 1107 1206 esset
1121 1177 1267 1212 obnoxius,
1282 1181 1366 1213 atque
1380 1185 1416 1206 ex
1431 1178 1591 1208 inﬁrmitate
1608 1179 1669 1208 haec

873 1230 937 1251 eum
948 1222 1001 1259 pati
1014 1222 1213 1250 existimabant.
1226 1221 1351 1250 Ostendit
1360 1222 1452 1259 itaque
1461 1223 1534 1259 quod
1544 1223 1670 1252 Christus

874 1275 907 1295 ex
927 1267 988 1301 hac,
1002 1271 1033 1295 ut
1045 1266 1203 1303 putabatur,
1218 1266 1379 1296 inﬁrmitate
1393 1267 1461 1295 nihil
1476 1267 1569 1297 damni
1590 1276 1669 1298 ncces

875 1311 955 1348 perit.

910 1358 1001 1384 Vnns.
1018 1359 1045 1384 4.
1063 1367 1076 1380 ι
1090 1357 1159 1384 Nam
1169 1360 1197 1384 et
1209 1364 1261 1384 nos
1271 1355 1374 1385 inﬁrmi
1389 1365 1484 1385 sumus
1498 1357 1526 1385 in
1536 1358 1608 1394 ipso,
1621 1358 1670 1387 sed

874 1401 997 1429 vivemus
1014 1408 1078 1428 cum
1094 1400 1153 1437 ipso
1183 1408 1216 1429 ex
1239 1401 1340 1429 virtute
1359 1401 1408 1429 Dei
1420 1409 1484 1437 erga
1503 1410 1562 1430 vos.
1579 1412 1592 1429 ι)
1606 1404 1669 1432 Hoc

875 1450 926 1479 est,
947 1445 1170 1474 Perse-cntionem
1189 1445 1317 1481 patimur.
1342 1446 1498 1482 agitamur:
1519 1446 1578 1475 haec
1592 1448 1668 1476 enim

874 1494 916 1518 est
926 1490 1085 1518 inﬁrmitas.
1111 1501 1124 1514 α
1139 1490 1169 1518 In
1185 1490 1256 1526 ipso,
1272 1501 1284 1514 ι
1300 1489 1353 1518 hoc
1367 1494 1418 1524 est,
1434 1492 1552 1526 Propter
1567 1491 1670 1527 ipsum,

875 1535 1014 1572 ipsiusque
1029 1534 1154 1563 verbum.
1169 1537 1208 1562 At
1220 1534 1331 1571 perinde
1352 1543 1384 1562 ac
1401 1535 1445 1563 ille
1459 1543 1516 1564 non
1533 1540 1574 1564 est
1587 1536 1669 1565 Iesus

32 1578 122 1612 λιυθεὶς
131 1601 140 1615 ,
157 1578 243 1612 οὕτως
256 1578 315 1608 οὐδὲ
329 1581 406 1618 ἡμεῖς
419 1590 425 1597 ·
443 1578 511 1609 ἀλλὰ
523 1578 656 1617 ζησόμεθα
671 1579 718 1609 σὺν
730 1581 802 1620 αὖτῷ
814 1593 821 1600 ·

913 1579 982 1608 Iidiis
992 1579 1103 1615 petitus,
1112 1579 1151 1607 sic
1159 1587 1247 1615 neque
1253 1587 1318 1608 nos.
1330 1579 1383 1608 Sed
1394 1579 1516 1608 vivemus
1522 1588 1585 1608 cum
1598 1581 1669 1617 ipso,

32 1623 170 1660 τουτέστιν,
196 1623 337 1659 Ἇήττητοι
363 1623 559 1663 εὑρεθησόμεθα
573 1626 609 1657 εἷς
639 1626 706 1662 ὑμᾶς
721 1636 729 1643 ·
743 1637 820 1654 τουτ-

34 1666 113 1704 έστιν,
143 1669 178 1702 εἷς
189 1668 240 1703 τὴν
259 1669 388 1708 ὑμετέραν
418 1668 559 1708 ὠφέλειαν.
591 1669 703 1704 Μήποτε
730 1669 757 1698 δὲ
782 1669 822 1699 ἔτι

34 1711 102 1749 φοϐεῖ
126 1712 237 1750 αὐτοὺς,
261 1712 302 1742 δτι
332 1713 366 1742 Ei
386 1712 432 1742 καὶ
459 1713 558 1742 δοκεῖτε
590 1715 662 1751 ἡμᾶς
689 1714 821 1751 ἀσθενεῖς,

35 1756 96 1784 ἀλλὰ
118 1757 211 1791 ζῶντές
228 1758 309 1796 ἐσμεν
323 1758 358 1790 εἰς
373 1758 458 1796 ὑμᾶς,
471 1757 622 1796 τουτέστιν,
637 1758 673 1792 εἰς
693 1757 740 1796 τὸ,
754 1758 781 1787 εἴ
791 1769 821 1797 γε

36 1799 69 1837 μὴ
83 1800 253 1840 δωρθωθῆτε,
264 1801 376 1831 κολάσαι
390 1803 467 1841 ὑμᾶς.

72 1855 86 1873 ε
100 1844 228 1880 Ἑαυτοὺς
242 1846 394 1886 πειράζετε,
417 1847 439 1876 εἰ
451 1846 509 1876 ἐστὲ
525 1847 551 1876 ἐν
575 1849 610 1887 τῇ
627 1846 734 1883 πίστει,
758 1848 822 1876 εαυ-

37 1887 89 1923 τοὺς
108 1890 274 1929 δοκιμάζετε.
286 1901 302 1919 n
323 1890 379 1920 Καὶ
393 1891 419 1921 τί
439 1891 519 1930 λέγω,
541 1892 622 1932 φησὶ,
651 1890 712 1930 περὶ
736 1892 822 1929 ἕμαυ-

38 1935 91 1970 τοῦ,
107 1934 144 1963 ὄτι
157 1937 171 1964 ὃ
185 1935 303 1975 Χριστὸς
329 1936 356 1965 ἐν
384 1936 444 1973 ἐμοὶ
467 1935 557 1972 λαλεῖ,
583 1935 628 1965 καὶ
645 1935 686 1965 ὅτι
707 1936 824 1974 δύναμαι

40 1977 96 2015 μὲν,
111 1979 177 2014 πλὴν
192 1981 293 2009 ἐκεῖνον
319 1979 480 2018 μιμούμενος
503 1980 547 2010 τὸν
562 1979 760 2021 σταυρωθέντα,
777 1981 824 2010 οὐχ

41 2021 203 2062 ἐπεξέρχομαι
214 2025 295 2062 ὓμῖνς
318 2024 372 2054 Καὶ
388 2025 464 2063 ὓμεῖς
475 2023 543 2064 γὰρ,
558 2026 581 2054 εἰ
593 2026 739 2065 βουληθῆτε
762 2025 824 2054 ἑαυ-

41 2065 92 2100 τοὺς
108 2066 245 2105 ἐξετάσαι,
268 2069 363 2109 ὄψεσθε
380 2069 406 2098 ἂν
424 2070 526 2103 ἑαυτοῖς
555 2068 600 2099 τὸν
625 2068 740 2109 Χριστόν
753 2080 760 2088 ⁸
784 2069 824 2099 εἴ·

43 2121 86 2149 περ
108 2111 178 2151 ἔχετε
205 2113 304 2147 πάντες
317 2112 365 2149 τὴν
389 2113 477 2143 πίστιν
506 2113 548 2153 (οἱ
579 2113 630 2154 γὰρ
659 2113 825 2148 πιστεύοντες

43 2153 94 2184 τότε
117 2157 368 2198 ἐθαυματούργουν),
395 2157 413 2193 ἢ
428 2158 476 2193 τὴν
492 2159 584 2192 ἁπλῶς
607 2158 711 2195 πίστιν,
741 2157 758 2194 ἢ
777 2158 825 2194 τὴν

44 2199 90 2227 τῶν
108 2202 237 2240 σημείων,
266 2202 325 2238 ἥτις
349 2202 490 2242 ἰδικωντέρα
514 2203 596 2232 ἐστίν.
622 2201 726 2237 Ὥστε,
759 2204 783 2232 εἰ
798 2203 824 2232 ἐν

46 2244 98 2280 ὑμῖν
107 2249 156 2280 τοῖς
171 2250 302 2285 μαθηταῖς
315 2249 330 2277 ὁ
347 2247 479 2287 Χριστὸς,
492 2249 584 2288 πολλῷ
600 2248 701 2287 μᾶλλον
717 2249 744 2277 ἐν
766 2247 826 2287 ἐμοὶ

47 2288 79 2326 τῷ
91 2288 245 2331 διδασκάλῳ.

81 2345 93 2358 σι
105 2332 141 2364 Ἤ
154 2336 201 2366 οὐχ
214 2336 404 2376 ἐπιγινώσκετε
432 2336 556 2372 ἑαυτοὺς,
578 2336 618 2366 ὅτι
644 2338 746 2372 Ἰησοῦς
763 2337 828 2376 Χρι-

49 2376 100 2420 πός
111 2379 176 2410 ἐστιν
192 2382 218 2410 ἐν
230 2383 309 2420 δμῖν,
335 2382 358 2410 εἰ
379 2381 443 2420 μήτι
459 2381 582 2420 ἀδόκιμοί
602 2382 680 2420 ἐστε;
701 2392 716 2410 n
739 2383 826 2412 Τουτ-

51 2419 128 2467 ξστιν,
147 2426 168 2454 εἰ
189 2419 254 2464 μήτι
273 2425 410 2460 ἐξεπίσετε
435 2427 482 2461 τῆς
504 2426 613 2467 χάριτος
631 2419 684 2456 τῶν
709 2426 826 2465 σημείων

52 2463 80 2511 ἣγ
94 2463 205 2500 ἐλάϐετε.
227 2471 380 2501 Αἶνίττεται
397 2470 426 2500 δὲ
445 2463 606 2505 αὗτοῦξχαὶ
618 2463 774 2511 διεφθάρθαι
793 2473 829 2505 εἰς

52 2507 89 2556 τξν
117 2511 179 2550 βίον.
202 2514 314 2552 Ἐπειδὴ
330 2515 382 2555 γὰρ
402 2516 496 2556 πολλοὶ
513 2515 602 2545 πίστιν
633 2507 753 2556 ἔχοντες,
782 2518 829 2552 τῆς

53 2554 97 2582 τῶν
121 2558 257 2596 θαυμάτων
287 2560 418 2600 ἐνεργείας
441 2555 509 2596 ἦσαν
539 2554 703 2600 ἄμοιροι-⁵³,
721 2559 768 2590 ἅτε
791 2561 830 2590 δι-

55 2600 196 2645 εφθθρμίνοι
215 2604 259 2634 τὸν
273 2604 328 2644 βίον
339 2628 346 2640 ,
362 2604 442 2645 φησὶν
457 2604 497 2634 ὅτι
507 2629 514 2640 ,
536 2604 584 2639 Ὡς
597 2605 692 2642 ἔοικεν,
709 2606 757 2634 οὖν.
771 2605 832 2635 ἐπι-

55 2641 181 2678 γινώσκετε
204 2641 310 2683 ἑαυτοὺς
331 2641 374 2680 δτί
403 2649 459 2679 ἔστι
484 2649 598 2690 Χριστὸς
622 2650 648 2679 ἐν
663 2651 744 2688 ὗμῖν;
773 2651 832 2680 Οὔκ

87 2713 97 2728 ⁸
110 2715 186 2746 Βοω.
206 2726 272 2756 XIV,
288 2724 313 2749 1.
350 2720 360 2740 τ
375 2721 400 2750 ll
415 2721 478 2750 Cor.
494 2728 552 2756 ιιι,
567 2723 608 2749 ιο.
646 2722 659 2741 Β
671 2721 746 2749 Joan.
760 2729 798 2754 ιι,
816 2724 857 2750 i9.

874 1623 902 1652 id
915 1627 966 1658 est,
984 1623 1151 1652 invincibiles
1165 1623 1334 1651 inveniemur
1345 1631 1409 1660 erga
1423 1631 1483 1657 vos,
1501 1624 1554 1652 hoc
1567 1629 1618 1659 est,
1635 1625 1670 1654 ad

875 1672 994 1697 vestram
1001 1668 1239 1697 commoditatem.
1246 1668 1373 1696 Fortasse
1383 1672 1476 1696 autem
1489 1668 1581 1697 adhuc
1587 1672 1671 1697 terret

875 1721 932 1746 eos,
951 1714 1022 1741 Nam
1040 1713 1062 1741 si
1077 1713 1187 1749 putatis,
1200 1712 1338 1749 inquiens,
1353 1717 1382 1741 et
1395 1721 1447 1742 nos
1462 1721 1522 1742 esse
1533 1714 1669 1750 inﬁrmos,

874 1758 973 1786 scitote
986 1765 1037 1786 nos
1050 1765 1110 1785 esse
1122 1757 1242 1785 viventes
1254 1765 1318 1794 erga
1333 1765 1390 1792 vos,
1412 1757 1465 1786 hoc
1488 1762 1541 1792 est,
1555 1758 1591 1786 ad
1610 1766 1668 1793 vos,

875 1802 929 1831 nisi
945 1802 1028 1830 vitam
1052 1805 1081 1830 et
1095 1809 1185 1830 mores
1208 1801 1287 1829 aliter
1305 1801 1489 1836 institueritis,
1506 1802 1669 1838 puniendos.

911 1848 1003 1875 Vsus.
1019 1849 1044 1874 5.
1071 1857 1084 1870 ι
1107 1847 1161 1874 Vos
1172 1845 1245 1881 ipsos
1258 1849 1371 1880 tentate,
1388 1853 1456 1873 num
1473 1846 1532 1874 sitis
1554 1847 1582 1874 in
1604 1847 1670 1881 ﬁde,

877 1891 928 1927 ipsi
938 1898 987 1919 vos
997 1890 1120 1926 probate.
1137 1900 1150 1914 ι
1165 1889 1240 1925 Quid
1254 1889 1354 1923 dicam,
1368 1889 1455 1926 519
1464 1890 1565 1926 inquit,
1579 1890 1614 1919 de
1627 1899 1672 1919 me

876 1936 947 1972 ipso,
965 1934 1041 1971 quod
1053 1934 1179 1963 Christus
1190 1934 1219 1962 iu
1235 1941 1279 1962 me
1290 1934 1429 1970 loquatur,
1442 1938 1471 1962 et
1485 1935 1561 1972 quod
1574 1939 1672 1971 potens

876 1981 938 2013 sim,
953 1979 1031 2008 illum
1047 1983 1141 2007 tamen
1164 1978 1326 2008 cruciﬁxum
1347 1978 1484 2013 imitatus,
1503 1987 1560 2007 non
1571 1979 1671 2008 invado

878 2025 946 2053 vos?
957 2025 1029 2053 Nam
1043 2023 1084 2052 vel
1098 2031 1157 2058 vos,
1168 2023 1192 2052 si
1205 2027 1314 2052 vosmet
1329 2023 1468 2060 explorare
1482 2023 1581 2059 velitis,
1597 2023 1673 2053 vide-

876 2070 939 2098 bitis
954 2069 982 2098 in
995 2068 1071 2098 vobis
1085 2068 1151 2104 ipsis
1165 2067 1306 2097 Christum
1322 2077 1330 2096 :
1345 2068 1367 2096 si
1382 2068 1497 2105 quidem
1516 2076 1613 2097 omnes
1626 2068 1674 2097 ha-

877 2115 948 2144 betis
960 2114 1044 2142 ﬁdem
1061 2113 1216 2147 (credentes
1229 2112 1305 2141 enim
1316 2116 1377 2141 tum
1386 2113 1523 2141 miracula
1536 2112 1672 2148 edebant),

879 2159 920 2188 vel
938 2159 1020 2188 ﬁdem
1035 2157 1204 2194 simpliciter,
1220 2157 1263 2185 vel
1276 2157 1432 2194 signorum,
1447 2165 1510 2194 quae
1531 2157 1675 2193 specialior

841 2211 869 2246 ι)
881 2209 934 2232 est.
947 2202 1066 2232 Proinde
1073 2202 1098 2231 si
1106 2203 1135 2230 in
1145 2201 1221 2230 vobis
1230 2201 1373 2238 discipulis
1385 2201 1511 2231 Christus
1521 2206 1574 2237 est,
1587 2202 1674 2231 multo

882 2248 970 2285 magis
984 2248 1014 2276 in
1026 2255 1071 2276 me
1089 2250 1257 2284 praeceptore
1271 2250 1371 2275 vestro.

920 2355 932 2368 ι
959 2345 1062 2371 Annon
1088 2341 1253 2378 cognoscitis
1278 2341 1472 2377 vosmetipsos,
1498 2341 1572 2377 quod
1597 2341 1679 2371 Jesus

880 2387 1004 2416 Christus
1017 2386 1044 2415 in
1059 2387 1140 2415 vobis
1154 2390 1206 2421 est,
1222 2385 1274 2414 nisi
1288 2385 1396 2422 reprobi
1413 2386 1491 2414 sitis?
1506 2395 1521 2412 ν
1538 2386 1600 2414 Hoc
1622 2390 1676 2421 est,

881 2432 936 2461 nisi
961 2431 1118 2460 excideritis
1131 2439 1146 2459 e
1168 2430 1254 2467 gratia
1270 2430 1413 2467 signorum
1428 2439 1512 2467 quam
1527 2431 1678 2467 accepistis.

884 2476 979 2505 lnnuit
992 2480 1084 2504 autem
1099 2483 1148 2504 eos
1162 2475 1190 2503 in
1205 2475 1259 2503 vita
1273 2479 1419 2511 corruptos
1432 2483 1500 2504 esse.
1519 2476 1591 2512 Quia
1603 2476 1681 2503 enim

882 2521 1005 2558 plerique
1027 2520 1112 2549 ﬁdem
1131 2519 1272 2554 habentes,
1291 2520 1491 2548 miraculorum
1513 2519 1682 2556 operationis

883 2569 1011 2601 expertes
1026 2569 1116 2600 erant,
1133 2572 1165 2593 eo
1180 2564 1254 2600 quod
1269 2564 1297 2592 in
1318 2564 1373 2592 vita
1395 2564 1516 2600 corrupti
1541 2568 1628 2597 erant,
1642 2563 1683 2592 Ut

883 2609 1001 2644 videtur,
1028 2609 1127 2646 inquit,
1163 2616 1218 2638 non
1248 2608 1396 2645 agnoscitis
1420 2617 1468 2637 vos
1496 2608 1581 2644 ipsos,
1606 2606 1681 2642 quod

885 2654 1009 2683 Christus
1022 2655 1101 2683 Jesus
1116 2653 1199 2683 estin
1211 2653 1307 2683 vobis?
1318 2655 1382 2683 Non
1396 2657 1438 2682 est
1454 2656 1544 2681 autem
1555 2651 1582 2680 in
1593 2650 1682 2684 vobis,

736 2774 828 2804 Varia:
850 2775 1000 2806 lectiones.

89 2813 108 2830 ³³
121 2815 202 2854 ἔρημοι
213 2829 236 2849 o.
