1877 3081
182 156 234 183 947

690 153 944 183 THEOPHYLACTI
964 155 1142 184 BULGARMJ
1161 157 1317 184 ARCHIEP.

1791 156 1837 182 948

182 226 215 246 eo
235 217 310 254 quod
323 217 374 245 vita
386 216 445 245 sitis
459 217 577 252 reprobi.
592 218 653 245 Non
667 221 744 244 certo
756 221 848 245 autem
864 217 917 245 hoc
932 226 959 246 ex

1082 231 1090 247 ι
1111 217 1138 248 δὲ
1156 220 1182 248 ἓν
1196 219 1274 256 ὑμῖν,
1294 219 1347 248 ἀπὸ
1362 221 1408 248 τοῦ
1423 218 1565 257 ἀδοκίμους
1584 213 1654 247 εἶναι
1672 219 1749 255 ὑμᾶς
1773 218 1835 246 κατὰ

181 263 290 299 pressit,
303 261 350 290 sed
364 261 491 297 ambigue
507 261 606 297 posuit,
621 269 655 289 nc
669 269 716 289 eos
730 261 887 290 incesseret.

220 353 310 381 Vens.
329 355 356 379 6.
379 363 391 376 α
417 353 503 387 Spero
517 355 609 379 autem
625 352 698 388 quod
711 352 881 388 cognosretis
907 351 981 388 quod

184 405 235 426 nos
246 405 302 425 non
325 405 420 425 sumus
433 396 553 432 reprobi.
578 408 590 420 ν
612 397 718 433 Magna}
735 396 797 424 hinc
811 397 894 424 minae
916 405 979 432 pro-

184 443 279 470 deunt.
300 442 370 478 Quia
383 441 466 474 enim,
483 441 583 477 inquit,
605 441 687 469 vultis
701 442 822 476 accipere
840 441 980 477 probatio-

184 494 260 521 nem,
282 495 330 522 per
345 494 454 522 poenam
470 494 554 522 quam
569 485 646 513 vobis
660 486 824 522 inﬂigemus,
839 494 919 522 spero
934 494 982 514 no-

186 531 226 559 bis
233 539 287 559 non
295 530 451 559 defuturam
462 529 737 563 demonstrationem,
747 530 820 566 quod
831 538 887 558 non
895 531 982 558 simus

186 576 305 612 reprobi,
328 583 416 611 neque
443 574 653 603 exciderimusa
680 575 765 611 gratia
789 575 930 610 signorum
955 580 983 602 et

187 620 293 648 virtutis
311 629 318 647 :
338 620 379 648 vel
399 620 472 656 quod
493 627 543 647 nos
571 619 633 647 vitae
647 627 702 647 non
717 627 814 647 sumus
829 619 898 647 adeo
917 627 982 647 cor-

188 669 287 701 ruptae,
302 669 333 693 ut
348 673 363 692 e
375 664 455 692 nobis
468 665 583 701 migrare
599 668 711 692 coactus
724 663 759 691 sit
771 663 898 692 Christus
914 674 920 691 ε
936 671 982 691 ve-

187 717 249 737 rum
262 714 303 737 est
313 709 339 737 in
353 709 431 736 nobis
445 717 493 744 per
506 708 649 744 probatam
664 708 760 742 vitam,
775 715 878 744 eosque
889 708 984 744 puniet

188 754 234 790 qui
251 754 324 782 inter
338 761 388 782 vos
401 757 466 781 sunt
479 753 663 788 immorigeri.

224 800 314 826 Vnus.
329 802 358 826 7.
375 810 388 822 α
404 799 504 826 Precor
516 801 607 825 autem
619 799 720 831 Deum,
740 802 771 826 ut
785 797 852 825 nihil
868 797 930 825 mali
946 796 985 824 fa-

187 844 275 878 ciatis,
290 851 345 871 non
360 847 391 870 ut
404 851 456 870 nos
478 842 582 878 probati
602 850 792 878 appareamus,
810 841 857 870 sed
881 846 913 870 ut
935 849 983 869 vos

187 887 263 924 quod
282 888 386 916 bonum
399 891 449 921 est,
464 886 579 922 faciatis,
594 895 645 915 nos
659 891 751 915 autem
775 890 807 914 ut
820 886 929 922 reprobi
943 886 983 914 si-

188 940 260 961 mus.
289 944 302 957 ιι
330 931 400 960 Vide
428 931 644 960 misericordiam
666 932 734 967 ejus.
746 931 984 967 Vilipendebatur,

188 976 426 1013 proscindebatur,
437 980 567 1012 tanquam
577 976 625 1012 qui
638 975 705 1004 nihil
717 979 818 1012 posset,
829 975 878 1004 sed
891 975 983 1003 solum

188 1023 216 1050 in
228 1022 326 1050 litteris
338 1021 531 1057 iactabundus.
546 1022 610 1056 Ipso
625 1028 690 1049 vero
704 1029 761 1049 non
775 1020 867 1048 solum
891 1019 985 1048 differt

189 1075 221 1095 ac
235 1067 326 1103 rejicit
332 1074 456 1103 poenam,
467 1074 564 1094 verum
575 1065 658 1094 etiam
667 1070 786 1101 rogatae
798 1073 921 1101 unquam
932 1064 983 1100 ipsi

190 1116 333 1148 peccatum
345 1111 534 1144 committant,
545 1114 572 1138 et
587 1118 622 1138 ne
632 1110 690 1146 ipse
703 1118 752 1138 eos
766 1110 861 1145 punire
873 1114 986 1146 cogatur

189 1156 349 1185 necessitate
373 1156 426 1184 hoc
456 1155 624 1191 postulante,
652 1162 804 1191 eorumque
832 1154 983 1183 demeritis.

188 1203 250 1230 Non
260 1201 333 1229 enim
343 1201 371 1229 in
386 1201 438 1229 hoe
453 1200 575 1235 elabora,
587 1199 686 1236 inquit,
696 1204 728 1228 ut
740 1199 832 1227 videar
841 1199 984 1236 probatus,

189 1253 240 1274 ceu
265 1246 416 1281 potentiam
435 1244 566 1281 puniendi
594 1244 708 1278 habens,
732 1243 783 1272 sed
812 1248 843 1272 ut
871 1251 918 1272 vos
933 1243 985 1272 bo-

189 1298 257 1318 num
272 1290 374 1318 faciatis
388 1297 514 1326 semper;
534 1293 562 1317 et
585 1289 609 1317 si
634 1297 754 1325 unquam
782 1289 923 1324 contingat
937 1296 985 1316 vos

189 1335 398 1371 delinquere,ut
409 1335 540 1370 paeniteat
557 1342 605 1362 vos
613 1334 765 1362 scelerum:
784 1337 811 1361 et
823 1337 854 1360 ut
869 1341 919 1368 ego
934 1333 985 1360 sim

190 1379 273 1408 veluti
287 1379 428 1415 reprobus,
448 1379 500 1406 hoc
514 1383 565 1412 est,
589 1383 619 1406 ut
634 1386 685 1414 ego
703 1378 776 1414 apud
802 1377 921 1413 plebeios
944 1377 986 1404 vi-

194 1423 261 1452 dear
269 1424 394 1451 infirmus
413 1431 444 1451 ac
461 1424 609 1459 impotens,
621 1423 720 1459 quippe
728 1423 773 1458 qui
785 1422 986 1450 noninveniam

194 1469 287 1496 locum
315 1467 446 1503 puniendi
472 1475 531 1495 vos.
554 1469 616 1495 Non
643 1467 718 1494 enim
734 1474 826 1494 revera
852 1465 986 1501 reprobus

192 1517 252 1541 erat
275 1511 384 1540 futurus
412 1522 418 1540 ε

191 1557 265 1592 quod
280 1556 319 1584 sic
333 1556 440 1584 erudiat
454 1555 614 1591 discipulos,
639 1559 671 1582 ut
695 1555 764 1582 nihil
781 1558 904 1590 peccent.
933 1554 988 1583 Sed

193 1601 229 1628 ob
248 1601 400 1628 multorum
413 1600 574 1635 opinionem
593 1599 674 1632 dixit,
694 1611 707 1623 ll
724 1599 814 1627 Veluti
827 1598 948 1634 reprobi.
974 1611 986 1624 ι.

229 1646 319 1672 Vens.
336 1648 362 1672 8.
379 1656 391 1668 ιι
406 1645 469 1672 Non
487 1643 562 1671 enim
575 1650 723 1679 possumus
740 1643 844 1678 aliquid
858 1643 989 1671 adversus

194 1689 347 1721 veritatem,
367 1688 414 1716 sed
428 1696 478 1724 pro
500 1688 622 1716 veritate.
640 1699 652 1711 ιι
675 1688 715 1715 Ne
736 1687 860 1715 videatur
873 1687 988 1715 blandiri

195 1733 245 1766 eis,
262 1733 320 1760 ait:
337 1734 378 1760 Ex
392 1737 485 1760 mente
501 1733 586 1768 320
605 1731 719 1760 omnino
740 1739 818 1760 vanae
841 1731 935 1768 gloria:
946 1740 990 1760 ex-

195 1782 270 1813 perto
283 1777 342 1806 haec
353 1777 435 1811 facio,
449 1785 559 1813 nempe,
574 1780 604 1805 ut
629 1777 653 1805 si
671 1777 857 1805 invenerimus
870 1785 918 1804 vos
932 1777 990 1805 sine

196 1823 284 1859 lapsu,
303 1830 362 1850 non
387 1822 540 1858 poterimus
563 1829 611 1850 vos
637 1821 744 1857 punire.
767 1821 845 1856 Quod
865 1821 886 1849 si
908 1821 989 1850 etiam

195 1867 397 1902 tentaverimus,
417 1868 492 1895 Deus
506 1866 586 1894 nobis
608 1874 665 1894 non
679 1866 878 1902 cooperabitur.
894 1867 990 1894 Poten-

195 1912 262 1940 tiam
275 1911 441 1941 enimnobis
452 1910 541 1945 dedit,
555 1915 586 1939 ut
599 1918 694 1939 verum
710 1909 832 1938 feramus
842 1911 988 1945 calculum,

195 1960 223 1984 et
242 1964 300 1984 non
313 1956 421 1984 veritati
437 1955 616 1984 contrarium.
646 1956 716 1983 Vere
738 1959 830 1983 autem
858 1954 989 1988 decernit,

196 2000 244 2036 qui
258 2000 372 2036 dignum
387 1999 465 2036 punit
481 2009 486 2027 :
515 1999 646 2027 adversus
665 2003 756 2027 autem
772 1999 917 2027 veritatem
937 1998 991 2027 fert

197 2043 375 2080 suffragium,
395 2043 441 2079 qui
455 2051 515 2071 non
525 2048 686 2079 peccantem
701 2044 798 2079 punire
823 2047 918 2071 tentet.

231 2090 323 2117 Vnus.
339 2092 366 2116 9.
383 2100 397 2113 «ι
416 2087 577 2117 Gaudemus
594 2089 668 2116 enim
691 2087 803 2124 quando
824 2095 874 2115 nos
887 2087 991 2116 inﬁrmi

195 2140 305 2168 sumus,
321 2141 369 2161 vos
382 2136 476 2160 autem
488 2136 616 2168 potentes
639 2132 715 2160 estis.
734 2144 746 2157 ι
757 2133 864 2160 Rursus
873 2132 991 2160 ostendit

1033 263 1078 292 τὸν
1103 263 1170 302 βίον.
1189 265 1247 293 Οὐκ
1272 264 1427 304 ἀπεφήνατο
1451 264 1491 299 δὲ,
1514 263 1557 292 ἵνα
1574 263 1613 302 μὴ
1638 261 1758 302 πλήξῃ,

1034 309 1217 341 ἐνδοιαστικῶς
1230 309 1255 327 ³³
1271 311 1350 338 τοῦτο
1360 309 1485 338 τέθεικεν.

1075 367 1087 378 σι
1103 353 1222 388 Ἐλπίζω
1239 354 1265 383 δὲ
1289 353 1329 382 ὅτι
1360 353 1491 392 γνώσεσθε
1514 352 1554 382 ὅτι
1581 352 1660 389 ἡμεῖς
1684 353 1738 381 οὐκ
1763 351 1836 388 ἐσμὲν

1036 397 1167 435 ἀδόκιμοι.
1196 411 1208 423 ι
1238 397 1329 433 Πολλὴ
1356 398 1496 427 καὶνεεῧθεν
1534 400 1550 432 ἡ
1580 396 1690 431 ἀπειλή.
1724 395 1836 430 Ἐπειξὴ

1034 441 1101 482 γὰρ,
1113 442 1194 482 φησι,
1219 442 1344 482 βούλεσθε
1364 444 1459 482 λαβεῖν
1475 442 1523 477 τὴν
1540 440 1653 479 δοκιμὴν
1671 440 1718 470 διὰ
1734 442 1785 476 τῆς
1807 441 1836 473 εἰς

1035 488 1103 524 ὑμᾶς
1126 487 1276 525 κολάσεως,
1304 487 1401 521 ἐλπίζω
1423 485 1465 515 ὅτι
1483 487 1531 516 οὐκ
1556 486 1734 525 ἀπορήσομεν
1750 486 1835 514 Seu-ul

1035 533 1096 568 ὑμῖν
1125 531 1172 567 τὴν
1193 531 1341 567 ἀπόδειξιν,
1367 531 1407 560 ὅτι
1432 532 1480 560 οὐκ
1502 530 1624 568 ἀδόκιμοί
1650 531 1755 569 ἐσμεν,
1780 529 1833 558 edi;-

1036 575 1196 613 ἐξεπέσαμεν
1228 578 1275 611 τῆς
1304 576 1414 615 χάριτος
1441 577 1493 605 τῶν
1528 574 1664 613 σημείων,
1706 576 1759 604 καὶ
1792 576 1834 607 τῆς

1035 621 1187 655 δυνάμεως·
1203 620 1219 656 ἢ
1239 621 1279 650 ὅτι
1293 623 1322 650 οὐ
1337 620 1515 661 διεφθάρμεθα
1538 620 1582 649 τὸν
1599 619 1657 658 βίον
1670 621 1754 657 ἡμεῖς
1767 641 1776 654 ,
1796 618 1832 646 ἵνα

1036 665 1081 693 καὶ
1105 665 1235 703 ἐξοικισθῇ
1259 667 1336 702 ἡμῶν
1352 667 1366 694 ὁ
1390 665 1520 704 Χριστὸς,
1547 665 1606 692 ἀλλ’
1628 663 1702 693 ἔστιν
1720 664 1750 693 ἐν
1777 664 1833 700 ἡμῖν

1036 709 1079 738 διὰ
1095 712 1139 739 τοῦ
1153 709 1292 748 εὐδοκίμου
1311 709 1387 749 βίου,
1412 709 1457 738 καὶ
1475 708 1662 749 τιμωρήσεται
1678 708 1742 743 τοὺς
1763 709 1833 737 ins:-

1036 755 1144 787 οοῖῖντας
1158 755 1241 792 ὑμῶν.

1076 812 1088 824 ι
1106 797 1228 838 Εὔχομαι
1249 799 1275 828 δὲ
1292 798 1356 838 πρὸς
1371 798 1415 828 τὸν
1429 799 1498 829 Θεὸν
1514 797 1551 836 μὴ
1572 797 1689 834 ποιῆσαι
1704 798 1777 836 ὑμᾶς
1792 810 1832 825 u-

1039 842 1084 872 κίιν
1097 843 1178 881 μηδέν
1192 855 1196 860 ·
1209 844 1259 883 οὐχ
1273 843 1315 872 ἵνα
1336 843 1412 881 ἡμεῖς
1427 843 1531 881 δόκιμοι
1554 844 1682 880 φανῶμεν
1692 865 1700 877 ,
1722 843 1783 870 ἀλλ’
1798 842 1832 870 ἴνα

1040 889 1114 926 ὑμεῖς
1125 887 1156 917 τὸ
1166 888 1246 917 καλὸν
1265 890 1373 924 ποιῆτε,
1391 890 1466 926 ἡμεῖς
1486 887 1513 916 δὲ
1528 889 1564 920 ὥς
1578 886 1706 925 ἀδόκιμοι
1721 881 1805 924 ιῖιμεν.
1818 899 1829 915 n

1036 932 1111 971 "Oper
1126 933 1268 972 σπλάγχνα
1278 943 1286 951 ⁸
1302 937 1504 973 κατεφρονεῖτο,
1534 932 1723 971 ἐκωμῳδεῖτο,
1747 933 1784 964 ὡς
1797 932 1833 961 οὖ-

1038 976 1079 1006 δὲν
1097 977 1252 1014 δυνάμενος,
1275 977 1345 1006 ἀλλὰ
1371 977 1450 1015 μόνον
1465 978 1492 1007 ἐν
1511 977 1654 1016 γράμμασι
1681 976 1834 1014 κομπάζων·

1038 1021 1083 1051 καὶ
1095 1023 1124 1051 οὐ
1150 1021 1228 1059 μόνον
1253 1022 1436 1052 ἀναϐάλλεται
1456 1022 1505 1058 τὴν
1527 1021 1676 1061 τιμωρίαν,
1705 1020 1777 1050 ἆλλᾶ
1798 1021 1835 1049 καὶ

1038 1065 1144 1106 εὔχεται
1163 1066 1232 1104 μήτε
1258 1066 1351 1100 αὐτοὺς
1368 1066 1533 1107 ἁμαρτήσειν
1553 1065 1638 1101 ποτὲ,
1664 1065 1738 1103 μήτε
1766 1066 1835 1094 αὖτὲν

1039 1111 1075 1143 εἷς
1103 1109 1222 1150 ἀνάγκην
1248 1111 1402 1140 ἐλεύσεσθαι
1429 1114 1474 1140 τοῦ
1514 1111 1682 1149 τιμωρῆσαι.
1715 1111 1759 1140 Οὖ
1793 1110 1835 1149 γὰρ

1038 1159 1115 1184 τοῦτο
1130 1155 1271 1190 σπουδάζω
1281 1179 1289 1191 ,
1306 1156 1385 1196 φησὶν
1395 1179 1404 1191 ,
1421 1155 1465 1184 ἵνα
1485 1157 1560 1196 φανῶ
1575 1154 1702 1193 δόκιμος,
1718 1157 1756 1188 ὣς
1770 1155 1837 1184 δόνει·

1040 1212 1084 1238 μιν
1108 1200 1177 1240 ἔχων
1203 1204 1247 1230 τοῦ
1275 1201 1410 1236 κολάζειν,
1440 1200 1498 1230 ἀλλ’
1531 1199 1575 1228 ἵνα
1602 1201 1679 1237 ὓμεῐς
1702 1199 1734 1229 τὸ
1764 1200 1834 1228 χιὶὶτι

1039 1247 1132 1280 ποιῆτε
1159 1245 1218 1280 ἀεὶ,
1250 1244 1299 1274 κᾶν
1325 1245 1462 1284 ἇμάρτητέ
1496 1256 1577 1281 ποτε,
1603 1243 1646 1273 ἵνα
1672 1246 1835 1282 permisi

1040 1289 1114 1327 κάγὼ
1141 1288 1184 1318 ἵνα
1199 1284 1221 1318 ὦ
1245 1292 1280 1322 ὡς
1302 1289 1441 1327 ἀδόκιμος,
1470 1288 1620 1324 τουτέστιν,
1643 1288 1688 1318 ἵνα
1702 1290 1775 1317 δοκῶ
1794 1293 1837 1320 rei;

1040 1335 1147 1366 πολλοῖς
1175 1333 1287 1368 ἀσθενὴς
1331 1335 1377 1363 καὶ
1402 1334 1548 1370 ἀδύνατος,
1576 1332 1622 1362 ἅτε
1647 1333 1687 1370 μὴ
1717 1334 1838 1372 εὓρίσκων

1040 1378 1130 1424 γὼώραν
1145 1382 1190 1408 τοῦ
1201 1379 1312 1407 κολάσαι
1326 1380 1406 1417 ὑμᾶς.
1438 1380 1479 1408 Οὐ
1493 1378 1546 1417 γὰρ
1605 1378 1721 1417 ἀληθεία
1734 1378 1836 1416 ἔμελλε-ε

1041 1422 1107 1452 εἶναι
1128 1422 1252 1460 ἀδόκιμος
1268 1432 1274 1439 ⁸
1292 1424 1392 1462 μᾶλλον
1406 1423 1433 1441 ³⁵
1453 1423 1480 1452 δὲ
1507 1423 1612 1459 δόκιμος
1633 1422 1791 1460 εὑρίσκετο,
1804 1423 1838 1450 ὅτι

1041 1466 1109 1496 οὕτω
1133 1467 1253 1497 παιδεύει
1279 1466 1338 1501 τοὺς
1364 1467 1500 1506 μαῡητὰς,
1524 1466 1593 1496 ὥστε
1609 1467 1693 1504 μηδὲν
1720 1467 1838 1506 ἁμαρτά-

450 1511 498 1539 sed
519 1511 609 1547 potius
635 1511 767 1547 probatus
787 1510 959 1538 inveniebatu

1081 1524 1104 1540 ν.
1130 1511 1210 1541 Ἀλλὰ
1226 1512 1269 1541 διὰ
1284 1511 1332 1548 τὴν
1356 1513 1408 1541 τῶν
1425 1513 1531 1541 πολλῶν
1554 1511 1689 1551 ὑπόληψιν
1712 1507 1771 1540 εἶπε
1796 1511 1837 1547 τὸ,

1048 1567 1062 1584 (ι
1075 1555 1120 1589 Ὡς
1134 1556 1266 1595 ἀδόκιμοι.
1284 1570 1297 1582 ι

1087 1656 1098 1668 «
1117 1644 1158 1672 Οὔ
1172 1642 1224 1682 γὰρ
1250 1642 1382 1681 δυνάμεθά
1410 1654 1436 1671 τι
1461 1641 1531 1672 κατὰ
1557 1643 1604 1677 τῆς
1623 1641 1770 1679 ἀληθείας,
1788 1643 1839 1670 ἀλλ’

1043 1687 1109 1727 ὑπὲρ
1133 1690 1179 1722 τῆς
1201 1687 1334 1722 ἀληθείας,
1351 1698 1366 1715 ιι
1391 1685 1453 1716 Ἵνα
1469 1687 1507 1725 μὴ
1528 1685 1589 1724 δόξῃ
1610 1687 1780 1726 χαρίσασθαι
1800 1689 1839 1715 αὖ·

1043 1734 1110 1768 τοῖς,
1137 1731 1232 1771 φησίν·
1258 1731 1306 1766 Ἐξ
1330 1731 1483 1765 ἀκενοδόξου
1506 1731 1615 1770 γνώμης
1637 1730 1745 1764 πάντως
1767 1734 1837 1760 τοῦτο

1043 1778 1124 1813 ποιῶ,
1138 1775 1177 1804 ὅτι
1188 1775 1232 1805 ἐὰν
1253 1775 1371 1815 εὕροιμεν
1395 1778 1464 1814 ὑμᾶς
1479 1775 1686 1816 ἀνεπισφαλεῖς,
1717 1777 1748 1805 οὖ
1771 1776 1839 1810 δυνη-

1045 1821 1143 1859 σόμεθα
1157 1820 1268 1850 κολάσαι
1279 1832 1286 1839 ·
1301 1820 1371 1849 ἀλλὰ
1384 1820 1433 1849 κᾶν
1445 1819 1659 1860 ἐπιχειρήσωμεν
1669 1843 1677 1859 ,
1693 1822 1709 1849 ὁ
1733 1820 1802 1853 Θεὸς
1815 1822 1837 1849 e3

1044 1865 1202 1904 συμπράξει.
1226 1865 1345 1902 Δύναμιν
1374 1864 1425 1904 γὰρ
1449 1867 1512 1903 ἡμῖν
1531 1864 1664 1901 δέδωκεν,
1690 1864 1736 1894 ἵνα
1759 1865 1837 1900 ἀληθῆ

1045 1909 1165 1948 φέρωμεν
1189 1910 1238 1944 τὴν
1268 1911 1374 1949 ψῆφον,
1400 1911 1450 1948 οὐχ
1476 1907 1632 1939 ὑπεναντίαν
1719 1909 1835 1948 ἀληθείᾳ,

1046 1953 1159 1988 Ἀληθῶς
1188 1954 1215 1983 δὲ
1244 1954 1387 1994 ψηφίζεται
1412 1955 1426 1981 ὁ
1452 1953 1495 1982 τὸν
1524 1952 1594 1986 ἄξιον
1621 1953 1835 1991 τιμωρούμενος”

1044 1997 1113 2026 κατὰ
1128 2000 1173 2033 τῆς
1189 1998 1312 2034 ἀληθείας
1328 1998 1354 2027 δὲ
1366 2022 1375 2035 ,
1391 2000 1404 2027 ὃ
1417 1998 1460 2027 τὸν
1475 1998 1512 2036 μὴ
1533 1997 1725 2036 ἁμαρτάνοντα
1737 1999 1835 2038 ἐπιχει-

1046 2044 1097 2081 ρῶν
1113 2042 1245 2076 κολάζειν.

1085 2100 1096 2113 ιι
1114 2086 1250 2126 Χαίρομεν
1265 2087 1331 2126 γὰρ,
1344 2086 1407 2116 ὅταν
1421 2086 1498 2124 ἡμεῖς
1520 2086 1568 2124 μὲν
1583 2087 1756 2125 ἀσθενῶμεν,
1771 2089 1836 2125 ὑμεῖς

1045 2130 1071 2160 δὲ
1097 2131 1202 2161 δυνατοὶ
1226 2127 1282 2167 ἦτε.
1307 2142 1322 2159 ›)
1355 2131 1441 2161 Πάλιν
1467 2130 1596 2161 δείκνυσιν
1621 2132 1716 2160 ἑαυτὸν
1745 2132 1835 2171 σφόδρα

197 2177 317 2214 seipsum
336 2177 487 2206 admodum
500 2177 566 2213 ipsis
579 2185 638 2205 esse
656 2176 810 2205 addictum.
826 2176 875 2204 Ait
895 2177 959 2204 enin

1079 2178 1139 2205 ιεῖον
1159 2177 1246 2209 αὐτοῖς
1264 2175 1338 2205 ὄντα.
1354 2176 1434 2214 Λέγει
1443 2175 1508 2214 γὰρ,
1525 2175 1566 2205 ὅτι
1580 2175 1626 2211 Μὴ
1641 2175 1789 2214 νομίσητε,
1804 2176 1835 2205 ὅτι

198 2223 239 2251 Ne
254 2222 415 2251 existimetis
433 2221 508 2258 quod
530 2222 594 2258 quia
612 2229 668 2250 non
686 2221 789 2257 possim
807 2220 991 2257 (quandoqui-

195 2267 260 2296 dem
278 2275 326 2296 vos
349 2275 406 2295 non
424 2267 596 2303 impingatis)
611 2266 758 2302 potentiam
777 2273 869 2294 meam
881 2265 992 2294 demon-

195 2316 281 2340 strare
309 2320 374 2348 erga
403 2319 461 2345 vos,
488 2316 631 2347 propterea
660 2310 786 2344 doleam;
815 2311 893 2338 laetor
918 2311 992 2338 enim

195 2356 330 2390 maxime,
341 2355 450 2392 quando
463 2355 520 2391 ipse
539 2355 651 2391 quidem
665 2362 716 2390 ego
732 2355 862 2389 infirmer,
879 2357 931 2383 hoc
941 2359 992 2389 est,

196 2399 321 2428 inﬁrmus
330 2403 452 2435 reputer,
467 2399 543 2435 quod
555 2407 612 2426 non
623 2399 726 2434 possim
740 2399 890 2434 potentiam
902 2407 992 2427 meam

196 2443 336 2480 puniendo
349 2448 567 2471 commonstrare
582 2453 589 2470 ι
606 2450 653 2470 vos
674 2447 769 2470 autem
783 2447 910 2478 potentes
924 2443 991 2478 sitis,

196 2489 250 2517 hoc
265 2492 317 2523 est,
328 2488 430 2516 virtute
447 2487 600 2524 conspicui,
619 2488 752 2523 lapsuque
762 2491 902 2516 vacantes.

234 2545 248 2557 ιι
270 2533 331 2561 Hoc
353 2535 447 2560 autem
474 2535 502 2560 et
525 2539 681 2567 precamur,
706 2535 825 2560 vestram
846 2531 988 2567 perfectio-

197 2586 272 2607 nem.
289 2589 302 2602 ι
322 2578 386 2605 Non
409 2577 510 2610 solum,
531 2576 630 2613 inquit,
656 2576 708 2605 hoc
730 2575 805 2610 volo,
830 2576 878 2605 sed
896 2585 993 2613 precor

195 2622 277 2651 etiam
296 2629 356 2651 esse
372 2629 422 2649 vos
443 2620 697 2657 irreprehensibiles
722 2624 750 2648 et
775 2621 909 2658 integros,
940 2621 993 2649 hoc

196 2671 248 2702 est,
271 2666 416 2703 perfectos,
443 2666 546 2694 nullam
567 2673 663 2694 ansam
686 2665 850 2702 praebentes.

230 2713 319 2741 Vsus.
336 2714 381 2740 10.
398 2721 412 2737 ιι
425 2712 570 2747 Propterea
583 2710 641 2739 haec
652 2710 752 2739 absens
766 2711 868 2747 scribo,
884 2715 914 2739 ut
934 2718 991 2738 non

1046 2220 1136 2255 ἐπειδὴ
1163 2222 1191 2250 οὐ
1215 2221 1345 2258 δύναμαι,
1381 2220 1534 2249 ἀπταίστων
1563 2219 1648 2250 ὄντων
1671 2222 1768 2259 ὑμῶν,
1797 2222 1834 2254 τὴν

1047 2265 1158 2304 δύναμίν
1188 2277 1238 2304 μου
1264 2265 1458 2302 ἐπιδείξασθαι,
1484 2265 1558 2303 ἀλγῶ
1573 2265 1616 2294 διὰ
1640 2267 1739 2295 τοῦτο·
1761 2265 1835 2305 χαίρω

1047 2309 1098 2348 γὰρ
1114 2310 1229 2348 μάλιστα
1244 2309 1306 2338 ὅταν
1327 2309 1404 2343 αὐτὸς
1421 2310 1469 2348 μὲν
1482 2309 1534 2348 ἐγὼ
1549 2310 1653 2338 ἀσθενῶ
1665 2332 1674 2348 ,
1695 2310 1834 2345 τουτέστι-ι,

1048 2353 1158 2389 ἀσθενὴς
1185 2353 1352 2391 νομίζωμαι,
1375 2355 1410 2387 ὡς
1431 2353 1468 2392 μὴ
1497 2354 1708 2392 ἐπιδεικνύμενος
1736 2353 1832 2390 δύναμίν

1047 2410 1106 2427 τινα
1140 2399 1165 2428 ἐν
1204 2400 1241 2438 τῷ
1275 2401 1465 2438 τιμωρεῖσθαι·
1491 2399 1566 2436 ὑμεῖς
1594 2399 1621 2428 δὲ
1653 2399 1760 2428 δυνατοὶ
1783 2393 1833 2434 ἦτε,

1047 2443 1179 2472 τουτέστιν
1189 2467 1196 2481 ,
1212 2443 1329 2483 ἐνάρετοι
1339 2465 1347 2479 ,
1364 2443 1517 2473 ἄπταιστοι.

1090 2539 1103 2556 ‹ι
1121 2529 1208 2558 Τοῦτο
1224 2527 1250 2557 δὲ
1267 2527 1312 2557 καὶ
1334 2527 1462 2568 εὔχομαι,
1487 2527 1534 2563 τὴν
1552 2529 1627 2566 ὑμῶν
1641 2528 1802 2568 κατάρτισιν.
1816 2535 1828 2554 β

1048 2573 1088 2602 Οὖ
1110 2572 1204 2611 μόνον,
1220 2572 1301 2612 φησὶ,
1326 2572 1456 2612 βούλομαι
1471 2574 1565 2611 τοῦτο,
1581 2571 1650 2601 ἀλλὰ
1669 2573 1715 2602 καὶ
1731 2571 1830 2611 εὔχομαι

1047 2616 1077 2646 τὸ
1102 2612 1169 2646 εἶναι
1185 2618 1262 2655 ,ὑμᾶς
1287 2616 1420 2652 ἀλήπτους
1435 2617 1480 2646 καὶ
1497 2616 1738 2656 κατηρτισμένους,
1762 2626 1828 2643 τουτ-

1048 2661 1120 2697 έστι,
1149 2662 1384 2700 τετελειωμένους,
1401 2661 1535 2700 μηδεμίαν
1559 2660 1647 2696 λαϐὴν
1667 2660 1824 2700 παρέχοντας.

1092 2719 1104 2732 α
1123 2706 1174 2736 Διὰ
1199 2708 1275 2735 τοῦτο
1302 2709 1385 2735 ταῦτα
1408 2705 1484 2735 ἀπὼν
1498 2705 1606 2746 γράφω,
1631 2704 1675 2734 ἵνα
1697 2703 1783 2743 παρὼν
1795 2700 1825 2739 μὴ

893 2755 987 2784 Variae
1009 2754 1158 2785 lectiones.

231 2805 253 2822 ³⁸
267 2804 436 2832 ἔνδοιαστικὸν
451 2812 477 2833 0.
515 2804 538 2822 ³⁵
550 2804 618 2840 μάλα
630 2803 679 2840 γὰρ
693 2812 720 2832 0.
