1877 3081
42 182 70 210 l9
429 181 604 210 EXPOSITIO
624 182 656 209 IN
677 176 782 210 EPIST.
803 182 827 210 ll
843 181 890 210 AD
909 181 988 210 COR.
1008 196 1044 202 —
1063 182 1139 210 CAP.
1159 182 1223 211 Xlll.

1607 183 1660 210 950

41 245 157 282 κοτύμοκ
185 243 345 284 χρήσωμαι,
366 243 435 274 κατὰ
450 244 498 279 τὴν
529 243 648 278 ἐξουσίαν
669 244 702 280 ἣν
726 244 800 274 ἔδωκη

888 251 988 273 τωεοιιε
1010 243 1107 272 durius
1120 252 1210 280 agam,
1222 245 1374 273 secundum
1391 248 1554 280 potestatem
1577 252 1663 281 quam

40 300 60 319 οι
72 291 85 318 ὁ
105 289 204 328 Κύριος
217 290 254 322 εἰς
268 288 407 326 οἰκοδομὴν
418 311 426 327 ,
442 288 488 318 καὶ
502 290 548 318 οὐκ
558 291 594 321 εἰς
609 289 772 329 καθαίρεσιν.
791 300 805 318 ι)

39 334 125 369 mea
140 333 242 374 σφόδρα
267 332 412 369 ἰπέπληξεν
428 333 521 367 αὐτοὺς
538 333 583 363 καὶ
603 334 750 372 ἠπείλησε,
766 336 811 363 νῦν

38 380 187 417 κολογείται
197 402 206 417 ,
222 377 268 407 καί
283 389 348 418 φησι
363 387 369 395 ·
387 377 440 408 Διὰ
449 380 528 408 τοῦτο
541 378 625 411 οὕτως
639 378 744 418 ἔγραψα
752 400 762 414 ,
776 382 812 412 ὡς

37 423 175 461 ωλόμινος
197 423 260 462 ἄχρι
277 424 329 453 τῶν
352 422 519 463 γραμμάτων
544 419 610 452 εἶναι
636 423 684 459 τὴν
699 423 810 460 ἀπειλὴν

36 467 60 497 αὶ
81 466 130 503 τὴν
154 467 320 506 ἀποτομίαν,
341 467 411 497 ἀλλὰ
426 467 463 505 μὴ
485 468 512 496 ἐν
532 472 585 501 τοῖς
605 467 689 507 ἔργοις
709 468 810 498 ἐπιδει-

35 514 119 547 θῆναι.
141 511 190 547 Μὴ
203 511 387 551 διορθωθέντας
401 511 452 552 γὰρ
468 512 577 542 κολάσω
587 512 693 546 πάντως
707 513 809 543 ἄποτό-

35 568 69 590 ως
80 579 93 598 ,γ
105 557 200 592 ἐπειδὴ
213 556 331 591 ἐξουσίαν
351 555 450 586 δέδωκέ
472 569 516 594 μοι
531 559 545 586 δ
562 558 666 598 Κύριος.
684 557 734 588 Ἐκ
753 557 811 587 τού-

33 613 57 631 αυ
72 597 116 631 οὖν
143 601 276 631 δείκνυσιν
292 600 330 630 ὅτι
352 601 398 631 καὶ
418 603 432 631 ὁ
449 601 544 642 Κύριος
564 602 597 631 δι’
623 603 703 632 αὐτοῦ
729 601 809 640 μέσου

33 646 127 680 ολάζει.
155 646 292 676 Δεικνύων
307 646 334 675 δὲ
357 645 398 675 ὅτι
425 647 473 675 οὐκ
498 647 621 685 ἐπιθυμεῖ
705 647 808 686 ἐξουσίᾳ

31 690 165 730 γρήσασθαι
192 691 229 725 εἰς
254 690 302 726 τὴν
327 690 432 720 ἐκείνων
460 690 607 730 τιμωρίαν,
629 692 806 731 προσέθηκεν,

31 746 52 764 τι
65 748 77 760 ι
91 735 151 765 Οὖκ
164 736 202 768 εἰς
214 735 366 775 καθαίρεσιν
376 757 385 772 ,
401 736 462 764 ἀλλ’
478 737 513 768 εἰς
525 735 675 775 ξοὶκοδομήν
684 747 691 754 ·
704 750 716 762 -
732 748 807 766 τουτ-

30 791 84 817 στι,
115 779 324 819 προηγουμένως
343 782 357 810 ὃ
383 779 478 820 Κύριος
508 781 536 810 οὖ
563 781 687 820 βούλεται
715 781 808 810 καθαί-

30 823 113 864 ειν
142 825 293 864 καθαιρεῖν]
306 825 344 860 ³⁶,
367 824 427 860 ἤτοι
456 825 591 862 κολάζειν,
620 826 679 854 ἀλλ’
710 826 809 856 οἰκοδο-

28 869 85 904 ιιῖν,
102 868 239 898 τουτέστιν
251 891 259 905 ,
278 869 423 909 εὐεργετεῖν
437 880 444 887 ·
459 869 529 905 πλὴν
544 870 590 899 καὶ
603 869 634 899 τὸ
648 872 702 903 τοῖς
717 871 806 911 ἀδιορ-

27 913 101 946 ηώτοις
116 913 228 952 ἐπάγειν
236 914 262 932 ³⁷
272 913 320 949 τὴν
336 913 488 954 καθαίρεσιν
497 937 505 952 ,
521 915 666 953 οἰκοδομεῖν
681 915 748 947 ἐστι.

53 970 66 985 α
83 959 108 988 Τ
109 958 123 987 ὸ
138 958 249 994 λοιπὸν,
264 958 371 998 ἀδελφοὶ
381 981 388 994 ,
404 959 555 1000 χαίρετιτ)
574 958 661 997 Ἐγὼ,
676 960 752 1000 φησὶ,
773 960 807 990 τὰ

27 1005 122 1039 μαυτοῢ
151 1003 281 1038 ἐποίησα.
309 998 471 1034 Ὑπόλοιπον
503 998 547 1033 οὗν
575 1004 646 1033 ἐστιν
678 998 745 1043 ὗμᾶς
774 1005 807 1034 τὰ

27 1049 107 1076 αυτῶν
121 1052 340 1087 συνεισενεγκεῖν.
374 1047 564 1086 Διορῦωθέντις
588 1048 656 1088 γὰρ,
681 1049 805 1089 ἀμάραν-

23 1103 52 1120 mi
65 1092 194 1128 κτήσεσθε
218 1092 266 1127 τὴν
283 1093 336 1133 άττρ
358 1096 403 1122 τοῦ
427 1091 572 1126 συνειδότος
594 1092 698 1133 χαρὰνξ,
723 1094 806 1124 εἶκαὶ

22 1136 90 1172 ιύπης
101 1137 210 1177 ῥήματα
225 1138 286 1175 ὑμῖν
299 1131 384 1167 εἶπον.

50 1194 60 1207 ι
78 1181 290 1221 Καταρτίζεσθε.
306 1194 317 1207 ι
346 1181 416 1212 Ἀντὶ
439 1184 500 1218 τοῦ,
524 1182 630 1212 Τέλειοι
656 1181 758 1221 γίνεσθε
778 1184 804 1213 ἔν

20 1237 38 1255 ιε
52 1226 163 1266 δόγμασι
179 1225 227 1256 καὶ
242 1227 268 1256 ιν
291 1226 349 1267 βίῳ,
364 1226 409 1256 καὶ
435 1227 617 1267 ἀναπληροῦτε
631 1227 665 1257 τὰ
680 1227 804 1258 λείποντα

19 1282 78 1300 ιιιιν.

52 1317 293 1356 «Παρακαλείσθι.
309 1326 324 1345 ι)
343 1315 458 1352 Ἐπειδὴ
482 1316 576 1346 πολλοὶ
599 1312 668 1352 ἦσαν
693 1319 717 1347 οἱ
740 1329 802 1348 πει-ι

17 1361 101 1398 ρασμοὶ
115 1360 160 1390 καὶ
180 1363 206 1390 οἱ
225 1360 350 1397 κίνδυνοι,
367 1361 452 1400 φησί’
472 1362 678 1400 Παρακαλείσθε
698 1362 744 1391 καὶ
759 1363 802 1403 ὑφ’

16 1406 104 1434 ἑαυτῶν
125 1405 168 1434 καὶ
194 1405 238 1434 ὑπ’
257 1405 379 1441 ἀλλήλων
390 1405 432 1441 ³⁸,
448 1406 492 1435 καὶ
515 1406 565 1435 ὑπὸ
579 1407 626 1441 τῆς
641 1407 676 1440 εἷς
690 1406 720 1436 τὸ
737 1407 802 1446 βέλ-

16 1461 62 1478 τιον
85 1450 244 1488 μεταϐολῆς.
268 1449 381 1489 Μιγάλη
397 1449 448 1490 γὰρ
472 1451 657 1491 παράκλησις,
686 1451 802 1486 συνειδὸς

15 1494 110 1533 ἀγαθόν.

50 1553 60 1565 ι
79 1540 117 1570 Τὸ
131 1539 198 1569 αὐτὸ
213 1543 348 1580 φρονεῖτε,
360 1539 519 1579 εἰρηνεύετε.
536 1550 552 1568 »
565 1541 653 1570 Τοῦτο
669 1540 713 1570 καὶ
727 1543 753 1571 ἐν

15 1583 117 1624 προτέρᾳ
134 1584 229 1617 αὐτοὺς
243 1584 342 1624 ᾔτησεν
352 1607 360 1623 ,
372 1585 408 1617 ὡς
417 1585 661 1618 διαστασιάζοντσς.
678 1585 762 1616 Ἐστι
773 1586 800 1615 δὲ

14 1628 39 1656 τὸ
50 1629 108 1658 αὐτὸ
124 1629 171 1667 μὲν
200 1629 303 1668 φρονεῖν
321 1630 347 1658 ἐν
368 1629 421 1662 τοῖς
444 1628 574 1668 δόγματι,
591 1629 630 1667 μὴ
658 1631 801 1669 εἰρηνεύειν

15 1672 37 1700 δὲ
64 1673 89 1702 ἰν
122 1678 175 1706 τοῖς
205 1673 269 1712 πρὸς
305 1673 454 1710 ἀλλήλους’
481 1673 619 1714 ἀμφότερα
659 1674 745 1704 τοίνυν
787 1678 801 1705 ὁ

16 1717 109 1751 Παῦλος
124 1719 180 1747 ἄπα
186 1718 242 1747 ιτεῖ.

48 1776 57 1786 ι
73 1762 122 1791 Καὶ
134 1764 147 1791 ὁ
161 1762 232 1796 Θεὸς
245 1764 292 1798 τῆς
318 1761 422 1802 εἶρήνης
446 1762 492 1791 καὶ
517 1762 622 1802 ἀγάπης
647 1762 724 1792 ἔσται
740 1764 802 1802 μεθ’

14 1806 87 1843 ὐμῶν.
101 1820 112 1833 ι
136 1808 176 1837 Οὐ
201 1806 278 1845 μόνον
305 1811 448 1846 παραινεῖ,
466 1805 536 1836 ἀλλὰ
560 1807 606 1836 καὶ
629 1807 752 1847 εὔχεται·
781 1808 799 1844 ἢ

14 1850 62 1879 οὐδὲ
85 1851 147 1891 εὐχή
173 1853 230 1881 ἐστι
258 1853 352 1889 τοῦτο,
376 1851 444 1880 ἀλλὰ
467 1853 514 1880 τοῦ
529 1851 677 1886 ἀκολούθως
701 1852 798 1891 ἐσομέ-

14 1907 50 1924 νου
60 1896 285 1938 προαναφώνησις,
293 1897 344 1927 ὅτι.
358 1895 424 1926 Ἐὰν
435 1895 586 1935 εἷρηνεύητι
594 1919 603 1934 ,
615 1896 705 1931 δΘεὸς
722 1897 798 1928 ἔσται

14 1942 64 1977 μεθ’
78 1942 158 1979 ὑμῶν.
183 1940 300 1979 Ἇγάπης
315 1940 342 1970 δὲ
367 1940 436 1974 Θεὸς
459 1941 582 1980 λέγεται,
601 1941 619 1976 ἢ
633 1943 674 1979 ,ὡς
700 1941 798 1978 ταύτης

14 1984 126 2023 πηγὴ,ἢ
151 1987 190 2019 ὣς
213 1985 312 2021 ταύτην
338 1985 513 2024 ἐνδειξάμενος
529 1987 564 2019 εἰς
584 1987 657 2024 ἡμᾶς
681 1987 798 2026 ὑπερϐο-

14 2029 78 2065 λικήν
88 2042 94 2048 ·
108 2030 125 2066 ἢ
139 2033 173 2064 ὡς
191 2030 252 2059 ἔνθα
279 2029 350 2060 ἐστὶν
368 2030 461 2070 ἀγάπη
472 2053 480 2066 ,
497 2032 552 2060 ἐκεῖ
576 2031 622 2060 καὶ
646 2030 725 2064 αὐτὸς
739 2031 775 2060 ὢν
786 2055 795 2068 ,

14 2074 50 2102 καὶ
73 2075 208 2111 Δεσπότης
229 2075 326 2111 ταύτης
348 2074 515 2114 φαινόμενος.
534 2074 676 2110 Ὡσαύτως
698 2076 725 2105 δὲ
750 2077 796 2106 καὶ

14 2120 51 2152 τῆς
62 2119 174 2159 εἰρήνης’
200 2119 216 2155 ἢ
232 2121 267 2153 ὡς
287 2119 361 2159 πηγὴ
377 2119 475 2155 ταύτης
485 2144 493 2158 ,
548 2121 583 2153 ὥς
599 2120 748 2160 εἰρηνεύσας
763 2120 796 2150 τὰ

14 2162 35 2189 ἓν
57 2164 171 2204 οὐρανῷ,
196 2163 289 2194 καὶτὰ
315 2163 358 2194 ἐπὶ
382 2166 447 2203 γῆς,
477 2163 495 2200 ἢ
518 2166 553 2198 ὡς
567 2165 705 2202 Δεσπότης
729 2165 796 2202 κτή-

18 2217 98 2243 ματος.

50 2303 63 2320 α
79 2292 244 2323 Ἀσπάσασθε
263 2294 394 2330 ἀλλήλους
419 2294 445 2324 ἐν
460 2293 590 2335 φιλήματι
616 2295 696 2336 ἁγίῳ.
711 2306 726 2325 )›
743 2296 792 2333 Μὴ

14 2335 105 2377 ὑπούλῳ
131 2339 176 2368 καὶ
198 2339 314 2378 δολερῷ,
335 2340 370 2372 ὥς
384 2341 398 2368 ὁ
427 2338 544 2373 Ἰούδας·
567 2339 610 2369 διὰ
635 2335 712 2370 τοῦτο
739 2340 792 2381 γὰρ

14 2381 139 2419 ψιλῶμεν,
166 2382 210 2412 ἵνα
247 2384 349 2422 μᾶλλον
383 2383 553 2422 ἀνακαίωμεν
585 2383 634 2420 τὴν
667 2385 792 2424 ἀγάπην·

14 2424 90 2461 ἐπειδὴ
119 2427 149 2456 τὸ
161 2428 248 2466 στόμα
273 2427 330 2458 ἐστὶ
351 2427 469 2466 μάλιστα
494 2430 546 2458 τῶν
560 2429 646 2458 ἄλλων
661 2431 747 2468 μελῶν
763 2431 793 2460 τὸ

14 2470 157 2509 συνδεσμοῢν
190 2472 236 2506 τὰς
262 2472 359 2513 ψυχάς.
393 2472 446 2503 Καὶ
468 2473 520 2513 γὰρ
544 2473 590 2502 καὶ
619 2474 685 2504 οἶκοι
708 2477 792 2504 ἐπαν-

15 2512 82 2548 ιόντες
93 2515 139 2551 τὴν
164 2516 257 2546 ἕνωσιν
271 2512 417 2556 γδηλοῦμεν
429 2517 467 2554 ³9,
491 2519 529 2558 τῷ
552 2517 664 2556 στόματι
684 2520 793 2560 φιλοῦν-

14 2557 104 2604 ᾚ
118 2560 163 2590 καὶ
184 2561 275 2596 ἐπειδὴ
305 2562 366 2594 ναός
390 2562 470 2601 ἐσμεν
494 2557 540 2592 τοῦ
557 2563 642 2600 Θεοῦ,
665 2557 793 2604 πρόθυρον

15 2601 36 2649 ξὲ
47 2602 131 2634 τούτου
144 2608 191 2634 τοῦ
205 2609 270 2635 ναοῦ
286 2605 316 2635 τὸ
331 2606 418 2645 στόμα
429 2629 435 2641 ,
452 2606 486 2636 τὰ
505 2607 623 2648 πρόθυρα
647 2609 774 2649 φιλοῢμιν
786 2620 792 2626 ·

14 2644 50 2694 ﬁlii
67 2647 161 2678 τούτων
175 2650 225 2690 γὰρ
240 2652 292 2680 τῶν
309 2644 447 2692 προθύρων
461 2644 610 2692 εἰσέρχεται
633 2644 792 2694 extant-15;,

14 2688 66 2719 ὅταν
80 2688 251 2733 κοινωνῧμὲν.

868 289 1006 317 Dominus
1025 289 1100 317 dedit
1113 289 1181 318 mihi
1208 289 1235 317 in
1259 289 1484 323 aediﬁcationem,
1506 293 1534 317 et
1554 297 1609 317 non
1634 290 1664 318 iu

864 333 1092 363 destructionem.
1106 346 1118 359 -
1135 335 1284 371 Postquam
1293 334 1390 362 acriter
1409 341 1456 362 eos
1470 337 1613 367 terruerat,
1631 337 1658 362 et

865 378 1060 407 interminatus
1075 383 1145 413 erat,
1162 387 1235 407 nunc
1259 378 1447 408 defensionem
1469 382 1556 415 parat,
1575 379 1657 413 Eam,

864 423 1001 459 inquiens,
1029 423 1066 452 ob
1080 431 1191 452 causam
1219 424 1259 452 sic
1293 423 1400 460 scripsi,
1422 422 1498 460 quod
1524 422 1657 451 voluerim

865 467 955 496 minas
969 471 997 496 et
1019 469 1191 497 severitatem
1211 469 1245 497 ad
1265 468 1368 496 litteras
1381 475 1470 504 usque
1485 475 1555 502 esse,
1570 475 1660 504 neque

862 520 892 542 re
908 513 965 548 ipsa
980 517 1007 541 et
1021 513 1147 549 operibus
1155 513 1348 542 demonstrari.
1361 514 1424 541 Non
1433 516 1571 541 correctos
1583 512 1658 541 enim

861 557 978 586 omnino
989 558 1090 586 duriter
1105 558 1218 594 puniam
1233 567 1264 586 ac
1279 566 1381 592 severe,
1393 558 1527 594 quoniam
1542 561 1659 594 potesta-

861 606 918 630 tem
931 601 1008 630 dedit
1027 602 1093 630 mihi
1110 603 1254 631 Dominus.
1270 603 1341 631 Hinc
1354 602 1459 631 indicat
1472 601 1548 638 quod
1556 601 1658 630 Domi—

862 655 914 674 nus
932 647 1015 675 etiam
1031 655 1079 683 per
1092 647 1194 684 ipsum,
1209 652 1240 676 ut
1254 648 1391 682 medium,
1406 647 1493 683 punit.
1509 647 1660 676 Common-

864 696 938 720 stans
950 699 1033 728 porro
1045 692 1120 728 quod
1132 700 1190 720 non
1203 691 1342 720 desideret
1355 696 1491 728 potestate
1506 699 1555 720 sua
1569 691 1609 720 uti
1624 692 1660 721 ad

863 736 974 764 illorum
989 737 1162 773 supplicium,
1174 738 1313 773 apposuit,
1330 749 1342 761 «ι
1364 738 1425 765 Non
1439 737 1474 766 ad
1493 737 1658 765 destructio-

862 789 936 814 nem,
953 781 1001 809 sed
1015 781 1050 809 ad
1069 781 1301 810 aediﬁcationem:
1332 794 1345 806 ιο
1372 781 1425 810 hoc
1446 781 1657 818 est,‘imprimis

862 825 998 854 Dominus
1019 833 1075 854 non
1090 827 1148 854 vult
1160 826 1312 861 destruere,
1339 827 1394 855 sive
1408 826 1515 863 punire,
1531 826 1659 854 sedandi-

861 869 954 904 ﬁcare,
975 870 1026 898 hoc
1046 874 1098 904 est,
1121 870 1290 899 benefacere.
1322 871 1406 907 Atqui
1424 871 1659 908 incorrigibilibus

862 913 1080 943 destructionem
1099 915 1238 950 inducere,
1254 915 1390 944 mdiﬁcare
1405 920 1456 944 est.

898 961 985 988 Vsus.
997 963 1040 988 ιι.
1050 970 1065 986 α
1076 960 1156 994 Quod
1167 961 1305 996 reliquum
1315 965 1366 995 est.
1375 960 1487 994 fratres,
1497 961 1623 997 gaudete.
1640 973 1653 986 ν

861 1005 929 1040 Ego,
946 1004 1044 1041 inquit,
1058 1005 1134 1041 quod
1156 1013 1251 1034 meum
1266 1010 1308 1034 est
1329 1005 1391 1041 feci,
1416 1006 1555 1042 reliquum
1569 1010 1611 1034 est
1624 1010 1655 1034 ut

860 1057 909 1077 vos
923 1053 1012 1078 vestra
1031 1050 1115 1078 etiam
1128 1049 1287 1078 conferatis.
1304 1051 1333 1078 Si
1352 1050 1425 1079 enim
1436 1051 1521 1079 vitam
1536 1055 1656 1079 vestram

860 1094 1042 1128 eorrexeritis,
1060 1094 1287 1123 immarcescibile
1315 1095 1490 1131 possidebitis
1516 1096 1655 1124 conscien-

860 1137 905 1166 tite
921 1138 1062 1174 gaudium.
1078 1138 1186 1167 etiamsi
1203 1139 1289 1167 tristia
1304 1139 1381 1167 vobis
1396 1139 1504 1168 locutus
1519 1140 1584 1168 sim.

897 1192 912 1208 α
926 1183 1028 1219 Integri
1040 1187 1138 1211 estote.
1154 1194 1169 1209 »
1193 1184 1254 1211 Hoc
1264 1187 1315 1218 est,
1338 1182 1451 1219 perfecti
1469 1188 1567 1218 estote,
1583 1188 1611 1212 et
1626 1184 1654 1212 in

858 1227 995 1263 doctrina,
1005 1228 1066 1256 etin
1079 1228 1213 1263 moribus,
1223 1236 1255 1257 ac
1265 1228 1369 1265 replete
1381 1236 1443 1265 qua:
1454 1229 1556 1258 desunt
1566 1229 1653 1258 vobis.

895 1329 907 1341 α
924 1317 1146 1346 Consolationem
1157 1317 1281 1354 accipite.
1295 1329 1307 1342 η
1317 1318 1386 1354 Quia
1395 1319 1490 1347 multm
1502 1319 1583 1355 321
1599 1319 1655 1348 fue-

856 1365 921 1389 runt
940 1362 1106 1390 tentationes
1117 1366 1145 1390 et
1157 1362 1286 1398 pericula,
1302 1363 1540 1398 Consolationem,
1554 1364 1653 1401 inquit,

855 1406 968 1442 accipite
991 1410 1018 1434 et
1034 1415 1050 1434 a
1071 1406 1148 1435 vobis
1170 1407 1246 1443 ipsis,
1271 1411 1298 1436 et
1320 1407 1388 1436 alter
1418 1407 1453 1436 ab
1476 1408 1572 1443 altero,
1587 1413 1615 1437 et
1636 1417 1651 1437 a

854 1451 1058 1486 permutatione
1072 1451 1152 1479 vestri
1166 1451 1193 1480 in
1209 1452 1318 1480 melius.
1341 1453 1440 1488 Magna
1455 1452 1531 1481 enim
1552 1461 1654 1481 conso-

856 1495 922 1523 latio
936 1497 987 1528 est,
997 1495 1165 1523 conscientia
1181 1495 1262 1524 bona.

893 1551 906 1564 ι
938 1539 1017 1568 Idem
1043 1540 1138 1575 sapite,
1167 1548 1264 1576 pacem
1288 1540 1395 1569 habete.
1424 1553 1437 1566 ι
1466 1543 1527 1570 Hoc
1543 1549 1652 1578 quoque

856 1584 883 1612 in
901 1584 994 1620 priore
1009 1584 1130 1620 Epistola
1152 1585 1186 1612 ab
1214 1585 1247 1613 iis
1274 1586 1353 1621 petiit
1377 1594 1427 1614 ceu
1444 1586 1649 1615 dissidentibus.

855 1628 995 1664 Contingit
1020 1633 1113 1656 autem
1143 1629 1217 1657 idem
1239 1637 1333 1665 sapere
1347 1630 1375 1658 in
1389 1630 1569 1658 unanimitate
1582 1631 1652 1659 doc-

855 1673 946 1704 trinae.
961 1681 1058 1709 pacem
1078 1681 1141 1702 vero
1155 1681 1210 1701 non
1225 1681 1353 1702 exercere
1375 1674 1403 1702 in
1427 1679 1521 1703 mutua
1537 1683 1652 1704 conver-

853 1718 976 1746 satione.
997 1718 1125 1754 Utraque
1142 1726 1206 1754 ergo
1222 1718 1287 1754 ipsis
1299 1719 1401 1747 Paulus
1414 1719 1542 1756 postulat.

892 1773 904 1786 ι
928 1763 964 1790 Et
984 1763 1061 1790 Deus
1083 1762 1156 1796 pacis
1171 1767 1200 1790 et
1213 1762 1371 1791 dilectionis
1394 1764 1448 1791 erit
1459 1764 1610 1793 vobiscum.
1635 1776 1649 1790 ι

852 1807 916 1835 Νοιι
938 1807 1028 1834 solum
1042 1806 1214 1840 adhortatur,
1237 1815 1332 1835 verum
1346 1807 1429 1836 etiam
1442 1810 1649 1844 exoptationem

852 1851 946 1888 adjicit
961 1861 966 1879 :
985 1851 1024 1879 vel
1043 1858 1078 1879 ne
1092 1851 1151 1879 haec
1163 1851 1275 1887 quidem
1287 1856 1329 1880 est
1345 1853 1494 1888 exoptatio,
1511 1853 1559 1882 sed
1577 1854 1647 1890 ejus,

852 1894 927 1932 quod
941 1899 1141 1931 consequenter
1162 1894 1285 1924 futurum
1305 1899 1355 1929 est,
1370 1896 1512 1932 praedictio
1528 1906 1535 1925 :
1558 1898 1645 1926 nimi-

851 1948 926 1974 rum,
955 1940 981 1968 Si
998 1947 1093 1976 pacem
1120 1940 1191 1968 inter
1204 1948 1254 1968 vos
1270 1940 1401 1974 alueritis,
1426 1943 1503 1970 Deus
1523 1942 1575 1970 erit
1597 1949 1647 1971 vo-

851 1984 969 2013 biscum.
993 1983 1136 2012 Charitatis
1160 1988 1252 2012 autem
1276 1986 1350 2012 Deus
1373 1984 1486 2017 dicitur,
1504 1986 1546 2014 vel
1571 1986 1646 2022 quod

850 2028 913 2057 fons
937 2029 972 2057 sit
995 2028 1088 2065 hujus,
1113 2029 1152 2056 vel
1177 2028 1253 2066 quod
1280 2037 1341 2057 eam
1360 2037 1424 2066 erga
1447 2037 1498 2058 nos
1517 2030 1646 2059 eximiam

850 2073 1002 2102 ostenderit
1013 2074 1069 2102 :vel
1080 2073 1156 2109 quod
1167 2073 1212 2101 ubi
1227 2074 1262 2101 sit
1275 2073 1405 2109 charitas,
1426 2075 1482 2103 illic
1496 2079 1524 2103 et
1534 2075 1591 2111 ipse
1599 2075 1646 2110 sit,

850 2123 878 2147 et
891 2119 1029 2147 Dominus
1051 2118 1133 2154 hujus
1161 2123 1299 2154 appareat.
1327 2119 1460 2148 Similiter
1482 2124 1510 2148 et
1535 2120 1610 2157 pacis
1636 2131 1643 2149 :

849 2164 905 2192 sive
929 2163 1004 2200 quod
1025 2163 1087 2192 fons
1112 2164 1148 2191 sit
1170 2163 1262 2200 hujus,
1291 2163 1347 2192 sive
1362 2164 1436 2200 quod
1453 2170 1512 2193 tam
1529 2172 1591 2200 quae
1617 2165 1646 2193 in

850 2209 932 2243 cmlo,
947 2216 1032 2245 quam
1045 2215 1108 2244 qua:
1127 2215 1210 2244 super
1223 2212 1322 2236 terram
1344 2209 1481 2244 pacaverit
1492 2219 1500 2244 ς
1513 2209 1554 2237 vel
1570 2209 1646 2246 quod

807 2259 833 2291 ι)
847 2254 883 2283 sit
896 2253 1031 2281 Dominus
1042 2252 1112 2289 ejus,
1125 2257 1256 2289 tanquam
1277 2253 1464 2290 possessionis.

883 2299 973 2326 Vns.
986 2300 1029 2325 l2.
1045 2308 1058 2321 α
1072 2297 1192 2326 Salutate
1200 2305 1247 2325 vos
1258 2301 1356 2326 mutuo
1369 2297 1398 2325 in
1404 2298 1498 2326 osculo
1510 2302 1616 2327 sancto.
1627 2310 1642 2324 ι

846 2343 910 2372 Non
926 2341 1016 2370 fucato
1042 2349 1074 2370 ac
1091 2341 1200 2376 doloso,
1225 2341 1307 2370 Judaa
1327 2342 1420 2371 instar.
1453 2343 1567 2379 Propter
1592 2343 1646 2372 hoc

846 2387 920 2416 enim
939 2386 1105 2420 osculamur,
1120 2391 1150 2414 ut
1167 2387 1255 2422 magis
1273 2387 1454 2416 accendamus
1467 2387 1644 2417 charitatem.

846 2433 917 2460 Nam
936 2439 967 2459 os
992 2438 1049 2467 pra!
1075 2431 1184 2459 caeteris
1207 2431 1342 2460 membris
1375 2432 1480 2460 animas
1506 2433 1645 2468 praecipue

846 2475 995 2504 connectit.
1019 2476 1090 2503 Nam
1110 2475 1227 2503 domum
1253 2476 1364 2510 reversi,
1389 2476 1515 2504 osculum
1531 2476 1642 2513 ﬁgendo

848 2521 981 2549 unionem
1003 2519 1198 2555 signiﬁcamus.
1225 2520 1274 2548 Vel
1307 2521 1370 2556 quia
1397 2521 1530 2557 templum
1549 2529 1646 2550 sumus

849 2565 914 2598 Dei,
927 2565 1009 2601 hujus
1019 2568 1112 2592 autem
1121 2565 1215 2601 templi
1222 2565 1388 2593 vestibulum
1399 2569 1441 2593 est
1455 2573 1498 2600 os,
1510 2566 1645 2594 vestibula

849 2609 1014 2638 osculamur.
1050 2611 1101 2637 Per
1127 2609 1188 2638 haec
1220 2609 1296 2638 enim
1325 2610 1459 2638 vestibula
1491 2609 1645 2645 ingreditur

848 2653 984 2688 Christus,
998 2653 1109 2691 quando
1122 2653 1370 2682 communicamus.

703 2746 800 2777 Variae
821 2748 972 2780 lectiones.

43 2792 186 2840 ³⁶ιέξιιοέρειν
197 2795 417 2840 ⁴εὶιιζιιαθιιλρειιινᾲ,
432 2797 497 2840 Ῠῆτοι
511 2797 557 2832 τὴν
571 2799 676 2827 κόλασιν
685 2809 692 2815 ·
711 2800 771 2827 ἀλλ’
782 2801 926 2839 οἰκοδομεῖν
937 2803 1004 2831 θέλει
1018 2811 1048 2832 ο.
1087 2803 1109 2821 ³⁷
1130 2803 1336 2840 ἀνοικοδομήτοις
1353 2801 1473 2838 ἐπιφέρειν
1486 2811 1509 2830 τ.
1526 2812 1552 2831 κ.
1568 2801 1642 2829 οἰκο-

14 2831 69 2868 δομή
82 2833 144 2863 ἐστιν
157 2844 184 2866 ο,
198 2837 219 2855 ⁸⁸
230 2837 318 2865 ἄλλων
331 2831 358 2866 ὸ.
395 2838 418 2855 δ’
430 2838 565 2873 δηλοῦντες
578 2843 615 2877 τῷ
627 2841 701 2877 στόμ.
713 2841 833 2879 φιλοῦμεν
846 2831 878 2872 o'.
