1877 3081
23 206 85 234 953

503 206 680 235 EXPOSITIO
700 207 731 234 IN
752 206 856 234 EPIST.

875 207 920 234 AD
940 206 1060 234 GALAT.
1077 221 1111 226 —-
1131 206 1204 234 CAP.
1226 207 1246 234 l.
1631 208 1685 235 954

24 267 151 299 σκάλου.
180 269 267 298 Τοῦτο
294 268 340 298 καὶ
365 268 506 310 ὁηΚύριος
534 274 621 299 ποιεῖ·
648 269 693 299 τόν
717 281 746 299 τε
781 269 833 309 γὰρ

909 269 963 296 lone
981 276 1049 303 opus
1064 269 1168 303 habent,
1184 277 1237 296 non
1261 272 1300 296 est
1325 269 1388 296 boni
1410 271 1589 305 praeceptoris.
1610 270 1685 298 Idem

27 313 145 353 Πέτρον
184 313 349 353 μακαρίσας,
378 309 435 343 εἶτα
464 314 509 344 καὶ
535 315 661 355 ἐπιτιμᾷ-
692 314 738 344 καὶ
775 313 834 348 τοὺς

26 357 163 395 μαθητὰς
183 357 212 387 δὲ
236 357 375 392 ἀσυνέτους
401 359 542 389 ἀποκαλεῖ.
572 359 628 389 Καὶ
651 360 759 391 Παῦλος
787 357 834 396 μὲν

26 396 77 430 οὖν
109 402 159 430 καὶ
185 402 249 442 πρὸς
284 402 394 444 ἄλλουςΔ
415 403 464 441 μὲν
501 405 622 444 γράφων,
658 403 836 442 αὐστηρότητι

27 446 187 486 κέχρηται,
233 446 324 486 ὥσπερ
364 442 409 477 οὖν
448 442 525 487 πρὸς.
557 442 720 488 Κορινθίους·
759 448 835 486 μάλι-

28 502 84 520 στα
141 490 170 520 δὲ
204 491 269 530 πρὸς
310 492 434 526 Γαλάτας
473 491 588 526 τούτους.
620 492 666 522 ⁴Ἡ
707 491 734 522 δὲ
764 492 836 521 αἰτία

28 535 168 570 τοιαύτη·
205 536 240 565 Οἱ
283 535 310 570 ἐξ
349 536 485 566 Ἰουδαίων
523 536 731 575 πιστεύσαντες,
779 537 836 574 ἅμα

30 579 83 618 μὲν
116 581 165 609 τοῦ
194 579 318 621 πατρῴου
350 580 432 618 νόμου
461 580 599 621 ἐχόμενοι,
625 580 682 620 ἅμα
707 582 734 611 δὲ
763 581 836 610 διδά-

30 625 135 653 σκαλοι
183 619 256 653 εἶναι
274 619 279 621 Ἴ
301 624 452 664 ὀρεγόμενοι
463 619 493 662 ,Π
513 626 650 655 ἐδίδασκον
689 625 813 659 Γαλάτας
826 649 834 664 ,

29 668 72 698 ὅτι
97 669 141 698 δεῖ
173 668 395 709 περιτέμνεσθαι,
422 670 468 699 καὶ
495 669 630 700 Σάϐϐατα
660 670 704 700 καὶ
739 681 836 707 νουμη-

30 713 89 746 νίας
115 715 228 753 τηρεῖν
259 713 318 747 τοὺς
341 714 392 754 γὰρ
421 715 482 754 περὶ
512 714 615 754 Πέτρον
649 714 687 753 μὴ
726 714 836 744 κωλύειν

29 761 132 788 ταῦτα.
166 758 221 788 Καὶ
258 759 363 795 ἀληθῶς
395 770 426 798 γε
455 759 503 788 οὐκ
531 758 645 788 ἐκώλυον
676 754 761 795 οὗτοι,
787 759 837 798 οὐχ

31 804 68 836 ὡς
111 803 332 841 δογματίζοντες,
363 804 422 832 ἀλλ’
447 804 483 837 ὡς
518 803 774 842 συγκαταϐαίνοντες

32 847 162 886 ἀσθενείᾳ
215 848 267 877 τῶν
307 847 333 882 ἐξ
380 847 514 878 Ἰουδαίων
555 847 768 877 πεπιστευκότων
793 848 836 884 ⁴⁰,

33 887 71 924 οἷς
107 891 157 921 καὶ
182 891 337 932 ἐκήρυττον.
367 891 399 923 Ὁ
426 892 454 921 δὲ
482 893 589 925 Παῦλος
625 892 711 922 ἔθνεσι
740 893 837 932 κηρύτ-

891 315 972 341 etaim
983 315 1111 341 Dominus
1124 315 1195 348 agit.
1212 314 1276 342 Cum
1289 314 1359 341 enim
1373 315 1482 341 Petrum
1497 314 1602 342 beatum
1614 323 1686 350 prle-

889 358 1008 386 dicasset
1022 355 1046 393 ",
1058 361 1154 393 postea
1170 359 1262 386 itidem
1275 358 1421 392 objurgat;
1436 366 1469 385 ac
1482 358 1628 393 discipulos
1643 361 1684 386 in-

890 404 978 431 doctos
997 405 1022 430 et
1046 406 1169 431 carentes
1190 403 1327 430 intellectu
1351 402 1503 438 appellat‘.
1528 407 1562 430 Ac
1586 404 1685 432 Paulus

890 450 958 476 certe
971 447 1081 483 quidem
1099 448 1137 475 ad
1151 448 1218 475 alios
1230 448 1357 481 scribens,
1379 449 1538 475 austeritate
1553 455 1618 476 usus
1637 451 1685 482 est,

890 493 1113 528 quemadmodum
1125 493 1161 520 ad
1169 492 1336 528 Corinthios]
1349 501 1357 525 ;
1370 493 1539 527 potissimum
1548 495 1638 520 autem
1651 493 1687 520 ad

891 538 1005 566 Galatas
1025 537 1112 565 hosce.
1140 538 1225 565 Causa
1249 545 1313 564 vero
1328 539 1368 564 est
1382 537 1545 571 hujusmodi.
1572 537 1624 571 Qui
1653 545 1687 565 ea:

889 583 992 611 Iuda-is
1007 582 1044 610 ad
1056 582 1136 617 ﬁdem
1157 584 1333 615 accesserant,
1346 583 1449 616 partim
1462 582 1572 617 quidem
1592 583 1688 617 patria

891 628 945 661 lege
961 627 1074 658 detenti,
1087 627 1192 661 partim
1207 634 1269 653 vero
1292 626 1409 653 doctores
1427 633 1482 654 esse
1494 626 1687 659 desiderantes,

891 672 1023 699 docebant
1038 671 1150 700 Galatas
1165 671 1390 698 circumcisionem
1401 677 1458 698 esse
1476 671 1687 704 retinendam,ct

889 716 1010 743 Sabbata
1036 719 1061 744 et
1079 716 1233 744 neomenias
1249 715 1391 743 seruanda.
1415 716 1486 744 Nam
1508 717 1583 743 Petri
1608 716 1689 744 αἰδοί-

889 761 951 796 puli
982 762 1038 788 hac
1073 769 1126 788 non
1156 761 1295 789 vetabant.
1324 762 1365 789 Ac
1391 768 1485 788 revera
1513 759 1597 796 334
1625 761 1689 795 qui-

891 807 952 833 dem
965 806 1015 833 isti
1019 814 1071 832 non
1079 806 1223 840 vetabant,
1233 813 1286 833 non
1305 805 1378 840 quod
1395 806 1436 832 ita
1447 805 1581 836 docerent,
1592 812 1687 832 verum

891 851 963 886 quod
976 851 1135 885 inﬁrmitati
1151 858 1252 882 eorum,
1273 851 1322 885 qui
1334 858 1368 878 ea:
1390 849 1490 878 Judeeis
1504 850 1687 883 crediderant,

890 895 1138 928 eondescenderent,
1158 895 1258 929 quibus
1273 895 1356 922 etiam
1375 894 1571 930 praedicabant.
1587 895 1688 922 Paulus

33 947 105 972 των,
121 937 154 965 οὖ
181 936 273 976 χρείαν
297 931 353 976 εἶχε
381 938 428 972 τῆς
465 936 693 975 συγκαταϐἄσεως
728 931 836 973 ταύτης.

909 947 957 967 ero
966 940 1015 974 qui
1019 939 1139 974 gentibus
1146 939 1325 975 praedicabat,
1337 940 1396 967 ista
1409 939 1625 967 condescensione
1635 947 1688 966 non

34 980 104 1010 Ὅτι
116 983 183 1020 γοῦν
207 982 234 1010 ἐν
260 981 337 1021 χρείᾳ
351 981 471 1020 γέγονεν,
499 981 546 1011 καὶ
568 981 645 1014 αὐτὸς
669 981 836 1021 συγκατέϐη,

34 1025 79 1054 καὶ
94 1025 240 1065 περιίτιμε
264 1025 312 1064 μὲν
338 1025 383 1055 τὸν
407 1026 556 1064 Τιμόθεον,
581 1027 710 1065 ἡγνίσατο
737 1026 766 1056 δὲ
789 1027 837 1054 αὖ-

35 1070 78 1103 τὸς
105 1069 181 1099 κατὰ
207 1069 252 1099 τὸν
279 1069 370 1109 νόμον.
401 1069 472 1101 Ἀλλ’
500 1072 523 1100 οῖ
551 1071 704 1104 ἀπατεῶνες
738 1071 766 1100 οὗ
794 1071 836 1100 λέ-

35 1125 125 1153 γοντες
149 1113 198 1147 τὰς
222 1113 323 1150 αἰτίας,
357 1115 390 1144 δι’
403 1114 434 1148 ἃς
449 1115 494 1144 καὶ
521 1116 545 1144 οἱ
573 1115 633 1155 περὶ
661 1114 763 1154 Πέτρον
792 1115 837 1144 καὶ

37 1159 109 1188 αὐτοὶ
145 1161 232 1188 ταῦτα
263 1158 384 1196 ἐποίουν,
414 1160 617 1199 παρελογίζοντο
652 1158 711 1192 τοὺς
740 1160 837 1199 ἄφελε-

37 1204 164 1243 στέρους,
205 1203 250 1233 καὶ
291 1203 357 1233 αὐτὸ
395 1203 484 1242 μέντοι
514 1207 591 1234 τοῦτο
631 1204 668 1237 εἷς
709 1203 837 1240 διαϐολὴν

38 1247 151 1278 Παύλου
195 1247 354 1288 προέφερον,
391 1248 422 1278 τὸ
458 1248 522 1278 ποτὲ
567 1248 615 1286 μὲν
653 1247 836 1288 περιτέμνειν,

39 1291 102 1322 ποτὲ
145 1292 176 1321 δὲ
212 1293 327 1332 ἀναιρεῖν
367 1293 416 1330 τὴν
457 1292 622 1333 περιτομὴν,
657 1293 702 1321 καὶ
742 1293 838 1323 ἄλλοτε

41 1336 108 1366 ἄλλα
144 1337 307 1376 κηρύσσειν·
346 1337 392 1366 καὶ
430 1337 474 1366 ἐπὶ
519 1341 618 1373 πᾶσιν,
659 1338 694 1370 ὥς
731 1337 762 1366 οὖ
799 1338 840 1367 δεῖ

42 1381 144 1422 Παύλῳ
175 1381 326 1418 πείθεσθαι,
364 1381 393 1416 ὃς
420 1382 477 1412 οὔτε
514 1381 630 1422 Χριστὸν
668 1376 750 1418 εἶδεν,
778 1381 838 1412 οὔτε

44 1426 121 1456 αὐτοῦ
146 1426 206 1455 ἐστι
231 1426 367 1465 μαθητὴς,
392 1426 460 1455 ἀλλὰ
490 1428 542 1456 τῶν
572 1425 726 1455 ἀποστόλων
741 1434 748 1442 '
777 1426 839 1460 τοὺς

47 1470 73 1498 δὲ
98 1470 163 1510 περὶ
191 1470 294 1510 Πέτρον
326 1472 361 1503 ὡς
389 1470 520 1504 αὐτόπτας
551 1470 756 1510 προσδέχεσθαι.
787 1471 838 1501 Διὰ

44 1517 128 1544 ταῦτα
176 1515 262 1544 τοίνυν
308 1514 419 1552 διακαὴς
462 1514 511 1550 τὴν
549 1515 654 1556 ψυχὴν,
703 1515 838 1552 συντίθησι

42 1559 86 1595 τὴν
126 1559 294 1595 Ἐπιστολήν
310 1570 318 1578 ⁸
354 1559 399 1589 καὶ
439 1559 544 1599 πρῶτόν
580 1571 610 1599 γε
650 1560 715 1600 πρὸς
751 1562 836 1590 ἐκεῖνο

890 985 1040 1018 indigebat.
1054 984 1094 1011 At
1105 984 1131 1011 si
1148 983 1256 1018 quando
1269 990 1334 1018 opus
1347 985 1423 1014 esset,
1443 984 1500 1018 ipse
1523 984 1607 1011 etiam
1617 983 1689 1011 obse.

891 1029 1027 1056 cundabat
1041 1037 1050 1054 :
1068 1028 1131 1056 hinc
1145 1030 1182 1056 est
1200 1028 1272 1062 quod
1293 1028 1490 1055 circumciderit
1508 1028 1686 1060 Timotheum,

891 1074 1014 1108 quodque
1032 1074 1091 1108 ipse
1112 1074 1298 1108 sanctiﬁcatus
1313 1074 1349 1100 sit
1370 1072 1517 1100 secundum
1531 1073 1623 1108 legem.
1638 1073 1689 1101 At-

890 1119 938 1153 qui
950 1119 1106 1153 impostores
1120 1125 1173 1145 non
1194 1117 1337 1145 reddentes
1357 1125 1454 1145 causas
1479 1125 1527 1145 cur
1545 1119 1639 1145 Petrus
1664 1120 1688 1145 et

891 1163 939 1197 qui
952 1170 1012 1190 cum
1026 1163 1084 1198 ipso
1107 1164 1192 1194 erant,
1210 1163 1280 1189 talia
1293 1163 1425 1196 facerent,
1446 1162 1614 1197 decipiebant
1628 1164 1689 1190 sim-

890 1208 1022 1242 pliciores,
1034 1208 1059 1234 et
1073 1208 1164 1234 tamen
1186 1207 1233 1234 hoc
1250 1207 1344 1242 ipsum
1365 1207 1395 1234 in
1415 1207 1498 1234 Pauli
1521 1207 1689 1234 calumniam

889 1252 1079 1287 proferebant,
1099 1251 1170 1286 quod
1193 1251 1272 1279 alias
1297 1251 1503 1285 circumcideret,
1529 1251 1598 1279 alias
1628 1258 1689 1279 vero

891 1297 1118 1324 ctrcumcisionem
1137 1296 1250 1327 tolleret,
1267 1297 1292 1323 et
1314 1295 1387 1323 alias
1409 1296 1470 1323 alia
1497 1296 1660 1331 pradicaret
1677 1306 1686 1322 :

892 1343 917 1368 et
927 1348 986 1376 prie
1012 1341 1145 1371 omnibus,
1160 1341 1245 1368 Paulo
1274 1348 1326 1368 non
1353 1347 1408 1368 esse
1439 1341 1688 1375 obtemperandum,

892 1386 991 1420 quippe
1005 1386 1056 1420 qui
1069 1393 1153 1420 neque
1164 1385 1301 1412 Christum
1315 1385 1435 1419 uidisset,
1450 1393 1535 1420 neque
1548 1385 1610 1420 ejus
1624 1387 1690 1412 esset

891 1430 1048 1465 discipulus,
1063 1430 1110 1457 sed
1121 1430 1313 1466 apostolorum.
1327 1431 1436 1458 Petrum
1445 1432 1544 1461 autem,
1571 1438 1630 1457 cum
1641 1438 1690 1457 cae-

892 1475 956 1502 teris
975 1475 1115 1510 apostolis,
1136 1482 1182 1502 ceu
1194 1481 1236 1502 eos
1256 1475 1306 1509 qui
1319 1475 1373 1510 ipsi
1392 1475 1527 1502 Christum
1548 1475 1689 1508 vidissent,

891 1519 1081 1554 suscipiendos.
1108 1519 1166 1546 Has
1182 1519 1216 1546 ab
1242 1526 1340 1546 causas
1355 1520 1446 1546 animo
1468 1526 1592 1546 accensus
1612 1519 1688 1553 Apo-

890 1564 984 1597 stolus,
997 1564 1148 1599 Epistolam
1167 1564 1235 1590 hanc
1258 1564 1412 1591 conscribit.
1433 1563 1473 1591 Ac
1491 1565 1613 1598 primum
1626 1565 1689 1598 qui-

47 1604 230 1640 ἆποτείνεται,
272 1604 286 1633 ὃ
322 1605 417 1634 ἐκεῖνοι
455 1605 543 1642 ἔλεγον
580 1603 755 1645 διορύττοντες
791 1606 836 1636 αὖ-

909 1609 954 1636 ’em
967 1616 995 1636 eo
1008 1616 1157 1636 sermonem
1172 1608 1280 1643 dirigit,
1294 1608 1368 1644 quod
1379 1609 1426 1635 illi
1438 1609 1572 1640 dicebant,
1595 1609 1689 1643 perfo-

44 1651 86 1677 τοῦ
110 1649 158 1684 τήν
174 1649 323 1689 ὑπόληψιν,
347 1648 386 1678 ὅτι
419 1649 444 1679 οἳ
468 1648 514 1686 μὲν
531 1649 605 1678 ἄλλοι
632 1651 677 1679 τοῦ
702 1650 836 1688 Χριστοῦ,

50 1693 122 1726 αὐτὸς
150 1693 179 1723 δὲ
203 1695 256 1723 τῶν
282 1693 436 1724 ἀποστόλων
464 1693 520 1724 ἐστὶ
553 1693 674 1732 μαθητής
689 1703 698 1712 '
724 1694 764 1724 διὸ
793 1695 838 1724 καὶ

48 1736 123 1771 οὕτως
135 1738 265 1778 ἄρχεται·
280 1749 296 1767 ι)

297 1884 845 1944 THEOPHYLACTI

892 1653 994 1681 dientes
1008 1655 1050 1681 ita
1061 1656 1085 1681 et
1099 1654 1228 1681 elevantes
1240 1654 1298 1688 ejus
1311 1654 1524 1686 wstimationem,
1545 1653 1688 1686 nimirum,

892 1698 964 1733 quod
978 1698 1030 1726 alii
1052 1698 1162 1733 quidem
1182 1700 1268 1726 essent
1282 1698 1392 1732 Christi,
1407 1699 1464 1733 ipse
1486 1705 1547 1726 vero
1564 1697 1690 1733 apostolo-

892 1750 952 1770 rum
965 1743 1123 1774 discipulus.
1140 1744 1291 1778 Propterea
1318 1743 1473 1771 sicorditur
1490 1751 1500 1770 .·

887 1883 1433 1943 COMMENTARIUS

584 2011 623 2042 IN
646 2010 860 2043 EPISTOLAM
883 2010 936 2042 ΑΙ)
960 2009 1147 2042 GALATAS.

223 2161 453 2192 ΚΕΦΑΛΑΙΟΝ
479 2160 653 2191 ΠΡΩΤΟΝ.

89 2228 103 2246 α
125 2219 233 2252 Παῦλος
254 2218 414 2254 ἀπόστολος,
426 2219 473 2248 οὐκ
488 2218 536 2247 ἀπ’
552 2217 696 2258 ἀνθρώπων
707 2240 716 2256 ,
728 2218 787 2248 οὐδὲ
805 2218 838 2248 δι’

51 2261 191 2301 ἀνθρώπου.
208 2276 220 2289 ι
246 2263 351 2296 Εὐθέως
373 2264 476 2302 ἀναιρεῖ
492 2262 524 2292 τὸ
540 2258 608 2292 εἶναι
622 2262 766 2302 ἀνθρώπων
782 2275 838 2302 μα-

51 2305 134 2342 θητής.
158 2309 219 2338 Οὖκ
241 2309 288 2337 ἀπ’
316 2307 461 2348 ἀνθρώπων
479 2307 548 2349 γὰρ,
579 2307 638 2337 ἀλλ’
654 2307 767 2345 ἄνωθεν,
791 2307 837 2337 καὶ

52 2349 92 2378 ἀπ’
107 2352 216 2391 οὐρανοῦ
235 2351 332 2389 ἐκλήθη
343 2364 350 2370 ·
367 2352 413 2382 καὶ
435 2354 464 2382 οὖ
485 2353 518 2382 δι’
532 2351 690 2392 ἀνθρώπου,
713 2353 771 2382 ἀλλ’
787 2353 836 2382 αὖ·

52 2396 92 2422 τοῦ
111 2399 154 2426 τοῦ
176 2398 307 2437 Χριστοῦ.
335 2396 483 2427 Ἐϐάπτισε
508 2396 556 2436 μὲν
576 2397 628 2436 γὰρ
656 2397 734 2426 αὐτὸν
761 2396 838 2427 Ἀνα-

55 2438 119 2472 νίας’
141 2442 199 2471 ἀλλ’
225 2443 274 2471 οὐκ
292 2443 389 2475 ἐκεῖνος
415 2442 479 2482 πρὸς
507 2441 555 2478 τὴν
582 2441 672 2471 πίστιν
697 2441 838 2482 ἐκάλεσεν,

56 2482 107 2511 ἀλλ’
126 2486 172 2515 ἀπ’
186 2487 296 2526 οὐρανοῦ
320 2488 335 2516 ὁ
359 2481 483 2527 Χριστός.
509 2486 561 2516 Διὰ
589 2486 616 2516 τί
637 2485 665 2515 δὲ
688 2487 736 2516 οὐκ
757 2481 835 2523 εἶπε,

58 2526 154 2564 Παῦλος
176 2530 285 2567 κλητὸς,
306 2526 395 2568 ἀλλ’,
414 2542 429 2560 α
452 2531 626 2569 Ἀπόστολος;
643 2542 657 2560 ))
677 2531 751 2561 Διότι
775 2531 836 2571 περὶ

57 2571 139 2602 ταὺτου
151 2579 203 2609 πᾶς
216 2571 248 2611 ἦν
264 2577 278 2605 ὁ
297 2575 390 2615 λόγος,
416 2575 545 2614 λεγόντων
568 2576 609 2605 ὅτι
625 2576 669 2605 ὑπ’
691 2575 835 2615 ἀνθρώπων

57 2615 189 2661 ᾇπόστολος
205 2620 416 2660 κεχειροτόνητοξ·
432 2621 496 2661 πρὸς
521 2623 598 2650 τοῦτο
621 2615 665 2651 οὖν
684 2619 835 2660 ἐνίσταται,

60 2659 148 2696 δεικνὺς
161 2663 200 2693 ὅτι
214 2666 260 2695 οὐκ
273 2665 328 2695 ἔστι
342 2667 430 2697 τοῦτο.

86 2726 99 2746 ¹¹
112 2733 205 2764 Matth.
220 2743 285 2770 xvn,
302 2739 345 2765 l7.
384 2736 392 2756 ί
409 2736 508 2765 Malth.
523 2744 575 2772 xv,
594 2740 636 2766 16.
673 2737 680 2758 ³
699 2738 710 2765 1
729 2737 792 2765 Cor.
809 2743 838 2772 ν,
855 2739 882 2765 2.

846 2169 872 2201 D

1090 2164 1174 2200 325
1189 2164 1308 2193 CAPUT
1325 2164 1486 2192 PRIMUM.

927 2224 1016 2252 Vens.
1034 2226 1058 2250 1.
1084 2233 1096 2246 ι
1109 2222 1211 2251 Paulus
1225 2222 1366 2258 apostolus
1381 2229 1440 2250 non
1458 2221 1493 2250 ab
1515 2221 1687 2255 hominibus,

891 2275 981 2304 neque
995 2275 1043 2303 per
1056 2267 1212 2295 hominem.
1232 2278 1245 2292 υ
1278 2267 1357 2294 Illico
1384 2265 1460 2302 quod
1485 2265 1630 2294 hominum
1652 2266 1689 2294 sit

890 2312 1040 2348 discipulus
1049 2311 1134 2340 tollit.
1149 2312 1210 2340 Non
1224 2311 1259 2339 ab
1273 2310 1435 2339 hominibus
1449 2310 1535 2344 enim,
1551 2309 1601 2338 sed
1613 2317 1628 2338 e
1639 2318 1687 2338 su-

891 2356 994 2393 pernis,
1018 2356 1140 2392 adeoque
1154 2356 1262 2385 caelitus
1283 2359 1395 2384 vocatus
1411 2354 1485 2389 fuit;
1504 2360 1533 2383 et
1560 2362 1618 2383 non
1641 2363 1690 2391 per

890 2401 1041 2435 hominem,
1057 2400 1105 2429 sed
1119 2408 1166 2437 per
1184 2401 1274 2437 ipsum
1286 2400 1438 2429 Christum.
1453 2399 1605 2436 Baptizavit
1628 2400 1690 2436 qui-

890 2445 957 2474 dem
970 2445 1062 2482 ipsum
1081 2446 1212 2480 Ananias,
1227 2445 1276 2474 sed
1298 2445 1321 2474 is
1336 2444 1371 2473 ad
1387 2444 1472 2473 ﬁdem
1488 2452 1546 2473 non
1567 2444 1684 2478 vocavit.

890 2490 1100 2519 verumecoelis
1122 2490 1255 2519 Christus.
1281 2492 1318 2518 At
1345 2497 1396 2518 cur
1408 2497 1465 2518 non
1483 2489 1564 2525 dixit,
1585 2489 1687 2518 Paulus

890 2539 1014 2570 vocatus,
1035 2535 1094 2570 sed,
1117 2546 1127 2561 α
1148 2535 1337 2571 Apostolus?-
1364 2534 1438 2571 Quia
1451 2533 1502 2562 hac
1515 2533 1550 2562 de
1573 2541 1603 2562 re
1628 2537 1687 2561 tota

890 2584 949 2608 erat
970 2580 1084 2616 quaastio
1099 2584 1181 2616 atque
1194 2587 1302 2614 sermo;
1313 2579 1442 2608 dicebant
1469 2579 1543 2606 enim
1563 2577 1636 2613 quod
1650 2576 1684 2604 ab

891 2624 1049 2653 hominibus
1073 2624 1212 2661 apostolus
1225 2624 1327 2652 electus
1339 2627 1420 2652 esset.
1436 2622 1593 2651 Adversum
1613 2621 1681 2649 istuc

891 2677 956 2706 ergo
965 2669 1101 2704 renititur,
1117 2668 1263 2698 ostendens
1282 2676 1341 2698 rem
1353 2675 1414 2697 esse
1429 2667 1508 2696 aliter
1523 2666 1631 2695 habere.

733 2803 827 2834 Variae
847 2803 995 2834 lectiones.

90 2855 109 2871 ⁵³
119 2861 274 2888 πιστευόντων
290 2869 316 2889 ο.
