1877 3081
11 172 46 196 ‘57

438 169 611 198 EXPOSITIO
630 171 663 198 IN
684 170 787 199 EPIST.
809 171 854 199 AD
874 171 995 200 GALAT.
1015 186 1050 192 -—
1069 172 1144 199 CAP.
1165 173 1184 200 Ι.

1593 173 1645 200 958

11 246 12 249 η
66 231 108 261 UO
187 227 203 244 τ
242 234 250 244 9
292 232 299 242 I
409 233 417 244 τ
440 233 446 242 ι
487 235 494 245 ε
526 232 532 242 ι
583 235 599 243 ~
701 233 726 251 \-

15 245 51 263 εν.
110 244 158 262 ταν
173 243 217 261 ουν
236 243 364 272 ακουσῃς,
389 245 466 262 αυτον
485 245 538 262 υπο
554 245 599 262 του
620 235 726 274 Πατρο,
750 234 792 263 δεη

881 234 929 262 :rili
943 234 1024 270 jussu
1038 238 1167 270 operatus
1180 238 1230 262 est.
1247 234 1316 262 Cum
1336 233 1418 268 igitur
1431 234 1508 263 audis
1520 234 1613 271 ipsum
1629 243 1644 264 a

13 278 87 306 ὄσθαι
98 300 106 313 ,
122 277 170 312 τὴν
188 277 307 306 εὐδοκίαν
331 278 376 307 καὶ
387 278 435 313 τὴν
451 277 556 313 θέλησιν
581 279 662 308 ἐννόει
675 281 721 307 τοῦ
737 280 796 308 Πα-

14 322 64 360 ρός.
93 322 202 362 Ἔδωκε
225 321 252 351 δὲ
269 322 378 359 ἑαυτὸν,
407 321 450 351 ἵνα
480 323 619 362 ἀπαλλάξῃ
650 325 721 361 ἡμᾶς
743 325 794 352 τῶν

11 368 154 407 ιμαρτιῶν,
181 361 218 395 ὧν
233 368 247 396 ὁ
271 366 350 404 νόμος
377 367 528 401 ἀπαλλάξαι
552 368 600 397 οὐκ
616 368 703 407 ἴσχυε.
734 369 795 401 Πῶς

11 406 40 438 ξν
55 411 98 439 τὸν
124 410 313 445 ἀπαλλάξαντα
338 411 462 452 ἀφέντες,
485 413 522 452 τῷ
538 411 610 452 νόμῳ
631 406 793 452 προσέχετε,

50 455 133 493 μηδὲν
148 455 316 494 ὠφελήσαντι
323 466 331 493 ;

41 511 54 529 ιι
70 499 168 534 Ὅπως
178 500 298 536 ἐξέληται
314 503 386 540 ἡμᾶς
407 500 460 530 ἀπὸ
477 503 524 531 τοῦ
539 502 680 536 ἐνεστῶτος
699 503 793 535 αἰῶνος

11 547 122 584 πονηροῦ.
147 557 163 573 :o
181 545 313 576 Ἐνταῦθα
342 546 366 575 οἱ
401 547 546 586 Μανιχαῶι
580 547 732 583 ἐπιπηδῶσι
755 549 793 588 τῷ

11 591 85 629 ιητῷ,
114 589 248 628 λέγοντες,
266 590 307 619 ὅτι
323 589 390 620 Ἰδοὺ
411 591 524 630 πονηρὸν
543 591 651 621 ἐκάλεσε
676 591 719 621 τὸν
739 593 793 622 ἐνε-

11 635 86 662 ῖτῶτα
113 635 215 671 αἰῶνα,
244 634 304 670 ἤτοι
323 634 371 671 τὴν
388 634 457 670 ζωὴν
481 637 570 674 ἡμῶν.
600 636 659 666 Οὗκ
686 637 740 666 ἔστι
765 637 792 666 δὲ

11 681 81 708 τοῦτο.
97 677 169 709 Οὔτε
186 679 274 719 γὰραὶ
286 679 386 719 ἡμέραι
400 680 514 719 πονηραὶ
529 680 606 710 αὐταὶ
621 683 681 710 καθ’
696 681 792 716 ἑαυτὰς

15 723 48 756 τίς
63 723 114 763 γὰρ
124 724 240 763 πονηρία
257 727 303 754 τοῦ
317 726 428 760 ἡλιακοῦ
453 725 568 764 δρόμου,
620 729 663 755 τοῦ
678 727 792 762 διαστή-

11 780 78 801 ιατος
96 770 149 797 τῶν
176 770 302 809 ἡμερῶνς
319 770 340 808 ),
354 769 413 799 οὔτε
429 771 445 805 ἡ
467 769 521 805 ζωὴ
538 771 613 808 ἡμῶν
638 770 705 806 αὐτὴ
732 773 793 801 καθ’

11 811 92 848 ξαυτὴν
121 813 227 853 πονηροί
245 814 318 842 ἐστι·
344 815 399 847 πῶς
425 813 488 853 γὰρ,
502 810 559 854 ἕνῇ
580 814 623 844 τὸν
640 816 709 844 Θεὸν
730 817 791 845 ἔπι-

11 856 177 895 μνώσκομεν,
206 857 252 887 καὶ
266 857 327 898 περὶ
344 860 383 887 τῶ
407 859 556 897 μελλόντων
584 859 792 900 φιλοσοφοῦμιν;

11 902 57 930 ἱλλ’
69 903 151 931 αἰῶνα
166 902 300 942 πονηρὸν,
328 902 375 937 τὰς
394 903 503 944 πράξεις
519 902 584 944 φησὶ
600 903 647 937 τὰς
661 905 791 944 πονηρὰς,

11 947 44 975 uti.
54 946 76 964 ⁸³
105 947 153 984 τὴν
176 947 369 989 διεφθαρμένην
389 949 553 989 προαίρεσιν.
578 948 720 990 εὨσπερἨ
747 951 793 980 καὶ

11 993 73 1029 ipsi;
86 991 216 1030 εἰώθαμεν
243 992 338 1032 λέγειν,
350 993 444 1029 Κακὴν
470 993 548 1033 ἶσχον
564 993 681 1034 ἡμέραν,
700 995 729 1024 οὖ
748 995 792 1024 τὸν

11 1036 102 1074 ιαιρὸν,
121 1037 192 1066 ἀλλὰ
206 1036 254 1074 τὴν
280 1037 452 1077 περίστασιν,
482 1037 526 1067 καὶ
542 1038 591 1075 τὴν
611 1039 706 1078 πρᾶξιν
731 1041 792 1070 δια-

11 1080 146 1126 ἵάλλοντεςτ
163 1083 206 1112 Οὐ
219 1081 270 1121 γὰρ
284 1081 327 1112 ἵνα
348 1084 422 1121 ἡμᾶς
437 1083 579 1123 ἀποκτείνῃ
589 1105 597 1118 ,
622 1084 668 1114 καὶ
692 1084 792 1126 ἐκϐάλῃ

11 1127 45 1160 τῆς
59 1125 195 1165 παρούσης
223 1128 311 1165 ζωῆς,
327 1127 370 1157 διὰ
390 1129 468 1157 τοῦτο
487 1127 615 1157 ἀπέθανεν
631 1130 645 1157 ὁ
661 1129 791 1167 Χριστὸς,

11 1169 58 1198 ὶλλ’
69 1170 109 1199 ἵνα
122 1172 176 1199 τῶν
194 1173 315 1212 τεονηρῶν
329 1171 450 1211 πράξεων
465 1172 605 1212 ἀπαλλάξῃ
621 1176 667 1203 τοῦ
688 1175 791 1206 λοιποῦ.

11 1213 107 1250 Ἐπειδή
120 1214 173 1255 γὰρ
190 1210 405 1256 εἶπεῃᾶνωτέρω,
424 1216 464 1246 ὅτι
476 1210 598 1246 Ἔδωκεν
618 1218 710 1247 ἑαυτὸν
728 1219 794 1259 ὑπὲρ

11 1260 51 1288 τῶν
59 1259 194 1299 ἁμαρτιῶν
217 1261 294 1298 ἡμῶν
302 1281 311 1296 ,
326 1261 461 1290 τουτέστιν
469 1284 477 1298 ,
499 1261 696 1302 Ἠλευθέρωσεν
721 1265 794 1302 ἡμᾶς

11 1305 52 1332 τῶν
78 1305 271 1344 προγεγονότων
295 1306 487 1344 πταισμάτων·
514 1306 585 1346 λέγει
615 1307 724 1344 λοιπὸν,
753 1307 794 1338 ὅτι

11 1348 120 1388 καὶπρὸς
134 1349 164 1379 τὸ
195 1350 290 1387 μέλλον
311 1351 457 1390 ἀσφάλειαν
475 1350 587 1388 ἔδωκεν,
603 1353 647 1381 ἵνα
673 1351 793 1388 ἐξέληται

11 1394 71 1429 ἡμᾶς
95 1396 140 1430 τῆς
164 1399 285 1434 πονηρᾶς
306 1395 448 1434 διαγωγῆς,
473 1395 508 1426 Ὀ
537 1396 615 1435 νόμος
639 1395 685 1434 δὲ,
710 1396 769 1428 οὔτε
795 1398 827 1428 τὰ

11 1437 93 1474 μέλλον
106 1439 222 1479 ἐνίσχυε.

49 1497 61 1515 ι(
74 1487 148 1517 Κατὰ
158 1488 192 1518 τὸ
208 1488 310 1527 θέλημα
326 1492 371 1518 τοῦ
385 1490 457 1519 Θεοῦ
482 1489 527 1519 καὶ
544 1490 650 1531 Πατρὸς
664 1492 753 1528 ἡμῶν,
774 1503 789 1520 ι
808 1490 830 1522 C

11 1530 107 1568 Ἐπειδὴ
124 1533 243 1572 ἐνόμιζον
264 1535 358 1564 ἐκεῖνοι
374 1534 413 1563 ὅτι
428 1537 474 1563 τοῦ
499 1536 569 1564 Θεοῦ
595 1530 790 1575 παρακούουσιν

11 1574 104 1615 ἀφέντες
127 1577 171 1606 τὸν
195 1577 291 1616 νόμον,
319 1579 464 1618 διορθοῦται
478 1578 526 1614 τὴν
551 1579 673 1610 ὑπόνοιαν
689 1582 791 1617 αὐτῶν,

11 1620 97 1654 δεικνὺς
110 1622 148 1651 ὅτι
163 1622 269 1660 θέλημα
289 1625 335 1652 τοῦ
352 1623 458 1662 Πατρός
473 1624 527 1652 ἐστι
547 1624 577 1653 τὸ
599 1624 642 1653 διὰ
656 1627 703 1654 τοῦ
726 1626 791 1655 Υἱοῦ

11 1664 211 1704 ἐλευθερωθῆναι,
235 1666 317 1708 Ὁρᾷς
340 1667 367 1697 δὲ
392 1667 432 1696 ὅτι
451 1669 498 1697 οὐκ
518 1663 592 1704 εἶπε,
616 1670 684 1699 Κατ’
700 1671 792 1699 ἐπιτα-

11 1707 49 1745 γὴν
64 1713 104 1739 τοῦ
132 1711 253 1750 Πατρὸς,
271 1712 353 1748 ἀλλὰ,
373 1724 388 1741 (ι
408 1712 486 1742 Κατὰ
510 1712 540 1741 τὸ
565 1713 682 1752 θέλημα,
699 1725 712 1742 ›)
728 1726 790 1744 του-

11 1753 85 1790 τέστι,
110 1755 156 1791 τὴν
185 1756 314 1786 εὐδοκίαν.
341 1756 434 1787 Εἰπὼν
459 1756 487 1786 δὲ
514 1757 624 1797 Πατέρα
654 1760 729 1796 ἡμῶν
746 1759 789 1788 τὸν

12 1797 84 1842 θεὸν,
101 1800 178 1830 πάλιν
199 1803 245 1830 τοῦ
275 1802 409 1841 εὐεργέτου
433 1801 630 1840 ὑπομιμνήσκει
654 1804 789 1842 Χριστοῦ,

11 1840 32 1874 ἃς
47 1843 177 1887 τὸν-αὐτοῦ
209 1845 334 1886 Πατέρα,
363 1846 408 1875 καὶ
433 1847 510 1884 ἡμῶν
536 1847 647 1887 Πατέρα
669 1847 787 1884 ἐποίησε.

14 1884 115 1933 Πῶς-θῦν
129 1890 221 1920 τούτου
235 1890 396 1930 defunctis;

45 1945 55 1957 ι
68 1933 123 1975 ᾮὴ
139 1934 202 1969 δόξα
220 1937 256 1968 ιῖς
270 1934 329 1968 τοὺς
345 1937 442 1969 αἰῶνας
464 1937 516 1965 τῶν
531 1936 645 1967 αἰώνων.
666 1937 759 1976 Ἀμήν.
778 1953 789 1964 ι.

12 1977 124 2023 ρῦδαμοῢ
142 1980 261 2019 ἀλλαχοῦ
277 1981 303 2009 ἐν
318 1980 464 2020 προοιμίοις
478 1981 524 2017 τὸ,
546 1991 560 2009 (ι
575 1981 656 2019 Ἀμὴν
665 2005 672 2018 ,
689 1993 703 2010 ι)
719 1983 769 2016 θεὶς
780 2007 790 2023 ,

12 2020 108 2066 suae;
131 2023 250 2053 τέθεικε·
277 2024 376 2058 δεικνὺς
400 2024 440 2054 ὅτι
467 2027 480 2054 ὁ
495 2027 568 2063 λόγος
595 2020 790 2066 ἀπηρτισμένος

13 2064 71 2094 ἐστὶν
85 2067 169 2108 αὐτῷ,
188 2069 235 2098 καὶ
259 2069 323 2108 πρὸς
339 2069 387 2104 τὴν
411 2070 572 2109 κατηγορίαν
594 2071 646 2099 τῶν
662 2073 789 2102 Γαλατῶν

12 2109 77 2139 ἱκανὰ
89 2112 120 2141 τὰ
144 2112 288 2152 εἰρημένω
322 2114 367 2143 καὶ
393 2114 444 2154 γὰρ
470 2114 624 2151 ἀναμνήσας
637 2117 688 2144 τῶν
716 2118 788 2157 ἀφά-

13 2164 55 2207 ῖων
69 2159 108 2186 τοῦ
122 2158 191 2187 Θεοῦ
214 2159 384 2198 εὐεργεσιῶν,
404 2158 431 2193 ἐξ
445 2154 481 2188 ὧν
507 2159 690 2199 κατεκρίνοντο
704 2154 789 2199 οὗτοι,
805 2178 830 2209 D

58 2199 63 2207 ι
156 2202 162 2209 .
235 2203 242 2209 .
336 2203 342 2209 .
439 2204 459 2209 ._
490 2205 515 2209 --
586 2204 592 2209 .
663 2200 678 2209 ι,
750 2208 754 2209 ,

14 2198 114 2237 ἀφιέντες
139 2202 182 2231 τὸν
218 2203 461 2243 εὐεργετήσοιντα⁴5
490 2198 623 2242 Χριστόν·
654 2200 710 2234 εἶτα
745 2198 788 2236 ἐκέ

14 2243 108 2282 πλαγεὶς
128 2247 241 2282 ταύτας,
265 2247 310 2278 καὶ
337 2247 433 2287 μηκέτι
454 2248 537 2287 μηδὲν
558 2249 700 2288 δυνάμενος
725 2251 791 2281 ἄλλο

14 2288 63 2333 περὶ
75 2290 154 2320 αὐτῶν
180 2291 308 2328 ἐξειπεῖν,
335 2294 370 2326 εἷς
397 2292 545 2333 δοξολογίαν
572 2295 725 2324 κατακλείει
747 2295 791 2325 τὸν

15 2330 87 2370 λόγον,

51 2379 206 2422 ιι-Θαυμάζω
219 2381 260 2411 ὅτι
275 2381 343 2412 οὕτω
366 2382 467 2422 ταχέως
483 2383 652 2422 μετατίθεσθε
675 2384 730 2414 ἀπὸ
745 2388 790 2415 τοῦ

16 2420 154 2466 ξαλὲσαντος
181 2426 249 2463 ὑμᾶς
276 2427 302 2455 ἐν
330 2420 421 2466 χάριτι
449 2420 578 2466 Χριστοῦ.
608 2439 623 2457 ι)
652 2429 790 2459 Δείκνυσιν

17 2461 166 2513 δτι-μεγαλην
188 2461 248 2498 τινὰ
271 2461 404 2511 ὑπόληψιν
433 2461 493 2511 περὶ
509 2473 595 2502 αὐτῶν
620 2469 688 2513 εἶχε.
715 2476 790 2503 Θαυ-

18 2508 80 2544 μάζω
96 2511 159 2552 γὰρ,
183 2514 262 2554 φησὶν
276 2537 284 2551 ,
300 2516 354 2555 εἴγε
366 2508 447 2554 ’ὑμεῖς
463 2508 487 2546 οἱ
508 2521 624 2547 τοσαῦτα
641 2508 791 2555 πεπονηκό-

18 2555 82 2600 τξςγέν
103 2559 134 2596 τῇ
154 2558 241 2588 πίστει
266 2559 335 2589 οὕτω
359 2560 460 2600 ταχέως
484 2563 665 2600 μετατίθεσθε.
688 2562 743 2592 Δύο
764 2562 792 2592 δὲ

18 2596 45 2649 1‘1,
53 2599 206 2639 ἐγλιλήμιιτα,
215 2603 245 2633 τό
254 2616 283 2634 τε
293 2627 301 2641 ,
321 2616 335 2634 σι
352 2605 532 2636 Μετατίθεσθε
544 2629 552 2643 ,
564 2619 579 2634 ν
593 2607 694 2643 καὶτὸ,
707 2621 719 2634 οι
731 2609 790 2638 Τα-

20 2645 89 2689 ζέως·
102 2656 115 2674 ι)
132 2645 197 2676 ὥστε
213 2649 281 2687 μηδὲ
295 2650 390 2689 χρόνου
403 2651 505 2680 δεῖσθαι
531 2651 590 2685 τοὺς
613 2652 770 2685 ἀπατῶντας
783 2664 790 2670 '

21 2684 73 2726 ὅπερ
94 2684 237 2730 κουφότητα
246 2684 272 2712 λθ
373 2684 598 2735 παραδεχομένων
634 2684 788 2736 κατηγορεῖ.

850 279 932 307 Patre
944 278 1041 307 datum
1057 287 1125 313 esse,
1140 278 1358 307 benevolentiam
1376 279 1465 306 Patris
1484 283 1512 306 et
1524 280 1648 308 volunta-

849 328 906 352 tem
919 324 1046 360 intellige.
1072 323 1154 352 Dedit
1168 327 1261 351 autem
1283 323 1414 359 seipsum,
1439 327 1470 351 ut
1487 323 1584 352 liberet
1597 332 1648 352 nos

848 377 863 396 a
878 368 1007 404 peccatis,
1021 377 1035 396 a
1054 368 1154 405 quibus
1168 368 1211 396 lex
1233 368 1349 396 liberare
1363 375 1420 395 non
1443 368 1540 396 valuit.
1569 368 1645 402 Quo-

848 413 933 441 modo
953 413 1037 450 igitur
1052 413 1201 441 liberatore
1225 417 1316 441 vestro
1340 411 1466 447 dimisso,
1487 412 1538 449 legi
1557 417 1644 442 atten-

847 458 922 491 ditis,
937 466 999 495 qum
1018 458 1082 486 nihil
1097 458 1176 486 vobis
1186 457 1342 494 profuerit?

885 515 898 528 ι
913 504 953 532 Ut
980 503 1098 539 eriperet
1122 510 1174 531 nos
1198 511 1231 531 ex
1251 503 1379 540 praesenti
1397 503 1500 531 saeculo
1521 503 1605 531 malo.
1630 515 1644 528 ι

847 548 899 576 Hic
925 547 1069 576 Itianichaei
1093 547 1179 576 textui
1197 548 1252 576 vim
1277 547 1393 582 iaciunt,
1410 548 1542 582 dicentes,
1564 548 1646 583 Ecce,

846 593 976 621 szeculum
1005 600 1136 628 przesens,
1161 593 1218 620 sive
1235 592 1318 620 vitam
1333 597 1467 627 nostram,
1481 592 1586 620 malum
1600 600 1648 629 ap-

847 637 962 672 pellavit.
977 638 1038 665 Hoc
1052 642 1145 665 autem
1168 645 1226 665 non
1240 641 1282 665 est
1297 637 1342 665 ita.
1371 639 1464 673 Neque
1488 637 1563 665 enim
1588 637 1648 666 dies

846 681 910 717 ipsae
925 689 972 717 per
992 690 1023 710 se
1039 682 1120 710 malae
1144 686 1210 710 sunt
1224 684 1303 718 (qua:
1323 682 1397 710 enim
1420 682 1538 718 pravitas
1551 690 1647 710 cursus

845 727 951 761 solaris,
977 727 1018 755 vel
1045 727 1153 755 dierum
1177 727 1342 762 intervalli),
1363 734 1455 763 neque
1480 727 1532 754 vita
1555 731 1647 755 nostra

844 779 892 807 per
913 779 973 800 sese
997 780 1081 807 prava
1093 776 1151 805 est;
1175 771 1318 808 quomodo
1338 772 1414 800 enim
1433 772 1463 800 in
1477 779 1529 807 qua
1554 773 1647 800 Deum

843 817 1026 852 agnoscimus,
1041 824 1074 844 ac
1095 816 1129 845 de
1151 815 1253 844 futuris
1265 815 1511 852 philosophamur?
1524 816 1576 844 Sed
1592 824 1646 844 sa:-

812 863 835 894 B
850 861 942 889 culum
973 868 1099 896 pravum,
1126 861 1302 897 operationes
1326 868 1424 897 pravas
1442 860 1518 895 dicit,
1534 865 1562 888 et
1583 869 1646 889 cor-

849 909 958 941 ruptam
973 905 1142 934 voluntatem
1159 916 1166 933 :
1184 905 1421 942 quemadmodum
1439 913 1491 933 nos
1502 905 1646 934 consuevi-

848 958 912 978 mus
926 950 1024 985 dicere,
1052 950 1156 978 Itlalum
1173 949 1256 978 habui
1272 950 1356 984 diem,
1384 958 1440 978 non
1462 954 1582 986 tempus,
1596 949 1646 979 sed

847 995 1079 1023 circumstantiam
1097 999 1124 1023 et
1150 994 1286 1023 actionem
1297 999 1470 1023 accusantes.
1484 996 1546 1023 Non
1571 995 1644 1023 enim

848 1043 878 1067 ut
890 1047 941 1068 nos
957 1039 1064 1068 occidat
1079 1044 1107 1068 et
1122 1039 1212 1076 ejiciat
1233 1047 1249 1068 e
1270 1040 1399 1076 praesenti
1420 1039 1485 1074 vita,
1503 1044 1645 1075 propterea

847 1089 972 1112 mortuus
991 1088 1033 1112 est
1052 1084 1196 1118 Christus;
1221 1092 1317 1112 verum
1333 1088 1364 1112 ut
1380 1092 1394 1112 ο
1408 1084 1494 1120 privis
1517 1084 1645 1120 operibus

847 1127 974 1164 deinceps
1002 1136 1053 1156 nos
1085 1128 1192 1156 liberet.
1219 1129 1289 1157 Cum
1312 1129 1388 1156 enim
1414 1137 1497 1164 supra
1521 1128 1644 1163 dixisset,

846 1172 930 1201 Dedit
938 1173 1060 1209 seipsum
1073 1181 1122 1209 pro
1134 1173 1250 1209 peccatis
1268 1174 1380 1208 nostris,
1398 1173 1450 1201 hoc
1466 1177 1517 1207 est,
1532 1173 1645 1202 Libera-

848 1218 885 1245 vit
896 1225 946 1246 nos
959 1225 974 1245 a
990 1218 1135 1254 praeteritis
1150 1218 1297 1246 sceleribus
1319 1227 1326 1246 :
1342 1218 1457 1254 posthac
1476 1218 1515 1246 ait
1532 1218 1606 1255 quod
1618 1222 1646 1246 et

848 1263 874 1290 in
892 1262 1014 1290 futurum
1031 1262 1107 1291 dedit
1123 1263 1203 1290 nobis
1217 1263 1408 1297 securitatem,
1423 1267 1454 1290 ut
1471 1270 1523 1291 nos
1538 1271 1553 1291 a
1571 1263 1644 1292 mala

848 1307 1054 1336 conversatione
1073 1307 1181 1336 eximat.
1201 1308 1255 1335 Lex
1277 1311 1371 1336 autem
1395 1315 1484 1344 neque
1507 1308 1644 1344 praeterita

849 1356 957 1387 peccata
973 1352 1086 1387 delevit,
1101 1360 1151 1380 nec
1165 1352 1199 1380 ad
1211 1351 1302 1381 futura
1317 1351 1409 1380 valuit.

851 1402 1030 1442 προγεγονότα
1057 1402 1241 1441 ἁμαρτήματα
1269 1401 1417 1443 ἐξήλειφεν,
1442 1401 1501 1432 οὔτε
1525 1401 1590 1442 πρὸς
1613 1403 1644 1432 τὸ

880 1497 963 1532 327
984 1508 997 1520 «ι
1015 1496 1169 1524 Secundum
1185 1496 1353 1524 voluntatem
1368 1496 1419 1524 Dei
1439 1500 1467 1524 et
1488 1497 1574 1524 Patris
1590 1505 1642 1524 no-

845 1541 904 1568 stri.
923 1552 935 1565 ιι
951 1541 1018 1576 Quia
1034 1541 1165 1576 putabant
1177 1541 1213 1568 illi
1227 1540 1302 1576 quod
1321 1542 1381 1568 Deo
1397 1548 1454 1568 non
1469 1540 1643 1577 obtempera—

845 1589 905 1613 rent
920 1585 1087 1614 dimittentes
1108 1585 1212 1622 legem,
1233 1585 1416 1621 suspicionem
1434 1593 1529 1613 eorum
1552 1586 1643 1614 corri-

845 1630 896 1666 git,
918 1630 1065 1658 ostendens
1091 1630 1260 1658 voluntatem
1286 1630 1373 1658 Patris
1393 1637 1463 1664 esse,
1492 1630 1566 1665 quod
1596 1638 1644 1666 per

846 1675 947 1702 Filium
961 1675 1148 1703 liberaremur.
1162 1674 1244 1703 Vides
1258 1678 1352 1702 autem
1366 1675 1443 1711 quod
1458 1682 1515 1703 non
1526 1675 1642 1710 dixerit,

844 1720 923 1747 Juxta
940 1719 1100 1747 mandatum
1114 1720 1216 1753 Patris,
1232 1719 1294 1753 sed,
1310 1730 1322 1743 ‹ι
1338 1719 1497 1747 Secundum
1512 1719 1641 1748 volunta-

843 1768 916 1799 tem,
930 1776 943 1788 ιι
958 1763 1011 1792 hoc
1025 1768 1081 1798 est,
1097 1764 1308 1799 beneplacitum.
1325 1764 1426 1791 Dicens
1439 1768 1532 1792 autem
1549 1765 1641 1792 Deum

844 1809 954 1837 Patrem
980 1812 1120 1842 nostrum,
1148 1815 1241 1836 rursus
1263 1807 1443 1836 benefactoris
1474 1815 1639 1836 commone-

844 1853 909 1880 facit
922 1852 1037 1886 Christi,
1053 1853 1098 1888 qui
1113 1853 1220 1880 Patrem
1233 1859 1328 1886 suum,
1343 1856 1471 1879 nostrum
1484 1851 1567 1879 etiam
1585 1853 1639 1880 Pa-

844 1902 915 1925 trem
931 1896 1000 1925 feeit.
1023 1897 1076 1933 Qui
1091 1897 1172 1932 igitur
1185 1896 1220 1924 ab
1237 1896 1290 1924 hoc
1309 1896 1443 1925 deﬁcitis?

880 1943 968 1970 Vens.
992 1945 1017 1970 5.
1051 1953 1064 1966 α
1094 1941 1145 1969 Cui
1170 1941 1256 1978 gloria
1279 1941 1307 1969 in
1333 1941 1433 1969 saecula
1462 1940 1638 1970 saeculorum.

843 1988 943 2014 Amen.
962 1980 973 2011 ιὶ
991 1987 1060 2015 Cum
1072 1994 1207 2023 nusquam
1225 1986 1291 2014 alibi
1310 1986 1338 2014 in
1352 1985 1474 2014 exordiis
1490 1995 1504 2012 (ι
1519 1987 1607 2014 Amen
1624 1996 1638 2013 »

844 2032 978 2067 posuerit,
998 2031 1041 2059 hic
1057 2031 1149 2067 ponit,
1162 2030 1285 2059 iudicans
1297 2030 1378 2067 quod
1391 2038 1482 2058 sermo
1502 2030 1560 2066 ejus
1571 2038 1640 2058 con-

843 2079 999 2104 summatus
1013 2076 1060 2109 sit,
1074 2079 1101 2104 et
1113 2083 1174 2111 quae
1188 2075 1316 2110 dixisset,
1330 2075 1365 2103 ad
1378 2075 1539 2103 Galatarum
1560 2083 1639 2104 aecu-

843 2121 982 2148 sationem
997 2120 1104 2148 abunde
1119 2121 1188 2148 satis
1201 2128 1272 2148 esse.
1286 2120 1396 2148 Etenim
1412 2120 1550 2148 mentione
1567 2119 1639 2148 facta

844 2165 1069 2193 inenarrabilium
1088 2165 1139 2192 Dei
1159 2164 1372 2200 beneﬁciorum,
1396 2172 1430 2192 ex
1451 2164 1551 2199 quibus
1569 2171 1638 2192 con-

843 2210 1044 2238 demnabantur
1057 2209 1093 2237 illi
1103 2230 1111 2243 ,
1127 2209 1201 2245 quod
1215 2209 1355 2237 Christum
1376 2208 1579 2237 benefactorem
1595 2208 1639 2236 di-

846 2254 996 2288 misissent;
1020 2254 1117 2282 deinde
1149 2254 1299 2282 admiratus
1329 2261 1378 2287 ea,
1411 2261 1464 2282 nec
1493 2253 1642 2289 quidquam

845 2299 914 2327 alius
928 2299 962 2327 de
976 2299 1026 2327 illis
1040 2299 1186 2327 enuntiare
1201 2299 1308 2333 valens,
1323 2298 1469 2334 doxologia
1483 2306 1642 2327 sermonem

845 2344 957 2372 claudit.

880 2390 972 2417 Vens.
989 2391 1014 2418 6.
1034 2400 1047 2413 ι
1068 2389 1154 2417 Miror
1163 2389 1239 2425 quod
1250 2388 1319 2417 adeo
1334 2388 1389 2416 cito
1404 2387 1643 2417 transferiminiab

845 2442 878 2462 eo
897 2434 945 2470 qui
964 2433 1071 2462 vocavit
1089 2442 1138 2462 vos
1152 2441 1201 2469 per
1223 2433 1340 2469 gratiam
1362 2433 1475 2462 Christi.
1497 2443 1510 2460 ι)
1536 2433 1643 2462 Indicat

844 2479 918 2515 quod
933 2487 1062 2515 magnam
1087 2478 1121 2507 de
1140 2479 1205 2514 ipsis
1220 2478 1349 2506 habuerit
1369 2478 1538 2514 opinionem.
1555 2479 1641 2506 Miror

845 2523 934 2558 enim,
950 2523 1053 2559 inquit,
1068 2523 1142 2559 quod
1158 2531 1206 2551 vos
1229 2523 1275 2559 qui
1288 2522 1356 2551 adeo
1369 2523 1399 2551 in
1413 2523 1467 2551 ﬁde
1481 2523 1640 2556 laborastis,

844 2572 904 2596 tam
924 2568 978 2596 cito
995 2568 1202 2596 transferimini.
1229 2569 1298 2596 Dum
1313 2568 1400 2603 culpa:
1415 2571 1497 2601 sunt,
1518 2571 1544 2594 et
1564 2567 1638 2602 quod

846 2622 861 2639 α
879 2611 1092 2641 Transferimini
1100 2632 1108 2646 ,
1124 2624 1136 2636 ιι
1152 2612 1266 2648 etquod
1276 2624 1288 2637 α
1308 2612 1368 2640 Cito
1376 2632 1385 2646 ,
1403 2623 1415 2636 ιι
1425 2620 1460 2640 ne
1471 2615 1499 2639 ut
1509 2615 1634 2646 tempore

845 2657 958 2693 quidem
974 2665 1045 2693 opus
1061 2657 1179 2685 habeant
1193 2658 1358 2693 impostorcs
1373 2664 1380 2684 :
1405 2655 1480 2691 quod
1501 2655 1638 2683 levitatem

844 2702 1039 2737 excipientium
1063 2702 1245 2738 imposturam
1272 2700 1456 2737 reprehendit.
1479 2700 1536 2727 Nec
1557 2699 1638 2733 dixit,

692 2764 785 2794 Variae
807 2764 958 2796 lectiones.

51 2811 91 2846 ²³ἦ
104 2822 127 2843 0-
165 2817 256 2847 ⁸⁴ὥστε
276 2827 302 2848 0.
343 2821 364 2836 ⁸⁵
385 2820 511 2857 εὐεργέτην
527 2830 553 2850 ο.
592 2822 615 2839 ⁴⁶
629 2823 778 2858 κουφότητος
793 2831 820 2851 ο.
