1877 3081
218 177 270 206 959

740 177 998 207 THEOPHYLACTI
1015 178 1192 207 BULGARMS
1210 179 1366 208 ARCHIEP.
1825 182 1870 208 9m

217 241 356 269 Translati
377 240 459 275 estis,
480 240 546 275 sed,
564 250 578 267 (ι
601 241 827 276 Transferimini,
844 251 858 268 »
882 242 935 270 hoc
956 246 1007 276 est,

1077 242 1125 272 Καὶ
1135 243 1182 272 οὐκ
1205 237 1262 272 εἷπε
1273 265 1281 279 ,
1295 243 1441 273 Μετέθεσθε
1450 265 1459 278 ,
1485 242 1556 272 ἀλλὰ
1565 266 1574 282 ,
1592 253 1607 271 α
1626 242 1820 273 Μετατίθεσθε
1830 254 1836 260 ·
1852 255 1865 270 n

217 285 349 314 Nondum
373 285 475 319 credo,
498 293 550 314 nec
572 285 690 314 arbitror
712 291 930 315 consummatam
954 295 1013 315 esse

217 330 354 358 fraudem.
374 329 525 358 Considera
546 330 590 358 hic
610 331 784 366 sapientiam.
807 331 875 367 Quia
890 331 948 368 lege
962 331 1012 360 de.-

217 375 283 403 tenti
304 375 379 403 Patri
400 374 501 402 servire
524 375 704 411 putabantur,
740 378 762 402 Λ
787 377 881 409 Patre,
906 376 1011 412 inquit,

216 418 437 454 transferuntur,
463 419 511 455 qui
543 419 665 447 animum
695 420 745 456 legi
772 420 911 448 adhibent.
941 422 1012 448 Nam

223 474 238 491 ιι
257 463 291 492 ab
313 472 362 498 eo,
385 475 398 488 ιι
420 464 523 500 inquit,
541 475 553 487 α
579 464 627 499 qui
652 465 757 492 vocavit
778 473 840 499 vos,
859 477 871 490 ν
888 465 939 493 hoc
953 469 1011 499 est,

218 510 311 537 Patre.
328 519 342 534 «ι
355 509 408 537 Per
421 508 538 545 gratiam
553 508 666 544 Christi,
687 521 700 534 ι
720 509 746 537 id
767 513 825 544 est,
840 513 870 538 ut
881 510 1013 545 justitice-

215 554 283 581 mini
299 561 346 590 per
359 553 502 585 Christum
519 564 526 582 :
541 563 599 584 non
620 563 652 582 ex
675 555 819 590 operibus,
841 555 890 582 sed
913 555 1010 590 gratia.

217 601 300 630 Filius
319 602 394 630 enim
414 602 527 630 exhibet
547 600 733 630 remissionem
758 599 787 628 in
811 599 908 636 gratia,
931 601 1013 628 Pater

216 650 309 675 autem
324 646 359 674 ad
374 646 445 674 hanc
457 651 543 675 vocat.

253 691 343 719 Vsus.
360 695 388 719 7.
412 703 424 715 α
441 691 485 719 Ad
506 690 579 718 aliud
594 690 786 725 Evangelium,
805 689 879 725 quod
900 697 957 717 non
972 694 1014 718 est

217 736 310 769 aliud,
326 736 378 764 nisi
399 740 465 764 sunt
480 736 562 771 aliqui
584 736 630 771 qui
652 742 700 762 vos
721 734 902 769 conturbant,
923 738 949 762 et
964 742 1012 762 vo-

217 781 276 809 lunt
299 785 453 816 pervertere
463 780 642 816 Evangelium
668 778 781 807 Christi.
804 790 816 802 υ
841 779 911 814 Quia
931 787 1011 807 suam

217 826 399 861 imposturam
415 825 572 853 seductores
590 824 766 859 Evangelium
790 823 940 857 vocabant,
954 824 1012 860 ipse

218 870 348 898 adversus
373 878 476 898 nomen
504 869 571 897 illud
593 876 730 905 pugnans.
755 869 817 896 Non
839 872 889 902 est,
906 869 1010 904 inquit,

217 914 290 943 aliud
313 914 509 950 Evangelium,
541 917 723 950 praeterquam
755 912 830 949 quod
858 913 1009 948 accepistis.

216 961 313 988 Unum
332 959 407 988 enim
435 963 486 993 est,
507 962 609 986 rectam
637 961 665 985 et
695 958 830 985 sinceram
854 957 1010 993 opinionem

216 1005 380 1038 continens,
395 1003 470 1040 quod
491 1010 542 1039 ego
564 1002 727 1039 praedicavi:
751 1002 804 1030 nisi
824 1002 884 1038 jam
897 1002 951 1030 sint
965 1002 1010 1038 qui

215 1049 328 1077 turbent
342 1049 435 1076 ocul0s
449 1048 606 1076 animarum
621 1051 773 1075 vestrarum
782 1066 790 1079 ,
805 1050 833 1074 et
846 1046 947 1074 faciant
960 1047 1011 1075 alia

217 1102 266 1130 pro
287 1094 348 1122 aliis
374 1101 499 1126 cernere,
521 1092 643 1120 volentes
660 1091 818 1120 subvertere
835 1091 1011 1127 Evangelium

221 1138 332 1166 Christi.
350 1141 388 1166 At
412 1146 471 1166 non
495 1141 585 1165 totum
610 1136 790 1172 Evangelium
805 1135 1010 1171 subvertebant,

217 1191 310 1210 verum
325 1183 358 1211 de
378 1183 497 1210 Sabbato
513 1186 540 1209 et
553 1181 770 1210 Circumcisione
781 1181 872 1208 solum
891 1180 1010 1209 manda-

214 1232 274 1256 tum
294 1227 570 1256 subintroduxerunt.
594 1227 739 1254 Attamen'
753 1225 854 1253 indicat
867 1225 940 1261 quod
953 1226 1010 1254 exi-

215 1280 301 1308 guum
317 1272 456 1308 quidpiam
474 1278 615 1307 perperam
630 1270 742 1303 factum,
752 1270 910 1298 universum
926 1271 1011 1298 Evan-

216 1317 317 1353 gelium
357 1317 476 1344 invertat
506 1324 513 1343 :
543 1315 655 1352 perinde
689 1315 774 1350 328
811 1322 844 1342 ac
874 1315 921 1350 qui
944 1315 1010 1351 regii

215 1362 392 1390 numismatis
406 1361 558 1398 quidquam
569 1360 760 1396 amputaverit,
776 1363 865 1387 totum
875 1359 1012 1388 numisma

216 1405 403 1434 adulterinum
417 1405 545 1434 reddidit.
560 1404 682 1433 Observa
696 1408 787 1432 autem
802 1403 888 1437 istud,
901 1409 1013 1440 propter

215 1459 264 1479 eos
279 1451 326 1487 qui
343 1450 522 1483 dicunt.hoc'
532 1457 605 1478 sesse
623 1448 853 1485 modicumatque
865 1449 934 1477 adeo
944 1457 1010 1477 eon-

216 1494 388 1524 donandum.
417 1494 563 1530 Arripiunt
584 1498 676 1522 autem
700 1493 752 1521 hoc
774 1493 879 1521 dictum
895 1493 1013 1522 Marcio-

216 1540 305 1573 nistae,
325 1543 480 1567 asserentes
499 1538 565 1566 hinc
588 1546 644 1566 non
668 1542 802 1573 quatuor.
828 1537 876 1566 sed
900 1538 1011 1566 unicum

1069 286 1217 324 τουτέστιν,
1242 287 1356 317 Οὐδέπω
1382 287 1516 326 πιστεύω,
1548 287 1607 317 οὐδὲ
1635 290 1761 326 ἡγοῦμαι
1784 289 1869 326 ἄπηρ-

1067 331 1191 370 τισμένην
1204 327 1271 361 εἶναι
1286 330 1319 366 τὴ
1344 332 1462 368 ἀπάτην.
1491 331 1565 372 Ὅρα
1581 332 1608 361 δὲ
1633 332 1740 372 σοφίαν.
1758 333 1869 368 Ἐπειξῆ

1067 379 1112 405 τοῦ
1124 376 1205 415 νόμου
1224 377 1344 417 ἑλόμενοι
1356 400 1364 412 ,
1388 377 1471 418 ᾤοντο
1497 376 1652 416 θεραπεύειν
1677 377 1725 406 τὸν
1742 378 1854 417 Πατέρα
1865 402 1871 413 ,

1067 420 1163 462 φησὶν,
1181 421 1222 451 ὅτι
1240 422 1292 451 ἀπὸ
1304 424 1349 451 τοῦ
1365 422 1470 462 Πατρὸς
1495 421 1680 460 μετατίθενται
1701 423 1726 451 οἱ
1741 424 1782 461 τῷ
1803 423 1871 461 νόμῳ

1066 465 1250 506 προσέχοντες.
1271 478 1286 495 ι(
1299 466 1363 496 Ἀπὸ
1376 477 1390 495 ι)
1415 467 1468 507 γὰρ
1483 477 1496 495 (ι
1513 469 1559 496 τοῦ
1577 466 1745 500 καλέσαντος
1756 469 1838 504 ὑμᾶς,
1858 482 1868 493 .

1067 511 1146 550 φησὶ,
1159 510 1295 548 τουτέστι,
1307 513 1352 541 τοῦ
1368 511 1485 550 Πατρός.
1506 523 1521 540 (ι
1534 510 1579 541 Ἐν
1590 511 1684 550 χάριτι
1695 512 1820 549 Χριστοῦ
1829 535 1838 550 τ
1855 524 1867 538 ι

1066 555 1216 592 τουτέστιν,
1241 555 1310 586 ὥστε
1334 556 1506 591 δικαιωθῆναι
1527 555 1578 585 ὑπὸ
1607 557 1751 595 Χριστοῦ,
1777 557 1824 585 ad:
1846 558 1869 590 ἐξ

1066 600 1166 640 ἔργων,
1193 600 1263 630 ἀλλὰ
1282 600 1383 640 χάριτι.
1399 600 1434 630 Ὀ
1450 599 1497 638 μὲν
1519 600 1572 640 γὰρ
1590 600 1654 634 Υἱὸς
1679 601 1800 640 παρέχει
1825 600 1867 636 τὴν

1067 645 1159 685 ἄφεσιν
1175 647 1201 675 ἐν
1218 646 1308 685 χάριτι
1317 657 1323 664 ’
1337 647 1351 674 δ
1368 645 1395 674 δὲ
1413 644 1512 684 Πατὴρ
1523 644 1588 684 πρὸς
1599 645 1702 681 ταύτην
1716 647 1805 675 καλεῖ.

1112 701 1126 718 (ι
1150 691 1197 724 Εἰς
1212 690 1300 731 ἕτερον
1316 690 1484 729 Εὖαγγέλιον,
1506 689 1520 719 ὃ
1539 690 1586 719 οὖκ
1602 689 1676 719 ἔστιν
1691 690 1773 728 ἄλλο,
1794 691 1815 720 εἰ
1833 691 1866 727 μή

1066 734 1135 768 τινές
1155 736 1220 764 εἰσιν
1235 737 1259 765 οἱ
1282 734 1456 774 ταράσσοντες
1481 736 1565 772 ὗβς,
1592 734 1638 764 καὶ
1662 734 1788 767 Θίλοντες
1818 747 1866 772 με-

1066 779 1213 819 ταστρέψαι
1237 779 1267 809 τὸ
1293 779 1455 818 Εὖαγγέλιον
1486 781 1532 808 τοῦ
1559 780 1690 819 Χριστῶ.
1719 790 1735 808 Β
1758 779 1864 814 ἘπειΞῆ

1066 823 1114 859 τὴν
1129 826 1230 854 ἑαυτῶν
1259 824 1364 860 ἀπάτην
1381 825 1404 853 οἱ
1428 823 1524 853 πλάνοι
1545 824 1713 862 Εὐαγγέλιον
1738 825 1863 860 ἐκάλουν,

1066 869 1142 900 αὐτὸς
1165 869 1210 898 καὶ
1232 869 1296 908 πρὸς
1315 868 1346 898 τὸ
1365 868 1450 908 ὄνομα
1471 869 1607 909 μάχεται,
1629 868 1678 898 καί
1704 881 1806 909 φησιν,
1829 869 1863 898 ὅτι

1065 913 1126 943 Οὐκ
1145 913 1215 942 ἔστιν
1242 913 1307 942 ἄλλο
1333 913 1495 953 Εὖαγγέλιον
1510 912 1604 952 παρ’ὃ
1629 913 1805 953 παρελάϐετε
1829 915 1860 943 ⁸⁷.

1065 957 1117 988 ⁶Εν
1140 958 1191 997 γάρ
1218 958 1274 987 ἔστι
1295 957 1325 987 τὸ
1338 957 1386 994 τὴν
1414 957 1561 996 ὀρθοδοξίαν
1587 957 1716 998 περιέχον
1732 958 1771 995 ⁴⁸,
1787 958 1801 987 ὂ
1816 959 1860 996 ἐγὼ

1066 1001 1178 1042 ἐκήρυξα
1189 1014 1196 1020 ·
1209 1002 1231 1031 εἰ
1248 1002 1286 1041 μὴ
1303 1002 1355 1042 ἄρα
1368 1001 1435 1035 τινὲς
1451 1001 1510 1035 τοὺς
1533 1002 1689 1042 ὀφθαλμοὺς
1703 1004 1760 1031 τῶν
1774 1005 1858 1043 {alia

1066 1048 1140 1085 ὑμῶν
1161 1047 1338 1087 ταράσσουσι,
1362 1046 1407 1076 καὶ
1432 1049 1550 1076 ποιοῦσιν
1576 1046 1655 1086 ἔτερα
1688 1047 1747 1076 ἀνθ’
1775 1048 1862 1086 ἑτέρω

1065 1093 1145 1131 ὁρᾷν,
1157 1091 1273 1124 θέλοντες
1300 1090 1483 1130 μεταστρέψαι
1501 1091 1532 1120 τὸ
1559 1090 1727 1130 Εὖαγγέλιον
1739 1094 1789 1120 τῶ
1805 1093 1862 1130 Χρι-

1067 1138 1141 1166 στοῦ.
1161 1136 1212 1165 Καὶ
1237 1135 1289 1174 μὴν
1307 1137 1357 1175 οὐχ
1366 1135 1427 1165 ὅλον
1451 1137 1482 1164 τὸ
1514 1135 1680 1175 Εὖαγγίλιον
1705 1135 1863 1176 ἀνέτρεπον,

1067 1180 1135 1209 ἀλλὰ
1153 1179 1202 1215 τὴν
1226 1181 1287 1220 περὶ
1313 1183 1360 1210 τοῦ
1391 1179 1536 1210 Σαϐϐάτου
1565 1180 1611 1209 καὶ
1638 1182 1688 1215 ἧς
1717 1181 1862 1220 Περιτομίς

1067 1225 1145 1263 μόνον
1171 1224 1277 1261 ἐντολὴν
1310 1227 1491 1264 παρεισῆγον·
1526 1224 1586 1254 ἀλλ’
1609 1224 1682 1262 ὅμως
1719 1225 1859 1260 Seianum.

1066 1268 1106 1298 ὅτι
1139 1269 1184 1299 καὶ
1206 1269 1299 1308 μικρὸν
1327 1270 1527 1308 παραποιηθὲν,
1556 1268 1586 1298 τὸ
1609 1268 1669 1298 ὅλον
1701 1270 1857 1308 Εὖαγγέλιπι

1067 1313 1225 1353 ἀνατρέπει*
1250 1313 1340 1354 ὥσπερ
1365 1314 1410 1343 καὶ
1437 1315 1451 1342 ὃ
1465 1317 1511 1344 τοῦ
1540 1315 1681 1353 βασιλικοῦ
1703 1315 1860 1352 νομίσματος

1067 1359 1161 1398 μικρόν
1175 1370 1201 1387 τι
1222 1359 1383 1398 περικόψας,
1400 1358 1430 1388 τὸ
1444 1360 1505 1388 ὅλον
1527 1358 1648 1396 νόμισμα
1669 1357 1807 1395 κίϐδηλον
1820 1361 1858 1398 εἰρ-

1065 1402 1178 1440 γάσατο.
1191 1401 1349 1441 Σημιίωσαι
1363 1402 1392 1432 δὲ
1403 1405 1492 1439 τοῦτο,
1501 1425 1508 1438 ,
1523 1402 1567 1432 διὰ
1585 1402 1645 1435 τοὺς
1666 1402 1820 1441 λέγοντας,
1831 1403 1859 1431 ὅτι

1065 1447 1126 1477 τόδε
1150 1447 1243 1487 μικρόν
1266 1448 1322 1477 ἐστι
1350 1447 1395 1476 καὶ
1424 1447 1622 1487 συγχωρητέον.
1645 1447 1821 1487 Δράσσοιιται

1066 1494 1112 1522 τοῦ
1141 1494 1220 1532 ῥητοῦ
1247 1492 1271 1521 οἱ
1303 1491 1525 1531 Μαρκιωνισταὶ,
1555 1491 1601 1521 καί
1624 1503 1723 1531 φασιν,
1755 1493 1857 1522 ἐντεῦθεν

1066 1538 1119 1566 δεῖν
1145 1536 1231 1574 μὴ’τὰ
1251 1536 1383 1576 τέσσαρα,
1409 1537 1468 1565 ἀλλ’
1496 1536 1524 1565 ἓν
1540 1535 1664 1576 δέχεσθαι
1682 1537 1856 1576 Εὖαγγέλιον,

216 1583 395 1618 Evangelium
408 1581 619 1614 admittendum,
632 1581 706 1618 quod
718 1582 782 1617 ipsis
792 1589 890 1617 nempe
900 1582 1013 1610 confuse

1077 1582 1082 1610 Β
1103 1581 1178 1610 αὐτοὶ
1201 1580 1354 1620 συγχέοντες
1383 1581 1394 1620 [
1461 1580 1566 1620 χέαν.]
1590 1580 1636 1610 καὶ
1675 1583 1858 1622 περικόψαντα

217 1632 246 1655 et
272 1627 397 1655 mutilate
422 1630 647 1662 composuerunt.
670 1627 741 1653 Ecce
762 1626 845 1657 enim.
872 1626 1009 1661 inquiunt.

216 1672 316 1700 Paulus
331 1671 446 1699 unicum
466 1670 641 1706 Evangelium
655 1677 714 1698 esse
735 1669 810 1698 dicit.
827 1669 933 1706 Ecquid
942 1670 1012 1699 hoc?

216 1717 288 1745 Nam
301 1720 329 1744 et
342 1723 394 1744 nos
408 1719 526 1752 quatuor
538 1723 622 1743 unum
637 1714 762 1748 dicimus,
777 1715 930 1742 secundum
944 1723 1010 1743 con-

217 1765 330 1790 centum
346 1760 492 1788 nimirum.
512 1761 606 1796 Neque
628 1759 703 1787 enim
725 1759 825 1787 Paulus
845 1758 880 1788 de
893 1767 1012 1789 numero

217 1813 291 1834 nunc
304 1805 379 1840 dicit,
401 1812 496 1834 verum
511 1804 546 1832 de
567 1803 746 1832 dissonantia.
770 1803 840 1838 Quia
864 1804 936 1832 enim
956 1804 1010 1833 dis-

216 1854 296 1879 sonat
309 1850 491 1886 impostorum
505 1848 677 1885 praedicatio,
692 1847 754 1877 ideo
765 1856 822 1876 non
835 1852 879 1877 est
892 1850 1013 1886 Evange-

217 1895 294 1929 lium,
319 1899 351 1923 ut
368 1894 391 1922 si
406 1897 580 1926 consonaret,
597 1897 670 1922 esset
690 1893 880 1928 Evangelium,
896 1893 949 1922 hoc
959 1898 1011 1928 est,

218 1940 376 1976 praedicatio
386 1939 547 1975 apostolica.
560 1938 680 1966 Proinde
692 1937 922 1967 manifestissimae
932 1947 1013 1976 nugw

217 1989 283 2013 sunt
296 1992 358 2020 quan
373 1984 494 2012 Marcion
510 1983 556 2010 hic
564 1982 674 2019 profert.

254 2029 345 2057 Vnns.
359 2031 386 2056 8.
402 2039 415 2052 α
440 2027 494 2056 Sed
514 2027 577 2056 licet
595 2035 656 2062 nos,
678 2031 726 2055 aut
748 2027 863 2064 angelus
885 2027 919 2056 de
942 2029 1013 2057 coelo

220 2072 475 2109 evangelizet‘vobis
488 2076 673 2108 praeterquam
685 2072 759 2108 quod
771 2073 1014 2108 evangelizavimus

219 2117 306 2152 vobis,
331 2116 478 2145 anathema
502 2117 545 2144 sit.
562 2128 575 2142 ι
598 2118 640 2145 Ne
663 2117 722 2152 quis
735 2116 807 2145 dimt
829 2116 904 2153 quod
926 2118 1013 2146 ambi-

218 2162 292 2191 tione
306 2162 415 2197 ductus,
430 2169 479 2190 sua
493 2161 624 2198 dogmata
635 2161 738 2198 jactat,
749 2161 872 2197 seipsum
887 2161 1011 2190 devovet.

218 2209 290 2244 Quia
299 2215 365 2236 vero
375 2206 411 2235 ad
425 2207 616 2235 auctoritatem
627 2210 654 2235 et
664 2206 822 2241 dignitatem
834 2214 1013 2242 personarum

1065 1625 1221 1661 συνέθηκαν.
1235 1624 1302 1656 Ἰδοὺ
1317 1625 1368 1665 γὰρ
1377 1648 1385 1662 ,
1397 1625 1476 1665 φασὶν
1487 1647 1496 1664 ,
1508 1627 1522 1655 ὁ
1544 1626 1652 1658 Παῦλος
1662 1624 1691 1654 ἓν
1709 1621 1785 1655 εἶναι
1798 1627 1856 1663 λέτιι
1873 1657 1874 1660 η

1067 1670 1237 1709 Εὖαγγὲλιον.
1259 1669 1313 1700 Καὶ
1328 1669 1354 1698 τί
1378 1672 1475 1708 τοῦτο,
1510 1670 1563 1700 Καὶ
1588 1672 1666 1708 ἡμεῖς
1693 1669 1729 1699 τὰ
1755 1672 1855 1708 τέσσαρα

1065 1713 1091 1743 ἓν
1108 1709 1173 1743 εἶναι
1185 1714 1312 1753 λέγομεν,
1326 1713 1396 1743 κατά
1415 1725 1445 1753 γε
1472 1713 1521 1750 τὴν
1536 1713 1694 1754 συμφωνίαν
1707 1725 1715 1733 ·
1731 1715 1797 1744 οὐδὲ

1067 1759 1174 1791 Παῦλος
1184 1758 1245 1798 περὶ
1260 1760 1371 1798 ἀριθμοῦ
1384 1758 1455 1797 λέγει
1469 1761 1528 1794 νῦν,
1541 1759 1612 1787 ἀλλὰ
1621 1757 1685 1798 περὶ
1702 1759 1851 1799 διαφωνίας.

1065 1802 1139 1833 Διότι
1153 1803 1204 1842 γὰρ
1214 1825 1221 1839 ,
1235 1803 1319 1843 φησὶ,
1335 1803 1460 1842 διαφωνεῖ
1476 1802 1507 1832 τὸ
1521 1805 1574 1832 τῶν
1589 1802 1699 1831 πλάνων
1722 1803 1852 1844 κήρυγμα,

1065 1847 1110 1877 διὰ
1123 1851 1199 1877 τοῦτο
1217 1849 1266 1877 οὖκ
1287 1848 1356 1877 ἔστιν
1373 1847 1552 1886 Εὐαγγέλιον,
1574 1848 1610 1880 ὡς
1625 1846 1696 1886 εἴγε
1714 1849 1852 1888 cust

1065 1888 1098 1928 ἧν
1121 1892 1151 1920 ἂν
1170 1891 1346 1930 Εὐαγγέλιον,
1362 1892 1498 1926 τουτέστι,
1520 1891 1647 1930 κήρυγμα
1675 1892 1852 1923 ἆποστολιιὰι.

1066 1935 1154 1966 Ὥστε
1166 1936 1281 1977 φλυαρία
1296 1936 1382 1976 σαφὴς
1393 1935 1427 1965 τὰ
1439 1938 1485 1965 τοῦ
1501 1937 1672 1976 Μαρκίωνος.

1112 2037 1126 2054 (ι
1141 2024 1220 2055 Ἀλλὰ
1242 2026 1291 2055 κᾶν
1318 2027 1413 2063 ἡμεῖς,
1439 2025 1457 2060 ἢ
1471 2024 1582 2064 ἄγγελος
1605 2024 1631 2059 ἐξ
1647 2026 1764 2065 οὐρανοῦ
1792 2026 1851 2063 εὐετ-

1067 2070 1201 2109 γελίζηται
1226 2072 1289 2109 ὑμῖν
1313 2070 1377 2110 παρ’
1406 2069 1420 2099 ὃ
1444 2069 1674 2109 εὐηγγελισάμεθα
1701 2072 1777 2108 ὑμῖν,
1802 2071 1850 2098 ἀνι-

1068 2118 1135 2152 θεμα
1162 2114 1266 2145 ἔστω.»
1282 2114 1344 2145 Ἵνα
1360 2114 1399 2152 μή
1424 2126 1463 2147 τις
1482 2113 1562 2154 εἴπῃ,
1586 2115 1626 2143 δτι
1650 2113 1696 2144 διὰ
1721 2114 1849 2155 φιλοδοξίαι

1067 2159 1100 2189 τὰ
1110 2159 1192 2188 οἰκεῖα
1219 2163 1358 2199 συγκροτεῖ
1373 2158 1513 2198 δόγματα,
1537 2157 1584 2188 καὶ
1607 2158 1703 2188 ἑαυτὸν
1734 2160 1849 2196 ἀναθεμα-

1067 2204 1142 2238 τίζει.
1157 2203 1271 2239 Ἐπειδὴ
1294 2203 1322 2233 δὲ
1337 2203 1384 2234 καὶ
1407 2205 1444 2236 εἰς
1457 2202 1597 2242 ἀξιώματα
1624 2203 1803 2244 κατέφευγον,
1817 2203 1848 2230 xxi

218 2251 424 2289 confugiebant,
455 2259 487 2280 ac
512 2252 625 2279 Petrum
653 2258 719 2278 cum
741 2250 808 2285 suis,
828 2255 856 2279 et
877 2251 1013 2280 Iacobum

1077 2247 1128 2282 ποὺς
1141 2250 1201 2288 περὶ
1216 2249 1319 2289 Πέτρον
1334 2247 1477 2288 προέφερον
1504 2247 1551 2277 καὶ
1567 2247 1715 2278 Ἰάκωϐον*
1732 2248 1774 2278 διὰ
1790 2249 1847 2276 τοῖιν

218 2297 405 2334 proferebant,
420 2304 482 2325 eam
501 2296 537 2324 ob
559 2303 670 2324 causam
685 2295 844 2331 angelorum
859 2296 941 2324 etiam
955 2304 1016 2325 me-

217 2342 310 2369 minit.
327 2341 435 2377 Adjecit
447 2344 551 2373 autem,
568 2351 581 2364 α
604 2342 647 2368 De
660 2340 746 2376 ccelo,
759 2351 772 2363 ιι
792 2340 1016 2376 quandoquidem

217 2389 247 2414 et
257 2385 411 2414 sacerdotes
425 2384 517 2420 angeli
532 2384 710 2412 vocabantur.
728 2386 768 2412 Ne
787 2384 869 2420 igitur
881 2387 915 2413 de
925 2393 1016 2413 sacer-

219 2429 330 2458 dotibus
352 2429 412 2457 haec
428 2428 482 2456 dici
505 2433 602 2464 putes,
629 2429 691 2456 coeli
715 2429 885 2464 appositione
904 2437 1017 2466 superas

218 2474 354 2510 potentias
377 2472 545 2510 signiﬁcavit.
568 2474 622 2500 Nec
642 2472 721 2506 dixit,
736 2473 762 2501 Si
785 2473 921 2501 contraria
946 2482 1016 2510 prm-

218 2519 321 2552 dicent,
343 2518 408 2553 Sed,
428 2517 457 2546 Si
478 2525 575 2553 parum
599 2517 732 2553 quiddam
757 2518 924 2546 annuntient
949 2527 1018 2554 pra:-

218 2567 263 2592 ter
288 2562 316 2592 id
335 2562 410 2600 quod
432 2561 663 2590 annuntiavimus.
685 2562 736 2589 Per
760 2561 813 2589 hoc
837 2561 921 2598 igitur
943 2563 1016 2599 quod

216 2609 330 2644 angelos
343 2606 568 2640 anathematizat,
583 2614 698 2635 omnem
713 2606 903 2635 auctoritatem
926 2607 1015 2644 ejicit;

218 2653 294 2689 quod
316 2660 382 2681 vero
399 2651 532 2688 seipsum,
552 2659 667 2680 omnem
690 2651 858 2680 societatem.
883 2653 924 2680 Ne
942 2652 1017 2680 enim

218 2698 286 2728 mibi
299 2697 384 2734 dicas,
402 2698 442 2726 En
459 2697 609 2734 coapostoli
627 2697 668 2725 tui
689 2696 829 2726 diversum
843 2697 994 2734 praedicant
1010 2707 1018 2732 ς

1069 2293 1116 2323 καὶ
1131 2293 1250 2332 ἀγγέλων
1266 2292 1395 2332 ἐμνήσθη.
1421 2291 1576 2331 Προσέθηκε
1601 2292 1630 2322 δὲ
1645 2292 1676 2322 τὸ
1688 2316 1698 2331 ,
1718 2304 1734 2322 α
1761 2291 1803 2326 ἘΞ
1815 2291 1846 2319 σία

1071 2340 1167 2377 ρανοῧ,
1191 2348 1206 2366 ι)
1226 2338 1318 2372 ἐπειδὴ
1351 2336 1396 2366 καὶ
1420 2338 1444 2366 οἱ
1468 2337 1546 2376 ἱερεῖς
1575 2336 1684 2376 ἄγγελοι
1712 2337 1842 2367 ἐκαλοῦντς.

1069 2381 1129 2412 Ἵνα
1153 2384 1213 2420 γοῦν
1230 2381 1268 2420 μὴ
1297 2382 1358 2421 περὶ
1387 2381 1479 2421 ἱερέων
1513 2382 1650 2421 ὑπολάϐῃς
1675 2381 1804 2421 λέγεσθαι,

1070 2430 1116 2457 τοῦ
1139 2428 1254 2466 οὐρανοῦ,
1271 2425 1409 2466 προσθήκῃ
1435 2425 1482 2460 τὰς
1504 2425 1559 2455 ἄνω
1587 2426 1714 2465 δυνάμεις
1736 2426 1842 2460 ἐδήλωσε.

1072 2471 1128 2502 Καὶ
1156 2465 1202 2501 οὖκ
1231 2465 1318 2509 εἶπεν,
1347 2471 1389 2500 ὅτι
1413 2470 1480 2500 Ἐὰν
1507 2470 1614 2500 ἐναντία
1635 2470 1840 2510 xummw.

1072 2515 1141 2545 ἀλλὰ
1150 2537 1158 2552 ,
1178 2515 1236 2545 Κᾶν
1250 2515 1344 2555 μικρόν
1358 2527 1385 2544 τι
1399 2515 1620 2554 εὖαγγελίζωνται
1629 2539 1638 2553 ,
1654 2515 1719 2555 παρ’
1731 2514 1745 2544 ὃ
1757 2515 1840 2550 εὐηγγε-

1071 2560 1214 2599 λισάμεθα.
1231 2560 1284 2590 Διὰ
1307 2560 1354 2599 μὲν
1378 2555 1422 2589 οὖν
1491 2559 1562 2591 add.
1587 2561 1646 2598 τοῦ]
1662 2559 1719 2592 τοὺς
1739 2558 1840 2597 ἀγγέλοις

1071 2604 1281 2643 ἀναθεματίσαι,
1307 2608 1361 2633 πᾶν
1390 2603 1496 2642 ἀξίωμα
1529 2604 1672 2634 ἐκϐάλλει·
1699 2603 1740 2632 διὰ
1764 2602 1788 2631 δὲ
1808 2600 1839 2628 τῶ

1073 2648 1182 2686 ἑαυτὸν,
1198 2653 1288 2678 πᾶσαν
1309 2648 1470 2684 οἰκειότητα.
1495 2648 1543 2685 Μὴ
1569 2649 1620 2689 γάρ
1647 2659 1690 2686 μοι
1714 2647 1798 2685 εἴπῃς,
1811 2643 1839 2670 δτι

1073 2695 1109 2724 Οἱ
1120 2693 1312 2724 συναπόστολοί
1333 2704 1380 2724 σου
1400 2693 1575 2734 κηρύττουσιν
1593 2693 1684 2734 ἕτερα·
1697 2691 1753 2722 οὐδὲ
1771 2691 1836 2728 ἐμίν·

915 2776 1010 2806 Variae
1036 2776 1188 2807 lectiones.

254 2833 278 2850 "
292 2833 348 2869 παρ’
363 2833 423 2869 ὅπερ
438 2831 511 2858 ἐλάε.
531 2839 558 2860 0.
597 2831 619 2848 ⁵⁸
631 2831 742 2867 παρέχον
758 2839 784 2859 ο.
