1877 3081
18 168 56 195 ’61
419 166 593 195 EXPOSITIO
613 167 646 194 IN
667 166 769 195 EPIST.
789 167 834 194 AD
854 166 974 195 GALAT.
994 181 1029 188 —-
1047 167 1121 195 CAP.
1142 167 1163 194 1.

1603 169 1655 195 962

18 232 52 258 ῖοῦ
81 229 207 269 φείδομαι
236 229 313 269 ἕτερα
342 229 529 269 κηρύσσοντος.
559 229 621 270 Οὖχ
644 229 679 263 ὠς
692 241 805 268 καταγι-

891 229 974 257 ιηιίιιὶ
996 229 1045 266 ipsi
1069 228 1179 265 quidem
1201 235 1281 264 parco
1295 228 1347 256 alia
1371 229 1404 256 ab
1427 228 1469 257 his
1484 229 1654 265 praedicanti.

18 275 120 303 νώσκιυν
135 275 163 303 δὲ
176 276 228 303 τῶν
255 274 409 304 ἀποστόλων
427 274 512 304 ταῦτά
536 286 630 315 φησιν,
649 274 718 303 ἀλλὰ
746 276 806 314 βου-

18 319 118 356 ιόμενος
145 318 300 359 ἀπορράψαι
322 318 355 348 τὰ
379 319 501 358 στόματα
533 321 585 348 τῶν
609 318 735 355 πλάνων,
761 319 807 347 καὶ

18 363 107 400 ἰεῖξαι,
132 363 174 393 ὅτι
190 363 295 402 ἀξίωμα
317 364 347 393 οὖ
371 364 528 403 προσίεται,
544 362 606 393 ὅταν
621 366 635 393 ὃ
655 363 731 402 λόγος
745 363 808 403 περὶ

18 408 152 446 Ξογμάτων

52 466 64 478 ιι
82 451 134 486 Ὡς
149 451 363 493 προειρήκαμεν,
381 452 427 482 καὶ
438 452 496 493 ἄρτι
512 452 593 483 πάλιν
607 452 677 493 λέγω
692 465 699 472 -
716 453 751 483 Εἴ
770 465 809 487 τις

18 498 78 535 ὶμᾶς
109 497 306 536 εὐαγγελίζεται
335 498 399 538 παρ’
425 496 439 526 ὃ
469 497 656 538 παρελάϐετε,
689 499 809 535 ἀνάθεμα

18 542 89 571 ἔστω.
110 556 122 567 ιι
151 541 211 572 Ἵνα
228 542 265 581 μὴ
288 542 432 580 νομίσωσιν
459 542 512 571 ἀπὸ
541 544 646 581 θυμοῦ,
670 542 715 572 καὶ
739 542 809 572 κατὰ

18 586 184 626 τυναρπαγὴν
204 589 288 616 ταῦτα
312 587 394 616 εἰπεῖν
414 586 511 624 αὐτὸν,
538 587 658 625 δεύτερον
683 586 750 616 αὐτὰ
771 586 810 616 τί·

18 634 89 668 ὶησι,
105 630 209 665 δεικνὺς
224 630 264 660 ὅτι
282 631 330 660 οὐκ
343 631 456 670 ἀκρίτως
466 653 474 667 ,
491 631 558 661 ἀλλὰ
572 631 686 670 βεϐαίως
696 631 739 660 καὶ
755 643 810 660 πα-

18 676 71 714 γίως
95 675 219 716 κυρώσας
243 678 329 705 ταῦτα
356 677 420 716 παρ’
437 677 524 716 ἑαυτῷ
540 675 582 712 ‘9,
603 675 686 709 οὕτως
707 675 810 716 ἀπεφή-

18 732 82 751 varro.

55 780 66 790 «
90 763 168 804 Ἄρτι
191 764 243 805 γὰρ
267 765 419 805 ἀνθρώπους
445 764 542 803 πείθω,
569 764 586 802 ἢ
612 765 656 795 τὸν
682 765 769 803 Θεόν,
792 764 810 801 ἢ

18 811 80 845 ζητῶ
91 809 239 850 ἀνθρώποις
266 809 407 850 ἀρέσκειν;
434 821 449 838 ιθ
466 810 569 840 Μέλλει
591 809 810 850 ἀπολογήσασθαι

18 855 71 893 περὶ
91 849 128 883 ὧν
144 849 308 893 ἐγκαλεῖται.
328 853 389 884 Ἵνα
406 854 492 884 τοίνυν
505 855 542 892 μὴ
564 849 809 894 ἕπαρθῶσινξαῦτοὶ

860 275 922 302 Non
941 278 1033 302 autem
1048 273 1121 309 quod
1133 274 1272 308 apostolos
1288 273 1468 307 condemnet,
1488 273 1546 302 hinc
1568 274 1655 310 loqui-

863 323 923 353 tur;
945 318 994 347 sed
1019 319 1112 346 volens
1136 317 1278 346 obstruere
1299 325 1348 345 ora
1361 317 1555 352 seductorum,
1576 323 1657 354 atque

862 367 1015 392 monstrare
1036 363 1109 399 quod
1128 363 1320 390 auctoritatem
1334 370 1391 390 non
1412 361 1534 390 admittit
1548 363 1656 398 quando

861 408 896 437 de
908 407 1082 444 dogmatibus
1096 407 1126 435 lit
1140 415 1242 435 sermo.

898 454 991 481 Vens.
1016 455 1044 480 9.
1070 463 1082 476 α
1099 453 1174 480 Sicut
1194 451 1389 488 praediximus,
1414 455 1442 479 et
1463 458 1536 479 nunc
1558 451 1658 480 iterum

863 497 926 526 dico
949 507 956 525 :
972 498 999 525 Si
1017 498 1079 533 quis
1093 496 1170 524 vobis
1184 496 1412 532 evangelizaverit
1428 501 1527 532 praeter
1544 496 1570 524 id
1586 496 1658 532 quod

863 542 1018 578 accepistis,
1038 542 1185 570 anathema
1209 542 1252 570 sit.
1271 553 1283 566 ιτ
1300 543 1340 569 Ne
1354 541 1522 569 arbitrentur
1547 548 1610 569 eum
1626 541 1659 569 ab
1708 567 1712 572 ,

864 586 916 620 ira,
930 591 978 615 aut
991 586 1084 614 animo
1098 590 1256 622 correptum
1271 586 1329 614 haec
1342 586 1442 620 dicere,
1455 593 1551 614 rursus
1562 585 1659 613 eadem

864 631 952 666 ponit,
971 631 1095 659 indicans
1106 630 1181 667 quod
1195 638 1252 658 non
1263 631 1331 658 citra
1339 629 1484 666 judicium,
1507 629 1554 657 sed
1568 629 1657 658 ﬁrmi-

864 679 905 703 ter
915 679 942 704 et
953 675 1041 704 solide
1056 675 1129 711 apud
1145 683 1175 703 se
1189 675 1239 703 ista
1254 679 1390 710 statuens,
1411 675 1448 702 ita
1463 674 1570 703 dixerit.

900 765 985 793 Vsus.
1014 767 1055 792 l0.
1079 775 1092 789 ι
1115 764 1200 793 Modo
1218 764 1294 792 enim
1313 764 1470 792 hominibus
1492 763 1609 798 suadeo,
1626 772 1661 792 an

861 810 941 837 Deo?
956 813 1003 837 aut
1015 817 1109 845 quer
1134 809 1292 837 hominibus
1315 809 1443 844 placere?
1461 820 1473 832 υ
1491 808 1661 837 Defensurus

862 857 903 881 est
916 861 949 882 ea
965 861 1086 890 quorum
1100 861 1180 882 causa
1196 858 1347 881 accusatur.
1366 855 1408 881 Ne
1421 853 1506 888 igitur
1526 853 1577 889 ipsi
1591 852 1662 880 effe-

18 901 48 932 ὡς
68 900 105 939 τῷ
122 899 277 940 διδασκάλῳ
304 900 471 934 δικάζοντες,
497 898 582 939 φησί·
609 900 656 935 Μὴ
689 898 808 938 νομίζετε

891 902 973 932 intur,
992 898 1075 926 veluti
1098 898 1259 934 praeceptori
1275 898 1320 934 jus
1336 897 1458 926 dicentes
1474 906 1481 924 :
1500 898 1542 925 Ne
1556 897 1661 933 cogite-

18 943 52 972 ὅτι
77 945 138 982 ὑμῖν
163 944 366 983 ἀπολογοῦμαι,
382 943 400 979 ἢ
423 945 492 982 ὑμᾶς
515 945 586 979 ζητῶ
610 945 716 981 πεῖσαι,
737 943 807 972 ἀλλὰ

18 987 76 1024 πρὸς
96 987 140 1017 τὸν
162 988 234 1018 Θιόν
255 1000 299 1026 μοι
314 990 328 1017 ὁ
347 992 398 1020 πᾶς
414 987 500 1027 λόγος.
530 987 612 1018 ⁵Οθεν
636 989 693 1018 οὐδὲ
723 992 807 1018 ταῦτα

18 1032 120 1072 γράφω,
134 1034 182 1068 τῆς
204 1034 268 1072 παρ’
286 1034 348 1070 ὑμῖν
372 1032 505 1073 ἐφιέμενος
524 1032 616 1070 δόξης,
632 1033 677 1062 καὶ
691 1032 735 1063 ἵνα
751 1044 805 1071 μα-

18 1073 93 1108 θητὰς
117 1073 232 1112 ἔχοιμι,
258 1073 328 1102 ἀλλὰ
350 1075 389 1112 τῷ
417 1074 478 1111 Θέῷ
506 1073 717 1111 ἀπολογούμενος
741 1073 808 1112 ὑπὲρ

19 1118 66 1146 τῶν
85 1117 243 1156 δογμάτων,
263 1117 309 1147 καὶ
336 1117 383 1146 οὐκ
401 1118 546 1156 ἀνθρώποις
573 1118 693 1158 ἀρέσκειν
713 1118 806 1148 θέλων.

19 1160 53 1190 ἸΙ
77 1162 121 1191 καὶ
148 1161 249 1196 οὕτως·
273 1161 388 1198 Ἐπειδὴ
412 1161 550 1191 διέϐαλλον
571 1162 662 1199 αὐτὸν,
681 1164 716 1196 ὡς
739 1162 808 1192 ἄλλα

21 1208 79 1245 παρ’
104 1206 197 1240 ἄλλοις
215 1206 393 1246 κηρύττοντα,
414 1206 459 1235 καὶ
484 1206 549 1245 πρὸς
572 1206 631 1240 τοὺς
657 1206 809 1247 ἀνθρώπους

22 1250 270 1290 μεταϐαλλόμενον,
308 1251 404 1291 φησὶν,
442 1249 482 1280 ὅτι
515 1250 677 1291 Ἀνθρώπους
711 1251 809 1281 πείθειν

22 1295 169 1330 σπουδάζω,
190 1295 237 1325 καὶ
256 1295 357 1329 τούτοις
372 1294 509 1335 ἀρέσκειν,
526 1295 544 1331 ἢ
556 1298 593 1336 τῷ
607 1296 688 1336 Θεῷ;
713 1297 745 1326 Εἰ
758 1296 809 1336 γὰρ

22 1339 159 1380 ἀνθρώποις
187 1339 307 1380 ἀρέσκειν
332 1340 439 1377 ἤθελον,
477 1339 582 1375 πάντως
611 1340 643 1370 ἂν
671 1341 774 1370 ἐποίουν
795 1341 810 1369 ὃ

22 1385 102 1422 λέγετε
108 1407 114 1415 .

58 1442 68 1455 αι
87 1430 118 1459 Εἰ
137 1428 188 1469 γὰρ
205 1429 244 1458 ἔτι
264 1429 409 1470 ἀνθρώποις
425 1429 555 1468 ἤρεσκον,
580 1430 699 1470 Χριστοῦ
720 1431 811 1464 δοῦλος

25 1474 65 1502 οὐκ
87 1474 117 1503 ἂν
142 1474 230 1513 ἤμην.
253 1485 269 1502 ι)
301 1474 502 1509 Κατασκευάζει
525 1474 566 1505 ὅτι
589 1475 635 1504 οὖκ
664 1475 811 1514 ἀνθρώποις

26 1518 136 1557 ἀρέσκειν
154 1519 315 1553 σπουδάζει·
344 1519 460 1553 καὶπῶς
477 1518 508 1549 ἂν
529 1519 546 1554 ἢ
575 1519 668 1553 αὖτοὺς
682 1519 810 1550 κολακεύ-

26 1563 133 1600 σειεν,ἢ
152 1563 222 1593 ἄλλα
243 1565 307 1603 παρ’
323 1563 413 1597 ἄλλοις
440 1563 590 1604 κηρύξειεν;
614 1565 648 1594 Εἰ
668 1564 720 1605 γὰρ
736 1567 812 1594 τοῦτο

27 1607 194 1644 ἐσπούδαζον,
216 1610 264 1638 οὐκ
290 1608 321 1637 ἂν
344 1607 462 1645 ἀπέστην
485 1610 538 1638 τῶν
562 1608 734 1645 Ἰουδαϊκῶν,
765 1609 811 1638 καὶ

26 1654 162 1691 προσῆλθον
193 1655 231 1693 τῷ
256 1653 385 1692 Χριστῷ·
400 1653 448 1682 οὔκ
475 1652 506 1682 ἂν
534 1653 718 1693 κατεφρόνησα
748 1665 813 1692 συγ-

27 1698 112 1734 γενῶν,
140 1697 242 1737 φίλων,
263 1697 337 1732 δόξης
365 1697 517 1737 τοσαύτης,
538 1697 583 1727 καὶ
610 1697 718 1735 εἱλόμην
735 1698 814 1737 διωγ-

29 1740 99 1778 μοὺς,
111 1742 156 1770 καὶ
170 1741 306 1775 κινδύνους
315 1763 323 1778 ,
336 1741 382 1771 καὶ
397 1742 518 1780 ἀτιμίας.

66 1797 79 1813 (ι
96 1786 217 1826 Γνωρίζω
242 1786 269 1816 δὲ
289 1786 367 1824 ὗμῖν⁶,
392 1787 522 1827 ἀδελφοὶ,
550 1786 580 1816 τὸ
606 1786 768 1826 Εὖαγγέλιον
784 1785 814 1815 τὸ

28 1830 201 1870 εὐαγγελισθὲν
228 1831 273 1860 ὑπ’
298 1832 379 1869 ἐμοῦ,
403 1830 444 1861 ὅτι
478 1832 524 1861 οὐκ
553 1831 608 1861 ἔστι
630 1831 689 1861 κατ’
713 1832 814 1871 ἅνθρω-

29 1885 81 1904 πον.
108 1889 120 1901 »
148 1875 250 1905 Μέλλει
272 1876 354 1911 δεῖξαι
382 1877 483 1913 αὐτοῖς,
501 1877 542 1906 ὅτι
557 1876 583 1895 ⁵⁰
607 1876 722 1914 μετέστη
756 1875 816 1905 κατ’

30 1919 143 1955 ἀλήθειαν
169 1919 225 1949 ἀπὸ
245 1923 291 1950 τοῦ
315 1920 410 1959 νόμου,
438 1921 483 1950 καὶ
508 1920 551 1950 διὰ
572 1923 649 1950 τοῦτο
681 1920 814 1958 μέμνηται

30 1965 69 1992 τοῦ
79 1964 204 2004 προτέρου
219 1964 276 2004 βίου
286 1987 294 2003 ,
309 1965 355 1994 καὶ
378 1968 426 2001 τῆς
455 1965 550 2005 ἀθρόας
566 1965 716 2004 μεταϐολῆς
729 1976 736 1983 ³
761 1965 815 1994 δει-

31 2007 100 2046 κνὺς,
115 2008 153 2038 ὅτι
168 2010 228 2039 Οὖκ
240 2009 272 2038 ἂν
291 2009 406 2049 μετέστη
420 2010 442 2029 ⁵¹
461 2010 569 2050 ἀθρόον,
585 2011 608 2039 εἰ
624 2010 661 2048 μὴ
683 2009 815 2049 θειοτέραν

31 2052 82 2082 τινὰ
93 2054 273 2094 πληροφορίαν
295 2054 357 2094 ἔσχε
371 2055 408 2086 ⁵⁵.
423 2054 471 2085 Διὸ
487 2055 532 2085 καί
546 2066 625 2096 φησιν
636 2077 644 2092 ,
659 2053 699 2084 ὅτι
720 2065 735 2083 (ι
757 2055 817 2084 Οὖκ

32 2096 81 2126 ἔστι
94 2099 150 2128 κατ’
167 2099 305 2138 ἄνθρωπον
318 2099 348 2128 τὸ
364 2100 525 2139 Εὖαγγέλιόν
549 2112 600 2139 μου
613 2111 620 2118 ·
634 2111 647 2128 p
669 2099 814 2135 τουτέστιν,

33 2142 84 2171 Οὐκ
108 2143 243 2184 ἄνθρωπον
268 2144 346 2184 ἔσχον
374 2145 551 2181 διδάσκαλον,
577 2145 637 2174 ἀλλ’
666 2145 745 2174 αὐτοῦ
770 2146 816 2173 τοῦ

33 2185 139 2226 Χριστοῦ
148 2188 243 2228 γέγονα
262 2188 396 2228 μαθητής.

71 2233 135 2262 (ιιοὐ
158 2233 209 2273 γὰρ
225 2233 277 2273 ἐγὼ
303 2234 369 2273 παρ’
391 2233 530 2273 ἀνθρώπου
553 2233 706 2273 παρέλαϐον
732 2233 815 2270 αὖτὺ,

35 2275 94 2305 ἀλλὰ
107 2277 149 2307 διὰ
166 2278 360 2318 ἀποκαλύψεως
373 2278 463 2314 Ἰησοῦ
489 2279 614 2318 Χριστοῦ.
632 2289 647 2307 ι)
665 2279 751 2308 Τοῦτο
765 2278 817 2318 γὰρ

35 2320 113 2358 ἔλεγον
124 2323 145 2351 οῖ
158 2322 344 2356 διαϐάλλοντες
355 2345 364 2361 ,
380 2323 422 2353 ὅτι
437 2323 488 2363 οὐχ
499 2322 590 2363 ὥσπερ
611 2323 635 2352 οἱ
657 2322 817 2360 ἀπόστολοι,

36 2364 150 2400 αὐτήκοος
170 2367 273 2406 ἐγένετο
284 2370 330 2397 τοῦ
346 2369 480 2407 Χριστοῦ,
496 2367 566 2396 ἀλλὰ
580 2366 653 2407 παρὰ
673 2366 818 2407 ἀνθρώπων

35 2410 157 2449 παρέλαϐε
171 2412 269 2441 πάντα.
286 2412 377 2449 Φησὶν
393 2406 454 2449 οὖν,
476 2412 516 2442 ὅτι
532 2413 616 2445 Αὐτὸς
628 2413 726 2445 ἐκεῖνος
749 2413 816 2440 ἀπε-

37 2453 127 2494 κάλυψέ
141 2467 186 2495 μοι
209 2456 240 2486 τὸ
264 2456 440 2497 Εὖαγγέλιον,
457 2458 471 2486 ὁ
485 2456 606 2490 καὶτοὺς
633 2457 692 2497 περὶ
715 2456 818 2498 Πέτρον

38 2500 203 2535 μαθητεύσας,

74 2543 247 2576 «Ἠκούσατε
266 2546 317 2586 γὰρ
339 2545 387 2582 τὴν
412 2545 478 2585 ἐμὴν
505 2545 675 2587 ἀναστροφήν
700 2557 765 2576 ποτε
791 2546 818 2574 ἐν

39 2586 70 2626 τῷ
86 2587 252 2631 Ἰουδαϊσμῷ.
277 2603 293 2620 ν
316 2591 401 2622 Πόθεν
418 2592 496 2627 δῆλον
520 2591 560 2621 ὅτι
578 2592 610 2621 δι’
627 2591 817 2631 ἀποκαλύψεως

40 2631 99 2666 θείας
125 2634 276 2674 παρέλαϐον
298 2635 328 2665 τὸ
354 2636 530 2676 Εὐαγγέλιον,
553 2635 604 2667 Ἐκ
622 2638 669 2672 τῆς
689 2636 818 2677 προτέρας

41 2686 82 2712 μου
96 2678 264 2720 ἄναστροφῆς.
296 2680 329 2712 Ὁ
353 2681 404 2722 γὰρ
425 2684 538 2716 τοιοῦτος
563 2681 676 2717 διώκτης
707 2682 764 2714 πῶς
787 2680 817 2709 ἃν

862 943 913 977 tis,
928 943 1025 979 inquit,
1045 942 1120 978 quod
1132 942 1206 979 apud
1222 950 1270 970 vos
1283 941 1472 970 defensionem
1489 949 1598 978 parem,
1615 946 1663 970 aut

862 987 937 1015 vobis
961 995 1087 1024 quau-am
1116 987 1282 1023 persuadere
1308 996 1316 1014 :
1346 987 1394 1015 sed
1420 989 1457 1015 ad
1480 987 1572 1015 Deum
1600 995 1662 1014 om-

862 1031 906 1060 nis
925 1032 1016 1060 oratio
1036 1040 1097 1060 mea
1117 1032 1256 1068 dirigitur.
1282 1031 1365 1060 Unde
1383 1039 1473 1068 neque
1493 1032 1552 1060 haec
1573 1031 1663 1059 scribo

862 1085 912 1105 ceu
926 1085 942 1104 a
952 1077 1029 1105 vobis
1044 1081 1173 1112 expetens
1187 1077 1316 1113 gloriam,
1331 1077 1416 1112 329
1429 1080 1457 1104 et
1471 1080 1502 1104 ut
1514 1076 1664 1112 discipulos

863 1121 989 1154 habeam,
1001 1121 1049 1149 sed
1058 1123 1119 1149 Deo
1127 1121 1266 1150 rationem
1279 1121 1397 1149 reddens
1409 1129 1459 1157 pro
1473 1120 1663 1157 dogmatibus,

862 1170 889 1194 et
902 1174 959 1194 non
971 1170 1002 1194 ut
1017 1166 1176 1194 hominibus
1189 1166 1320 1202 placeam.
1334 1166 1382 1194 Vel
1398 1166 1438 1194 sic
1452 1175 1459 1194 :
1476 1166 1546 1200 Quia
1559 1165 1651 1194 calum

862 1210 1010 1239 niabantur
1032 1218 1112 1245 eum,
1135 1218 1186 1238 ceu
1202 1211 1255 1239 alia
1278 1211 1353 1247 quod
1370 1211 1437 1239 alios
1451 1210 1661 1246 praedicantem,

862 1255 965 1292 quique
981 1263 1030 1291 pro
1049 1255 1194 1284 hominum
1214 1255 1372 1284 conditione
1392 1263 1451 1283 sese
1473 1258 1661 1291 permutaret,

863 1300 910 1335 ait,
932 1301 1007 1328 Num
1027 1300 1187 1328 hominibus
1205 1299 1319 1328 suadere
1339 1299 1447 1333 studeo,
1470 1299 1576 1336 illisque
1603 1300 1661 1335 pla-

863 1352 933 1379 cere,
954 1353 990 1373 an
1016 1346 1095 1373 Deo?
1116 1346 1186 1373 Nam
1207 1345 1230 1373 si
1254 1345 1413 1373 hominibus
1431 1345 1537 1380 placere
1551 1345 1662 1378 vellem,

866 1389 985 1418 facerem
1000 1389 1116 1418 omnino
1129 1389 1204 1426 quod
1218 1389 1320 1417 dicitis.

902 1445 915 1458 ‹ι
939 1434 968 1463 Si
992 1434 1064 1462 enim
1092 1433 1182 1462 adhuc
1204 1434 1363 1462 hominibus
1386 1434 1537 1470 placerem,
1561 1434 1662 1463 Christi

865 1487 958 1508 servus
972 1486 1027 1507 non
1042 1486 1141 1507 essem.
1168 1490 1181 1503 -
1209 1479 1363 1507 Conﬁrmat
1386 1479 1461 1515 quod
1486 1487 1542 1507 non
1557 1478 1665 1507 studeat

866 1523 1024 1552 hominibus
1036 1523 1153 1559 placere.
1165 1524 1201 1551 Et
1209 1531 1262 1559 qua
1271 1523 1384 1551 tandem
1398 1523 1503 1551 ratione
1517 1523 1583 1558 ipsis
1592 1522 1663 1550 adu-

866 1568 980 1602 laretur,
1001 1571 1028 1596 et
1050 1568 1102 1596 alia
1126 1567 1200 1604 apud
1225 1567 1292 1596 alios
1314 1567 1493 1604 praedicaret?
1519 1567 1547 1595 Si
1573 1567 1664 1601 enim,

866 1613 969 1649 inquit,
983 1612 1036 1640 hoc
1049 1612 1172 1641 studium
1187 1620 1280 1640 meum
1290 1611 1396 1645 fuisset,
1408 1620 1465 1640 non
1475 1611 1636 1640 deiecissem
1648 1619 1665 1639 α

867 1657 965 1685 ritibus
986 1656 1118 1691 Judaicis,
1140 1661 1168 1684 et
1187 1656 1365 1685 accessissem
1379 1656 1499 1690 Christo,
1523 1664 1574 1684 nec
1596 1664 1663 1684 con-

867 1701 977 1737 temptis
989 1702 1083 1729 amicis
1097 1705 1178 1738 atque
1192 1701 1327 1738 cognatis,
1343 1705 1474 1737 tantaque
1488 1701 1573 1737 gloria
1583 1721 1590 1734 ,
1606 1708 1664 1736 per-

868 1746 1032 1779 secutiones,
1047 1745 1168 1781 pericula
1183 1750 1211 1773 et
1224 1745 1422 1774 contumeliam
1436 1745 1590 1781 elegissem.

903 1792 990 1819 Vsus.
1016 1793 1058 1818 11.
1081 1802 1093 1815 ι
1111 1791 1215 1818 Notum
1233 1795 1326 1818 autem
1347 1790 1424 1818 vobis
1447 1790 1534 1824 facio,
1553 1789 1662 1823 fratres,

868 1835 1047 1871 Evangelium
1062 1834 1137 1871 quod
1159 1834 1336 1870 praedicatum
1356 1839 1399 1862 est
1413 1843 1429 1862 a
1445 1842 1499 1868 me,
1519 1834 1593 1870 quod
1610 1843 1665 1862 non

868 1884 909 1908 est
928 1879 1079 1907 secundum
1101 1878 1252 1907 hominem.
1269 1889 1284 1905 »
1299 1880 1548 1906 Demonstraturus
1565 1883 1607 1906 est
1625 1878 1664 1906 eis

868 1923 942 1961 quod
956 1931 1018 1952 vere
1038 1932 1053 1951 a
1072 1923 1131 1959 lege
1153 1923 1302 1958 destiterit;
1326 1923 1441 1959 ideoque
1462 1922 1584 1959 pristina:
1604 1923 1666 1951 vitae

868 1968 1003 2002 meminit,
1028 1972 1054 1996 et
1070 1968 1220 2004 repentina:
1234 1967 1394 1996 mutationis
1415 1975 1473 1996 suae
1496 1977 1502 1995 :
1518 1967 1668 1996 ostendens

869 2013 943 2050 quod
961 2021 1017 2041 non
1036 2013 1104 2041 adeo
1126 2016 1238 2048 repente
1262 2021 1278 2040 a
1298 2012 1441 2041 Judaismo
1461 2011 1621 2046 defecisset,
1636 2012 1667 2040 ni

869 2057 1034 2086 diviniorem
1057 2057 1178 2093 aliquam
1199 2057 1390 2085 certitudinem
1414 2057 1564 2086 habuisset.
1593 2057 1667 2085 Hinc

870 2102 956 2131 etiam
978 2102 1078 2138 inquit,
1102 2114 1115 2126 α
1130 2101 1311 2138 Evangelium
1325 2109 1420 2130 meum
1435 2110 1494 2130 non
1514 2106 1555 2130 est
1568 2109 1668 2130 secun—

870 2147 939 2176 dum
961 2147 1117 2180 hominem,
1146 2159 1158 2171 ν
1186 2146 1238 2174 hoc
1260 2151 1312 2181 est,
1337 2154 1393 2175 non
1415 2146 1559 2175 hominem
1583 2147 1668 2175 habui

871 2196 1078 2228 praeceptorem,
1094 2191 1144 2220 sed
1156 2190 1241 2227 ipsius
1255 2191 1358 2220 Christi
1373 2191 1409 2219 lui
1421 2191 1581 2228 discipula.

907 2238 997 2265 Vens.
1024 2239 1068 2265 12.
1090 2248 1102 2260 τι
1129 2237 1188 2264 Non
1209 2235 1282 2264 enim
1305 2243 1356 2272 ego
1379 2236 1413 2263 ab
1437 2235 1552 2264 homine
1572 2235 1667 2272 accepi

873 2281 956 2316 illud,
980 2280 1028 2309 sed
1051 2288 1100 2317 per
1122 2280 1320 2309 revelationem
1341 2281 1406 2308 Jesu
1431 2280 1543 2309 Christi.
1570 2292 1583 2305 υ
1609 2282 1671 2309 Hoc

872 2326 947 2354 enim
961 2325 1129 2362 objiciebant
1143 2325 1371 2360 calumniatores,
1384 2325 1458 2361 quod
1473 2333 1528 2353 non
1537 2345 1546 2360 ,
1558 2329 1590 2353 ut
1605 2333 1670 2361 apo-

872 2371 934 2399 stoli
962 2369 1075 2406 reliqui,
1108 2370 1166 2406 ipse
1199 2369 1350 2398 audivisset
1383 2370 1537 2403 Christum,
1562 2369 1610 2398 sed
1636 2371 1670 2398 ab

872 2415 1032 2443 hominibus
1049 2415 1200 2451 accepisset
1221 2415 1324 2444 omnia.
1348 2414 1396 2443 Ait
1413 2415 1498 2449 igitur
1516 2424 1523 2442 :
1545 2414 1593 2443 ille
1613 2415 1672 2451 ipse

872 2460 1001 2489 revelavit
1014 2459 1082 2488 mihi
1101 2460 1290 2496 Evangelium,
1314 2459 1358 2496 qui
1378 2459 1451 2488 Patri
1463 2459 1574 2488 sodales
1591 2459 1671 2487 insti-

872 2506 934 2533 tuit.

908 2551 994 2578 Vens.
1012 2552 1056 2578 13.
1080 2561 1093 2575 α
1113 2550 1263 2579 Audivistis
1282 2550 1358 2579 enim
1377 2557 1469 2579 meam
1487 2549 1672 2579 conversatio-

872 2603 937 2623 nem
960 2594 1109 2631 aliquando
1132 2596 1161 2623 in
1174 2595 1330 2624 Judaismo.
1361 2607 1373 2620 ››
1389 2595 1472 2624 Unde
1494 2596 1608 2631 planum
1630 2597 1673 2622 est

872 2639 946 2676 quod
966 2648 1014 2676 per
1031 2639 1155 2668 divinam
1175 2640 1366 2669 revelationem
1380 2640 1532 2676 acceperim
1545 2640 1670 2673 Evange-

872 2684 959 2713 lium?
980 2686 1020 2712 Ex
1046 2685 1146 2721 priori,
1164 2684 1269 2721 inquit,
1284 2684 1490 2714 conversatione
1509 2691 1580 2712 mea.
1599 2683 1671 2711 Cum

715 2752 810 2782 Variae
831 2752 981 2783 lectiones.

70 2815 90 2832 "
101 2818 152 2853 περὶ
162 2818 249 2847 ἑαυτοῦ
263 2827 290 2849 o.
329 2819 351 2838 ⁸ο
364 2819 386 2847 εἰ
397 2827 423 2849 0.
460 2820 480 2838 “
498 2820 616 2856 μετέστην
631 2827 656 2848 o.
696 2820 717 2837 ⁶²
733 2819 810 2856 ἔσχον
830 2828 856 2849 o.
