1877 3081
232 158 284 184 963

740 156 997 184 THEOPHYLACTI
1018 155 1194 184 BULGARH‘I
1213 156 1370 185 ARCHIEP.
1808 160 1838 185 963

231 219 303 247 enim
326 218 389 246 talis
411 221 561 254 tantusque
584 225 675 246 essem
688 222 856 254 persecutor,
871 218 1026 255 quomodo,

1091 218 1185 258 ἱθρόως
1200 219 1384 256 μετεϐλήθην,
1411 220 1434 248 εἰ
1454 219 1491 257 μὴ
1507 219 1565 249 θεία
1587 231 1626 254 τις
1644 219 1838 260 ἀποκάλυψιςεῶ

229 271 339 300 quaeso,
354 267 412 291 tam
426 263 518 291 subito
532 267 704 299 permutatus
720 271 819 298 essem,
832 263 859 291 ni
874 263 964 292 divina
978 263 1029 292 ali-

228 316 282 344 qua
302 307 433 336 revelatio
447 308 575 336 traxisset
597 309 660 336 me?
684 307 765 343 Quod
789 308 863 336 enim
884 308 1031 336 vehemens

228 360 305 381 eram
320 356 489 388 persecutor,
502 351 565 380 inde
578 352 753 388 perspicuum
768 357 820 386 est,
839 352 912 389 quod
928 354 969 381 vel
981 361 1030 381 vos

229 397 345 431 Galatae,
360 396 407 433 qui
419 401 494 426 tanto
513 397 658 425 intervallo
672 405 687 425 a
701 396 797 425 Judaaa
811 397 933 431 distatis,
948 396 1028 425 audi-

231 441 339 470 veritis.

268 498 281 512 -
295 486 377 522 Quod
384 495 467 523 supra
478 487 592 516 modum
605 487 788 524 persequebar
798 487 948 516 Ecclesiam
960 488 1027 521 Dei,

180 565 184 570 ,
229 540 262 561 ac
274 532 460 569 depopulabar
474 540 546 560 eam.
565 544 577 557 ιι
598 532 795 561 Animadverte
813 531 955 569 quomodo
969 533 1028 560 sin-

229 577 293 614 gula
307 585 372 605 cum
386 578 595 614 exaggeratione
609 578 697 613 ponit.
710 579 774 605 Non
788 577 862 605 enim
874 576 953 610 dixit,
966 578 1030 604 Per-

229 622 374 659 sequebar.
387 621 437 651 sed
446 642 453 656 ,
471 623 542 651 Cum
556 622 633 651 omni
648 630 762 651 excessu
776 631 783 649 :
799 629 848 650 nec
861 622 914 649 hoc
927 621 1027 654 solum,

230 674 324 695 verum
338 667 421 695 etiam
433 678 446 691 σι
458 667 664 703 Depopulabar,
681 679 694 691 ι
710 666 762 694 hoc
775 670 833 700 est,
845 665 990 694 Suffodere
999 674 1030 694 ac

229 711 338 740 diruere
349 711 470 740 conabar
491 720 497 739 :
515 711 568 740 hoc
584 712 659 739 enim
673 711 879 747 depopulatoris
892 718 961 747 opus
977 714 1028 739 est.

267 757 356 784 Vnus.
377 758 419 784 14.
438 765 453 782 ι(
478 757 512 784 Et
536 756 711 792 proﬁciebam
731 756 760 784 in
779 755 927 784 Judaismo
946 763 1030 791 supra

231 801 336 830 multos
347 805 500 829 comtaneos
513 801 541 828 in
551 809 652 837 genere
662 808 735 835 meo,
748 800 935 829 abundantius
944 808 1030 828 acmu-

230 845 300 874 lator
313 845 447 874 exsistens
470 850 647 882 paternarum
664 853 790 874 mearum
804 845 994 874 traditionum.
1015 856 1028 868 -

1083 263 1148 292 κυσί
1163 275 1212 301 με,
1237 263 1301 294 Ὅτι
1328 264 1380 303 γὰρ
1406 264 1517 303 σφοδρὸς
1542 264 1614 302 ἤμην
1648 263 1769 300 διώκτης,
1790 265 1838 299 Em

1084 308 1138 337 ἀπὸ
1161 311 1207 338 τοῦ
1227 309 1272 337 καὶ
1298 310 1366 346 ὑμᾶς
1392 309 1504 338 ἀκοῦσαι
1522 307 1581 342 τοὺς
1596 308 1737 346 Γαλάτας,
1757 308 1804 341 τοὺς
1815 321 1839 337 τι·

1083 355 1175 382 σοῧτον
1195 353 1366 389 διεστηκότας
1375 353 1401 372 ⁵³
1412 355 1458 389 τῆς
1470 353 1609 387 Ἰουδαίας.

1125 494 1140 510 α
1156 481 1221 514 ’Ότι
1245 482 1304 512 καθ’
1330 483 1480 524 ὑπερϐολὴν
1503 483 1612 513 ἐδίωκον
1636 483 1686 519 τὴν
1715 483 1839 519 Ἐκκληςέπ

1082 530 1128 557 τοῦ
1140 529 1228 565 Θεοῦ,
1245 528 1291 558 καὶ
1314 528 1438 568 ἐπόρθουν
1454 529 1548 564 αὐτήν,
1565 539 1581 557 ι)
1599 528 1675 568 Ὅρα
1698 529 1750 561 πιῖις
1763 527 1839 558 Eum

1083 572 1151 611 μετὰ
1178 573 1324 606 ἐπιτάσεως
1336 573 1446 609 τίθησιν.
1470 574 1511 603 Οὐ
1535 573 1587 613 γὰρ
1613 568 1704 609 εἶπεν,
1730 573 1838 607 Ἰίδίι.ιιεν1

1084 617 1168 653 ἀλλὰ,
1185 617 1249 647 Μεθ’
1262 617 1409 657 ὑπερϐολῆς
1433 618 1532 655 πάσης.
1551 617 1607 648 Καὶ
1632 619 1663 647 οὖ
1687 618 1760 656 μόνον
1779 621 1839 652 τοῦτο,

1084 661 1152 690 ἀλλὰ
1163 661 1220 701 καὶ,
1234 661 1400 702 ιξΕπόρθουν
1408 674 1415 681 ·
1429 662 1580 697 -τουτέστι,
1589 662 1764 702 Κατασκάψαι
1773 663 1839 701 ἐπηεί-

1085 718 1144 746 ραυν
1156 729 1163 742 ,
1176 707 1221 736 καὶ
1233 707 1361 747 ἀφανίσαι
1370 719 1378 726 ·
1390 709 1467 737 τοῦτο
1479 707 1531 747 γὰρ
1544 710 1680 747 πορθητοῦ
1691 709 1758 746 ἔργον
1768 707 1798 737 ³³.

1127 765 1139 777 ιι
1158 751 1212 782 Καὶ
1227 751 1389 791 προέκοπτον
1405 753 1430 781 ἐν
1444 753 1482 793 τῷ
1505 752 1671 791 Ἰουδαῖονμῷ
1690 753 1752 792 ὑπὲρ
1763 751 1839 783 πολλὼς

1085 796 1275 832 συνηλικιώτας
1291 797 1317 825 ἐν
1332 798 1370 835 τῷ
1390 796 1460 836 γένει
1490 808 1556 835 μου,
1578 796 1767 837 περισσοτέρως
1784 798 1839 830 ζηλω-

1084 840 1133 876 τὴς
1168 841 1294 880 ὑπάρχων
1327 843 1379 870 τῶν
1403 843 1540 882 πατρικῶν
1567 853 1617 880 μου
1647 841 1808 880 παραδόσεων.
1831 853 1838 867 I

230 873 450 924 omnibus,
471 873 583 926 linquit,
607 890 653 927 qui
676 894 755 918 erant
770 890 823 918 illis
844 873 1030 926 temporibus,

1091 884 1174 925 Ὑπὲρ
1186 873 1321 922 ἅπαντας,
1348 886 1431 924 φησὶ,
1449 873 1509 920 ἑοὺς
1529 873 1601 915 καίεὰ
1614 885 1662 916 τὸν
1679 873 1751 915 αὐτὸν
1763 886 1838 925 χρόνον,

230 935 348 964 multum
363 935 478 963 fervoris
492 935 578 971 33o
591 935 788 969 ostendebam,
806 943 837 963 ac
854 935 884 963 in
899 935 972 963 bello
986 934 1034 963 ad-

230 988 324 1009 versus
339 980 488 1008 Ecclesiam
506 979 703 1016 progrediebar
722 989 729 1007 2
745 979 802 1014 vel,
825 980 889 1016 quia
911 979 1034 1008 Celebris

229 1033 315 1059 eram,
328 1029 357 1052 et
367 1025 394 1052 in
410 1025 499 1060 pretio
513 1024 586 1060 apud
595 1024 717 1053 Iudaeos.
732 1026 773 1052 Ne
785 1024 925 1053 existimes
940 1028 1033 1052 autem

230 1070 305 1106 quod
314 1077 395 1098 vana:
401 1069 497 1105 gloriae
507 1069 606 1097 isthasc
615 1077 659 1098 res
669 1069 762 1102 fuerit,
773 1069 813 1097 vel
824 1068 1032 1106 indignationis,

231 1113 281 1142 sed
294 1113 355 1142 zeli.
372 1114 454 1148 Quod
467 1114 490 1142 si
502 1114 585 1150 igitur
596 1113 726 1142 adversus
736 1113 888 1142 Ecclesiam
899 1121 949 1150 pro
959 1114 1033 1142 nulla

232 1158 353 1186 humana
366 1166 396 1186 re
414 1158 584 1195 pugnabam,
598 1158 647 1187 sed
660 1166 693 1188 ex
708 1158 770 1186 zelo
783 1158 846 1192 Dei,
862 1158 970 1186 etiamsi
986 1166 1033 1194 per

231 1210 366 1237 errorem,
389 1211 451 1240 quae
467 1203 569 1232 ratione
579 1203 639 1239 jam
664 1211 738 1231 nunc
761 1203 872 1239 quando
890 1202 1032 1231 veritatem

230 1248 340 1284 agnovi,
356 1248 487 1277 humana:
501 1247 597 1282 gloriae
608 1255 705 1276 amore
718 1247 825 1276 diversa
839 1247 1030 1284 praedicarem,

229 1297 259 1321 et
273 1300 331 1320 non
343 1300 405 1329 quae
416 1294 517 1321 veritas
531 1293 668 1329 postulat,
683 1297 711 1321 et
724 1293 847 1321 Christus
861 1301 906 1321 me
920 1292 1033 1321 docuit?

263 1338 352 1366 Vens.
367 1341 410 1365 15.
429 1349 441 1361 ι
457 1336 574 1372 Quando
588 1341 683 1366 autem
706 1337 813 1373 placuit
833 1339 902 1372 Deo,
925 1338 971 1374 qui
987 1345 1032 1366 me

230 1382 380 1418 segregavit
395 1390 427 1410 ex
442 1386 521 1410 utero
542 1382 638 1410 matris
653 1390 733 1411 mete.
758 1394 770 1407 ιι
786 1382 815 1411 Si
829 1382 864 1410 ab
876 1385 954 1410 utero
968 1390 1032 1410 ma—

231 1427 281 1455 tris
304 1431 462 1463 segregatus
488 1431 548 1454 erat
569 1427 604 1455 ad
628 1427 812 1463 Evangelium
837 1431 867 1455 et
890 1427 992 1455 electus
1016 1435 1032 1455 a

230 1472 301 1505 Deo,
318 1472 431 1499 omnino
447 1479 494 1507 per
511 1471 634 1499 divinam
649 1471 813 1508 quampiam
833 1472 1029 1508 providentiam

231 1516 341 1544 relictus
355 1519 399 1544 est
411 1515 511 1544 interea
523 1516 656 1552 temporis
672 1516 700 1543 in
720 1515 881 1550 Judaismo;
896 1516 1029 1545 nimirum

231 1565 261 1588 ut
271 1564 330 1588 tam
340 1560 481 1595 repentina
495 1560 554 1595 ejus
564 1560 682 1587 mutatio
693 1560 795 1588 multos
807 1560 834 1588 in
846 1560 898 1589 [ide
910 1561 1031 1589 ﬁrmaret

231 1609 258 1632 et
281 1604 442 1632 attraheret.
470 1605 627 1640 Segregavit
651 1608 744 1632 autem
772 1612 836 1632 eum
861 1606 950 1639 Deus,
973 1613 1030 1634 non

231 1657 280 1685 per
303 1648 488 1684 sortilegium,
512 1649 561 1677 sed
585 1657 617 1676 ex
641 1649 812 1685 praescientia
834 1650 909 1686 quod
933 1650 1031 1686 dignus

233 1697 303 1721 erat.

269 1749 282 1762 «ι
299 1739 333 1766 Et
346 1738 455 1766 vocavit
475 1746 522 1774 per
539 1737 654 1775 gratiam
675 1746 765 1766 suam.
785 1749 799 1765 »
818 1741 892 1768 Deus
915 1739 951 1768 ob
973 1739 1030 1768 vir-

230 1786 319 1811 tutem
332 1783 392 1819 ejus
414 1784 522 1811 vocavit
543 1791 618 1811 eum.
644 1795 657 1807 α
677 1785 728 1812 Vas
745 1783 818 1812 enim
838 1784 989 1818 electionis,
1015 1794 1029 1811 ιι

231 1827 330 1863 inquit,
349 1837 362 1854 α
378 1827 446 1855 mihi
463 1831 505 1856 est
521 1829 556 1856 ω.
575 1839 588 1852 »
605 1829 665 1864 Ipse
678 1832 770 1856 autem
783 1829 882 1865 insigni
897 1829 1031 1857 modestia

231 1872 376 1909 praeditus,
401 1881 451 1910 per
464 1873 583 1910 gratiam
609 1881 638 1901 se
653 1878 781 1902 vocatum
796 1882 856 1902 esse
874 1874 955 1909 dicit,
976 1882 1032 1902 non

229 1917 266 1946 ob
278 1918 448 1954 dignitatem,
462 1918 510 1946 sed
525 1922 637 1954 propter
649 1918 875 1946 misericordiam.

266 1963 354 1991 ναις.
382 1964 426 1990 16.
442 1973 456 1987 ι
479 1963 520 1991 Ut
533 1963 666 1991 revelaret
681 1963 781 1991 Filium
803 1971 884 1991 suum
900 1963 929 1990 in
943 1971 997 1991 me.
1017 1974 1029 1987 ιο

230 2008 293 2035 Non
304 2007 383 2042 dixit,
399 2008 439 2036 Ut
452 2007 581 2035 revelaret
599 2007 676 2042 mihi,
692 2007 750 2040 sed,
768 2010 799 2035 In
814 2016 858 2036 me
881 2017 887 2036 :
904 2007 1030 2036 indicans

231 2051 307 2087 quod
318 2059 376 2079 non
385 2051 468 2079 verbo
479 2056 584 2080 tantum
595 2051 730 2087 didicerit,
742 2060 837 2080 verum
845 2052 929 2080 etiam
941 2053 1030 2080 multo

1087 931 1238 971 θερμότητα
1272 930 1375 966 πολλὴν
1404 930 1608 969 ἱνεδεικνύμην,
1641 931 1690 960 καὶ

1087 976 1123 1009 εἷς
1163 975 1207 1005 τὸν
1236 975 1305 1005 κατὰ
1332 977 1380 1011 τῆς
1417 975 1582 1011 Ἐκκλησίας
1614 975 1750 1013 πόλεμον·
1770 975 1795 1011 ἢ,
1817 975 1839 1002 ὃτι

1086 1019 1294 1059 Ἐντιμοςῆμην
1316 1020 1390 1060 παρᾶ
1408 1020 1557 1054 Ἰουδαίοις.
1585 1020 1634 1056 Μὴ
1652 1020 1756 1060 νομίσῃς
1766 1020 1801 1057 δὲ,
1817 1018 1840 1046 ὄπ

1087 1065 1233 1100 κενοδοξίας
1242 1061 1274 1101 ἦν
1291 1066 1320 1094 τὸ
1334 1070 1462 1106 πρᾶγμα,
1478 1065 1494 1101 ἢ
1520 1067 1603 1104 θυμοῦ
1613 1087 1622 1103 ,
1652 1065 1721 1094 ἀλλὰ
1738 1065 1807 1101 ζήλου,
1821 1064 1839 1093 ΕΞ

1086 1110 1172 1139 τοίνυν
1197 1110 1231 1140 τὰ
1251 1109 1322 1139 κατὰ
1345 1111 1392 1146 τῆς
1415 1109 1579 1146 Ἐκκλησίας
1606 1111 1635 1139 οὗ
1664 1111 1697 1139 δι’
1723 1108 1839 1149 ἀνθρώπινῶ

1086 1166 1112 1184 τι
1127 1154 1246 1191 ἐποίουν,
1263 1155 1332 1184 ἀλλὰ
1348 1155 1419 1184 κατὰ
1433 1156 1512 1191 ζῆλον
1527 1155 1617 1192 Θεοῦ,
1644 1156 1667 1184 εἷ
1687 1154 1731 1184 καὶ
1743 1155 1839 1186 πεπλανη-

1087 1199 1172 1237 μένως
1185 1209 1192 1216 ·
1207 1201 1262 1233 πῶς
1276 1201 1321 1228 νῦν
1332 1222 1340 1238 ,
1367 1199 1410 1229 ὅτε
1433 1199 1480 1235 τὴν
1501 1199 1628 1236 ἀλήθειαν
1659 1199 1779 1238 ἐπέγνων,
1796 1197 1839 1230 ὺὶῐς

1086 1244 1164 1283 ἔρωτι
1174 1243 1340 1284 ἀνθρωπίνης
1353 1244 1512 1284 κηρύττοιμι
1525 1244 1557 1273 ἂν
1575 1244 1646 1273 ἄλλα
1665 1244 1710 1274 καὶ
1731 1244 1802 1277 ἄλλα,
1814 1253 1837 1269 ιιι

1085 1290 1134 1328 οὐχ
1149 1288 1166 1318 ἃ
1180 1290 1196 1324 ἡ
1213 1289 1323 1324 ἀλήθεια
1339 1290 1463 1326 ἀπαιτεῖ,
1481 1289 1526 1318 καὶ
1541 1290 1555 1318 ὃ
1574 1289 1692 1329 Χριστός
1706 1300 1737 1327 με
1749 1286 1839 1319 ἐδίδαξεν;

1128 1345 1143 1361 α
1158 1333 1227 1364 Ὅτε
1245 1333 1272 1362 δὲ
1302 1333 1440 1369 εὐδόκησεν
1471 1335 1485 1362 ὁ
1507 1333 1593 1371 Θεὸς,
1612 1335 1626 1363 ὁ
1652 1333 1771 1374 ἀφορίσας
1787 1343 1810 1370 με
1824 1331 1838 1358 ἐι

1085 1378 1185 1412 κοιλίας
1199 1378 1298 1417 μητρός
1314 1390 1373 1416 μου.
1393 1392 1404 1404 ιι
1431 1379 1465 1409 Εἰ
1482 1379 1511 1408 ἐκ
1534 1378 1635 1412 κοιλίας
1658 1378 1752 1418 μητρὸς
1772 1376 1839 1415 dati?!-

1086 1425 1142 1452 στο¹
1156 1422 1221 1462 πρὸς
1238 1423 1267 1452 τὸ
1292 1423 1470 1462 Εὖαγγίλιον,
1496 1423 1542 1452 καὶ
1567 1423 1676 1461 ἐξελέγη
1697 1422 1764 1462 παρᾶ
1782 1422 1837 1453 Θενῧν

1085 1467 1190 1501 πάντως
1213 1467 1260 1497 διά
1285 1479 1342 1497 τινα
1369 1467 1521 1507 οἰκονομίαν
1537 1468 1581 1497 τὸν
1598 1467 1700 1506 μεταξὺ
1722 1466 1799 1507 χρόνον
1810 1477 1838 1493 xz-

1083 1511 1205 1552 τελείφθη
1238 1512 1264 1541 ἐν
1288 1513 1326 1552 τῷ
1351 1511 1530 1552 Ἰουδαϊσμῷι
1563 1510 1607 1541 ἵνα
1629 1512 1732 1549 δηλαδὴ
1755 1513 1769 1547 ἦ
1789 1509 1838 1539 οὕτω(

1085 1557 1167 1595 ἀθρόα
1183 1557 1263 1586 αὐτοῦ
1279 1556 1415 1595 μεταϐολὴ
1436 1556 1550 1590 πολλοὺς
1570 1557 1739 1594 πιστώσηται
1759 1556 1794 1585 καὶ
1806 1555 1839 1583 im-

1084 1602 1232 1638 σπάσηται.
1255 1601 1384 1642 Ἄφώρισε
1409 1601 1438 1631 δὲ
1460 1601 1539 1631 αὐτὸν
1554 1603 1568 1631 ὁ
1583 1601 1668 1639 Θεὸς,
1692 1603 1720 1631 οὗ
1732 1600 1790 1642 κατὰ
1801 1601 1839 1628 ἄτι-

1085 1646 1218 1686 κλήρωσιν
1229 1669 1238 1686 ,
1254 1640 1410 1676 ἀλλὰνκατὰ
1424 1645 1574 1686 πρόγνωσιν
1589 1649 1638 1676 τοῦ
1654 1646 1724 1682 ἄξιον
1736 1640 1799 1675 εἶναι.

1130 1747 1145 1766 σ
1163 1737 1218 1767 Καὶ
1236 1736 1350 1770 καλέσας
1376 1736 1420 1766 διὰ
1436 1738 1484 1773 τῆς
1497 1737 1607 1777 χάριτος
1634 1738 1726 1767 αὖτοῦ.
1741 1748 1754 1765 ι
1775 1735 1801 1765 Ὁ
1812 1734 1837 1770 μὲι

1085 1781 1154 1815 Θεὸς
1169 1781 1214 1811 διὰ
1229 1781 1275 1817 τὴν
1287 1781 1381 1822 ἀρετὴν
1397 1783 1478 1811 αὐτοῦ
1494 1782 1619 1812 ἐκάλεσεν
1645 1782 1733 1812 αὐτόν.
1751 1792 1762 1808 ι
1777 1781 1839 1810 Σιέθδς

1084 1825 1135 1866 γὰρ
1168 1827 1277 1865 ἐκλογῆς
1306 1838 1367 1865 μοι,
1399 1837 1415 1855 n
1444 1827 1542 1867 φησὶν,
1569 1839 1585 1854 tl
1614 1825 1698 1856 ἔστιν.
1717 1824 1808 1856 Ἀὐτὸς
1824 1823 1856 1850 εὲλ

1085 1872 1297 1910 μετριοφρονῶνν
1326 1870 1368 1900 διὰ
1382 1873 1430 1907 τῆς
1444 1872 1567 1912 χάριτος,
1583 1872 1663 1912 φησὶ,
1685 1872 1810 1907 κληθῆναι,
1823 1868 1839 1894 ν)

1085 1917 1144 1944 κατ’
1159 1915 1250 1951 ἀξίαν,
1266 1916 1335 1945 ἀλλὰ
1350 1916 1383 1944 δι’
1394 1915 1478 1947 ἔλεον.

1128 1971 1144 1989 (ι
1166 1959 1350 2001 Ἀποκαλύψαι
1371 1961 1416 1990 τὸν
1441 1960 1506 1991 Υῖδν
1536 1962 1616 1990 αὐτοῦ
1644 1961 1673 1991 ἔν
1697 1959 1761 1999 ἐμοί.
1777 1972 1786 1983 ι
1803 1955 1838 2001 ῧξι

1087 1999 1158 2034 εἶπεν
1171 2027 1178 2039 ,
1193 1999 1377 2046 Ἀποκαλύψαι
1395 2005 1473 2044 ἐμοὶ,
1501 2006 1559 2035 ἀλλ’
1573 2005 1622 2036 Ἐν
1637 2005 1711 2044 ἐμοί·
1726 2002 1806 2034 δεικνὺς
1817 1999 1838 2028 ξπ

1084 2049 1114 2078 οὖ
1129 2048 1200 2088 λόγῳ
1221 2050 1300 2088 μόνον
1318 2050 1429 2089 ἔμαθεν,
1453 2050 1522 2079 ἀλλὰ
1538 2050 1583 2079 καὶ
1609 2052 1711 2081 πολλοῦ
1732 2048 1838 2085 mnium

232 2095 327 2131 spiritu
353 2103 402 2124 cor
425 2096 560 2131 repletum
583 2096 674 2131 fuerit,
699 2096 727 2124 in
753 2096 909 2125 interiorem
934 2097 1026 2125 homi-

1091 2093 1224 2133 ἰπληρὼθη
1252 2093 1301 2130 τὴν
1331 2094 1458 2134 καρδίαν,
1475 2095 1512 2128 εἷς
1530 2095 1575 2124 τὸν
1590 2095 1661 2129 ἐντὸς
1685 2096 1800 2134 ἄνθρωπον
1811 2091 1838 2122 τῖς

233 2147 296 2168 nem
311 2140 470 2177 cognitione
487 2141 614 2176 intincta,
635 2145 663 2170 et
675 2141 782 2170 Christo
796 2141 823 2169 in
842 2149 875 2170 eo
889 2141 1028 2178 loquente.

268 2243 281 2256 ι
296 2231 335 2261 Ut
346 2231 564 2269 evangelizarem
580 2231 670 2268 ipsum
686 2231 712 2259 in
727 2231 861 2268 gentibus.
880 2243 892 2256 ν
910 2232 1031 2260 Revela—

230 2276 269 2304 vit
293 2276 362 2306 mihi
384 2277 498 2311 Filium,
518 2285 575 2305 non
595 2281 625 2305 ut
647 2277 737 2313 ipsum
761 2276 867 2305 videam
891 2277 982 2304 solum
1004 2280 1031 2304 et

230 2329 389 2357 agnoscam,
412 2330 509 2350 verum
531 2326 562 2350 ut
583 2321 642 2350 aliis
665 2322 748 2349 etiam
769 2321 944 2358 depromam.
968 2322 1031 2349 Non

231 2367 304 2393 enim
318 2365 430 2394 credere
451 2366 662 2400 tantummodo,
685 2374 781 2394 verum
795 2370 823 2394 et
839 2366 902 2403 eligi
912 2387 919 2399 ,
941 2374 956 2394 a
971 2367 1031 2394 Deo

229 2409 292 2438 fuit.
311 2410 459 2444 Quomodo
480 2410 566 2446 igitur
579 2409 668 2438 dicitis
687 2418 731 2438 me
751 2411 785 2438 ab
801 2410 960 2438 hominibus
980 2410 1030 2438 do-

230 2458 306 2482 ctum
318 2456 396 2482 esse?
404 2455 466 2482 Non
478 2454 637 2490 simpliciter
647 2457 752 2488 autem,
764 2455 805 2482 Ut
816 2454 1031 2490 evangelizarcm

231 2498 336 2535 ipsum,
349 2498 434 2533 dixit,
448 2499 512 2532 sed,
531 2508 546 2525 ι(
560 2501 593 2526 ιιι
606 2499 744 2535 gentibus.
759 2510 772 2523 ιι
790 2499 936 2534 Quomodo
951 2499 1032 2536 igitur

231 2544 358 2580 gentibus
370 2543 611 2572 circumcisionem
629 2543 835 2579 praedicavero?

267 2600 280 2614 ι
297 2589 427 2618 Protinus
441 2597 500 2618 non
511 2588 616 2617 contuli
634 2596 698 2616 cum
711 2597 793 2617 carne
811 2593 839 2617 et
852 2588 992 2626 sanguine.
1017 2599 1031 2615 ι)

231 2635 291 2664 Hoc
309 2638 360 2670 est,
376 2636 439 2664 Non
459 2641 522 2663 sum
536 2633 688 2662 collocutus
709 2633 840 2670 apostolis
863 2644 869 2662 :
886 2633 938 2662 hos
961 2633 1033 2662 enim

269 2716 288 2731 ιιι
305 2714 368 2741 Act.
383 2719 428 2747 ix,
445 2715 487 2740 ιδ.

1084 2138 1205 2176 γνώσεως
1239 2139 1422 2180 ἔμϐαφείσης,
1449 2139 1495 2169 καὶ
1529 2142 1578 2169 τοῖῖ
1606 2141 1722 2180 Χριστοῦ
1748 2139 1770 2167 ἐν
1795 2134 1838 2170 αι)πὲ

1084 2183 1227 2217 λαλοῦντος
1232 2206 1238 2212 .

1131 2237 1145 2255 (ι
1157 2225 1219 2258 Ἵνα
1247 2226 1459 2268 εὖαγγελίζωμαι
1485 2229 1566 2258 αὖτὸν
1595 2230 1622 2259 ἐν
1650 2230 1703 2263 τοῖς
1725 2227 1835 2258 ἔθνεσιν-³

1085 2271 1253 2313 ’Ᾱπεκᾶλυψέ
1268 2285 1314 2313 μοι
1327 2274 1372 2302 τὸν
1395 2273 1470 2310 Υἷὸν,
1494 2276 1544 2314 οὐχ
1557 2274 1601 2303 ἵνα
1619 2274 1696 2304 αὐτὸν
1716 2273 1759 2303 ἴδω
1775 2270 1837 2309 μόνων

1086 2316 1144 2346 ἀλλ’
1156 2316 1200 2346 ἵνα
1214 2318 1260 2347 καὶ
1283 2319 1318 2352 εἷς
1336 2318 1430 2352 ἄλλους
1444 2318 1584 2358 ἐξενέγκω.
1600 2321 1642 2349 Οὖ
1660 2319 1709 2358 γὰρ
1719 2318 1746 2347 τὸ
1758 2314 1837 2358 πιστεῆ

1086 2373 1132 2391 σαι
1147 2362 1243 2400 μόνον,
1269 2362 1338 2392 ἀλλὰ
1363 2364 1415 2392 καί
1433 2363 1463 2392 τὸ
1486 2365 1718 2404 χειροτονηθῆναι,
1733 2359 1799 2404 παρὰ,
1811 2357 1837 2384 πῖ

1085 2407 1157 2436 Θεοῗὶ
1189 2405 1289 2446 γέγονε.
1314 2408 1378 2440 Πῶς
1392 2403 1436 2436 οὖν
1458 2409 1549 2447 λέγετε
1571 2408 1612 2438 ὅτι
1642 2407 1713 2448 παρᾶ
1735 2403 1836 2448 civem)?"

1085 2451 1246 2491 ESiSiXO-qv;
1262 2452 1324 2492 Οὐχ
1339 2452 1430 2486 ἁπλῶς
1443 2452 1484 2489 δὲ,
1499 2453 1560 2483 Ἵνα
1572 2446 1770 2492 εὐαγγελίζωμαι
1778 2446 1835 2476 «Wa

1085 2497 1157 2532 ἀλλ’,
1173 2510 1185 2522 ιι
1205 2495 1251 2526 Ἐν
1266 2497 1319 2530 τοῖς
1342 2496 1454 2529 ἔθνεσιν,
1473 2510 1488 2526 ι)
1500 2496 1589 2527 ζ¹Ὠστε
1597 2521 1606 2536 ,
1620 2499 1675 2532 πῶς
1690 2497 1719 2526 ἂν
1731 2499 1774 2527 τοῖς
1784 2494 1836 2521 ἓθ⁷ί⁷ί

1086 2540 1231 2580 κηρύξαιμι
1245 2541 1391 2582 περιτομήν
1401 2554 1408 2578 ;

1127 2599 1140 2611 α
1161 2585 1267 2619 Εὐθέως
1289 2586 1318 2615 οὗ
1343 2586 1541 2627 προσανεθέμην
1567 2587 1647 2627 σαρκὶ
1673 2586 1716 2617 καὶ
1735 2583 1812 2622 αἵματι
1826 2589 1833 2603 ⁸

1088 2630 1250 2668 Τουτέστιν,
1278 2631 1338 2661 Οὐκ
1362 2631 1398 2665 εἷς
1429 2631 1506 2670 λόγον
1533 2627 1613 2669 ἦλθον
1636 2636 1689 2666 τοῖς
1710 2627 1835 2660 £1»th

922 2751 1016 2781 Varias
1038 2751 1186 2782 lectiones.

266 2808 288 2824 ⁸³
303 2807 470 2843 ἀφεστηκότας
480 2815 518 2836 m.
558 2806 580 2824 ⁵⁵
597 2807 747 2843 πορθοῦντος
759 2815 786 2835 ο.
