1877 3081
18 125 69 151 965

458 118 634 148 EXPOSITIO
654 120 687 148 ΙΝ
707 119 810 148 EPIST.
830 120 876 148 AD
896 121 1017 149 GALAT.
1037 137 1072 142 —
1090 123 1166 150 CAP.
1187 123 1207 151 Ι.

1607 126 1661 154 966

16 184 123 218 τούτους
134 184 186 224 γὰρ
210 183 298 223 σάρκα
311 183 358 213 καὶ
378 177 445 221 αἶμα
465 183 556 219 καλεῖ,
575 181 629 212 ἀπὸ
646 184 694 219 τῆς
708 181 810 223 φύσεως
823 184 850 217 Α
863 191 881 212 c.

906 191 976 212 -nem
987 187 1015 211 et
1026 184 1188 220 sanguinem
1202 189 1291 220 vocat,
1303 193 1318 213 a
1330 189 1427 214 natura
1439 194 1487 215 eos
1500 188 1659 216 nominans.

18 229 111 264 αὐτοὺς
130 229 268 268 ὀνομάζων
280 240 288 247 ’
300 227 318 263 ἢ
343 227 434 261 ἅπλῶς
449 227 509 267 περὶ
533 226 638 256 πάντων
665 227 811 267 ἀνθρώπων

17 274 96 304 τοῦτό
118 286 207 315 φησιν,
231 273 271 302 ὅτι
298 272 369 313 Παρ’
384 272 484 306 οὐδενὸς
499 271 637 312 ἀνθρώπου
663 271 759 311 ἔμαθόν
773 284 811 302 τι.

57 333 68 345 α
84 318 153 350 οὐδὲ
181 320 293 355 ἀνῆλθον
311 318 337 336 ⁵⁵
362 318 398 351 εἰς
422 316 595 357 Ἱεροσολυμα
611 316 676 356 πρὸς
695 315 753 350 τοὺς
763 316 814 356 πρὸ

17 366 81 403 ἐμοῦ
107 364 279 396 ἀποστόλους.
301 376 313 388 ι
337 363 399 395 Πῶς
428 358 471 391 οὖν
491 361 577 391 ταῦτά
599 372 679 401 φησιν
696 362 710 390 ὁ
731 360 814 391 Ἀπό-

18 411 130 447 ueloq;
150 405 203 448 ἆρα
219 407 288 438 οὕτω
306 405 473 446 τετύφωται,
490 407 526 440 ὡς
544 405 589 435 καὶ
603 405 724 444 αὐτάρκη
735 405 813 435 αὐτὸν

17 456 104 493 ἑαυτῷ
135 453 267 492 νομίζειν,
291 451 337 481 καὶ
362 451 400 490 μὴ
436 451 535 480 δεῖσθαι
569 450 740 488 συμϐούλους
767 450 813 480 καὶ

17 501 73 532 πῶς
93 500 141 528 οὐκ
163 497 262 534 ἤκουσε
285 500 332 526 τοῦ
345 495 482 535 λέγοντοςο
510 509 522 522 ιι
541 494 589 531 Μὴ
610 494 664 524 ἴσθι
691 495 814 535 φρόνιμος

18 542 91 582 παρὰ
103 544 209 582 σεαυτῷ
220 554 228 579 ;
238 556 248 567 r
258 541 315 578 καὶ,
329 554 341 567 ι
354 540 424 571 Οὐαὶ
439 540 463 570 οἱ
474 539 576 570 συνετοὶ
588 539 651 579 παρ’
668 540 787 576 ἑαυτοίς;
801 553 812 565 ι

21 587 64 622 Μὴ
104 587 217 626 γένοιτο.
244 586 316 616 Ἀλλ’
343 585 434 621 ἐπειδὴ
460 591 484 614 οι
519 584 598 614 αὐτὸν
629 583 814 618 διαϐάλλοντες

20 632 120 672 ἔλεγον,
139 632 179 661 ὅτι
200 632 263 664 Τοῖς
288 628 580 672 dnoasél0tq_€1rea0at
607 629 661 665 δεῖ,
681 627 743 658 ἀλλ’
765 630 813 658 οὐκ

20 669 115 717 αὐτῷ(
131 676 178 705 καὶ
190 676 230 705 ὅτι
260 676 317 715 Πρὸ
341 675 420 704 αὐτοῦ
442 669 512 709 ἦσαν
533 674 628 703 ἐκεῖνοι
651 672 811 703 ἀπόστολοι·

19 721 175 760 ἠναγκάσθη
203 724 287 750 ταῦτα
310 721 409 760 εἰπεῖν,
432 717 476 748 ἵνα
503 717 562 751 τοὺς
589 717 704 751 πλάνους
728 729 812 748 xor-tan

19 759 118 806 στείλῃ.
139 765 193 796 Καὶ
206 765 259 805 γὰρ
274 765 370 803 ἄλογον
385 759 432 800 ἦν,
445 763 490 793 τὸν
501 762 576 802 παρὰ
589 763 660 793 Θεοῦ
677 762 794 800 μαθόντα
803 785 811 800 ,

871 228 919 256 Vel
942 228 1102 265 simpliciter
1121 228 1155 256 de
1168 229 1295 258 omnibus
1318 231 1480 259 mortalibus
1504 231 1556 260 hoc
1576 232 1660 267 dicit,

868 273 944 308 quod
961 275 985 300 A
997 273 1073 301 nullo
1089 273 1248 302 mortalium
1258 273 1339 302 didici
1353 274 1513 311 quidquam.

907 319 996 346 Vsns.
1015 321 1056 346 l7.
1075 329 1088 343 ε
1104 319 1163 346 Nec
1176 318 1286 347 ascendi
1301 319 1490 356 Hierosolyma
1504 320 1540 349 ad
1554 329 1602 350 eos
1613 322 1661 358 qui

868 366 931 392 ante
945 370 991 391 me
1005 362 1116 391 fuerant
1127 363 1252 399 apostoli.
1265 374 1279 388 ι
1293 365 1384 400 Quare
1398 364 1450 393 ista
1462 364 1527 393 dicit
1541 368 1661 402 Aposto-

868 406 930 436 lus?
951 409 1024 436 Num
1047 407 1116 436 adeo
1139 407 1318 442 intumuerat,
1339 413 1370 436 ut
1392 409 1513 444 seipsum
1536 410 1663 439 sufﬁcere

868 451 919 480 sibi
940 456 1061 488 putaret,
1084 460 1136 480 nec
1160 460 1230 488 opus
1255 452 1355 481 habere
1381 454 1553 482 consultore?
1573 456 1662 490 Quare

868 504 925 524 non
942 496 1110 525 auscultatus
1129 501 1171 525 est
1184 497 1209 525 ei
1224 497 1269 533 qui
1282 497 1351 525 dixit
1371 506 1378 525 :
1397 508 1411 524 (ι
1426 499 1466 526 Ne
1486 499 1523 526 sis
1543 499 1663 535 prudens

869 541 941 577 apud
958 542 1132 577 temetipsum
1144 543 1181 569 ﬂ?
1202 553 1215 566 ιι
1236 546 1277 575 et,
1296 551 1310 568 α
1326 543 1374 571 ναξ
1388 542 1439 570 illis
1456 543 1502 579 qui
1518 543 1664 579 prudentes

867 590 933 614 sunt
943 585 1017 622 apud
1027 586 1228 622 semetipsos”
1249 596 1262 613 »
1277 587 1506 624 Haudquaquam.
1530 588 1583 616 Sed
1599 589 1662 624 quia

866 631 1076 660 calumniatores
1098 631 1159 668 ejus
1179 631 1318 666 dicebant,
1345 632 1419 668 quod
1444 633 1592 668 Apostolos
1612 641 1664 661 nos

867 675 946 711 sequi
960 679 1080 712 oportet,
1103 683 1159 703 non
1182 676 1294 711 ipsum:
1317 680 1345 704 et
1358 676 1432 712 quod
1451 677 1576 713 Apostoli
1600 682 1664 706 ante

866 719 957 756 ipsum
968 720 1094 755 fuerunt,
1102 724 1214 748 coactus
1223 725 1265 749 est
1275 721 1336 748 haec
1348 721 1453 756 dicere,
1466 725 1496 750 ut
1508 721 1666 750 seductores

867 764 1004 793 cohibeat.
1027 765 1185 794 Absurdum
1204 765 1279 793 enim
1304 766 1386 802 331
1411 770 1486 799 erat,
1500 770 1532 794 ut
1549 767 1574 794 is
1587 767 1634 803 qui
1649 775 1664 795 a

20 812 165 849 ἀνθρώποις
195 809 371 850 προσανέχειν
400 807 503 838 λοιπόν.
543 807 585 837 Οὒ
620 806 705 836 τοίνυν
747 808 812 837 ἀπο·
828 813 852 845 Β
868 811 881 838 Ι

906 818 926 837 so
941 809 1094 844 didicisset,
1118 809 1278 838 hominibus
1300 813 1394 846 postea
1416 810 1577 840 adhaereret.
1600 813 1664 840 Non

20 855 156 894 νοούμενος
178 857 264 884 ταῦτα
293 854 380 893 λέγει,
410 852 469 882 ἀλλ’
490 851 536 881 ἵνα
561 851 633 891 δείξῃ
648 854 693 881 τοῦ
718 852 814 882 οἰκείου

20 900 187 940 κηρύγματος
219 899 249 929 τὸ
289 898 404 935 ἀξίωμα.
446 897 501 928 Καὶ
529 896 582 936 μὴν
618 897 735 932 ἀπῆλθεν
778 897 815 930 εἷς

20 943 336 984 Ἱεροσόλυμα,ἀλλόὖχ
351 943 420 972 ὥστε
443 941 521 971 αὐτὸν
539 943 648 980 μαθεῖν,
671 941 729 971 ἀλλ’
745 939 814 971 ὥστε

20 989 118 1029 ἑτέρους
144 991 249 1026 πεῖσαι,
264 987 304 1018 ὅτι
333 988 378 1018 καὶ
400 989 454 1020 τοῖς
473 988 500 1016 ἐν
515 985 707 1026 Ἱεροσολύμοις
730 989 815 1015 ταῦτα

19 1034 97 1065 δοκεῖ.
124 1032 244 1064 Ἔπειτα
277 1032 370 1065 εὐθέως
394 1033 443 1061 οὐκ
467 1031 582 1066 ἀνῆλθε,
613 1032 760 1067 τουτέστιν,
788 1031 815 1059 ἐν

18 1078 165 1118 προοιμίοις
178 1089 185 1096 ·
210 1077 279 1116 μετὰ
302 1080 385 1107 ταῦτα
409 1076 437 1106 δὲ
462 1075 574 1112 ἀνῆλθε,
605 1074 651 1104 καὶ
666 1074 726 1104 τότε
748 1074 814 1115 ὑπὲρ

19 1125 61 1152 τοῦ
79 1123 178 1156 ἀλλους
192 1126 293 1153 πεῖσαι.

58 1179 73 1195 ι
93 1167 166 1197 Ἀλλ’
195 1168 313 1202 ἀπῆλθον
338 1166 374 1199 εἰς
398 1164 540 1204 Ἀραϐίαν,
571 1163 617 1193 καὶ
649 1163 729 1194 πάλιν
762 1163 815 1193 ὕπ-

22 1212 132 1254 ἐστρεψα
153 1213 192 1245 εἷς
213 1210 368 1250 Δαμασκόν.
383 1222 396 1239 ιι
413 1209 484 1243 Τοὺς
513 1209 696 1254 ἀγεωργήτους
720 1207 817 1241 τόπους

22 1257 134 1297 περιῄει,
151 1256 199 1286 καὶ
220 1255 344 1296 ἀγρίους”
366 1257 390 1284 εἰ
416 1254 467 1294 γὰρ
487 1254 563 1292 ἔμενε
586 1253 654 1292 μετὰ
680 1254 731 1282 τῶν
749 1253 816 1282 ἀπο-

23 1303 133 1338 στόλων,
159 1301 322 1335 ἐνεποδίζετο
342 1300 372 1329 ἂν
392 1299 423 1329 τὸ
443 1299 587 1339 κήρυγμα,
611 1298 657 1328 καὶ
678 1299 728 1337 οὖχ
747 1299 816 1328 οὕτω

23 1347 120 1386 ταχέως
130 1346 162 1376 ἂν
179 1345 294 1381 διεδόθη.
310 1345 362 1375 Διὰ
375 1346 453 1374 τοῦτο
467 1343 532 1383 πρὸς
548 1343 581 1372 τὰ
597 1342 749 1383 ἀγριώτατα
763 1344 816 1372 τῶν

24 1391 97 1420 ἐθνῶν
122 1390 239 1431 ἔτρεχεν.
258 1389 333 1430 Ὅρα
352 1389 379 1419 δὲ
403 1388 663 1431 ταπεινοφροσύνην,
688 1388 744 1420 πῶς
772 1386 817 1420 τὰς

24 1436 106 1469 πόλεις
126 1428 306 1474 καταλέγων,
327 1435 444 1472 οὐδαμοῦ
466 1428 539 1463 εἶπεν
563 1431 640 1466 ὅσους
655 1432 816 1471 ἐπέστρεψε,

25 1480 142 1520 καίτοιγε
154 1481 181 1509 ἐν
201 1480 342 1520 Δαμασκῷ
369 1478 438 1508 οὕτω
455 1477 563 1517 συνέχεε
585 1476 644 1511 τοὺς
660 1477 817 1512 Ἰουδαίους,

869 854 953 890 igitur
966 854 1121 891 arrogantia
1144 855 1230 883 elatus
1247 854 1306 883 haec
1319 855 1402 890 dicit,
1416 863 1511 884 verum
1525 860 1556 884 ut
1570 861 1665 884 osten-

866 898 915 928 dat
937 899 1055 935 propria
1075 899 1277 935 praedicationis
1291 907 1349 928 suae
1362 900 1562 929 auctoritatem.
1578 901 1664 937 Atqui

867 943 1004 979 profectus
1028 948 1070 972 est
1090 944 1282 980 Hierosolyma
1309 955 1315 972 :
1345 952 1403 972 non
1430 949 1524 973 tamen
1546 949 1577 973 ut
1605 946 1664 981 ipse

867 987 994 1024 disceret,
1013 987 1060 1016 sed
1081 992 1113 1016 ut
1124 988 1184 1016 aliis
1199 988 1383 1024 persuaderet,
1404 989 1479 1025 quod
1496 989 1555 1018 haec
1579 990 1664 1018 etiam

867 1032 1066 1069 Hierosolymis
1095 1033 1237 1069 agentibus
1269 1033 1404 1069 placeant.
1430 1034 1536 1062 Deinde
1572 1035 1664 1063 statim

868 1085 924 1106 non
939 1077 1074 1111 ascendit,
1090 1077 1144 1106 hoc
1164 1082 1220 1112 est,
1247 1077 1275 1105 in
1297 1078 1454 1114 primordiis
1477 1079 1548 1112 suis,
1571 1083 1665 1115 postea

867 1129 932 1150 vero
951 1121 1084 1157 ascendit,
1107 1126 1136 1150 et
1148 1126 1210 1149 tum
1224 1130 1336 1159 quoque
1351 1127 1381 1150 ut
1394 1123 1453 1151 aliis
1478 1124 1663 1160 persuaderet.

906 1177 919 1191 α
939 1166 994 1195 Sed
1018 1166 1074 1194 abii
1096 1166 1124 1194 in
1146 1166 1276 1198 Arabiam
1298 1171 1326 1195 et
1348 1167 1448 1195 iterum
1462 1175 1589 1197 reversus
1603 1176 1665 1196 sum

869 1212 1050 1239 Damascum.
1072 1222 1085 1235 ι
1100 1211 1205 1239 Inculta
1220 1211 1278 1239 loca
1300 1212 1473 1246 circumibat,
1495 1216 1523 1240 et
1536 1214 1663 1249 agrestia.

869 1255 896 1284 Si
912 1256 987 1284 enim
1001 1263 1065 1284 cum
1085 1256 1216 1292 apostolis
1232 1257 1435 1292 permansisset,
1452 1257 1579 1293 impedita
1593 1257 1665 1286 fuis-

869 1305 910 1329 set
933 1301 992 1337 ejus
1012 1300 1186 1336 przedicatio,
1202 1309 1252 1329 nec
1274 1301 1342 1329 adeo
1362 1301 1488 1330 celeriter
1507 1302 1664 1332 distributa.

871 1345 936 1374 Ideo
947 1345 982 1373 ad
994 1345 1157 1381 agrestiores
1167 1349 1262 1382 gentes
1275 1345 1414 1375 canebat.
1426 1346 1495 1375 Vide
1504 1351 1596 1376 autem
1607 1347 1665 1383 ejus

870 1389 1055 1418 humilitatem
1075 1389 1237 1426 :quomodo
1252 1390 1334 1419 urbes
1353 1395 1381 1418 et
1399 1391 1524 1427 regiones
1541 1399 1661 1420 comme-

869 1442 993 1469 morans,
1011 1442 1149 1471 nusquam
1171 1434 1270 1463 dixerit
1283 1439 1351 1471 quot
1373 1440 1523 1472 quantosve
1537 1436 1571 1464 ad
1586 1437 1667 1465 Chri-

870 1484 945 1508 stum
951 1480 1124 1513 converterit,
1132 1487 1213 1516 quam
1218 1480 1258 1508 vis
1267 1480 1395 1508 Damasci
1405 1480 1473 1508 adeo
1482 1480 1667 1509 confundebat

25 1526 56 1558 ὡς
68 1518 362 1559 καὶ-ἐπιϐουλευθῆναι
381 1522 454 1562 παρὰ
478 1524 525 1552 τοῦ
551 1521 691 1561 ἐθνάρχου.
720 1521 813 1554 Οὕτως
832 1518 854 1549 C
866 1525 881 1552 ,Ι

906 1524 992 1558 datos,
1005 1528 1037 1552 ut
1045 1524 1152 1552 insidia:
1162 1524 1187 1552 ei
1199 1528 1370 1553 struerentur
1380 1533 1396 1553 a
1407 1525 1532 1561 praeside.
1549 1525 1667 1554 Proinde

26 1570 72 1609 ἄρα
99 1571 128 1599 οὗ
148 1568 301 1611 φιλοτιμίας
326 1567 404 1597 ἕνεκα
415 1568 440 1586 ⁵⁵
471 1566 560 1606 λέγει,
594 1565 610 1595 ἃ
634 1567 704 1611 δοκεῖ
732 1565 816 1611 λέγειν

25 1614 120 1654 μεγάλα
136 1609 200 1654 περὶ
226 1615 320 1643 ἑαυτοῦ
331 1635 340 1651 ,
359 1611 429 1642 ἀλλὰ
449 1614 495 1642 τοῦ
511 1611 548 1650 μὴ
577 1610 711 1651 βλαϐῆναι
725 1610 756 1640 τὸ
766 1609 817 1646 κή-

27 1671 122 1699 ρυγμα,
149 1657 347 1697 ἀπιστουμένου
370 1658 469 1693 αὐτοῦ,
489 1657 524 1690 ὡς
540 1656 675 1692 εὐτελοῦς,
699 1654 745 1684 καὶ
764 1666 818 1693 μα-

24 1706 102 1740 θητῶν
115 1706 249 1744 μαθητοῦ.

58 1762 70 1776 ι
90 1748 209 1780 Ἔπειτα
241 1747 308 1787 μετὰ
338 1747 384 1783 ἔτη
418 1745 478 1786 τρία
503 1745 615 1781 ἀνῆλθον
642 1745 678 1778 εἰς
703 1743 818 1784 Ἱεροσό-

26 1794 106 1832 λυμα,
120 1794 264 1833 ἱστορῆσαι
279 1793 393 1832 Πέτρον.
408 1802 423 1820 n
442 1790 495 1821 Καὶ
515 1792 591 1820 τοῦτο
610 1788 819 1829 ταπεινοφροσύ-

25 1850 84 1875 νης,
107 1838 133 1868 εἴ
145 1849 175 1878 γε
186 1832 206 1867 76
231 1840 348 1867 τοσαῦτα
373 1835 544 1876 κατορθώσας
566 1834 649 1874 ἀπῄει
669 1833 735 1874 πρὸς
762 1832 819 1863 Ili-

26 1894 98 1923 τρον,
121 1885 170 1913 οὐκ
193 1882 322 1923 ὠφελείας
345 1881 434 1917 ἕνεκα,
451 1881 512 1910 ἀλλ’
527 1879 644 1923 ἱστορίας
661 1879 758 1918 μόνης,
784 1889 820 1923 τι·

27 1918 135 1965 μῶν-ὥς
159 1918 270 1967 μείζονα
292 1927 383 1957 αὐτοῦ.
409 1924 458 1955 Διὸ
478 1924 538 1954 οὐδὲ
556 1918 644 1960 εἶπεν,
667 1923 744 1954 Ἰδεῖν
766 1922 819 1952 Πέ-

26 1983 96 2011 τρον,
119 1971 194 2011 ἀλλ’,
212 1985 224 1998 α
248 1971 419 2011 Ἱστορῆσαι·
443 1983 454 1996 ιι
483 1968 549 2009 ὅπερ
574 1969 598 1998 οἱ
628 1968 676 2002 τὰς
702 1967 820 2007 μεγάλας

27 2018 108 2051 πόλεις
143 2017 192 2046 καὶ
235 2016 362 2056 λαμπρὰς
399 2013 645 2053 καταμανθάνοντες
679 2012 817 2052 λέγουσιν,

27 2061 110 2102 ὥσπερ
130 2061 177 2092 καὶ
197 2061 275 2099 ἡμεῖς
296 2059 407 2098 ἀπίεμεν
429 2058 493 2098 πρὸς
511 2058 601 2097 ἁγίους
616 2058 713 2097 ἄνδρας
725 2068 732 2075 ·
744 2057 818 2102 ,μᾶλ-

25 2107 66 2134 λον
77 2100 103 2136 δέ
113 2108 191 2145 ἡμεῖς
209 2104 337 2146 ὠφελείας
349 2104 450 2142 ἕνεκεν,
465 2104 562 2136 ἐκεῖνος
578 2102 605 2132 δὲ
620 2104 701 2141 τιμῆς
714 2100 797 2141 μόνης
809 2122 815 2129 .

63 2254 74 2268 ι
93 2241 147 2272 Καὶ
169 2241 299 2280 ἐπέμεινα
320 2239 385 2278 πρὸς
410 2239 488 2268 αὐτὸν
508 2238 611 2279 ἡμέρας
633 2237 787 2267 δεκαπέντε.
803 2250 815 2263 ι

28 2286 64 2315 Τὸ
76 2286 122 2324 μὲν
147 2288 308 2326 ἱστορῆσαι,
327 2286 406 2323 τιμῆς
429 2287 560 2326 σημεῖονλσ
575 2283 605 2313 τὸ
621 2282 648 2311 δὲ
663 2283 816 2326 ἐπιμεῖναι,

29 2323 108 2370 φιλίας
126 2332 173 2361 καὶ
192 2323 299 2370 ἀγάπης
316 2330 441 2370 σφοδρᾶς.
455 2329 515 2358 οὐκ
530 2323 588 2357 εἶπε
611 2327 653 2364 δὲ,
681 2326 722 2356 ὅτι
745 2325 818 2356 Ἐδι-

30 2375 138 2415 ὂάχθην,
161 2377 232 2412 ἀλλ’,
255 2386 270 2404 ιί
283 2373 431 2413 Ἐπέμεινα
450 2373 515 2414 πρὸς
531 2371 610 2402 αὐτὸν
617 2393 627 2410 ,
645 2385 659 2398 »
675 2370 734 2400 ἀντὶ
750 2373 795 2400 τοῦ
805 2394 814 2408 ,

30 2421 80 2456 μετ’
91 2423 183 2452 αὐτοῦ.

69 2475 81 2494 ιι
94 2464 209 2506 Ἕτερον
234 2465 261 2495 δὲ
285 2466 338 2495 τῶν
373 2462 528 2494 ἀποστόλων
549 2463 596 2492 οὐκ
621 2456 705 2497 εἶδον,
719 2461 756 2506 ,εἰ
779 2459 817 2506 μὴ

29 2507 148 2540 Ἰάκωϐον
166 2505 216 2540 τὸν
242 2509 355 2550 ἀδελφὸν
375 2511 421 2538 τοῦ
449 2507 559 2548 Κυρίου.
585 2517 599 2535 ))
617 2505 668 2536 Διὰ
695 2505 748 2550 μὲν
772 2505 817 2534 τὸν

30 2554 123 2595 Πέτρον
146 2554 241 2592 ἀνέϐη,
251 2544 333 2588 eiii-oi;
348 2552 425 2583 αὐτὸν
446 2544 526 2592 ἐτίμα
538 2551 584 2581 καὶ
598 2551 686 2581 ἐπόθει
701 2561 708 2569 ·
725 2544 778 2579 εἶδε
792 2549 819 2569 ⁵⁷

62 2658 72 2671 π
87 2655 165 2683 Prov.
180 2661 229 2690 ιιι,
245 2657 272 2682 7.
311 2652 325 2667 ⁰
349 2654 404 2682 lsa.
420 2659 451 2687 ν,
469 2653 514 2680 21.

871 1576 933 1603 qua;
955 1576 1055 1605 magna
1078 1568 1112 1596 de
1133 1576 1192 1597 sese
1212 1576 1323 1597 narrare
1337 1569 1453 1604 videtur,
1469 1569 1591 1606 profecto
1610 1578 1667 1599 non

871 1613 1031 1641 ambitionis
1055 1617 1085 1641 et
1100 1612 1189 1641 laudis
1209 1614 1295 1649 gratia
1311 1613 1388 1648 dicit,
1413 1614 1473 1648 sed,
1496 1623 1532 1643 ne
1551 1615 1668 1644 laedatur

870 1657 1038 1694 praedicatio,
1062 1657 1085 1686 si
1106 1657 1163 1694 ipse
1190 1657 1264 1686 haud
1287 1658 1341 1686 fide
1362 1659 1461 1695 dignus
1480 1667 1530 1687 ceu
1554 1659 1613 1688 vilis
1636 1667 1668 1687 ac

869 1702 1066 1738 discipulorum
1077 1701 1226 1738 discipulus
1240 1702 1382 1731 habeatur.

906 1749 995 1776 Vnns.
1013 1750 1055 1775 18.
1075 1759 1088 1771 σι
1104 1746 1210 1775 Deinde
1224 1751 1286 1782 post
1302 1755 1389 1775 annos
1403 1752 1458 1776 tres
1472 1749 1579 1777 ascendi
1598 1749 1668 1778 Hie-

870 1792 1023 1828 rosolyma,
1041 1795 1073 1820 ut
1084 1791 1205 1820 viderem
1217 1792 1341 1820 Petrum.
1361 1803 1374 1816 υ
1390 1793 1426 1820 Et
1436 1792 1489 1820 hoc
1502 1792 1668 1822 humilitatis

869 1836 993 1872 signum,
1024 1835 1158 1872 siquidem
1182 1837 1220 1869 is,
1256 1836 1304 1872 qui
1327 1840 1404 1864 tanta
1428 1841 1606 1873 transegerat,
1631 1837 1668 1866 ad

871 1883 984 1910 Petrum
999 1881 1077 1914 abiit,
1097 1888 1153 1908 non
1168 1880 1297 1909 utilitatis
1311 1880 1409 1917 gratia,
1431 1881 1481 1910 sed
1493 1882 1551 1910 solo
1564 1882 1666 1910 visendi

871 1925 972 1957 studio,
993 1925 1134 1953 honorans
1150 1932 1214 1953 eum
1234 1933 1284 1953 ceu
1304 1933 1334 1953 se
1357 1924 1500 1961 majorem.
1521 1927 1666 1962 Propterea

873 1977 959 2006 neque
973 1969 1041 1998 dixit
1058 1968 1145 2004 Ἰδεῖν,
1160 1969 1188 1998 id
1203 1973 1260 2003 est,
1275 1969 1315 1998 Ut
1326 1977 1468 1998 cernerem
1482 1971 1607 2005 Petrum,
1621 1971 1670 1999 sed

878 2014 1030 2050 Ἱστορῆσαι,
1053 2014 1080 2042 id
1094 2018 1145 2048 est,
1158 2015 1200 2042 Ut
1212 2014 1344 2048 viderem,
1355 2018 1383 2042 et
1397 2023 1460 2042 cum
1476 2015 1669 2044 observatione

873 2059 992 2087 intuerer
1008 2069 1014 2086 :
1032 2058 1060 2087 id
1075 2058 1150 2095 quod
1165 2065 1280 2095 magnas
1297 2062 1325 2087 et
1337 2059 1481 2094 praeclaras
1500 2060 1581 2088 urbes
1592 2059 1668 2088 addi-

873 2108 977 2132 scentes
1001 2103 1106 2137 dicunt,
1131 2104 1243 2140 perinde
1258 2111 1290 2131 ac
1314 2111 1364 2131 nos
1385 2103 1492 2132 abimus
1505 2104 1540 2132 ad
1562 2108 1670 2133 sanctos

873 2149 947 2177 viros
974 2158 981 2177 :
1006 2148 1055 2177 sed
1075 2156 1127 2176 nos
1154 2148 1246 2184 potius
1267 2147 1409 2182 utilitatis,
1429 2148 1474 2177 ille
1499 2156 1564 2177 vero
1584 2149 1669 2177 solius

830 2194 856 2225 D
874 2193 985 2222 honoris
1001 2193 1097 2230 gratia.

907 2251 920 2263 ‹‹
948 2240 984 2267 Et
997 2238 1087 2266 mansi
1114 2237 1188 2274 apud
1201 2245 1264 2266 eum
1278 2237 1373 2266 diebus
1387 2237 1553 2274 quindecim.
1571 2251 1583 2264 ιι
1599 2238 1669 2268 Illud

870 2283 994 2320 quidem,
1007 2283 1048 2311 Ut
1056 2282 1170 2317 videret,
1186 2282 1300 2311 honoris
1313 2283 1422 2319 signum
1437 2288 1478 2312 est
1490 2292 1497 2312 :
1509 2291 1671 2320 permanere

871 2332 974 2363 autem,
988 2327 1117 2356 amicitiae
1131 2327 1327 2364 cliaritatisque
1347 2328 1519 2357 vehementis
1532 2333 1575 2357 est
1588 2337 1669 2366 argu-

871 2377 1011 2401 mentum.
1028 2373 1092 2401 Non
1102 2372 1171 2401 dixit
1182 2377 1274 2400 autem
1285 2372 1358 2408 quod
1372 2372 1426 2401 illic
1440 2373 1539 2402 doctus
1552 2374 1598 2408 sit,
1609 2374 1668 2408 sed,

874 2430 887 2443 ιι
903 2417 987 2446 Mansi
1001 2417 1073 2454 apud
1086 2425 1161 2451 eum,
1180 2429 1193 2441 ιν
1208 2425 1273 2453 pro,
1288 2425 1353 2445 cum
1367 2418 1436 2453 ipso.

908 2463 996 2491 Vens.
1015 2465 1056 2490 19.
1074 2473 1086 2486 ει
1102 2461 1197 2489 Alium
1207 2465 1299 2489 autem
1313 2462 1502 2498 apostolorum
1514 2462 1569 2491 vidi
1583 2463 1671 2492 nemi-

872 2515 947 2542 nem,
975 2507 1028 2535 nisi
1051 2506 1186 2534 Jacobum
1213 2506 1328 2534 fratrem
1354 2507 1476 2535 Domini.
1512 2519 1525 2531 ν
1556 2509 1672 2544 Propter

873 2554 986 2580 Petrum
1006 2550 1118 2588 quidem
1132 2550 1267 2586 ascendit,
1286 2551 1352 2580 adeo
1367 2551 1458 2588 ipsum
1471 2552 1624 2581 honorabat
1639 2560 1671 2580 ac

722 2687 988 2729 Variaejectiones.
1013 2721 1018 2728 ι

66 2778 85 2795 ⁵⁸
98 2779 164 2806 ἀλλὰ
174 2779 230 2807 οὐδὲ
244 2779 357 2813 ἀπῆλθον
371 2786 399 2807 ο.
436 2777 459 2796 ⁵⁸
473 2777 546 2813 χάριν
560 2784 588 2805 o.
626 2775 647 2794 ⁵⁷
662 2773 692 2808 ἧν
704 2775 730 2803 δὲ
743 2775 786 2802 καὶ
800 2774 920 2805 Ἰάκωϐος
935 2782 962 2803 ο.
