1877 3081
11 172 61 197 969

453 174 634 203 EXPOSITIO
653 175 687 203 IN
705 175 812 204 EPIST.
832 177 877 205 AD
896 177 1017 206 GALAT.
1037 193 1072 199 —
1091 178 1165 206 CAP.
1186 179 1218 207 ll.

1600 183 1651 210 970

11 233 40 262 ἂν
55 234 196 279 πεισθῶσιν
219 234 243 264 οἳ
267 235 516 275 σκανδαλιζόμενοι,
541 236 582 267 ὅτι
605 237 716 277 οὖδεμία
743 239 802 269 δια-
816 242 844 275 Α
860 248 886 268 nt

885 248 924 269 am
942 241 1065 269 veniente
1078 240 1152 277 quod
1169 241 1513 279 transgrederelurlegem.
1532 245 1655 273 ascendit

10 277 91 318 φωνία
118 279 143 308 ἐν
170 280 209 319 τῷ
244 279 417 320 κηρύγματι,
462 281 521 310 ἀλλ’
549 282 721 322 οἰκονομικῶς
753 284 802 320 τὴν

10 322 151 369 περιτομὴν
165 324 190 369 οἰ
205 327 403 365 συγχωροῦντες
422 329 603 369 συγχωροῦσιν
613 349 621 364 ,
642 329 676 362 ὥς
691 329 802 369 ἐμπερι-

10 368 96 405 τόμοις
125 367 310 407 κηρύσσοντες·
343 371 398 402 πῶς
428 365 473 399 οὖν
506 365 602 410 ἄλογον
636 372 667 402 τὸ
694 365 804 412 γενόμε-

10 424 69 448 νον;
88 412 128 442 Τό
150 425 183 457 ,τε
207 413 258 453 γὰρ
276 415 386 452 Πνεῦμα
413 415 479 456 ὑπὲρ
501 419 548 446 τοῦ
570 416 672 456 ἑτέρους
688 418 803 457 διορθω-

11 459 85 492 θῆναι
113 456 232 494 ἐκίνησεν
253 459 332 489 αὐτὸν
357 459 490 498 ἀνελθεῖν,
514 460 560 490 καὶ
584 461 664 497 αὐτὸς
694 456 802 497 εἰκότως

12 502 60 537 intr]
64 513 152 532 κουσε.

859 293 906 321 per
932 286 1140 319 revelationem,
1166 287 1268 322 Spiritu
1302 286 1354 314 hoc
1379 287 1404 314 ei
1426 295 1599 324 suggereitc,
1623 294 1655 317 ut

859 330 963 358 discant
975 334 1002 358 et
1016 331 1232 366 persuadeantur
1244 331 1289 367 qui
1306 331 1464 360 scandalum
1480 333 1550 368 passi
1565 338 1653 368 erant,

859 375 933 411 quod
960 375 1032 404 nulla
1055 376 1093 403 sit
1116 375 1281 404 dissonantia
1306 376 1332 404 in
1354 376 1549 412 praedicatione
1564 378 1653 413 verbi,

860 419 908 447 sed
923 420 969 456 qui
981 420 1217 448 circumcisionem
1232 420 1435 454 concedebant,
1449 421 1564 450 consilio
1582 430 1653 457 quo-

856 463 918 492 dam
942 464 1138 499 concedebant,
1163 473 1262 501 nempe
1289 465 1349 502 quia
1374 466 1543 494 circumcisis
1569 467 1651 503 333

856 509 1055 545 praedicabant;
1075 518 1160 546 quam
1185 510 1298 539 tandem
1322 510 1520 539 absurditatem
1541 511 1639 540 habebi

13 558 51 578 res
66 551 134 580 ista?
153 551 269 587 Spiritus
290 553 377 588 enim,
397 557 428 582 ut
448 554 492 583 alii
519 555 731 592 corrigerentur,
751 557 901 586 comm0vit
919 558 1009 595 ipsum
1029 559 1191 594 ascendere,
1218 563 1245 588 et
1269 559 1326 596 ipse
1349 567 1407 588 non
1425 560 1564 589 immerito
1590 569 1651 590 mo-

14 603 66 622 l'l‘m
83 595 177 631 gessit.

51 651 64 668 π
86 641 154 670 Κατ’
177 640 245 670 ἰδίαν
268 642 296 672 δὲ
319 647 373 676 τοῖς
397 644 512 674 δοκοῦσι.
537 655 552 674 ι
572 645 623 675 Διὰ
644 645 801 680 τὸπολλοὺς

13 687 72 713 εἶναι
90 684 149 718 τοὺς
175 687 446 727 σκανδαλιζομένους,
468 690 528 718 κατ’
556 689 624 719 ἰδίαν
645 691 734 728 ὁμιλεῖ
747 695 802 724 τοῖς

12 729 66 767 περὶ
84 729 185 770 Πέτρον
199 732 213 760 6
227 732 335 766 Παῦλος
346 755 354 769 ,
372 732 416 762 ἵνα
439 732 477 772 μὴ
494 734 587 768 στάσις
606 734 734 774 γίνηται,
753 736 801 766 καὶ

13 776 93 820 μεῖζον
118 775 185 814 ἀρθῇ
211 777 240 805 τὸ
259 776 419 807 σκάνδαλον.
447 779 583 818 Μυριάδες
611 781 664 820 γὰρ
691 775 760 816 ἦσαν
776 782 800 811 οἱ

13 819 255 856 σκανδαλιζόμενοι,
285 821 329 854 οὓς
354 822 381 851 ἐν
411 824 492 863 κοινῷ
515 819 700 863 ἀκούσαντας,
728 824 768 854 ὅτι
789 827 802 855 6

892 660 905 673 ι
920 649 1040 678 Seorsim
1051 654 1143 678 autem
1156 650 1188 678 iis
1202 650 1248 686 qui
1259 649 1423 679 videbantur
1435 649 1537 687 aliquid
1549 658 1620 680 esse.
1637 663 1648 676 ι

854 694 922 730 Quia
947 703 1004 723 non
1024 695 1102 731 pauci
1126 699 1203 723 erant
1224 695 1270 731 qni
1290 695 1449 723 scandalum
1464 695 1648 732 patiebantur,

855 740 954 768 Paulus
976 740 1104 776 privatim
1126 747 1190 767 cum
1217 740 1286 768 Petri
1308 740 1447 776 discipulis
1472 740 1650 777 colloquitur,

856 792 890 812 ne
898 783 998 812 seditio
1011 785 1127 818 oriatur,
1142 789 1170 812 et
1180 788 1211 812 ut
1221 787 1310 820 majus
1321 784 1480 812 scandalum
1496 785 1650 813 auferatur.

856 831 998 859 Iunumeri
1011 831 1086 859 enim
1102 835 1180 859 erant
1194 830 1389 866 scandalizati,
1404 831 1465 867 qui,
1480 839 1544 860 cum
1561 832 1651 868 palam

14 864 111 897 Παῦλος
127 866 280 921 κπεριτομίὶιν
305 869 450 921 καταργεῖ,
479 868 548 921 εἰκὸς
573 864 606 904 ἦν
634 869 803 921 ἀναθορυϐἧ-
821 883 886 921 Bau

885 875 982 903 Idirent
995 875 1110 904 Paulum
1124 875 1233 904 abolere
1242 876 1492 909 circumcisionem,
1504 876 1652 905 verisimile

13 919 69 945 σαι,
92 908 138 938 καὶ
157 908 192 938 τὰ
214 910 302 940 πάντα
323 911 446 951 ταράξαι.
472 913 524 942 Διὰ
548 916 625 943 τοῦτο
639 908 724 943 τοίνυν
749 915 803 954 ἰδία

13 953 107 990 ὁμιλεῖ,
120 953 202 984 Τίτον
226 955 272 984 καὶ
297 956 440 996 Βαρνάϐαν
460 956 530 996 ἔχων
552 958 706 998 μάρτυρας,
721 953 802 989 πᾶσιν

13 997 151 1037 ἀνθρώποις
167 999 327 1038 δηλοῦντας,
344 999 384 1030 ὅτι
399 1001 458 1030 οὐδὲ
480 1006 534 1036 τοῖς
559 997 716 1037 ἀποστόλοις
743 1003 803 1034 ἔδο-

13 1042 48 1075 ξεν
63 1043 224 1086 ἐναντίονῌτι
241 1044 391 1084 κηρύττειν.
418 1048 565 1080 Δοκοῦντας
584 1047 611 1076 δὲ
633 1048 733 1086 λέγων,
756 1050 803 1078 οὐκ

13 1087 108 1127 ἀναιρεῖ
121 1087 153 1117 τὸ
175 1083 242 1117 εἶναι
269 1089 374 1126 αὖτοὺς,
390 1090 461 1120 ἀλλὰ
486 1091 555 1129 μετὰ
579 1094 625 1128 τῆς
648 1083 741 1122 saturo:
756 1093 801 1122 καὶ

13 1131 55 1167 τὴν
69 1131 156 1178 κων-ὲν
170 1133 296 1163 ἁπάντων
317 1136 404 1176 ψῆφον
427 1135 530 1172 τίθησιν
543 1147 550 1155 ⁸
574 1135 666 1177 ὥσπερ
681 1137 726 1167 καὶ
741 1138 803 1178 περὶ

13 1177 103 1205 ἑαυτοῦ
117 1172 191 1207 εἶπεν
203 1201 212 1217 ,
226 1177 267 1207 ὅτι
282 1172 367 1208 Δοκιῖί
373 1179 449 1219 κάγὼ
473 1181 586 1220 Πνεῦμα
613 1172 686 1212 Θεοῦ
710 1172 783 1222 ἔχειν.
796 1195 802 1201 ·

13 1221 108 1268 ούχ-ὡς
123 1223 241 1268 ἀναιρῶν
256 1223 287 1253 τὸ
302 1223 372 1263 ἔχειν
383 1246 392 1261 ,
408 1225 485 1268 me:
497 1225 546 1262 τὴν
566 1225 656 1262 κοινὴν
671 1221 802 1268 ὑπόληψιν

14 1266 129 1304 εἰσάγων,
164 1277 177 1295 ιι
195 1267 258 1301 Τοῖς
282 1269 402 1298 δοκοῦσιν
421 1281 436 1300 »
456 1266 517 1308 οὖν,
538 1270 674 1309 τουτέστι,
689 1276 743 1306 τοῖς
755 1266 804 1311 με-

13 1310 96 1347 γάλοις
106 1333 115 1348 ,
130 1315 186 1345 τοῖς
201 1311 322 1346 ἐνδόξοις.

54 1465 67 1483 ιι
81 1454 187 1490 Μήπως
202 1456 238 1489 εἰς
260 1456 334 1486 κενὸν
357 1456 464 1496 τρέχω,
489 1456 507 1492 ἢ
536 1456 660 1496 ἔδραμον.
682 1469 698 1486 ιι
717 1458 803 1487 Tons-

16 1498 93 1535 ἐστιν,
105 1498 171 1530 Ἴνα
187 1500 283 1535 διδάξω
306 1500 366 1534 τοὺς
385 1502 637 1539 σκανδαλιζομένους
660 1503 701 1532 ἐπ’
721 1502 780 1541 ἐμοὶ
793 1525 801 1539 ,

857 924 915 949 erat
928 920 1002 956 quod
1019 921 1170 949 tumultum
1190 921 1305 952 ciercnt,
1327 921 1476 957 omniaque
1499 921 1651 950 turbarent.

857 967 1005 1002 Propterea
1027 966 1142 994 seorsim
1157 965 1367 999 sermocinatur,
1388 966 1480 993 Titum
1501 970 1528 994 et
1556 967 1653 994 Barna-

856 1011 920 1039 bam
943 1011 1046 1039 habens
1063 1015 1156 1045 testes,
1172 1010 1218 1046 qui
1238 1010 1344 1038 cunctis
1371 1010 1535 1039 mortalibus
1546 1010 1654 1039 denun-

856 1057 966 1087 tiarent,
982 1055 1054 1092 quod
1069 1063 1103 1083 ne
1117 1055 1246 1091 apostolis
1269 1054 1378 1091 quidem
1394 1055 1535 1084 videbatur
1555 1056 1654 1084 Paulus

857 1100 1006 1137 quidquam
1028 1101 1094 1136 ipsis
1108 1100 1276 1128 contrarium
1301 1100 1457 1135 praedicare.
1480 1101 1550 1128 Cum
1571 1109 1654 1137 porro

857 1146 939 1174 dicit:
952 1157 965 1170 ι
976 1145 1029 1180 Qui
1045 1145 1217 1179 videbantur,
1231 1157 1242 1169 ιι
1255 1153 1428 1182 nequaquam
1439 1153 1486 1174 eos
1494 1153 1552 1173 esse
1562 1150 1654 1182 negat,

857 1199 951 1219 verum
973 1198 1037 1218 cum
1051 1198 1100 1218 suo
1115 1190 1199 1225 ipsius
1222 1197 1399 1218 communem
1427 1190 1551 1218 omnium
1566 1191 1656 1218 calcu-

857 1236 914 1264 lum
925 1236 1019 1272 ponit:
1031 1234 1264 1271 quemadmodum
1277 1239 1304 1263 et
1314 1234 1348 1262 de
1358 1243 1386 1263 se
1396 1235 1453 1271 ipse
1464 1235 1542 1269 dixit,
1555 1235 1656 1264 Videor

858 1285 886 1308 et
904 1288 954 1316 ego
969 1280 1102 1316 Spiritum
1126 1279 1176 1307 Dei
1197 1279 1300 1307 habere
1314 1282 1342 1314 1³,
1358 1287 1415 1308 non
1435 1279 1534 1308 tollens
1555 1280 1607 1308 hoc
1625 1284 1656 1308 ut

859 1325 959 1353 habeat
967 1325 1067 1360 ipsum,
1078 1329 1209 1353 caeterum
1219 1332 1394 1352 communem
1406 1325 1562 1361 opinionem
1572 1325 1656 1354 addu-

859 1377 933 1398 cens.
958 1370 1052 1406 Itaque
1075 1380 1086 1393 ιι
1108 1368 1160 1404 Qui
1184 1369 1349 1397 videbantur
1366 1369 1468 1405 aliquid
1488 1377 1557 1404 esse,
1574 1381 1587 1394 ι
1604 1369 1656 1399 hoc

856 1419 912 1448 est,
928 1414 1035 1450 magnis
1049 1417 1076 1442 et
1089 1413 1253 1442 celebribus.

893 1470 906 1486 ‹‹
922 1460 963 1488 Ne
975 1467 1028 1495 quo
1038 1458 1121 1486 modo
1134 1458 1161 1486 in
1176 1466 1277 1486 vanum
1292 1466 1442 1492 currerem,
1457 1463 1505 1487 aut
1522 1459 1655 1487 cucurris-

857 1513 928 1533 sem.
946 1516 958 1528 π
970 1505 1031 1532 Hoc
1044 1507 1096 1536 est,
1111 1505 1153 1532 Ut
1166 1502 1279 1531 doceam
1292 1511 1339 1532 eos
1352 1503 1398 1539 qui
1410 1504 1437 1531 in
1453 1511 1495 1531 me
1509 1503 1656 1532 offendun-

7 1543 49 1572 ,δτι
66 1545 111 1573 οὐκ
126 1545 164 1578 εἷς
179 1545 253 1575 κενὸν
275 1545 378 1585 τρέχω·
401 1547 452 1586 οὐχ
475 1545 521 1575 ἵνα
546 1546 598 1585 ἐγὼ
623 1547 700 1584 μάθω
716 1558 722 1565 ·
748 1548 805 1580 πῶς
820 1551 843 1583 C
859 1554 886 1577 tu

885 1558 914 1582 ll",
924 1548 996 1585 quod
1008 1556 1064 1576 non
1074 1548 1102 1576 in
1112 1556 1214 1576 vanum
1225 1556 1350 1582 curram;
1364 1557 1419 1576 non
1433 1553 1463 1576 ut
1473 1556 1524 1585 ego
1538 1549 1653 1578 discam.

17 1589 68 1627 γὰρ,
87 1591 100 1618 ὁ
131 1590 327 1630 ἄποκαλυφθεὶς
353 1590 427 1631 παρὰ
456 1593 502 1620 τοῦ
532 1591 638 1631 Πατρὸς
667 1593 710 1621 τὸν
740 1592 804 1622 Υἱὸν

17 1634 56 1661 καὶ
69 1633 97 1662 τὸ
111 1634 275 1673 Εὖαγγέλιον
290 1634 402 1672 τούτου;

51 1692 62 1703 ιι
77 1677 142 1708 Ἀλλ’
158 1679 218 1709 οὐδὲ
230 1679 309 1713 Τίτος
319 1702 327 1716 ,
344 1681 357 1708 6
380 1679 426 1710 σὺν
441 1680 500 1719 ἐμοὶ
510 1703 519 1717 ,
530 1680 636 1717 Ἕλλην
651 1679 687 1709 ὢν
697 1703 706 1717 ,
724 1683 805 1720 ἠναγ-

17 1721 92 1759 κάσθη
115 1726 322 1763 περιτμηθῆναι,
352 1738 365 1751 ν
402 1725 574 1764 Ἀκρόϐυστος
595 1724 632 1755 ὢν
656 1727 671 1755 6
706 1725 803 1762 Τίτος,

18 1766 107 1806 φησὶν,
130 1770 179 1797 οὐκ
205 1769 359 1807 ἠναγκάσθη
381 1772 586 1808 περιτμηθῆναι.
619 1769 710 1810 Ὅπερ
737 1770 805 1800 ἀπό-

17 1811 83 1845 δειξις
105 1813 219 1851 μεγίστη
243 1816 289 1843 τοῦ
314 1813 380 1852 μηδὲ
404 1813 464 1848 τοὺς
485 1815 648 1848 ἀποστόλους
668 1826 805 1854 προηγου-

17 1855 93 1892 μένως
104 1879 112 1892 ,
128 1857 198 1887 ἀλλὰ
210 1859 269 1887 κατ’
282 1858 435 1897 οἰκονομίαν
445 1881 454 1895 ,
475 1859 519 1889 διὰ
534 1859 593 1892 τοὺς
615 1860 645 1888 εκ
658 1862 805 1898 περιτομῆς

17 1901 132 1938 πιστοὺς,
151 1901 277 1942 δέχεσθαι
297 1902 345 1939 τὴν
365 1904 533 1943 περιτομὴν,
554 1903 599 1944 καὶ
611 1906 658 1933 τοῦ
678 1903 715 1942 μὴ
733 1903 804 1944 ἔχειν

18 1945 164 1986 μέμψασθαι
190 1947 220 1976 τὸ
244 1946 354 1977 Παύλου
380 1948 520 1989 κήρυγμα,
540 1943 569 1978 οὗ
590 1950 605 1978 ὁ
629 1947 750 1987 μαθητὴς
772 1944 805 1984 ἧν

18 1990 199 2031 ἀπερίτμητος.

55 2093 66 2105 ι
83 2080 132 2111 Διὰ
147 2081 175 2112 δὲ
191 2080 250 2116 τοὺς
267 2082 462 2122 παρεισάκτους
481 2083 692 2124 ψευδαδέλφους,
712 2083 804 2117 οἵτινες

18 2126 184 2164 παρεισῆλθον
215 2129 421 2163 κατασκοπῆσαι
457 2128 504 2163 τὴν
535 2127 684 2167 ἐλευθερίαν
712 2129 804 2167 ἡμῶν,

17 2167 44 2203 ἣν
61 2169 151 2209 ἔχομεν
167 2172 194 2200 ἐν
215 2172 326 2212 Χριστῷ
345 2171 436 2208 Ἰησοῦ
448 2195 456 2211 ,
473 2171 517 2202 ἵνα
542 2175 613 2210 ἡμᾶς
628 2172 801 2202 καταδουλώ-

858 1593 1006 1632 Quomodo
1032 1593 1107 1622 enim
1133 1593 1277 1628 discerem,
1299 1601 1364 1621 cum
1390 1601 1405 1621 a
1431 1594 1512 1622 Patre
1536 1594 1607 1622 mihi
1621 1593 1657 1622 sit

858 1639 991 1668 revelatus
1005 1638 1106 1671 Filius,
1121 1637 1234 1674 ejusque
1251 1637 1446 1674 Evangelium?

894 1685 983 1712 Vens.
1007 1686 1033 1711 3.
1059 1695 1071 1708 ι
1092 1682 1146 1710 Sed
1167 1691 1257 1719 neque
1279 1683 1356 1711 Titus
1379 1683 1424 1718 qui
1453 1691 1563 1712 mecum
1584 1687 1654 1717 erat,

856 1737 921 1757 cum
948 1732 1021 1757 esset
1042 1727 1168 1764 gentilis,
1192 1728 1352 1763 compulsus
1377 1733 1418 1755 est
1443 1728 1614 1757 circumcidi.
1641 1739 1655 1754 ι)

858 1774 926 1800 Cum
947 1772 1112 1808 prmputium
1130 1771 1242 1799 haberet
1257 1771 1344 1803 Titus,
1361 1771 1460 1808 inquit,
1475 1780 1531 1799 non
1545 1772 1657 1800 adactus

858 1821 898 1845 est
921 1815 1092 1844 circumcidi.
1113 1816 1180 1850 Qua:
1203 1823 1246 1843 res
1268 1816 1391 1843 maximo
1413 1820 1576 1851 argumento
1600 1821 1654 1851 est,

858 1861 931 1898 quod
945 1860 1059 1896 apostoli
1069 1868 1124 1887 non
1135 1868 1167 1887 ex
1180 1859 1320 1896 proposito
1332 1863 1360 1887 et
1369 1859 1509 1895 principali
1521 1860 1654 1894 instituto,

857 1906 905 1935 sed
921 1914 969 1942 per
983 1905 1215 1940 dispensationem
1231 1903 1391 1939 quamdam,
1413 1908 1523 1939 propter
1541 1912 1589 1932 eos
1610 1906 1655 1941 qui

858 1959 890 1979 ex
905 1949 1110 1979 circumcisione
1132 1949 1320 1981 crediderant,
1344 1949 1583 1977 circumcisionem
1609 1950 1655 1978 ad-

859 1995 992 2029 miserint,
1008 1999 1035 2023 et
1049 1994 1124 2030 quod
1134 2002 1193 2022 non
1203 1998 1318 2030 possent
1329 1993 1364 2022 de
1373 1993 1449 2021 Pauli
1461 1993 1655 2030 praedicatione

856 2040 999 2077 conqueri,
1014 2039 1092 2076 cujus
1106 2039 1254 2075 discipulus
1268 2043 1338 2066 esset
1352 2038 1568 2066 incircumcisus.

894 2087 980 2115 Vsus.
1001 2087 1028 2113 4.
1050 2095 1064 2108 α
1083 2084 1199 2119 Propter
1221 2083 1447 2111 subintroductos
1466 2088 1557 2111 autem
1573 2083 1657 2112 falsos

859 2131 972 2165 fratres,
1000 2130 1046 2166 qui
1081 2129 1296 2157 subintroierunt
1334 2129 1476 2164 explorare
1502 2128 1656 2157 libertatem

857 2181 991 2208 nostram,
1006 2182 1088 2210 quam
1107 2174 1240 2201 habemus
1256 2173 1284 2200 in
1300 2172 1408 2201 Christo
1423 2174 1501 2204 Jesu,
1514 2178 1545 2201 ut
1562 2181 1614 2201 nos
1628 2174 1655 2201 in

18 2224 115 2246 σωνται.
132 2226 147 2244 ιι
167 2215 204 2246 Ἦ
217 2216 336 2250 σύνταξις
359 2219 404 2246 τοῦ
429 2217 507 2256 λόγου
528 2217 619 2246 τοιάδε
634 2228 642 2235 ’
665 2217 735 2247 Οὐδὲ
759 2217 802 2246 διὰ
817 2218 841 2250 ι)
857 2230 886 2250 se

889 2221 1017 2249 rvitutem
1037 2219 1199 2254 redigerent.
1226 2229 1238 2241 κ
1264 2218 1438 2245 Constructio
1460 2218 1592 2245 orationis
1614 2222 1656 2246 est

18 2257 70 2291 τοὺς
90 2261 283 2298 παρεισάκτους
316 2261 509 2302 ψευδαδέλφους
548 2261 698 2301 ἠναγκάσθη
725 2262 804 2296 Τίτος

18 2307 218 2342 περιτμηθῆναι·
240 2305 380 2344 τουτέστι,
405 2307 502 2336 Καίτοι
525 2307 611 2335 αὐτῶν
627 2305 652 2324 ⁵9
666 2305 803 2346 παρόντοιν

19 2348 63 2375 τῶν
77 2349 282 2388 ἐναντιουμένων
307 2362 371 2388 μοι,
394 2351 469 2389 ὅμως
487 2353 511 2381 οἱ
532 2351 675 2381 ἀπόστολοι
696 2351 754 2381 οὐδὲ
769 2352 802 2380 δι’

20 2391 104 2436 αὖτοὺς
118 2395 274 2434 ἠνάγκασαν
296 2397 322 2426 Τ
325 2395 379 2425 ίτον
393 2397 598 2436 περιτμηθῆναι,
614 2396 679 2429 Πῶς
698 2395 726 2425 δὲ
740 2397 804 2436 ψευ-

19 2434 151 2481 δαδέλφους
173 2438 281 2474 τούτους
302 2440 380 2470 καλεῖ
401 2434 549 2481 περιτομὴν
579 2434 804 2480 εἰσηγουμένους,

20 2479 44 2526 εἴ,
60 2493 86 2519 γε
110 2483 155 2513 καὶ
178 2484 201 2513 οἱ
225 2484 369 2514 ἀπόστολοι
392 2479 490 2522 ταύτην
514 2485 653 2526 ἐδέχοντο;
680 2484 755 2515 Διότι
780 2485 805 2515 οἱ

21 2524 61 2559 μὲν
85 2528 226 2558 ἀπόστολοι
247 2530 503 2568 συγκαταϐαίνοντες
526 2531 580 2564 τοῖς
604 2532 634 2560 ἐκ
659 2532 805 2570 περιτομῆς

22 2571 193 2610 πιστεύουσιν,
207 2574 329 2614 ἐδέχοντο
347 2575 396 2611 τὴν
418 2575 564 2616 περιτομὴν
577 2600 583 2611 ,
608 2575 653 2604 ἅτε
670 2574 805 2608 Ἰουδαίοις

23 2615 184 2653 κηρύσσοντες
194 2630 201 2637 ·
224 2619 298 2648 αὐτοὶ
314 2619 340 2649 δὲ
354 2642 362 2656 ,
384 2622 419 2654 ὡς
435 2623 637 2660 νομοθετοῦντες
655 2620 703 2656 τὴν
726 2631 805 2660 περι-

22 2659 96 2698 τομὴν
124 2663 343 2703 προηγουμένως,
372 2665 418 2696 καὶ
442 2666 478 2700 ὡς
501 2665 665 2700 ἐκδικοῦντες
693 2664 738 2695 τὸν
753 2665 806 2704 νό-

51 2730 63 2748 ν
75 2727 87 2754 Ῑ
99 2727 162 2757 Cor.
181 2736 242 2765 vn,
259 2733 305 2759 4ο.

859 2263 1018 2301 hujusmodi
1047 2272 1054 2291 :
1079 2264 1175 2299 Neque
1195 2266 1308 2298 propter
1328 2262 1552 2290 subintrozluctos
1572 2262 1656 2290 falsos

858 2309 954 2338 fratres
961 2313 1071 2336 coactus
1079 2311 1120 2336 est
1128 2308 1208 2335 Titus
1218 2306 1375 2335 circumcidi
1386 2316 1394 2334 :
1406 2306 1458 2334 hoc
1472 2311 1513 2334 est
1520 2327 1528 2340 ,
1542 2307 1655 2335 Etiamsi

858 2354 984 2383 adessent
998 2353 1042 2390 qui
1056 2352 1265 2381 adversarentur
1279 2351 1363 2386 mihi,
1382 2351 1498 2387 apostoli
1512 2355 1602 2379 tamen
1620 2360 1655 2379 nc

859 2404 970 2436 propter
981 2406 1030 2426 eos
1043 2397 1158 2434 quidem
1173 2396 1322 2433 adegerunt
1337 2404 1389 2424 nos
1403 2396 1497 2424 Titum
1511 2397 1656 2425 circumci-

859 2444 932 2472 dere.
949 2441 1097 2477 Quomodo
1112 2446 1206 2469 autem
1221 2440 1305 2469 falsos
1324 2440 1422 2468 fratres
1441 2440 1508 2468 istos
1522 2441 1653 2476 appellat,

858 2488 904 2524 qui
929 2486 1167 2515 circumcisionem
1190 2485 1353 2519 suadebant,
1379 2485 1601 2521 quandoquidem
1628 2490 1656 2513 et

859 2532 972 2568 apostoli
989 2531 1060 2559 hanc
1074 2531 1260 2567 recipiebant?
1274 2531 1315 2558 Eo
1331 2529 1404 2566 quod
1417 2529 1532 2566 apostoli
1544 2530 1653 2566 quidem

860 2577 985 2606 cedentes
999 2577 1033 2604 iis
1047 2577 1092 2612 qui
1105 2584 1136 2604 ex
1148 2575 1356 2604 circumcisione
1366 2575 1524 2609 credebant,
1539 2575 1654 2602 circum-

859 2622 993 2651 cisionem
1005 2624 1178 2657 receperunt,
1190 2620 1292 2648 Judzeis
1307 2620 1438 2647 nimirum
1452 2619 1630 2655 praedicantes
1648 2627 1654 2644 :

860 2666 897 2695 illi
927 2674 1002 2702 vero,
1029 2670 1161 2702 tanquam
1196 2673 1229 2693 ex
1258 2664 1381 2701 professo
1415 2662 1652 2692 circumcisionem

713 2776 809 2807 Varia
829 2775 980 2805 lectiones.

54 2823 73 2842 "
83 2826 153 2858 τιθεὶς
171 2835 200 2858 0.
236 2828 259 2847 ⁸·
273 2828 340 2867 atra»
354 2836 384 2859 ο.

116 2874 231 2906 ΡΑι-ιιοῐ..
248 2876 303 2907 GI.
323 2877 434 2906 CXXIV.

1464 2875 1495 2902 3|
