1877 3081
28 161 45 187 3

40 232 54 251 α
74 221 148 261 Ἐμοὶ
169 221 220 262 γὰρ
241 223 265 251 οἱ
288 223 423 255 δοκοῦντες
444 221 518 252 οὐδὲν
545 221 779 262 προσανέθεντοξυ
798 223 826 255 Α

30 269 107 297 κεῖνοι
121 267 168 306 μὲν
181 291 189 304 ,
206 266 302 307 φησὶν,
317 262 367 297 οἶοι
381 266 414 296 ἂν
428 263 496 303 ἦσαν
507 291 515 303 ,
530 268 569 307 τῷ
582 268 645 307 Θεῷ
657 266 777 305 μελήσει·

28 314 70 341 iro
88 312 113 341 δὲ
133 307 209 348 οἶδα,
234 312 274 341 ὅτι
303 311 361 350 ἐμοὶ
389 311 436 350 μὲν
463 312 537 341 οὐδὲν
559 311 760 349 ἠναντιώθησαν
774 335 782 349 ,

28 356 52 386 δὲ
73 356 230 396 προσέθηκαν
253 368 279 386 τι
297 358 335 396 τῷ
353 356 505 396 κηρύγματί
528 367 600 396 μου,
622 356 639 392 ἢ
665 356 782 397 διωρθώ-

28 413 86 432 ηντο.

39 457 54 476 σ
68 445 146 476 Ἀλλὰ
166 446 338 482 τούναντίον,
362 445 460 479 ἰδόντες
481 445 522 476 ὅτι
547 445 727 484 πεπίστευμαι
753 445 783 475 τὸ

28 491 153 531 ἱαγγέλιον
178 492 227 527 τῆς
261 489 454 531 ἀκροϐυστίας,
485 490 572 524 καθὼς
606 491 709 531 Πέτρος
737 493 785 527 τῆς

31 538 136 576 ριτομῆς
151 535 182 576 (ὁ
195 535 247 575 γὰρ
269 535 411 575 ἐνεργήσας
437 535 532 576 Πέτρῳ
546 536 582 569 εἰς
600 535 647 572 τὴν
663 537 785 565 ἀποστο-

32 593 44 609 ν
59 583 104 617 τῆς
117 582 275 620 περιτομῆς,
296 579 423 621 ἐνήργησε
446 580 491 610 καὶ
517 580 575 619 ἐμοὶ
597 581 633 614 εἰς
647 580 680 609 τὰ
693 580 784 621 ἔθνη),

28 625 42 654 ,ὶ
57 625 157 665 γνόντες
179 625 227 661 τὴν
247 625 326 665 χάριν
345 628 390 654 τοῦ
413 626 486 656 Θεοῦ
503 624 552 661 τὴν
577 625 696 655 δοθεῖσάν
721 636 784 664 μοι,

28 670 138 707 έχωϐος,
163 670 208 700 καὶ
234 671 346 710 Κηφᾶς,
363 669 409 699 καὶ
435 669 576 707 Ἰωάννης,
603 671 627 700 οἱ
651 671 786 704 δοκοῦντες

30 714 88 744 ύλοι
102 710 185 752 εἶναι,
203 714 286 749 δεξιὰς
310 714 413 744 ἔδωκαν
428 715 487 753 ἐμοὶ
512 715 558 744 καὶ
582 714 710 756 Βαρνάϐα
727 727 787 745 κοι-

28 760 106 796 ινίας,
120 757 162 788 ἵνα
175 762 254 798 ἡμεῖς
267 760 304 793 εἰς
317 759 350 789 τὰ
366 759 438 795 ἔθνη,
454 759 528 789 αὐτοὶ
543 759 569 789 δὲ
579 783 588 797 ,
600 761 636 792 εἷς
650 759 697 795 τὴν
712 771 786 800 περι-

28 804 124 843 μήν.»
147 804 225 838 Τινὲς
248 804 330 838 οὕτως
353 803 521 844 ἡρμήνευσαν
538 816 546 823 ·
571 805 612 835 Οὔ
638 804 715 844 μόνον
740 806 787 834 οὖ-

28 862 40 878 ν
55 848 238 889 διωρθώσαντο
256 849 290 878 τὰ
304 847 371 887 ἐμὰ,
387 848 456 878 ἀλλὰ
470 849 635 886 τούναντίον,
651 850 695 879 καὶ
710 850 788 889 διωρ-

28 897 127 930 νθησαν.
151 894 210 924 Οὐκ
234 893 334 923 ἔστιδὲ
359 895 445 922 τοῦτο·
473 893 509 924 Τί
533 894 585 934 γὰρ
606 894 653 924 καὶ
676 893 787 932 ἔμελλον
801 904 828 938 Β

28 939 72 968 ιτοὶ
98 941 161 979 παρ’
197 939 277 968 αὐτοῦ
308 939 496 977 διορθωθῆναι;
531 938 577 967 καὶ
601 938 652 978 γὰρ
681 938 790 972 ἕκαστος

28 984 84 1012 κτῶ-ν
127 983 322 1024 ἄπηρτισμένος
368 983 410 1019 ἦν.
467 984 554 1013 Τοῦτο
598 985 660 1022 γοῦν
697 984 790 1023 λέγει·

53 1027 131 1057 Ἀλλὰ
172 1028 321 1058 τούναντίον
352 1039 359 1046 ·
395 1027 481 1062 δεξιὰς
510 1027 612 1057 ἔδωκαν
643 1027 702 1067 ἐμοὶ
731 1040 790 1058 κοι-

28 1072 94 1105 ›νίας
107 1084 114 1091 ·
128 1083 142 1101 n
163 1067 220 1102 εἶτα
235 1073 321 1102 τᾶλλα
345 1071 388 1101 διὰ
411 1074 493 1112 μέσου
509 1084 517 1092 ·
541 1071 650 1106 Ἰδόντες
675 1073 715 1102 ὅτι
739 1085 790 1102 πε-

28 1118 143 1155 ’σεηυμαι
155 1117 186 1147 τὸ
201 1117 363 1157 Εὗαγγέλιον
377 1118 424 1153 τῆς
448 1117 641 1157 ἀκροϐυστίας,
659 1129 674 1146 ι
698 1117 744 1147 καὶ
758 1117 792 1147 τὰ

28 1164 67 1197 ῆς.
90 1163 222 1192 Τοσοῦτον
247 1162 297 1202 γάρ
319 1173 353 1199 με
377 1162 407 1191 οὐ
432 1162 633 1203 διωρθώσαντο,
655 1161 723 1192 ὥστε
747 1162 792 1192 καὶ

28 1207 147 1246 ςῄνεσαν,
162 1206 208 1236 καὶ
231 1206 435 1246 συνεφώνησαν,
450 1205 494 1236 ἵνα
518 1206 570 1246 ἐγὼ
591 1205 639 1244 μὲν
658 1207 704 1237 καὶ
720 1208 792 1248 Βαρ-

31 1251 81 1284 ϐας
102 1253 138 1285 εἰς
151 1250 200 1287 τὴν
224 1251 404 1291 ἀκροϐυστίαν
417 1273 424 1288 ,
442 1250 499 1287 ἤτοι
523 1253 557 1285 εἷς
572 1251 605 1280 τὰ
620 1251 681 1288 ἔθνη
692 1275 700 1290 ,
717 1251 792 1281 αὐτοὶ

39 1297 76 1329 εἷς
90 1296 137 1332 τὴν
160 1296 321 1336 περιτομὴν,
346 1296 479 1333 τουτέστι,
504 1296 562 1330 τοὺς
577 1296 721 1330 Ἰουδαίους
745 1298 792 1326 εὖ-

28 1341 198 1378 νγελίζωνται.
227 1340 364 1380 Περι-τομὴ
383 1341 446 1381 γὰρ,
471 1341 518 1370 καὶ
540 1340 703 1381 ἀκροϐυστία
716 1364 724 1378 ,
745 1343 793 1371 οὐχ

30 1385 65 1414 τὰ
91 1385 124 1414 τὰ
147 1384 294 1425 πράγματα
313 1385 403 1425 λέγει,
432 1385 500 1415 ἀλλὰ
528 1385 588 1420 τοὺς
615 1385 801 1426 ἀκροϐύστους,

28 1430 44 1458 εὶ
67 1429 128 1463 τοὺς
151 1430 403 1470 περιτετμημένους.
449 1430 581 1461 Ἐνταῦθα
604 1430 631 1460 δὲ
663 1431 794 1461 δείκνυσιν

30 1475 93 1505 υτὸν
115 1474 234 1512 ἰσότιμον
254 1476 292 1514 τῷ
308 1476 413 1515 Πέτρῳ.
431 1475 465 1506 Ὁ
485 1475 536 1515 γὰρ
560 1475 618 1509 δοὺς
634 1476 725 1516 ἐκείνῳ
746 1475 794 1512 τὴν

28 1518 108 1553 ;τοὺς
129 1518 271 1558 Ἐϐραίους
293 1520 423 1559 ἐνέργειαν
448 1523 493 1549 τοῦ
518 1520 702 1559 Εὐαγγελίου,
726 1520 794 1549 ἔδω-

44 1563 127 1602 κάμοὶ
142 1554 242 1600 ταίῖτην
261 1567 297 1598 εις
319 1554 444 1601 ταέθνη.
462 1564 537 1605 Ὅρα
627 1567 684 1599 πῶς
694 1554 794 1600 ’ἔδειξεν
812 1554 836 1586 C

30 1620 39 1637 ι
54 1609 84 1638 οὗ
111 1608 190 1647 μόνον
206 1613 259 1643 τοῖς
284 1609 441 1642 ἀποστόλοις
462 1609 542 1649 ἤρεσε
557 1610 587 1640 τὸ
600 1611 725 1650 κήρυγμα
744 1611 794 1640 αὖ-

28 1656 60 1690 ῢ,
77 1653 149 1683 ἀλλὰ
163 1654 209 1683 καὶ
223 1655 261 1693 τῷ
277 1654 340 1694 Θεῷ
353 1657 431 1684 τοῦτο
450 1655 546 1685 ἐδόκει.
561 1656 597 1685 Oi
611 1655 663 1695 γὰρ
677 1655 797 1685 ἀπόστο-

31 1710 39 1726 ι
58 1712 71 1723 αι
86 1697 213 1738 ζγνόντες,
233 1699 341 1739 «φησὶ,
359 1712 372 1725 α
389 1699 437 1735 τὴν
455 1701 534 1740 χάριν
551 1702 596 1729 τοῦ
609 1701 691 1731 Θεοῦ.
706 1713 721 1728 »
738 1702 797 1730 Οὖκ

28 1754 72 1772 κεν
80 1765 90 1780 ,
108 1742 279 1778 Ἀκούσαντες
290 1767 297 1781 ,
311 1743 371 1773 ἀλλ’
387 1743 433 1778 Ἐξ
455 1745 541 1774 αὐτῶν
561 1746 613 1774 τῶν
630 1745 797 1785 πραγμάτων

30 1787 150 1826 γνόντες.
164 1797 180 1816 ι)
200 1789 262 1821 Πῶς
277 1788 330 1829 γὰρ
346 1789 377 1818 ἂν
396 1789 478 1818 ἔδωκέ
491 1801 535 1828 μοι
548 1789 595 1825 τὴν
608 1790 687 1830 χάριν
698 1813 706 1829 ,
723 1790 745 1819 εἰ
760 1791 797 1828 μὴ

28 1833 111 1862 νεστὸν
127 1833 200 1872 αὐτῷ
212 1833 242 1864 τὸ
251 1836 369 1863 τοιοῦτον
381 1833 506 1874 κήρυγμα
522 1830 573 1871 ἧνς
590 1835 678 1864 Πάλιν
695 1834 721 1863 δὲ
738 1835 799 1873 μετ’

28 1876 141 1915 κωμέων
172 1879 226 1907 τῶν
247 1880 326 1918 τριῶν
350 1879 478 1917 ἐμνήσθη.
517 1879 553 1909 Οἱ
585 1878 636 1920 γὰρ
663 1880 800 1913 δοκοῦντες

28 1922 107 1958 ύλοι,
125 1922 280 1959 τουτέστιν,
298 1924 321 1952 οἳ
336 1923 465 1963 μεγάλοι,
481 1922 524 1957 οὒς
541 1923 635 1958 πάντες
659 1927 800 1964 πανταχοῦ

28 1966 176 2007 εριφέρουσι
200 1968 245 1996 καὶ
272 1967 440 2007 δοξάζουσιν,
464 1963 535 1997 οὗτοι
560 1969 722 2009 μαρτυροῦσί
739 1981 799 2007 μοι,

30 2024 38 2040 ι
56 2011 105 2040 καὶ
119 2013 158 2052 τῷ
172 2012 283 2053 Χριστῷ
294 2013 324 2042 τὸ
339 2012 466 2053 χήρυγμοί
487 2025 536 2051 μου
558 2014 675 2054 ἀρέσκει.
695 2014 744 2044 Διὸ
756 2015 800 2044 καὶ

31 2055 122 2090 δεξιὰς
142 2056 243 2086 ἔδωκαν
256 2080 264 2095 ,
280 2069 295 2085 »
311 2058 449 2094 τουτέστι,
466 2058 670 2098 Συνεφώνησαν,
685 2059 729 2088 καὶ
743 2071 802 2089 χοι-

28 2101 98 2135 ινοὺς
123 2103 196 2139 ἡμᾶς
220 2101 396 2138 ἐποιήσαντο,
421 2102 466 2132 καὶ
482 2102 580 2136 ἔδειξαν
605 2102 646 2132 ὅτι
672 2104 802 2144 ἀρέσιιον-

33 2157 42 2174 ι
56 2147 98 2185 τῷ
118 2145 274 2186 κηρύγματι
288 2158 356 2185 μου,
371 2149 406 2181 ὡς
421 2146 502 2187 μηδὲν
518 2147 669 2189 διαφέροντι
687 2151 733 2178 τοῦ
754 2148 801 2178 λό-

29 2203 46 2220 υ
59 2202 165 2220 αυτων.

388 996 410 1012 ν.

44 2287 60 2306 α
77 2275 168 2306 Μόνον
182 2277 235 2306 τῶν
258 2269 373 2317 πτωχῶν
395 2276 438 2306 ἵνα
464 2278 672 2318 μνημονεύωμεν
695 2290 702 2298 ·
725 2279 739 2309 ὃ
758 2281 804 2309 καὶ

28 2320 161 2350 πούδασα
186 2321 250 2350 αὐτὸ
273 2326 350 2352 τοῦτο
373 2325 495 2359 ποιῆσαι.
515 2338 527 2349 ιι
541 2323 579 2354 Τὸ
599 2324 647 2362 μὲν
664 2324 803 2365 κήρυγμα,

28 2366 66 2402 πὶ
76 2389 84 2403 ,
97 2366 250 2405 διειλόμεθα
261 2389 270 2404 ,
293 2367 353 2401 τοὺς
368 2367 396 2397 δὲ
415 2369 539 2409 πτωχοὺς
559 2369 716 2409 ἄμερίστους
732 2369 803 2410 εἴχο-

28 2422 62 2441 tv.
81 2411 141 2441 Καὶ
156 2411 208 2450 γὰρ
225 2412 251 2441 ἐν
266 2410 460 2452 Ἱεροσολύμοις
484 2413 579 2444 πολλοὶ
600 2410 668 2451 ἦσαν
686 2417 739 2444 τῶν
760 2427 804 2445 πι-

28 2455 173 2486 ·ευσάντων
190 2456 377 2497 διαρπαγέντες
397 2458 430 2487 τὰ
453 2459 586 2498 προσόντα
609 2460 659 2490 ὑπὸ
673 2462 724 2489 τῶν
742 2460 805 2489 ἀπί-

28 2512 74 2530 ῖων
93 2499 249 2546 Ἰουδαίων,
266 2503 312 2531 καὶ
328 2505 374 2538 τῆς
398 2503 546 2542 ἀναγκαίας
567 2506 726 2544 ἀποροῦντες
741 2517 806 2546 τρο-

28 2547 64 2580 ῆς.
82 2546 150 2586 Οὖχ
167 2545 238 2576 οὕτω
257 2547 309 2588 γὰρ
334 2548 358 2577 οἳ
379 2546 514 2585 Ἕλληνες
538 2549 683 2588 ἐπολέμουν
710 2545 763 2584 τοῖς
779 2551 804 2586 ἐξ

28 2591 94 2619 tu?"
106 2595 228 2630 πιστοῖς,
243 2591 304 2622 ὅσον
323 2591 448 2623 Ἰουδαῖοι
464 2597 518 2627 τοῖς
534 2593 561 2628 ἐξ
579 2593 718 2635 Ἑϐραίων
736 2596 805 2637 Χρι-

28 2636 133 2669 τιανοῖς.
158 2637 207 2666 Διὸ
225 2637 327 2674 πολλὴν
352 2639 460 2671 Παῦλος
479 2638 594 2668 ποιεῖται
620 2640 736 2676 σπουδὴν
761 2643 808 2677 τῆς

29 2692 44 2725 ς
57 2680 158 2714 αὐτοὺς
182 2682 348 2721 ἐπιμελείας,
375 2684 410 2716 ὡς
436 2683 481 2712 καὶ
505 2684 583 2719 αὐτὸς
608 2686 748 2725 ὁμολογεῖ,
766 2686 807 2716 ὅτι

38 2724 221 2756 Ἐσπούδασα
236 2727 301 2757 αὐτὸ
320 2728 398 2757 τοῦτό
419 2730 539 2765 ποιῆσαι.
558 2740 572 2758 ι)
595 2730 649 2760 Καὶ
671 2729 723 2770 γὰρ
738 2724 809 2761 iniv-

28 2772 83 2799 te"
100 2770 157 2800 ἀπὸ
181 2773 235 2801 τῶν
251 2773 471 2812 μαθητευομένων
495 2774 633 2814 συνάγων,
658 2776 807 2816 διεκόμιζεν

28 2814 90 2849 ὗτὸς
105 2816 212 2850 αὖτοῗς.

414 158 589 187 EXPOSITIO
608 158 640 186 IN
661 158 770 187 EPIST.
792 157 838 187 AD
864 158 984 187 GALAT.
1000 174 1033 179 —
1053 159 1127 187 CAP.
1149 161 1178 187 ll.

1581 161 1633 189 974

877 233 890 246 α
914 221 981 250 Mihi
996 221 1070 249 enim
1085 221 1130 258 qui
1149 221 1310 250 videbantur
1334 229 1393 250 esse
1411 223 1524 260 aliquid,
1546 223 1630 260 335

835 266 904 295 nihil
919 266 1101 295 contulerunt.
1121 277 1134 291 ι
1154 266 1208 301 llli,
1223 266 1321 303 inquit,
1335 268 1428 303 quales
1440 267 1550 302 fuerint,
1573 270 1633 296 Deo

836 319 909 340 cura:
920 311 970 340 erit
986 320 992 339 :
1006 311 1060 339 hoc
1069 315 1160 339 autem
1172 311 1245 345 novi,
1271 311 1346 348 quod
1363 311 1433 340 mihi
1452 311 1518 340 nihil
1533 311 1632 340 adver—

837 357 887 385 sati
908 356 974 391 sint,
991 364 1081 392 neque
1098 356 1248 392 quidquam
1266 355 1431 385 addiderunt
1445 356 1634 393 prmdicationi

838 409 919 436 mea,
934 409 1023 438 neque
1041 401 1220 429 correxerint.

875 447 963 475 Vsns.
977 448 1037 474 7-9.
1053 458 1066 471 ιι
1078 445 1131 474 Sed
1141 451 1248 480 contra,
1258 453 1321 475 eum
1333 445 1464 474 vidissent
1478 446 1552 483 quod
1565 446 1634 475 mihi

839 491 875 519 sit
896 490 1083 519 concreditum
1105 490 1283 527 Evangelium
1305 491 1444 527 praeputii,
1465 491 1536 519 sicut
1555 493 1634 519 Petro

840 535 1054 564 circumcisionis
1079 536 1133 571 (qui
1155 536 1226 564 enim
1245 540 1374 572 operatus
1401 540 1443 564 est
1465 538 1547 564 Petro
1567 544 1635 572 apo-

841 581 971 609 stolatum
985 580 1210 613 circumcisionis,
1226 585 1354 617 operatus
1368 585 1409 609 est
1420 581 1501 609 etiam
1521 581 1588 609 mihi
1603 581 1637 610 ad

841 627 962 662 gentes);
973 629 1000 654 et
1014 634 1078 654 cum
1091 626 1284 660 cognovissent
1293 626 1414 662 gratiam
1431 626 1479 654 Dei
1494 634 1556 663 qua:
1572 626 1636 655 data

841 674 914 699 esset
930 671 1011 705 mihi,
1032 671 1161 705 Jacobus,
1183 671 1289 707 Cephas
1310 675 1337 700 et
1359 672 1476 699 Joannes
1495 671 1539 707 qui
1561 671 1639 700 vide-

841 715 942 744 bantur
964 715 1101 744 columna:
1129 723 1205 750 esse,
1230 715 1340 744 dextras
1360 716 1495 744 dederunt
1518 716 1585 744 mihi
1611 720 1639 744 et

842 760 974 789 Barnabaa
992 760 1143 796 societatis,
1166 765 1197 788 ut
1215 769 1265 788 nos
1286 761 1313 788 in
1334 765 1443 797 gentes,
1466 761 1518 797 ipsi
1533 769 1596 790 vero
1612 761 1639 789 in

842 806 1090 834 circumcisionem.
1123 817 1135 830 η
1161 805 1292 834 Nonnulli
1319 806 1359 833 sic
1378 805 1549 841 interpretati
1575 809 1640 834 sunt

843 850 916 879 hunc
931 850 1021 879 locum
1038 860 1044 878 :
1059 852 1122 879 Non
1136 851 1225 879 solum
1237 858 1293 878 non
1304 854 1485 878 correxerunt
1498 858 1576 885 mea,
1591 850 1640 878 sed

844 899 938 924 contra
951 896 1042 932 potius
1060 896 1176 923 correcti
1195 899 1269 923 sunt.
1282 896 1386 923 Verum
1409 895 1437 923 id
1453 895 1489 923 ita
1510 903 1570 923 esse
1583 903 1641 923 non

845 944 941 976 potest.
959 941 991 968 In
1006 948 1060 976 quo
1080 940 1154 968 enim
1179 940 1223 968 isti
1248 939 1280 968 ab
1304 947 1337 968 eo
1361 939 1526 968 emendandi
1545 941 1641 968 erant?

844 993 911 1013 nam
925 985 1039 1021 quilibet
1053 993 1150 1013 eorum
1162 989 1372 1013 consummatus
1391 988 1457 1012 erat.
1478 985 1540 1012 Hoc
1561 985 1642 1021 igitur

845 1030 933 1058 dicit:
956 1042 969 1054 ι
996 1029 1049 1058 Sed
1068 1034 1180 1064 contra,
1206 1029 1315 1058 dextras
1339 1029 1476 1057 dederunt
1498 1029 1569 1058 mihi
1595 1037 1643 1057 so-

845 1074 954 1103 cietatis
972 1083 978 1102 :
1002 1083 1018 1102 ν
1043 1074 1144 1103 deinde
1163 1082 1225 1110 quae
1243 1074 1412 1111 interjacent,
1437 1086 1449 1099 ι
1465 1075 1535 1103 Cum
1553 1073 1642 1102 vidis-

846 1123 907 1148 sent
919 1119 992 1156 quod
1004 1119 1073 1147 mihi
1085 1119 1218 1148 creditum
1231 1120 1267 1147 sit
1282 1119 1463 1155 Evangelium
1475 1119 1613 1155 praeputii,
1628 1130 1641 1143 ι

846 1168 874 1192 et
893 1172 955 1201 quae
978 1168 1141 1200 sequuntur.
1165 1164 1285 1192 Tantum
1309 1164 1382 1192 enim
1396 1163 1485 1192 abfuit
1502 1163 1578 1199 quod
1599 1171 1643 1191 me

845 1217 903 1237 non
927 1213 1120 1243 correxerunt,
1155 1213 1185 1236 ut
1210 1213 1238 1237 et
1268 1209 1454 1242 laudaverint,
1491 1216 1640 1237 consense-

846 1254 965 1290 rintque,
979 1258 1010 1282 ut
1023 1262 1073 1290 ego
1086 1258 1114 1282 et
1126 1253 1269 1282 Barnabas
1287 1253 1320 1282 ad
1339 1254 1521 1290 praeputium,
1538 1253 1595 1282 sive
1610 1253 1644 1282 ad

847 1302 953 1334 gentes,
970 1299 1019 1334 ipsi
1039 1307 1102 1327 vero
1126 1298 1162 1327 ad
1176 1298 1428 1333 circumcisionem,
1446 1298 1474 1326 id
1500 1301 1553 1333 est,
1569 1297 1642 1334 apud

847 1343 958 1371 Judaeos
979 1343 1157 1379 Evangelium
1182 1343 1386 1371 annuntiarent.
1419 1344 1470 1371 Per
1499 1343 1646 1372 circumci-

847 1388 952 1416 sionem
972 1388 1044 1416 enim
1067 1391 1097 1416 et
1129 1388 1296 1424 praeputium
1328 1396 1384 1416 non
1411 1388 1483 1424 ipsas
1508 1396 1563 1424 res,
1598 1389 1647 1418 sed

848 1433 1024 1469 praeputiatos
1046 1437 1073 1461 et
1100 1433 1277 1461 circumcisus
1309 1432 1444 1467 intelligit.
1474 1433 1527 1461 Hic
1553 1437 1646 1461 autem

848 1477 1020 1506 demonstrat
1049 1485 1078 1505 se
1100 1476 1223 1513 ejusdem
1244 1485 1302 1505 esse
1321 1485 1386 1505 cum
1404 1477 1486 1505 Petro
1519 1477 1598 1513 pretii
1622 1481 1649 1505 et

850 1521 975 1550 honoris.
989 1522 1042 1557 Qui
1056 1523 1130 1550 enim
1142 1522 1165 1550 ei
1180 1522 1255 1550 dedit
1275 1521 1412 1558 Evangelii
1425 1521 1498 1558 apud
1513 1522 1648 1550 Hebraeos

851 1566 1010 1601 efﬁcaciam,
1025 1566 1100 1595 dedit
1120 1570 1148 1594 et
1169 1566 1235 1594 mihi
1248 1566 1319 1594 hanc
1339 1566 1375 1594 ad
1394 1571 1499 1602 gentes.
1525 1567 1648 1595 Observa

850 1616 944 1640 autem
968 1611 1107 1648 quomodo
1134 1611 1272 1646 indicarit,
1296 1611 1370 1648 quod
1389 1611 1493 1640 nedum
1519 1611 1650 1647 apostolis

851 1657 1005 1693 praedicatio
1015 1665 1063 1685 sua
1073 1656 1216 1692 placuerit,
1227 1664 1322 1684 verum
1332 1656 1386 1692 ipsi
1400 1656 1481 1684 etiam
1497 1657 1555 1684 Deo
1569 1656 1651 1684 fuerit

853 1702 974 1738 probata.
993 1714 1006 1726 ιι
1028 1703 1098 1730 Cum
1122 1713 1135 1726 υ
1161 1701 1252 1736 enim,
1268 1701 1370 1737 inquit,
1398 1713 1411 1725 τι
1435 1701 1611 1738 agnovissent
1636 1713 1648 1725 ιι

852 1746 969 1782 apostoli
986 1758 999 1770 ι
1023 1746 1141 1782 gratiam
1164 1746 1224 1774 Dei.
1249 1755 1263 1771 »
1285 1747 1345 1773 Non
1364 1745 1440 1778 dicit,
1464 1745 1650 1780 Audivissent,

853 1799 958 1824 verum,
975 1791 1045 1818 Cum
1063 1798 1096 1818 ex
1117 1790 1182 1826 ipsis
1202 1790 1283 1818 rebus
1299 1802 1311 1814 ει
1334 1790 1533 1826 cognovissent.
1558 1800 1571 1816 n
1595 1790 1650 1826 Qui

853 1835 929 1864 enim
949 1835 1067 1872 gratiam
1091 1835 1160 1862 mihi
1181 1834 1309 1868 dedisset,
1336 1835 1388 1862 nisi
1416 1834 1575 1870 prmdicatio
1601 1835 1651 1862 ista

853 1880 923 1908 bene
935 1879 959 1907 ei
972 1878 1197 1915 complacuisset?
1211 1880 1318 1908 Rursus
1327 1882 1422 1906 autem
1435 1886 1492 1907 non
1501 1879 1561 1907 sine
1571 1887 1651 1907 enco-

854 1925 912 1952 mio
934 1923 1019 1952 trium
1039 1924 1151 1952 illorum
1175 1923 1312 1952 meminit.
1337 1923 1389 1958 Qui
1415 1923 1489 1951 enim
1514 1924 1651 1952 columna:

856 1971 1029 2007 videbantur,
1054 1971 1107 1999 hoc
1132 1975 1183 2005 est,
1199 1971 1304 2007 magni,
1327 1978 1398 2007 quos
1424 1978 1523 1999 omnes
1549 1971 1651 2007 ubique

855 2016 1052 2045 circumierunt
1075 2020 1103 2044 et
1130 2015 1280 2050 celebrant,
1308 2015 1335 2044 hi
1364 2014 1434 2043 mihi
1461 2015 1653 2044 testimonium

855 2062 962 2097 dicunt,
985 2061 1058 2097 quod
1076 2061 1236 2097 praedicatio
1250 2068 1312 2089 mea
1331 2060 1443 2089 Christo
1458 2060 1560 2096 placet.
1586 2061 1653 2089 Pro-

858 2110 950 2143 pterea
966 2117 980 2132 α
995 2106 1106 2135 dextras
1120 2106 1266 2140 dederunt,
1280 2119 1292 2131 ιι
1306 2105 1360 2134 hoc
1371 2110 1424 2141 est,
1436 2107 1652 2140 Consenserunt,

857 2155 886 2180 et
907 2155 1049 2179 consortes
1072 2159 1124 2179 nos
1153 2150 1284 2185 fecerunt,
1315 2150 1549 2186 ostenderuntque
1575 2152 1652 2187 quod

859 2203 951 2225 meam
964 2196 1149 2232 approbarent
1158 2195 1392 2232 praedicationem,
1403 2195 1503 2232 quippe
1514 2203 1575 2232 quae
1583 2196 1653 2224 nihil

820 2230 847 2263 D
860 2241 1007 2270 dissideret
1015 2249 1030 2269 a
1040 2248 1169 2269 sermone
1181 2241 1316 2277 ipsorum.

894 2288 982 2315 Vnus.
1000 2289 1040 2314 10.
1059 2295 1072 2312 «
1087 2287 1210 2314 Tantum
1226 2290 1256 2314 ut
1270 2293 1421 2322 pauperum
1435 2293 1573 2314 memores
1587 2293 1657 2314 esse-

859 2340 931 2366 mus,
946 2331 1019 2368 quod
1035 2331 1118 2359 etiam
1133 2331 1263 2359 sollicitus
1278 2330 1315 2359 fui
1332 2331 1384 2359 hoc
1405 2331 1496 2367 ipsum
1517 2330 1616 2359 facere.
1642 2343 1655 2356 ιι

858 2376 1095 2410 Ριωᾱὶειιῑίοῐιθω,
1103 2376 1203 2412 inquit,
1212 2375 1415 2410 dividebamus,
1425 2384 1558 2412 pauperes
1564 2381 1658 2404 autem

858 2421 991 2450 indivisos
1005 2420 1183 2449 habebamus.
1199 2420 1399 2456 Hierosolymis
1413 2421 1488 2449 enim
1504 2429 1560 2448 non
1575 2421 1658 2456 pauci

859 2465 1028 2494 credentium
1047 2465 1161 2494 fuerunt
1187 2465 1364 2493 facultatibus
1387 2465 1444 2493 suis
1469 2465 1582 2501 spoliati
1612 2472 1660 2501 per

861 2510 1017 2538 incredulos
1031 2509 1152 2545 Iudaeos,
1177 2510 1224 2546 qui
1246 2510 1401 2538 necessario
1423 2510 1506 2538 etiam
1528 2510 1661 2538 alimento

860 2555 1088 2583 destituebantur.
1109 2556 1169 2582 Non
1192 2554 1266 2582 enim
1288 2553 1358 2582 adeo
1383 2553 1474 2583 Graaci
1493 2553 1663 2581 dimicabant

864 2600 1008 2628 adversum
1027 2607 1077 2628 eos
1097 2599 1143 2635 qui
1166 2607 1198 2627 ex
1213 2607 1242 2627 se
1259 2599 1446 2632 crediderant,
1461 2602 1596 2634 quantum
1610 2598 1663 2625 Ju-

864 2644 916 2673 daei
931 2645 1016 2681 336
1031 2644 1155 2673 Hebraeis
1166 2643 1324 2673 Christianis
1339 2643 1541 2680 repugnabant.
1557 2643 1662 2677 Quam-

865 2690 960 2718 obrem
968 2689 1068 2718 Paulus
1076 2697 1205 2725 magnam
1214 2689 1340 2725 ipsorum
1347 2695 1442 2716 curam
1455 2687 1538 2723 gerit,
1552 2686 1664 2723 perinde

865 2743 898 2763 ac
906 2738 1022 2763 testatur
1028 2734 1095 2770 ipse,
1103 2743 1118 2760 «
1125 2734 1222 2762 Studui
1231 2733 1284 2762 hoc
1291 2733 1392 2770 ipsum,
1402 2731 1538 2768 inquiens,
1544 2731 1641 2760 facere.
1651 2741 1664 2754 ι»

852 2779 976 2808 'Etenim
990 2779 1110 2815 undique
1128 2787 1143 2806 a
1159 2779 1283 2807 ﬁdelibus
1300 2785 1370 2814 quos
1393 2777 1564 2812 instituerat,
1588 2775 1667 2804 colli~

868 2832 948 2862 gens,
961 2824 1023 2861 ipse
1035 2832 1083 2860 per
1096 2832 1157 2853 sese
1170 2824 1211 2853 eis
1224 2822 1374 2854 afferebat.
