1877 3081
213 172 263 199 U75

210 277 313 311 chiam,
338 278 366 305 in
381 276 479 306 faciem
503 277 527 305 ei
547 277 644 305 restiti.
674 290 687 303 ι
710 278 838 315 Plerique
852 279 1009 307 existimant

210 323 322 351 Petrum
338 321 384 350 hic
398 329 416 350 θ.
430 322 515 350 Paulo
531 322 685 350 insimulari
700 323 886 359 hypocriseos,
900 329 929 352 at
945 332 1007 352 vero

210 375 266 395 non
290 367 330 395 sic
357 374 388 395 se
411 374 456 395 res
481 366 572 394 habet.
598 367 778 404 Quaecunque
803 369 878 396 enim
902 368 1009 397 videtur

209 411 299 440 dicere
324 411 455 439 adversus
473 413 595 444 Petrum,
617 420 664 447 per
685 412 920 448 diSpensationem
946 418 1007 441 acta

210 460 274 484 sunt
288 464 322 484 ac
346 456 427 484 dicta.
447 457 544 484 Petrus
572 464 691 492 namque
718 465 782 485 cum
808 458 1009 494 Hierosolymis

210 505 293 536 esset,
331 500 509 537 permittebat
535 501 791 536 circumcisionem;
827 502 902 531 haud
936 503 1009 531 enim

211 552 321 583 poterat
333 547 426 576 subito
440 547 501 576 illos
522 556 537 576 a
553 547 611 584 lege
632 549 758 577 avellere.
781 550 884 577 Verum
909 550 1008 579 Antio-

210 595 301 622 chiam
338 593 488 630 profectus,
524 595 738 623 convescebatur
772 596 909 631 gentibus.
939 597 1009 624 Cum

211 639 352 668 venissent
365 643 458 667 autem
471 639 649 668 Antiochiam
664 641 882 677 Hierosolymitm
895 641 1010 677 aliquot,

211 684 382 713 subducebat
405 691 466 712 sese
483 692 498 712 a
520 685 659 721 gentibus,
685 693 719 713 ne
739 686 1009 722 Hierosolymitanos

211 728 374 762 offenderet,
399 735 431 756 ac
445 728 525 756 simul
547 732 579 756 ut
600 728 677 757 daret
693 730 777 757 Paulo
799 729 1010 758 convenientem

211 772 404 809 increpationis
427 773 608 801 occasionem.
624 774 771 810 Propterea
795 779 823 802 et
837 775 938 802 Paulus
960 775 1010 802 ob<

209 818 312 854 jurgat,
327 821 410 854 atque
425 819 522 846 Petrus
545 817 668 846 sustinet.
690 819 734 846 Sic
756 819 828 846 enim
845 818 951 847 facilius
963 819 1007 847 di-

212 863 307 898 scipuli
322 862 461 890 transferri
475 863 510 890 ab
520 870 553 891 eo
567 862 693 891 instituto
707 867 867 899 potuerunt,
883 867 1009 892 accusata
1022 882 1048 915 Β

214 911 390 943 ρτεεοθρῐοτο,
405 911 434 936 et
447 907 554 935 silente.
575 908 608 935 In
624 907 721 936 faciem
737 908 852 943 proinde
867 909 1010 943 resistere,

213 956 363 988 przetcxtus
383 955 464 980 erat:
484 959 547 979 nam
569 951 591 980 si
613 960 702 988 pugna
726 961 817 981 revera
838 952 940 987 fuisset,
955 961 1011 981 non

212 1004 309 1024 coram
317 996 454 1032 discipulis
463 1004 492 1024 se
504 1000 602 1024 mutuo
613 996 822 1033 increpuissent,
834 997 1011 1025 vehementer

213 1041 285 1070 enim
297 1049 344 1069 eos
356 1040 546 1069 offendissent.
561 1041 623 1069 Jam
637 1049 701 1069 vero
716 1041 744 1069 in
757 1042 867 1078 publico
881 1042 1010 1070 simulata

214 1096 317 1124 pugna,
345 1087 476 1116 correctio
502 1087 700 1124 discipulorum
728 1092 797 1117 erat.
817 1089 912 1125 Neque
937 1089 1009 1118 enim

213 1133 363 1169 quidquam
385 1133 482 1160 Petrus
507 1133 670 1161 contradicit
692 1143 699 1162 :
728 1133 801 1162 unde
823 1133 933 1169 planum
958 1138 1008 1167 est,

213 1177 286 1214 quod
299 1177 501 1213 oppositionem
516 1177 592 1205 Pauli
606 1185 686 1214 aequo
701 1177 794 1206 animo
814 1179 973 1214 susceperit.

249 1231 264 1249 (ί
289 1222 361 1257 Quia
381 1222 560 1257 reprehensus
584 1226 652 1250 erat.
678 1234 691 1247 ι»
714 1223 776 1251 Non
799 1224 822 1250 Α
842 1230 902 1256 me,
925 1222 1009 1257 dixit;

211 1266 260 1295 sed
273 1266 442 1301 simpliciter,
456 1267 491 1294 ab
504 1266 562 1295 aliis
577 1267 768 1302 ignorantibus
780 1267 807 1295 id
822 1267 896 1304 quod
912 1268 1010 1304 ageba-

212 1317 268 1346 tur,
283 1311 397 1340 consilio
410 1310 514 1339 factum
530 1311 624 1346 fuisse,
641 1320 672 1340 ac
683 1312 841 1348 potantibus
856 1312 1009 1340 simulatio-

212 1364 276 1384 nem
303 1363 372 1389 esse,
399 1355 560 1384 absentibus
595 1356 708 1392 quidem
737 1357 1008 1393 Hierosolymitanis,

210 1400 337 1428 convesci
374 1400 514 1436 gentibus,
549 1401 727 1436 praesentibus
760 1404 853 1429 autem
891 1401 959 1436 illis,
993 1408 1010 1429 a

211 1445 347 1481 gentibus,
387 1452 416 1473 se
452 1445 615 1473 subducere.
661 1445 793 1474 Nonnulli
829 1450 922 1474 autem
970 1446 1011 1474 sic

211 1490 416 1523 intellexerunt,
444 1489 518 1525 quod
544 1489 601 1525 jam
625 1494 706 1519 antea
728 1490 912 1526 reprehensus
935 1494 1009 1524 erat,

210 1534 284 1570 quod
301 1541 365 1562 cum
380 1534 508 1563 Cornelio
526 1534 623 1569 ederit,
644 1542 677 1562 ac
700 1539 846 1571 propterea
861 1535 1010 1564 etiamnum
1025 1540 1050 1575 ε

209 1578 345 1606 subtraxit
357 1585 428 1611 sese,
443 1578 547 1606 veritus
565 1585 601 1606 ne
615 1579 706 1614 aliquo
727 1579 809 1606 mode
828 1587 922 1608 rursus
945 1587 1009 1608 eum

210 1621 447 1658 reprehenderent.
473 1622 543 1655 Quia
561 1630 627 1649 vero
646 1623 784 1650 subtraxit
802 1630 842 1657 se,
864 1624 949 1652 restiti
973 1624 1008 1653 ei.

248 1667 332 1694 Vens.
351 1669 393 1693 l2.
413 1677 425 1690 ι
441 1666 609 1701 Priusquam
634 1667 706 1694 enim
725 1667 848 1695 venirent
869 1668 978 1703 quidam
993 1678 1007 1697 a

211 1710 326 1744 Jacobo,
342 1718 405 1738 cum
415 1711 545 1746 gentibus
554 1710 653 1739 edebat
664 1720 670 1739 :
682 1720 745 1740 cum
760 1716 851 1740 autem
862 1712 1006 1748 venissent,

208 1754 388 1783 subtrahebat
401 1762 440 1789 se,
456 1759 484 1783 et
497 1755 657 1792 segregabat
670 1763 716 1790 se,
739 1757 840 1784 timens
856 1765 903 1784 eos
916 1757 961 1793 qui
974 1766 1008 1786 ex

209 1798 417 1827 circumcisione
436 1803 524 1827 erant.
545 1809 560 1826 »
584 1799 730 1828 Rationem
753 1800 843 1829 reddit
863 1801 1008 1836 reprehen-

207 1844 311 1878 sionis;
325 1844 444 1873 Jacobus
461 1849 553 1872 autem
568 1844 620 1873 iste
635 1849 695 1873 erat
715 1844 801 1873 frater
822 1845 946 1880 Domini,
961 1847 1007 1882 qui

209 1889 405 1926 Hierosolymis
419 1893 512 1926 utpote
524 1889 669 1926 episcopus
681 1897 796 1926 eorum,
818 1890 946 1918 docebat.
963 1890 1008 1918 Ab

207 1934 259 1962 hoc
279 1934 361 1970 igitur
375 1934 501 1962 nonnulli
522 1934 659 1962 emendati
682 1939 758 1968 sunt,
778 1935 827 1970 qui
848 1943 882 1962 ex
904 1934 1008 1963 Judazis

207 1978 390 2013 crediderant,
407 1979 465 2015 lege
490 1983 581 2007 tamen
604 1980 695 2008 adhuc
716 1979 832 2014 detenti,
858 1984 885 2009 et
906 1980 1007 2009 Antio-

207 2022 296 2049 chiam
307 2023 433 2050 abierunt
445 2032 450 2050 :
463 2031 532 2059 quos
545 2032 609 2052 cum
622 2024 734 2052 vidisset
747 2025 855 2059 Petrus,
870 2030 1005 2060 metuens,

207 2075 261 2094 non
275 2067 347 2102 quod
362 2067 422 2103 ipse
434 2068 550 2103 pericula
566 2069 684 2103 subiret,
699 2077 797 2098 verum
810 2077 844 2098 ne
856 2070 893 2097 illi
908 2070 1006 2099 offensi

208 2118 222 2138 a
248 2111 300 2138 fide
329 2111 520 2146 retrosilirent,
542 2113 720 2142 subtrahebat
740 2121 800 2141 sese
825 2113 860 2141 ob
880 2122 922 2147 ea,
945 2123 1005 2150 quae

208 2163 271 2184 cum
284 2156 413 2193 gentibus
427 2162 497 2191 erat,
511 2159 728 2186 conversatione.
745 2160 907 2194 lgnerantcs
923 2159 1006 2195 igitur

207 2200 318 2237 quidam
331 2209 456 2236 causam,
473 2202 712 2239 reprehendebant
725 2211 799 2232 eum.

243 2247 329 2275 Vens.
352 2250 394 2274 13.
413 2259 426 2272 ι
449 2249 489 2276 Ac
509 2247 676 2276 simulabant
696 2256 749 2275 una
765 2255 830 2275 cum
854 2247 901 2276 illo
917 2249 1006 2276 centeri

208 2291 290 2326 33']
315 2299 424 2327 quoque
449 2291 554 2325 Judaei.
571 2293 641 2321 adeo
665 2296 695 2319 ut
717 2292 854 2320 Barnabas
875 2291 1008 2320 abductus

207 2335 243 2362 sit
255 2335 288 2363 ad
303 2335 504 2363 simulationem
515 2344 621 2364 eorum.
637 2348 649 2359 υ
665 2335 833 2372 llypocrisin
849 2344 906 2364 rem
919 2336 1007 2372 ipsam

208 2380 324 2415 appellat
340 2389 347 2407 :
363 2388 419 2407 non
439 2381 512 2408 enim
540 2381 597 2408 vult
628 2379 752 2416 detegere
779 2385 898 2409 mentem
923 2381 1006 2409 Petri.

207 2423 294 2452 Simul
315 2427 409 2452 autem
438 2428 548 2460 propter
574 2432 621 2452 eos
640 2424 687 2460 qui
715 2424 891 2452 vehementer
920 2425 1006 2462 legem

208 2468 367 2502 tuebantur,
381 2468 585 2497 simulationem
600 2469 653 2496 hoc
666 2468 826 2504 appellavit,
839 2473 870 2497 ut
884 2469 1007 2498 funditus

206 2513 283 2541 tollat
296 2521 392 2541 eorum
409 2521 473 2550 erga
486 2513 573 2548 legem
588 2512 719 2541 affectum
739 2517 767 2540 et
786 2514 1006 2549 propensionem.

207 2559 334 2594 Reliquos
353 2561 447 2586 autem
464 2557 573 2586 Jadaeos
595 2557 715 2594 appellat
728 2565 785 2591 eos,
801 2557 847 2593 qui
860 2558 888 2586 in
903 2559 1005 2587 Antio-

207 2604 267 2632 chia
291 2603 480 2638 crediderant,
507 2603 552 2639 qui
577 2607 605 2630 et
628 2602 678 2638 ipsi
700 2601 891 2631 subducebaut
910 2611 970 2632 sese
990 2612 1006 2632 a

210 2648 387 2684 praeputiatis.

244 2693 335 2723 Vsus.
360 2693 401 2722 14.
424 2704 436 2718 ι
459 2692 513 2721 Sed
535 2699 598 2721 cum
622 2691 752 2721 vidissem
772 2691 917 2730 quodnon
931 2696 1005 2722 recte

722 170 978 200 TllEOPllYLACTI
999 170 1178 201 BULGARhE
1198 171 1354 200 ARCHIEP.

246 234 336 262 Vnus.
350 235 396 260 11.
416 243 428 257 ι
441 231 557 267 Quando
570 236 662 261 autem
674 234 770 262 Petrus
785 234 904 263 venisset
912 235 1007 263 Antio-
1023 238 1050 269 Α

1813 48 1865 214 .l

1110 246 1125 264 α
1139 233 1206 265 ’Ὅτε
1223 234 1250 265 δὲ
1262 230 1327 271 ἦλθε
1338 233 1441 274 Πέτρος
1456 235 1493 268 εἷς
1503 233 1674 273 Ἀντιόχειαν
1685 254 1694 269 ,
1707 233 1778 263 κατᾶ
1790 235 1846 272 τῇ
1863 238 1867 274 f

1061 291 1133 309 ωπον
1159 280 1232 319 αὐτῷ
1254 279 1415 315 ἀντέστην.»
1445 278 1549 309 Πολλοὶ
1570 278 1733 317 νομίζουσιν
1761 279 1847 309 ἐντιῆ

1061 324 1106 354 τὸν
1123 325 1230 355 Παῦλον
1251 326 1297 353 τοῦ
1315 322 1420 363 Πέτρου
1444 323 1602 363 κατηγορεῖν
1617 323 1769 362 ὑπόκρισιν
1780 335 1787 342 ·

1061 369 1108 398 οὖκ
1129 369 1212 398 ἔστιν.
1229 368 1303 398 Ὅσα
1317 368 1369 407 γὰρ
1390 369 1462 397 δοκεῖ
1477 368 1563 407 λέγειν
1579 368 1655 397 κατὰ
1680 370 1729 397 τῶ
1754 368 1851 407 “item,
1867 368 1869 412 ξ

1061 414 1234 452 οἰκονομικῶς
1264 413 1436 452 ἐπράχθησαν
1461 412 1508 442 καὶ
1534 412 1705 452 ἐλέχθησαν.
1749 412 1783 443 Ὁ
1814 413 1871 450 ﬁgi

1064 457 1164 497 Πέτρος
1180 459 1206 487 ἓν
1220 458 1268 495 μὲν
1284 457 1478 496 Ἱεροσολύμοις
1497 456 1533 486 ὢν
1548 457 1707 497 συνεχώρει
1731 456 1778 493 τὴν
1791 469 1849 495 τερ(-

1062 502 1146 541 τομήν
1162 514 1169 522 ·
1194 503 1225 531 οὔ
1240 502 1291 541 γὰρ
1320 497 1354 536 ἦν
1375 501 1476 542 ἀθρόως
1500 501 1666 531 ἀποσπάσαι
1695 503 1745 532 τοῦ
1767 502 1847 539 νόμου·

1063 549 1099 580 εἰς
1127 547 1288 587 Ἀντιόχειαν
1315 546 1343 575 δὲ
1373 547 1470 583 ἐλθὼν,
1489 545 1615 581 συνήσθιε
1643 550 1707 580 τοῖς
1732 546 1847 578 ἐθνιιοίς·

1064 591 1191 621 ἕλθόντων
1215 592 1243 620 δέ
1263 603 1340 620 τινων
1374 590 1592 631 Ἱεροσολυμιτῶν
1618 592 1660 624 εἷς
1687 591 1850 631 Ἀντιόχειαν,

1063 635 1238 666 ὑπεστέλλετο
1263 635 1318 665 ἀπὸ
1342 637 1395 665 τῶν
1423 637 1544 672 ἐθνικῶν,
1561 635 1606 664 ἵνα
1637 647 1670 664 τε
1700 634 1740 674 μὴ
1758 636 1852 664 σκανδα-

1064 681 1126 721 λίσῃ
1149 681 1208 715 τοὺς
1233 679 1470 721 Ἱεροσολυμίτας,
1495 680 1541 710 καὶ
1565 680 1646 717 ἅμα,
1676 679 1724 709 ἶνα

1066 726 1168 766 Παύλῳ
1183 724 1290 764 εὔλογον
1305 727 1352 762 τῆς
1374 725 1553 763 ἐπιτιμήσεως
1574 725 1718 766 πρόγασιν
1736 737 1743 744 ·
1764 725 1801 754 διὸ
1819 727 1853 754 ui

1066 771 1172 803 Παῦλος
1186 769 1357 806 ἐπιπλήττει,
1372 769 1418 799 καὶ
1440 769 1541 808 Πέτρος
1557 769 1692 809 ἀνέχεται
1709 781 1717 788 ·
1741 769 1804 799 οὕτω
1815 771 1850 807 γᾶρ

1065 814 1178 852 ἔμελλον
1201 814 1378 854 εὐκολώτερον
1400 815 1424 843 οἱ
1446 814 1565 853 μαθηταὶ
1586 814 1852 852 μεταθέσθαι,ἐγιι-

1063 858 1192 897 λουμένου
1215 862 1261 889 τοῦ
1277 859 1439 889 διδασκάλω
1460 860 1507 888 καὶ
1534 860 1681 896 σιγῶντας.
1712 860 1753 890 Τὸ
1767 860 1851 895 τοίνυν,

1063 904 1132 933 κατὰ
1145 903 1287 944 πρόσωπον
1302 904 1474 942 ἀντιστῆναι,
1488 905 1582 942 σχῆμα
1598 898 1646 940 ἦν,
1662 905 1703 937 ὥς
1717 904 1742 933 εἴ
1753 916 1783 942 γε
1794 903 1851 942 μάχτ

1062 949 1144 982 ὄντως
1157 944 1188 985 ἦν
1199 971 1208 986 ,
1224 949 1272 978 οὖκ
1286 948 1319 978 ἂν
1334 948 1377 978 ἐπὶ
1400 949 1452 977 τῶν
1472 950 1602 986 μαθητῶν
1627 949 1765 983 ἀλλήλοις
1778 949 1853 978 ἐπτέ-

1064 1005 1153 1030 μησαν
1168 1003 1176 1011 ⁸
1202 993 1304 1034 σφόδρα
1320 993 1373 1032 γὰρ
1395 992 1426 1022 ἃν
1454 993 1654 1023 ἐσκανδάλισαν
1682 993 1790 1027 αὐτούς.
1812 994 1851 1023 Νῖτ

1063 1037 1120 1074 δὲὴ
1146 1039 1173 1068 ἐν
1188 1039 1226 1077 τῷ
1253 1039 1358 1078 φανερῷ
1383 1040 1598 1077 σχηματισθεῖσα
1621 1038 1707 1078 μάχη
1737 1038 1851 1077 διόρθωσις
1873 1048 1874 1068 1

1063 1078 1094 1118 ἧν
1108 1084 1161 1112 τῶν
1177 1083 1302 1121 μαθητῶν
1315 1094 1321 1100 ·
1342 1082 1400 1112 οὐδὲ
1416 1082 1477 1122 γὰρ,
1498 1081 1557 1111 οὐδὲ
1571 1083 1715 1122 ἀντιλέγει
1730 1094 1756 1111 τι
1777 1084 1791 1111 ὁ
1811 1083 1849 1112 Πέ-

1063 1138 1121 1167 τρος
1135 1136 1143 1144 ‘
1167 1127 1262 1164 δῆλον,
1291 1128 1325 1160 ὥς
1348 1127 1546 1167 ἀποδεχόμενος
1571 1127 1620 1163 τὴν
1642 1127 1804 1157 ἀντίστασιν
1820 1129 1849 1155 :7?

1063 1171 1188 1202 Παύλου.

1105 1228 1120 1243 ι
1137 1216 1202 1246 Ὀτι
1227 1215 1442 1255 κατεγνωσμένος
1465 1212 1508 1252 ἧν.
1541 1225 1556 1245 ι
1583 1216 1644 1247 οὐκ
1676 1211 1775 1256 εἶπεν,
1803 1215 1849 1246 Ὗπ¹

1062 1261 1145 1299 ἐμοῦ,
1171 1260 1229 1290 ἀλλ’
1244 1261 1337 1294 ἁπλῶς
1349 1284 1356 1297 ,
1375 1260 1427 1290 ὑπὸ
1453 1260 1541 1290 ἄλλων
1563 1261 1615 1290 τῶν
1646 1261 1812 1300 ἀγνοούντων
1829 1262 1850 1288 τὸ

1062 1305 1298 1345 οἷκονομούμενον,
1315 1305 1361 1335 καὶ
1387 1305 1513 1344 οἰομένων
1537 1305 1684 1345 ὓπόκρισιν
1710 1302 1846 1344 εἶναι,τὸ.

1064 1349 1184 1380 ἀπόντων
1217 1350 1265 1388 μὲν
1289 1353 1342 1380 τῶν
1381 1349 1601 1390 Ἱεροσολυμιτῶν
1630 1350 1784 1380 συνεσθίειν
1810 1355 1849 1379 τοῖς

1063 1394 1161 1425 ἔθνεσιν
1177 1407 1184 1414 ·
1203 1395 1366 1425 ἐπιστάντων
1379 1395 1406 1424 δὲ
1420 1417 1428 1433 ,
1451 1397 1646 1431 ὗποσταλῆναι.
1668 1395 1753 1429 Τινὲς
1777 1395 1803 1424 δὲ
1818 1394 1848 1423 οὗ·

1063 1451 1114 1474 τως
1128 1439 1258 1476 ἐνόησαν,
1267 1439 1308 1469 ὅτι
1323 1439 1592 1479 προκατεγνωσμένος
1606 1436 1638 1476 ἦν
1648 1463 1658 1479 ,
1676 1440 1748 1482 φησὶ
1760 1463 1769 1477 ,
1783 1440 1820 1469 διὰ
1829 1440 1846 1467 τὲ

1063 1489 1211 1525 συμφαγεῖν
1228 1484 1382 1525 Κορνηλίῳ,
1393 1486 1438 1514 καὶ
1452 1484 1495 1513 διὰ
1507 1487 1584 1514 τοῦτο
1598 1485 1644 1513 καὶ
1657 1487 1709 1514 νῦν
1720 1485 1847 1517 ὗπεστάλη,

1065 1529 1186 1568 φοϐηθεὶς
1201 1529 1298 1565 μήπως
1324 1530 1404 1559 αὐτοῦ
1420 1528 1466 1558 καὶ
1487 1530 1568 1559 πάλιν
1592 1531 1786 1570 καταγνῶσιν
1807 1529 1845 1559 ἐπεὶ

1864 270 1870 396 l

1064 1573 1091 1602 δὲ
1107 1573 1258 1613 ὑπεστάλη,
1278 1573 1407 1610 ἀντέστην
1423 1574 1503 1614 αὐτῷ.

1108 1674 1123 1692 σ
1139 1662 1197 1703 Πρὸ
1211 1661 1262 1703 γὰρ
1276 1664 1321 1692 τοῦ
1337 1663 1419 1693 ἐλθεῖν
1443 1673 1517 1696 τινας
1539 1663 1594 1692 ἀπὸ
1619 1662 1760 1694 Ἰακώϐου
1770 1686 1778 1700 ,
1796 1661 1848 1701 imi

1063 1709 1114 1736 τῶν
1138 1708 1217 1737 ἐθνῶν
1233 1707 1371 1742 συνήσθιεν
1387 1719 1394 1726 ·
1420 1706 1464 1736 ὅτε
1490 1707 1518 1737 δὲ
1535 1703 1629 1746 ἦλθον,
1657 1709 1801 1738 ὑπέστειλε
1814 1706 1846 1735 ui

1063 1751 1195 1792 ἀφώρισεν
1209 1752 1326 1791 βαυτὸν,
1350 1751 1512 1792 φοϐούμενος
1539 1751 1599 1786 τοὺς
1624 1753 1656 1782 ἐκ
1673 1753 1844 1792 περιτομῆς-³

1063 1796 1141 1835 Λέγει
1156 1796 1202 1825 καὶ
1216 1796 1265 1832 τὴν
1287 1795 1374 1825 αἰτίαν
1389 1798 1437 1832 τῆς
1457 1796 1661 1835 καταγνώσεως.
1687 1796 1814 1829 Ἰάκωϐος
1826 1794 1845 1823 δέ

1060 1835 1134 1874 οὗτος
1148 1836 1180 1877 ἦν
1195 1842 1209 1870 ὁ
1229 1841 1339 1881 ἀδελφὸς
1354 1843 1402 1870 τοῦ
1430 1841 1529 1880 Κυρίου
1552 1841 1577 1859 ⁸⁵
1587 1864 1594 1877 ,
1610 1844 1625 1871 ὃ
1639 1841 1688 1871 καὶ
1705 1843 1734 1871 ἐν
1751 1841 1846 1880 Ἱεροσοο

1061 1884 1153 1923 λύμοις
1177 1885 1308 1914 διδάσκων
1329 1885 1365 1918 ὣς
1389 1885 1534 1919 ἐπίσκοπος
1550 1886 1650 1916 αὐτῶν.
1679 1885 1749 1916 Ἀπὸ
1770 1884 1845 1914 τούτου

1061 1923 1105 1958 οὖν
1122 1929 1312 1966 ἀπεστάλησαν
1333 1941 1402 1964 τινες
1425 1929 1452 1964 ἐξ
1472 1931 1608 1959 Ἰουδαίων
1631 1930 1681 1969 μὲν
1696 1929 1845 1960 πιστεύσαν-

1062 1985 1119 2010 τες,
1136 1974 1207 2011 πλὴν
1223 1974 1262 2004 ἔτι
1285 1976 1333 2004 τοῦ
1348 1975 1429 2013 νόμου
1455 1975 1592 2014 ἐχόμενοι,
1615 1975 1662 2004 καὶ
1679 1976 1797 2012 ἀπῆλθον
1818 1974 1845 2003 εἷς

1060 2018 1220 2058 Ἀντιόχειαν
1231 2030 1238 2037 ·
1254 2017 1298 2052 οὓς
1323 2018 1385 2048 ἰδὼν
1402 2019 1502 2058 Πέτρος
1522 2020 1567 2049 καὶ
1593 2019 1737 2060 φοϐηθεὶς,
1754 2020 1800 2058 οὐχ
1811 2016 1842 2045 ἵνα

1061 2062 1098 2101 μὴ
1114 2064 1191 2097 αὐτὸς
1205 2062 1358 2102 κινδυνεύσῃ
1371 2085 1380 2102 ,
1406 2065 1465 2092 ἀλλ’
1489 2063 1534 2092 ἴνα
1552 2064 1590 2102 μὴ
1614 2064 1689 2094 αὐτοὶ
1716 2062 1843 2094 σκανδαλι-

1059 2108 1162 2142 σθίντες
1200 2108 1419 2148 ἀποσκιρτήσωσι
1445 2111 1493 2144 τῆς
1521 2109 1656 2145 πίστεως,
1697 2108 1841 2138 ὑπέστελλεν

1061 2112 1162 2142 σθέντες
1200 2112 1419 2148 ἀποσκιρτήσωσι
1445 2112 1493 2144 τῆς
1521 2112 1656 2145 πίστεως,
1697 2112 1841 2138 ὑπέστελλεν

1061 2152 1152 2181 ἑαυτὸν
1175 2153 1227 2182 ἀπὸ
1251 2154 1302 2209 τῆς
1329 2152 1397 2191 μετὰ
1425 2154 1477 2182 τῶν
1494 2155 1602 2183 ἐθνικῶν
1628 2152 1842 2193 συναναστρσφῗκι
1871 2112 1875 2217 1

1062 2196 1224 2217 ’Διηλλῗῖιιφ--ρ
1238 2209 1282 2217 mm
1296 2209 1362 2217 φινεμ
1373 2197 1421 2217 ’ἆυ
1433 2197 1521 2217 Aura-ulnu-
1546 2197 1743 2217 u~--u.'..._.-u-u
1766 2197 1841 2217 ’.λῃιιῆ

1062 2196 1224 2236 Ἀγνοοῦντες
1238 2192 1282 2226 οὖν
1296 2209 1362 2231 τινες
1373 2197 1421 2234 τήν
1433 2197 1533 2235 αἰτίαν,
1546 2197 1743 2236 κατεγίνωσκον
1766 2197 1842 2227 αὗτοῦ.

1111 2218 1223 2230 nm...“
1238 2218 1281 2226 ν..
1300 2218 1361 2231 ...ες
1378 2218 1420 2234 ..μ
1433 2218 1533 2235 ..η-ιη,
1547 2218 1742 2236 ..ωςμνωνηνι
1766 2218 1842 2227 αν..--

1106 2252 1121 2270 ιι
1136 2241 1370 2281 Συνυπεκρίοησαν
1397 2242 1470 2282 αὖτῷ
1495 2241 1540 2272 καὶ
1564 2243 1587 2272 οἱ
1610 2242 1700 2272 λοιποὶ
1724 2242 1841 2273 Ἰουδαῖοι.
1872 2218 1875 2317 1

1106 2297 1129 2315 τε
1153 2286 1200 2316 καὶ
1229 2286 1370 2317 Βαρνάϐας
1393 2286 1552 2317 συναπήγθη
1583 2289 1618 2317 τῖι
1648 2287 1785 2317 ὑποκρίσει
1807 2285 1842 2313 αὖ·

1061 2285 1129 2315 ὥστε
1153 2286 1200 2316 καὶ
1229 2286 1370 2327 Βαρνάϐας
1393 2286 1552 2327 συναπήχθη
1583 2289 1618 2327 τῇ
1648 2287 1785 2326 ὑποκρίσει
1807 2285 1842 2313 αὖ·

1060 2332 1125 2361 τῶν.
1145 2344 1158 2357 ι
1177 2330 1332 2370 Ὑπόκρισιν
1347 2331 1377 2360 τὸ
1391 2335 1505 2371 πρᾶγμα
1520 2326 1609 2362 καλεῖέ
1627 2333 1669 2363 Οὗ
1688 2332 1740 2372 γὰρ
1765 2329 1841 2371 βούλι·
1874 2326 1875 2341 1

1060 2387 1105 2405 ται
1127 2376 1278 2416 ἐκκαλύψαι
1299 2376 1348 2411 τὴν
1363 2375 1471 2416 γνώμην
1493 2378 1541 2406 τοῦ
1557 2376 1662 2417 Πέτρου
1674 2388 1682 2396 '
1696 2377 1752 2415 ἅμα
1767 2375 1792 2405 δέ
1804 2372 1837 2403 καί

1062 2420 1104 2449 διὰ
1120 2419 1179 2455 τοὺς
1203 2421 1321 2461 σφοδρῶς
1338 2421 1530 2461 ἀντεχομένους
1552 2423 1600 2450 τοῦ
1624 2421 1722 2459 νόμου,
1743 2419 1836 2458 ὓπόιρι·

1062 2476 1103 2494 σιν
1130 2467 1207 2494 τοῦτο
1233 2465 1391 2503 ὠνόμασεν,
1418 2465 1462 2495 ἵνα
1492 2465 1634 2506 πρόῤῥιζον
1658 2466 1738 2504 ἀνέλῃ
1764 2464 1835 2494 αὐτῶν

1062 2509 1109 2545 τὴν
1123 2509 1187 2549 πρὸς
1201 2509 1245 2538 τὸν
1270 2498 1350 2548 νομον
1371 2508 1497 2540 διάθεσιν.
1515 2498 1644 2545 ’λοιποὺς
1662 2509 1691 2540 δὲ
1717 2499 1838 2541 Ἰουδαίους

1061 2554 1139 2584 καλεῖ
1152 2553 1211 2588 τοὺς
1232 2555 1258 2584 ἐν
1273 2553 1421 2594 Ἀντιοχείᾳ
1442 2553 1468 2588 ἐξ
1490 2553 1628 2585 Ἰουδαίων
1642 2554 1834 2585 πιστεύσαντας,
1873 2550 1875 2580 i

1061 2599 1086 2628 οἳ
1108 2598 1154 2628 καὶ
1169 2598 1244 2628 αὐτοὶ
1266 2598 1426 2628 ὗπέστελλον
1452 2598 1562 2633 ἑαυτοὺς
1590 2598 1644 2629 ἀπὸ
1666 2600 1720 2629 τῶν
1743 2595 1836 2638 apo“-

1060 2655 1142 2673 στων.

1103 2702 1117 2715 σι
1135 2688 1206 2720 Ἀλλ’
1221 2687 1266 2718 ὅτε
1289 2684 1357 2719 εἶδον
1376 2687 1418 2719 ὅτι
1444 2689 1494 2719 οὖκ
1517 2688 1690 2730 ὄρθοποδοῧσι
1713 2687 1774 2729 πρὸς
1796 2684 1832 2720 τὴν

908 2766 1002 2796 Variae
1023 2763 1174 2797 lectiones.
1208 2768 1212 2770 ’

241 2818 263 2837 ⁸⁸
273 2819 315 2847 καὶ
329 2819 377 2857 γὰρ
391 2819 406 2848 ὃ
419 2828 460 2849 m.
499 2819 521 2838 ⁸⁵
534 2818 682 2856 ἀδελφόθεος
697 2827 722 2848 o.
