1877 3081
12 158 48 185 77
440 157 618 186 EXPOSITIO
645 158 681 186 1N
700 157 803 187 EPIST.
822 158 868 187 AD
888 159 1010 188 GALAT.
1029 174 1065 181 —
1083 160 1157 188 CAP.
1179 161 1211 189 ll.

1601 163 1654 190 9'78

11 219 129 256 λήθειαν
155 222 202 250 τοῦ
220 218 404 260 Εὖαγγελίου,
421 214 493 250 εἷπον
516 222 555 260 τῷ
576 220 672 261 Πέτρῳ
698 221 799 262 ἔμπρο-

886 221 1026 250 nbularent
1044 222 1079 250 ad
1090 223 1231 250 veritatem
1247 224 1392 259 Evangelii,
1419 224 1473 252 dixi
1497 226 1579 253 Petro
1604 233 1652 253 co-

11 267 56 294 θεν
71 263 193 294 πάντων.
211 278 224 292 ι
252 263 331 301 Μηδὲ
353 264 420 300 αὕτη
442 267 460 301 ἡ
480 264 547 299 λέξις
568 265 722 306 ταραττέτω
749 278 797 296 σε·

11 310 24 339 ὖ
40 309 96 349 γὰρ
113 309 219 348 Πέτρου
236 308 444 348 καταγινώσκων
460 312 546 338 ταῦτα
562 309 645 349 λέγει,
664 309 735 340 ἀλλὰ
753 310 799 340 διὰ

11 354 55 388 οὺς
71 353 222 392 μέλλοντας
240 354 410 393 ὠφεληθῆναι
428 355 457 383 ἐκ
477 356 521 383 τοῦ
539 356 653 384 ἀκοῦσαι
676 355 716 385 ὅτι
742 355 800 385 Καὶ

24 399 133 438 Πέτρος
159 398 323 436 ἰπετιμήθη,
347 400 382 432 ὡς
411 402 457 429 τοῦ
479 399 561 437 νόμου
587 399 729 440 ἐχόμενος·
755 401 801 429 καὶ

11 444 73 482 ιμεῖς
87 444 116 473 τί
142 447 241 473 ποιεῖτε
268 442 376 480 λοιπόν;
405 443 458 474 Διὰ
483 447 560 473 τοῦτο
587 444 638 484 γὰρ
665 444 711 474 καὶ
740 445 800 475 τότε

11 488 151 529 μπροσθεν
176 487 283 518 πάντων
307 490 416 529 ἐπιτιμᾷ
435 488 507 528 αὐτῷ
519 511 528 527 ,
544 488 590 518 ἵνα
607 490 703 519 ἐκεῖνοι
719 489 801 520 ἀκού-

11 545 93 567 ιαντις
119 532 275 573 φοϐηθῶσι,
299 534 345 562 τοῦ
368 533 524 569 τηλικούτου
548 533 646 563 στύλου
673 534 801 573 ὶπιτιμω-

11 577 98 615 ιένου,
124 578 172 608 καὶ
196 577 234 616 μὴ
259 577 364 617 ἔχοντος
389 577 544 616 ἀντιλέγειν.
569 578 696 612 Εὐσέϐιος
718 578 746 609 δὲ
770 579 800 608 οὗ

11 622 41 652 τὸν
58 623 147 662 μέγαν
163 623 265 662 Πέτρον
277 622 348 661 λέγει
363 623 554 660 ἐπιτιμηθῆναί.
567 623 641 663 παρὰ
656 626 701 653 τοῦ
721 623 801 653 Παύ-

11 679 62 706 too,
80 667 145 698 ἀλλ’
159 666 248 706 ἕτερόν
262 679 323 697 τινα
339 668 447 708 Κηφᾶν,
463 667 509 696 ἕνα
525 669 578 696 τῶν
603 667 801 706 ἑϐδομήκοντα·

11 713 43 741 ιαὶ
58 711 271 747 κατασκευάζειν
296 711 379 742 οἴεται
401 714 491 748 τοῦτο,
508 713 555 741 οὐκ
582 712 650 746 εἰκὸς
673 708 741 742 εἶναι
757 712 802 742 λέ-

11 769 50 795 γων
62 780 73 794 ,
88 756 135 787 τὸν
152 757 388 796 ἀπολογησάμενον
405 757 431 786 ἰν
458 757 545 796 ἀρχῇ,
571 756 614 797 ὅτε
630 758 668 797 τῷ
694 759 800 797 Κορνη-

11 801 47 841 λίῳ
74 800 225 842 συμφαγὼν
251 801 324 835 τινὰς
351 801 555 842 ἐσκανδάλισενᾼ,
577 796 658 835 αὖθις
673 796 802 839 δεηθῆναι

855 274 915 295 ram
927 267 1069 295 omnibus.
1083 279 1095 292 ιο
1107 269 1200 304 Neque
1216 268 1275 296 haec
1287 268 1372 296 dictio
1388 273 1414 296 te
1428 270 1582 304 perturbet:
1597 278 1653 298 non

855 311 928 339 enim
941 316 972 340 ut
985 311 1167 347 reprehendat
1184 313 1304 346 Petrum,
1322 313 1381 341 haec
1394 313 1467 347 dicit,
1483 315 1530 342 sed
1544 318 1654 351 propter

855 364 914 388 eos,
942 357 989 393 qui
1012 356 1075 384 hinc
1092 356 1212 385 fructum
1235 357 1353 393 aliquem
1369 359 1508 394 accepturi
1523 363 1611 393 erant,
1631 360 1653 387 si

855 401 1001 429 audirent:
1019 402 1116 430 Petrus
1149 402 1207 438 ipse
1240 402 1422 438 reprehensus
1446 407 1487 430 cst
1519 411 1568 430 ceu
1595 403 1653 439 lege

855 445 1000 479 detentus;
1025 450 1052 474 et
1065 454 1113 474 vos
1128 446 1193 483 quid
1213 446 1240 474 in
1255 451 1397 483 posterum
1412 447 1528 476 facitis?
1541 448 1612 475 Hinc
1627 453 1654 477 et

854 498 948 519 coram
971 491 1100 520 omnibus
1123 492 1214 528 ipsum
1235 493 1365 527 increpat,
1396 496 1427 519 ut
1454 492 1491 520 illi
1515 492 1655 522 audientes

855 536 1052 571 perterreﬁant,
1066 536 1111 564 tali
1123 540 1256 572 tantaque
1271 537 1401 565 columna
1416 537 1579 573 reprehensa
1589 545 1655 569 .nec

855 579 971 608 habente
995 580 1069 616 quod
1094 581 1274 609 contradicat.
1303 582 1436 610 Eusebius
1460 586 1554 610 autem
1577 581 1653 616 dicit,

855 632 911 652 non
936 633 1068 661 magnum
1094 627 1207 654 Petrum
1232 634 1248 654 a
1269 626 1354 654 Paulo
1368 626 1590 663 .repreliensum,
1606 627 1654 655 sed

855 669 940 697 alium
965 669 1113 706 quemdam
1136 670 1269 706 Cepham,
1300 679 1387 699 unum
1411 678 1446 699 ex
1470 671 1653 708 septuaginta.

856 716 946 750 Atque
963 714 1018 743 hoc
1039 722 1068 743 se
1082 715 1247 743 conﬁrmare
1261 719 1349 751 putat,
1362 720 1580 744 consentaneum
1595 724 1653 744 non

856 767 915 787 esse
929 759 1024 787 dicens
1045 767 1120 794 eum,
1134 760 1182 796 qui
1204 760 1231 788 in
1245 760 1375 797 principio
1390 760 1558 789 defendisset
1582 769 1652 795 sese,

855 803 965 840 quando
976 812 1041 832 cum
1055 805 1182 833 Cornelio
1199 805 1369 834 manducans
1390 805 1549 834 offendisset
1573 814 1653 842 quos-

11 840 44 882 τῆς
69 840 195 882 τοιαύτης
215 846 402 886 ἐπιτιμήσεως.
426 845 510 882 Ἀλλ’,
532 840 555 876 ῶ
577 846 731 886 σοφώτατε,
744 847 799 876 οὐδ’

889 857 929 883 m,
949 856 1043 877 rursus
1067 857 1137 885 opus
1156 849 1258 878 habere
1279 850 1436 886 hujusmodi
1461 840 1651 886 increpatione.

11 891 76 929 ἡμεῖς
91 891 204 931 λέγομεν
219 892 264 921 τὸν
286 883 406 931 Πέτρον,
431 892 467 924 ὡς
494 883 639 929 ἀγνοοῦντα
668 891 700 920 τὸ
723 883 797 928 δέον,

886 898 901 927 t,
915 902 932 921 o
952 883 1160 929 sapientissime,
1174 902 1262 930 neque
1276 902 1326 922 nos
1341 894 1458 923 dicimus
1475 896 1587 922 Petrum
1601 903 1651 923 ceu

11 936 194 974 ἔπιτιμηθῆναι
220 936 295 975 παρὰ
319 935 449 971 Παύλου,
464 936 523 964 ἀλλ’
543 935 636 965 ἑκόντα
652 937 800 972 ὗποστῆναι

11 980 47 1016 τὴν
63 980 218 1019 ἐπιτίμησιν
227 1004 236 1019 ,
249 979 283 1010 ἵν’
296 980 381 1021 ἕτεροι
395 981 581 1020 διορθωθῶσιν.

46 1081 59 1099 (ι
77 1071 111 1100 El.
126 1069 158 1099 σὺ
176 1069 301 1103 Ἰουδαῖος
326 1067 362 1098 ὢν
373 1091 382 1106 ,
406 1071 514 1103 ίθνικῶς
533 1071 592 1109 ζῇς,
606 1069 652 1098 καὶ
671 1071 719 1100 οὒκ
736 1070 801 1101 Ἰου-

11 1116 117 1152 δαϊκῶς,
144 1114 171 1144 τί
193 1114 228 1144 τὰ
251 1114 312 1150 ἔθνη
329 1114 485 1153 ἀναγκάζεις
507 1111 680 1151 Ἰουδαίζειν;
703 1127 719 1143 ι
742 1117 800 1146 Μο-

11 1160 107 1200 νονουχὶ
132 1163 185 1192 τοῖς
207 1163 273 1189 πᾶσι
291 1161 342 1199 βοᾷ
368 1161 381 1189 ὁ
407 1160 512 1192 Παῦλος
529 1170 537 1177 ”
565 1158 726 1198 Μιμήσασθε
756 1161 799 1191 τὸν

11 1204 163 1234 διδάσκαλον
179 1205 263 1243 ὑμῶν.
279 1203 347 1234 Ἰδοὺ
371 1203 417 1232 καὶ
432 1202 483 1243 γὰρ
504 1203 580 1236 αὐτὸς
604 1203 729 1238 Ἰουδαῖος
743 1204 780 1234 ὢν
790 1229 796 1240 ,

12 1249 74 1288 ὅμως
101 1248 231 1289 συνέφαγι
256 1252 309 1282 τοῖς
333 1249 451 1282 ἐθνικοῖς.
485 1247 562 1288 ιὈριιι
592 1247 640 1286 δὲ,
666 1251 722 1283 πῶς
752 1252 800 1280 οὒκ

13 1295 113 1332 ἐγκαλεῖ
136 1294 222 1334 αὐτῷ,
237 1293 277 1323 ὅτι
296 1295 392 1328 Κακῶς
415 1294 500 1327 ποιεῖς
511 1315 520 1331 ,
535 1293 580 1322 τὸν
595 1293 675 1332 νόμον
689 1297 797 1334 τηρῶν,

15 1339 64 1368 ἀλλ’
95 1338 162 1378 ὑπὲρ
185 1339 238 1368 τῶν
265 1337 368 1368 οἰκείων
398 1337 425 1368 δὲ
456 1339 582 1377 μαθητῶν
611 1339 663 1367 τῶν
691 1339 799 1369 ἐθνικῶν

15 1384 131 1424 ἐπιτιμᾷ,
147 1384 182 1416 ὡς
207 1383 381 1422 ἀναγκάζοντι
403 1382 498 1416 αὖτοὺς
524 1382 728 1423 περιτέμνεσθαι
753 1384 799 1414 καὶ

15 1426 168 1464 Ἰουδαΐζειν.
210 1428 291 1458 Οὕτω
318 1427 370 1468 γὰρ
395 1430 409 1457 ὁ
436 1428 512 1466 λόγος
543 1427 799 1469 εὖπαραδεκτότερος

17 1473 102 1511 ἔμελλε
116 1472 209 1507 δόξειν.

49 1532 59 1545 ι
71 1517 168 1555 Ἡμεῖς
183 1517 260 1558 φύσει
275 1517 413 1553 Ἰουδαῖοι,
424 1516 470 1546 καὶ
484 1517 530 1546 οὖκ
545 1515 572 1551 ἐξ
586 1517 665 1547 ἐθνῶν
677 1517 804 1558 ἀμαρτω-

18 1562 59 1592 λοί.
75 1574 93 1591 )
111 1562 211 1599 Φύσει,
226 1562 378 1598 τουτέστιν,
391 1563 420 1591 οὗ
435 1561 615 1601 προσήλυτοι,
631 1563 692 1592 ἀλλ’
708 1563 739 1592 ἐκ
750 1575 804 1593 πα-

18 1606 86 1646 τέρων
103 1607 235 1637 Ἰουδαίων
253 1606 362 1647 φύντες,
377 1605 423 1635 καὶ
438 1605 630 1646 συντραφέντες
648 1609 687 1648 τῷ
703 1607 778 1648 νόμῳ
791 1631 799 1645 ,

20 1651 148 1692 ἀφήκαμεν
171 1651 220 1687 ιι-ὴν
243 1651 386 1691 σύντροφον
413 1651 565 1690 πολιτείαν,
593 1651 640 1681 καὶ
667 1651 803 1693 προσεφύ-

19 1707 86 1735 γομεν
147 1698 183 1730 εἰς
204 1696 321 1737 Χριστὸν
335 1695 434 1726 πίστει.

53 1741 192 1774 εΕἰδότες
215 1741 256 1770 ὅτι
279 1742 308 1770 οὗ
331 1741 482 1770 δικαιοῦται
505 1739 642 1780 ἄνθρωπος
667 1740 694 1776 ἐξ
720 1741 803 1781 ἔργων

20 1784 105 1823 νόμον,
132 1785 178 1815 ἐὰν
207 1785 244 1824 μὴ
275 1785 319 1815 διὰ
341 1785 456 1820 πίστεως
478 1785 568 1822 Ἰησοῦ
596 1786 734 1825 Χριστοῦ·
757 1786 803 1815 καὶ

22 1831 82 1868 ἡμεῖς
95 1832 132 1864 εἰς
146 1830 262 1870 Χριστὸν
280 1830 385 1865 Ἰησοῦν
408 1829 618 1868 ἐπιστεύσαμεν,
635 1829 678 1860 ἵνα
693 1832 803 1860 δικαιω-

22 1875 92 1913 θῶμεν
115 1877 145 1906 ἐκ
165 1875 277 1908 πίστεως
292 1876 409 1914 Χριστοῦ
419 1898 428 1913 ,
441 1876 487 1904 καὶ
500 1877 547 1904 οὐκ
560 1875 586 1910 ἐξ
603 1875 685 1915 ἔργων
699 1875 781 1913 νόμου
795 1887 802 1895 ο

22 1915 75 1949 ὂιότι
87 1922 115 1950 οὗ
132 1920 336 1956 δικαιωθήσεται
356 1919 382 1954 ἐξ
398 1920 481 1959 ἔργων
496 1920 577 1958 νόμου
598 1924 672 1949 πᾶσα
689 1920 765 1960 σάρξ.
785 1933 800 1949 ι

23 1962 97 2004 Ὀρα,
139 1967 194 1998 πῶς
222 1966 281 2002 μετ’
319 1964 461 2005 ἀσφελείας
493 1963 678 2005 [ἀφελείαςῖ]
716 1965 802 1994 πάντα

25 2008 156 2049 φθέγγεται.
179 2010 220 2039 Οὐ
250 2008 300 2048 γὰρ
327 2010 362 2040 ὥς
391 2008 522 2048 πονηρὸν,
549 2009 608 2037 ἀλλ’
623 2011 658 2042 ὡς
686 2010 802 2046 ἀσθενῆ,

25 2052 59 2082 καὶ
70 2055 101 2090 ιιὴ
118 2053 262 2087 δυνάμενον
278 2054 437 2089 δικαιῶσαι,
456 2053 535 2083 αὐτὸν
552 2053 687 2091 εἰάσαμεν.
707 2054 803 2088 Οὐδεὶς

26 2097 64 2137 γὰρ
85 2100 118 2128 τὰ
131 2098 196 2138 ἔργα
213 2101 291 2128 αὐτοῦ
313 2098 426 2134 ἠδύνατο
451 2098 575 2137 τελέσαι,
604 2098 714 2138 φορτικὰ
739 2099 803 2128 ὄντα

28 2142 62 2171 καὶ
79 2143 279 2183 δυσκατόρθωτα
290 2166 298 2179 ,
320 2145 349 2172 οὐ
375 2143 418 2172 διὰ
439 2143 468 2172 τὸ
483 2143 591 2182 μέγεθος
613 2144 699 2172 αὐτῶν
711 2166 719 2181 ,
733 2143 803 2173 ἀλλὰ

29 2186 61 2215 διὰ
73 2189 114 2224 τὴν
136 2188 308 2228 μικρολογίαν
331 2189 451 2226 μᾶλλον⁴
468 2188 514 2217 καὶ
540 2188 641 2225 ἄλλως,
663 2188 728 2217 διότι
753 2191 804 2228 ψυ-

29 2230 68 2269 χὴν
82 2235 125 2263 οὐκ
142 2234 246 2272 ἡγίαζεν
257 2255 265 2270 ,
281 2233 352 2262 ἀλλὰ
371 2232 538 2272 σωματικοὺς
553 2232 648 2272 ῥύπους
669 2233 802 2273 ἐκάθαιρε.

31 2275 128 2315 Περιττὴ
149 2274 193 2307 οὖν
213 2280 230 2313 ἡ
253 2277 396 2317 περιτομή.
426 2276 532 2317 Προϊὼν
555 2276 582 2306 δὲ
607 2277 674 2316 ἐρεῖ,
694 2276 733 2307 ὅτι
757 2277 803 2308 καὶ

31 2319 172 2356 ίπικίνδυνος
181 2345 190 2361 ,
204 2323 379 2362 ἄλλοτριοῢσα
392 2324 438 2352 τοῦ
453 2324 582 2362 Χριστοῦ.

65 2421 76 2439 ε
91 2412 121 2442 Εἰ
138 2411 165 2441 δὲ
180 2413 316 2448 ζητοῦντες
339 2412 511 2447 δικαιωθῆναι
535 2411 562 2441 ἔν
578 2411 710 2451 Χριστῷ,
733 2411 807 2451 εὗρέ-

34 2454 97 2489 θημεν
109 2456 154 2486 καὶ
176 2455 252 2485 αὐτοὶ
276 2456 451 2496 ἁμαρτωλοὶ,
477 2451 530 2496 ἆρα
546 2456 662 2496 Χριστὸς
677 2456 809 2496 ἁμαρτίας

35 2497 146 2538 διάκονοςς
174 2514 188 2528 ιι
227 2500 431 2540 Ἐζητήσαμεν,
468 2501 551 2539 φησὶ,
581 2502 753 2538 δικαιωθῆναι
780 2503 807 2531 ἐν

36 2542 137 2586 Χριστῷ,
162 2544 272 2586 ἀφέντες
294 2545 338 2575 τὸν
361 2546 459 2585 νόμον·
482 2547 517 2579 ὡς
543 2546 631 2585 λέγετε
658 2546 686 2576 δὲ
711 2547 804 2585 ὑμεῖς,

37 2585 130 2628 ἁμαρτία
147 2585 202 2620 ἐστὶ
217 2590 248 2619 τὸ
262 2591 367 2630 ἀφιέναι
387 2591 432 2620 τὸν
453 2591 532 2630 νόμον
547 2602 554 2610 ’
578 2591 613 2624 εἰς
626 2590 728 2626 ταύτην
747 2591 806 2620 λοι-

36 2632 72 2660 πὸν
91 2634 131 2672 τὴν
155 2634 291 2675 ἇμαρτίαν
319 2637 333 2664 ὁ
357 2635 473 2675 Χριστὸς
495 2637 567 2673 ἡμᾶς
590 2635 726 2671 συνώθησε
741 2645 750 2654 ⁸
774 2634 807 2664 δι’

39 2675 111 2707 ἰκεῖνον
133 2679 185 2719 γὰρ
211 2679 352 2720 ἀφήκαμεν
377 2679 411 2710 τὰ
434 2680 530 2719 νομικὰ
553 2680 653 2710 πάντα.
676 2679 762 2710 Ὥστε
776 2680 805 2708 οὖ

40 2719 99 2766 μένον
120 2726 165 2754 οὐκ
191 2725 344 2754 ἐδικαίωσεν
359 2727 446 2762 ἡμᾶς,
471 2724 507 2758 ὥς
530 2736 612 2766 φατε,
633 2726 648 2754 ὁ
669 2723 804 2764 Χριστὸς,

40 2765 92 2810 tm:
109 2768 151 2798 καὶ
171 2769 291 2802 πλείονος
304 2770 486 2810 κατακρίσεως
502 2765 585 2803 αἴτιος
602 2771 669 2809 ἡμῖν
680 2769 803 2809 γέγονεν,

42 2808 63 2836 il
73 2813 108 2841 τοῦ
121 2814 208 2844 πεῖσαι
221 2816 293 2853 ἡμᾶς
308 2808 414 2855 ἀφεῖναι
427 2814 473 2844 τὸν
487 2814 579 2855 νόμον.

855 938 1027 974 ignorantem
1041 938 1107 975 quid
1128 938 1201 966 facto
1225 947 1294 975 opus
1308 943 1389 971 esset,
1406 947 1421 967 a
1437 939 1519 968 Paulo
1535 939 1652 976 increpa-

855 987 915 1010 tum
930 990 998 1016 esse,
1009 983 1057 1011 sed
1073 983 1227 1012 voluntario
1242 983 1406 1012 sustinuisse
1420 984 1651 1020 objurgatiouem,

856 1031 886 1055 ut
907 1027 950 1055 alii
965 1027 1187 1056 emendarentur.

892 1083 905 1096 κ
923 1072 950 1100 Si
967 1076 997 1100 tu
1011 1072 1126 1101 Iudaeus
1140 1080 1204 1101 cum
1219 1073 1266 1104 sis,
1292 1073 1432 1109 gentiliter
1454 1073 1533 1109 vivis,
1557 1077 1585 1101 et
1596 1081 1652 1102 non

854 1117 979 1151 Judaice,
1006 1117 1073 1154 quid
1092 1121 1185 1154 gentes
1207 1118 1282 1154 cogis
1308 1118 1472 1146 Juduizarei‘
1494 1130 1505 1143 υ
1532 1120 1654 1147 Tantum

854 1170 912 1190 non
930 1163 1060 1191 omnibus
1081 1163 1182 1190 clamat
1196 1163 1294 1191 Paulus
1310 1172 1317 1190 :
1335 1163 1482 1190 lmitamini
1507 1168 1654 1200 praecepto-

854 1214 913 1234 rem
932 1211 1063 1235 vestrum.
1088 1209 1157 1235 Ecce
1175 1208 1250 1235 enim
1265 1212 1292 1235 et
1306 1207 1363 1243 ipse
1380 1207 1495 1235 Iudaeus
1518 1216 1582 1236 cum
1607 1208 1654 1242 sit,

855 1251 1029 1280 manducavit
1044 1256 1138 1280 tamen
1158 1259 1221 1279 eum
1243 1252 1378 1288 gentibus.
1404 1252 1534 1288 Expende
1562 1255 1654 1281 autem

853 1297 993 1332 quomodo
1018 1304 1075 1325 non
1102 1301 1210 1324 accuset
1234 1297 1335 1332 ipsum,
1355 1296 1460 1330 dicens,
1489 1297 1561 1325 Male
1585 1297 1653 1333 agis.

854 1341 940 1378 legem
954 1349 1068 1370 servans
1085 1351 1090 1368 :
1107 1349 1200 1369 verum
1222 1341 1257 1370 ob
1273 1342 1401 1377 proprios
1421 1342 1581 1378 discipulos,
1605 1342 1653 1378 qui

852 1394 885 1414 ex
906 1386 1033 1423 gentibus
1055 1386 1238 1420 crediderant,
1263 1394 1328 1414 eum
1362 1387 1494 1422 increpat,
1524 1391 1653 1423 tanquam

854 1431 899 1467 qui
929 1435 1008 1468 cogat
1029 1438 1076 1459 eos
1105 1430 1265 1459 circumcidi
1280 1435 1307 1459 et
1329 1431 1480 1467 judaizare.
1504 1433 1564 1460 Hoc
1582 1431 1654 1459 enim

857 1480 935 1512 pacto
960 1483 1052 1504 sermo
1074 1475 1217 1504 videbatur
1233 1475 1426 1511 acceptabilior
1444 1475 1563 1504 futurus.

895 1522 980 1548 Vens.
996 1522 1038 1548 t5.
1051 1531 1065 1546 ‹‹
1077 1521 1135 1549 Nos
1145 1525 1242 1548 natura
1255 1520 1357 1555 Judaei,
1369 1525 1396 1548 et
1410 1529 1466 1549 non
1477 1528 1511 1549 ex
1529 1521 1655 1556 gentibus

858 1570 1024 1601 peccatores.
1048 1577 1061 1590 ν
1084 1567 1193 1598 Natura,
1216 1565 1269 1593 hoc
1291 1569 1343 1600 est,
1359 1573 1414 1593 non
1429 1566 1583 1602 proselytm,
1609 1565 1655 1594 sed

858 1618 892 1639 ex
916 1610 1074 1646 parentibus
1100 1610 1205 1638 Judaﬁs
1228 1610 1301 1644 nati,
1335 1613 1363 1638 et
1390 1610 1498 1638 educati
1530 1610 1557 1638 in
1587 1610 1656 1646 lege,

857 1654 1014 1683 dimisimus
1028 1659 1190 1683 consuetam
1206 1656 1233 1682 in
1259 1663 1313 1691 qua
1328 1655 1423 1683 nutriti
1436 1662 1534 1684 sumus
1558 1655 1655 1689 vitam,

857 1704 939 1736 atque
952 1700 987 1728 ad
1011 1700 1113 1729 Christi
1134 1699 1218 1728 ﬁdem
1236 1699 1424 1736 confugimus.

892 1745 981 1773 Vsus.
997 1748 1040 1772 16.
1054 1757 1066 1768 «ι
1087 1745 1207 1773 Scientes
1223 1748 1315 1772 autem
1330 1744 1404 1780 quod
1415 1752 1469 1772 non
1487 1744 1656 1780 justiﬁcatur

858 1788 942 1817 homo
954 1797 986 1817 ex
1001 1789 1128 1825 operibus
1143 1789 1220 1824 legis,
1234 1789 1284 1817 nisi
1300 1797 1348 1824 per
1366 1788 1451 1816 ﬁdem
1466 1790 1531 1816 Jesu
1542 1789 1653 1822 Christi,

857 1838 884 1862 et
899 1842 950 1862 nos
963 1833 990 1861 in
1009 1834 1148 1862 Christum
1164 1835 1260 1861 Jesum
1281 1832 1462 1866 credidimus,
1476 1837 1506 1860 ut
1517 1833 1654 1869 Justiﬁce-

857 1886 922 1907 mur
942 1886 974 1906 ex
1001 1878 1053 1906 ﬁde
1076 1877 1186 1911 Christi,
1211 1881 1238 1905 et
1258 1885 1313 1905 non
1334 1885 1365 1905 ex
1380 1877 1509 1913 operibus
1522 1877 1596 1914 legis,
1613 1885 1646 1906 eo

857 1923 930 1960 quod
953 1931 1009 1950 non
1033 1921 1227 1958 justiﬁeabitur
1256 1929 1288 1949 ex
1312 1921 1439 1958 operibus
1471 1922 1537 1958 legis
1562 1922 1655 1950 omnis

858 1975 931 1996 caro.
949 1979 961 1992 η
977 1966 1047 1995 Vide
1061 1974 1144 2003 quam
1158 1971 1236 1995 caute
1250 1966 1343 1995 omnia
1354 1966 1490 2002 loquatur.
1506 1968 1569 1994 Non
1581 1967 1655 1995 enim

858 2021 907 2041 ceu
929 2012 1041 2046 malam,
1065 2011 1112 2039 sed
1140 2011 1281 2039 inﬁrmam
1306 2016 1333 2040 et
1360 2019 1422 2046 quae
1448 2019 1505 2039 non
1535 2011 1654 2047 potuerit

853 2057 1018 2094 justiﬁcare,
1043 2057 1130 2093 ipsam
1157 2056 1329 2092 reliquimus.
1354 2057 1443 2084 Nemo
1471 2056 1546 2084 enim
1571 2064 1654 2092 Opem

857 2103 926 2139 ejus,
947 2105 1041 2138 utpote
1075 2101 1166 2138 gravia
1199 2100 1326 2137 factuque
1364 2100 1495 2134 difﬁcilia,
1524 2100 1656 2136 perﬁcere

857 2147 971 2184 potuit:
992 2146 1078 2182 338
1092 2154 1147 2174 non
1161 2146 1197 2175 ob
1223 2145 1443 2182 magnitudinem
1473 2153 1580 2180 eorum,
1607 2145 1655 2174 sed

858 2192 950 2228 potius
968 2191 1004 2219 ob
1025 2191 1158 2219 vilitatem
1175 2191 1269 2226 pretii;
1294 2194 1322 2218 et
1342 2190 1432 2225 aliter,
1448 2189 1510 2225 quia
1532 2190 1655 2218 animam

858 2244 914 2265 non
937 2235 1138 2268 sanctiﬁcabat,
1156 2235 1202 2263 sed
1229 2243 1377 2271 corporcas
1400 2234 1495 2262 sordes
1510 2235 1654 2271 purgabat.

858 2282 1064 2317 Supervacanea
1085 2279 1167 2317 igitur
1184 2280 1368 2308 circumcisio.
1392 2281 1426 2307 In
1452 2287 1585 2315 procursu
1605 2288 1654 2308 au-

859 2330 916 2355 tem
945 2325 1028 2361 dicet,
1049 2325 1123 2362 quod
1147 2325 1185 2353 sit
1208 2325 1291 2354 etiam
1321 2324 1482 2361 periculosa,
1506 2332 1522 2352 a
1542 2324 1653 2354 Christo

859 2371 990 2399 alienans.

897 2417 988 2444 Vsus.
1003 2418 1046 2443 l7.
1064 2426 1076 2439 ι
1091 2414 1170 2451 Quod
1181 2414 1203 2443 si
1215 2418 1370 2451 querentes
1382 2413 1529 2450 justiﬁcari
1540 2413 1567 2442 iu
1577 2413 1658 2442 Chri-

862 2464 915 2494 sto,
942 2460 1043 2488 inventi
1073 2468 1171 2488 sumus
1198 2463 1226 2487 et
1253 2459 1303 2494 ipsi
1333 2462 1499 2495 peccatores,
1533 2459 1659 2495 nunquid

862 2505 986 2533 Christus
1011 2504 1113 2541 peccati
1135 2504 1288 2532 minister?
1308 2515 1321 2529 ν
1342 2503 1536 2539 Quaesivimus,
1557 2503 1658 2540 inquit,

856 2550 1001 2586 justiﬁcari
1020 2550 1047 2577 in
1062 2549 1183 2583 Christo,
1198 2549 1309 2577 dimissa
1324 2549 1399 2585 lege;
1419 2553 1450 2576 ut
1462 2548 1552 2576 dicitis
1566 2552 1658 2576 autem

862 2603 919 2630 vos,
943 2598 1087 2631 peccatum
1113 2599 1155 2623 est
1169 2594 1308 2623 dimittere
1334 2595 1422 2629 legem
1445 2593 1602 2628 :reliquum
1618 2596 1658 2620 est

861 2640 954 2676 igitur,
969 2639 1043 2676 quod
1069 2639 1098 2667 in
1120 2638 1173 2667 hoc
1186 2644 1330 2675 peccatum
1354 2638 1481 2666 Christus
1495 2644 1547 2665 nos
1567 2636 1658 2673 conje-

858 2684 935 2713 cerit.
959 2685 1074 2720 Propter
1096 2684 1173 2712 illum
1199 2684 1271 2712 enim
1292 2683 1447 2712 dimisimus
1461 2686 1576 2710 cunctas
1593 2681 1660 2717 legis

859 2729 1040 2758 caeremonias
1051 2733 1079 2757 et
1087 2733 1199 2758 statuta.
1213 2731 1310 2765 Itaque
1329 2736 1388 2756 non
1406 2727 1496 2755 solum
1507 2734 1563 2754 non
1576 2725 1658 2762 justi-

861 2773 952 2802 ﬁcavit
965 2781 1028 2809 nos,
1043 2777 1074 2802 ut
1090 2773 1193 2808 dicitis,
1207 2773 1331 2805 Christus
1346 2781 1353 2800 :
1368 2779 1464 2800 verum
1477 2771 1561 2799 etiam
1571 2769 1659 2805 majo—

860 2818 900 2847 ris
926 2818 1168 2848 condemnationis
1188 2826 1269 2847 causa
1293 2816 1373 2846 nobis
1397 2820 1447 2851 est,
1471 2812 1660 2852 persuadendo

862 2867 893 2892 ut
906 2863 1079 2892 dimittamus
1093 2862 1189 2899 legem.
