1877 3081
34 194 81 221 981

454 189 630 218 Εχροειτιο
650 190 682 217 ιιι
703 174 808 216 srisr.
828 184 872 213 ιιι)
891 179 1011 211 eam.
1033 195 1068 203 -
1086 181 1161 210 CAP.
1182 181 1223 209 ιιι.

1621 177 1672 205 982

8 250 9 253 Ἰ
34 258 99 288 Υῖοῦ
126 257 169 284 τοῦ
195 255 267 285 Θεοῦ
301 267 314 281 ιι
337 254 369 284 Ἃ
395 254 443 292 μὲν
470 249 560 290 εἶπον,
577 253 638 292 περὶ
659 254 708 288 τῆς
729 248 893 288 νοητῆςλῖ

925 247 940 275 ii
954 246 1018 275 Dei.
1035 256 1048 270 ιι
1061 246 1128 280 Quae
1135 243 1250 280 quidem
1263 241 1332 276 dixi,
1346 241 1380 271 de
1394 241 1448 270 vita
1462 240 1595 276 spirituali
1607 239 1672 268 dixi.

34 303 101 337 ζωῆς
117 295 189 330 εἶπον
200 311 207 318 ·
225 299 270 329 καὶ
293 299 342 334 τὴν
359 299 487 334 αἰσθητὴν
511 298 539 328 δὲ
555 299 637 334 αὐτὴν
655 297 725 333 ζωὴν
749 295 828 336 εὓρή-

35 358 87 379 σεις
111 340 191 374 οὖσάν
216 356 261 382 μοι
286 344 338 374 ἀπὸ
365 345 494 384 Χριστοῦ.
524 344 578 374 Καὶ
591 342 643 383 γὰρ
658 341 732 381 ὁμὲν
750 341 827 379 νόμος

10 432 14 435 Ι
35 389 279 430 παραϐαινόμενος,
304 389 406 420 πάντας
431 389 483 418 ὑπὸ
505 387 638 427 ἁμαρτίαν
659 387 704 416 καὶ
720 386 828 416 κόλασιν

36 435 135 470 ἐποίει,
161 434 205 464 καὶ
221 433 294 463 οὐδὲν
322 434 421 462 ἐκώλυε
444 433 546 466 πάντας
567 432 728 469 ἀπολέσθαι,
742 430 828 461 καθάο

37 492 84 520 περ
99 479 145 509 ἐπὶ
170 482 216 508 τοῦ
241 479 454 516 κατακλυσμοῦ,
482 479 517 511 ὣς
544 477 723 517 παραϐάτας·
747 474 828 506 ἐλθὼν

36 525 62 554 δὲ
78 526 91 554 6
107 524 220 564 Χριστὸς
232 546 239 560 ,
258 522 404 562 ἐξήρπασεν
420 525 492 561 ἡμᾶς
510 524 556 558 τῆς
576 522 773 562 κατακρίσεως,
790 520 830 549 δι-

12 580 14 582 ’
38 568 153 602 καιώσας
176 569 213 607 τῷ
229 566 317 607 οἰκείῳ
333 566 450 607 θανάτῳ,
466 565 552 596 Ὥστε
571 566 620 595 ’καὶ
641 569 720 596 τοῦτο
744 564 828 602 αὐτὸ,

38 617 68 643 τὸ
89 613 223 648 αἰσθητῶς
238 611 283 640 καὶ
303 612 330 640 ἐν
355 611 434 651 σαρκὶ
455 613 518 651 ζῇν,
540 610 582 640 διὰ
595 610 643 646 τὴν
663 611 699 644 εἷς
711 608 829 649 Χριστὸν

38 658 123 687 πίστιν
144 657 257 696 ἔχομεν,
280 655 328 691 τὴν
344 656 497 686 δικαιοῦσαν
513 658 598 694 ἡμᾶς,
620 655 665 684 καὶ
681 656 729 691 τῆς
744 666 829 683 κατα-

39 703 147 743 κρίσεως
163 701 373 741 ἐξαρπάζουσαν.

79 760 92 774 ι
116 749 174 777 Τοῦ
199 744 387 783 ἀγαπήσαντός
412 756 446 783 με
471 744 517 774 καὶ
545 744 707 784 παραδόντος
735 743 829 772 ἑαυτὸν

10 806 12 808 ·
40 791 103 832 ὑπὲρ
120 792 196 830 ἐμοῦ.
217 803 229 816 ιι
254 789 309 819 Καὶ
334 789 387 824 μὴν
412 789 478 828 ὑπὲρ
504 789 609 819 πάντων
635 789 747 819 δέδωκεν
769 790 830 817 ἑαυ-

41 836 81 865 τὸν
91 859 100 873 ,
116 835 164 865 καὶ
177 834 278 867 πάντας
297 833 437 872 ἠγάπησεν
451 845 457 852 ·
473 835 532 862 ἀλλ’
550 836 564 863 6
587 835 692 867 Παῦλος
707 832 831 868 ἐννοήσας

40 880 114 910 τίνων
126 879 282 913 ἀπαλλάξας
296 881 367 916 ἡμᾶς
382 880 395 907 6
411 878 525 918 Χριστὸς
538 878 598 907 τίνα
614 878 769 919 ἐχαρίσατο,
785 877 830 906 καὶ

40 924 166 966 πυρωθεὶς
190 926 223 964 τῇ
250 923 356 963 ἀγάπῃ,
379 922 409 952 τὸ
433 923 518 953 κοινὸν
548 923 614 953 ἴδιον
637 927 772 952 ποιεῖται·
796 923 831 954 ὡς
846 927 869 958 Β

39 969 83 1000 καὶ
99 971 123 999 οἱ
138 971 273 1009 προφῆται
289 980 296 987 ’
314 979 329 996 α
343 967 378 998 ¢0
391 968 475 1004 Θεὸς,
498 969 511 997 6
525 968 595 1002 Θεός
615 979 666 1006 μου
679 980 685 986 ·
698 978 713 996 ιι
731 966 788 1005 ἅμα
805 966 832 996 δὲ

8 1029 10 1033 ·
41 1015 84 1044 καὶ
101 1013 224 1049 δεικνὺς,
246 1012 287 1042 ὅτι
312 1012 443 1048 τοσαύτην
464 1013 503 1042 δεῖ
527 1012 607 1053 χάριν
634 1012 770 1051 ὁμολογεῖν
795 1012 832 1051 τῷ

8 1067 11 1080 ⁵
41 1060 147 1100 Χριστῷ
163 1057 287 1091 ἕκαστον,
303 1057 367 1092 ὅσην
383 1058 413 1085 ἂν
427 1058 451 1086 εἷ
468 1057 514 1086 καὶ
529 1059 563 1086 δι’
579 1057 657 1086 αὐτὸν
672 1056 750 1095 μόνον
767 1055 833 1085 ἀπί-

8 1122 9 1125 η
42 1107 114 1133 θανεν
128 1103 167 1133 ⁵⁸.
189 1104 225 1132 Οἱ
241 1101 268 1131 δὲ
283 1104 315 1141 τῇ
331 1102 467 1142 εὐεργεσία
481 1101 667 1141 χρησάμενοι,
685 1102 709 1132 οἳ
724 1103 761 1133 εἷς
782 1101 832 1130 αὖ-

42 1149 84 1178 τὸν
99 1146 290 1179 πιστεύσαντές
311 1147 362 1175 εἰσι
377 1146 462 1184 μόνοι.
476 1146 564 1176 νΩστε
578 1148 592 1176 6
605 1148 643 1185 τῷ
664 1145 737 1186 νόμῳ
752 1157 834 1185 προσ-

43 1195 106 1234 ἔχων
148 1192 278 1222 δείκνυσιν
319 1190 359 1220 ὅτι
394 1191 442 1220 οὐκ
479 1190 608 1220 ἀπέθανεν
650 1190 716 1230 ὑπὲρ
754 1191 833 1219 αὐτοῦ

8 1246 11 1249 ’
43 1241 55 1267 δ
83 1237 211 1278 Χριστός.
240 1236 293 1266 Καὶ
315 1237 371 1269 πῶς
391 1237 469 1265 τοῦτο
495 1236 524 1265 οὗ
551 1235 682 1276 φρίττεις,
707 1234 766 1264 ἀλλ’
790 1234 833 1263 ἰπὶ

8 1292 11 1306 1
43 1283 83 1312 τὸν
115 1282 197 1312 νόμον
237 1281 438 1320 παλινδρομεῖς,
472 1280 608 1320 ἄχρηστον
644 1279 689 1310 τὸν
722 1279 834 1309 θάνατον

9 1338 17 1349 ί
43 1331 84 1357 τοῦ
100 1325 237 1357 Δεσπότου
251 1324 393 1363 δεικνύων;
412 1326 570 1363 Σημείωσιι
584 1325 612 1354 δὲ
627 1325 672 1354 καὶ
684 1324 725 1360 τὸ,
737 1326 835 1363 Παρα-

45 1373 118 1402 δόντα
133 1370 229 1400 ἑαυτὸν
239 1392 247 1406 ,
263 1369 306 1399 διὰ
320 1369 380 1404 τοὺς
395 1369 552 1408 Ἀρειανούς.

84 1428 98 1446 ιι
111 1417 174 1446 Οὔκ
196 1415 281 1444 ἀθετῶ
298 1413 347 1449 τὴν
370 1413 447 1453 χάριν
473 1417 518 1443 τοῦ
544 1414 624 1444 Θεοῦ.
642 1424 658 1442 ι
672 1412 787 1448 Ἐπειδὴ
803 1413 835 1442 τὰ

45 1462 93 1491 ἀπὸ
115 1463 172 1490 τῶν
196 1459 332 1499 λογισμῶν
365 1458 496 1496 τέθεικεν,
519 1457 695 1498 ἀποφαίνεται
721 1457 834 1494 λοιπὸν,

8 1518 11 1522 ·
44 1506 80 1535 ὅτι
101 1506 164 1535 Οὐκ
179 1503 341 1541 ἆποσείομαι
356 1502 404 1538 τὴν
419 1506 464 1532 τοῦ
486 1504 604 1543 Χριστοῦ
625 1502 726 1542 δωρεὰν
739 1502 773 1538 ἥν
791 1513 836 1540 μοι

9 1562 14 1566 ”
45 1550 203 1591 ἐχαρίσατο,
227 1547 370 1581 δικαιώσας
387 1559 420 1586 με
443 1547 528 1587 χωρὶς
555 1548 638 1588 ἔργων
664 1549 703 1587 τῷ
730 1547 837 1587 θανάτῳ

47 1597 120 1624 αὐτοῦ
129 1617 138 1632 ,
156 1593 216 1623 οὐδὲ
231 1595 268 1633 τῷ
280 1592 352 1632 νόμῳ
365 1592 534 1632 προστρέχει).

87 1651 101 1669 σ
114 1640 148 1669 Εἰ
167 1637 220 1677 γὰρ
237 1637 281 1667 διὰ
295 1636 376 1675 νόμου
393 1637 560 1673 δικαιοσύνη,
576 1637 627 1677 ἄρα
651 1636 766 1676 Χριστὸς
786 1636 836 1665 δω-

48 1684 104 1723 ρεὰν
123 1683 265 1713 ἀπέθανεν.
285 1694 300 1710 »
328 1683 361 1712 Εἰ
376 1681 428 1721 γὰρ
442 1684 456 1711 ὁ
473 1681 567 1720 νόμος,
584 1681 666 1721 φησὶ,
682 1680 774 1715 σώζειν
789 1680 836 1710 καὶ

8 1743 12 1757 τ
46 1730 159 1758 δικαιοῦν
187 1726 292 1767 ἰσχύει,
318 1726 461 1765 ὁΧριστὸς
485 1727 572 1764 μάτην
595 1726 690 1755 λοιπὸν
708 1725 835 1755 ἀπέθανε.

8 1791 12 1804 ;
47 1774 94 1804 Διὰ
117 1775 197 1804 τοῦτο
219 1771 271 1813 γὰρ
294 1771 400 1806 πάντως
423 1771 571 1808 ἀπέθανεν,
594 1770 638 1800 ἵνα
661 1771 738 1805 αὐτὸς
762 1771 836 1809 σώσῃ

47 1818 87 1848 διὰ
100 1821 146 1848 τοῦ
161 1817 277 1847 Θανάτου
290 1841 296 1852 ,
313 1817 349 1850 ὡς
369 1818 414 1846 τοῦ
437 1815 518 1855 νόμου
533 1816 570 1855 μὴ
592 1814 729 1855 ἰσχύοντος
740 1826 746 1833 ·
767 1817 802 1849 ὡς
815 1814 840 1844 εἴ

46 1875 73 1901 γε
87 1863 166 1897 σώζει
189 1864 204 1891 6
217 1861 311 1900 νόμος,
330 1860 451 1901 περιττὸς
475 1862 489 1890 6
514 1864 560 1890 τοῦ
579 1862 695 1901 Χριστοῦ
712 1859 833 1893 θάνατος.

8 1924 11 1928 λ
46 1908 125 1949 Ὁρᾷς
136 1909 188 1936 ποῦ
206 1909 223 1943 ἡ
239 1905 397 1946 βλασφημία
412 1910 563 1946 προχωρεῖ;

331 1960 477 1991 ΚΕΦΑΑ.
502 1961 545 1991 Γ’.

84 2033 96 2046 ι
109 2014 150 2049 τΩ
168 2018 275 2054 ἀνόητοι
292 2017 412 2048 Γαλάται
425 2042 432 2052 ,
447 2018 484 2052 τίς
499 2019 567 2056 ὑμᾶς
580 2018 711 2048 ἐϐάσκαινε
775 2018 839 2053 ἀλη-

48 2064 100 2105 θεία
123 2063 161 2102 μὴ
178 2063 331 2100 πείθεσθαι,
345 2073 365 2105 3
392 2062 484 2097 Δείξας
506 2063 550 2092 διὰ
577 2065 629 2092 τῶν
651 2062 785 2102 προτέρων
800 2061 839 2091 ὅτι

48 2110 91 2138 οὐκ
105 2108 150 2138 ἀπ’
173 2107 318 2148 ἀνθρώπων
343 2103 374 2143 ἦν
390 2106 534 2141 ἀπόστολος
552 2108 587 2144 “9,
603 2107 662 2137 οὐδὲ
688 2107 721 2136 δι’
737 2106 839 2146 ἀνθρώ-

49 2167 116 2190 πων,
151 2153 199 2184 καὶ
238 2151 388 2186 ἀξιόπιστον
424 2153 516 2181 ἑαυτὸν
532 2151 735 2189 ⁷καταστήσας,
773 2151 841 2190 μετὰ

49 2198 161 2232 πλείονος
177 2196 313 2229 αὖθεντίας
337 2196 487 2236 διαλέγεται
503 2207 509 2214 '
523 2197 568 2227 καὶ
594 2197 700 2236 μέλλων
720 2195 769 2231 τὴν
793 2196 840 2225 πί-

51 2254 102 2272 στιν
126 2246 267 2282 συγκρῖναι
290 2241 336 2270 καὶ
362 2240 406 2269 τὸν
433 2241 513 2279 νόμον
526 2264 534 2278 ,
566 2242 692 2282 πρότερον
716 2240 841 2276 ἀνοήτους

50 2287 139 2320 αὐτοὺς
155 2287 287 2316 ἀποκαλεῖ
301 2310 307 2322 ,
331 2286 381 2325 οὔχ
403 2287 439 2319 ὡς
455 2286 628 2326 παραϐαίνων
643 2286 687 2316 τὸν
702 2286 781 2324 νόμον
796 2289 842 2315 τοῦ

51 2333 178 2372 Χριστοῦ,
204 2331 273 2361 ἀλλὰ
295 2330 342 2360 καὶ
364 2330 465 2372 σφόδρα
487 2333 576 2371 τηρῶν
599 2331 688 2362 αὐτόν.
706 2331 746 2361 Οὖ
762 2329 814 2370 γὰρ
829 2332 843 2360 6

51 2376 137 2411 ἅπλῶς
151 2378 241 2406 καλῶν
256 2375 300 2404 τὸν
319 2375 431 2414 ἀδελφὸν
456 2376 536 2406 αὖτοῦ
563 2375 650 2416 μωρὸν
662 2397 671 2412 ,
700 2375 838 2416 ἐνέχεται,

51 2421 104 2450 ἀλλ’
120 2423 133 2450 6
156 2422 245 2456 εἶχ’-ἤ.
260 2416 343 2450 Οὗτοι
368 2420 396 2449 δὲ
419 2419 526 2454 πάντως
554 2411 708 2450 δικαιότατα
735 2411 842 2454 ἀνόητοι

51 2466 214 2504 ἐκλήθησαν,
242 2465 266 2494 οἱ
291 2463 422 2494 τοσούτων
460 2466 567 2504 ἀγαθῶν
609 2466 840 2500 ἄναισθητοῦντες,

52 2511 93 2539 καὶ
116 2511 249 2551 ἄχρηστον
276 2511 412 2542 ποιοῦντες
435 2509 480 2539 τὸν
502 2513 548 2539 τοῦ
574 2511 692 2550 Χριστοῦ
718 2510 840 2539 θάνατον.

51 2553 121 2594 Ὅρα
137 2556 182 2592 δὲ,
209 2555 249 2584 ὅτι
266 2553 335 2593 μετὰ
361 2553 407 2587 τὰς
433 2554 578 2588 ἀποδείξεις
599 2556 688 2588 αὐτοῖς
709 2555 840 2594 ἐπιτιμᾷ,

52 2599 94 2628 καὶ
105 2599 179 2633 εὐθὺς
193 2598 364 2640 καθυφίησιν.
385 2599 425 2629 Οὖ
446 2599 498 2639 γὰρ
522 2595 577 2629 εἷπε
591 2621 600 2636 ,
616 2599 664 2633 Τίς
679 2601 747 2638 ὑμᾶς
769 2598 843 2634 ἧπά-

54 2656 129 2680 τησεν
139 2655 148 2681 ς
165 2644 234 2674 ἀλλὰ
245 2666 253 2681 ,
275 2654 291 2671 ι
303 2643 352 2677 Τίς
368 2643 516 2683 ἐϐάσκανες
534 2657 546 2671 ιι
563 2644 611 2678 Τίς
630 2643 772 2685 ἐφθόνησε;
787 2643 844 2672 δει-

86 2697 96 2711 ¹
107 2693 181 2721 Psal.
195 2699 275 2727 xvn,
287 2695 314 2720 3.
363 2693 372 2710 ‘
383 2692 486 2722 Matth.
499 2700 530 2728 ν,
549 2695 593 2722 22.

885 293 958 329 Quin
979 291 1064 320 etiam
1075 290 1161 326 ipsam
1182 289 1267 316 vitam
1293 286 1448 315 sensibilem
1469 285 1590 313 invenies
1604 284 1672 312 mihi

881 345 941 366 esse
967 345 982 365 a
1007 335 1127 369 Christo.
1150 335 1221 362 Nam
1233 333 1276 361 lex
1291 332 1401 364 violata,
1415 337 1512 358 omnes
1526 332 1636 365 peccato
1647 332 1674 356 et

882 389 972 418 poenae
989 379 1119 412 subdidit,
1135 386 1167 407 ac
1181 378 1246 406 nihil
1262 376 1402 413 prohibuit
1416 373 1562 410 quominus
1578 380 1674 401 omnes

882 417 937 455 non
953 425 1107 459 interirent,
1124 423 1234 460 perinde
1259 430 1290 449 ac
1305 421 1332 449 in
1349 419 1462 453 diluvio,
1478 426 1526 447 ceu
1545 417 1675 454 praevari-

882 476 1000 500 catores.
1023 471 1095 498 Cum
1114 469 1234 497 venisset
1251 471 1342 494 autem
1361 465 1500 497 Christus,
1513 463 1613 498 eripuit
1624 469 1675 490 nos

882 525 896 545 a
910 512 1314 550 condemnatione,justiiicans
1323 519 1373 539 nos
1384 517 1432 538 sua
1440 513 1540 538 morte.
1556 507 1676 536 Proinde

883 566 910 589 et
927 561 979 589 hoc
992 561 1092 596 ipsum,
1118 558 1282 587 sensibiliter
1308 560 1336 585 et
1355 556 1382 584 in
1398 561 1478 583 carne
1502 553 1602 585 vivere,
1630 559 1676 588 per

883 606 965 634 [idem
980 606 1009 634 in
1023 605 1160 634 Christum
1173 602 1316 636 habemus,
1328 608 1389 637 quae
1398 607 1449 628 nos
1461 606 1523 627 cum
1535 596 1675 634 justiiicat,

883 655 942 680 tum
956 659 989 680 ex
1009 648 1238 678 condemnatione
1259 647 1346 683 eripit.

921 748 934 761 ι
957 735 1010 771 Qui
1034 734 1129 763 dilexit
1153 741 1210 766 me,
1240 736 1268 760 et
1288 730 1399 759 tradidit
1424 729 1605 765 semetipsum
1627 735 1677 764 pro

883 789 939 810 me.
966 792 979 805 ιι
995 779 1078 816 Atqui
1100 787 1149 815 pro
1164 777 1292 806 omnibus
1309 776 1384 804 dedit
1396 775 1528 811 seipsum,
1543 777 1571 802 et
1583 781 1679 801 omnes

883 826 1000 855 dilexit:
1023 829 1143 852 attamen
1164 823 1265 851 Paulus
1285 829 1379 850 secum
1405 820 1530 856 cogitans
1545 827 1560 846 a
1578 818 1676 854 quibus

885 879 937 899 nos
958 869 1081 898 liberarit
1104 868 1244 903 Christus,
1271 871 1300 895 et
1322 873 1384 902 quas
1403 864 1524 898 donarit,
1548 863 1678 892 charitate

884 916 1084 947 inﬂammatus,
1098 913 1172 949 quod
1195 911 1332 948 publicum
1361 914 1413 944 est,
1438 909 1577 945 proprium
1602 907 1676 941 facit,

887 968 965 996 aeque
991 967 1023 987 ac
1044 958 1194 994 prophetae,
1219 968 1231 981 ιι
1257 958 1342 989 Deus,
1365 956 1440 983 Deus
1456 961 1534 982 meus
1551 957 1561 971 '
1582 973 1590 987 ,
1605 964 1617 977 ιι
1633 952 1679 980 in-

887 1005 1008 1042 quiunt:
1028 1003 1129 1040 pariter
1155 1001 1312 1034 ostendens,
1331 999 1405 1036 quod
1431 1003 1522 1026 tantas
1557 1001 1681 1034 oporteat

886 1055 1110 1084 unumquemque
1130 1046 1232 1083 gratias
1246 1045 1357 1074 reddere
1379 1044 1496 1077 Christo.
1524 1046 1642 1079 quantas
1656 1042 1679 1070 si

887 1102 936 1130 pro
958 1094 1018 1130 ipso
1032 1093 1091 1121 solo
1105 1095 1232 1120 mortuus
1243 1094 1324 1124 esset,
1346 1089 1499 1118 exhiberet.
1515 1088 1569 1123 Qui
1588 1091 1680 1115 autem

888 1138 940 1166 hoc
965 1137 1097 1166 beneﬁcio
1117 1136 1158 1165 usi
1177 1138 1250 1170 sunt,
1267 1135 1294 1162 hi
1321 1134 1370 1162 soli
1391 1137 1455 1161 sunt
1480 1133 1527 1168 qui
1554 1132 1680 1160 credunt.

887 1183 1018 1219 Quocirca
1034 1182 1080 1218 qui
1101 1181 1154 1216 legi
1177 1179 1321 1212 auscultat.
1347 1177 1448 1206 indicat
1467 1177 1605 1205 Christum
1635 1184 1682 1212 pro

888 1235 916 1256 se
931 1235 986 1255 non
1002 1234 1063 1254 esse
1077 1229 1228 1254 mortuum.
1245 1223 1330 1260 Ecqui
1358 1223 1411 1250 hoc
1433 1230 1489 1249 non
1513 1221 1616 1254 horres,
1634 1220 1683 1248 sed

889 1272 924 1301 ad
939 1272 1026 1308 legem
1045 1278 1142 1298 rursus
1165 1269 1293 1300 accurris,
1309 1271 1426 1296 mortem
1441 1266 1554 1294 Domini
1566 1265 1603 1293 tui
1618 1266 1684 1293 inu-

888 1317 963 1345 tilem
979 1315 1127 1344 ostendens
1142 1316 1154 1342 Ρ
1169 1314 1289 1342 Observa
1304 1317 1397 1341 autem
1412 1311 1487 1348 quod
1501 1311 1548 1346 ait,
1560 1310 1684 1339 Tradidit

888 1362 1018 1397 seipsum,
1032 1365 1142 1397 propter
1156 1359 1282 1387 Arianos.

925 1408 1012 1434 Vens.
1029 1408 1072 1433 21.
1086 1417 1098 1429 ιι
1115 1405 1174 1432 Non
1185 1403 1283 1440 abjicio
1293 1402 1410 1439 gratiam
1424 1401 1486 1429 Dei.
1503 1413 1515 1426 ιι
1535 1402 1683 1437 Postquam

890 1452 1010 1480 rationes
1029 1450 1175 1486 posuisset.
1195 1449 1229 1477 de
1251 1451 1350 1476 caetero
1376 1446 1541 1475 al’iirmative
1563 1453 1684 1481 pronun-

891 1497 952 1531 tiat,
967 1497 1028 1524 Non
1039 1495 1138 1532 abjicio
1151 1493 1252 1522 Christi
1268 1492 1384 1526 donum,
1394 1491 1467 1527 quod
1482 1490 1548 1518 mihi
1562 1489 1684 1523 donavit,

891 1549 956 1569 cum
976 1548 1020 1568 me
1036 1539 1138 1575 absque
1152 1537 1280 1574 operibus
1299 1545 1347 1573 per
1361 1540 1480 1564 mortem
1494 1542 1572 1563 suam
1581 1535 1686 1571 justiti-

892 1586 975 1618 cavit;
991 1592 1080 1621 neque
1098 1584 1131 1612 ad
1142 1584 1230 1620 legem
1241 1589 1364 1610 accurro.

928 1642 941 1655 σι
958 1630 985 1658 Si
997 1629 1072 1658 enim
1095 1637 1142 1664 per
1157 1629 1243 1664 legem
1256 1626 1373 1663 justitia,
1388 1632 1453 1661 ergo
1468 1624 1594 1653 Christus
1604 1625 1687 1660 gratis

889 1680 1015 1703 mortuus
1028 1678 1079 1703 est.
1102 1685 1114 1698 κ
1143 1673 1170 1701 Si
1198 1672 1272 1700 enim
1296 1671 1351 1705 lex,
1388 1669 1485 1706 inquit,
1515 1677 1624 1697 servare
1660 1672 1688 1696 et

885 1720 1034 1757 justiﬁcare
1047 1722 1145 1755 potest,
1165 1722 1224 1745 tum
1249 1716 1334 1752 340
1348 1715 1473 1744 Christus
1487 1713 1590 1742 frustra
1612 1721 1688 1742 mor-

890 1769 954 1793 tuus
978 1768 1029 1792 est.
1049 1765 1163 1798 Propter
1188 1762 1241 1789 hoc
1254 1761 1328 1789 enim
1355 1760 1468 1788 omnino
1483 1763 1608 1786 mortuus
1634 1763 1687 1792 est,

891 1813 921 1837 ut
944 1809 1001 1845 ipse
1026 1811 1115 1836 servet
1129 1814 1180 1834 nos
1200 1813 1248 1842 per
1270 1808 1401 1837 mortem,
1421 1803 1480 1838 lege
1504 1803 1610 1831 scilicet
1630 1811 1687 1830 non

893 1854 1010 1882 valente.
1027 1854 1096 1880 Nam
1123 1852 1145 1879 si
1171 1851 1214 1878 lex
1235 1853 1336 1883 servat,
1358 1848 1496 1884 superﬂua
1521 1851 1563 1875 est
1587 1847 1688 1875 Christi

891 1906 977 1927 mors.
994 1896 1088 1926 Viden’
1105 1903 1159 1932 quo
1174 1893 1341 1930 blasphemia
1357 1891 1508 1928 procedat?

1193 1957 1313 1986 CAPUT
1328 1957 1380 1984 111.

927 2020 1016 2047 Vens.
1035 2021 1082 2046 l.«
1097 2015 1377 2046 OiusensatiGalata:
1392 2016 1398 2042 ι
1415 2014 1474 2050 quis
1490 2021 1537 2042 vos
1548 2012 1690 2042 fascinavit

893 2072 950 2092 non
963 2063 1073 2092 obedire
1085 2062 1214 2091 veritati?
1230 2073 1242 2085 ιι
1259 2062 1328 2089 Cum
1342 2060 1369 2087 in
1379 2058 1517 2095 prioribus
1528 2058 1687 2092 indicasset,

892 2109 966 2146 quod
985 2117 1043 2136 non
1055 2108 1088 2136 ab
1109 2106 1265 2135 hominibus
1277 2109 1348 2133 esset
1362 2104 1515 2140 apostolus,
1539 2111 1628 2139 neque
1642 2111 1689 2139 per

895 2153 1031 2188 homines,
1045 2161 1076 2180 ac
1091 2152 1144 2180 iide
1160 2151 1272 2187 dignum
1291 2150 1410 2186 seipsum
1432 2148 1603 2180 reddidisset.
1625 2156 1690 2176 cum

896 2198 994 2235 majori
1023 2197 1184 2226 auctoritate
1211 2195 1344 2231 disputat.
1373 2195 1586 2229 Comparaturus
1607 2200 1691 2227 porro

856 2243 978 2290 Dlidem
1004 2247 1032 2270 et
1056 2241 1153 2277 legem,
1183 2241 1258 2276 prius
1284 2239 1384 2267 stultos
1408 2245 1455 2266 eos
1481 2237 1609 2272 appellat,
1634 2244 1691 2264 non

896 2287 1101 2324 transgrediens
1119 2286 1206 2320 legem
1225 2284 1339 2319 Christi,
1355 2283 1403 2311 sed
1422 2282 1596 2310 vehementer
1616 2289 1691 2310 eam-

896 2333 959 2361 dem
977 2339 1087 2360 servans
1122 2352 1128 2358 .
1142 2331 1203 2358 Non
1220 2329 1293 2357 enim
1309 2328 1331 2356 is
1343 2328 1388 2363 qui
1405 2326 1564 2362 simpliciter
1577 2326 1692 2354 fratrem

893 2385 976 2406 suum
990 2377 1106 2406 stultum
1121 2375 1248 2411 appellat,
1269 2381 1332 2402 reus
1345 2377 1396 2406 est,
1412 2372 1459 2400 sed
1472 2372 1494 2400 is
1514 2371 1562 2408 qui
1576 2375 1691 2400 temere.

892 2422 940 2451 Isti
953 2427 1046 2450 autem
1060 2421 1175 2448 omnino
1186 2418 1337 2455 justissime
1357 2417 1433 2446 stulti
1452 2417 1540 2444 vocati
1555 2420 1631 2450 sunt,
1646 2417 1693 2452 qui

896 2471 937 2495 tot
955 2471 1085 2502 tantaque
1109 2465 1179 2493 bona
1196 2472 1251 2491 non
1266 2462 1432 2495 sentiebant,
1455 2465 1482 2489 et
1495 2461 1598 2489 Christi
1618 2469 1694 2490 mor-

895 2515 950 2540 tem
974 2511 1096 2539 inutilem
1115 2509 1257 2538 laciebant.
1271 2507 1392 2537 Observa
1408 2511 1513 2541 autem,
1533 2505 1607 2542 quod
1633 2510 1696 2542 post

895 2555 1142 2585 demonstrationes
1166 2561 1213 2581 eos
1233 2553 1373 2588 objurgat,
1398 2559 1430 2579 ac
1444 2550 1540 2579 statim
1561 2550 1693 2578 remittat.

896 2602 958 2630 Non
971 2601 1046 2628 enim
1061 2600 1140 2633 dixit,
1155 2598 1221 2634 Quis
1236 2605 1284 2625 vos
1304 2596 1413 2632 decepit
1427 2597 1439 2623 Ρ
1455 2595 1514 2628 sed,
1535 2604 1549 2621 ιι
1561 2594 1627 2630 Quis
1648 2601 1696 2622 vos

898 2645 1064 2674 fascinavit?
1082 2657 1092 2668 -
1103 2644 1169 2679 Quis
1184 2641 1281 2671 invidit
1294 2641 1395 2670 vobis?
1410 2640 1532 2668 indicans
1541 2646 1589 2667 eos
1598 2637 1696 2674 dignas

740 2736 833 2767 Variae
854 2735 1005 2766 lectiones.

87 2790 109 2808 ⁸³
122 2791 250 2821 ἀπέθανεν.
267 2792 407 2820 Αῑνῑττεται
425 2792 468 2819 καὶ
487 2793 562 2820 τοῦτο
573 2793 613 2819 ὅτι
626 2791 641 2818 6
654 2790 698 2828 μὲν
709 2791 812 2827 Χριστὸς
824 2789 882 2826 ὓπὲρ

925 2790 995 2816 ἱντων
1017 2788 1139 2816 ἀπέθανε·
1162 2786 1186 2814 οἱ
1206 2786 1232 2813 δὲ
1248 2793 1285 2814 m.
1302 2784 1401 2819 Innuit_
1409 2783 1492 2811 etiam
1515 2783 1580 2815 hoc,
1602 2779 1697 2810 Chris-

56 2833 114 2860 tum
124 2835 257 2862 mortuum
268 2841 324 2862 esse
338 2841 391 2869 pro
403 2833 535 2862 omnibus.
572 2833 595 2851 ⁶⁹
608 2832 756 2863 διδάσκαλος
770 2839 797 2860 ο.
