  <div class='ocr_page' id='page_1' title='image "/cluster/home/n/w/nwhite01/storage/ocr_20150623/124/njp.32101010942728/631.png"; bbox 0 0 1877 3081; ppageno 0'>
   <div class='ocr_carea' id='block_1_1' title="bbox 221 171 273 198">
    <p class='ocr_par' dir='ltr' id='par_1_1' title="bbox 221 171 273 198">
     <span class='ocr_line' id='line_1_1' title="bbox 221 171 273 198; baseline -0.019 0"><span class='ocrx_word' id='word_1_1' title='bbox 221 171 273 198; x_wconf 69' lang='grc'><strong>983</strong></span> 
     </span>
    </p>
   </div>
   <div class='ocr_carea' id='block_1_2' title="bbox 726 164 1358 195">
    <p class='ocr_par' dir='ltr' id='par_1_2' title="bbox 726 164 1358 195">
     <span class='ocr_line' id='line_1_2' title="bbox 726 164 1358 195; baseline 0.002 -1"><span class='ocrx_word' id='word_1_2' title='bbox 726 164 985 194; x_wconf 80' lang='lat' dir='ltr'><strong>THEOPHYLACTI</strong></span> <span class='ocrx_word' id='word_1_3' title='bbox 1005 164 1184 195; x_wconf 70' lang='lat' dir='ltr'><strong>BULGARIE</strong></span> <span class='ocrx_word' id='word_1_4' title='bbox 1202 166 1358 195; x_wconf 78' lang='lat' dir='ltr'><strong>ARCHIEP.</strong></span> 
     </span>
    </p>
   </div>
   <div class='ocr_carea' id='block_1_3' title="bbox 1812 169 1840 197">
    <p class='ocr_par' dir='ltr' id='par_1_3' title="bbox 1812 169 1840 197">
     <span class='ocr_line' id='line_1_3' title="bbox 1812 169 1840 197; baseline 0 -1"><span class='ocrx_word' id='word_1_5' title='bbox 1812 169 1840 197; x_wconf 58' lang='grc' dir='ltr'>Μ</span> 
     </span>
    </p>
   </div>
   <div class='ocr_carea' id='block_1_4' title="bbox 220 226 1019 270">
    <p class='ocr_par' dir='ltr' id='par_1_4' title="bbox 220 226 1018 263">
     <span class='ocr_line' id='line_1_4' title="bbox 220 226 1018 263; baseline -0.008 -2"><span class='ocrx_word' id='word_1_6' title='bbox 220 232 322 260; x_wconf 79' lang='lat' dir='ltr'><strong>invidia</strong></span> <span class='ocrx_word' id='word_1_7' title='bbox 336 239 380 260; x_wconf 88' lang='lat' dir='ltr'><strong>res</strong></span> <span class='ocrx_word' id='word_1_8' title='bbox 393 231 459 260; x_wconf 91' lang='lat' dir='ltr'><strong>olim</strong></span> <span class='ocrx_word' id='word_1_9' title='bbox 476 230 656 259; x_wconf 87' lang='lat' dir='ltr'><strong>commisisse.</strong></span> <span class='ocrx_word' id='word_1_10' title='bbox 672 230 808 257; x_wconf 70' lang='lat' dir='ltr'><strong>Praeterea</strong></span> <span class='ocrx_word' id='word_1_11' title='bbox 829 227 931 257; x_wconf 88' lang='lat' dir='ltr'><strong>indicat</strong></span> <span class='ocrx_word' id='word_1_12' title='bbox 945 226 1018 263; x_wconf 85' lang='lat' dir='ltr'><strong>quod</strong></span> 
     </span>
    </p>
   </div>
   <div class='ocr_carea' id='block_1_5' title="bbox 1077 226 1842 270">
    <p class='ocr_par' dir='ltr' id='par_1_5' title="bbox 1077 229 1842 270">
     <span class='ocr_line' id='line_1_5' title="bbox 1077 229 1842 270; baseline 0 -12"><span class='ocrx_word' id='word_1_13' title='bbox 1077 229 1134 263; x_wconf 69' lang='grc' dir='ltr'>μινὺς</span> <span class='ocrx_word' id='word_1_14' title='bbox 1151 229 1211 264; x_wconf 78' lang='grc' dir='ltr'>ἄξια</span> <span class='ocrx_word' id='word_1_15' title='bbox 1226 229 1321 270; x_wconf 77' lang='grc' dir='ltr'>φθόνου</span> <span class='ocrx_word' id='word_1_16' title='bbox 1337 229 1593 270; x_wconf 73' lang='grc' dir='ltr'>πράττοντας’πρωΐ</span> <span class='ocrx_word' id='word_1_17' title='bbox 1614 229 1655 261; x_wconf 73' lang='grc'><strong>⁷⁸.</strong></span> <span class='ocrx_word' id='word_1_18' title='bbox 1683 231 1765 265; x_wconf 82' lang='grc' dir='ltr'>Δηλοῑ</span> <span class='ocrx_word' id='word_1_19' title='bbox 1779 231 1842 269; x_wconf 70' lang='grc' dir='ltr'>δὲ,ὅτ.</span> 
     </span>
    </p>
   </div>
   <div class='ocr_carea' id='block_1_6' title="bbox 220 272 1018 314">
    <p class='ocr_par' dir='ltr' id='par_1_6' title="bbox 220 272 1018 314">
     <span class='ocr_line' id='line_1_6' title="bbox 220 272 1018 314; baseline -0.008 -8"><span class='ocrx_word' id='word_1_20' title='bbox 220 278 268 314; x_wconf 92' lang='lat' dir='ltr'><strong>qui</strong></span> <span class='ocrx_word' id='word_1_21' title='bbox 285 277 323 305; x_wconf 89' lang='lat' dir='ltr'><strong>eis</strong></span> <span class='ocrx_word' id='word_1_22' title='bbox 339 276 536 312; x_wconf 81' lang='lat' dir='ltr'><strong>persuaserint,</strong></span> <span class='ocrx_word' id='word_1_23' title='bbox 551 275 605 303; x_wconf 87' lang='lat' dir='ltr'><strong>hoc</strong></span> <span class='ocrx_word' id='word_1_24' title='bbox 627 282 683 302; x_wconf 88' lang='lat' dir='ltr'><strong>non</strong></span> <span class='ocrx_word' id='word_1_25' title='bbox 698 273 814 302; x_wconf 86' lang='lat' dir='ltr'><strong>fecerint</strong></span> <span class='ocrx_word' id='word_1_26' title='bbox 828 272 902 310; x_wconf 92' lang='lat' dir='ltr'><strong>quod</strong></span> <span class='ocrx_word' id='word_1_27' title='bbox 922 280 1018 300; x_wconf 87' lang='lat' dir='ltr'><strong>curam</strong></span> 
     </span>
    </p>
   </div>
   <div class='ocr_carea' id='block_1_7' title="bbox 220 317 1018 357">
    <p class='ocr_par' dir='ltr' id='par_1_7' title="bbox 220 317 1018 357">
     <span class='ocr_line' id='line_1_7' title="bbox 220 317 1018 357; baseline -0.008 -7"><span class='ocrx_word' id='word_1_28' title='bbox 220 329 317 350; x_wconf 86' lang='lat' dir='ltr'><strong>eorum</strong></span> <span class='ocrx_word' id='word_1_29' title='bbox 331 325 466 357; x_wconf 83' lang='lat' dir='ltr'><strong>gererent,</strong></span> <span class='ocrx_word' id='word_1_30' title='bbox 483 328 572 356; x_wconf 88' lang='lat' dir='ltr'><strong>neque</strong></span> <span class='ocrx_word' id='word_1_31' title='bbox 585 324 616 348; x_wconf 88' lang='lat' dir='ltr'><strong>ut</strong></span> <span class='ocrx_word' id='word_1_32' title='bbox 631 327 691 355; x_wconf 66' lang='lat' dir='ltr'><strong>quae</strong></span> <span class='ocrx_word' id='word_1_33' title='bbox 707 319 745 347; x_wconf 87' lang='lat' dir='ltr'><strong>eis</strong></span> <span class='ocrx_word' id='word_1_34' title='bbox 765 318 891 346; x_wconf 84' lang='lat' dir='ltr'><strong>deessent</strong></span> <span class='ocrx_word' id='word_1_35' title='bbox 911 317 1018 354; x_wconf 86' lang='lat' dir='ltr'><strong>supple-</strong></span> 
     </span>
    </p>
   </div>
   <div class='ocr_carea' id='block_1_8' title="bbox 221 362 1018 401">
    <p class='ocr_par' dir='ltr' id='par_1_8' title="bbox 221 362 1018 401">
     <span class='ocr_line' id='line_1_8' title="bbox 221 362 1018 401; baseline -0.008 -6"><span class='ocrx_word' id='word_1_36' title='bbox 221 371 298 401; x_wconf 86' lang='lat' dir='ltr'><strong>reut;</strong></span> <span class='ocrx_word' id='word_1_37' title='bbox 312 373 407 394; x_wconf 88' lang='lat' dir='ltr'><strong>verum</strong></span> <span class='ocrx_word' id='word_1_38' title='bbox 422 369 453 393; x_wconf 91' lang='lat' dir='ltr'><strong>ut</strong></span> <span class='ocrx_word' id='word_1_39' title='bbox 467 373 498 393; x_wconf 85' lang='lat' dir='ltr'><strong>ea</strong></span> <span class='ocrx_word' id='word_1_40' title='bbox 517 365 600 392; x_wconf 86' lang='lat' dir='ltr'><strong>etiam</strong></span> <span class='ocrx_word' id='word_1_41' title='bbox 620 372 681 400; x_wconf 70' lang='lat' dir='ltr'><strong>quae</strong></span> <span class='ocrx_word' id='word_1_42' title='bbox 697 363 831 391; x_wconf 82' lang='lat' dir='ltr'><strong>haberent</strong></span> <span class='ocrx_word' id='word_1_43' title='bbox 845 362 942 390; x_wconf 82' lang='lat' dir='ltr'><strong>mutila</strong></span> <span class='ocrx_word' id='word_1_44' title='bbox 957 362 1018 390; x_wconf 90' lang='lat' dir='ltr'><strong>red-</strong></span> 
     </span>
    </p>
   </div>
   <div class='ocr_carea' id='block_1_9' title="bbox 221 408 1017 446">
    <p class='ocr_par' dir='ltr' id='par_1_9' title="bbox 221 408 1017 446">
     <span class='ocr_line' id='line_1_9' title="bbox 221 408 1017 446; baseline -0.006 -7"><span class='ocrx_word' id='word_1_45' title='bbox 221 411 329 440; x_wconf 88' lang='lat' dir='ltr'><strong>derent.</strong></span> <span class='ocrx_word' id='word_1_46' title='bbox 358 409 522 446; x_wconf 84' lang='lat' dir='ltr'><strong>Hujusmodi</strong></span> <span class='ocrx_word' id='word_1_47' title='bbox 543 409 615 437; x_wconf 88' lang='lat' dir='ltr'><strong>enim</strong></span> <span class='ocrx_word' id='word_1_48' title='bbox 640 413 682 436; x_wconf 89' lang='lat' dir='ltr'><strong>est</strong></span> <span class='ocrx_word' id='word_1_49' title='bbox 706 408 820 436; x_wconf 81' lang='lat' dir='ltr'><strong>invidia.</strong></span> <span class='ocrx_word' id='word_1_50' title='bbox 848 409 910 436; x_wconf 86' lang='lat' dir='ltr'><strong>Non</strong></span> <span class='ocrx_word' id='word_1_51' title='bbox 926 411 1017 435; x_wconf 87' lang='lat' dir='ltr'><strong>autem</strong></span> 
     </span>
    </p>
   </div>
   <div class='ocr_carea' id='block_1_10' title="bbox 220 452 1019 492">
    <p class='ocr_par' dir='ltr' id='par_1_10' title="bbox 220 452 1019 492">
     <span class='ocr_line' id='line_1_10' title="bbox 220 452 1019 492; baseline -0.006 -8"><span class='ocrx_word' id='word_1_52' title='bbox 220 456 297 492; x_wconf 87' lang='lat' dir='ltr'><strong>quasi</strong></span> <span class='ocrx_word' id='word_1_53' title='bbox 318 455 416 483; x_wconf 86' lang='lat' dir='ltr'><strong>invidia</strong></span> <span class='ocrx_word' id='word_1_54' title='bbox 441 459 546 482; x_wconf 78' lang='lat' dir='ltr'><strong>tantum</strong></span> <span class='ocrx_word' id='word_1_55' title='bbox 569 454 676 481; x_wconf 85' lang='lat' dir='ltr'><strong>roboris</strong></span> <span class='ocrx_word' id='word_1_56' title='bbox 703 460 752 488; x_wconf 89' lang='lat' dir='ltr'><strong>per</strong></span> <span class='ocrx_word' id='word_1_57' title='bbox 778 460 808 480; x_wconf 85' lang='lat' dir='ltr'><strong>se</strong></span> <span class='ocrx_word' id='word_1_58' title='bbox 831 452 941 486; x_wconf 85' lang='lat' dir='ltr'><strong>habeat,</strong></span> <span class='ocrx_word' id='word_1_59' title='bbox 966 452 1019 480; x_wconf 88' lang='lat' dir='ltr'><strong>hoc</strong></span> 
     </span>
    </p>
   </div>
   <div class='ocr_carea' id='block_1_11' title="bbox 221 496 1018 536">
    <p class='ocr_par' dir='ltr' id='par_1_11' title="bbox 221 496 1018 536">
     <span class='ocr_line' id='line_1_11' title="bbox 221 496 1018 536; baseline -0.005 -8"><span class='ocrx_word' id='word_1_60' title='bbox 221 500 298 534; x_wconf 81' lang='lat' dir='ltr'><strong>dixit,</strong></span> <span class='ocrx_word' id='word_1_61' title='bbox 323 507 417 528; x_wconf 88' lang='lat' dir='ltr'><strong>verum</strong></span> <span class='ocrx_word' id='word_1_62' title='bbox 443 499 510 536; x_wconf 83' lang='lat' dir='ltr'><strong>quia</strong></span> <span class='ocrx_word' id='word_1_63' title='bbox 532 498 661 526; x_wconf 79' lang='lat' dir='ltr'><strong>docentes</strong></span> <span class='ocrx_word' id='word_1_64' title='bbox 682 497 740 526; x_wconf 64' lang='lat' dir='ltr'><strong>haec</strong></span> <span class='ocrx_word' id='word_1_65' title='bbox 765 505 812 533; x_wconf 88' lang='lat' dir='ltr'><strong>per</strong></span> <span class='ocrx_word' id='word_1_66' title='bbox 836 496 964 525; x_wconf 88' lang='lat' dir='ltr'><strong>invidiam</strong></span> <span class='ocrx_word' id='word_1_67' title='bbox 986 503 1018 524; x_wconf 89' lang='lat' dir='ltr'><strong>eo</strong></span> 
     </span>
    </p>
   </div>
   <div class='ocr_carea' id='block_1_12' title="bbox 222 545 389 581">
    <p class='ocr_par' dir='ltr' id='par_1_12' title="bbox 222 545 389 581">
     <span class='ocr_line' id='line_1_12' title="bbox 222 545 389 581; baseline -0.012 -7"><span class='ocrx_word' id='word_1_68' title='bbox 222 545 389 581; x_wconf 84' lang='lat' dir='ltr'><strong>perveniant.</strong></span> 
     </span>
    </p>
   </div>
   <div class='ocr_carea' id='block_1_13' title="bbox 260 586 1019 625">
    <p class='ocr_par' dir='ltr' id='par_1_13' title="bbox 260 586 1019 625">
     <span class='ocr_line' id='line_1_13' title="bbox 260 586 1019 625; baseline -0.007 -7"><span class='ocrx_word' id='word_1_69' title='bbox 260 601 273 614; x_wconf 83' lang='grc' dir='ltr'><strong>ι</strong></span> <span class='ocrx_word' id='word_1_70' title='bbox 288 590 413 625; x_wconf 84' lang='lat' dir='ltr'><strong>Quorum</strong></span> <span class='ocrx_word' id='word_1_71' title='bbox 431 589 467 617; x_wconf 91' lang='lat' dir='ltr'><strong>ob</strong></span> <span class='ocrx_word' id='word_1_72' title='bbox 485 590 578 616; x_wconf 86' lang='lat' dir='ltr'><strong>oculos</strong></span> <span class='ocrx_word' id='word_1_73' title='bbox 602 588 729 616; x_wconf 79' lang='lat' dir='ltr'><strong>Christus</strong></span> <span class='ocrx_word' id='word_1_74' title='bbox 751 588 830 615; x_wconf 70' lang='lat' dir='ltr'><strong>Iesus</strong></span> <span class='ocrx_word' id='word_1_75' title='bbox 844 586 1019 622; x_wconf 58' lang='lat' dir='ltr'><strong>praescriptus</strong></span> 
     </span>
    </p>
   </div>
   <div class='ocr_carea' id='block_1_14' title="bbox 223 632 1017 668">
    <p class='ocr_par' dir='ltr' id='par_1_14' title="bbox 223 632 1017 668">
     <span class='ocr_line' id='line_1_14' title="bbox 223 632 1017 668; baseline -0.006 -5"><span class='ocrx_word' id='word_1_76' title='bbox 223 639 273 668; x_wconf 78' lang='lat' dir='ltr'><strong>est,</strong></span> <span class='ocrx_word' id='word_1_77' title='bbox 288 634 431 663; x_wconf 86' lang='lat' dir='ltr'><strong>cruciﬁxus</strong></span> <span class='ocrx_word' id='word_1_78' title='bbox 452 634 481 661; x_wconf 87' lang='lat' dir='ltr'><strong>in</strong></span> <span class='ocrx_word' id='word_1_79' title='bbox 503 634 589 661; x_wconf 89' lang='lat' dir='ltr'><strong>vobis.</strong></span> <span class='ocrx_word' id='word_1_80' title='bbox 608 645 620 657; x_wconf 73' lang='grc' dir='ltr'><strong>ι</strong></span> <span class='ocrx_word' id='word_1_81' title='bbox 646 633 727 668; x_wconf 81' lang='lat' dir='ltr'><strong>Atqui</strong></span> <span class='ocrx_word' id='word_1_82' title='bbox 745 632 942 668; x_wconf 74' lang='lat' dir='ltr'><strong>Hierosolymis</strong></span> <span class='ocrx_word' id='word_1_83' title='bbox 956 639 1017 658; x_wconf 89' lang='lat' dir='ltr'><strong>cru-</strong></span> 
     </span>
    </p>
   </div>
   <div class='ocr_carea' id='block_1_15' title="bbox 223 676 1016 714">
    <p class='ocr_par' dir='ltr' id='par_1_15' title="bbox 223 676 1016 714">
     <span class='ocr_line' id='line_1_15' title="bbox 223 676 1016 714; baseline -0.006 -7"><span class='ocrx_word' id='word_1_84' title='bbox 223 679 318 707; x_wconf 82' lang='lat' dir='ltr'><strong>ciﬁxus</strong></span> <span class='ocrx_word' id='word_1_85' title='bbox 329 683 370 707; x_wconf 88' lang='lat' dir='ltr'><strong>cst</strong></span> <span class='ocrx_word' id='word_1_86' title='bbox 380 689 388 713; x_wconf 84' lang='grc'>;</span> <span class='ocrx_word' id='word_1_87' title='bbox 399 677 539 714; x_wconf 88' lang='lat' dir='ltr'><strong>quomodo</strong></span> <span class='ocrx_word' id='word_1_88' title='bbox 548 686 612 713; x_wconf 80' lang='lat' dir='ltr'><strong>ergo</strong></span> <span class='ocrx_word' id='word_1_89' title='bbox 624 677 690 705; x_wconf 82' lang='lat' dir='ltr'><strong>dicit</strong></span> <span class='ocrx_word' id='word_1_90' title='bbox 701 676 789 712; x_wconf 84' lang='lat' dir='ltr'><strong>quod-</strong></span> <span class='ocrx_word' id='word_1_91' title='bbox 807 679 877 704; x_wconf 75' lang='lat' dir='ltr'><strong>Ante</strong></span> <span class='ocrx_word' id='word_1_92' title='bbox 887 676 992 707; x_wconf 81' lang='lat' dir='ltr'><strong>Oculos,</strong></span> <span class='ocrx_word' id='word_1_93' title='bbox 1004 687 1016 698; x_wconf 75' lang='grc' dir='ltr'><strong>ιι</strong></span> 
     </span>
    </p>
   </div>
   <div class='ocr_carea' id='block_1_16' title="bbox 223 720 1019 758">
    <p class='ocr_par' dir='ltr' id='par_1_16' title="bbox 223 720 1019 758">
     <span class='ocr_line' id='line_1_16' title="bbox 223 720 1019 758; baseline -0.006 -6"><span class='ocrx_word' id='word_1_94' title='bbox 223 729 260 757; x_wconf 86' lang='lat' dir='ltr'><strong>et,</strong></span> <span class='ocrx_word' id='word_1_95' title='bbox 291 735 304 748; x_wconf 77' lang='grc' dir='ltr'>ι</span> <span class='ocrx_word' id='word_1_96' title='bbox 328 726 357 752; x_wconf 90' lang='lat' dir='ltr'><strong>lu</strong></span> <span class='ocrx_word' id='word_1_97' title='bbox 382 723 458 751; x_wconf 80' lang='lat' dir='ltr'><strong>vobis</strong></span> <span class='ocrx_word' id='word_1_98' title='bbox 477 725 487 750; x_wconf 71' lang='grc' dir='ltr'><strong><em>ἲ</em></strong></span> <span class='ocrx_word' id='word_1_99' title='bbox 504 735 516 746; x_wconf 70' lang='grc' dir='ltr'><strong>ν</strong></span> <span class='ocrx_word' id='word_1_100' title='bbox 534 722 673 758; x_wconf 79' lang='lat' dir='ltr'><strong>Quoniam</strong></span> <span class='ocrx_word' id='word_1_101' title='bbox 698 721 760 749; x_wconf 82' lang='lat' dir='ltr'><strong>ﬁdei</strong></span> <span class='ocrx_word' id='word_1_102' title='bbox 785 721 871 749; x_wconf 82' lang='lat' dir='ltr'><strong>oculis</strong></span> <span class='ocrx_word' id='word_1_103' title='bbox 893 720 1019 748; x_wconf 75' lang='lat' dir='ltr'><strong>viderunt</strong></span> 
     </span>
    </p>
   </div>
   <div class='ocr_carea' id='block_1_17' title="bbox 222 765 1018 803">
    <p class='ocr_par' dir='ltr' id='par_1_17' title="bbox 222 765 1018 803">
     <span class='ocr_line' id='line_1_17' title="bbox 222 765 1018 803; baseline -0.005 -7"><span class='ocrx_word' id='word_1_104' title='bbox 222 777 331 797; x_wconf 88' lang='lat' dir='ltr'><strong>crucem</strong></span> <span class='ocrx_word' id='word_1_105' title='bbox 362 768 493 800; x_wconf 78' lang='lat' dir='ltr'><strong>exactius,</strong></span> <span class='ocrx_word' id='word_1_106' title='bbox 509 775 593 803; x_wconf 88' lang='lat' dir='ltr'><strong>quam</strong></span> <span class='ocrx_word' id='word_1_107' title='bbox 614 767 659 803; x_wconf 89' lang='lat' dir='ltr'><strong>qui</strong></span> <span class='ocrx_word' id='word_1_108' title='bbox 684 770 745 794; x_wconf 80' lang='lat' dir='ltr'><strong>tum</strong></span> <span class='ocrx_word' id='word_1_109' title='bbox 763 774 858 794; x_wconf 87' lang='lat' dir='ltr'><strong>coram</strong></span> <span class='ocrx_word' id='word_1_110' title='bbox 875 765 1018 793; x_wconf 81' lang='lat' dir='ltr'><strong>astiterunt</strong></span> 
     </span>
    </p>
   </div>
   <div class='ocr_carea' id='block_1_18' title="bbox 222 810 1017 849">
    <p class='ocr_par' dir='ltr' id='par_1_18' title="bbox 222 810 1017 849">
     <span class='ocr_line' id='line_1_18' title="bbox 222 810 1017 849; baseline -0.005 -8"><span class='ocrx_word' id='word_1_111' title='bbox 222 817 483 849; x_wconf 78' lang='lat' dir='ltr'><strong>conspexeruntque.</strong></span> <span class='ocrx_word' id='word_1_112' title='bbox 505 814 575 840; x_wconf 90' lang='lat' dir='ltr'><strong>Nam</strong></span> <span class='ocrx_word' id='word_1_113' title='bbox 591 811 724 847; x_wconf 86' lang='lat' dir='ltr'><strong>plerisque</strong></span> <span class='ocrx_word' id='word_1_114' title='bbox 748 818 842 838; x_wconf 89' lang='lat' dir='ltr'><strong>eoram</strong></span> <span class='ocrx_word' id='word_1_115' title='bbox 856 810 903 846; x_wconf 87' lang='lat' dir='ltr'><strong>qui</strong></span> <span class='ocrx_word' id='word_1_116' title='bbox 917 817 1017 845; x_wconf 89' lang='lat' dir='ltr'><strong>corpo-</strong></span> 
     </span>
    </p>
   </div>
   <div class='ocr_carea' id='block_1_19' title="bbox 221 855 1015 891">
    <p class='ocr_par' dir='ltr' id='par_1_19' title="bbox 221 855 1015 891">
     <span class='ocr_line' id='line_1_19' title="bbox 221 855 1015 891; baseline -0.005 -5"><span class='ocrx_word' id='word_1_117' title='bbox 221 858 314 886; x_wconf 80' lang='lat' dir='ltr'><strong>raliter</strong></span> <span class='ocrx_word' id='word_1_118' title='bbox 342 857 474 891; x_wconf 81' lang='lat' dir='ltr'><strong>viderant,</strong></span> <span class='ocrx_word' id='word_1_119' title='bbox 510 857 577 884; x_wconf 89' lang='lat' dir='ltr'><strong>nihil</strong></span> <span class='ocrx_word' id='word_1_120' title='bbox 615 855 802 884; x_wconf 82' lang='lat' dir='ltr'><strong>commodavit</strong></span> <span class='ocrx_word' id='word_1_121' title='bbox 826 864 832 882; x_wconf 89' lang='lat'>:</span> <span class='ocrx_word' id='word_1_122' title='bbox 854 855 883 882; x_wconf 91' lang='lat' dir='ltr'><strong>hi</strong></span> <span class='ocrx_word' id='word_1_123' title='bbox 911 859 1015 887; x_wconf 87' lang='lat' dir='ltr'><strong>autem,</strong></span> 
     </span>
    </p>
   </div>
   <div class='ocr_carea' id='block_1_20' title="bbox 221 890 1055 936">
    <p class='ocr_par' dir='ltr' id='par_1_20' title="bbox 221 890 1055 936">
     <span class='ocr_line' id='line_1_20' title="bbox 221 890 1055 936; baseline -0.006 -5"><span class='ocrx_word' id='word_1_124' title='bbox 221 903 326 932; x_wconf 85' lang='lat' dir='ltr'><strong>etiamsi</strong></span> <span class='ocrx_word' id='word_1_125' title='bbox 345 903 432 930; x_wconf 90' lang='lat' dir='ltr'><strong>oculis</strong></span> <span class='ocrx_word' id='word_1_126' title='bbox 442 910 497 930; x_wconf 90' lang='lat' dir='ltr'><strong>non</strong></span> <span class='ocrx_word' id='word_1_127' title='bbox 512 901 652 934; x_wconf 81' lang='lat' dir='ltr'><strong>vidissent,</strong></span> <span class='ocrx_word' id='word_1_128' title='bbox 675 909 722 936; x_wconf 86' lang='lat' dir='ltr'><strong>per</strong></span> <span class='ocrx_word' id='word_1_129' title='bbox 736 899 821 928; x_wconf 84' lang='lat' dir='ltr'><strong>ﬁdem</strong></span> <span class='ocrx_word' id='word_1_130' title='bbox 845 905 937 928; x_wconf 86' lang='lat' dir='ltr'><strong>tamen</strong></span> <span class='ocrx_word' id='word_1_131' title='bbox 951 908 1015 927; x_wconf 87' lang='lat' dir='ltr'><strong>exa-</strong></span> <span class='ocrx_word' id='word_1_132' title='bbox 1031 890 1055 921; x_wconf 84' lang='grc' dir='ltr'>Β</span> 
     </span>
    </p>
   </div>
   <div class='ocr_carea' id='block_1_21' title="bbox 221 944 1017 981">
    <p class='ocr_par' dir='ltr' id='par_1_21' title="bbox 221 944 1017 981">
     <span class='ocr_line' id='line_1_21' title="bbox 221 944 1017 981; baseline -0.006 -5"><span class='ocrx_word' id='word_1_133' title='bbox 221 949 293 976; x_wconf 77' lang='lat' dir='ltr'><strong>clins</strong></span> <span class='ocrx_word' id='word_1_134' title='bbox 306 947 442 975; x_wconf 87' lang='lat' dir='ltr'><strong>viderunt.</strong></span> <span class='ocrx_word' id='word_1_135' title='bbox 457 946 583 974; x_wconf 82' lang='lat' dir='ltr'><strong>Christus</strong></span> <span class='ocrx_word' id='word_1_136' title='bbox 602 946 687 981; x_wconf 82' lang='lat' dir='ltr'><strong>igitur</strong></span> <span class='ocrx_word' id='word_1_137' title='bbox 708 945 882 981; x_wconf 69' lang='lat' dir='ltr'><strong>praescriptus</strong></span> <span class='ocrx_word' id='word_1_138' title='bbox 901 948 952 979; x_wconf 86' lang='lat' dir='ltr'><strong>est,</strong></span> <span class='ocrx_word' id='word_1_139' title='bbox 965 944 1017 972; x_wconf 91' lang='lat' dir='ltr'><strong>hoc</strong></span> 
     </span>
    </p>
   </div>
   <div class='ocr_carea' id='block_1_22' title="bbox 222 989 1018 1027">
    <p class='ocr_par' dir='ltr' id='par_1_22' title="bbox 222 989 1018 1027">
     <span class='ocr_line' id='line_1_22' title="bbox 222 989 1018 1027; baseline -0.006 -6"><span class='ocrx_word' id='word_1_140' title='bbox 222 997 273 1027; x_wconf 81' lang='lat' dir='ltr'><strong>est,</strong></span> <span class='ocrx_word' id='word_1_141' title='bbox 293 992 351 1020; x_wconf 85' lang='lat' dir='ltr'><strong>viva</strong></span> <span class='ocrx_word' id='word_1_142' title='bbox 373 991 455 1020; x_wconf 87' lang='lat' dir='ltr'><strong>veluti</strong></span> <span class='ocrx_word' id='word_1_143' title='bbox 471 990 587 1026; x_wconf 82' lang='lat' dir='ltr'><strong>imagine</strong></span> <span class='ocrx_word' id='word_1_144' title='bbox 609 998 735 1026; x_wconf 85' lang='lat' dir='ltr'><strong>expressa</strong></span> <span class='ocrx_word' id='word_1_145' title='bbox 760 989 881 1025; x_wconf 88' lang='lat' dir='ltr'><strong>depictus</strong></span> <span class='ocrx_word' id='word_1_146' title='bbox 903 993 944 1016; x_wconf 89' lang='lat' dir='ltr'><strong>est</strong></span> <span class='ocrx_word' id='word_1_147' title='bbox 971 996 1018 1024; x_wconf 90' lang='lat' dir='ltr'><strong>per</strong></span> 
     </span>
    </p>
   </div>
   <div class='ocr_carea' id='block_1_23' title="bbox 223 1033 1017 1073">
    <p class='ocr_par' dir='ltr' id='par_1_23' title="bbox 223 1033 1017 1073">
     <span class='ocr_line' id='line_1_23' title="bbox 223 1033 1017 1073; baseline -0.008 -8"><span class='ocrx_word' id='word_1_148' title='bbox 223 1036 471 1073; x_wconf 65' lang='lat' dir='ltr'><strong>prmdicationem:</strong></span> <span class='ocrx_word' id='word_1_149' title='bbox 498 1043 546 1063; x_wconf 91' lang='lat' dir='ltr'><strong>vos</strong></span> <span class='ocrx_word' id='word_1_150' title='bbox 570 1042 635 1062; x_wconf 85' lang='lat' dir='ltr'><strong>vero</strong></span> <span class='ocrx_word' id='word_1_151' title='bbox 661 1034 846 1069; x_wconf 81' lang='lat' dir='ltr'><strong>przndicationi</strong></span> <span class='ocrx_word' id='word_1_152' title='bbox 867 1033 1017 1067; x_wconf 67' lang='lat' dir='ltr'><strong>credentes,</strong></span> 
     </span>
    </p>
   </div>
   <div class='ocr_carea' id='block_1_24' title="bbox 222 1077 1017 1117">
    <p class='ocr_par' dir='ltr' id='par_1_24' title="bbox 222 1077 1017 1117">
     <span class='ocr_line' id='line_1_24' title="bbox 222 1077 1017 1117; baseline -0.006 -8"><span class='ocrx_word' id='word_1_153' title='bbox 222 1089 271 1109; x_wconf 90' lang='lat' dir='ltr'><strong>ceu</strong></span> <span class='ocrx_word' id='word_1_154' title='bbox 299 1084 459 1117; x_wconf 67' lang='lat' dir='ltr'><strong>prtesentem</strong></span> <span class='ocrx_word' id='word_1_155' title='bbox 482 1080 571 1116; x_wconf 86' lang='lat' dir='ltr'><strong>ipsum</strong></span> <span class='ocrx_word' id='word_1_156' title='bbox 593 1079 702 1106; x_wconf 85' lang='lat' dir='ltr'><strong>videtis.</strong></span> <span class='ocrx_word' id='word_1_157' title='bbox 731 1079 798 1106; x_wconf 64' lang='lat' dir='ltr'><strong>Haec</strong></span> <span class='ocrx_word' id='word_1_158' title='bbox 829 1082 923 1106; x_wconf 88' lang='lat' dir='ltr'><strong>autem</strong></span> <span class='ocrx_word' id='word_1_159' title='bbox 943 1082 971 1105; x_wconf 89' lang='lat' dir='ltr'><strong>et</strong></span> <span class='ocrx_word' id='word_1_160' title='bbox 990 1077 1017 1105; x_wconf 91' lang='lat' dir='ltr'><strong>in</strong></span> 
     </span>
    </p>
   </div>
   <div class='ocr_carea' id='block_1_25' title="bbox 223 1121 1015 1159">
    <p class='ocr_par' dir='ltr' id='par_1_25' title="bbox 223 1121 1015 1159">
     <span class='ocr_line' id='line_1_25' title="bbox 223 1121 1015 1159; baseline -0.005 -6"><span class='ocrx_word' id='word_1_161' title='bbox 223 1125 332 1153; x_wconf 85' lang='lat' dir='ltr'><strong>laudem</strong></span> <span class='ocrx_word' id='word_1_162' title='bbox 343 1133 439 1153; x_wconf 89' lang='lat' dir='ltr'><strong>eorum</strong></span> <span class='ocrx_word' id='word_1_163' title='bbox 453 1125 564 1159; x_wconf 87' lang='lat' dir='ltr'><strong>cedunt,</strong></span> <span class='ocrx_word' id='word_1_164' title='bbox 584 1128 610 1151; x_wconf 85' lang='lat' dir='ltr'><strong>et</strong></span> <span class='ocrx_word' id='word_1_165' title='bbox 623 1124 652 1151; x_wconf 90' lang='lat' dir='ltr'><strong>in</strong></span> <span class='ocrx_word' id='word_1_166' title='bbox 664 1123 840 1158; x_wconf 84' lang='lat' dir='ltr'><strong>vituperium:</strong></span> <span class='ocrx_word' id='word_1_167' title='bbox 855 1123 883 1150; x_wconf 88' lang='lat' dir='ltr'><strong>in</strong></span> <span class='ocrx_word' id='word_1_168' title='bbox 898 1121 1015 1156; x_wconf 87' lang='lat' dir='ltr'><strong>laudem,</strong></span> 
     </span>
    </p>
   </div>
   <div class='ocr_carea' id='block_1_26' title="bbox 222 1166 1017 1207">
    <p class='ocr_par' dir='ltr' id='par_1_26' title="bbox 222 1166 1017 1207">
     <span class='ocr_line' id='line_1_26' title="bbox 222 1166 1017 1207; baseline -0.005 -9"><span class='ocrx_word' id='word_1_169' title='bbox 222 1170 285 1207; x_wconf 88' lang='lat' dir='ltr'><strong>quia</strong></span> <span class='ocrx_word' id='word_1_170' title='bbox 304 1178 368 1198; x_wconf 90' lang='lat' dir='ltr'><strong>cum</strong></span> <span class='ocrx_word' id='word_1_171' title='bbox 395 1173 469 1198; x_wconf 82' lang='lat' dir='ltr'><strong>tanta</strong></span> <span class='ocrx_word' id='word_1_172' title='bbox 497 1168 661 1196; x_wconf 83' lang='lat' dir='ltr'><strong>ccrtitudinc</strong></span> <span class='ocrx_word' id='word_1_173' title='bbox 688 1168 745 1196; x_wconf 71' lang='lat' dir='ltr'><strong>haec</strong></span> <span class='ocrx_word' id='word_1_174' title='bbox 772 1170 967 1203; x_wconf 82' lang='lat' dir='ltr'><strong>susceperunt;</strong></span> <span class='ocrx_word' id='word_1_175' title='bbox 988 1166 1017 1194; x_wconf 91' lang='lat' dir='ltr'><strong>in</strong></span> 
     </span>
    </p>
   </div>
   <div class='ocr_carea' id='block_1_27' title="bbox 221 1211 1019 1250">
    <p class='ocr_par' dir='ltr' id='par_1_27' title="bbox 221 1211 1019 1250">
     <span class='ocr_line' id='line_1_27' title="bbox 221 1211 1019 1250; baseline -0.005 -8"><span class='ocrx_word' id='word_1_176' title='bbox 221 1215 397 1250; x_wconf 88' lang='lat' dir='ltr'><strong>vituperium,</strong></span> <span class='ocrx_word' id='word_1_177' title='bbox 412 1214 475 1250; x_wconf 84' lang='lat' dir='ltr'><strong>quia</strong></span> <span class='ocrx_word' id='word_1_178' title='bbox 497 1221 578 1249; x_wconf 84' lang='lat' dir='ltr'><strong>quem</strong></span> <span class='ocrx_word' id='word_1_179' title='bbox 599 1213 721 1240; x_wconf 82' lang='lat' dir='ltr'><strong>viderunt</strong></span> <span class='ocrx_word' id='word_1_180' title='bbox 747 1212 894 1245; x_wconf 88' lang='lat' dir='ltr'><strong>nudatum,</strong></span> <span class='ocrx_word' id='word_1_181' title='bbox 910 1211 1019 1239; x_wconf 90' lang='lat' dir='ltr'><strong>cruciﬁ-</strong></span> 
     </span>
    </p>
   </div>
   <div class='ocr_carea' id='block_1_28' title="bbox 222 1256 1017 1292">
    <p class='ocr_par' dir='ltr' id='par_1_28' title="bbox 222 1256 1017 1292">
     <span class='ocr_line' id='line_1_28' title="bbox 222 1256 1017 1292; baseline -0.005 -5"><span class='ocrx_word' id='word_1_182' title='bbox 222 1268 299 1292; x_wconf 88' lang='lat' dir='ltr'><strong>xum,</strong></span> <span class='ocrx_word' id='word_1_183' title='bbox 321 1260 494 1289; x_wconf 86' lang='lat' dir='ltr'><strong>morientem,</strong></span> <span class='ocrx_word' id='word_1_184' title='bbox 519 1258 591 1286; x_wconf 88' lang='lat' dir='ltr'><strong>hunc</strong></span> <span class='ocrx_word' id='word_1_185' title='bbox 609 1257 787 1289; x_wconf 79' lang='lat' dir='ltr'><strong>dimittentcs,</strong></span> <span class='ocrx_word' id='word_1_186' title='bbox 811 1256 844 1284; x_wconf 91' lang='lat' dir='ltr'><strong>ad</strong></span> <span class='ocrx_word' id='word_1_187' title='bbox 870 1256 958 1291; x_wconf 81' lang='lat' dir='ltr'><strong>legem</strong></span> <span class='ocrx_word' id='word_1_188' title='bbox 973 1264 1017 1284; x_wconf 86' lang='lat' dir='ltr'><strong>ac-</strong></span> 
     </span>
    </p>
   </div>
   <div class='ocr_carea' id='block_1_29' title="bbox 221 1301 1019 1339">
    <p class='ocr_par' dir='ltr' id='par_1_29' title="bbox 221 1301 1019 1339">
     <span class='ocr_line' id='line_1_29' title="bbox 221 1301 1019 1339; baseline -0.005 -7"><span class='ocrx_word' id='word_1_189' title='bbox 221 1309 378 1333; x_wconf 88' lang='lat' dir='ltr'><strong>currerunt.</strong></span> <span class='ocrx_word' id='word_1_190' title='bbox 394 1303 523 1339; x_wconf 82' lang='lat' dir='ltr'><strong>Expende</strong></span> <span class='ocrx_word' id='word_1_191' title='bbox 535 1307 628 1331; x_wconf 89' lang='lat' dir='ltr'><strong>autem</strong></span> <span class='ocrx_word' id='word_1_192' title='bbox 654 1301 793 1337; x_wconf 89' lang='lat' dir='ltr'><strong>quomodo</strong></span> <span class='ocrx_word' id='word_1_193' title='bbox 808 1301 912 1329; x_wconf 78' lang='lat' dir='ltr'><strong>relictis</strong></span> <span class='ocrx_word' id='word_1_194' title='bbox 929 1301 1019 1329; x_wconf 88' lang='lat' dir='ltr'><strong>omni-</strong></span> 
     </span>
    </p>
   </div>
   <div class='ocr_carea' id='block_1_30' title="bbox 223 1346 723 1382">
    <p class='ocr_par' dir='ltr' id='par_1_30' title="bbox 223 1346 723 1382">
     <span class='ocr_line' id='line_1_30' title="bbox 223 1346 723 1382; baseline -0.006 -5"><span class='ocrx_word' id='word_1_195' title='bbox 223 1349 273 1377; x_wconf 84' lang='lat' dir='ltr'><strong>bus</strong></span> <span class='ocrx_word' id='word_1_196' title='bbox 296 1357 403 1376; x_wconf 78' lang='lat' dir='ltr'><strong>crucem</strong></span> <span class='ocrx_word' id='word_1_197' title='bbox 419 1349 447 1376; x_wconf 92' lang='lat' dir='ltr'><strong>in</strong></span> <span class='ocrx_word' id='word_1_198' title='bbox 467 1348 590 1376; x_wconf 84' lang='lat' dir='ltr'><strong>medium</strong></span> <span class='ocrx_word' id='word_1_199' title='bbox 610 1346 723 1382; x_wconf 81' lang='lat' dir='ltr'><strong>profert.</strong></span> 
     </span>
    </p>
   </div>
   <div class='ocr_carea' id='block_1_31' title="bbox 258 1389 1020 1422">
    <p class='ocr_par' dir='ltr' id='par_1_31' title="bbox 258 1389 1020 1422">
     <span class='ocr_line' id='line_1_31' title="bbox 258 1389 1020 1422; baseline -0.007 0"><span class='ocrx_word' id='word_1_200' title='bbox 258 1395 342 1422; x_wconf 77' lang='lat' dir='ltr'><strong>Vsus.</strong></span> <span class='ocrx_word' id='word_1_201' title='bbox 358 1396 384 1421; x_wconf 85' lang='lat'><strong>2.</strong></span> <span class='ocrx_word' id='word_1_202' title='bbox 403 1405 416 1417; x_wconf 79' lang='grc' dir='ltr'><strong>ι</strong></span> <span class='ocrx_word' id='word_1_203' title='bbox 434 1394 493 1420; x_wconf 85' lang='lat' dir='ltr'><strong>lloc</strong></span> <span class='ocrx_word' id='word_1_204' title='bbox 512 1392 601 1420; x_wconf 92' lang='lat' dir='ltr'><strong>solum</strong></span> <span class='ocrx_word' id='word_1_205' title='bbox 625 1399 640 1419; x_wconf 90' lang='lat' dir='ltr'><strong>a</strong></span> <span class='ocrx_word' id='word_1_206' title='bbox 667 1391 746 1419; x_wconf 91' lang='lat' dir='ltr'><strong>vobis</strong></span> <span class='ocrx_word' id='word_1_207' title='bbox 763 1390 826 1418; x_wconf 93' lang='lat' dir='ltr'><strong>volo</strong></span> <span class='ocrx_word' id='word_1_208' title='bbox 845 1389 947 1418; x_wconf 80' lang='lat' dir='ltr'><strong>discere</strong></span> <span class='ocrx_word' id='word_1_209' title='bbox 960 1399 966 1417; x_wconf 93' lang='lat'>:</span> <span class='ocrx_word' id='word_1_210' title='bbox 978 1391 1020 1418; x_wconf 87' lang='lat' dir='ltr'><strong>Ex</strong></span> 
     </span>
    </p>
   </div>
   <div class='ocr_carea' id='block_1_32' title="bbox 222 1435 1019 1474">
    <p class='ocr_par' dir='ltr' id='par_1_32' title="bbox 222 1435 1019 1474">
     <span class='ocr_line' id='line_1_32' title="bbox 222 1435 1019 1474; baseline -0.005 -8"><span class='ocrx_word' id='word_1_211' title='bbox 222 1438 350 1474; x_wconf 89' lang='lat' dir='ltr'><strong>operibus</strong></span> <span class='ocrx_word' id='word_1_212' title='bbox 379 1438 447 1472; x_wconf 81' lang='lat' dir='ltr'><strong>legis</strong></span> <span class='ocrx_word' id='word_1_213' title='bbox 481 1437 612 1472; x_wconf 87' lang='lat' dir='ltr'><strong>Spiritum</strong></span> <span class='ocrx_word' id='word_1_214' title='bbox 633 1435 780 1471; x_wconf 86' lang='lat' dir='ltr'><strong>accepistis,</strong></span> <span class='ocrx_word' id='word_1_215' title='bbox 808 1443 843 1463; x_wconf 89' lang='lat' dir='ltr'><strong>an</strong></span> <span class='ocrx_word' id='word_1_216' title='bbox 870 1443 903 1463; x_wconf 90' lang='lat' dir='ltr'><strong>ex</strong></span> <span class='ocrx_word' id='word_1_217' title='bbox 925 1435 1019 1462; x_wconf 87' lang='lat' dir='ltr'><strong>auditu</strong></span> 
     </span>
    </p>
   </div>
   <div class='ocr_carea' id='block_1_33' title="bbox 223 1479 1018 1518">
    <p class='ocr_par' dir='ltr' id='par_1_33' title="bbox 223 1479 1018 1518">
     <span class='ocr_line' id='line_1_33' title="bbox 223 1479 1018 1518; baseline -0.006 -7"><span class='ocrx_word' id='word_1_218' title='bbox 223 1483 284 1511; x_wconf 85' lang='lat' dir='ltr'><strong>ﬁdei</strong></span> <span class='ocrx_word' id='word_1_219' title='bbox 294 1485 306 1508; x_wconf 69' lang='grc' dir='ltr'><strong>Ρ</strong></span> <span class='ocrx_word' id='word_1_220' title='bbox 321 1495 333 1508; x_wconf 74' lang='grc' dir='ltr'>ιο</span> <span class='ocrx_word' id='word_1_221' title='bbox 350 1482 420 1518; x_wconf 86' lang='lat' dir='ltr'><strong>Quia</strong></span> <span class='ocrx_word' id='word_1_222' title='bbox 434 1481 593 1517; x_wconf 80' lang='lat' dir='ltr'><strong>prolixiores</strong></span> <span class='ocrx_word' id='word_1_223' title='bbox 602 1488 743 1508; x_wconf 85' lang='lat' dir='ltr'><strong>sermones</strong></span> <span class='ocrx_word' id='word_1_224' title='bbox 757 1487 811 1507; x_wconf 85' lang='lat' dir='ltr'><strong>non</strong></span> <span class='ocrx_word' id='word_1_225' title='bbox 831 1479 1018 1515; x_wconf 84' lang='lat' dir='ltr'><strong>assequimiui,</strong></span> 
     </span>
    </p>
   </div>
   <div class='ocr_carea' id='block_1_34' title="bbox 224 1516 1061 1563">
    <p class='ocr_par' dir='ltr' id='par_1_34' title="bbox 224 1516 1061 1563">
     <span class='ocr_line' id='line_1_34' title="bbox 224 1516 1061 1563; baseline -0.007 -8"><span class='ocrx_word' id='word_1_226' title='bbox 224 1535 311 1563; x_wconf 91' lang='lat' dir='ltr'><strong>neque</strong></span> <span class='ocrx_word' id='word_1_227' title='bbox 336 1516 546 1562; x_wconf 65' lang='lat' dir='ltr'><strong>dispensationis</strong></span> <span class='ocrx_word' id='word_1_228' title='bbox 578 1525 678 1552; x_wconf 80' lang='lat' dir='ltr'><strong>divina:</strong></span> <span class='ocrx_word' id='word_1_229' title='bbox 706 1524 924 1559; x_wconf 84' lang='lat' dir='ltr'><strong>magnitudinem</strong></span> <span class='ocrx_word' id='word_1_230' title='bbox 951 1531 1017 1551; x_wconf 88' lang='lat' dir='ltr'><strong>con-</strong></span> <span class='ocrx_word' id='word_1_231' title='bbox 1038 1516 1061 1549; x_wconf 85' lang='lat' dir='ltr'><strong><em>C</em></strong></span> 
     </span>
    </p>
   </div>
   <div class='ocr_carea' id='block_1_35' title="bbox 223 1567 1018 1607">
    <p class='ocr_par' dir='ltr' id='par_1_35' title="bbox 223 1567 1018 1607">
     <span class='ocr_line' id='line_1_35' title="bbox 223 1567 1018 1607; baseline -0.006 -8"><span class='ocrx_word' id='word_1_232' title='bbox 223 1572 349 1607; x_wconf 84' lang='lat' dir='ltr'><strong>templari</strong></span> <span class='ocrx_word' id='word_1_233' title='bbox 378 1571 469 1603; x_wconf 79' lang='lat' dir='ltr'><strong>vultis,</strong></span> <span class='ocrx_word' id='word_1_234' title='bbox 502 1569 583 1605; x_wconf 58' lang='lat'><strong>3.5.1</strong></span> <span class='ocrx_word' id='word_1_235' title='bbox 609 1569 750 1596; x_wconf 86' lang='lat' dir='ltr'><strong>concisum</strong></span> <span class='ocrx_word' id='word_1_236' title='bbox 775 1568 905 1603; x_wconf 84' lang='lat' dir='ltr'><strong>quiddam</strong></span> <span class='ocrx_word' id='word_1_237' title='bbox 929 1567 1018 1596; x_wconf 72' lang='lat' dir='ltr'><strong>dicam</strong></span> 
     </span>
    </p>
   </div>
   <div class='ocr_carea' id='block_1_36' title="bbox 224 1612 1019 1648">
    <p class='ocr_par' dir='ltr' id='par_1_36' title="bbox 224 1612 1019 1648">
     <span class='ocr_line' id='line_1_36' title="bbox 224 1612 1019 1648; baseline -0.004 -6"><span class='ocrx_word' id='word_1_238' title='bbox 224 1616 309 1643; x_wconf 87' lang='lat' dir='ltr'><strong>vobis.</strong></span> <span class='ocrx_word' id='word_1_239' title='bbox 336 1615 378 1644; x_wconf 81' lang='lat' dir='ltr'><strong>Ad</strong></span> <span class='ocrx_word' id='word_1_240' title='bbox 405 1615 457 1641; x_wconf 79' lang='lat' dir='ltr'><strong>hoc</strong></span> <span class='ocrx_word' id='word_1_241' title='bbox 473 1615 546 1641; x_wconf 88' lang='lat' dir='ltr'><strong>cnim</strong></span> <span class='ocrx_word' id='word_1_242' title='bbox 582 1614 711 1648; x_wconf 78' lang='lat' dir='ltr'><strong>exiguum</strong></span> <span class='ocrx_word' id='word_1_243' title='bbox 737 1612 899 1648; x_wconf 85' lang='lat' dir='ltr'><strong>respondete</strong></span> <span class='ocrx_word' id='word_1_244' title='bbox 933 1612 1019 1640; x_wconf 89' lang='lat' dir='ltr'><strong>mihi:</strong></span> 
     </span>
    </p>
   </div>
   <div class='ocr_carea' id='block_1_37' title="bbox 223 1658 1021 1694">
    <p class='ocr_par' dir='ltr' id='par_1_37' title="bbox 223 1658 1021 1694">
     <span class='ocr_line' id='line_1_37' title="bbox 223 1658 1021 1694; baseline -0.004 -7"><span class='ocrx_word' id='word_1_245' title='bbox 223 1659 370 1688; x_wconf 89' lang='lat' dir='ltr'><strong>Undeuam</strong></span> <span class='ocrx_word' id='word_1_246' title='bbox 391 1658 548 1694; x_wconf 66' lang='lat' dir='ltr'><strong>acceperitis</strong></span> <span class='ocrx_word' id='word_1_247' title='bbox 572 1658 706 1693; x_wconf 86' lang='lat' dir='ltr'><strong>Spiritum</strong></span> <span class='ocrx_word' id='word_1_248' title='bbox 727 1662 863 1689; x_wconf 80' lang='lat' dir='ltr'><strong>sanctum,</strong></span> <span class='ocrx_word' id='word_1_249' title='bbox 878 1661 1021 1693; x_wconf 86' lang='lat' dir='ltr'><strong>tantasque</strong></span> 
     </span>
    </p>
   </div>
   <div class='ocr_carea' id='block_1_38' title="bbox 225 1701 1021 1739">
    <p class='ocr_par' dir='ltr' id='par_1_38' title="bbox 225 1701 1021 1739">
     <span class='ocr_line' id='line_1_38' title="bbox 225 1701 1021 1739; baseline -0.003 -7"><span class='ocrx_word' id='word_1_250' title='bbox 225 1705 339 1732; x_wconf 84' lang='lat' dir='ltr'><strong>virtutes</strong></span> <span class='ocrx_word' id='word_1_251' title='bbox 351 1711 386 1732; x_wconf 88' lang='lat' dir='ltr'><strong>ac</strong></span> <span class='ocrx_word' id='word_1_252' title='bbox 408 1703 485 1739; x_wconf 76' lang='lat' dir='ltr'><strong>signa</strong></span> <span class='ocrx_word' id='word_1_253' title='bbox 508 1703 647 1731; x_wconf 87' lang='lat' dir='ltr'><strong>edideritis</strong></span> <span class='ocrx_word' id='word_1_254' title='bbox 661 1704 672 1730; x_wconf 70' lang='grc' dir='ltr'>Ρ</span> <span class='ocrx_word' id='word_1_255' title='bbox 688 1703 726 1729; x_wconf 83' lang='lat' dir='ltr'><strong>Ex</strong></span> <span class='ocrx_word' id='word_1_256' title='bbox 752 1701 817 1738; x_wconf 78' lang='lat' dir='ltr'><strong>legis</strong></span> <span class='ocrx_word' id='word_1_257' title='bbox 831 1701 970 1737; x_wconf 85' lang='lat' dir='ltr'><strong>operibus,</strong></span> <span class='ocrx_word' id='word_1_258' title='bbox 985 1710 1021 1730; x_wconf 87' lang='lat' dir='ltr'><strong>an</strong></span> 
     </span>
    </p>
   </div>
   <div class='ocr_carea' id='block_1_39' title="bbox 224 1745 1021 1784">
    <p class='ocr_par' dir='ltr' id='par_1_39' title="bbox 224 1745 1021 1784">
     <span class='ocr_line' id='line_1_39' title="bbox 224 1745 1021 1784; baseline -0.003 -7"><span class='ocrx_word' id='word_1_259' title='bbox 224 1757 257 1778; x_wconf 86' lang='lat' dir='ltr'><strong>ex</strong></span> <span class='ocrx_word' id='word_1_260' title='bbox 270 1748 322 1776; x_wconf 84' lang='lat' dir='ltr'><strong>ﬁde</strong></span> <span class='ocrx_word' id='word_1_261' title='bbox 336 1747 534 1784; x_wconf 83' lang='lat' dir='ltr'><strong>?Perspicuum</strong></span> <span class='ocrx_word' id='word_1_262' title='bbox 548 1752 589 1775; x_wconf 88' lang='lat' dir='ltr'><strong>est</strong></span> <span class='ocrx_word' id='word_1_263' title='bbox 607 1747 679 1783; x_wconf 90' lang='lat' dir='ltr'><strong>quod</strong></span> <span class='ocrx_word' id='word_1_264' title='bbox 693 1754 724 1774; x_wconf 75' lang='lat' dir='ltr'><strong>ex</strong></span> <span class='ocrx_word' id='word_1_265' title='bbox 740 1745 804 1774; x_wconf 88' lang='lat' dir='ltr'><strong>ﬁde.</strong></span> <span class='ocrx_word' id='word_1_266' title='bbox 830 1747 899 1774; x_wconf 88' lang='lat' dir='ltr'><strong>Nam</strong></span> <span class='ocrx_word' id='word_1_267' title='bbox 912 1746 1021 1782; x_wconf 88' lang='lat' dir='ltr'><strong>quando</strong></span> 
     </span>
    </p>
   </div>
   <div class='ocr_carea' id='block_1_40' title="bbox 225 1791 1022 1830">
    <p class='ocr_par' dir='ltr' id='par_1_40' title="bbox 225 1791 1022 1830">
     <span class='ocr_line' id='line_1_40' title="bbox 225 1791 1022 1830; baseline -0.003 -8"><span class='ocrx_word' id='word_1_268' title='bbox 225 1795 283 1830; x_wconf 75' lang='lat' dir='ltr'><strong>lege</strong></span> <span class='ocrx_word' id='word_1_269' title='bbox 308 1793 483 1825; x_wconf 83' lang='lat' dir='ltr'><strong>tenebamiui,</strong></span> <span class='ocrx_word' id='word_1_270' title='bbox 508 1792 641 1828; x_wconf 85' lang='lat' dir='ltr'><strong>Spiritum</strong></span> <span class='ocrx_word' id='word_1_271' title='bbox 665 1799 722 1819; x_wconf 89' lang='lat' dir='ltr'><strong>nou</strong></span> <span class='ocrx_word' id='word_1_272' title='bbox 750 1791 901 1825; x_wconf 82' lang='lat' dir='ltr'><strong>habebatis,</strong></span> <span class='ocrx_word' id='word_1_273' title='bbox 932 1799 1022 1828; x_wconf 88' lang='lat' dir='ltr'><strong>neque</strong></span> 
     </span>
    </p>
   </div>
   <div class='ocr_carea' id='block_1_41' title="bbox 224 1836 1022 1874">
    <p class='ocr_par' dir='ltr' id='par_1_41' title="bbox 224 1836 1022 1874">
     <span class='ocr_line' id='line_1_41' title="bbox 224 1836 1022 1874; baseline -0.004 -7"><span class='ocrx_word' id='word_1_274' title='bbox 224 1841 339 1867; x_wconf 87' lang='lat' dir='ltr'><strong>virtutes</strong></span> <span class='ocrx_word' id='word_1_275' title='bbox 367 1837 556 1874; x_wconf 85' lang='lat' dir='ltr'><strong>perﬁciebatis.</strong></span> <span class='ocrx_word' id='word_1_276' title='bbox 574 1836 626 1872; x_wconf 79' lang='lat' dir='ltr'><strong>Qui</strong></span> <span class='ocrx_word' id='word_1_277' title='bbox 642 1836 723 1873; x_wconf 78' lang='lat' dir='ltr'><strong>igitur</strong></span> <span class='ocrx_word' id='word_1_278' title='bbox 743 1836 796 1865; x_wconf 89' lang='lat' dir='ltr'><strong>ﬁde</strong></span> <span class='ocrx_word' id='word_1_279' title='bbox 818 1836 940 1871; x_wconf 85' lang='lat' dir='ltr'><strong>dimissa,</strong></span> <span class='ocrx_word' id='word_1_280' title='bbox 960 1844 1022 1864; x_wconf 87' lang='lat' dir='ltr'><strong>rur-</strong></span> 
     </span>
    </p>
   </div>
   <div class='ocr_carea' id='block_1_42' title="bbox 224 1883 511 1920">
    <p class='ocr_par' dir='ltr' id='par_1_42' title="bbox 224 1883 511 1920">
     <span class='ocr_line' id='line_1_42' title="bbox 224 1883 511 1920; baseline -0.007 -8"><span class='ocrx_word' id='word_1_281' title='bbox 224 1893 270 1912; x_wconf 86' lang='lat' dir='ltr'><strong>sus</strong></span> <span class='ocrx_word' id='word_1_282' title='bbox 284 1884 335 1920; x_wconf 81' lang='lat' dir='ltr'><strong>legi</strong></span> <span class='ocrx_word' id='word_1_283' title='bbox 346 1883 511 1912; x_wconf 66' lang='lat' dir='ltr'><strong>adlimretis?</strong></span> 
     </span>
    </p>
   </div>
   <div class='ocr_carea' id='block_1_43' title="bbox 260 1925 1021 1962">
    <p class='ocr_par' dir='ltr' id='par_1_43' title="bbox 260 1925 1021 1962">
     <span class='ocr_line' id='line_1_43' title="bbox 260 1925 1021 1962; baseline -0.007 -5"><span class='ocrx_word' id='word_1_284' title='bbox 260 1931 350 1958; x_wconf 72' lang='lat' dir='ltr'><strong>Vens.</strong></span> <span class='ocrx_word' id='word_1_285' title='bbox 365 1932 391 1957; x_wconf 87' lang='lat'><strong>3.</strong></span> <span class='ocrx_word' id='word_1_286' title='bbox 408 1938 422 1954; x_wconf 81' lang='grc' dir='ltr'><strong>ιι</strong></span> <span class='ocrx_word' id='word_1_287' title='bbox 438 1929 481 1956; x_wconf 88' lang='lat' dir='ltr'><strong>Sic</strong></span> <span class='ocrx_word' id='word_1_288' title='bbox 492 1927 565 1955; x_wconf 86' lang='lat' dir='ltr'><strong>stulti</strong></span> <span class='ocrx_word' id='word_1_289' title='bbox 583 1927 658 1960; x_wconf 88' lang='lat' dir='ltr'><strong>estis,</strong></span> <span class='ocrx_word' id='word_1_290' title='bbox 673 1931 705 1954; x_wconf 89' lang='lat' dir='ltr'><strong>ut</strong></span> <span class='ocrx_word' id='word_1_291' title='bbox 727 1934 790 1954; x_wconf 90' lang='lat' dir='ltr'><strong>cum</strong></span> <span class='ocrx_word' id='word_1_292' title='bbox 812 1925 908 1962; x_wconf 84' lang='lat' dir='ltr'><strong>spiritu</strong></span> <span class='ocrx_word' id='word_1_293' title='bbox 930 1933 1021 1961; x_wconf 73' lang='lat' dir='ltr'><strong>cmpe-</strong></span> 
     </span>
    </p>
   </div>
   <div class='ocr_carea' id='block_1_44' title="bbox 223 1971 1020 2007">
    <p class='ocr_par' dir='ltr' id='par_1_44' title="bbox 223 1971 1020 2007">
     <span class='ocr_line' id='line_1_44' title="bbox 223 1971 1020 2007; baseline -0.006 -5"><span class='ocrx_word' id='word_1_294' title='bbox 223 1974 292 2007; x_wconf 81' lang='lat' dir='ltr'><strong>ritis,</strong></span> <span class='ocrx_word' id='word_1_295' title='bbox 307 1981 380 2001; x_wconf 91' lang='lat' dir='ltr'><strong>nunc</strong></span> <span class='ocrx_word' id='word_1_296' title='bbox 394 1981 475 2000; x_wconf 86' lang='lat' dir='ltr'><strong>carne</strong></span> <span class='ocrx_word' id='word_1_297' title='bbox 490 1971 722 1999; x_wconf 89' lang='lat' dir='ltr'><strong>consummamini</strong></span> <span class='ocrx_word' id='word_1_298' title='bbox 735 1973 747 1999; x_wconf 69' lang='grc' dir='ltr'><strong><em>Ρ</em></strong></span> <span class='ocrx_word' id='word_1_299' title='bbox 772 1982 784 1994; x_wconf 77' lang='grc' dir='ltr'><strong>ιι</strong></span> <span class='ocrx_word' id='word_1_300' title='bbox 799 1971 905 1998; x_wconf 72' lang='lat' dir='ltr'><strong>Rursus</strong></span> <span class='ocrx_word' id='word_1_301' title='bbox 919 1978 1020 2006; x_wconf 61' lang='lat' dir='ltr'><strong>oppon</strong></span> 
     </span>
    </p>
   </div>
   <div class='ocr_carea' id='block_1_45' title="bbox 223 2015 1021 2051">
    <p class='ocr_par' dir='ltr' id='par_1_45' title="bbox 223 2015 1021 2051">
     <span class='ocr_line' id='line_1_45' title="bbox 223 2015 1021 2051; baseline -0.005 -5"><span class='ocrx_word' id='word_1_302' title='bbox 223 2023 289 2046; x_wconf 87' lang='lat' dir='ltr'><strong>tunc</strong></span> <span class='ocrx_word' id='word_1_303' title='bbox 302 2017 498 2045; x_wconf 86' lang='lat' dir='ltr'><strong>contumeliam</strong></span> <span class='ocrx_word' id='word_1_304' title='bbox 513 2016 636 2051; x_wconf 88' lang='lat' dir='ltr'><strong>protulit.</strong></span> <span class='ocrx_word' id='word_1_305' title='bbox 651 2017 720 2043; x_wconf 88' lang='lat' dir='ltr'><strong>Nam</strong></span> <span class='ocrx_word' id='word_1_306' title='bbox 735 2023 798 2043; x_wconf 89' lang='lat' dir='ltr'><strong>cum</strong></span> <span class='ocrx_word' id='word_1_307' title='bbox 809 2015 942 2050; x_wconf 89' lang='lat' dir='ltr'><strong>temporis</strong></span> <span class='ocrx_word' id='word_1_308' title='bbox 960 2023 1021 2050; x_wconf 87' lang='lat' dir='ltr'><strong>pro-</strong></span> 
     </span>
    </p>
   </div>
   <div class='ocr_carea' id='block_1_46' title="bbox 223 2060 1021 2096">
    <p class='ocr_par' dir='ltr' id='par_1_46' title="bbox 223 2060 1021 2096">
     <span class='ocr_line' id='line_1_46' title="bbox 223 2060 1021 2096; baseline -0.004 -6"><span class='ocrx_word' id='word_1_309' title='bbox 223 2071 304 2090; x_wconf 88' lang='lat' dir='ltr'><strong>cursu</strong></span> <span class='ocrx_word' id='word_1_310' title='bbox 323 2062 522 2089; x_wconf 84' lang='lat' dir='ltr'><strong>incrementum</strong></span> <span class='ocrx_word' id='word_1_311' title='bbox 539 2060 626 2088; x_wconf 84' lang='lat' dir='ltr'><strong>l&#39;accre</strong></span> <span class='ocrx_word' id='word_1_312' title='bbox 641 2060 813 2093; x_wconf 87' lang='lat' dir='ltr'><strong>debuissetis,</strong></span> <span class='ocrx_word' id='word_1_313' title='bbox 836 2060 934 2096; x_wconf 85' lang='lat' dir='ltr'><strong>inquit,</strong></span> <span class='ocrx_word' id='word_1_314' title='bbox 965 2067 1021 2087; x_wconf 91' lang='lat' dir='ltr'><strong>non</strong></span> 
     </span>
    </p>
   </div>
   <div class='ocr_carea' id='block_1_47' title="bbox 224 2103 1018 2141">
    <p class='ocr_par' dir='ltr' id='par_1_47' title="bbox 224 2103 1018 2141">
     <span class='ocr_line' id='line_1_47' title="bbox 224 2103 1018 2141; baseline -0.004 -6"><span class='ocrx_word' id='word_1_315' title='bbox 224 2108 314 2135; x_wconf 86' lang='lat' dir='ltr'><strong>solum</strong></span> <span class='ocrx_word' id='word_1_316' title='bbox 333 2114 388 2133; x_wconf 89' lang='lat' dir='ltr'><strong>non</strong></span> <span class='ocrx_word' id='word_1_317' title='bbox 405 2105 582 2141; x_wconf 86' lang='lat' dir='ltr'><strong>promovistis</strong></span> <span class='ocrx_word' id='word_1_318' title='bbox 594 2105 757 2140; x_wconf 84' lang='lat' dir='ltr'><strong>quidquam,</strong></span> <span class='ocrx_word' id='word_1_319' title='bbox 771 2112 866 2131; x_wconf 81' lang='lat' dir='ltr'><strong>verum</strong></span> <span class='ocrx_word' id='word_1_320' title='bbox 883 2103 965 2131; x_wconf 87' lang='lat' dir='ltr'><strong>etiam</strong></span> <span class='ocrx_word' id='word_1_321' title='bbox 976 2112 1018 2132; x_wconf 87' lang='lat' dir='ltr'><strong>re-</strong></span> 
     </span>
    </p>
   </div>
   <div class='ocr_carea' id='block_1_48' title="bbox 223 2148 1020 2185">
    <p class='ocr_par' dir='ltr' id='par_1_48' title="bbox 223 2148 1020 2185">
     <span class='ocr_line' id='line_1_48' title="bbox 223 2148 1020 2185; baseline -0.004 -6"><span class='ocrx_word' id='word_1_322' title='bbox 223 2155 349 2180; x_wconf 87' lang='lat' dir='ltr'><strong>trorsum&#39;</strong></span> <span class='ocrx_word' id='word_1_323' title='bbox 358 2150 466 2178; x_wconf 84' lang='lat' dir='ltr'><strong>abducti</strong></span> <span class='ocrx_word' id='word_1_324' title='bbox 486 2149 563 2178; x_wconf 83' lang='lat' dir='ltr'><strong>estis.</strong></span> <span class='ocrx_word' id='word_1_325' title='bbox 585 2150 655 2177; x_wconf 88' lang='lat' dir='ltr'><strong>Nam</strong></span> <span class='ocrx_word' id='word_1_326' title='bbox 675 2150 750 2185; x_wconf 72' lang='lat' dir='ltr'><strong>signa</strong></span> <span class='ocrx_word' id='word_1_327' title='bbox 766 2148 866 2182; x_wconf 76' lang='lat' dir='ltr'><strong>facere,</strong></span> <span class='ocrx_word' id='word_1_328' title='bbox 881 2149 1020 2184; x_wconf 80' lang='lat' dir='ltr'><strong>spirituale</strong></span> 
     </span>
    </p>
   </div>
   <div class='ocr_carea' id='block_1_49' title="bbox 223 2193 1019 2232">
    <p class='ocr_par' dir='ltr' id='par_1_49' title="bbox 223 2193 1019 2232">
     <span class='ocr_line' id='line_1_49' title="bbox 223 2193 1019 2232; baseline -0.005 -8"><span class='ocrx_word' id='word_1_329' title='bbox 223 2201 264 2225; x_wconf 86' lang='lat' dir='ltr'><strong>est</strong></span> <span class='ocrx_word' id='word_1_330' title='bbox 296 2195 368 2232; x_wconf 91' lang='lat' dir='ltr'><strong>quod</strong></span> <span class='ocrx_word' id='word_1_331' title='bbox 398 2195 474 2223; x_wconf 89' lang='lat' dir='ltr'><strong>vobis</strong></span> <span class='ocrx_word' id='word_1_332' title='bbox 501 2194 590 2222; x_wconf 82' lang='lat' dir='ltr'><strong>inerat</strong></span> <span class='ocrx_word' id='word_1_333' title='bbox 621 2194 646 2221; x_wconf 95' lang='lat' dir='ltr'><strong>in</strong></span> <span class='ocrx_word' id='word_1_334' title='bbox 672 2193 803 2230; x_wconf 88' lang='lat' dir='ltr'><strong>principio</strong></span> <span class='ocrx_word' id='word_1_335' title='bbox 830 2203 836 2221; x_wconf 89' lang='lat'>:</span> <span class='ocrx_word' id='word_1_336' title='bbox 861 2193 1019 2221; x_wconf 85' lang='lat' dir='ltr'><strong>circumcidi</strong></span> 
     </span>
    </p>
   </div>
   <div class='ocr_carea' id='block_1_50' title="bbox 222 2238 1017 2276">
    <p class='ocr_par' dir='ltr' id='par_1_50' title="bbox 222 2238 1017 2276">
     <span class='ocr_line' id='line_1_50' title="bbox 222 2238 1017 2276; baseline -0.004 -7"><span class='ocrx_word' id='word_1_337' title='bbox 222 2250 297 2275; x_wconf 89' lang='lat' dir='ltr'><strong>vero,</strong></span> <span class='ocrx_word' id='word_1_338' title='bbox 328 2241 437 2269; x_wconf 86' lang='lat' dir='ltr'><strong>carnale</strong></span> <span class='ocrx_word' id='word_1_339' title='bbox 471 2246 520 2272; x_wconf 88' lang='lat' dir='ltr'><strong>est,</strong></span> <span class='ocrx_word' id='word_1_340' title='bbox 548 2239 621 2276; x_wconf 89' lang='lat' dir='ltr'><strong>quod</strong></span> <span class='ocrx_word' id='word_1_341' title='bbox 648 2247 721 2266; x_wconf 71' lang='lat' dir='ltr'><strong>nime</strong></span> <span class='ocrx_word' id='word_1_342' title='bbox 749 2238 862 2266; x_wconf 87' lang='lat' dir='ltr'><strong>tandem</strong></span> <span class='ocrx_word' id='word_1_343' title='bbox 891 2238 1017 2274; x_wconf 79' lang='lat' dir='ltr'><strong>elegistis.</strong></span> 
     </span>
    </p>
   </div>
   <div class='ocr_carea' id='block_1_51' title="bbox 223 2284 1017 2319">
    <p class='ocr_par' dir='ltr' id='par_1_51' title="bbox 223 2284 1017 2319">
     <span class='ocr_line' id='line_1_51' title="bbox 223 2284 1017 2319; baseline -0.005 -5"><span class='ocrx_word' id='word_1_344' title='bbox 223 2288 279 2314; x_wconf 89' lang='lat' dir='ltr'><strong>Nec</strong></span> <span class='ocrx_word' id='word_1_345' title='bbox 292 2286 369 2319; x_wconf 84' lang='lat' dir='ltr'><strong>dixit,</strong></span> <span class='ocrx_word' id='word_1_346' title='bbox 385 2285 604 2319; x_wconf 88' lang='lat' dir='ltr'><strong>Consummatis,</strong></span> <span class='ocrx_word' id='word_1_347' title='bbox 620 2284 678 2318; x_wconf 75' lang='lat' dir='ltr'><strong>sed,</strong></span> <span class='ocrx_word' id='word_1_348' title='bbox 701 2296 712 2308; x_wconf 84' lang='lat'><strong><em>-</em></strong></span> <span class='ocrx_word' id='word_1_349' title='bbox 739 2284 987 2318; x_wconf 86' lang='lat' dir='ltr'><strong>Consummamini,</strong></span> <span class='ocrx_word' id='word_1_350' title='bbox 1005 2296 1017 2307; x_wconf 77' lang='grc' dir='ltr'><strong>ιι</strong></span> 
     </span>
    </p>
   </div>
   <div class='ocr_carea' id='block_1_52' title="bbox 222 2329 1017 2367">
    <p class='ocr_par' dir='ltr' id='par_1_52' title="bbox 222 2329 1017 2367">
     <span class='ocr_line' id='line_1_52' title="bbox 222 2329 1017 2367; baseline -0.004 -8"><span class='ocrx_word' id='word_1_351' title='bbox 222 2332 336 2359; x_wconf 89' lang='lat' dir='ltr'><strong>innuens</strong></span> <span class='ocrx_word' id='word_1_352' title='bbox 349 2331 422 2367; x_wconf 91' lang='lat' dir='ltr'><strong>quod</strong></span> <span class='ocrx_word' id='word_1_353' title='bbox 445 2330 589 2357; x_wconf 90' lang='lat' dir='ltr'><strong>brutorum</strong></span> <span class='ocrx_word' id='word_1_354' title='bbox 604 2337 733 2364; x_wconf 89' lang='lat' dir='ltr'><strong>pecorum</strong></span> <span class='ocrx_word' id='word_1_355' title='bbox 751 2329 847 2362; x_wconf 84' lang='lat' dir='ltr'><strong>instar,</strong></span> <span class='ocrx_word' id='word_1_356' title='bbox 866 2329 1017 2365; x_wconf 87' lang='lat' dir='ltr'><strong>apprehen-</strong></span> 
     </span>
    </p>
   </div>
   <div class='ocr_carea' id='block_1_53' title="bbox 223 2373 1020 2410">
    <p class='ocr_par' dir='ltr' id='par_1_53' title="bbox 223 2373 1020 2410">
     <span class='ocr_line' id='line_1_53' title="bbox 223 2373 1020 2410; baseline -0.001 -7"><span class='ocrx_word' id='word_1_357' title='bbox 223 2375 317 2404; x_wconf 83' lang='lat' dir='ltr'><strong>dentes</strong></span> <span class='ocrx_word' id='word_1_358' title='bbox 337 2383 385 2403; x_wconf 87' lang='lat' dir='ltr'><strong>eos</strong></span> <span class='ocrx_word' id='word_1_359' title='bbox 409 2374 458 2408; x_wconf 85' lang='lat' dir='ltr'><strong>illi,</strong></span> <span class='ocrx_word' id='word_1_360' title='bbox 473 2374 518 2410; x_wconf 85' lang='lat' dir='ltr'><strong>qui</strong></span> <span class='ocrx_word' id='word_1_361' title='bbox 540 2374 780 2402; x_wconf 88' lang='lat' dir='ltr'><strong>circumcisionem</strong></span> <span class='ocrx_word' id='word_1_362' title='bbox 801 2373 947 2409; x_wconf 84' lang='lat' dir='ltr'><strong>docebant,</strong></span> <span class='ocrx_word' id='word_1_363' title='bbox 968 2374 1020 2402; x_wconf 93' lang='lat' dir='ltr'><strong>cir-</strong></span> 
     </span>
    </p>
   </div>
   <div class='ocr_carea' id='block_1_54' title="bbox 222 2419 423 2448">
    <p class='ocr_par' dir='ltr' id='par_1_54' title="bbox 222 2419 423 2448">
     <span class='ocr_line' id='line_1_54' title="bbox 222 2419 423 2448; baseline -0.01 0"><span class='ocrx_word' id='word_1_364' title='bbox 222 2419 423 2448; x_wconf 86' lang='lat' dir='ltr'><strong>cumcidebant.</strong></span> 
     </span>
    </p>
   </div>
   <div class='ocr_carea' id='block_1_55' title="bbox 258 2462 1018 2499">
    <p class='ocr_par' dir='ltr' id='par_1_55' title="bbox 258 2462 1018 2499">
     <span class='ocr_line' id='line_1_55' title="bbox 258 2462 1018 2499; baseline -0.003 -5"><span class='ocrx_word' id='word_1_365' title='bbox 258 2466 348 2494; x_wconf 70' lang='lat' dir='ltr'><strong>Vens.</strong></span> <span class='ocrx_word' id='word_1_366' title='bbox 361 2467 386 2492; x_wconf 83' lang='lat'><strong>4.</strong></span> <span class='ocrx_word' id='word_1_367' title='bbox 407 2475 419 2488; x_wconf 75' lang='grc' dir='ltr'><strong>ιι</strong></span> <span class='ocrx_word' id='word_1_368' title='bbox 435 2464 522 2491; x_wconf 83' lang='lat' dir='ltr'><strong>Tanta</strong></span> <span class='ocrx_word' id='word_1_369' title='bbox 537 2462 608 2499; x_wconf 90' lang='lat' dir='ltr'><strong>passi</strong></span> <span class='ocrx_word' id='word_1_370' title='bbox 623 2462 687 2490; x_wconf 89' lang='lat' dir='ltr'><strong>estis</strong></span> <span class='ocrx_word' id='word_1_371' title='bbox 702 2463 760 2490; x_wconf 90' lang='lat' dir='ltr'><strong>sine</strong></span> <span class='ocrx_word' id='word_1_372' title='bbox 771 2464 876 2490; x_wconf 79' lang='lat' dir='ltr'><strong>causa?</strong></span> <span class='ocrx_word' id='word_1_373' title='bbox 894 2463 916 2491; x_wconf 90' lang='lat' dir='ltr'><strong>si</strong></span> <span class='ocrx_word' id='word_1_374' title='bbox 927 2467 1018 2492; x_wconf 79' lang='lat' dir='ltr'><strong>tamen</strong></span> 
     </span>
    </p>
   </div>
   <div class='ocr_carea' id='block_1_56' title="bbox 221 2507 1021 2538">
    <p class='ocr_par' dir='ltr' id='par_1_56' title="bbox 221 2507 1021 2538">
     <span class='ocr_line' id='line_1_56' title="bbox 221 2507 1021 2538; baseline -0.001 0"><span class='ocrx_word' id='word_1_375' title='bbox 221 2510 278 2538; x_wconf 87' lang='lat' dir='ltr'><strong>sine</strong></span> <span class='ocrx_word' id='word_1_376' title='bbox 303 2517 393 2538; x_wconf 86' lang='lat' dir='ltr'><strong>causa.</strong></span> <span class='ocrx_word' id='word_1_377' title='bbox 412 2520 424 2533; x_wconf 73' lang='grc' dir='ltr'><strong>ν</strong></span> <span class='ocrx_word' id='word_1_378' title='bbox 448 2508 541 2535; x_wconf 83' lang='lat' dir='ltr'><strong>Multis</strong></span> <span class='ocrx_word' id='word_1_379' title='bbox 566 2507 765 2535; x_wconf 84' lang='lat' dir='ltr'><strong>tentationibus</strong></span> <span class='ocrx_word' id='word_1_380' title='bbox 791 2508 929 2536; x_wconf 86' lang='lat' dir='ltr'><strong>colluctati</strong></span> <span class='ocrx_word' id='word_1_381' title='bbox 943 2514 1021 2537; x_wconf 89' lang='lat' dir='ltr'><strong>erant</strong></span> 
     </span>
    </p>
   </div>
   <div class='ocr_carea' id='block_1_57' title="bbox 221 2551 1019 2592">
    <p class='ocr_par' dir='ltr' id='par_1_57' title="bbox 221 2551 1019 2592">
     <span class='ocr_line' id='line_1_57' title="bbox 221 2551 1019 2592; baseline -0.003 -9"><span class='ocrx_word' id='word_1_382' title='bbox 221 2559 331 2592; x_wconf 84' lang='lat' dir='ltr'><strong>propter</strong></span> <span class='ocrx_word' id='word_1_383' title='bbox 351 2553 502 2582; x_wconf 87' lang='lat' dir='ltr'><strong>Christum.</strong></span> <span class='ocrx_word' id='word_1_384' title='bbox 521 2553 575 2580; x_wconf 91' lang='lat' dir='ltr'><strong>Tot</strong></span> <span class='ocrx_word' id='word_1_385' title='bbox 598 2552 691 2588; x_wconf 79' lang='lat' dir='ltr'><strong>igitur,</strong></span> <span class='ocrx_word' id='word_1_386' title='bbox 708 2552 807 2587; x_wconf 87' lang='lat' dir='ltr'><strong>inquit,</strong></span> <span class='ocrx_word' id='word_1_387' title='bbox 827 2551 928 2581; x_wconf 82' lang='lat' dir='ltr'><strong>frustra</strong></span> <span class='ocrx_word' id='word_1_388' title='bbox 948 2555 1019 2590; x_wconf 85' lang='lat' dir='ltr'><strong>passi</strong></span> 
     </span>
    </p>
   </div>
   <div class='ocr_carea' id='block_1_58' title="bbox 220 2596 1019 2630">
    <p class='ocr_par' dir='ltr' id='par_1_58' title="bbox 220 2596 1019 2630">
     <span class='ocr_line' id='line_1_58' title="bbox 220 2596 1019 2630; baseline -0.004 -2"><span class='ocrx_word' id='word_1_389' title='bbox 220 2600 308 2628; x_wconf 80' lang='lat' dir='ltr'><strong>estis?</strong></span> <span class='ocrx_word' id='word_1_390' title='bbox 322 2599 350 2627; x_wconf 93' lang='lat' dir='ltr'><strong>Si</strong></span> <span class='ocrx_word' id='word_1_391' title='bbox 364 2597 436 2626; x_wconf 89' lang='lat' dir='ltr'><strong>enim</strong></span> <span class='ocrx_word' id='word_1_392' title='bbox 449 2597 691 2630; x_wconf 88' lang='lat' dir='ltr'><strong>circumcidimini,</strong></span> <span class='ocrx_word' id='word_1_393' title='bbox 714 2596 758 2624; x_wconf 88' lang='lat' dir='ltr'><strong>illa</strong></span> <span class='ocrx_word' id='word_1_394' title='bbox 780 2597 872 2624; x_wconf 86' lang='lat' dir='ltr'><strong>omnia</strong></span> <span class='ocrx_word' id='word_1_395' title='bbox 893 2602 956 2625; x_wconf 87' lang='lat' dir='ltr'><strong>sunt</strong></span> <span class='ocrx_word' id='word_1_396' title='bbox 976 2606 1019 2625; x_wconf 87' lang='lat' dir='ltr'><strong>su-</strong></span> 
     </span>
    </p>
   </div>
   <div class='ocr_carea' id='block_1_59' title="bbox 219 2643 1018 2681">
    <p class='ocr_par' dir='ltr' id='par_1_59' title="bbox 219 2643 1018 2681">
     <span class='ocr_line' id='line_1_59' title="bbox 219 2643 1018 2681; baseline -0.004 -8"><span class='ocrx_word' id='word_1_397' title='bbox 219 2652 395 2681; x_wconf 85' lang='lat' dir='ltr'><strong>pervacanea,</strong></span> <span class='ocrx_word' id='word_1_398' title='bbox 423 2644 640 2678; x_wconf 87' lang='lat' dir='ltr'><strong>impostoresque</strong></span> <span class='ocrx_word' id='word_1_399' title='bbox 672 2646 713 2670; x_wconf 90' lang='lat' dir='ltr'><strong>tot</strong></span> <span class='ocrx_word' id='word_1_400' title='bbox 738 2649 785 2670; x_wconf 76' lang='lat' dir='ltr'><strong>vos</strong></span> <span class='ocrx_word' id='word_1_401' title='bbox 810 2643 916 2670; x_wconf 84' lang='lat' dir='ltr'><strong>coronis</strong></span> <span class='ocrx_word' id='word_1_402' title='bbox 939 2643 1018 2670; x_wconf 90' lang='lat' dir='ltr'><strong>orba-</strong></span> 
     </span>
    </p>
   </div>
   <div class='ocr_carea' id='block_1_60' title="bbox 219 2687 1018 2725">
    <p class='ocr_par' dir='ltr' id='par_1_60' title="bbox 219 2687 1018 2725">
     <span class='ocr_line' id='line_1_60' title="bbox 219 2687 1018 2725; baseline -0.004 -7"><span class='ocrx_word' id='word_1_403' title='bbox 219 2695 291 2720; x_wconf 86' lang='lat' dir='ltr'><strong>runt.</strong></span> <span class='ocrx_word' id='word_1_404' title='bbox 312 2689 415 2718; x_wconf 85' lang='lat' dir='ltr'><strong>Deinde</strong></span> <span class='ocrx_word' id='word_1_405' title='bbox 437 2695 515 2725; x_wconf 88' lang='lat' dir='ltr'><strong>spem</strong></span> <span class='ocrx_word' id='word_1_406' title='bbox 527 2687 679 2716; x_wconf 87' lang='lat' dir='ltr'><strong>revertendi</strong></span> <span class='ocrx_word' id='word_1_407' title='bbox 696 2687 760 2724; x_wconf 87' lang='lat' dir='ltr'><strong>ipsis</strong></span> <span class='ocrx_word' id='word_1_408' title='bbox 779 2687 857 2716; x_wconf 89' lang='lat' dir='ltr'><strong>addit</strong></span> <span class='ocrx_word' id='word_1_409' title='bbox 867 2687 1018 2724; x_wconf 88' lang='lat' dir='ltr'><strong>,iuquieus,</strong></span> 
     </span>
    </p>
   </div>
   <div class='ocr_carea' id='block_1_61' title="bbox 1072 274 1843 315">
    <p class='ocr_par' dir='ltr' id='par_1_61' title="bbox 1072 274 1843 315">
     <span class='ocr_line' id='line_1_61' title="bbox 1072 274 1843 315; baseline 0.001 -12"><span class='ocrx_word' id='word_1_410' title='bbox 1072 275 1096 303; x_wconf 83' lang='grc' dir='ltr'>οἱ</span> <span class='ocrx_word' id='word_1_411' title='bbox 1115 274 1332 315; x_wconf 51' lang='grc' dir='ltr'>,παραπείθοντες</span> <span class='ocrx_word' id='word_1_412' title='bbox 1355 275 1462 311; x_wconf 75' lang='grc' dir='ltr'>αὐτοὺς,</span> <span class='ocrx_word' id='word_1_413' title='bbox 1489 276 1539 315; x_wconf 82' lang='grc' dir='ltr'><strong>οὐχ</strong></span> <span class='ocrx_word' id='word_1_414' title='bbox 1561 276 1602 309; x_wconf 81' lang='grc' dir='ltr'><strong>ὡς</strong></span> <span class='ocrx_word' id='word_1_415' title='bbox 1630 275 1784 312; x_wconf 73' lang='grc' dir='ltr'>κηδεμόνες,</span> <span class='ocrx_word' id='word_1_416' title='bbox 1807 278 1843 304; x_wconf 63' lang='lat' dir='ltr'><strong>e35;</strong></span> 
     </span>
    </p>
   </div>
   <div class='ocr_carea' id='block_1_62' title="bbox 1072 319 1844 360">
    <p class='ocr_par' dir='ltr' id='par_1_62' title="bbox 1072 319 1844 360">
     <span class='ocr_line' id='line_1_62' title="bbox 1072 319 1844 360; baseline 0 -12"><span class='ocrx_word' id='word_1_417' title='bbox 1072 320 1107 352; x_wconf 83' lang='grc' dir='ltr'><strong>ὡς</strong></span> <span class='ocrx_word' id='word_1_418' title='bbox 1131 319 1161 349; x_wconf 86' lang='grc' dir='ltr'>τὸ</span> <span class='ocrx_word' id='word_1_419' title='bbox 1180 321 1271 350; x_wconf 82' lang='grc' dir='ltr'>λεῖπον</span> <span class='ocrx_word' id='word_1_420' title='bbox 1295 321 1510 360; x_wconf 76' lang='grc' dir='ltr'><strong>ἀναπληροῦντες</strong></span> <span class='ocrx_word' id='word_1_421' title='bbox 1536 324 1628 350; x_wconf 76' lang='grc' dir='ltr'>ταῦτα</span> <span class='ocrx_word' id='word_1_422' title='bbox 1655 323 1786 355; x_wconf 63' lang='grc' dir='ltr'>ποιοῦσιν,</span> <span class='ocrx_word' id='word_1_423' title='bbox 1807 322 1844 348; x_wconf 58' lang='grc' dir='ltr'>ὖ</span> 
     </span>
    </p>
   </div>
   <div class='ocr_carea' id='block_1_63' title="bbox 1071 363 1845 405">
    <p class='ocr_par' dir='ltr' id='par_1_63' title="bbox 1071 363 1845 405">
     <span class='ocr_line' id='line_1_63' title="bbox 1071 363 1845 405; baseline -0.001 -11"><span class='ocrx_word' id='word_1_424' title='bbox 1071 365 1106 397; x_wconf 80' lang='grc' dir='ltr'>ὥς</span> <span class='ocrx_word' id='word_1_425' title='bbox 1127 364 1173 394; x_wconf 66' lang='grc' dir='ltr'>καὶ</span> <span class='ocrx_word' id='word_1_426' title='bbox 1193 364 1228 394; x_wconf 76' lang='grc' dir='ltr'><strong>τὰ</strong></span> <span class='ocrx_word' id='word_1_427' title='bbox 1254 363 1317 394; x_wconf 78' lang='grc' dir='ltr'>ὄντα</span> <span class='ocrx_word' id='word_1_428' title='bbox 1339 365 1579 405; x_wconf 79' lang='grc' dir='ltr'>ἀκρωτηριάζοντες</span> <span class='ocrx_word' id='word_1_429' title='bbox 1597 377 1605 384; x_wconf 93' lang='grc'><strong>·</strong></span> <span class='ocrx_word' id='word_1_430' title='bbox 1633 367 1752 394; x_wconf 71' lang='grc' dir='ltr'>τοιῶτον</span> <span class='ocrx_word' id='word_1_431' title='bbox 1778 366 1819 404; x_wconf 58' lang='lat' dir='ltr'><strong>vi;</strong></span> <span class='ocrx_word' id='word_1_432' title='bbox 1839 379 1845 393; x_wconf 90' lang='lat'><strong>-.</strong></span> 
     </span>
    </p>
   </div>
   <div class='ocr_carea' id='block_1_64' title="bbox 1071 408 1844 450">
    <p class='ocr_par' dir='ltr' id='par_1_64' title="bbox 1071 408 1844 450">
     <span class='ocr_line' id='line_1_64' title="bbox 1071 408 1844 450; baseline -0.001 -12"><span class='ocrx_word' id='word_1_433' title='bbox 1071 408 1173 448; x_wconf 78' lang='grc' dir='ltr'>φθόνος.</span> <span class='ocrx_word' id='word_1_434' title='bbox 1200 410 1261 448; x_wconf 80' lang='grc' dir='ltr'>Οὐχ</span> <span class='ocrx_word' id='word_1_435' title='bbox 1288 410 1324 443; x_wconf 81' lang='grc' dir='ltr'>ὡς</span> <span class='ocrx_word' id='word_1_436' title='bbox 1346 412 1392 440; x_wconf 80' lang='grc' dir='ltr'>τοῦ</span> <span class='ocrx_word' id='word_1_437' title='bbox 1412 410 1505 450; x_wconf 82' lang='grc' dir='ltr'>φθόνου</span> <span class='ocrx_word' id='word_1_438' title='bbox 1528 409 1554 439; x_wconf 83' lang='grc' dir='ltr'>δὲ</span> <span class='ocrx_word' id='word_1_439' title='bbox 1580 411 1650 439; x_wconf 79' lang='grc' dir='ltr'>καθ’</span> <span class='ocrx_word' id='word_1_440' title='bbox 1678 410 1767 438; x_wconf 71' lang='grc' dir='ltr'>ἑαυτὸν</span> <span class='ocrx_word' id='word_1_441' title='bbox 1792 411 1844 448; x_wconf 53' lang='lat' dir='ltr'><strong>{qia</strong></span> 
     </span>
    </p>
   </div>
   <div class='ocr_carea' id='block_1_65' title="bbox 1071 449 1842 493">
    <p class='ocr_par' dir='ltr' id='par_1_65' title="bbox 1071 449 1842 493">
     <span class='ocr_line' id='line_1_65' title="bbox 1071 449 1842 493; baseline 0.001 -11"><span class='ocrx_word' id='word_1_442' title='bbox 1071 452 1196 493; x_wconf 79' lang='grc' dir='ltr'>ἔχοντος,</span> <span class='ocrx_word' id='word_1_443' title='bbox 1222 457 1308 484; x_wconf 78' lang='grc' dir='ltr'>ταῦτα</span> <span class='ocrx_word' id='word_1_444' title='bbox 1334 449 1423 491; x_wconf 73' lang='grc' dir='ltr'>εἶπεν,</span> <span class='ocrx_word' id='word_1_445' title='bbox 1445 455 1504 484; x_wconf 80' lang='grc' dir='ltr'>ἀλλ’</span> <span class='ocrx_word' id='word_1_446' title='bbox 1519 456 1554 488; x_wconf 81' lang='grc' dir='ltr'>ὥς</span> <span class='ocrx_word' id='word_1_447' title='bbox 1576 457 1672 484; x_wconf 79' lang='grc' dir='ltr'>ταῦτα</span> <span class='ocrx_word' id='word_1_448' title='bbox 1698 454 1842 484; x_wconf 69' lang='grc' dir='ltr'>διδασκόντωι</span> 
     </span>
    </p>
   </div>
   <div class='ocr_carea' id='block_1_66' title="bbox 1072 497 1584 538">
    <p class='ocr_par' dir='ltr' id='par_1_66' title="bbox 1072 497 1584 538">
     <span class='ocr_line' id='line_1_66' title="bbox 1072 497 1584 538; baseline 0.006 -11"><span class='ocrx_word' id='word_1_449' title='bbox 1072 497 1115 528; x_wconf 78' lang='grc' dir='ltr'><strong>διὰ</strong></span> <span class='ocrx_word' id='word_1_450' title='bbox 1131 498 1278 538; x_wconf 75' lang='grc' dir='ltr'>βασκανίαν</span> <span class='ocrx_word' id='word_1_451' title='bbox 1293 499 1428 529; x_wconf 73' lang='grc' dir='ltr'>ἐπὶτοῦτο</span> <span class='ocrx_word' id='word_1_452' title='bbox 1443 499 1584 530; x_wconf 78' lang='grc' dir='ltr'>ἐλθόντων.</span> 
     </span>
    </p>
   </div>
   <div class='ocr_carea' id='block_1_67' title="bbox 1118 584 1842 628">
    <p class='ocr_par' dir='ltr' id='par_1_67' title="bbox 1118 584 1842 628">
     <span class='ocr_line' id='line_1_67' title="bbox 1118 584 1842 628; baseline -0.004 -10"><span class='ocrx_word' id='word_1_453' title='bbox 1118 584 1194 621; x_wconf 78' lang='grc' dir='ltr'><strong>((Ὀῖς</strong></span> <span class='ocrx_word' id='word_1_454' title='bbox 1208 587 1270 617; x_wconf 74' lang='grc' dir='ltr'>κατ’</span> <span class='ocrx_word' id='word_1_455' title='bbox 1285 588 1436 628; x_wconf 57' lang='grc' dir='ltr'>ὀρθαλμοὺς</span> <span class='ocrx_word' id='word_1_456' title='bbox 1451 588 1555 623; x_wconf 78' lang='grc' dir='ltr'>Ἰησοῦς</span> <span class='ocrx_word' id='word_1_457' title='bbox 1571 588 1696 627; x_wconf 73' lang='grc' dir='ltr'>Χριστὸς</span> <span class='ocrx_word' id='word_1_458' title='bbox 1710 588 1842 627; x_wconf 42' lang='lat' dir='ltr'><strong>«poenis»,</strong></span> 
     </span>
    </p>
   </div>
   <div class='ocr_carea' id='block_1_68' title="bbox 1071 631 1843 673">
    <p class='ocr_par' dir='ltr' id='par_1_68' title="bbox 1071 631 1843 673">
     <span class='ocr_line' id='line_1_68' title="bbox 1071 631 1843 673; baseline -0.003 -11"><span class='ocrx_word' id='word_1_459' title='bbox 1071 634 1097 662; x_wconf 74' lang='grc' dir='ltr'>ἐν</span> <span class='ocrx_word' id='word_1_460' title='bbox 1114 635 1175 670; x_wconf 78' lang='grc' dir='ltr'>ὑμῖν</span> <span class='ocrx_word' id='word_1_461' title='bbox 1195 633 1404 673; x_wconf 73' lang='grc' dir='ltr'><strong>ἐσταυρωμένος.</strong></span> <span class='ocrx_word' id='word_1_462' title='bbox 1437 644 1452 662; x_wconf 77' lang='grc' dir='ltr'><strong>α</strong></span> <span class='ocrx_word' id='word_1_463' title='bbox 1475 633 1530 663; x_wconf 80' lang='grc' dir='ltr'>Καὶ</span> <span class='ocrx_word' id='word_1_464' title='bbox 1558 633 1614 671; x_wconf 81' lang='grc' dir='ltr'><strong>μὴν</strong></span> <span class='ocrx_word' id='word_1_465' title='bbox 1644 635 1672 662; x_wconf 79' lang='grc' dir='ltr'>ἐν</span> <span class='ocrx_word' id='word_1_466' title='bbox 1700 631 1843 671; x_wconf 56' lang='grc' dir='ltr'>Ἱερουσιὶὶι</span> 
     </span>
    </p>
   </div>
   <div class='ocr_carea' id='block_1_69' title="bbox 1071 673 1844 718">
    <p class='ocr_par' dir='ltr' id='par_1_69' title="bbox 1071 673 1844 718">
     <span class='ocr_line' id='line_1_69' title="bbox 1071 673 1844 718; baseline -0.003 -11"><span class='ocrx_word' id='word_1_467' title='bbox 1071 677 1224 717; x_wconf 82' lang='grc' dir='ltr'>ἐσταυρώθη</span> <span class='ocrx_word' id='word_1_468' title='bbox 1240 689 1248 696; x_wconf 69' lang='grc' dir='ltr'>θ</span> <span class='ocrx_word' id='word_1_469' title='bbox 1262 680 1318 711; x_wconf 82' lang='grc' dir='ltr'><strong>πῶς</strong></span> <span class='ocrx_word' id='word_1_470' title='bbox 1331 673 1376 707; x_wconf 71' lang='grc' dir='ltr'><strong>οὖν</strong></span> <span class='ocrx_word' id='word_1_471' title='bbox 1392 689 1487 718; x_wconf 78' lang='grc' dir='ltr'>φησιν,</span> <span class='ocrx_word' id='word_1_472' title='bbox 1503 678 1544 707; x_wconf 75' lang='grc' dir='ltr'><strong>ὅτι</strong></span> <span class='ocrx_word' id='word_1_473' title='bbox 1561 689 1575 707; x_wconf 78' lang='lat' dir='ltr'><strong>a</strong></span> <span class='ocrx_word' id='word_1_474' title='bbox 1595 679 1673 708; x_wconf 79' lang='grc' dir='ltr'>Κατ’</span> <span class='ocrx_word' id='word_1_475' title='bbox 1691 678 1844 716; x_wconf 45' lang='lat' dir='ltr'><strong>deﬁciam;-</strong></span> 
     </span>
    </p>
   </div>
   <div class='ocr_carea' id='block_1_70' title="bbox 1072 722 1843 769">
    <p class='ocr_par' dir='ltr' id='par_1_70' title="bbox 1072 722 1843 769">
     <span class='ocr_line' id='line_1_70' title="bbox 1072 722 1843 769; baseline -0.003 -18"><span class='ocrx_word' id='word_1_476' title='bbox 1072 723 1132 769; x_wconf 44' lang='grc' dir='ltr'>ἰαὶ,</span> <span class='ocrx_word' id='word_1_477' title='bbox 1158 733 1173 752; x_wconf 76' lang='grc' dir='ltr'><strong>α</strong></span> <span class='ocrx_word' id='word_1_478' title='bbox 1184 723 1230 753; x_wconf 88' lang='grc' dir='ltr'>Ἐν</span> <span class='ocrx_word' id='word_1_479' title='bbox 1245 723 1325 760; x_wconf 80' lang='grc' dir='ltr'>ὗμῖν;</span> <span class='ocrx_word' id='word_1_480' title='bbox 1345 736 1357 749; x_wconf 78' lang='grc' dir='ltr'>ι</span> <span class='ocrx_word' id='word_1_481' title='bbox 1373 722 1440 752; x_wconf 89' lang='grc' dir='ltr'><strong>Ὅτι</strong></span> <span class='ocrx_word' id='word_1_482' title='bbox 1454 725 1508 756; x_wconf 80' lang='grc' dir='ltr'>τοῖς</span> <span class='ocrx_word' id='word_1_483' title='bbox 1522 725 1569 758; x_wconf 84' lang='grc' dir='ltr'><strong>τῆς</strong></span> <span class='ocrx_word' id='word_1_484' title='bbox 1589 723 1714 755; x_wconf 82' lang='grc' dir='ltr'>πίστεως</span> <span class='ocrx_word' id='word_1_485' title='bbox 1732 723 1843 762; x_wconf 39' lang='lat'><strong>#0121412.-</strong></span> 
     </span>
    </p>
   </div>
   <div class='ocr_carea' id='block_1_71' title="bbox 1072 766 1842 808">
    <p class='ocr_par' dir='ltr' id='par_1_71' title="bbox 1072 766 1842 808">
     <span class='ocr_line' id='line_1_71' title="bbox 1072 766 1842 808; baseline -0.003 -12"><span class='ocrx_word' id='word_1_486' title='bbox 1072 766 1140 796; x_wconf 75' lang='grc' dir='ltr'>εἶδον</span> <span class='ocrx_word' id='word_1_487' title='bbox 1163 766 1207 796; x_wconf 77' lang='grc' dir='ltr'><strong>τὸν</strong></span> <span class='ocrx_word' id='word_1_488' title='bbox 1224 767 1335 808; x_wconf 80' lang='grc' dir='ltr'>σταυρὸν</span> <span class='ocrx_word' id='word_1_489' title='bbox 1361 767 1548 807; x_wconf 75' lang='grc' dir='ltr'>ἀκριϐέστερον</span> <span class='ocrx_word' id='word_1_490' title='bbox 1574 770 1631 797; x_wconf 78' lang='grc' dir='ltr'><strong>τῶν</strong></span> <span class='ocrx_word' id='word_1_491' title='bbox 1659 768 1720 796; x_wconf 83' lang='grc' dir='ltr'>τότε</span> <span class='ocrx_word' id='word_1_492' title='bbox 1737 767 1842 804; x_wconf 63' lang='grc' dir='ltr'>παρόντων</span> 
     </span>
    </p>
   </div>
   <div class='ocr_carea' id='block_1_72' title="bbox 1072 811 1842 852">
    <p class='ocr_par' dir='ltr' id='par_1_72' title="bbox 1072 811 1842 852">
     <span class='ocr_line' id='line_1_72' title="bbox 1072 811 1842 852; baseline -0.001 -11"><span class='ocrx_word' id='word_1_493' title='bbox 1072 811 1118 841; x_wconf 78' lang='grc' dir='ltr'><strong>καὶ</strong></span> <span class='ocrx_word' id='word_1_494' title='bbox 1143 811 1291 850; x_wconf 78' lang='grc' dir='ltr'>θεωμένων.</span> <span class='ocrx_word' id='word_1_495' title='bbox 1321 812 1446 841; x_wconf 79' lang='grc' dir='ltr'>Ἐκείνων</span> <span class='ocrx_word' id='word_1_496' title='bbox 1472 812 1520 850; x_wconf 86' lang='grc' dir='ltr'>μὲν</span> <span class='ocrx_word' id='word_1_497' title='bbox 1544 812 1596 852; x_wconf 73' lang='grc' dir='ltr'><strong>γὰρ</strong></span> <span class='ocrx_word' id='word_1_498' title='bbox 1621 812 1721 841; x_wconf 79' lang='grc' dir='ltr'>πολλοὶ</span> <span class='ocrx_word' id='word_1_499' title='bbox 1739 814 1842 848; x_wconf 60' lang='lat' dir='ltr'><strong>(inﬁgu-</strong></span> 
     </span>
    </p>
   </div>
   <div class='ocr_carea' id='block_1_73' title="bbox 1071 853 1842 896">
    <p class='ocr_par' dir='ltr' id='par_1_73' title="bbox 1071 853 1842 896">
     <span class='ocr_line' id='line_1_73' title="bbox 1071 853 1842 896; baseline -0.004 -10"><span class='ocrx_word' id='word_1_500' title='bbox 1071 869 1110 886; x_wconf 84' lang='grc' dir='ltr'><strong>νοι</strong></span> <span class='ocrx_word' id='word_1_501' title='bbox 1125 858 1298 896; x_wconf 76' lang='grc' dir='ltr'><strong>σωματικῶς,</strong></span> <span class='ocrx_word' id='word_1_502' title='bbox 1322 857 1396 886; x_wconf 69' lang='grc' dir='ltr'>οὐδὲν</span> <span class='ocrx_word' id='word_1_503' title='bbox 1413 857 1552 886; x_wconf 83' lang='grc' dir='ltr'>ἆπώναντο</span> <span class='ocrx_word' id='word_1_504' title='bbox 1569 869 1575 875; x_wconf 92' lang='grc'><strong>·</strong></span> <span class='ocrx_word' id='word_1_505' title='bbox 1590 853 1670 886; x_wconf 60' lang='grc' dir='ltr'>οὗτοι</span> <span class='ocrx_word' id='word_1_506' title='bbox 1689 857 1716 885; x_wconf 82' lang='grc' dir='ltr'><strong>δὲ</strong></span> <span class='ocrx_word' id='word_1_507' title='bbox 1738 858 1842 895; x_wconf 56' lang='grc' dir='ltr'>όᾷθπλςιῢ-</span> 
     </span>
    </p>
   </div>
   <div class='ocr_carea' id='block_1_74' title="bbox 1073 900 1843 948">
    <p class='ocr_par' dir='ltr' id='par_1_74' title="bbox 1073 900 1843 948">
     <span class='ocr_line' id='line_1_74' title="bbox 1073 900 1843 948; baseline -0.005 -17"><span class='ocrx_word' id='word_1_508' title='bbox 1073 903 1159 948; x_wconf 42' lang='lat' dir='ltr'><strong>pavi);</strong></span> <span class='ocrx_word' id='word_1_509' title='bbox 1185 901 1222 939; x_wconf 84' lang='grc' dir='ltr'><strong>μὴ</strong></span> <span class='ocrx_word' id='word_1_510' title='bbox 1248 901 1361 940; x_wconf 79' lang='grc' dir='ltr'>ἰδόντες,</span> <span class='ocrx_word' id='word_1_511' title='bbox 1390 901 1433 930; x_wconf 81' lang='grc' dir='ltr'><strong>διὰ</strong></span> <span class='ocrx_word' id='word_1_512' title='bbox 1463 904 1510 937; x_wconf 79' lang='grc' dir='ltr'><strong>τῆς</strong></span> <span class='ocrx_word' id='word_1_513' title='bbox 1538 902 1661 935; x_wconf 82' lang='grc' dir='ltr'>πίστεως</span> <span class='ocrx_word' id='word_1_514' title='bbox 1689 900 1843 941; x_wconf 58' lang='grc' dir='ltr'>ἆκριϐέςτερει</span> 
     </span>
    </p>
   </div>
   <div class='ocr_carea' id='block_1_75' title="bbox 1071 944 1844 986">
    <p class='ocr_par' dir='ltr' id='par_1_75' title="bbox 1071 944 1844 986">
     <span class='ocr_line' id='line_1_75' title="bbox 1071 944 1844 986; baseline -0.003 -12"><span class='ocrx_word' id='word_1_515' title='bbox 1071 944 1149 976; x_wconf 70' lang='grc' dir='ltr'>εἶδον.</span> <span class='ocrx_word' id='word_1_516' title='bbox 1177 945 1336 985; x_wconf 70' lang='grc' dir='ltr'>Προεγράφη</span> <span class='ocrx_word' id='word_1_517' title='bbox 1362 946 1447 975; x_wconf 80' lang='grc' dir='ltr'>τοίνυν</span> <span class='ocrx_word' id='word_1_518' title='bbox 1474 949 1488 976; x_wconf 79' lang='grc' dir='ltr'>ὁ</span> <span class='ocrx_word' id='word_1_519' title='bbox 1512 946 1629 986; x_wconf 76' lang='grc' dir='ltr'>Χριστὸς</span> <span class='ocrx_word' id='word_1_520' title='bbox 1661 945 1698 981; x_wconf 78' lang='grc'><strong>⁷⁸,</strong></span> <span class='ocrx_word' id='word_1_521' title='bbox 1726 944 1844 978; x_wconf 62' lang='grc' dir='ltr'>τουτέστιν,</span> 
     </span>
    </p>
   </div>
   <div class='ocr_carea' id='block_1_76' title="bbox 1071 990 1841 1030">
    <p class='ocr_par' dir='ltr' id='par_1_76' title="bbox 1071 990 1841 1030">
     <span class='ocr_line' id='line_1_76' title="bbox 1071 990 1841 1030; baseline -0.003 -11"><span class='ocrx_word' id='word_1_522' title='bbox 1071 990 1244 1030; x_wconf 68' lang='grc' dir='ltr'>ἕζωγραφήθη</span> <span class='ocrx_word' id='word_1_523' title='bbox 1261 990 1304 1019; x_wconf 78' lang='grc' dir='ltr'><strong>διὰ</strong></span> <span class='ocrx_word' id='word_1_524' title='bbox 1327 993 1373 1019; x_wconf 67' lang='grc' dir='ltr'><strong>τοῦ</strong></span> <span class='ocrx_word' id='word_1_525' title='bbox 1397 990 1568 1030; x_wconf 73' lang='grc' dir='ltr'>κηρύγματος</span> <span class='ocrx_word' id='word_1_526' title='bbox 1582 999 1589 1007; x_wconf 92' lang='grc'><strong>·</strong></span> <span class='ocrx_word' id='word_1_527' title='bbox 1617 992 1697 1028; x_wconf 75' lang='grc' dir='ltr'>ὑμεῖς</span> <span class='ocrx_word' id='word_1_528' title='bbox 1712 990 1738 1019; x_wconf 79' lang='grc' dir='ltr'><strong>δὲ</strong></span> <span class='ocrx_word' id='word_1_529' title='bbox 1758 992 1841 1018; x_wconf 69' lang='grc' dir='ltr'>πιστεύ-</span> 
     </span>
    </p>
   </div>
   <div class='ocr_carea' id='block_1_77' title="bbox 1071 1034 1840 1075">
    <p class='ocr_par' dir='ltr' id='par_1_77' title="bbox 1071 1034 1840 1075">
     <span class='ocr_line' id='line_1_77' title="bbox 1071 1034 1840 1075; baseline -0.003 -11"><span class='ocrx_word' id='word_1_530' title='bbox 1071 1046 1164 1068; x_wconf 77' lang='grc' dir='ltr'>σαντες</span> <span class='ocrx_word' id='word_1_531' title='bbox 1188 1037 1226 1074; x_wconf 80' lang='grc' dir='ltr'><strong>τῷ</strong></span> <span class='ocrx_word' id='word_1_532' title='bbox 1260 1034 1429 1074; x_wconf 74' lang='grc' dir='ltr'><strong>κηρύγματι,</strong></span> <span class='ocrx_word' id='word_1_533' title='bbox 1456 1037 1491 1068; x_wconf 81' lang='grc' dir='ltr'>ὡς</span> <span class='ocrx_word' id='word_1_534' title='bbox 1519 1035 1644 1075; x_wconf 80' lang='grc' dir='ltr'>παρόντα</span> <span class='ocrx_word' id='word_1_535' title='bbox 1682 1034 1758 1064; x_wconf 80' lang='grc' dir='ltr'>αὐτὸν</span> <span class='ocrx_word' id='word_1_536' title='bbox 1786 1034 1840 1062; x_wconf 69' lang='grc' dir='ltr'>ἴδετε.</span> 
     </span>
    </p>
   </div>
   <div class='ocr_carea' id='block_1_78' title="bbox 1071 1078 1842 1117">
    <p class='ocr_par' dir='ltr' id='par_1_78' title="bbox 1071 1078 1842 1117">
     <span class='ocr_line' id='line_1_78' title="bbox 1071 1078 1842 1117; baseline -0.003 -8"><span class='ocrx_word' id='word_1_537' title='bbox 1071 1081 1167 1109; x_wconf 76' lang='grc' dir='ltr'>Ταῦτα</span> <span class='ocrx_word' id='word_1_538' title='bbox 1193 1079 1219 1108; x_wconf 79' lang='grc' dir='ltr'><strong>δὲ</strong></span> <span class='ocrx_word' id='word_1_539' title='bbox 1253 1079 1299 1108; x_wconf 73' lang='grc' dir='ltr'>καὶ</span> <span class='ocrx_word' id='word_1_540' title='bbox 1332 1079 1437 1112; x_wconf 86' lang='grc' dir='ltr'>ἔπαινός</span> <span class='ocrx_word' id='word_1_541' title='bbox 1464 1081 1529 1109; x_wconf 83' lang='grc' dir='ltr'>εἰσιν</span> <span class='ocrx_word' id='word_1_542' title='bbox 1556 1081 1668 1116; x_wconf 72' lang='grc' dir='ltr'>αὐτῶν,</span> <span class='ocrx_word' id='word_1_543' title='bbox 1695 1080 1741 1108; x_wconf 76' lang='grc' dir='ltr'>καὶ</span> 
     </span>
    </p>
   </div>
   <div class='ocr_carea' id='block_1_79' title="bbox 1073 1123 1839 1164">
    <p class='ocr_par' dir='ltr' id='par_1_79' title="bbox 1073 1123 1839 1164">
     <span class='ocr_line' id='line_1_79' title="bbox 1073 1123 1839 1164; baseline -0.003 -11"><span class='ocrx_word' id='word_1_544' title='bbox 1073 1124 1178 1157; x_wconf 83' lang='grc' dir='ltr'>ἔπαινος</span> <span class='ocrx_word' id='word_1_545' title='bbox 1199 1123 1264 1162; x_wconf 83' lang='grc' dir='ltr'>μὲν,</span> <span class='ocrx_word' id='word_1_546' title='bbox 1286 1123 1326 1153; x_wconf 77' lang='grc' dir='ltr'>ὅτι</span> <span class='ocrx_word' id='word_1_547' title='bbox 1350 1124 1418 1162; x_wconf 84' lang='grc' dir='ltr'>μετὰ</span> <span class='ocrx_word' id='word_1_548' title='bbox 1440 1123 1571 1159; x_wconf 79' lang='grc' dir='ltr'>τοσαύτης</span> <span class='ocrx_word' id='word_1_549' title='bbox 1594 1124 1778 1164; x_wconf 59' lang='grc' dir='ltr'>πληροξορίας</span> 
     </span>
    </p>
   </div>
   <div class='ocr_carea' id='block_1_80' title="bbox 1073 1165 1842 1209">
    <p class='ocr_par' dir='ltr' id='par_1_80' title="bbox 1073 1165 1842 1209">
     <span class='ocr_line' id='line_1_80' title="bbox 1073 1165 1842 1209; baseline -0.001 -12"><span class='ocrx_word' id='word_1_550' title='bbox 1073 1168 1148 1202; x_wconf 82' lang='grc' dir='ltr'>ξαντο</span> <span class='ocrx_word' id='word_1_551' title='bbox 1173 1171 1257 1198; x_wconf 72' lang='grc' dir='ltr'>ταῦτα</span> <span class='ocrx_word' id='word_1_552' title='bbox 1273 1180 1280 1188; x_wconf 83' lang='grc'><strong>·</strong></span> <span class='ocrx_word' id='word_1_553' title='bbox 1302 1168 1383 1209; x_wconf 83' lang='grc' dir='ltr'>ψόγος</span> <span class='ocrx_word' id='word_1_554' title='bbox 1398 1169 1442 1203; x_wconf 81' lang='grc' dir='ltr'>δὲ,</span> <span class='ocrx_word' id='word_1_555' title='bbox 1458 1169 1499 1198; x_wconf 78' lang='grc' dir='ltr'><strong>ὅτι</strong></span> <span class='ocrx_word' id='word_1_556' title='bbox 1522 1169 1550 1198; x_wconf 85' lang='grc' dir='ltr'><strong>ὃν</strong></span> <span class='ocrx_word' id='word_1_557' title='bbox 1572 1165 1644 1198; x_wconf 70' lang='grc' dir='ltr'>εἶξον</span> <span class='ocrx_word' id='word_1_558' title='bbox 1670 1167 1842 1208; x_wconf 62' lang='grc' dir='ltr'>γυμνούμενον,</span> 
     </span>
    </p>
   </div>
   <div class='ocr_carea' id='block_1_81' title="bbox 1073 1213 1840 1253">
    <p class='ocr_par' dir='ltr' id='par_1_81' title="bbox 1073 1213 1840 1253">
     <span class='ocr_line' id='line_1_81' title="bbox 1073 1213 1840 1253; baseline -0.004 -11"><span class='ocrx_word' id='word_1_559' title='bbox 1073 1213 1344 1251; x_wconf 81' lang='grc' dir='ltr'>ἀνεσκολοπισμένον,</span> <span class='ocrx_word' id='word_1_560' title='bbox 1377 1213 1543 1251; x_wconf 74' lang='grc' dir='ltr'>θνήσκοντα,</span> <span class='ocrx_word' id='word_1_561' title='bbox 1569 1217 1668 1243; x_wconf 77' lang='grc' dir='ltr'>τοῦτον</span> <span class='ocrx_word' id='word_1_562' title='bbox 1699 1213 1796 1253; x_wconf 65' lang='grc' dir='ltr'>ἀφέντες</span> <span class='ocrx_word' id='word_1_563' title='bbox 1814 1214 1840 1239; x_wconf 72' lang='lat'><strong>£2:</strong></span> 
     </span>
    </p>
   </div>
   <div class='ocr_carea' id='block_1_82' title="bbox 1072 1256 1839 1298">
    <p class='ocr_par' dir='ltr' id='par_1_82' title="bbox 1072 1256 1839 1298">
     <span class='ocr_line' id='line_1_82' title="bbox 1072 1256 1839 1298; baseline -0.004 -11"><span class='ocrx_word' id='word_1_564' title='bbox 1072 1257 1116 1287; x_wconf 79' lang='grc' dir='ltr'><strong>τὸν</strong></span> <span class='ocrx_word' id='word_1_565' title='bbox 1129 1257 1208 1294; x_wconf 81' lang='grc' dir='ltr'>νόμον</span> <span class='ocrx_word' id='word_1_566' title='bbox 1224 1257 1348 1297; x_wconf 82' lang='grc' dir='ltr'>ἔδραμον.</span> <span class='ocrx_word' id='word_1_567' title='bbox 1373 1257 1448 1298; x_wconf 69' lang='grc' dir='ltr'><strong>συρα</strong></span> <span class='ocrx_word' id='word_1_568' title='bbox 1464 1258 1491 1288; x_wconf 83' lang='grc' dir='ltr'><strong>δὲ</strong></span> <span class='ocrx_word' id='word_1_569' title='bbox 1502 1281 1510 1296; x_wconf 80' lang='grc'><strong>,</strong></span> <span class='ocrx_word' id='word_1_570' title='bbox 1527 1261 1582 1292; x_wconf 78' lang='grc' dir='ltr'><strong>πῶς</strong></span> <span class='ocrx_word' id='word_1_571' title='bbox 1605 1259 1701 1287; x_wconf 78' lang='grc' dir='ltr'>πάντα</span> <span class='ocrx_word' id='word_1_572' title='bbox 1721 1257 1800 1298; x_wconf 67' lang='grc' dir='ltr'>ἀφεὶς,</span> <span class='ocrx_word' id='word_1_573' title='bbox 1813 1256 1839 1284; x_wconf 61' lang='grc' dir='ltr'>τὸν</span> 
     </span>
    </p>
   </div>
   <div class='ocr_carea' id='block_1_83' title="bbox 1073 1301 1437 1343">
    <p class='ocr_par' dir='ltr' id='par_1_83' title="bbox 1073 1301 1437 1343">
     <span class='ocr_line' id='line_1_83' title="bbox 1073 1301 1437 1343; baseline -0.003 -11"><span class='ocrx_word' id='word_1_574' title='bbox 1073 1301 1185 1342; x_wconf 75' lang='grc' dir='ltr'>σταυρὸν</span> <span class='ocrx_word' id='word_1_575' title='bbox 1203 1303 1239 1335; x_wconf 83' lang='grc' dir='ltr'>εἷς</span> <span class='ocrx_word' id='word_1_576' title='bbox 1256 1302 1337 1340; x_wconf 85' lang='grc' dir='ltr'>μέσον</span> <span class='ocrx_word' id='word_1_577' title='bbox 1354 1302 1437 1343; x_wconf 78' lang='grc' dir='ltr'>φέρει.</span> 
     </span>
    </p>
   </div>
   <div class='ocr_carea' id='block_1_84' title="bbox 1115 1387 1836 1429">
    <p class='ocr_par' dir='ltr' id='par_1_84' title="bbox 1115 1387 1836 1429">
     <span class='ocr_line' id='line_1_84' title="bbox 1115 1387 1836 1429; baseline -0.004 -12"><span class='ocrx_word' id='word_1_578' title='bbox 1115 1399 1130 1417; x_wconf 67' lang='grc' dir='ltr'><strong>α</strong></span> <span class='ocrx_word' id='word_1_579' title='bbox 1145 1389 1171 1418; x_wconf 88' lang='grc' dir='ltr'>Τ</span> <span class='ocrx_word' id='word_1_580' title='bbox 1172 1391 1232 1419; x_wconf 73' lang='grc' dir='ltr'>οῧτο</span> <span class='ocrx_word' id='word_1_581' title='bbox 1255 1388 1332 1427; x_wconf 89' lang='grc' dir='ltr'>μόνον</span> <span class='ocrx_word' id='word_1_582' title='bbox 1349 1388 1417 1418; x_wconf 86' lang='grc' dir='ltr'><strong>θέλω</strong></span> <span class='ocrx_word' id='word_1_583' title='bbox 1432 1390 1524 1427; x_wconf 81' lang='grc' dir='ltr'>μαθεῖν</span> <span class='ocrx_word' id='word_1_584' title='bbox 1540 1391 1586 1429; x_wconf 61' lang='grc' dir='ltr'><strong>ἄρ’</strong></span> <span class='ocrx_word' id='word_1_585' title='bbox 1600 1391 1680 1426; x_wconf 71' lang='grc' dir='ltr'>ὑμῶν</span> <span class='ocrx_word' id='word_1_586' title='bbox 1694 1400 1701 1407; x_wconf 91' lang='grc'><strong>·</strong></span> <span class='ocrx_word' id='word_1_587' title='bbox 1717 1387 1762 1421; x_wconf 77' lang='grc' dir='ltr'><strong>Ἐξ</strong></span> <span class='ocrx_word' id='word_1_588' title='bbox 1780 1388 1836 1426; x_wconf 59' lang='grc' dir='ltr'>ἔργων</span> 
     </span>
    </p>
   </div>
   <div class='ocr_carea' id='block_1_85' title="bbox 1073 1432 1837 1472">
    <p class='ocr_par' dir='ltr' id='par_1_85' title="bbox 1073 1432 1837 1472">
     <span class='ocr_line' id='line_1_85' title="bbox 1073 1432 1837 1472; baseline 0.003 -10"><span class='ocrx_word' id='word_1_589' title='bbox 1073 1432 1154 1469; x_wconf 88' lang='grc' dir='ltr'>νόμου</span> <span class='ocrx_word' id='word_1_590' title='bbox 1176 1433 1206 1462; x_wconf 84' lang='grc' dir='ltr'><strong>τὸ</strong></span> <span class='ocrx_word' id='word_1_591' title='bbox 1231 1434 1343 1472; x_wconf 78' lang='grc' dir='ltr'>Πνεῦμα</span> <span class='ocrx_word' id='word_1_592' title='bbox 1367 1433 1496 1472; x_wconf 78' lang='grc' dir='ltr'>ἐλάϐετε,</span> <span class='ocrx_word' id='word_1_593' title='bbox 1523 1433 1583 1469; x_wconf 79' lang='grc' dir='ltr'><strong>ἣέξ</strong></span> <span class='ocrx_word' id='word_1_594' title='bbox 1606 1436 1692 1468; x_wconf 80' lang='grc' dir='ltr'>ἀκοῆς</span> <span class='ocrx_word' id='word_1_595' title='bbox 1713 1433 1837 1464; x_wconf 71' lang='grc' dir='ltr'>πίστεωςςι</span> 
     </span>
    </p>
   </div>
   <div class='ocr_carea' id='block_1_86' title="bbox 1073 1476 1838 1518">
    <p class='ocr_par' dir='ltr' id='par_1_86' title="bbox 1073 1476 1838 1518">
     <span class='ocr_line' id='line_1_86' title="bbox 1073 1476 1838 1518; baseline -0.005 -11"><span class='ocrx_word' id='word_1_596' title='bbox 1073 1477 1186 1514; x_wconf 79' lang='grc' dir='ltr'>Ἐπειδὴ</span> <span class='ocrx_word' id='word_1_597' title='bbox 1216 1482 1270 1511; x_wconf 84' lang='grc' dir='ltr'>τοῖς</span> <span class='ocrx_word' id='word_1_598' title='bbox 1299 1482 1412 1516; x_wconf 79' lang='grc' dir='ltr'>μακροῖς</span> <span class='ocrx_word' id='word_1_599' title='bbox 1438 1480 1467 1508; x_wconf 86' lang='grc' dir='ltr'>οὗ</span> <span class='ocrx_word' id='word_1_600' title='bbox 1505 1480 1733 1518; x_wconf 77' lang='grc' dir='ltr'>παρακολουθείτε</span> <span class='ocrx_word' id='word_1_601' title='bbox 1766 1476 1838 1513; x_wconf 71' lang='grc' dir='ltr'>λόγως,</span> 
     </span>
    </p>
   </div>
   <div class='ocr_carea' id='block_1_87' title="bbox 1076 1521 1838 1562">
    <p class='ocr_par' dir='ltr' id='par_1_87' title="bbox 1076 1521 1838 1562">
     <span class='ocr_line' id='line_1_87' title="bbox 1076 1521 1838 1562; baseline -0.009 -7"><span class='ocrx_word' id='word_1_602' title='bbox 1076 1521 1135 1551; x_wconf 72' lang='grc' dir='ltr'>οὐδὲ</span> <span class='ocrx_word' id='word_1_603' title='bbox 1164 1525 1210 1558; x_wconf 73' lang='grc' dir='ltr'><strong>τῆς</strong></span> <span class='ocrx_word' id='word_1_604' title='bbox 1235 1523 1385 1560; x_wconf 73' lang='grc' dir='ltr'>οἰκονομίας</span> <span class='ocrx_word' id='word_1_605' title='bbox 1411 1522 1441 1552; x_wconf 74' lang='grc' dir='ltr'><strong>τὸ</strong></span> <span class='ocrx_word' id='word_1_606' title='bbox 1470 1523 1577 1562; x_wconf 82' lang='grc' dir='ltr'>μέγεθος</span> <span class='ocrx_word' id='word_1_607' title='bbox 1600 1524 1778 1552; x_wconf 72' lang='grc' dir='ltr'>κατοπτεῦσαι</span> <span class='ocrx_word' id='word_1_608' title='bbox 1801 1521 1838 1559; x_wconf 59' lang='lat' dir='ltr'><strong>pr}</strong></span> 
     </span>
    </p>
   </div>
   <div class='ocr_carea' id='block_1_88' title="bbox 1073 1565 1838 1607">
    <p class='ocr_par' dir='ltr' id='par_1_88' title="bbox 1073 1565 1838 1607">
     <span class='ocr_line' id='line_1_88' title="bbox 1073 1565 1838 1607; baseline -0.003 -12"><span class='ocrx_word' id='word_1_609' title='bbox 1073 1567 1149 1596; x_wconf 77' lang='grc' dir='ltr'>λεσθε</span> <span class='ocrx_word' id='word_1_610' title='bbox 1160 1589 1167 1603; x_wconf 90' lang='grc'><strong>,</strong></span> <span class='ocrx_word' id='word_1_611' title='bbox 1185 1566 1313 1606; x_wconf 80' lang='grc' dir='ltr'>σύντομόν</span> <span class='ocrx_word' id='word_1_612' title='bbox 1334 1579 1359 1595; x_wconf 82' lang='grc' dir='ltr'><strong>τι</strong></span> <span class='ocrx_word' id='word_1_613' title='bbox 1376 1567 1427 1606; x_wconf 78' lang='grc' dir='ltr'>ἐρῶ</span> <span class='ocrx_word' id='word_1_614' title='bbox 1448 1567 1513 1607; x_wconf 84' lang='grc' dir='ltr'>πρὸς</span> <span class='ocrx_word' id='word_1_615' title='bbox 1527 1570 1605 1605; x_wconf 74' lang='grc' dir='ltr'>ὑμᾶς.</span> <span class='ocrx_word' id='word_1_616' title='bbox 1622 1567 1789 1607; x_wconf 80' lang='grc' dir='ltr'>Ἀποκρίθητε</span> 
     </span>
    </p>
   </div>
   <div class='ocr_carea' id='block_1_89' title="bbox 1075 1609 1837 1650">
    <p class='ocr_par' dir='ltr' id='par_1_89' title="bbox 1075 1609 1837 1650">
     <span class='ocr_line' id='line_1_89' title="bbox 1075 1609 1837 1650; baseline 0.001 -10"><span class='ocrx_word' id='word_1_617' title='bbox 1075 1623 1120 1649; x_wconf 86' lang='grc' dir='ltr'><strong>μοι</strong></span> <span class='ocrx_word' id='word_1_618' title='bbox 1132 1614 1210 1641; x_wconf 74' lang='grc' dir='ltr'>τοῦτο</span> <span class='ocrx_word' id='word_1_619' title='bbox 1229 1613 1258 1641; x_wconf 83' lang='grc' dir='ltr'>τὸ</span> <span class='ocrx_word' id='word_1_620' title='bbox 1280 1612 1373 1650; x_wconf 81' lang='grc' dir='ltr'>μικρόν</span> <span class='ocrx_word' id='word_1_621' title='bbox 1387 1624 1393 1630; x_wconf 71' lang='grc'><strong><em>⁸</em></strong></span> <span class='ocrx_word' id='word_1_622' title='bbox 1416 1612 1501 1642; x_wconf 80' lang='grc' dir='ltr'>Πόθεν</span> <span class='ocrx_word' id='word_1_623' title='bbox 1520 1613 1627 1642; x_wconf 71' lang='grc' dir='ltr'>ἐλάϐετε</span> <span class='ocrx_word' id='word_1_624' title='bbox 1651 1613 1757 1648; x_wconf 77' lang='grc' dir='ltr'>Πνεῦμα</span> <span class='ocrx_word' id='word_1_625' title='bbox 1771 1609 1837 1648; x_wconf 66' lang='grc' dir='ltr'>ἄγην.</span> 
     </span>
    </p>
   </div>
   <div class='ocr_carea' id='block_1_90' title="bbox 1075 1653 1839 1695">
    <p class='ocr_par' dir='ltr' id='par_1_90' title="bbox 1075 1653 1839 1695">
     <span class='ocr_line' id='line_1_90' title="bbox 1075 1653 1839 1695; baseline 0.003 -10"><span class='ocrx_word' id='word_1_626' title='bbox 1075 1656 1120 1685; x_wconf 78' lang='grc' dir='ltr'>καὶ</span> <span class='ocrx_word' id='word_1_627' title='bbox 1144 1656 1276 1692; x_wconf 81' lang='grc' dir='ltr'>τοσαύτην</span> <span class='ocrx_word' id='word_1_628' title='bbox 1301 1656 1411 1694; x_wconf 75' lang='grc' dir='ltr'>δύναμιν</span> <span class='ocrx_word' id='word_1_629' title='bbox 1439 1657 1484 1686; x_wconf 83' lang='grc' dir='ltr'>καὶ</span> <span class='ocrx_word' id='word_1_630' title='bbox 1507 1662 1607 1695; x_wconf 84' lang='grc' dir='ltr'>σημεῖα</span> <span class='ocrx_word' id='word_1_631' title='bbox 1633 1656 1784 1692; x_wconf 75' lang='grc' dir='ltr'>ἐποιήσατες</span> <span class='ocrx_word' id='word_1_632' title='bbox 1809 1653 1839 1682; x_wconf 60' lang='grc' dir='ltr'><strong>Ἐκ</strong></span> 
     </span>
    </p>
   </div>
   <div class='ocr_carea' id='block_1_91' title="bbox 1075 1699 1837 1741">
    <p class='ocr_par' dir='ltr' id='par_1_91' title="bbox 1075 1699 1837 1741">
     <span class='ocr_line' id='line_1_91' title="bbox 1075 1699 1837 1741; baseline 0 -12"><span class='ocrx_word' id='word_1_633' title='bbox 1075 1703 1128 1729; x_wconf 80' lang='grc' dir='ltr'><strong>τῶν</strong></span> <span class='ocrx_word' id='word_1_634' title='bbox 1142 1703 1168 1731; x_wconf 82' lang='grc' dir='ltr'><strong>ἐν</strong></span> <span class='ocrx_word' id='word_1_635' title='bbox 1185 1700 1259 1741; x_wconf 86' lang='grc' dir='ltr'>νόμῳ</span> <span class='ocrx_word' id='word_1_636' title='bbox 1283 1701 1386 1740; x_wconf 78' lang='grc' dir='ltr'>ἔργων,</span> <span class='ocrx_word' id='word_1_637' title='bbox 1409 1701 1427 1738; x_wconf 83' lang='grc' dir='ltr'>ἣ</span> <span class='ocrx_word' id='word_1_638' title='bbox 1453 1703 1484 1731; x_wconf 74' lang='grc' dir='ltr'>ἐκ</span> <span class='ocrx_word' id='word_1_639' title='bbox 1508 1705 1556 1737; x_wconf 80' lang='grc' dir='ltr'><strong>τῆς</strong></span> <span class='ocrx_word' id='word_1_640' title='bbox 1579 1702 1709 1737; x_wconf 58' lang='grc' dir='ltr'>πίστεως</span> <span class='ocrx_word' id='word_1_641' title='bbox 1735 1699 1837 1739; x_wconf 69' lang='grc' dir='ltr'>Πρόδηλω</span> 
     </span>
    </p>
   </div>
   <div class='ocr_carea' id='block_1_92' title="bbox 1075 1744 1837 1785">
    <p class='ocr_par' dir='ltr' id='par_1_92' title="bbox 1075 1744 1837 1785">
     <span class='ocr_line' id='line_1_92' title="bbox 1075 1744 1837 1785; baseline -0.003 -11"><span class='ocrx_word' id='word_1_642' title='bbox 1075 1744 1115 1774; x_wconf 78' lang='grc' dir='ltr'><strong>ὅτι</strong></span> <span class='ocrx_word' id='word_1_643' title='bbox 1129 1746 1169 1784; x_wconf 67' lang='grc' dir='ltr'>ξεκ</span> <span class='ocrx_word' id='word_1_644' title='bbox 1182 1749 1228 1781; x_wconf 70' lang='grc' dir='ltr'><strong>τῆς</strong></span> <span class='ocrx_word' id='word_1_645' title='bbox 1244 1745 1359 1779; x_wconf 85' lang='grc' dir='ltr'>πίστεως</span> <span class='ocrx_word' id='word_1_646' title='bbox 1371 1757 1377 1764; x_wconf 89' lang='grc'><strong>·</strong></span> <span class='ocrx_word' id='word_1_647' title='bbox 1392 1747 1449 1776; x_wconf 79' lang='grc' dir='ltr'>ἐπεὶ</span> <span class='ocrx_word' id='word_1_648' title='bbox 1476 1747 1513 1785; x_wconf 81' lang='grc' dir='ltr'><strong>μὴ</strong></span> <span class='ocrx_word' id='word_1_649' title='bbox 1529 1747 1572 1776; x_wconf 83' lang='grc' dir='ltr'><strong>ὅτε</strong></span> <span class='ocrx_word' id='word_1_650' title='bbox 1588 1750 1634 1776; x_wconf 75' lang='grc' dir='ltr'><strong>τοῦ</strong></span> <span class='ocrx_word' id='word_1_651' title='bbox 1651 1747 1732 1784; x_wconf 82' lang='grc' dir='ltr'>νόμον</span> <span class='ocrx_word' id='word_1_652' title='bbox 1752 1744 1837 1785; x_wconf 59' lang='grc' dir='ltr'>εἶχεςῆ-</span> 
     </span>
    </p>
   </div>
   <div class='ocr_carea' id='block_1_93' title="bbox 1076 1782 1835 1831">
    <p class='ocr_par' dir='ltr' id='par_1_93' title="bbox 1076 1782 1835 1831">
     <span class='ocr_line' id='line_1_93' title="bbox 1076 1782 1835 1831; baseline 0 -11"><span class='ocrx_word' id='word_1_653' title='bbox 1076 1791 1188 1829; x_wconf 77' lang='grc' dir='ltr'>Πνεῦμα</span> <span class='ocrx_word' id='word_1_654' title='bbox 1213 1789 1320 1831; x_wconf 76' lang='grc' dir='ltr'>εἴχετε,</span> <span class='ocrx_word' id='word_1_655' title='bbox 1346 1791 1393 1820; x_wconf 75' lang='grc' dir='ltr'><strong>καὶ</strong></span> <span class='ocrx_word' id='word_1_656' title='bbox 1419 1782 1542 1830; x_wconf 72' lang='grc' dir='ltr'>δυνάμεις</span> <span class='ocrx_word' id='word_1_657' title='bbox 1568 1782 1727 1821; x_wconf 62' lang='grc' dir='ltr'>ἔπετελεῗτε.</span> <span class='ocrx_word' id='word_1_658' title='bbox 1745 1782 1797 1820; x_wconf 53' lang='grc' dir='ltr'><strong>Παίς</strong></span> <span class='ocrx_word' id='word_1_659' title='bbox 1808 1782 1835 1816; x_wconf 64' lang='grc' dir='ltr'>οδλ</span> 
     </span>
    </p>
   </div>
   <div class='ocr_carea' id='block_1_94' title="bbox 1077 1835 1738 1876">
    <p class='ocr_par' dir='ltr' id='par_1_94' title="bbox 1077 1835 1738 1876">
     <span class='ocr_line' id='line_1_94' title="bbox 1077 1835 1738 1876; baseline 0 -12"><span class='ocrx_word' id='word_1_660' title='bbox 1077 1835 1185 1876; x_wconf 64' lang='grc' dir='ltr'>ἀφέντες</span> <span class='ocrx_word' id='word_1_661' title='bbox 1199 1835 1246 1872; x_wconf 85' lang='grc' dir='ltr'><strong>τὴν</strong></span> <span class='ocrx_word' id='word_1_662' title='bbox 1261 1835 1348 1865; x_wconf 82' lang='grc' dir='ltr'>πίστιν</span> <span class='ocrx_word' id='word_1_663' title='bbox 1358 1858 1366 1872; x_wconf 83' lang='lat'><strong>,</strong></span> <span class='ocrx_word' id='word_1_664' title='bbox 1382 1837 1462 1866; x_wconf 87' lang='grc' dir='ltr'>πάλιν</span> <span class='ocrx_word' id='word_1_665' title='bbox 1476 1837 1567 1876; x_wconf 73' lang='grc' dir='ltr'>ἔχεσθε</span> <span class='ocrx_word' id='word_1_666' title='bbox 1582 1839 1627 1866; x_wconf 74' lang='grc' dir='ltr'><strong>τοῦ</strong></span> <span class='ocrx_word' id='word_1_667' title='bbox 1641 1837 1738 1874; x_wconf 72' lang='grc' dir='ltr'>νόμους</span> 
     </span>
    </p>
   </div>
   <div class='ocr_carea' id='block_1_95' title="bbox 1118 1923 1835 1965">
    <p class='ocr_par' dir='ltr' id='par_1_95' title="bbox 1118 1923 1835 1965">
     <span class='ocr_line' id='line_1_95' title="bbox 1118 1923 1835 1965; baseline -0.003 -12"><span class='ocrx_word' id='word_1_668' title='bbox 1118 1936 1133 1952; x_wconf 73' lang='grc' dir='ltr'>ι</span> <span class='ocrx_word' id='word_1_669' title='bbox 1147 1923 1240 1958; x_wconf 78' lang='grc' dir='ltr'>Οὕτως</span> <span class='ocrx_word' id='word_1_670' title='bbox 1255 1924 1362 1960; x_wconf 74' lang='grc' dir='ltr'>ἀνόητοί</span> <span class='ocrx_word' id='word_1_671' title='bbox 1378 1926 1436 1954; x_wconf 81' lang='grc' dir='ltr'>ἐστε</span> <span class='ocrx_word' id='word_1_672' title='bbox 1446 1947 1454 1960; x_wconf 89' lang='grc'><strong>,</strong></span> <span class='ocrx_word' id='word_1_673' title='bbox 1471 1925 1642 1965; x_wconf 82' lang='grc' dir='ltr'>ἐναρξάμενοι</span> <span class='ocrx_word' id='word_1_674' title='bbox 1660 1924 1794 1962; x_wconf 69' lang='grc' dir='ltr'>πνεύματι,</span> <span class='ocrx_word' id='word_1_675' title='bbox 1806 1923 1835 1947; x_wconf 68' lang='grc' dir='ltr'>νῖν</span> 
     </span>
    </p>
   </div>
   <div class='ocr_carea' id='block_1_96' title="bbox 1076 1965 1834 2010">
    <p class='ocr_par' dir='ltr' id='par_1_96' title="bbox 1076 1965 1834 2010">
     <span class='ocr_line' id='line_1_96' title="bbox 1076 1965 1834 2010; baseline -0.004 -12"><span class='ocrx_word' id='word_1_676' title='bbox 1076 1969 1154 2009; x_wconf 80' lang='grc' dir='ltr'>σαρκὶ</span> <span class='ocrx_word' id='word_1_677' title='bbox 1180 1970 1362 2006; x_wconf 76' lang='grc' dir='ltr'>ἔπιτελεῖσθε;</span> <span class='ocrx_word' id='word_1_678' title='bbox 1394 1983 1407 1996; x_wconf 78' lang='grc' dir='ltr'>ι»</span> <span class='ocrx_word' id='word_1_679' title='bbox 1440 1969 1528 1999; x_wconf 83' lang='grc' dir='ltr'>Πάλιν</span> <span class='ocrx_word' id='word_1_680' title='bbox 1560 1970 1689 2010; x_wconf 72' lang='grc' dir='ltr'>εὐκαίρως</span> <span class='ocrx_word' id='word_1_681' title='bbox 1717 1970 1759 2004; x_wconf 75' lang='grc' dir='ltr'><strong>τὴν</strong></span> <span class='ocrx_word' id='word_1_682' title='bbox 1783 1965 1834 2003; x_wconf 59' lang='grc' dir='ltr'>ὗϐξιπ</span> 
     </span>
    </p>
   </div>
   <div class='ocr_carea' id='block_1_97' title="bbox 1075 2011 1834 2054">
    <p class='ocr_par' dir='ltr' id='par_1_97' title="bbox 1075 2011 1834 2054">
     <span class='ocr_line' id='line_1_97' title="bbox 1075 2011 1834 2054; baseline -0.004 -11"><span class='ocrx_word' id='word_1_683' title='bbox 1075 2013 1217 2054; x_wconf 76' lang='grc' dir='ltr'>ἐπήγαγεν.</span> <span class='ocrx_word' id='word_1_684' title='bbox 1234 2014 1297 2044; x_wconf 83' lang='grc' dir='ltr'>Δέον</span> <span class='ocrx_word' id='word_1_685' title='bbox 1311 2013 1374 2054; x_wconf 81' lang='grc' dir='ltr'>γὰρ,</span> <span class='ocrx_word' id='word_1_686' title='bbox 1392 2015 1457 2054; x_wconf 75' lang='grc' dir='ltr'>φησὶ</span> <span class='ocrx_word' id='word_1_687' title='bbox 1469 2037 1477 2052; x_wconf 79' lang='grc'><strong>,</strong></span> <span class='ocrx_word' id='word_1_688' title='bbox 1497 2015 1653 2053; x_wconf 76' lang='grc' dir='ltr'>προσθήκην</span> <span class='ocrx_word' id='word_1_689' title='bbox 1677 2017 1792 2048; x_wconf 65' lang='grc' dir='ltr'>ποιῆσαι,</span> <span class='ocrx_word' id='word_1_690' title='bbox 1805 2011 1834 2037; x_wconf 66' lang='grc' dir='ltr'>τῡῖ</span> 
     </span>
    </p>
   </div>
   <div class='ocr_carea' id='block_1_98' title="bbox 1075 2053 1834 2098">
    <p class='ocr_par' dir='ltr' id='par_1_98' title="bbox 1075 2053 1834 2098">
     <span class='ocr_line' id='line_1_98' title="bbox 1075 2053 1834 2098; baseline -0.003 -10"><span class='ocrx_word' id='word_1_691' title='bbox 1075 2059 1171 2098; x_wconf 75' lang='grc' dir='ltr'>χρόνον</span> <span class='ocrx_word' id='word_1_692' title='bbox 1186 2058 1322 2098; x_wconf 83' lang='grc' dir='ltr'>προίόντος</span> <span class='ocrx_word' id='word_1_693' title='bbox 1336 2081 1342 2095; x_wconf 86' lang='grc'><strong>,</strong></span> <span class='ocrx_word' id='word_1_694' title='bbox 1357 2059 1387 2087; x_wconf 88' lang='grc' dir='ltr'>οὖ</span> <span class='ocrx_word' id='word_1_695' title='bbox 1405 2058 1483 2097; x_wconf 84' lang='grc' dir='ltr'>μόνον</span> <span class='ocrx_word' id='word_1_696' title='bbox 1499 2060 1545 2088; x_wconf 77' lang='grc' dir='ltr'><strong>οὐκ</strong></span> <span class='ocrx_word' id='word_1_697' title='bbox 1560 2058 1728 2097; x_wconf 80' lang='grc' dir='ltr'>ἐπεδώκατε,</span> <span class='ocrx_word' id='word_1_698' title='bbox 1741 2055 1795 2086; x_wconf 77' lang='grc' dir='ltr'>ἀλλᾶ</span> <span class='ocrx_word' id='word_1_699' title='bbox 1806 2053 1834 2081; x_wconf 66' lang='grc' dir='ltr'><em>καῖ</em></span> 
     </span>
    </p>
   </div>
   <div class='ocr_carea' id='block_1_99' title="bbox 1075 2102 1833 2143">
    <p class='ocr_par' dir='ltr' id='par_1_99' title="bbox 1075 2102 1833 2143">
     <span class='ocr_line' id='line_1_99' title="bbox 1075 2102 1833 2143; baseline -0.004 -12"><span class='ocrx_word' id='word_1_700' title='bbox 1075 2103 1111 2136; x_wconf 80' lang='grc' dir='ltr'>εἰς</span> <span class='ocrx_word' id='word_1_701' title='bbox 1130 2102 1246 2132; x_wconf 81' lang='grc' dir='ltr'>τούπίσω</span> <span class='ocrx_word' id='word_1_702' title='bbox 1270 2103 1421 2142; x_wconf 75' lang='grc' dir='ltr'>ἆπήχθητε.</span> <span class='ocrx_word' id='word_1_703' title='bbox 1448 2103 1489 2132; x_wconf 85' lang='grc' dir='ltr'>Τὸ</span> <span class='ocrx_word' id='word_1_704' title='bbox 1512 2104 1559 2141; x_wconf 84' lang='grc' dir='ltr'>μὲν</span> <span class='ocrx_word' id='word_1_705' title='bbox 1579 2103 1631 2143; x_wconf 72' lang='grc' dir='ltr'><strong>γὰρ</strong></span> <span class='ocrx_word' id='word_1_706' title='bbox 1647 2108 1742 2141; x_wconf 79' lang='grc' dir='ltr'>σημεῖα</span> <span class='ocrx_word' id='word_1_707' title='bbox 1761 2102 1833 2129; x_wconf 68' lang='grc' dir='ltr'>ποιεῖν.</span> 
     </span>
    </p>
   </div>
   <div class='ocr_carea' id='block_1_100' title="bbox 1074 2144 1833 2188">
    <p class='ocr_par' dir='ltr' id='par_1_100' title="bbox 1074 2144 1833 2188">
     <span class='ocr_line' id='line_1_100' title="bbox 1074 2144 1833 2188; baseline 0.003 -12"><span class='ocrx_word' id='word_1_708' title='bbox 1074 2147 1252 2185; x_wconf 76' lang='grc' dir='ltr'>πνευματικόν</span> <span class='ocrx_word' id='word_1_709' title='bbox 1272 2149 1352 2176; x_wconf 79' lang='grc' dir='ltr'>ἐστιν·</span> <span class='ocrx_word' id='word_1_710' title='bbox 1367 2147 1432 2188; x_wconf 80' lang='grc' dir='ltr'>ὅπερ</span> <span class='ocrx_word' id='word_1_711' title='bbox 1447 2147 1533 2188; x_wconf 65' lang='grc' dir='ltr'>εἴχετε</span> <span class='ocrx_word' id='word_1_712' title='bbox 1551 2149 1576 2177; x_wconf 79' lang='grc' dir='ltr'>ἐν</span> <span class='ocrx_word' id='word_1_713' title='bbox 1592 2149 1664 2188; x_wconf 75' lang='grc' dir='ltr'>ἀρχῇ</span> <span class='ocrx_word' id='word_1_714' title='bbox 1680 2161 1686 2167; x_wconf 93' lang='grc'><strong>·</strong></span> <span class='ocrx_word' id='word_1_715' title='bbox 1701 2148 1730 2177; x_wconf 85' lang='grc' dir='ltr'>τὸ</span> <span class='ocrx_word' id='word_1_716' title='bbox 1748 2144 1770 2175; x_wconf 70' lang='grc' dir='ltr'><strong>δὲ</strong></span> <span class='ocrx_word' id='word_1_717' title='bbox 1783 2154 1833 2181; x_wconf 56' lang='grc' dir='ltr'>πεῖν</span> 
     </span>
    </p>
   </div>
   <div class='ocr_carea' id='block_1_101' title="bbox 1074 2189 1832 2232">
    <p class='ocr_par' dir='ltr' id='par_1_101' title="bbox 1074 2189 1832 2232">
     <span class='ocr_line' id='line_1_101' title="bbox 1074 2189 1832 2232; baseline -0.005 -12"><span class='ocrx_word' id='word_1_718' title='bbox 1074 2191 1232 2230; x_wconf 80' lang='grc' dir='ltr'>τέμνεσθαι,</span> <span class='ocrx_word' id='word_1_719' title='bbox 1256 2191 1402 2231; x_wconf 76' lang='grc' dir='ltr'>σαρκικόν·</span> <span class='ocrx_word' id='word_1_720' title='bbox 1433 2191 1448 2221; x_wconf 81' lang='grc' dir='ltr'><strong>ὃ</strong></span> <span class='ocrx_word' id='word_1_721' title='bbox 1471 2196 1516 2223; x_wconf 78' lang='grc' dir='ltr'><strong>νῦν</strong></span> <span class='ocrx_word' id='word_1_722' title='bbox 1541 2193 1567 2222; x_wconf 80' lang='grc' dir='ltr'><strong>ἐν</strong></span> <span class='ocrx_word' id='word_1_723' title='bbox 1591 2194 1630 2232; x_wconf 77' lang='grc' dir='ltr'><strong>τῷ</strong></span> <span class='ocrx_word' id='word_1_724' title='bbox 1657 2193 1725 2223; x_wconf 79' lang='grc' dir='ltr'>τέλει</span> <span class='ocrx_word' id='word_1_725' title='bbox 1750 2189 1832 2219; x_wconf 67' lang='grc' dir='ltr'>ὤεσθε-</span> 
     </span>
    </p>
   </div>
   <div class='ocr_carea' id='block_1_102' title="bbox 1075 2230 1832 2276">
    <p class='ocr_par' dir='ltr' id='par_1_102' title="bbox 1075 2230 1832 2276">
     <span class='ocr_line' id='line_1_102' title="bbox 1075 2230 1832 2276; baseline -0.008 -11"><span class='ocrx_word' id='word_1_726' title='bbox 1075 2235 1129 2266; x_wconf 81' lang='grc' dir='ltr'>Καὶ</span> <span class='ocrx_word' id='word_1_727' title='bbox 1146 2237 1193 2265; x_wconf 84' lang='grc' dir='ltr'>οὖκ</span> <span class='ocrx_word' id='word_1_728' title='bbox 1209 2231 1280 2273; x_wconf 66' lang='grc' dir='ltr'>εἷπε,</span> <span class='ocrx_word' id='word_1_729' title='bbox 1293 2237 1400 2266; x_wconf 82' lang='grc' dir='ltr'>Τελεῖτε</span> <span class='ocrx_word' id='word_1_730' title='bbox 1410 2260 1419 2274; x_wconf 84' lang='lat'><strong>,</strong></span> <span class='ocrx_word' id='word_1_731' title='bbox 1435 2237 1504 2266; x_wconf 80' lang='grc' dir='ltr'>ἀλλὰ</span> <span class='ocrx_word' id='word_1_732' title='bbox 1514 2261 1522 2276; x_wconf 84' lang='grc'><strong>,</strong></span> <span class='ocrx_word' id='word_1_733' title='bbox 1550 2248 1565 2266; x_wconf 81' lang='grc' dir='ltr'><strong>α</strong></span> <span class='ocrx_word' id='word_1_734' title='bbox 1579 2230 1704 2267; x_wconf 80' lang='grc' dir='ltr'>Τελεῖσθε</span> <span class='ocrx_word' id='word_1_735' title='bbox 1713 2261 1720 2273; x_wconf 92' lang='grc'><strong>,</strong></span> <span class='ocrx_word' id='word_1_736' title='bbox 1735 2247 1747 2265; x_wconf 72' lang='grc' dir='ltr'><strong><em>ι</em></strong></span> <span class='ocrx_word' id='word_1_737' title='bbox 1761 2230 1832 2263; x_wconf 67' lang='lat' dir='ltr'><strong>Samii;</strong></span> 
     </span>
    </p>
   </div>
   <div class='ocr_carea' id='block_1_103' title="bbox 1073 2278 1830 2321">
    <p class='ocr_par' dir='ltr' id='par_1_103' title="bbox 1073 2278 1830 2321">
     <span class='ocr_line' id='line_1_103' title="bbox 1073 2278 1830 2321; baseline -0.001 -11"><span class='ocrx_word' id='word_1_738' title='bbox 1073 2281 1113 2310; x_wconf 80' lang='grc' dir='ltr'><strong>ὅτι</strong></span> <span class='ocrx_word' id='word_1_739' title='bbox 1129 2281 1205 2317; x_wconf 76' lang='grc' dir='ltr'>δίκην</span> <span class='ocrx_word' id='word_1_740' title='bbox 1220 2281 1380 2321; x_wconf 81' lang='grc' dir='ltr'>θρεμμάτων</span> <span class='ocrx_word' id='word_1_741' title='bbox 1403 2281 1506 2321; x_wconf 82' lang='grc' dir='ltr'>ἀλόγων</span> <span class='ocrx_word' id='word_1_742' title='bbox 1531 2281 1657 2316; x_wconf 83' lang='grc' dir='ltr'>λαϐόντες</span> <span class='ocrx_word' id='word_1_743' title='bbox 1680 2278 1764 2313; x_wconf 78' lang='grc' dir='ltr'>αὐτοὺς</span> <span class='ocrx_word' id='word_1_744' title='bbox 1782 2278 1830 2306; x_wconf 54' lang='lat' dir='ltr'><strong>in“</strong></span> 
     </span>
    </p>
   </div>
   <div class='ocr_carea' id='block_1_104' title="bbox 1073 2325 1759 2366">
    <p class='ocr_par' dir='ltr' id='par_1_104' title="bbox 1073 2325 1759 2366">
     <span class='ocr_line' id='line_1_104' title="bbox 1073 2325 1759 2366; baseline 0 -10"><span class='ocrx_word' id='word_1_745' title='bbox 1073 2337 1111 2356; x_wconf 90' lang='grc' dir='ltr'><strong>νοι</strong></span> <span class='ocrx_word' id='word_1_746' title='bbox 1125 2325 1306 2363; x_wconf 83' lang='grc' dir='ltr'>κατέκοπτον,</span> <span class='ocrx_word' id='word_1_747' title='bbox 1328 2327 1352 2355; x_wconf 79' lang='grc' dir='ltr'>οἱ</span> <span class='ocrx_word' id='word_1_748' title='bbox 1367 2326 1414 2362; x_wconf 76' lang='grc' dir='ltr'><strong>τὴν</strong></span> <span class='ocrx_word' id='word_1_749' title='bbox 1426 2326 1575 2366; x_wconf 82' lang='grc' dir='ltr'>περιτομὴν</span> <span class='ocrx_word' id='word_1_750' title='bbox 1591 2327 1759 2358; x_wconf 80' lang='grc' dir='ltr'>διδάσκοντες.</span> 
     </span>
    </p>
   </div>
   <div class='ocr_carea' id='block_1_105' title="bbox 1120 2453 1827 2499">
    <p class='ocr_par' dir='ltr' id='par_1_105' title="bbox 1120 2453 1827 2499">
     <span class='ocr_line' id='line_1_105' title="bbox 1120 2453 1827 2499; baseline -0.007 -10"><span class='ocrx_word' id='word_1_751' title='bbox 1120 2470 1135 2488; x_wconf 81' lang='grc' dir='ltr'>ι(</span> <span class='ocrx_word' id='word_1_752' title='bbox 1158 2460 1284 2489; x_wconf 73' lang='grc' dir='ltr'>Τοσαῦτα</span> <span class='ocrx_word' id='word_1_753' title='bbox 1305 2459 1416 2489; x_wconf 81' lang='grc' dir='ltr'>ἐπάθετε</span> <span class='ocrx_word' id='word_1_754' title='bbox 1431 2460 1507 2496; x_wconf 82' lang='grc' dir='ltr'>εἷκῆ;</span> <span class='ocrx_word' id='word_1_755' title='bbox 1529 2460 1584 2499; x_wconf 75' lang='grc' dir='ltr'>εἴγε</span> <span class='ocrx_word' id='word_1_756' title='bbox 1597 2461 1643 2489; x_wconf 81' lang='grc' dir='ltr'>καὶ</span> <span class='ocrx_word' id='word_1_757' title='bbox 1666 2461 1729 2495; x_wconf 78' lang='grc' dir='ltr'>εἰκῆ.</span> <span class='ocrx_word' id='word_1_758' title='bbox 1745 2469 1757 2486; x_wconf 78' lang='grc' dir='ltr'>ι)</span> <span class='ocrx_word' id='word_1_759' title='bbox 1777 2453 1827 2484; x_wconf 66' lang='grc' dir='ltr'>Πολ·</span> 
     </span>
    </p>
   </div>
   <div class='ocr_carea' id='block_1_106' title="bbox 1075 2498 1826 2542">
    <p class='ocr_par' dir='ltr' id='par_1_106' title="bbox 1075 2498 1826 2542">
     <span class='ocr_line' id='line_1_106' title="bbox 1075 2498 1826 2542; baseline 0 -9"><span class='ocrx_word' id='word_1_760' title='bbox 1075 2506 1130 2537; x_wconf 84' lang='grc' dir='ltr'>λοῖς</span> <span class='ocrx_word' id='word_1_761' title='bbox 1151 2506 1308 2542; x_wconf 74' lang='grc' dir='ltr'>πειρασμοῖς</span> <span class='ocrx_word' id='word_1_762' title='bbox 1328 2499 1396 2540; x_wconf 70' lang='grc' dir='ltr'>ἦσαν</span> <span class='ocrx_word' id='word_1_763' title='bbox 1412 2505 1592 2538; x_wconf 80' lang='grc' dir='ltr'>παλαίσαντες</span> <span class='ocrx_word' id='word_1_764' title='bbox 1619 2505 1663 2534; x_wconf 72' lang='grc' dir='ltr'><strong>διὰ</strong></span> <span class='ocrx_word' id='word_1_765' title='bbox 1681 2506 1721 2535; x_wconf 83' lang='grc' dir='ltr'><strong>τὸν</strong></span> <span class='ocrx_word' id='word_1_766' title='bbox 1736 2498 1826 2542; x_wconf 71' lang='grc' dir='ltr'>Χριστάνι</span> 
     </span>
    </p>
   </div>
   <div class='ocr_carea' id='block_1_107' title="bbox 1076 2543 1824 2588">
    <p class='ocr_par' dir='ltr' id='par_1_107' title="bbox 1076 2543 1824 2588">
     <span class='ocr_line' id='line_1_107' title="bbox 1076 2543 1824 2588; baseline -0.008 -9"><span class='ocrx_word' id='word_1_767' title='bbox 1076 2551 1203 2579; x_wconf 71' lang='grc' dir='ltr'>Τοσαῦτα</span> <span class='ocrx_word' id='word_1_768' title='bbox 1219 2543 1262 2577; x_wconf 68' lang='grc' dir='ltr'>οὖν</span> <span class='ocrx_word' id='word_1_769' title='bbox 1276 2571 1284 2586; x_wconf 92' lang='grc'><strong>,</strong></span> <span class='ocrx_word' id='word_1_770' title='bbox 1301 2548 1382 2588; x_wconf 83' lang='grc' dir='ltr'>φησὶ,</span> <span class='ocrx_word' id='word_1_771' title='bbox 1397 2549 1486 2587; x_wconf 83' lang='grc' dir='ltr'>μάτην</span> <span class='ocrx_word' id='word_1_772' title='bbox 1497 2549 1647 2579; x_wconf 80' lang='grc' dir='ltr'>πεπόνθατε</span> <span class='ocrx_word' id='word_1_773' title='bbox 1659 2562 1667 2586; x_wconf 85' lang='lat'><strong>;</strong></span> <span class='ocrx_word' id='word_1_774' title='bbox 1682 2551 1713 2580; x_wconf 85' lang='grc' dir='ltr'>Εἰ</span> <span class='ocrx_word' id='word_1_775' title='bbox 1726 2547 1766 2587; x_wconf 76' lang='grc' dir='ltr'><strong>γὰρ</strong></span> <span class='ocrx_word' id='word_1_776' title='bbox 1775 2553 1824 2580; x_wconf 72' lang='grc' dir='ltr'>περι·</span> 
     </span>
    </p>
   </div>
   <div class='ocr_carea' id='block_1_108' title="bbox 1074 2590 1825 2631">
    <p class='ocr_par' dir='ltr' id='par_1_108' title="bbox 1074 2590 1825 2631">
     <span class='ocr_line' id='line_1_108' title="bbox 1074 2590 1825 2631; baseline 0.001 -8"><span class='ocrx_word' id='word_1_777' title='bbox 1074 2593 1214 2631; x_wconf 80' lang='grc' dir='ltr'>τέμνεσθε,</span> <span class='ocrx_word' id='word_1_778' title='bbox 1255 2593 1343 2631; x_wconf 77' lang='grc' dir='ltr'>μάτην</span> <span class='ocrx_word' id='word_1_779' title='bbox 1376 2594 1463 2623; x_wconf 83' lang='grc' dir='ltr'>ἐκεῖνα</span> <span class='ocrx_word' id='word_1_780' title='bbox 1500 2594 1603 2631; x_wconf 81' lang='grc' dir='ltr'>πάντα,</span> <span class='ocrx_word' id='word_1_781' title='bbox 1640 2595 1685 2624; x_wconf 80' lang='grc' dir='ltr'><strong>καὶ</strong></span> <span class='ocrx_word' id='word_1_782' title='bbox 1717 2590 1825 2627; x_wconf 68' lang='grc' dir='ltr'><strong>ἐζημίωσαν</strong></span> 
     </span>
    </p>
   </div>
   <div class='ocr_carea' id='block_1_109' title="bbox 1074 2631 1823 2680">
    <p class='ocr_par' dir='ltr' id='par_1_109' title="bbox 1074 2631 1823 2680">
     <span class='ocr_line' id='line_1_109' title="bbox 1074 2631 1823 2680; baseline -0.001 -13"><span class='ocrx_word' id='word_1_783' title='bbox 1074 2640 1141 2675; x_wconf 74' lang='grc' dir='ltr'>ὑμᾶς</span> <span class='ocrx_word' id='word_1_784' title='bbox 1162 2639 1186 2666; x_wconf 80' lang='grc' dir='ltr'>οἱ</span> <span class='ocrx_word' id='word_1_785' title='bbox 1197 2638 1293 2667; x_wconf 85' lang='grc' dir='ltr'>πλάνοι</span> <span class='ocrx_word' id='word_1_786' title='bbox 1314 2638 1374 2672; x_wconf 80' lang='grc' dir='ltr'>τοὺς</span> <span class='ocrx_word' id='word_1_787' title='bbox 1397 2638 1536 2672; x_wconf 82' lang='grc' dir='ltr'>τοσούτους</span> <span class='ocrx_word' id='word_1_788' title='bbox 1558 2638 1710 2680; x_wconf 77' lang='grc' dir='ltr'>στεφάνως.</span> <span class='ocrx_word' id='word_1_789' title='bbox 1735 2632 1783 2668; x_wconf 76' lang='grc' dir='ltr'>Εἶτα</span> <span class='ocrx_word' id='word_1_790' title='bbox 1801 2631 1823 2680; x_wconf 48' lang='grc' dir='ltr'><strong>δή</strong></span> 
     </span>
    </p>
   </div>
   <div class='ocr_carea' id='block_1_110' title="bbox 1073 2673 1823 2724">
    <p class='ocr_par' dir='ltr' id='par_1_110' title="bbox 1073 2673 1823 2724">
     <span class='ocr_line' id='line_1_110' title="bbox 1073 2673 1823 2724; baseline -0.001 -12"><span class='ocrx_word' id='word_1_791' title='bbox 1073 2683 1132 2717; x_wconf 75' lang='grc' dir='ltr'>δοὺς</span> <span class='ocrx_word' id='word_1_792' title='bbox 1149 2683 1236 2716; x_wconf 78' lang='grc' dir='ltr'>αὐτοῖς</span> <span class='ocrx_word' id='word_1_793' title='bbox 1259 2682 1366 2716; x_wconf 83' lang='grc' dir='ltr'>ἐλπίδας</span> <span class='ocrx_word' id='word_1_794' title='bbox 1392 2683 1540 2722; x_wconf 71' lang='grc' dir='ltr'>ἐπανόδου,</span> <span class='ocrx_word' id='word_1_795' title='bbox 1561 2673 1660 2724; x_wconf 65' lang='grc' dir='ltr'>φησίν·</span> <span class='ocrx_word' id='word_1_796' title='bbox 1688 2694 1703 2713; x_wconf 77' lang='grc' dir='ltr'>ι(</span> <span class='ocrx_word' id='word_1_797' title='bbox 1717 2682 1746 2714; x_wconf 85' lang='grc' dir='ltr'><strong>Εἴ</strong></span> <span class='ocrx_word' id='word_1_798' title='bbox 1757 2690 1779 2719; x_wconf 75' lang='grc' dir='ltr'><strong><em>τι</em></strong></span> <span class='ocrx_word' id='word_1_799' title='bbox 1795 2673 1823 2705; x_wconf 56' lang='grc' dir='ltr'><strong>καὶ</strong></span> 
     </span>
    </p>
   </div>
   <div class='ocr_carea' id='block_1_111' title="bbox 909 2751 1170 2781">
    <p class='ocr_par' dir='ltr' id='par_1_111' title="bbox 909 2751 1170 2781">
     <span class='ocr_line' id='line_1_111' title="bbox 909 2751 1170 2781; baseline -0.004 -2"><span class='ocrx_word' id='word_1_800' title='bbox 909 2751 1002 2781; x_wconf 66' lang='lat' dir='ltr'><strong>Variae</strong></span> <span class='ocrx_word' id='word_1_801' title='bbox 1024 2751 1170 2780; x_wconf 87' lang='lat' dir='ltr'><strong>lectiones.</strong></span> 
     </span>
    </p>
   </div>
   <div class='ocr_carea' id='block_1_112' title="bbox 253 2813 613 2851">
    <p class='ocr_par' dir='ltr' id='par_1_112' title="bbox 253 2813 613 2851">
     <span class='ocr_line' id='line_1_112' title="bbox 253 2813 613 2851; baseline 0 -9"><span class='ocrx_word' id='word_1_802' title='bbox 253 2815 276 2832; x_wconf 59' lang='lat'><strong>7°</strong></span> <span class='ocrx_word' id='word_1_803' title='bbox 292 2815 349 2851; x_wconf 77' lang='grc' dir='ltr'>πρὶν</span> <span class='ocrx_word' id='word_1_804' title='bbox 364 2822 391 2842; x_wconf 92' lang='lat' dir='ltr'><strong>o.</strong></span> <span class='ocrx_word' id='word_1_805' title='bbox 430 2814 449 2831; x_wconf 85' lang='lat'>&#39;”</span> <span class='ocrx_word' id='word_1_806' title='bbox 467 2813 573 2850; x_wconf 74' lang='grc' dir='ltr'>ἀκριεῶς</span> <span class='ocrx_word' id='word_1_807' title='bbox 588 2822 613 2842; x_wconf 91' lang='grc' dir='ltr'>ο.</span> 
     </span>
    </p>
   </div>
  </div>
