1877 3081
33 191 93 218 985

496 188 674 218 EXPOSITIO
693 190 726 218 lN
745 190 848 218 EPIST.
868 191 915 219 AD
956 191 1056 220 ALAT.
1075 207 1109 212 —
1127 192 1202 220 CAP.
1223 191 1269 219 IIl.

1633 187 1684 215 986

31 254 116 288 εἰκῆ·
140 263 156 282 ο
184 252 334 291 τουτέστιν,
355 253 388 282 Εἰ
414 252 584 292 βουληθείητε
612 253 761 294 ἀνανῆψαι,
787 255 834 284 οὐκ
850 256 898 287 Α(

928 255 956 283 Si
970 259 1065 283 tamen
1091 255 1149 283 sine
1170 262 1253 283 causa
1272 263 1278 281 :
1305 265 1318 278 ν
1333 253 1384 282 hoc
1397 256 1449 286 est,
1464 252 1491 280 Si
1505 251 1594 280 velitis
1616 251 1684 279 resi-

31 298 114 333 εἶκῆ,
141 298 201 326 οὐδὲ
227 297 315 337 μάτην
344 299 405 334 ὺμῑν
427 297 586 334 πεπόνηται.
611 298 834 338 Αἷσχυνέσθωσαν

30 343 178 372 κάντεῦθεν
201 344 225 372 οἱ
251 342 301 378 τὴν
327 341 468 381 μετάνοιαν
498 343 672 382 ἀναιροῦντες.
690 343 759 372 Ἰδοὺ
783 344 834 384 γὰρ

33 387 227 428 σῃμειοφόροι,
260 387 306 416 καὶ
334 387 509 426 δμολογηταὶ,
540 388 586 416 καὶ
611 388 742 428 μάρτυρες
768 384 834 424 ἦσαν

30 426 126 468 οὗτοι,
143 426 216 461 αλλ’
243 431 400 466 ἐκπεσόντας
424 433 471 462 οὖκ
501 426 685 462 ἀποϐάλλεται
702 426 833 470 ηἰῖαῦλος,

30 476 108 506 ἀλλὰ
123 476 262 516 προσίεται
271 477 363 512 ἡδέως.

79 531 94 549 ι
112 520 146 550 Ὁ
160 516 204 550 οὖν
219 523 387 561 ἐπιχορηγῶν
414 522 476 559 ὑμῖν
501 521 532 551 τὸ
552 523 679 562 Πνεῦμα,
704 523 749 552 καὶ
765 524 832 563 ἐνερ-

30 567 90 602 γῶν
106 566 228 605 δυνάμεις
251 566 278 595 ἐν
293 566 372 604 ὑμῖν,
393 565 420 600 ἐξ
437 565 520 606 ἔργων
542 567 640 606 νόμου,
660 567 678 602 ἢ
703 567 729 602 ἐξ
754 569 834 604 ἀκοῆς

31 610 169 646 nitrum;
203 623 216 638 ι
242 610 277 641 Ὁ
306 609 389 646 Θεὸς,
418 610 514 650 φησὶν,
545 613 559 640 δ
581 613 746 651 ἐπιχορηγῶν
771 614 832 651 ὑμῖν

30 654 67 683 τὸ
99 656 232 694 Πνεῦμα,
257 654 326 685 ὥστε
354 655 527 696 προφητεύειν
551 656 597 685 καὶ
622 657 754 696 γλώσσαις
782 664 832 687 λα-

30 701 112 736 λεῖν,
136 700 182 729 καὶ
205 700 316 741 ἐνεργῶν
348 700 470 738 δυνάμεις
502 702 528 730 ἐν
551 702 612 738 ὑμῖν
639 702 758 739 σημείων
787 703 832 732 καὶ

29 744 170 784 τεράτων,
196 744 240 774 διὰ
255 744 289 774 τὰ
312 746 342 774 ἐκ
367 747 413 774 τοῦ
436 745 516 783 νόμου
542 745 608 786 ἔργα
623 749 707 776 ταῦτα
730 747 830 787 ἕποίει,

29 790 70 822 ὡς
89 789 295 829 θεραπευόμενος
315 789 347 819 δι’
364 791 437 828 ὑμῶν
460 792 546 819 ταῦτα
570 790 730 828 τελούντων,
754 792 771 827 ἣ
788 793 831 822 διὰ

28 832 83 868 τὴν
100 833 188 863 πίστιν
216 833 248 870 ἣν
280 835 315 867 εἷς
341 834 457 876 Χριστὸν
483 834 666 870 ἓπεδείξασθες
694 837 830 876 Πρόδηλον

28 876 74 906 ὅτι
104 878 146 907 διὰ
174 878 284 914 ταύτην.
315 880 376 912 Πῶς
401 874 445 908 οὖν
477 879 582 919 ἀφέντες
609 874 727 918 ταύτην,
748 881 773 915 ἐξ
801 878 831 917 ἧς

26 922 202 959 ἐδοξάζεσϐε,
236 923 280 952 ἐπὶ
303 923 347 953 τὸν
374 924 574 964 καταργηθέντα
601 924 680 962 νόμον
709 925 829 965 τρέχει-ες

76 977 92 996 ε
116 966 212 1001 Καθὼς
235 968 279 997 καὶ
306 967 426 1008 Ἀϐραὰμ
452 968 589 999 ἐπίστευσε
613 971 650 1009 τῷ
681 972 759 1010 Θεῷ,
783 972 829 1000 καὶ

26 1011 158 1052 ἐλογίσθη
194 1014 265 1052 αὐτῷ
289 1013 324 1046 εἰς
352 1013 533 1054 δικαιοσύνην.
561 1025 575 1042 ι
608 1015 734 1044 Μάλιστα
764 1015 828 1054 μὲν,

26 1057 129 1096 φησὶν,
149 1056 201 1086 ἔδει
219 1059 287 1095 ὑμᾶς
305 1057 330 1091 ἐξ
352 1053 388 1086 ὧν
410 1058 583 1088 ἐπιτελέσατε
598 1058 714 1095 σημείων
730 1061 828 1099 γνῶναι

24 1100 80 1136 τὴν
105 1103 153 1137 τῆς
179 1101 292 1135 πίστεως
308 1101 434 1144 δύναμιν·
459 1103 529 1139 πλὴν
548 1103 672 1142 καὶπρὸς
698 1104 741 1134 τὸν
763 1117 827 1144 προ-

25 1147 137 1185 πάτορα
166 1145 348 1186 ἀποϐλέψατε,
369 1142 398 1176 οὗ
423 1147 504 1181 πολὺς
532 1149 594 1185 ὑμῖν
610 1150 634 1187 ⁸ὁ
655 1148 748 1188 λόγος,
782 1142 828 1179 καὶ

25 1190 160 1230 εὑρήσετε
178 1191 224 1220 καὶ
246 1191 324 1221 αὐτὸν
346 1193 376 1221 ἐκ
401 1191 519 1225 πίστεως
545 1193 741 1230 δικαιωθᾶταέί
754 1195 786 1224 Εἰ
801 1194 828 1224 δὲ

24 1237 40 1264 ὁ
67 1235 122 1274 πρὸ
141 1237 189 1272 τῆς
213 1235 320 1276 χάριτος
347 1237 377 1266 ἐκ
407 1236 828 1280 πίστεωςξδικαιοῧται,μαλλῷ

25 1281 135 1318 μᾶλλον
166 1281 190 1309 οἱ
218 1282 264 1316 τῆς
291 1280 399 1321 χάριτος
429 1281 595 1321 ἀξιωθέντες..
617 1283 762 1324 ὀφείλουσιῇ
780 1285 827 1319 τῆς

23 1325 144 1358 πίστεως
154 1324 270 1365 ἔχεσθαι.

889 300 1003 336 piscere,
1019 308 1074 328 non
1091 299 1191 328 frustra
1207 307 1296 335 neque
1310 303 1412 326 temere
1439 305 1455 325 a
1477 297 1553 324 vobis
1573 296 1682 324 labora-

888 348 947 373 tum
974 350 1021 373 est.
1041 345 1182 373 Pudeﬁant
1203 344 1266 372 hinc
1297 343 1343 379 qui
1360 341 1549 378 paenitentiam
1574 341 1681 374 tollunt,

888 392 958 418 Ecce
980 390 1053 418 enim
1076 389 1256 426 antesignani,
1270 393 1299 417 et
1312 387 1529 420 confessores,et
1549 390 1682 421 martyres

888 434 999 463 fuerunt
1012 434 1064 468 isti,
1080 435 1127 471 qui
1140 438 1234 462 tamen
1255 441 1319 461 cum
1333 432 1508 466 excidissent,
1520 438 1576 458 non
1590 429 1682 466 rejicit

887 488 935 508 eos
947 480 1055 513 Paulus,
1069 479 1118 507 sed
1132 479 1253 507 suaviter
1274 478 1384 513 excipit.

923 526 1013 553 Vens.
1040 527 1067 552 5.
1088 536 1101 548 α
1127 524 1178 559 Qui
1202 531 1266 559 ergo
1293 522 1388 551 tribuit
1402 522 1479 550 vobis
1494 520 1637 556 Spiritum,
1653 523 1680 547 et

887 569 999 597 virtutes
1019 574 1149 605 operatur
1173 569 1200 596 in
1225 567 1310 601 vobis,
1327 575 1358 594 ex
1386 566 1515 602 operibus
1537 565 1616 601 legis,
1645 573 1679 592 an

885 622 919 641 ex
940 614 1036 642 auditu
1057 613 1135 642 ﬁdei?
1151 625 1163 637 ι
1186 615 1261 640 Deus
1271 612 1382 647 (inquit)
1397 611 1444 647 qui
1462 609 1616 646 suppeditat
1631 617 1677 637 vo-

885 658 925 686 bis
939 659 1071 695 Spiritum
1098 662 1129 686 ut
1143 657 1311 694 prophetetis
1335 661 1362 684 et
1390 656 1491 692 linguis
1512 654 1677 691 loquamini,

885 703 931 738 qui
947 707 1074 738 operatur
1088 702 1114 730 in
1130 703 1207 730 vobis
1221 702 1335 730 virtutes
1348 701 1490 737 signorum
1504 703 1531 727 et
1545 699 1682 735 prodigio-

886 756 956 782 rum,
973 748 1091 776 haaccine
1106 756 1154 784 per
1171 747 1236 783 legis
1250 755 1332 782 opera
1348 745 1474 779 faciebat,
1489 744 1565 780 quasi
1580 752 1594 772 a
1607 743 1681 771 vobis

886 794 936 821 ista
948 793 1137 829 peragentibus
1163 793 1318 825 coleretur;
1342 800 1376 819 an
1412 799 1459 827 per
1487 790 1568 818 ﬁdem
1596 797 1679 826 quam

884 839 911 865 in
925 838 1066 866 Christum
1082 837 1300 866 demonstratis?
1320 837 1436 864 Planum
1458 839 1500 864 est
1525 834 1600 871 quod
1632 842 1680 870 per

883 883 976 911 ﬁdem.
993 883 1044 917 Qui
1059 883 1152 918 igitur,
1174 882 1224 910 hac
1237 881 1361 914 dimissa,
1381 889 1428 917 per
1446 887 1528 916 quam
1547 878 1680 916 gloriﬁca-

885 927 965 961 mini,
981 927 1014 955 ad
1038 928 1125 963 legem
1149 927 1267 960 curritis,
1281 934 1342 962 quae
1357 926 1498 954 aboletur?

920 974 1008 1000 Vens.
1024 975 1050 1000 6.
1069 984 1080 995 -
1101 971 1344 1007 Quemadmodum
1355 975 1382 998 et
1398 970 1538 998 Abraham
1564 967 1680 996 credidit

884 1019 956 1050 Deo,
968 1021 995 1044 et
1007 1021 1163 1052 reputatum
1182 1020 1226 1043 est
1246 1017 1270 1044 ei
1285 1016 1320 1044 ad
1332 1016 1479 1052 justitiam.
1507 1026 1519 1038 ι
1536 1013 1678 1049 Oportuit,

883 1061 981 1097 inquit,
995 1069 1043 1088 vos
1059 1061 1205 1096 praecipue,
1217 1069 1251 1088 ex
1269 1060 1406 1088 miraculis
1431 1067 1492 1096 quae
1516 1057 1677 1095 perfecistis,

884 1105 946 1134 ﬁdei
968 1109 1131 1142 potestatem
1148 1113 1312 1142 cognoscere
1329 1115 1336 1133 :
1352 1109 1541 1133 verumtamen
1559 1104 1589 1131 in
1615 1110 1678 1139 pro-

883 1150 1037 1186 genitorem
1052 1155 1173 1178 vestrum
1194 1150 1335 1178 Abraham
1351 1157 1434 1186 quem
1447 1156 1494 1176 vos
1520 1147 1612 1184 magni
1635 1147 1676 1176 fa-

882 1195 952 1229 citis,
969 1195 1094 1231 respicite
1111 1200 1138 1223 et
1161 1196 1306 1223 invenietis
1321 1195 1409 1231 ipsum
1437 1202 1546 1230 quoque
1567 1202 1599 1222 ex
1623 1193 1677 1221 ﬁde

878 1239 1074 1274 justiﬁcatum.
1088 1239 1168 1274 Quod
1196 1240 1218 1266 si
1241 1244 1332 1267 autem
1353 1239 1398 1267 ille
1412 1239 1457 1274 qui
1478 1242 1541 1266 ante
1560 1237 1676 1273 gratiam

882 1284 958 1318 vixit,
973 1292 1004 1312 ex
1022 1284 1075 1312 ﬁde
1091 1284 1269 1320 justiﬁcatur,
1290 1284 1377 1312 multo
1392 1283 1479 1319 magis
1496 1282 1518 1311 -ii
1531 1282 1576 1319 qui
1589 1282 1677 1318 gratia

881 1328 985 1365 dignati
1000 1333 1074 1364 sunt,
1089 1329 1152 1358 ﬁdei
1165 1329 1307 1358 adhaerere
1318 1329 1427 1357 debent.

918 1374 1008 1402 Vsus.
1038 1377 1053 1402 7
1088 1385 1102 1398 κ
1124 1374 1288 1410 Cognoscite
1311 1381 1388 1410 ergo,
1414 1373 1489 1410 quod
1501 1373 1548 1409 qui
1569 1379 1601 1400 ex
1625 1371 1677 1399 ﬁde

72 1426 89 1442 α
108 1413 254 1444 Γινώσκετε
282 1414 348 1454 ἄρα,
370 1415 409 1444 ὅτι
433 1416 457 1445 οἱ
472 1415 516 1453 ix}
528 1415 641 1450 πίστεως
653 1411 750 1456 ,εοῧτοί
760 1417 832 1446 εἰσιν
881 1426 895 1445 s

915 1422 955 1451 nt,
972 1419 1010 1446 illi
1024 1423 1089 1447 sunt
1113 1418 1161 1446 ﬁlii
1189 1419 1313 1447 Abrahm.
1335 1431 1346 1443 ν
1367 1417 1597 1454 Quandoquidem
1623 1424 1677 1443 mc-

25 1459 82 1488 υἷοὶ
113 1459 243 1499 Ἀϐραάμ.
267 1470 281 1488 n
310 1459 420 1495 Ἐπειδὴ
450 1460 623 1490 ἐδεδοίκεισαν
659 1461 754 1499 μήπως
781 1460 835 1490 τὸν
881 1467 898 1490 tl

915 1467 998 1496 erant,
1013 1471 1060 1497 ne,
1079 1463 1103 1491 si
1117 1464 1204 1499 legem
1224 1463 1411 1496 dimitterent,
1430 1462 1514 1498 342
1528 1470 1543 1489 a
1562 1461 1676 1497 patriar-

25 1504 111 1541 νόμον
136 1504 243 1544 ἀφέντες
271 1505 403 1534 ἓκπέσωσι
431 1506 478 1540 τῆς
506 1507 552 1534 τοῦ
579 1506 746 1545 πατριάρχου
763 1518 825 1546 συγ-

25 1549 133 1587 γενείας
157 1549 276 1589 (σφόδρα
298 1549 350 1589 γὰρ
369 1549 542 1588 ἱσεμνύνοντο
566 1550 610 1579 ἐπὶ
633 1551 750 1589 ταύτῃ),
776 1552 826 1580 δεί-

884 1507 942 1535 ειιᾶξ
958 1508 1122 1544 cognatione
1132 1508 1290 1536 exciderent
1303 1507 1437 1540 (multum
1455 1507 1527 1535 enim
1554 1506 1590 1533 ob
1606 1505 1677 1533 hanc

878 1552 930 1580 sibi
951 1552 1127 1587 tribuebant),
1154 1553 1213 1588 ipse
1243 1552 1413 1580 contrarium
1435 1551 1569 1585 ostendit,
1601 1550 1675 1586 quod

27 1605 122 1623 κνυσιν
139 1594 215 1627 αὐτὸς
229 1594 394 1630 τούναντίον,
417 1594 457 1623 ὅτι
472 1596 489 1630 ἡ
506 1595 594 1627 πίστις
610 1595 710 1632 μᾶλλον
735 1595 827 1630 αὐτοὺς
879 1597 895 1624 ﬁ

917 1606 946 1625 es
965 1598 1058 1634 potius
1068 1598 1136 1626 ﬁlios
1147 1597 1263 1626 Abrahze
1275 1597 1376 1625 efﬁciat
1391 1604 1449 1629 eos,
1463 1597 1509 1632 qui
1526 1596 1612 1632 ipsam
1629 1595 1677 1623 ha-

26 1637 103 1671 υἱοίις
117 1639 187 1667 ποιεῖ
201 1638 324 1678 Ἀϐραὰμ
339 1638 398 1672 τοὺς
411 1639 511 1674 ταύτην
526 1638 646 1679 ἔχοντας.

75 1695 93 1712 (ι
108 1684 259 1723 Προῖδοῢσα
274 1683 301 1713 δὲ
317 1685 334 1719 ἡ
356 1683 463 1724 Γραφὴ,
481 1684 521 1713 ὅτι
537 1685 567 1714 ἐκ
590 1685 703 1719 πίστεως
729 1686 825 1716 δικαιοῖ

25 1728 59 1757 τὰ
77 1727 140 1764 ἔθνη
159 1730 173 1757 δ
194 1728 274 1764 θεὸς,
296 1728 538 1768 προευηγγελίσατο
559 1730 596 1769 τῷ
620 1729 757 1770 Ἀϐραὰμ,
784 1730 825 1760 ὅτι

25 1773 76 1803 Ἐν
102 1773 143 1802 σοὶ
172 1773 393 1812 εὐλογηθήσονται
414 1773 501 1802 πάντα
526 1773 559 1802 τὰ
576 1774 645 1810 ἔθνη.
673 1785 688 1803 υ
707 1774 823 1804 Ἀποδεί-

23 1828 121 1853 κνυσι,
133 1819 189 1850 πῶς
207 1819 231 1846 οἱ
245 1818 275 1847 ἐκ
296 1817 425 1854 πίστεως,
446 1813 598 1848 οὖτοίεῖσιν
615 1820 664 1848 υἱοὶ
682 1818 803 1858 Ἀϐραάμ
817 1832 824 1838 ι

23 1862 72 1891 καὶ
104 1861 198 1900 ἐπάγει
223 1862 271 1897 τὴν
293 1863 442 1903 μαρτυρίαν
470 1863 523 1892 ἀπὸ
557 1865 604 1899 τῆς
634 1865 757 1904 Γραφῆς,
784 1863 824 1894 ὅτι

27 1919 41 1936 (ι
59 1907 111 1936 Ἐν
127 1907 168 1936 σοὶ
191 1908 411 1945 εὐλογηθήσονται
435 1907 468 1938 τὰ
494 1907 571 1944 ἔθνη·
588 1920 602 1937 »
619 1908 677 1938 ἀντὶ
693 1911 756 1944 τοῦ,
776 1910 823 1939 Ἐν

21 1954 60 1991 τῷ
77 1951 247 1990 μιμήσασθαι
261 1951 309 1987 τὴν
335 1952 424 1982 πίστιν
451 1963 508 1981 σου.
527 1952 650 1982 Δείκνυσι
675 1952 703 1982 δὲ
724 1953 769 1982 καὶ
784 1953 824 1983 ὅτι

21 1999 69 2026 τοῦ
100 1995 180 2033 νόμου
200 1996 366 2036 πρεσϐυτέρα
392 2000 409 2032 ἡ
432 1996 533 2035 πίστις,
554 1996 580 2026 εἴ
594 2009 624 2036 γι
649 1997 701 2037 πρὸ
717 2000 762 2027 τοῦ
776 1998 823 2027 νό-

21 2052 75 2079 μου
93 2040 138 2069 τον
154 2040 274 2080 Ἀϐραὰμ
298 2041 365 2077 αὕτη
385 2041 523 2071 ἐδικαίωσε
535 2050 542 2058 ⁹
560 2042 604 2070 καὶ
628 2041 667 2071 ὅτι
683 2042 751 2071 κατὰ
776 2043 822 2078 τὴν

20 2085 187 2125 προφητείαν
208 2085 241 2114 τὰ
263 2088 308 2115 ν’ῦν
327 2085 452 2124 γινόμενα
469 2086 578 2124 γίνεται.
598 2097 612 2114 ¢
626 2087 785 2127 Προῖδοῢσα.
804 2100 818 2114 »

20 2130 92 2170 γὰρ,
107 2131 186 2170 φησὶν
199 2154 205 2165 ,
228 2141 242 2159 (ι
266 2133 284 2166 ἡ
311 2132 332 2161 Γ
335 2130 421 2171 ραφὴ,
439 2141 454 2159 n
472 2131 621 2168 τουτέστιν,
647 2131 722 2166 αὐτὸς
743 2133 757 2160 ὁ
777 2132 820 2162 τὸν

19 2175 104 2213 νόμον
130 2175 187 2208 δοὺς
211 2175 293 2212 Θεὸς,
323 2175 454 2215 προώρισε
482 2175 519 2214 μὴ
535 2176 565 2204 ἐκ
590 2176 689 2213 νόμου,
714 2178 773 2206 ἀλλ’
790 2178 819 2206 ἐκ

19 2220 140 2253 πίστεως
156 2220 331 2250 δικαιοῦσθαι.
358 2220 413 2250 Καὶ
433 2221 481 2250 οὐκ
502 2216 594 2259 εἶπεν,
618 2220 798 2262 Ἀπεκάλυψεν
810 2244 818 2258 ,

20 2264 82 2294 ἀλλ’
124 2275 140 2294 α
169 2264 384 2304 Εὖηγγελίσατο·
411 2278 425 2292 ι
451 2265 494 2295 ἵνα
525 2264 626 2305 μάθῃς,
662 2265 701 2295 ὅτι
736 2267 781 2296 καὶ
806 2269 820 2296 ὁ

20 2309 147 2350 Ἀϐραὰμ
173 2309 265 2350 ἔχαιρε
287 2310 372 2351 τούτῳ
400 2311 438 2350 τῷ
465 2310 555 2351 τρόπῳ
570 2313 619 2347 τῆς
641 2311 818 2350 δικαιώσεως,

19 2356 64 2385 καὶ
85 2355 174 2385 ἐπόθει
185 2357 264 2385 τοῦτο
273 2355 396 2389 ἐκϐῆναι.

58 2412 76 2430 α
94 2399 184 2429 Ὥστε
204 2401 228 2429 οἱ
250 2401 279 2430 ἐκ
306 2401 418 2433 πίστεως
450 2401 618 2440 εὐλογοῦνται
648 2401 694 2431 σὺν
716 2403 754 2442 τῷ
778 2415 819 2432 πι-

18 2447 75 2485 στῷ
96 2444 227 2484 Ἀϐραάμ.
246 2459 258 2472 υ
277 2444 389 2482 Ἰίπειδὴ
417 2445 605 2485 ἐταράττοντο,
633 2441 818 2484 μήποτεγῶσιν

18 2489 229 2530 ἐπικατάρατοι,
245 2491 280 2523 ὡς
293 2490 330 2528 μὴ
353 2490 511 2528 ἐμμένοντες
530 2492 568 2531 τῷ
583 2490 657 2531 νόμῳ
681 2494 691 2530 (
706 2492 816 2532 ἐγέγρα-

19 2546 69 2565 πτο
95 2534 163 2575 γάρ·
188 2535 404 2574 Ἐπικατάρατος
431 2535 458 2569 ὃς
483 2536 532 2565 οὐκ
557 2535 664 2574 ἐμμένει
691 2538 744 2570 τοῖς
771 2549 816 2576 γε·

19 2580 184 2620 γραμμένοις
204 2580 231 2609 ἓν
251 2581 288 2619 τῷ
301 2580 405 2620 νόμῳ),
423 2580 572 2610 τούναντίον
589 2581 690 2619 μᾶλλον
716 2581 815 2611 δείκνυ·

19 2635 77 2663 σιν,
102 2623 144 2654 ὅτι
167 2625 338 2662 εὐλογημένοι
370 2624 434 2654 εἰσὶν
462 2626 486 2654 οἱ
517 2625 562 2654 τὸν
585 2625 664 2664 νόμον
686 2626 814 2667 ἀφιέντες,

22 2669 66 2699 καὶ
163 2669 252 2699 πίστει
293 2669 461 2709 προσιόντες,
495 2669 585 2711 ὥσπερ
615 2670 660 2700 καὶ
687 2673 701 2701 ὁ
724 2671 817 2705 πιστὸς

20 2713 44 2744 Ἀ
49 2713 145 2754 ϐραὰμ
159 2714 302 2753 ηὖλόγητο.

63 2758 172 2790 «Ὅσοι
196 2759 249 2799 γὰρ
270 2759 296 2794 ἐξ
322 2758 409 2800 ἔργων
422 2759 503 2799 νόμου
526 2759 610 2801 εἰσὶν,
628 2760 680 2791 ὕπὸ
700 2761 818 2802 κατάραν

60 2844 154 2874 “Gen.
169 2850 227 2873 ιιι.
244 2846 270 2873 3.
319 2846 427 2874 'Deut.
441 2852 542 2880 τινα,
557 2848 601 2874 26.

839 2114 861 2145 υ

880 1642 973 1671 beant.

916 1689 1005 1716 Vens.
1022 1691 1048 1715 8.
1065 1699 1076 1711 τι
1091 1686 1250 1716 Ρτωνὶιιιξιιε
1271 1690 1365 1716 autem
1381 1687 1519 1722 Scriptura
1548 1685 1622 1722 quod
1641 1694 1674 1713 ex

878 1732 931 1759 ﬁde
955 1733 1085 1768 justiﬁcet
1102 1737 1197 1768 gentes
1215 1735 1296 1766 Deus,
1324 1732 1519 1768 praanunliavit
1544 1731 1675 1763 Abrahae,

878 1776 953 1812 quod
975 1778 1007 1804 In
1026 1781 1053 1805 te
1066 1777 1265 1805 benedicentur
1280 1785 1376 1806 omnes
1392 1781 1496 1812 gentes.
1515 1788 1527 1800 υ
1550 1777 1674 1804 Demon-

877 1825 946 1849 strat
961 1821 1101 1857 quomodo
1113 1821 1253 1850 credentes
1280 1822 1336 1849 sint
1356 1822 1403 1849 ﬁlii
1418 1820 1577 1854 Abrahami,
1599 1824 1626 1847 et
1642 1828 1673 1848 ex

877 1866 1016 1901 Scriptura
1034 1866 1221 1894 testimonium
1230 1865 1332 1902 profert
1347 1875 1356 1892 :
1379 1877 1392 1890 ι
1412 1866 1444 1892 In
1460 1869 1487 1892 te
1510 1864 1658 1892 benedicen

878 1914 922 1938 tur
945 1914 1039 1946 gentes
1060 1931 1067 1945 ,
1083 1921 1096 1935 ι»
1122 1918 1171 1946 pro
1190 1919 1222 1938 eo
1247 1910 1320 1946 quod
1340 1914 1392 1946 est,
1415 1911 1467 1938 Per
1489 1909 1674 1938 imitationem

877 1954 939 1982 ﬁdei
958 1959 1021 1983 tuae.
1050 1954 1181 1983 Ostendit
1195 1955 1288 1988 etiam,
1306 1954 1382 1991 quod
1410 1955 1468 1991 lege
1483 1955 1519 1982 sit
1532 1953 1674 1990 antiquior

877 1999 957 2033 ﬁdes,
981 2000 1113 2036 siquidem
1128 1999 1315 2028 Abrahamum
1337 2004 1401 2029 ante
1413 2000 1480 2036 legis
1502 1999 1672 2027 sanctionem

878 2053 909 2072 ea
921 2045 1079 2080 justiﬁcavit
1093 2054 1100 2073 :
1120 2049 1149 2072 et
1161 2045 1234 2080 quod
1253 2044 1407 2072 secundum
1428 2045 1598 2080 prophetiam
1612 2051 1673 2080 qua:

877 2098 948 2117 nunc
969 2089 1047 2123 ﬁunt,
1061 2090 1232 2126 contingunt.
1257 2101 1269 2114 ει
1293 2090 1448 2117 Prmvidens
1466 2090 1542 2118 enim
1564 2101 1576 2114 α
1599 2090 1671 2117 Scri-

878 2139 967 2170 ptura,
984 2146 996 2159 n
1011 2135 1108 2170 inquit,
1124 2134 1177 2162 hoc
1192 2139 1243 2168 est,
1268 2134 1326 2170 ipse
1341 2135 1387 2170 qui
1408 2135 1494 2170 legem
1509 2135 1572 2162 tulit
1586 2136 1672 2169 Deus,

874 2179 1054 2214 prmdeﬁnivit
1067 2187 1122 2207 non
1141 2187 1174 2207 ex
1187 2179 1255 2215 lege,
1272 2179 1319 2207 sed
1336 2187 1370 2206 ex
1394 2179 1447 2207 ﬁde
1464 2179 1619 2215 justiﬁeari.
1639 2181 1673 2208 Et

874 2231 928 2251 non
936 2223 1012 2257 dixit,
1023 2223 1177 2258 Revelavit,
1192 2223 1252 2257 sed,
1268 2224 1441 2258 Praedicavit,
1451 2228 1480 2252 ut
1487 2224 1586 2257 discas,
1595 2225 1671 2260 quod

873 2272 901 2296 et
921 2268 1062 2296 Abraham
1077 2268 1129 2296 hac
1148 2268 1348 2305 justiﬁeationis
1364 2268 1484 2297 formula
1506 2269 1613 2297 laetalus
1624 2269 1670 2304 sit,

872 2319 954 2352 atque
967 2315 1046 2345 istud
1063 2316 1092 2344 in
1101 2317 1170 2345 votis
1181 2316 1286 2351 habuit,
1300 2319 1332 2345 ut
1345 2317 1477 2345 eveniret.

907 2409 995 2436 Vens.
1019 2410 1045 2436 9.
1061 2419 1074 2433 α
1091 2407 1179 2442 Igitur
1192 2407 1240 2444 qui
1262 2415 1292 2436 ex
1307 2407 1360 2435 ﬁde
1378 2411 1451 2439 sunt,
1471 2407 1673 2437 benedicuntur

872 2460 937 2480 cum
953 2453 1026 2480 ﬁdeli
1037 2453 1187 2481 Abraham.
1211 2464 1224 2477 ι»
1238 2453 1307 2489 Quia
1328 2452 1511 2481 turbabantur
1524 2453 1672 2489 nequando

871 2498 926 2525 sint
951 2497 1101 2533 maledicti,
1118 2505 1167 2526 ceu
1185 2497 1224 2525 illi
1237 2498 1284 2533 qui
1299 2498 1327 2525 in
1348 2498 1407 2533 lege
1425 2505 1482 2525 non
1498 2502 1674 2534 perseverent

872 2542 1005 2578 scriptum
1031 2546 1073 2570 est
1097 2542 1171 2570 enim
1188 2552 1194 2570 :
1210 2542 1372 2570 Maledictus
1397 2542 1443 2578 qui
1463 2550 1518 2570 non
1543 2550 1670 2578 perseve-

871 2591 915 2614 rat
928 2587 956 2614 in
977 2587 1011 2615 iis
1032 2595 1095 2623 quae
1112 2588 1213 2623 scripta
1238 2591 1304 2615 sunt
1331 2587 1358 2615 in
1383 2587 1442 2622 lege
1461 2589 1482 2621 ),
1501 2587 1671 2614 contrarium

871 2640 946 2660 nunc
967 2632 1057 2668 potius
1084 2632 1214 2666 ostendit,
1239 2640 1338 2667 nempe
1362 2631 1437 2668 quod
1456 2630 1592 2659 benedicti
1616 2631 1670 2658 sint

870 2677 915 2712 qui
935 2677 1023 2713 legem
1047 2677 1217 2713 reliquerint,
1240 2681 1268 2704 et
1293 2677 1328 2705 ad
1341 2677 1422 2704 ﬁdem
1438 2675 1610 2708 accesserint,
1626 2683 1670 2711 pe-

872 2721 950 2750 rinde
973 2730 1005 2749 ac
1026 2721 1113 2750 ﬁdelis
1135 2721 1272 2749 Abraham
1283 2721 1442 2749 benedictus
1456 2724 1523 2748 erat.

909 2768 995 2795 Vens.
1029 2769 1072 2795 10.
1103 2778 1115 2791 ι
1132 2767 1295 2803 Quicunque
1317 2766 1393 2794 enim
1413 2773 1445 2794 ex
1460 2764 1587 2801 operibus
1605 2763 1669 2800 legis
