1877 3081
221 187 274 215 981

728 185 985 215 THEOPHYLACTI
1006 185 1152 213 BULGARI
1158 185 1186 212 Ε
1205 184 1307 212 ARCHI
1313 184 1365 213 ΕΡ.
1795 185 1824 213 ιιι

220 253 294 282 sunt,
311 249 361 277 sub
375 248 522 277 maledicto
536 253 612 277 sunt.
626 249 766 285 Scriptum
785 254 828 277 est
847 249 922 277 enim
936 258 943 277 :
961 249 1019 276 Ma-

1082 248 1139 278 ιίσί.
1174 247 1327 287 Γέγραπται
1356 247 1426 287 γάρ’
1443 247 1659 286 Ἐπικατάρατος
1691 251 1739 280 πᾶς
1762 246 1783 280 ὃς
1799 248 1825 276 oili

223 293 340 322 ledictus
354 298 395 321 est
408 294 498 321 omnis
513 294 559 329 qui
574 301 628 321 non
656 294 837 329 permanserit
851 294 878 321 in
889 293 1020 321 omnibus

221 346 283 375 qua:
297 338 398 374 scripta
413 342 479 366 sunt
496 338 524 366 in
546 339 613 366 libro
642 338 718 374 legis,
740 343 770 366 ut
784 338 865 366 faciat
880 346 922 366 ea.
940 350 952 362 ιι
981 339 1022 366 Ne

224 383 288 419 quis
304 386 436 419 opponat,
458 382 560 416 dicens,
578 382 660 411 Haud
680 383 780 419 injuria
802 383 975 411 Abrahamus
989 390 1022 410 ex

225 427 277 456 ﬁde
292 435 357 456 cum
378 427 536 456 benedictus
555 432 606 460 est,
621 432 680 455 tum
693 427 868 464 jnstiﬁcatus,
889 428 954 464 quia
979 427 1023 455 lex

226 472 349 500 nondum
364 472 470 500 sancite
485 475 543 500 erat
561 482 567 500 :
591 476 619 500 tu
634 480 696 500 vero
717 476 840 500 monstra
862 472 930 500 mihi
949 471 1023 508 quod

227 522 373 553 postquam
399 517 461 545 data
489 521 530 545 est
557 517 610 550 lex,
636 517 703 545 ﬁdes
713 517 854 553 justiﬁeet,
870 522 898 545 et
911 516 1024 546 benedi—

225 565 284 590 ctus
307 561 412 590 faciat:
437 561 558 590 ostendit
581 562 729 598 Apostolus
756 570 828 590 nunc
854 570 910 590 non
933 561 1022 590 solum

227 606 301 642 quod
313 610 341 634 et
351 606 483 642 justiﬁcet
498 605 568 634 ﬁdes
581 610 609 634 et
624 607 775 638 benedicat,
789 606 838 635 sed
855 607 941 634 etiam
951 606 1024 642 quod

227 651 268 678 lex
283 651 385 687 peccati
409 655 436 679 et
461 651 667 679 maledictionis
684 659 766 679 causa
790 651 833 679 sit.
850 652 939 679 Nemo
951 651 1024 678 enim

225 700 314 731 potest
328 694 416 724 facere
438 703 499 731 quae
519 696 619 731 scripta
641 699 707 723 sunt
728 696 757 723 in
783 696 840 732 lege
866 704 873 723 :
896 696 942 731 qui
961 703 1024 723 vero

227 747 283 768 non
300 739 374 774 facit,
397 740 561 768 maledictus
574 744 626 768 est.
644 739 761 768 Proinde
774 739 837 768 ﬁdei
852 744 894 768 est
913 739 1026 768 benedi-

227 792 299 819 cere,
315 789 341 813 et
355 784 456 813 frustra
475 793 524 813 vos
547 785 684 819 metuitis,
704 784 850 821 nequando
875 792 924 813 vos
943 785 1025 812 male-

227 829 295 857 dicti
317 829 374 858 sitis
395 829 553 858 deﬁcientes
577 837 592 857 a
609 829 678 866 lege.
702 831 775 858 Nam
794 829 817 858 si
842 837 874 857 ea
899 830 1026 863 utamini,

1074 293 1182 330 ἐμμένει
1206 294 1233 322 ἐν
1262 296 1329 322 πᾶσι
1357 296 1412 326 τοῖς
1439 292 1635 331 γεγραμμένοις
1656 292 1682 321 ἐν
1706 293 1740 331 τῷ
1765 292 1826 331 βιϐλία

1074 340 1121 366 τοῦ
1138 337 1234 375 νόμου,
1261 340 1306 367 τοῦ
1328 339 1440 373 ποιῆσαι
1464 337 1542 366 αὐτά.
1562 348 1578 365 ι
1603 336 1666 366 Ἵνα
1682 336 1716 374 μή
1731 348 1764 369 τις
1782 338 1827 365 tim

1075 382 1146 420 πέσῃ
1168 381 1270 421 λέγων,
1294 382 1335 412 ὅτι
1360 382 1477 415 Εἰκότως
1499 383 1513 411 ὃ
1534 380 1662 420 Ἀϐραὰμ
1685 380 1732 410 ἀπὸ
1753 381 1829 412 κίσταις

1076 427 1209 465 ηὗλογήθη
1224 426 1268 456 καὶ
1295 425 1449 462 ἐδικαιώθη,
1472 425 1536 455 διότι
1554 425 1634 455 οὔπω
1647 425 1672 444 ⁷³
1686 425 1756 463 νόμος
1765 421 1800 461 ἦν·
1811 427 1828 455 τὶ

1077 471 1104 500 δὲ
1119 470 1201 505 δεῖξόν
1225 480 1269 509 μοι
1292 471 1334 500 δτι
1349 473 1407 509 μεθ’
1422 470 1436 500 ὃ
1457 470 1534 506 ἐδόθη
1546 471 1560 499 6
1581 470 1681 508 νόμος,
1698 471 1714 505 ἡ
1727 469 1795 503 πίστις
1804 471 1825 499 ὰ·

1077 521 1149 545 κειιοί
1172 515 1217 545 καὶ
1233 516 1424 554 εὖλογημένους
1449 515 1539 545 ποιεῖ’
1559 514 1692 545 δείκνυσιν
1713 517 1726 544 6
1738 515 1828 544 Ἀκάστο-

1077 562 1121 594 λος
1135 563 1197 599 νῦν,
1223 562 1252 590 οὐ
1268 560 1346 599 μόνον
1361 560 1401 589 ὅτι
1425 561 1523 590 δικαιοῖ
1538 562 1553 595 ἡ
1572 560 1664 593 πίστις
1687 560 1729 589 καὶ
1747 559 1828 597 εὐλογῇ,

1078 607 1138 635 ἄλλ’
1161 604 1200 635 ὅτι
1215 605 1261 635 καὶ
1281 607 1295 635 6
1314 607 1407 644 νόμος,
1431 604 1563 645 ἁμαρτίας
1587 605 1636 634 καὶ
1663 604 1766 643 κατάρας
1777 606 1830 635 eius

1079 651 1197 690 γίνεται·
1219 651 1301 684 οὐδεὶς
1323 651 1374 690 γὰρ
1395 654 1479 680 ποιεῖν
1506 649 1621 680 δύναται
1646 649 1680 679 τὰ
1703 649 1829 689 γεγραμμέιι

1080 697 1106 726 ἐν
1119 697 1158 735 τῷ
1184 695 1257 736 νόμῳ
1270 707 1278 714 ·
1293 697 1307 725 6
1331 695 1358 725 δὲ
1377 695 1414 734 μὴ
1443 696 1543 732 ποιῶν,
1570 692 1831 733 ἔπικατάρατος.Ὥστι

1079 742 1126 775 τῆς
1137 740 1251 774 πίστεώς
1276 740 1333 769 ἐστι
1356 740 1386 770 τὸ
1407 740 1542 778 ιῦλογεῖν,
1567 738 1616 768 καὶ
1641 739 1725 776 μάτην
1739 738 1831 776 ὓμεῖςᾳν

1080 785 1170 814 ϐεῖσθε
1207 784 1310 823 μήποτε
1339 784 1530 823 ἐπικατάρατοι
1567 782 1681 822 γένησθε
1713 783 1831 812 ἀποστάντες

1081 833 1126 859 τοῦ
1138 829 1229 867 νόμου.
1246 830 1358 859 Μᾶλλον
1371 829 1423 869 γὰρ
1441 827 1576 868 χρώμενοι
1599 829 1673 868 αὐτῷ
1691 827 1737 857 ὑπὸ
1752 827 1831 866 κατάραν

228 874 317 910 potius
345 874 396 902 sub
408 875 594 903 exsecratione
615 874 692 908 estis,
716 874 814 911 quippe
828 875 873 911 qui
889 883 947 902 non
966 882 1026 911 pos-

1083 873 1140 904 ῖστὲ
1150 896 1158 911 ,
1175 876 1211 908 ὡς
1225 873 1264 913 μὴ
1280 873 1419 912 δυνάμενοι
1435 874 1553 913 πληροῦν
1571 872 1665 904 αὐτόν.

227 919 287 947 sitis
312 920 420 955 explere
435 919 535 955 ipsam.

262 964 354 992 Vens.
373 967 416 997 ll,
438 967 478 992 12.
495 976 507 988 ε
525 963 604 999 Quod
625 971 688 992 vero
708 963 735 992 in
757 963 815 1000 lege
833 971 916 992 nemo
926 964 1025 1000 justifi-

228 1011 305 1036 cetur
316 1007 389 1043 apud
407 1009 510 1042 Deum,
523 1007 704 1036 manifestum
725 1012 767 1036 est
785 1017 791 1036 :
808 1007 870 1044 quia
886 1008 979 1044 justus
993 1016 1024 1036 ex

230 1051 282 1080 fide
299 1052 407 1080 vivet‘.
419 1053 474 1080 Lex
489 1056 582 1080 autem
597 1060 652 1080 non
667 1056 708 1080 est
719 1060 752 1080 ex
769 1051 834 1085 ﬁde,
860 1052 907 1080 sed
925 1052 970 1088 qui
986 1052 1025 1080 fc-

229 1096 297 1124 cerit
314 1104 344 1124 ea
360 1096 455 1130 homo,
479 1097 552 1124 vivet
565 1097 594 1124 in
610 1097 685 1132 ipsis.
706 1108 718 1121 ν
735 1097 932 1125 Demonstrato
954 1097 1027 1133 quod

230 1141 273 1168 lex
302 1141 461 1169 maledictos
484 1141 576 1175 faciat,
604 1141 671 1169 ﬁdes
700 1145 793 1169 autem
813 1141 965 1173 benedicat,
980 1149 1026 1169 os-

229 1185 318 1214 tendit
352 1186 408 1222 iam
436 1194 513 1214 nunc
547 1185 623 1222 quod
649 1186 689 1214 vel
717 1185 785 1214 ﬁdes
808 1185 864 1214 sola
885 1186 1026 1222 justiﬁcat,

229 1238 285 1258 non
313 1231 367 1264 lex,
394 1230 561 1267 adducitque
585 1230 716 1258 Habacuc
743 1230 880 1259 dicentem
909 1239 916 1258 :
943 1242 956 1255 ιι
976 1232 1026 1258 Ju-

230 1279 289 1303 stus
306 1282 337 1302 ex
351 1275 403 1303 ﬁde
422 1275 510 1309 vivet,
525 1287 538 1300 ι»
555 1279 582 1303 et
596 1283 651 1303 non
669 1283 703 1303 ex
723 1275 791 1311 lege.
813 1276 870 1303 Lex
884 1275 1027 1303 enimnon

231 1319 314 1355 343
324 1320 412 1348 solam
426 1320 508 1348 ﬁdem
515 1321 642 1356 postulat,
656 1328 751 1348 verum
762 1321 844 1348 etiam
858 1328 950 1356 opera.
966 1320 1027 1348 Pul-

230 1364 294 1392 chre
308 1369 400 1392 autem
415 1364 492 1398 dixit,
510 1377 522 1389 -
538 1366 618 1401 Apul
636 1367 724 1393 Deum
741 1374 747 1392 :
777 1375 790 1391 »
805 1365 878 1401 apud
902 1365 1028 1393 homines

229 1409 300 1436 enim
317 1409 384 1445 justi
412 1408 504 1438 forsan
528 1410 612 1438 videri
638 1414 748 1446 queant,
778 1410 824 1445 qui
847 1410 904 1446 lege
920 1409 1027 1437 detenti

230 1458 305 1487 sunt,
328 1454 411 1482 veluti
439 1454 565 1482 Pharisaei
591 1455 775 1490 justificantcs
802 1454 904 1490 seipsos
931 1462 1025 1482 coram

1121 963 1214 994 «Ὅτι
1241 963 1269 993 δὲ
1293 964 1320 993 ἐν
1347 963 1420 1004 νόμῳ
1451 962 1535 996 οὐδεὶς
1564 963 1713 992 δικαιοῦται
1739 961 1797 1000 παρὰ
1811 962 1831 988 τέ

1079 1010 1159 1049 Θεῷ,
1182 1009 1279 1044 δῆλον,
1296 1007 1337 1037 ὅτι
1358 1010 1373 1038 6
1394 1008 1495 1041 δίκαιος
1515 1008 1546 1037 ἐκ
1572 1008 1690 1040 πίστεως
1706 1007 1803 1042 ζήσεται.
1815 1005 1833 1033 Ὁ

1081 1054 1106 1083 δὲ
1121 1054 1199 1091 νόμος
1210 1054 1257 1083 οὐκ
1268 1053 1338 1082 ἔστιν
1359 1054 1390 1082 ἐκ
1418 1052 1547 1089 πίστεως,
1566 1053 1629 1081 ἀλλ’
1644 1054 1659 1082 6
1678 1052 1778 1087 ποιήσας
1794 1051 1832 1078 τζτὲ

1080 1099 1235 1138 ἄνθρωπος,
1255 1097 1365 1134 ζήσεται
1391 1098 1417 1126 ἐν
1442 1098 1541 1131 αὐτοῖς.
1560 1108 1576 1126 ι
1600 1096 1693 1131 Δεᾶας
1707 1095 1743 1125 ὅτι
1764 1095 1833 1131 hope:

1083 1142 1301 1182 ἐπικαταράτους
1327 1144 1415 1177 ποιεῖ,
1439 1145 1455 1178 ἡ
1471 1141 1498 1171 δὲ
1513 1141 1605 1175 πίστις
1628 1142 1740 1180 εὐλογεῖ⁷
1753 1143 1787 1169 νῦν

1080 1199 1169 1217 κνυσιν
1185 1187 1292 1216 δτυκαὶ
1304 1188 1321 1222 ἡ
1344 1186 1432 1220 πίστις
1456 1186 1524 1224 μόνη
1539 1187 1654 1224 δικαιοῖ,
1670 1186 1715 1215 καὶ
1737 1186 1779 1224 οὐχ
1790 1186 1800 1212 ὃ
1810 1186 1834 1212 vi-

1082 1244 1144 1270 μσς,
1179 1231 1224 1261 καὶ
1262 1231 1379 1271 παράγει
1414 1230 1459 1260 τὸν
1488 1230 1647 1269 Ἁϐϐακοὺμ
1686 1231 1793 1269 λέγοντα,
1812 1228 1834 1256 ὅτ’

1084 1288 1100 1304 ι
1119 1276 1169 1306 Ἐκ
1193 1275 1307 1309 πίστεως
1331 1276 1441 1311 ζήσεται
1460 1277 1474 1304 6
1500 1276 1616 1312 δίκαιος,
1644 1287 1658 1304 ι
1683 1276 1726 1304 καὶ
1747 1275 1785 1304 οὐκ
1806 1274 1834 1300 ἐπε

1081 1321 1172 1359 νόμου.
1190 1320 1226 1351 Ὁ
1240 1320 1291 1360 γὰρ
1306 1320 1398 1359 νόμος,
1418 1321 1447 1349 οὗ
1471 1320 1552 1358 μόνην
1567 1320 1659 1350 πίστιν
1674 1321 1781 1355 ἀπαιτεῖ,
1793 1318 1833 1346 iiii

1081 1366 1126 1395 καὶ
1141 1365 1218 1407 ἔργα.
1241 1366 1335 1398 Καλῶς
1355 1365 1383 1395 δὲ
1396 1360 1464 1401 εἶπε,
1487 1379 1498 1390 ιι
1518 1365 1599 1405 Παρὰ
1621 1367 1660 1405 τῷ
1682 1365 1767 1403 Θεῷ.»
1786 1362 1834 1398 [legi

1081 1410 1133 1450 γὰρ
1153 1415 1206 1444 τοῖς
1232 1409 1394 1450 ἀνθρώποις,
1422 1409 1518 1439 δίκαιοι
1544 1409 1609 1443 ἴσως
1637 1411 1753 1439 δοκοῦσιν
1775 1408 1792 1436 οἱ
1809 1408 1833 1434 τςῖ

1081 1455 1162 1494 νόμου
1188 1449 1326 1495 ἐχόμενοι,
1350 1449 1400 1483 οἶοι
1427 1455 1452 1484 οἱ
1468 1455 1638 1494 Φαρισαῖοι,
1673 1455 1696 1484 οἱ
1723 1454 1835 1495 δικαιοῦντες

231 1498 398 1526 hominibus.
412 1499 480 1533 Quia
501 1499 582 1535 igitur
597 1499 637 1527 lex
660 1499 696 1526 ob
709 1499 897 1526 difficultatem
912 1507 1026 1534 operum

1082 1490 1188 1533 ἑαυτοὺς
1201 1490 1361 1538 ’ἔμπροσθεν
1389 1500 1442 1528 τῶν
1460 1490 1620 1538 ἀνθρώπων.
1631 1490 1714 1528 Ἔπεὶ
1735 1493 1794 1526 οὖνὸ
1809 1507 1834 1523 Vr

231 1552 285 1571 non
297 1544 474 1580 justiﬁcabat,
489 1544 536 1572 sed
554 1543 735 1572 maledictioni
747 1544 838 1579 potius
851 1543 1024 1579 subjugabat,

231 1589 303 1615 venit
323 1589 410 1623 gratia
426 1587 532 1616 facilem
547 1589 618 1616 viam
646 1588 804 1621 ostendens,
824 1587 910 1616 ﬁdem
931 1588 1027 1616 videli-

233 1638 288 1666 cet,
312 1641 360 1668 per
373 1640 456 1668 quam
471 1632 610 1668 justiﬁcati
626 1632 826 1660 benedicimur.
856 1634 926 1660 Ecce
944 1633 1027 1669 igitur

231 1677 451 1705 demonstratum
463 1681 515 1711 est,
530 1677 603 1713 quod
617 1677 718 1705 nedum
744 1681 807 1705 ante
829 1677 916 1714 legem
943 1678 1028 1705 bene-

233 1721 556 1757 dieebatetjustiﬁcabat
578 1721 656 1754 ﬁdes,
682 1721 732 1749 sed
755 1721 839 1749 etiam
863 1726 924 1758 post
938 1722 1026 1758 legem

233 1766 327 1802 magis.

272 1813 362 1839 Vsus.
380 1814 423 1839 13.
447 1823 459 1835 α
484 1811 609 1840 Christus
629 1820 682 1840 nos
704 1811 822 1840 rideniit
840 1811 874 1840 de
883 1811 1027 1839 maledicto

232 1855 308 1892 legis,
325 1855 413 1885 factus
432 1864 481 1892 pro
507 1856 586 1884 nobis
611 1856 799 1884 maledictum.
822 1857 958 1892 Scriptum
987 1861 1029 1884 est

232 1901 307 1929 enim
329 1901 512 1930 :Maledictus
534 1902 624 1929 omnis
647 1901 694 1937 qui
718 1901 820 1937 pendet
844 1902 871 1929 in
898 1902 979 1937 ligno.
1013 1914 1025 1926 ιι

235 1948 276 1974 Ne
287 1946 349 1982 quis
363 1946 407 1974 hic
419 1951 556 1979 occurrat,
578 1947 655 1980 Vere,
670 1947 808 1982 inquiens,
824 1946 868 1981 qui
884 1954 939 1974 non
964 1946 1029 1974 facit

236 1991 334 2027 legem,
360 1991 521 2019 maledictus
545 1995 596 2023 est,
617 1995 647 2019 et
672 1991 741 2018 ﬁdes
761 1991 896 2027 justifieat
923 2000 929 2018 :
957 1991 1028 2019 unde

234 2043 297 2063 vero
310 2036 494 2071 perspicuum,
509 2035 583 2071 quod
603 2036 760 2064 maledictio
780 2035 825 2063 illa
851 2035 957 2064 sublata
973 2037 1029 2063 sit?

233 2080 383 2108 Metuimus
408 2080 493 2112 enim.
517 2088 552 2108 ne
583 2080 652 2108 forte
671 2082 739 2117 jugo
758 2080 822 2117 legis
843 2080 955 2114 subditi,
977 2081 1027 2116 ipsi

234 2128 318 2155 etiam
333 2127 384 2155 sub
399 2127 585 2155 exsecratione
604 2127 692 2155 simus
708 2138 714 2156 :
736 2127 840 2156 indicat
857 2127 938 2163 igitur
951 2127 1028 2155 solu-

234 2178 290 2202 tam
311 2181 370 2202 esse
390 2182 440 2210 per
456 2174 596 2203 Christum
615 2175 839 2202 exsecrationem.
862 2175 932 2202 Dato
955 2175 1027 2202 enim

235 2219 331 2255 pretio,
347 2227 395 2256 per
418 2219 469 2247 hoc
483 2219 558 2255 quod
571 2219 627 2255 ipse
642 2219 732 2247 factus
749 2222 790 2246 est
804 2218 969 2252 maledictio,
985 2227 1028 2247 re-

232 2264 317 2292 demit
331 2272 382 2293 nos
406 2272 422 2292 a
443 2264 636 2292 maledictione
656 2265 732 2300 legis,
745 2272 829 2300 quam
845 2264 902 2300 ipse
918 2264 1028 2300 quidem

231 2310 323 2344 evasit,
339 2310 439 2345 quippe
464 2309 512 2345 qui
532 2309 620 2345 legem
647 2308 798 2345 impleverit
822 2318 830 2338 :
859 2317 911 2337 nos
935 2313 1028 2337 autem

234 2354 274 2381 illi
287 2353 398 2381 obnoxii
417 2361 538 2386 eramus,
553 2353 641 2389 ipsam
667 2353 797 2389 perﬁcere
815 2361 870 2381 non
885 2353 1004 2382 valentes
1019 2363 1026 2382 :

233 2406 310 2433 teque
323 2406 356 2425 ac
364 2398 386 2425 si
400 2406 484 2433 quem
497 2398 580 2426 morti
595 2398 690 2434 adjudi
696 2402 797 2429 catum,
811 2399 880 2426 alius
893 2399 1029 2434 quispiam

232 2442 358 2470 innoxius
385 2442 484 2470 eximat
501 2451 516 2470 a
539 2447 637 2476 morte,
654 2451 703 2478 pro
726 2442 774 2470 illo
793 2446 913 2470 mortem
937 2443 1029 2471 subire

234 2487 336 2515 volens.
364 2487 489 2522 Suscepit
506 2487 591 2523 igitur
613 2487 837 2516 maledictionem
857 2488 1030 2524 suspensioni

233 2531 363 2566 debitam,
382 2531 561 2567 dissolvitque
588 2530 820 2564 maledictionem,
846 2539 907 2567 quae
939 2533 1029 2567 nobis,

234 2576 309 2613 quod
330 2577 419 2613 legem
438 2583 495 2604 non
520 2575 710 2611 impleremus,
726 2580 784 2604 erat
807 2577 947 2612 imposita,
970 2577 1029 2612 ipse

233 2621 279 2658 qni
299 2622 325 2650 ei
343 2629 400 2650 non
416 2625 474 2649 erat
488 2620 631 2649 obnoxius.
649 2621 752 2658 Legem
766 2622 840 2649 enim
857 2622 988 2658 implevit,
1003 2626 1030 2650 et

232 2672 374 2704 peccatum
388 2674 444 2695 non
459 2665 536 2694 fecit.

277 2752 401 2782 xHahae.
417 2760 453 2788 ιι,
467 2755 497 2782 4-

1080 1556 1127 1583 μος
1152 1544 1195 1573 διὰ
1222 1543 1252 1573 τὸ
1281 1543 1495 1583 δυσκατόρθωτον
1521 1542 1581 1572 οὔτε
1611 1544 1742 1577 ἐδικαίου,
1762 1540 1797 1570 καὶ
1807 1541 1835 1568 ὁτι

1080 1590 1198 1627 κατάραν
1210 1588 1307 1622 ἐποίει,
1322 1584 1400 1623 ἦλθεν
1420 1590 1436 1623 ἡ
1453 1588 1531 1628 χάρις
1543 1588 1638 1628 ῥᾳδίαν
1653 1588 1710 1617 ὁδὸν
1726 1585 1835 1616 δεικνύουσι

1079 1633 1126 1668 τὴν
1149 1633 1255 1668 πίστιν,
1279 1633 1311 1662 δι’
1337 1628 1368 1668 ἧς
1392 1632 1570 1670 δικαιούμενοι
1597 1631 1774 1670 εὖλογοΰμεθα.
1794 1628 1835 1658 Ίὶιὶ

1079 1679 1166 1708 τοίνυν
1195 1678 1398 1716 ἀποδέδεικται,
1423 1677 1464 1706 ὅτι
1492 1678 1522 1706 οὗ
1545 1676 1626 1714 μόνον
1643 1678 1694 1716 πρὸ
1719 1674 1834 1712 τοῧνόμνλι

1080 1723 1188 1762 ηὐλόγει
1202 1722 1247 1752 καὶ
1262 1721 1378 1752 ἐδικαίου
1392 1724 1408 1758 ἡ
1424 1721 1527 1758 πίστις,
1545 1722 1615 1752 ἀλλὰ
1633 1723 1730 1761 μᾶλλον
1741 1719 1779 1750 καὶ
1794 1718 1834 1756 μετά

1080 1767 1125 1797 τὸν
1139 1767 1231 1805 νόμον.

1125 1823 1140 1842 α
1155 1812 1273 1853 Χριστὸς
1293 1813 1366 1850 ἡμᾶς
1389 1811 1547 1851 ἐξηγόρασεν
1570 1811 1601 1840 ἐκ
1622 1813 1670 1847 τῆς
1689 1809 1792 1848 κατάρας
1808 1807 1835 1835 τοῖ

1081 1857 1177 1895 νόμου,
1209 1856 1348 1896 γενόμενος
1370 1856 1438 1897 ὑπὲρ
1462 1858 1538 1894 ἡμῶν
1567 1856 1684 1896 κατάρα.
1723 1855 1837 1897 Γέγραπται

1081 1901 1148 1942 γάρ·
1184 1901 1402 1941 Ἐπικατάρατος
1424 1895 1480 1935 *πᾶς
1512 1902 1526 1930 6
1558 1895 1724 1940 κρεμάμενος
1757 1898 1791 1928 ἐπὶ
1812 1895 1837 1929 ξίν

1082 1947 1138 1977 λου.
1161 1957 1177 1975 n
1203 1944 1264 1977 Ἵνα
1284 1946 1321 1983 μή
1347 1958 1386 1979 τις
1413 1945 1536 1985 ἀντείπῃ,
1566 1945 1670 1985 λέγων,
1696 1945 1733 1974 ὅτι
1759 1942 1838 1977 ’Ᾱληθιῖί

1082 1990 1130 2029 μὲν
1154 1992 1168 2020 6
1185 1990 1222 2030 μὴ
1245 1993 1326 2020 ποιῶν
1351 1991 1396 2020 τὸν
1422 1991 1501 2029 νόμον
1531 1990 1740 2030 ἐπικατᾶρατος,
1758 1988 1793 2016 καὶ
1814 1984 1837 2012 ὅτι

1083 2036 1207 2072 ἡπίστις
1233 2037 1344 2065 δικαιοῖ·
1371 2035 1450 2065 πόθεν
1480 2035 1507 2064 δὲ
1537 2037 1633 2072 δῆλον,
1661 2035 1700 2064 ὃτι
1723 2037 1738 2070 ἡ
1765 2030 1837 2066 κατίὲί

1082 2081 1170 2118 ἐκείνη
1197 2081 1343 2121 ἇνῄρηται;
1372 2080 1537 2118 Δεδοίκαμεν
1570 2081 1620 2120 γὰρ
1649 2080 1740 2119 μήπως
1762 2078 1789 2109 ὣς
1806 2075 1836 2102 θεά

1082 2125 1126 2155 τὸν
1154 2126 1230 2165 ζυγὸν
1256 2128 1300 2155 τοῦ
1328 2126 1410 2164 νόμου
1429 2124 1500 2160 ἅπαξ
1521 2125 1672 2165 γενόμενοι,
1697 2123 1743 2165 imo
1761 2121 1798 2156 τὴν
1808 2130 1836 2165 ιφ

1082 2170 1164 2210 τάραν
1191 2171 1231 2200 ἔτι
1253 2165 1326 2209 ὦμεν
1350 2170 1395 2200 καὶ
1416 2170 1507 2199 αὐτοί·
1532 2170 1663 2199 δείκνυσιν
1684 2164 1739 2204 οὖν,
1761 2162 1836 2212 Steti:

1082 2217 1158 2245 λυται
1171 2217 1187 2251 ἡ
1203 2216 1309 2254 κατάρα
1332 2215 1374 2244 διὰ
1401 2216 1526 2254 Χριστοῦ.
1551 2214 1618 2248 Δοὺς
1632 2214 1685 2255 γὰρ
1702 2212 1771 2250 τιμὴν
1784 2209 1804 2228 ⁷³

1083 2261 1159 2294 αὐτὸς
1179 2253 1301 2299 γενέσθαι
1324 2253 1445 2299 κατάρα,
1474 2259 1632 2300 ἐξηγόρασεν
1653 2253 1721 2298 ἡμᾶς
1745 2255 1787 2285 ἀπὸ
1806 2253 1836 2300 ri:

1082 2308 1128 2334 τοῦ
1150 2304 1231 2343 νόμου
1246 2304 1379 2345 κατάρας,
1393 2304 1425 2340 ἣν
1448 2305 1524 2337 αὐτὸς
1547 2304 1596 2342 μὲν
1613 2303 1744 2345 ἐξέφυγεν,
1760 2299 1795 2345 51:5
1808 2298 1835 2324 5°“

1083 2350 1162 2388 νόμον
1181 2339 1351 2390 ’πληρώσαςι
1378 2339 1454 2387 ἡμεῖς
1476 2349 1503 2378 δὲ
1519 2339 1665 2390 ὑπεύθυνοι.
1679 2339 1755 2386 ταύτῃ

1085 2396 1122 2432 μή
1138 2389 1277 2434 δυνάμενοι
1296 2393 1402 2424 τελέσαι
1418 2393 1508 2424 αὐτόν·
1543 2389 1596 2424 οἷον
1615 2394 1648 2423 ἂν
1671 2393 1696 2423 εἴ
1707 2403 1759 2422 τινα
1778 2398 1833 2417 1171‘

1084 2440 1239 2470 δικασθέντα
1252 2440 1392 2469 ἀποθανεῖν
1403 2462 1411 2478 ,
1432 2437 1521 2478 ἕτερός
1547 2451 1586 2472 τις
1607 2438 1738 2470 ἀνεύθυνος
1756 2433 1834 2466 έξέλοίκ

1084 2487 1129 2514 τοῦ
1149 2484 1275 2520 θανάτου,
1297 2484 1420 2522 ἑλόμενος
1448 2477 1525 2516 αὖτὸς
1553 2486 1642 2513 θανεῖν
1672 2481 1733 2520 ὕπὲρ
1754 2477 1832 2507 ἐκείνου.

1084 2529 1211 2563 Ἐδέξατο
1236 2525 1282 2558 οὖν
1305 2528 1424 2568 κατάραν
1452 2528 1500 2564 τὴν
1524 2527 1577 2557 ἀπὸ
1608 2530 1655 2558 τοῦ
1678 2523 1834 2570 κρεμασξῆνίξο

1083 2574 1129 2603 καὶ
1142 2573 1219 2603 ἔλυσε
1242 2573 1361 2613 κατάραν
1378 2566 1430 2609 τὴν
1446 2572 1498 2601 ἀπὸ
1517 2576 1564 2617 τοῖξ
1574 2572 1612 2610 μὴ
1637 2572 1747 2611 πληροῦν
1759 2566 1833 2617 τόνινά·

1084 2631 1133 2657 μον
1151 2619 1216 2656 ἡμῖν
1231 2618 1397 2656 ἐπικειμένην
1407 2640 1416 2655 ,
1433 2617 1511 2650 αὐτὸς
1533 2615 1572 2655 μὴ
1587 2615 1831 2661 ὑποκείμενοςτπύτρ·

1083 2656 1138 2694 Τόν
1167 2674 1196 2692 τε
1222 2664 1274 2704 γὰρ
1304 2662 1382 2701 νόμον
1409 2661 1563 2702 ἐπλήρωσε,
1594 2661 1640 2691 καὶ
1668 2656 1782 2700 ἁμαρτίαν
1799 2656 1829 2681 051

1085 2707 1221 2744 ἐποίησεν.

924 2794 1018 2824 Varia:
1040 2792 1194 2823 lectiones.

268 2837 291 2856 ⁷⁸
304 2837 403 2867 οὖδίπω
417 2846 445 2868 o.
483 2837 506 2856 ⁷³
517 2837 580 2875 ἡμῖν
597 2845 625 2867 o.
