1877 3081
202 178 253 206 995

201 238 349 276 paedagogo
363 238 414 276 legi
426 238 533 275 subjici.
550 237 667 266 Perinde
681 238 757 267 enim
770 242 843 266 esset
859 245 891 265 ac
900 236 921 264 si
936 243 1000 264 cum

202 284 262 312 dies
274 284 405 318 illuxerit,
420 291 477 312 non
486 283 574 311 solem
583 283 644 319 quis
655 282 745 311 videre
756 283 830 316 velit,
844 281 892 311 sed
906 282 999 309 lucer-

200 337 274 357 nam.
286 329 407 357 Observa
416 333 510 356 autem
521 328 568 364 qui
577 335 658 364 supra
671 327 824 356 ostenderit
834 326 920 355 ﬁdem
930 326 1000 354 ﬁlios

200 373 349 402 Abrahami
379 372 484 408 facere,
510 381 584 402 nunc
613 377 708 401 autem
734 372 806 400 ﬁlios
831 371 894 400 Dei.
922 370 1000 399 Adeo

204 426 303 454 magna
318 422 418 454 potest.

235 464 324 491 Vens.
341 465 385 491 21.
408 474 420 487 ι
437 462 600 499 Quicunque
615 462 691 491 enim
707 462 734 490 in
755 461 895 490 Christum
910 460 1001 496 bapti—

199 507 252 535 zati
270 507 346 541 estis,
359 507 502 536 Christum
516 506 656 535 induistis.
680 518 693 532 ν
715 506 865 543 Quomodo
887 505 935 533 ﬁlii
950 504 999 532 Dei

199 559 299 580 sumus
317 551 508 580 conﬁrmando
523 551 656 585 ostendit,
674 559 723 588 per
741 551 878 587 baptisma
890 557 1000 586 nempe.

200 598 262 625 Non
282 596 352 624 dixit
362 600 471 630 autem,
495 596 638 632 Quotquot
653 596 779 632 baptizati
795 595 871 630 estis,
889 595 935 622 ﬁlii
949 594 1000 622 Dei

199 641 263 669 facti
285 641 361 673 estis.
384 640 618 677 quemadmodum
640 641 801 669 consecutio
825 639 999 676 postulabat;

200 685 249 714 sed
261 685 336 722 quod
348 685 438 714 multo
459 685 548 721 magis
569 689 613 713 est
630 684 815 720 tremendum,
832 695 845 708 α
859 684 999 712 Christum

202 731 339 758 induistis.
356 730 409 758 »εἰ
423 729 498 758 enim
512 729 655 758 Christum
670 729 768 758 Filium
785 729 834 757 Dei
847 729 998 763 induimus,

202 774 284 811 347
307 775 411 811 ipsique
434 774 576 802 assimilati
601 783 698 802 sumus
714 783 721 802 :
745 774 778 802 ad
793 782 878 802 unam
890 781 952 802 cum
968 781 1000 801 eo

201 819 400 856 cognationem,
412 826 549 855 unamque
559 818 649 848 ideam
662 818 786 856 perducti
798 827 903 853 sumus,
914 818 999 854 gratia

201 863 264 892 facti
280 863 355 900 quod
369 863 414 892 ille
428 867 471 892 est
483 867 591 891 natura.

236 909 325 936 Vens.
342 911 387 936 28.
406 919 419 932 ι
432 909 494 936 Non
508 912 549 936 est
567 908 682 937 Iudaeus
696 916 784 944 neque
799 909 925 942 Graecus,
941 915 999 936 non

200 958 241 981 est
252 961 347 981 servus
360 961 449 989 neque
470 952 547 987 liber,
563 961 621 982 non
635 957 676 981 est
691 953 830 981 masculus
844 957 872 981 et
887 953 996 981 femina.

202 998 304 1026 Omnes
327 998 400 1026 enim
431 1006 479 1026 vos
505 1005 575 1026 unus
609 998 676 1026 estis
700 998 730 1025 in
753 998 861 1026 Christo
882 999 958 1025 Jesu.
985 1009 999 1022 ι

201 1043 396 1079 Unusquisque
419 1042 636 1078 baptizatorum,
660 1043 765 1078 inquit,
787 1043 923 1070 naturales
937 1042 997 1078 qui-

202 1085 267 1114 dem
288 1087 470 1123 proprietates
493 1086 602 1122 abjecit,
619 1095 702 1114 unam
720 1091 811 1114 autem
832 1087 949 1123 ﬁguram
973 1091 1001 1115 et

202 1131 320 1159 formam
334 1139 430 1159 omnes
440 1135 661 1167 assumpserunt,
672 1139 730 1159 non
742 1131 842 1167 angeli,
854 1131 901 1159 sed
915 1131 1001 1166 ipsius

199 1175 325 1209 Domini.
347 1175 375 1203 in
398 1176 494 1212 seipsis
516 1176 693 1204 ostendentes
712 1176 863 1204 Christum.
882 1175 1000 1204 Proinde

201 1228 272 1248 unus
285 1228 383 1248 sumus
396 1228 493 1248 omnes
507 1221 535 1248 in
550 1220 658 1249 Christo
676 1221 743 1248 Jusu
771 1229 778 1247 :
794 1220 845 1248 hoc
859 1224 909 1254 est,
930 1228 1000 1256 qua-

200 1269 282 1293 tenus
294 1273 380 1293 unam
395 1265 498 1293 Christi
513 1265 632 1293 formam
646 1265 805 1301 impositam
819 1265 900 1293 nobis
915 1265 999 1293 habe-

201 1317 263 1338 mus
287 1319 294 1338 :
323 1309 364 1337 vel
387 1313 524 1346 quatenus
549 1310 631 1338 etiam
659 1317 744 1338 unum
769 1317 869 1346 corpus
891 1317 997 1344 sumus,

201 1362 287 1382 unum
301 1359 384 1390 caput
397 1353 538 1382 Christum
554 1354 696 1382 habemus.

237 1400 330 1427 Vens.
353 1401 398 1427 29.
425 1411 438 1423 «ι
460 1399 490 1427 Si
515 1403 607 1426 autem
629 1407 676 1427 vos
696 1398 810 1432 Christi,
826 1406 890 1435 ergo
904 1406 999 1426 semen

200 1443 351 1472 Abrahami
371 1444 448 1478 estis,
470 1451 503 1471 ac
526 1443 680 1472 secundum
703 1444 919 1479 promissionem
941 1443 997 1471 hae-

201 1489 290 1516 redes.
312 1500 324 1512 ι
342 1488 412 1523 Quia
436 1492 516 1516 antea
538 1488 659 1522 dixerat,
676 1495 772 1516 semen
788 1487 951 1521 Abrahami,
969 1488 998 1515 in

201 1540 257 1568 quo
271 1532 470 1560 benedicuntur
486 1536 590 1568 gentes,
604 1532 730 1560 Christus
745 1534 796 1565 est,
807 1533 850 1560 cui
865 1532 999 1560 nimirum

201 1577 271 1606 datae
283 1581 349 1605 sunt
364 1577 569 1612 promissiones,
588 1584 619 1604 ac
636 1576 837 1604 demonstravit
850 1584 897 1604 eos
913 1577 998 1604 etiam

202 1621 299 1650 Christi
314 1619 434 1648 formam
454 1621 556 1648 habere
576 1630 582 1648 :
606 1628 680 1648 nunc
700 1620 854 1655 concludit,
879 1623 952 1657 Ergo
972 1625 1000 1648 et

203 1673 252 1694 vos
274 1673 367 1693 semen
389 1665 453 1693 estis
476 1665 638 1699 Abrahami,
662 1673 694 1693 ac
716 1665 834 1701 denique
855 1666 1000 1701 promissae

201 1709 398 1738 benedictionis
411 1709 544 1737 haeredes.
562 1709 707 1744 Quomodo
722 1717 787 1745 ergo
801 1709 855 1745 legi
875 1710 1001 1738 animum

201 1753 354 1790 appellitis,
381 1762 444 1782 cum
476 1754 533 1782 sitis
563 1753 712 1789 benedicti,
758 1758 901 1790 propterea
926 1754 1002 1790 quod

201 1799 342 1829 Christum
370 1798 524 1833 indueritis,
549 1798 745 1835 assimilatique
763 1799 821 1827 sitis
845 1799 907 1836 ipsi,
923 1799 1001 1828 inde-

202 1851 256 1881 que
270 1843 337 1873 facti
351 1851 447 1873 semen
463 1843 637 1872 Abrahami?

507 1898 628 1926 CAPUT
648 1899 696 1926 IV.

237 1953 326 1982 Vens.
346 1955 399 1988 1,2.
418 1962 433 1978 οι
448 1952 513 1980 Dico
525 1956 636 1980 autem:
651 1953 760 1988 Quanto
776 1955 899 1986 tempore
914 1950 1002 1980 hmres

202 1998 331 2034 parvulus
344 2001 394 2031 est,
410 1997 475 2025 nihil
492 1996 586 2024 differt
601 2004 616 2023 a
635 2004 713 2024 servo
724 2017 731 2030 ,
744 2004 809 2024 eum
822 1995 858 2024 sit
872 1995 1003 2024 dominus

202 2043 327 2070 omnium
350 2050 357 2069 :
379 2041 427 2070 sed
445 2041 496 2069 sub
517 2040 655 2069 tutoribus
669 2044 696 2068 et
711 2040 851 2068 actoribus
862 2044 904 2068 est
918 2048 1004 2076 uSque

202 2087 236 2115 ad
250 2086 436 2123 prastitutum
454 2090 563 2122 tempus
584 2093 599 2112 a
621 2089 707 2121 patre.
733 2096 746 2110 ι
768 2086 830 2113 Hoc
847 2088 904 2119 est,
926 2089 1004 2121 pater

202 2131 298 2159 statuit
321 2138 385 2158 eum
410 2129 477 2158 nihil
503 2129 603 2158 debere
626 2129 831 2164 administrare,
857 2129 944 2157 donec
968 2129 1003 2158 ad

203 2175 356 2212 legitimam
379 2179 491 2204 aetatem
518 2175 683 2212 pervenerit,
707 2178 788 2211 atque
811 2173 1001 2210 obtemperare

203 2220 294 2249 debet.

236 2266 324 2294 Vens.
341 2268 371 2294 3.
390 2274 404 2292 α
418 2266 459 2293 lta
473 2269 501 2294 et
520 2272 581 2299 nos,
597 2273 662 2293 cum
675 2271 799 2292 essemus
813 2263 933 2300 parvuli,
948 2263 1000 2292 sub

202 2310 345 2339 elementis
366 2310 465 2339 mundi
488 2318 596 2339 eramus
626 2310 652 2337 in
678 2309 836 2337 servitutem
859 2308 960 2336 adacti.
987 2320 1000 2333 η

204 2355 320 2390 Parvuli,
340 2363 399 2384 non
419 2359 509 2390 aetate,
530 2355 579 2383 sed
603 2355 655 2382 Dei
674 2354 840 2389 cognitione.
862 2353 1002 2381 Elementa

203 2409 267 2430 vero
282 2400 390 2436 mundi,
404 2400 546 2429 novilunia
559 2407 591 2427 ac
605 2398 724 2427 Sabbata
735 2398 800 2426 dicit
818 2407 824 2426 :
841 2397 869 2426 hi
885 2406 1003 2434 namque

203 2446 263 2474 dies
291 2454 306 2474 a
327 2454 411 2474 cursu
431 2445 495 2474 solis
515 2445 642 2480 lunaeque
666 2443 743 2471 ﬁunt.
766 2444 862 2479 Itaque
881 2443 930 2478 qui
952 2451 1004 2471 nos

205 2491 258 2526 iam
283 2491 334 2519 sub
360 2491 451 2526 legem
472 2493 574 2526 agunt,
598 2495 715 2524 eamque
738 2486 851 2522 docent,
883 2486 1002 2516 infantes

202 2536 307 2565 faciunt
329 2534 523 2570 elementisque
545 2532 641 2561 mundi
659 2531 798 2567 subdunt,
821 2539 885 2560 cum
908 2535 1001 2560 tamen

202 2582 290 2610 simus
303 2580 354 2609 viri
367 2578 479 2616 perfecti
493 2582 521 2607 et
532 2577 581 2606 ﬁlii
597 2577 657 2612 Dei,
681 2581 829 2614 patresque
847 2576 961 2605 familiae
976 2581 1004 2604 et

203 2626 322 2655 domini.
351 2624 494 2654 Discimus
517 2627 658 2659 praeterea,
688 2621 764 2659 quod
787 2623 862 2650 Deus
892 2621 1004 2658 quidem

204 2671 326 2700 ﬁliorum
350 2668 544 2705 adoptionem,
569 2675 630 2704 quae
653 2671 694 2696 est
721 2667 777 2703 ipsa
799 2666 961 2701 haereditas,
988 2674 1004 2694 a

203 2715 334 2753 principio
347 2714 413 2743 dare
425 2713 556 2748 voluerit,
575 2713 623 2742 sed
637 2711 752 2741 infantia
767 2716 878 2747 nostra,
894 2711 1004 2748 quomi—

241 2824 264 2844 ⁵⁶
278 2823 324 2858 τὴν
336 2822 440 2860 φυσικὴν
453 2822 567 2857 ἰδιότητα
580 2829 609 2851 o.
647 2821 668 2839 ⁸⁷
684 2821 786 2857 ἔχοντες
799 2819 876 2847 αὑτὸν
892 2774 996 2847 (Iane

712 173 969 203 THEOPHYLACTI
988 169 1170 200 BULGARIE
1188 167 1345 197 ARCHIEP.

1795 162 1832 188 99b

1015 238 1039 270 Α
1055 233 1147 273 ὥσπερ
1161 232 1206 262 καὶ
1221 231 1253 260 τὸ
1262 253 1271 268 ,
1293 228 1396 269 ἡμέρας
1411 226 1535 267 φανείσης
1556 224 1593 273 μὴ
1609 224 1654 273 τὸν
1672 223 1749 273 ἥλιον
1766 223 1833 273 ,

1055 279 1123 308 ἆλλὰ
1133 268 1181 307 ’τὸν
1198 279 1306 317 λύχνον.
1321 268 1396 314 "Oper.
1423 273 1466 310 δὲ,
1491 273 1548 317 πῶς
1559 269 1686 317 ἀνωτέρω
1701 269 1753 317 μὲν.
1769 268 1833 317 ἔδειξε

1054 324 1102 359 τὴν
1123 323 1213 352 πίστιν
1232 313 1318 354 ⁷υἱοὺς
1346 313 1474 349 moan
1500 315 1639 356 Ἀϐραὰμ,
1665 317 1712 343 νῦν
1732 313 1758 342 δὲ
1779 313 1834 346 οἱὼς

1055 369 1125 398 Θεοῦ
1135 378 1142 386 ·
1155 366 1224 397 οὕτω
1237 365 1343 405 μεγάλα
1358 363 1483 394 δύναται.

1095 466 1108 479 σι
1121 451 1204 482 Ὅσοι
1230 450 1282 491 γὰρ
1307 450 1344 483 εἰς
1370 447 1487 489 Χριστὸν
1506 444 1705 491 ἐϐαπτίσβητε,
1737 444 1833 491 Χριστὸν

1055 497 1221 528 ἐνεδύσασθε.
1236 489 1250 522 υ
1268 489 1479 527 ’Κατασκευᾶζει
1498 494 1556 526 πῶς
1579 489 1632 520 υἱοί
1660 492 1740 528 ἐσμεν
1759 489 1832 522 Θεοῦ,

1054 542 1101 573 καί
1115 553 1210 582 φησιν,
1233 541 1274 570 ὅτι
1294 539 1339 569 διὰ
1360 541 1407 568 τοῦ
1423 537 1621 577 βαπτίσματος.
1647 535 1708 582 οὐκ
1731 528 1782 582 sine
1801 533 1832 569 δὲ,

1053 587 1095 618 ὅτι
1109 577 1190 617 "boat
1201 577 1206 579 Π
1217 584 1410 620 ἐϐαπτίσθητε,
1435 583 1486 612 υἱοὶ
1507 583 1579 611 Θεοῦ
1602 579 1747 619 γεγόνατε,
1761 577 1833 616 ὥσπερ

1054 631 1101 662 καὶ
1126 633 1144 668 ἡ
1171 629 1313 660 ἀκολουθία
1344 627 1461 668 ἀπῄτει·
1485 626 1554 656 ἀλλὰ
1577 625 1607 654 τὸ
1633 624 1703 654 πολὺ
1728 623 1833 668 φρικωδέ-

1054 687 1160 717 στερον,
1188 674 1229 704 ὅτι
1254 688 1268 701 ι
1296 673 1411 714 Χριστὸν
1439 670 1633 717 ἐνεδύσασθε.»
1662 670 1696 717 lii
1718 667 1766 717 γῇρ
1780 668 1832 717 ξρι-

1055 712 1116 751 στὸν
1130 721 1174 750 τὸν
1190 719 1253 750 mw
1275 712 1408 748 τοῦ-Θεοῦ
1431 715 1590 754 ἐνδεδύμεθα
1600 738 1608 752 ,
1626 714 1674 744 καὶ
1696 713 1758 753 πρὸς
1769 712 1833 741 αὐτὸν

1055 764 1262 807 ἐφωμοιώθημεν
1353 763 1388 802 ἀφ
1458 761 1494 794 εἷς
1526 760 1600 807 μίαν.
1620 758 1770 807 συγγένειαν
1792 757 1833 807 -καὶ

1056 803 1119 850 μίαν
1147 809 1217 839 ἰδέαν
1237 808 1376 848 ἤχθημεν,
1395 806 1489 846 χάριτι
1507 804 1643 845 γεγονότες
1669 803 1734 843 ὅπερ
1756 803 1833 835 ἐκεῖνῲ

1055 857 1110 885 ἐστι
1125 854 1212 896 φύσει.

1094 914 1108 928 α
1122 893 1182 930 Οὐκ
1201 898 1238 928 ἔνι
1252 897 1382 930 Ἰουδαῖος
1390 918 1399 933 ,
1420 895 1478 925 οὐδὲ
1491 894 1594 930 Ἕλλην
1607 905 1615 912 ·
1627 894 1678 923 οὐκ
1692 893 1729 921 ἔνι
1743 893 1832 929 δῶλος,

1017 951 1041 983 Β
1059 945 1118 975 οὐδὲ
1132 943 1264 982 ἐλεύθερος
1279 951 1287 959 ’
1302 943 1350 972 οὐκ
1371 942 1410 971 ἔνι
1429 940 1510 980 ἄρσεν
1525 939 1571 969 καὶ
1586 939 1654 974 θῆλυ
1664 949 1672 956 ·
1692 938 1782 971 πάντες
1795 937 1833 976 γὰρ

1055 991 1128 1028 ὑμεῖς
1141 990 1199 1018 ἐστε
1214 983 1251 1021 εἷς
1276 988 1303 1016 ἐν
1321 987 1435 1026 Χριστῷ
1449 985 1549 1020 Ἰησοῦ.
1566 997 1578 1010 ι
1592 983 1756 1028 Ἕκαστος,
1768 982 1832 1022 φησὶ,

1053 1027 1105 1064 τῶν
1131 1031 1330 1073 βαπτιζομένων
1359 1030 1511 1060 ἐπεϐάλετο
1539 1028 1587 1067 μὲν
1615 1028 1648 1057 τὰ
1668 1027 1766 1069 φυσικὰ
1779 1027 1834 1055 ἴδιόν

1055 1071 1161 1118 ματα.⁸6
1171 1088 1179 1095 ’
1193 1077 1239 1106 ἕνα
1255 1076 1282 1106 δὲ
1304 1075 1387 1105 τύπον
1403 1075 1449 1104 καὶ
1476 1075 1540 1112 μίαν
1565 1073 1672 1113 μορφήν
1695 1072 1787 1104 πάντες
1799 1071 1832 1098 ἆν-

1054 1116 1165 1160 ἔλαϐον,
1184 1122 1232 1152 οὐκ
1256 1121 1387 1161 ἀγγέλου,
1404 1120 1464 1149 ἀλλ’
1480 1119 1560 1148 αὐτοῦ
1580 1121 1627 1147 τοῦ
1645 1117 1795 1163 Δεσπόξου,
1814 1116 1832 1144 ἐν

1054 1170 1156 1202 ἑαυτοῖς
1182 1165 1328 1199 δεικνύντες
1345 1165 1390 1194 τὸν
1404 1164 1532 1204 Χριστόν.
1552 1162 1639 1192 Ὥστε
1655 1164 1703 1191 καὶ
1724 1162 1758 1194 εἷς
1770 1162 1831 1197 ἔσμεν

1052 1213 1149 1246 πάντες
1164 1213 1190 1241 ἔν
1211 1212 1319 1252 Χριστῷ
1347 1209 1453 1246 Ἰησοῦ·
1466 1207 1602 1245 τουτέστι,
1619 1207 1688 1236 καθὸ
1707 1207 1768 1245 μίαν
1782 1217 1834 1244 μορ-

1054 1259 1105 1299 φὴν
1131 1257 1178 1292 τὴν
1205 1250 1252 1286 rei)
1277 1257 1395 1294 Χριστοῦ
1423 1252 1598 1299 ἐπικειμένην,
1614 1252 1721 1299 ,ἔχομεν
1735 1262 1741 1268 ·
1760 1250 1783 1299 ᾗ
1802 1250 1834 1298 xii

1054 1294 1120 1333 καθὸ
1143 1302 1170 1331 ἓν
1195 1299 1273 1339 σῶμά
1301 1301 1398 1338 ἐσμεν,
1432 1298 1496 1337 μίαν
1523 1295 1642 1336 κεφαλὴν
1656 1295 1783 1335 ἔχομεν⁸⁷
1802 1294 1834 1322 τὴν

1054 1349 1079 1378 Χ
1084 1346 1180 1388 ριστόν.

1097 1403 1112 1421 ιι
1126 1393 1159 1422 Εἰ
1171 1390 1199 1420 δὲ
1211 1391 1286 1428 ὑμεῖς
1304 1390 1438 1429 Χριστοῦ,
1461 1387 1514 1428 ἄρα
1535 1389 1582 1416 τοῦ
1607 1385 1734 1426 Ἀϐραὰμ
1747 1383 1833 1429 σπέρμα

1053 1435 1129 1475 ἐστὲ,
1163 1435 1209 1464 καὶ
1231 1435 1291 1475 κατ’
1318 1428 1478 1472 ἐπαγγελίαν
1506 1430 1685 1475 κληρονόμοι.
1711 1442 1726 1458 ι
1743 1428 1834 1475 ’Emaf,

1053 1468 1200 1520 ἔμπροσθεν
1222 1474 1311 1515 εἶπεν,
1345 1468 1399 1507 8τῖ
1410 1477 1520 1517 σπέρμα
1547 1468 1595 1505 τοῦ
1613 1474 1769 1521 Ἀξρανᾶμη

1053 1518 1223 1564 εὐλογοῦνται
1237 1523 1270 1553 τὰ
1283 1524 1359 1560 ἔθνη,
1374 1524 1389 1552 ὁ
1403 1521 1518 1561 Χριστός
1533 1523 1604 1551 ἐστιν
1613 1544 1622 1559 ,
1638 1518 1662 1560 ᾧ
1677 1520 1710 1556 δὴ
1731 1518 1774 1548 καὶ

1054 1561 1136 1606 θησαν
1153 1570 1180 1598 αἱ
1206 1568 1379 1608 ἐττοιγγελίαι⁵
1395 1566 1514 1600 ἀπέδειξε
1530 1566 1557 1596 δὲ
1573 1565 1615 1594 ὅτι
1641 1565 1698 1595 Καὶ
1719 1565 1788 1602 ὑμεῖς
1799 1561 1833 1608 xiv

1016 1636 1038 1667 Ο
1055 1613 1160 1654 μορφὴν
1187 1617 1232 1643 τοῗ
1262 1614 1380 1652 Χριστοῦ
1410 1611 1503 1650 ἔχετεο
1530 1609 1710 1649 συμπεραίνει
1735 1611 1790 1643 νῦν,
1808 1606 1835 1634 ὅτι

1054 1657 1075 1667 1.
1170 1658 1177 1667 l
1205 1659 1213 1667 ρ
1252 1658 1265 1665 -
1339 1656 1347 1667 Ι
1456 1660 1472 1666 ι·-
1487 1655 1502 1667 ’Δ
1514 1655 1530 1667 Ρ
1575 1655 1582 1665 Ι
1636 1655 1695 1667 27,,
1733 1654 1773 1667 ,._‘.
1794 1653 1835 1667 ξιιμ

1054 1653 1121 1699 Ἆρα
1135 1658 1181 1688 καὶ
1204 1658 1277 1697 ὑμεῖς
1295 1656 1403 1696 σπέρμα
1426 1660 1472 1686 τοῦ
1487 1655 1606 1695 Ἀϐραάμ
1633 1655 1696 1699 ἐστι
1708 1676 1716 1691 ,
1733 1654 1774 1682 καὶ

1054 1696 1103 1732 πον
1132 1703 1179 1732 καὶ
1221 1696 1382 1742 κληρονόμοι
1410 1703 1458 1737 τῆς
1494 1698 1698 1738 ἐπηγγελμένης
1725 1696 1832 1735 εὐλογίας.

1056 1749 1118 1782 Πῶς
1132 1743 1177 1778 οἶν
1191 1749 1229 1787 τῷ
1245 1741 1318 1786 νόμῳ
1333 1745 1480 1786 προσέχετε
1494 1746 1517 1775 οἱ
1538 1743 1724 1784 εὖλογηθέντες
1746 1742 1785 1772 διὰ
1797 1741 1830 1769 τῶ

1054 1793 1168 1832 Χριστὸν
1190 1786 1352 1822 ἐνδύσασθαι
1377 1791 1424 1820 καὶ
1449 1791 1611 1827 ὁμοιωθῆναι
1633 1789 1724 1829 αὐτῷ,
1745 1787 1786 1816 καὶ
1805 1786 1835 1814 ἐν·

1055 1839 1143 1867 τεῦθεν
1155 1837 1277 1878 γενέσθαι
1289 1835 1397 1876 σπέρμα
1412 1834 1535 1875 Ἀϐραάμ
1546 1845 1555 1872 ;

1351 1894 1498 1924 ΚΕΦΑΛ.
1522 1891 1563 1923 Δ’.

1099 1966 1113 1979 ι
1137 1952 1215 1992 Λέγω
1229 1951 1274 1982 δέ·
1290 1951 1352 1992 Ἐφ’
1367 1951 1428 1982 ὅσον
1441 1950 1535 1991 χρόνον
1550 1951 1564 1980 ὁ
1583 1949 1746 1990 κληρονόμος
1760 1946 1833 1983 νήπιός

1057 1999 1141 2036 ἔστιν,
1165 1999 1195 2027 οὐ
1211 1997 1327 2038 διαφέρει
1353 1995 1462 2035 δούλου,
1487 1995 1575 2036 κύριος
1600 1995 1709 2024 πάντων
1728 1993 1775 2031 ὢν,
1790 1992 1835 2021 ἀλλ’

1057 2042 1108 2072 ὑπὸ
1123 2043 1278 2082 ἐπιτρόπους
1301 2041 1356 2071 ἐστὶ
1376 2041 1422 2070 καὶ
1450 2040 1617 2079 οἰκονόμους,
1632 2040 1698 2080 ἄχρι
1717 2041 1761 2075 τῆς
1785 2049 1834 2076 προ-

1057 2086 1167 2126 θεσμίας
1189 2089 1234 2116 τοῦ
1258 2086 1367 2126 πατρός.
1391 2096 1406 2114 ν
1434 2085 1596 2122 Τουτὲστιν,
1620 2083 1717 2125 ὥρισεν
1741 2083 1834 2126 αὐτὸνῇ

1058 2124 1147 2171 πατὴρ
1163 2131 1246 2170 μηδὲν
1263 2124 1385 2168 διοικεῖν,
1403 2130 1467 2171 ἄχρι
1486 2132 1532 2166 τῆς
1554 2129 1667 2169 νομίμου
1683 2124 1834 2166 ἡλικίαςριαὶ

1058 2175 1097 2205 δεῖ
1112 2176 1242 2216 στέργειν.

1015 2225 1041 2257 Ι)

1098 2271 1111 2283 ι
1129 2255 1210 2287 Οὕτω
1223 2255 1269 2286 καὶ
1283 2258 1360 2294 ἡμεῖς
1370 2278 1378 2293 ,
1402 2255 1445 2285 ὅτε
1458 2251 1526 2294 ἦμεν
1541 2254 1651 2291 νήπιοι,
1672 2254 1724 2284 ὑπὸ
1738 2252 1767 2282 τὰ
1778 2263 1834 2282 στοι-

1055 2305 1117 2342 χεῖα
1131 2303 1177 2331 τοῦ
1190 2301 1290 2340 κόσμου
1303 2297 1370 2338 ἦμεν
1385 2300 1588 2339 δεδουλωμένοι.
1605 2310 1620 2329 1»
1642 2299 1757 2335 Νήπιοι,
1769 2298 1794 2327 οὐ
1811 2297 1834 2333 τῇ

1056 2341 1160 2386 ἡλικίᾳ,
1174 2345 1244 2375 ἀλλὰ
1268 2348 1302 2386 τῇ
1319 2345 1379 2383 περὶ
1395 2345 1467 2375 Θεοῦ
1495 2344 1600 2384 γνώσει.
1624 2344 1750 2384 Στοιχεῖα
1764 2341 1833 2386 alia?

1057 2391 1174 2430 κόσμου,
1189 2389 1236 2424 τὰς
1252 2390 1395 2429 νουμηνίας
1411 2389 1456 2418 καὶ
1471 2390 1504 2419 τὰ
1520 2389 1652 2419 Σάϐϐατα
1672 2389 1741 2426 λέγει
1753 2397 1759 2404 ·
1773 2387 1833 2414 αὗται

1057 2429 1148 2476 γὰργαὶ
1163 2435 1263 2475 ἡμέραι
1280 2434 1334 2464 ἀπὸ
1347 2434 1445 2474 δρόμου
1464 2434 1577 2470 σελήνης
1591 2434 1636 2463 καὶ
1649 2433 1722 2470 ἡλίου
1734 2433 1790 2476 ἡμῖν
1801 2429 1831 2468 τί·

1057 2492 1155 2510 νονται.
1171 2478 1255 2510 Ὥστε
1272 2479 1316 2509 καὶ
1338 2479 1362 2508 οἱ
1384 2481 1430 2508 ν’ῠν
1451 2481 1523 2518 ἡμᾶς
1542 2478 1592 2508 ὑπὸ
1616 2479 1660 2508 τὸν
1676 2477 1752 2516 νόμον
1770 2474 1832 2514 ἄγον-

1056 2537 1099 2560 τες
1119 2525 1227 2562 νηπίους
1251 2526 1370 2562 ποιοῦσι,
1394 2524 1440 2553 καὶ
1455 2524 1506 2553 ὑπὸ
1531 2523 1565 2552 τὰ
1592 2527 1710 2563 στοιχεῖα
1735 2523 1775 2550 τοῦ
1796 2517 1831 2563 χάτ

1058 2582 1146 2610 σμου⁷
1171 2569 1257 2599 καίτοι
1285 2569 1380 2610 ἄνδρας
1407 2568 1564 2608 γενομένους
1585 2567 1632 2597 καὶ
1658 2566 1780 2601 τελείους,
1798 2560 1832 2610 lsi

1059 2615 1128 2648 υἱοὺς
1152 2615 1241 2653 Θεοῦ,
1263 2614 1308 2645 καὶ
1331 2614 1534 2650 οἰκοδεσπότας,
1551 2613 1597 2642 καὶ
1611 2611 1724 2652 κυρίους.
1742 2606 1831 2653 Μανθῷ

1058 2673 1136 2699 νομεν
1151 2659 1195 2697 δὲ,
1217 2652 1258 2689 ὅτι
1275 2661 1288 2689 ὁ
1304 2659 1352 2698 μὲν
1369 2659 1436 2691 Θεὸς
1450 2658 1498 2694 τὴν
1525 2657 1656 2688 υἶοθεσίαν
1671 2655 1753 2696 (αὕτη
1767 2652 1830 2699 γᾶρλῆ

1058 2697 1238 2746 κληρονομία)
1254 2704 1279 2739 ἐξ
1295 2697 1379 2745 αρχῆς
1391 2702 1522 2740 ἠϐούλετο
1540 2703 1643 2740 δοῦναι,
1656 2700 1712 2731 ἀλλ’
1726 2703 1741 2736 ἡ
1756 2697 1829 2734 mmo“

1016 2771 1174 2804 lectiones.
