1877 3081
30 168 76 194 997

28 241 70 265 της
95 229 168 264 ἡμῶν
194 227 293 258 ἐκώλυε
301 228 338 258 ⁸⁸.
363 228 527 267 Βουλόμενος
544 229 571 259 δὲ
595 228 666 259 πάνυ
694 230 813 259 καθελεῖν
828 231 855 264 Α

27 275 66 304 τὸν
78 272 170 310 νόμον,
185 275 233 302 οὐκ
256 268 345 309 εἶπεν,
361 272 402 302 ὅτι
421 274 488 307 Ταῖς
503 273 615 314 ἡμέραις
637 270 706 312 ἧμιν
723 275 813 304 δεδου-

27 318 148 356 λωμένοι,
158 318 233 354 ἀλλ’,
254 329 270 345 α
284 316 355 347 Ὑπὸ
369 317 402 348 τὰ
418 322 537 358 στοιχεῖα
550 321 595 348 τοῦ
611 318 722 357 κόσμου,
738 329 753 348 n
771 319 813 348 ἵνα

27 362 130 403 ἐντρέψῃ
145 363 247 399 μᾶλλον
270 361 332 395 τοὺς
349 362 375 381 ³⁹
399 361 444 392 καὶ
467 363 506 392 ἔτι
533 365 572 402 τῷ
589 363 661 403 νόμῳ
677 364 814 397 πείθοντας

27 406 167 447 προσέχειν.
193 406 241 442 Μὴ
265 408 401 448 ταραχθῇς
427 407 454 436 δὲ
481 407 505 436 εί
527 419 556 446 γε
578 409 608 438 ἐκ
626 411 672 438 τοῦ
698 409 813 438 ἀκολού-

25 455 66 480 θου
89 451 225 490 ἐπίτροποι
249 451 295 480 καὶ
322 451 454 490 οἰκονόμοι
480 455 599 482 νοοῦνται
622 452 655 482 τὰ
681 457 809 493 στοιχεῖα.

28 497 129 535 Πρῶτον
161 495 210 533 μὲν
244 496 295 537 γὰρ
333 495 378 526 τὸν
406 497 485 535 νόμον
510 498 620 537 ὀφείλεις
628 497 653 516 ⁹⁰
671 498 811 537 ἱπίτροπον

24 544 102 579 νοεῖν,
132 539 223 581 ὥσπερ
237 541 283 570 καὶ
306 541 477 581 παιδαγωγὸν
486 565 494 579 ,
518 542 577 582 οὗχὶ
591 545 675 572 ταῦτα
685 554 692 562 ·
721 543 812 572 ἔπειτα

25 585 67 619 τὰς
81 585 236 624 νουμηνίας,
262 585 309 615 καὶ
343 585 376 616 τὰ
405 586 556 624 Σάϐϐατα,
582 588 700 627 στοιχεῖα
726 583 810 618 εἶπεν,

25 629 118 664 Ἄλλως
137 641 184 666 τε,
201 630 247 659 καὶ
259 630 303 659 διὰ
317 630 347 660 τὸ
370 631 399 660 ἐκ
414 631 566 672 περιουσίας
588 633 740 667 ἀποστῆσαι
765 635 810 662 τοῦ

24 674 113 712 νόμου,
131 674 177 704 καὶ
190 674 313 714 ἐντρέψαι
325 674 434 712 αὖτοὺς,
452 671 537 706 τοῦτο
552 676 635 710 οὕτως
655 671 742 713 εἶπεν,
759 677 810 706 ὥσ-

25 731 68 759 περ
81 720 124 749 καὶ
138 719 238 758 προῖὼν
255 719 294 749 ἔτι
312 721 413 756 μᾶλλον
429 720 516 755 δείξει.
533 720 611 754 Τινὲς
630 721 657 750 δὲ
672 724 808 762 στοιχεῖα,

25 765 62 794 τὸν
77 764 231 803 στοιχειώδη
243 764 288 793 καὶ
304 764 477 804 εἷσαγωγικὸν
492 765 572 803 νόμον
589 765 710 802 ἐνόησαν.

63 819 77 837 ιι
89 807 155 838 Ὀτι
166 808 195 837 δὲ
206 807 270 849 ἔλθῃ
280 809 310 838 τὸ
322 809 470 850 πλήρωμα,
482 812 528 840 τοῦ
537 810 646 850 χρόνου,
658 810 809 845 ἐξαπέστει-

24 853 62 882 λεν
77 854 90 882 ὁ
103 853 171 887 Θεὸς
198 853 244 882 τὸν
267 853 332 883 Υἱὸν
352 855 435 884 αὑτοῦ
459 854 598 894 γενόμενον
616 857 645 885 ἐκ
669 857 807 894 γυναικὸς,

23 897 151 936 γενόμενον
177 897 230 927 ὑπὸ
253 898 349 936 νόμον,
375 898 419 928 ἵνα
446 898 507 933 τοὺς
535 899 586 929 ὑπὸ
610 900 689 938 νόμον
713 900 806 939 ἐξαγο-

24 942 101 983 ράσῃ,
125 941 168 972 ἵνα
185 941 235 979 τὴν
253 943 385 972 υἱοθεσίαν
410 943 602 983 ἀπολάϐωμεν.
630 958 643 971 ι
661 945 735 978 Τέως
761 946 809 983 μὲν

22 981 60 1015 οὖν
76 987 161 1021 νήπιοι
175 987 249 1020 ὄντες
263 987 316 1017 ὑπὸ
337 988 481 1026 νουμηνίας
495 984 562 1026 ἦμεν
591 990 636 1019 καὶ
659 989 791 1019 Σάϐϐατα
802 1002 809 1009 ·

21 1030 59 1059 ὅτε
73 1031 98 1060 δὲ
115 1027 191 1067 ἦλθεν
214 1033 229 1061 ὁ
250 1032 397 1073 ὡρισμένος
415 1033 506 1072 καιρὸς
527 1035 574 1069 τῆς
594 1033 754 1073 σαρκώσεως
764 1037 809 1064 τοῦ

21 1075 143 1115 Χριστοῦ,
158 1075 203 1106 ὅτε
225 1081 278 1106 πᾶν
295 1072 364 1110 εἶδος
379 1077 475 1112 κακίας
491 1078 514 1097 ³⁸
532 1072 698 1112 διεξελθοῦσα
714 1081 730 1114 ἡ
755 1079 808 1120 φύ-

21 1131 56 1152 σις
74 1122 90 1156 ἡ
105 1121 257 1161 ἀνθρωπίνη
273 1122 355 1151 ἐδεῖτο
370 1122 528 1162 θεραπείας,
548 1135 563 1152 ι
579 1123 749 1157 ἐξαπέστειλε
765 1124 809 1154 τὸν

21 1164 79 1193 Υἱὸν
95 1165 173 1195 αὐτοῦ
189 1167 204 1195 ὃ
220 1166 288 1200 Θεὸς
312 1178 328 1194 ι
340 1166 514 1208 γ(τουτέττιν,
538 1168 686 1204 ηὐδόκησεν
709 1169 808 1208 ἐλθεῖν)

25 1219 37 1237 α
49 1209 196 1248 γενόμενον,
212 1221 228 1240 ι
254 1211 302 1240 οὐκ
328 1207 385 1240 εἶπε
402 1211 445 1240 διὰ
468 1212 602 1250 γυναικὸς,
615 1212 660 1242 ἶνα
677 1213 715 1251 μὴ
731 1213 807 1254 πάρ-

21 1254 72 1282 οδον
95 1254 204 1294 εὕρωσιν
218 1256 243 1284 οἱ
267 1255 404 1295 λέγοντες,
420 1257 456 1289 ὥς
474 1257 516 1286 διὰ
527 1257 645 1293 σωλῆνος
660 1260 706 1293 τῆς
722 1259 807 1297 Παρ-

22 1297 88 1327 θένου
103 1299 214 1329 διελθεῖν
229 1299 273 1328 τὸν
301 1300 398 1340 Κύριον
415 1301 484 1330 κατὰ
505 1302 654 1341 φαντασίαν
681 1302 788 1336 πάντως
802 1314 809 1322 ·

22 1343 83 1380 ἀλλ’,
108 1354 124 1373 α
147 1343 198 1374 Ἐκ
213 1345 350 1383 γυναικός·
377 1356 392 1375 ι)
421 1345 571 1381 τουτέστιν,
596 1348 624 1376 ἐκ
651 1348 698 1382 τῆς
720 1347 810 1381 οὐσίας

22 1387 95 1424 αὐτῆς
117 1389 197 1428 σῶμα
212 1388 347 1426 λαϐόντα,
371 1389 417 1420 καὶ
433 1390 534 1430 καρπὸν
550 1390 613 1420 ὄντα
639 1393 686 1427 τῆς
710 1391 811 1426 κοιλίας

23 1432 103 1468 αὐτῆς.
119 1432 246 1472 Ἐγένετο
268 1432 296 1463 δὲ
311 1434 363 1464 ὕπὸ
384 1435 483 1473 νόμον,
507 1436 680 1475 περιτμηθεὶς
706 1438 754 1467 καὶ
767 1448 810 1466 τε-

22 1475 91 1510 λέσας
119 1477 229 1517 πάντα,
261 1477 295 1508 ἵν’
325 1479 399 1513 ἐκτὸς
426 1482 473 1515 τῆς
507 1481 627 1520 κατάρας
653 1481 807 1520 γενόμενος,

22 1522 84 1566 ἡμᾶς
93 1522 252 1563 ἐξαγοράσῃ.
269 1523 324 1554 Δύο
339 1523 367 1553 δὲ
382 1524 576 1564 κατορθώματά
593 1536 658 1566 φησι
681 1527 728 1560 τῆς
742 1537 806 1565 σαρ-

22 1565 118 1601 κώσεως
127 1569 173 1597 τοῦ
196 1569 316 1608 Χριστοῦ
328 1580 335 1587 ·
357 1568 388 1599 τό
404 1580 434 1598 τε
448 1568 607 1609 ἐξαγοράσαι
627 1572 699 1609 ἡμᾶς
721 1571 750 1600 lx
762 1572 809 1607 τῆς
824 1567 847 1600 C

22 1611 62 1639 τοῦ
75 1610 152 1650 νόμω
166 1613 303 1653 κατάρας,
319 1614 366 1643 καὶ
383 1613 414 1643 τὸ
439 1615 585 1643 ἀποδοῦναι
603 1614 651 1650 τὴν
667 1615 810 1646 υἱοθεσίαν.

27 1654 240 1695 «Ἀπολάϐωμεν
257 1669 272 1686 ι
299 1658 343 1697 δὲ,
367 1653 441 1693 εἶπε,
473 1658 574 1693 δεικνὺς
599 1659 698 1690 ἄνωθεν
722 1660 769 1690 καὶ
785 1660 812 1694 ἐξ

21 1699 170 1739 ἐπαγγελίας
188 1702 364 1741 ὀφειλομένην
379 1702 479 1739 ταύτην
500 1705 583 1743 ἡμῖν,
598 1704 621 1733 εἰ
635 1704 681 1733 καὶ
696 1704 734 1743 μὴ
754 1705 810 1734 ἐδί-

21 1743 75 1789 δοτο
87 1745 129 1774 διὰ
145 1746 193 1782 τὴν
208 1747 369 1784 νηπιότητα.
388 1747 442 1778 Καὶ
452 1747 503 1788 γὰρ
518 1747 562 1777 καὶ
619 1749 812 1789 ἓπαγγελθεῑσα

20 1789 54 1828 τῷ
65 1788 185 1830 Ἀϐραὰμ
209 1791 393 1833 κληρονομία,
409 1794 426 1828 ή
449 1793 566 1822 υἱοθεσία
580 1788 625 1829 ἧν.
642 1788 682 1824 Ὁν
694 1793 746 1834 γὰρ
760 1793 813 1827 υἱὸς

22 1833 183 1862 Χληοονοιιιῖ-

22 1836 183 1874 κληρονομεῖ.

62 1929 75 1948 α
85 1918 150 1950 Ὀτι
165 1921 194 1951 δέ
209 1922 270 1952 ἐστι
285 1921 353 1961 υἱοὶ,
371 1922 554 1957 ἐξαπέστειλεν
567 1924 581 1953 ὁ
596 1923 664 1958 Θεὸς
678 1923 708 1953 τὸ
725 1925 814 1954 Πνεῦ-

20 1966 112 2009 [ιιαῄῖοῦ
129 1966 196 1996 Υῑοῧ
213 1968 294 1997 αὐτοῦ
309 1968 336 1996 ἐν
361 1971 420 2001 ταῖς
443 1968 565 2009 καρδίαις
586 1970 678 2007 ὑμῶν,
701 1969 813 2009 κράζειν

20 2006 123 2039 Ἀϐϐὰὸ
146 2011 257 2051 Πατήρ.
269 2009 356 2041 Ὥστε
381 2012 469 2042 οὐκέτι
482 2006 509 2042 ει
527 2006 636 2049 δοῦλος,
652 2006 725 2043 ἀλλὰ·
736 2014 812 2048 υἱός·

21 2052 40 2081 εἷ
64 2053 90 2083 δὲ
117 2055 182 2092 υἱὸς,
206 2057 253 2085 καὶ
286 2056 464 2096 κληρονόμος·
480 2057 642 2097 κληρονόμος
665 2058 712 2096 μὲν
729 2059 814 2095 Θεοῦ,

21 2099 227 2143 συγκληρονόμος
243 2101 270 2130 δὲ
299 2102 432 2141 Χριστοῦ.
460 2114 476 2131 ι
495 2102 600 2139 Πόθεν,
626 2103 707 2143 φησὶ,
735 2104 814 2139 δῆλον

20 2140 55 2170 ὅτι
79 2144 210 2178 υἱοθεσίας
235 2145 406 2185 ἠξιώθημενς
434 2145 565 2181 Ἀπέδειξε
597 2140 646 2184 μὲν
673 2147 737 2177 αὐτὸ
765 2147 811 2177 καὶ

21 2187 223 2247 ξρὶτερονᾲῗτι
237 2190 344 2247 ὶέδειξεν
369 2193 454 2247 ζῆὶμᾶςὶ
466 2191 583 2247 ὶξριστῖὸν
611 2192 809 2247 ἐνδεδυμένους,
824 2215 849 2247 D

21 2228 44 2264 ες
57 2232 126 2263 ἐστιν
137 2234 201 2268 Υἱός
212 2246 220 2253 ·
234 2234 351 2265 δείκνυσι
365 2235 393 2265 δὲ
412 2236 458 2265 καὶ
470 2228 530 2273 νῖέν,
547 2237 576 2265 ἐκ
589 2238 636 2265 τοῦ
650 2236 682 2266 τὸ
698 2228 809 2275 Πνεῦμα

21 2277 84 2322 ἡμᾶς
110 2278 221 2316 λαϐεῖν,
239 2279 254 2308 ὃ
277 2280 477 2319 παρασκευάζει
500 2283 571 2320 ἡμᾶς
591 2280 703 2322 Πατέρα
718 2283 809 2311 καλεῖν

19 2319 58 2350 τὸν
70 2322 151 2360 Θεὸν,
171 2325 225 2354 τῶν
250 2326 366 2366 καρδιῶν
381 2327 459 2363 ἡμῶν
474 2325 623 2365 ἁπτόμενον
650 2319 743 2360 ἐνθὲως
765 2327 811 2356 καὶ

20 2370 206 2410 καινοπρεπῶς.
224 2370 311 2400 Τοῦτο
332 2369 360 2399 δὲ
377 2370 424 2400 οὐκ
446 2369 478 2400 ἂν
497 2370 615 2410 ἐγένετο,
630 2371 654 2401 εἰ
676 2371 713 2410 μὴ
724 2371 809 2401 υἱοθε-

22 2409 73 2457 σίας
96 2412 260 2452 ἠξιώθημεν.
284 2412 373 2444 Ὥστε
398 2415 455 2444 ἐπεὶ
477 2409 528 2445 υἱοί
541 2416 621 2455 ἐσμεν
647 2409 692 2446 καὶ
718 2418 812 2457 κληρο-

21 2454 86 2500 νόμοι
109 2459 138 2487 οὖ
158 2460 213 2488 τῶν
230 2459 369 2499 τυχόντων
390 2454 578 2500 πραγμάτων,
591 2460 661 2491 ἀλλὰ
689 2462 742 2491 τῶν
765 2454 811 2491 τοῦ

21 2498 97 2545 θεοῦ,
113 2502 159 2532 καὶ
182 2498 364 2544 συμμερισταὶ
379 2498 425 2534 τοῖ’)
451 2498 628 2545 Μονογενοῦς,
652 2507 679 2536 τί
693 2505 773 2536 πάλιν
785 2506 811 2524 ⁹²

22 2543 102 2576 δοῦλοι
127 2543 281 2588 γινόμεθα,
308 2549 353 2578 καὶ
380 2543 594 2588 ἀθετοῦμενντὴν
619 2551 811 2588 υἷοθετήσασαν

22 2589 85 2625 ἡμᾶς
97 2591 186 2622 πίστιν
195 2617 204 2631 ,
220 2595 261 2634 τῷ
274 2593 346 2636 νόμῳ
361 2594 552 2635 προσέχοντεςε

60 2689 73 2704 ι
87 2677 166 2709 Ἀλλὰ
185 2679 247 2710 τότε
271 2679 319 2719 μὲν
343 2681 392 2710 οὔκ
416 2680 511 2715 εἰδότες
532 2680 617 2719 Θεὸν,
639 2681 811 2712 ἐδουλεύσατε

457 165 632 194 EXPOSlTlO
653 167 684 194 IN
704 165 808 195 EPIST.
828 167 874 195 AD
894 167 1014 195 GALAT.
1037 183 1069 188 —
1089 169 1164 197 CAP.
1186 168 1229 196 IV.

1613 169 1666 197 998

870 237 922 258 nus
933 229 985 258 hoc
997 230 1084 264 ﬁeret,
1095 230 1211 258 obstitit.
1222 230 1324 259 Volens
1335 235 1428 259 autem
1442 239 1555 267 prorsus
1571 231 1667 260 tollere

869 274 969 310 legem,
985 282 1041 302 non
1061 274 1143 308 dixit,
1158 274 1274 308 Diebus,
1289 274 1348 308 sed,
1369 286 1382 299 ι
1399 275 1552 304 Elementis
1567 275 1667 304 mundi

868 327 979 347 eramus
993 319 1020 347 in
1033 319 1194 348 servitutem
1214 319 1303 348 adacti
1319 328 1325 347 :
1345 331 1357 343 ιι
1373 327 1429 355 quo
1450 321 1537 356 magis
1550 321 1668 356 pudefa-

867 363 922 392 ciat
931 372 979 393 eos
997 365 1043 400 qui
1056 364 1107 401 legi
1122 364 1337 393 incumbcndum
1349 364 1475 392 suadent.
1491 367 1532 393 Ne
1547 365 1667 394 turberil

867 413 971 442 autem,
986 409 1009 437 si
1028 417 1062 437 ex
1076 409 1255 446 consequenti
1279 413 1386 437 tutores
1399 413 1428 437 et
1447 414 1588 438 curatores
1609 410 1666 438 ele-

867 458 960 482 menta
985 454 1181 490 intelligantur.
1209 454 1336 482 Primum
1364 454 1440 482 enim
1464 455 1554 490 legem
1581 454 1664 482 debes

865 499 988 534 accipere
998 502 1134 533 tutorem,
1148 499 1260 535 perinde
1272 507 1304 526 ac
1318 498 1515 535 paedagogum,
1529 506 1587 527 non
1601 499 1663 527 ista.

869 544 973 572 Deinde
986 544 1145 572 neomenias
1160 549 1186 572 et
1197 544 1314 572 Sabbata
1329 544 1463 572 elementa
1481 543 1566 580 348
1587 544 1663 572 dixit.

866 589 1009 623 Praeterea,
1024 593 1055 616 ιιι
1066 588 1175 616 abunde
1188 597 1235 616 eos
1254 597 1268 616 a
1284 589 1341 625 lege
1353 588 1468 616 deﬁcere
1482 588 1566 617 faciat
1584 593 1666 625 atque

866 633 1029 668 pudefaciat,
1044 633 1098 662 hoc
1110 634 1148 662 ita
1162 633 1243 667 dixit,
1256 633 1491 669 quemadmodum
1502 633 1531 661 in
1547 641 1668 670 progres~

864 686 896 706 su
910 677 1037 713 deinceps
1051 678 1164 706 uberius
1173 678 1312 706 indicabit.
1325 678 1455 706 Nonnulli
1467 686 1516 714 per
1526 678 1662 706 elementa

865 723 1055 750 elementalem
1084 727 1111 750 et
1137 722 1367 751 introductoriam
1403 723 1491 759 legem
1525 722 1664 751 intellexe-

865 771 939 795 runt.

900 813 991 840 Vens.
1014 815 1070 846 4,5.
1098 821 1113 838 «
1133 813 1171 840 At
1194 812 1242 840 ubi
1266 811 1338 840 venit
1356 811 1498 847 plenitudo
1520 812 1663 847 temporis,

864 857 940 885 misit
956 858 1028 884 Deus
1042 857 1140 884 Filium
1154 865 1246 889 suum,
1260 856 1361 884 factum
1372 865 1403 884 ex
1419 856 1546 890 muliere,
1560 856 1663 885 factum

864 901 915 928 sub
937 902 1005 937 lege,
1025 905 1056 928 ut
1076 909 1123 929 eos
1141 901 1188 936 qui
1204 901 1256 929 sub
1277 902 1336 937 lege
1359 905 1437 929 erant
1460 901 1619 935 redimeret,
1634 905 1664 929 ut

865 946 1040 981 adoptionem
1065 945 1184 973 ﬁliorum
1204 946 1403 981 reciperemus.
1429 957 1441 970 ι
1465 945 1604 980 Quandiu,
1620 945 1662 973 in-

865 991 934 1027 quit,
954 990 1072 1018 infantes
1097 997 1220 1024 eramus,
1246 990 1358 1025 subiecti
1382 989 1490 1018 fuimus
1514 990 1664 1018 neomeniis

864 1040 890 1063 et
913 1035 1037 1064 Sabbatis
1061 1043 1068 1063 :
1092 1039 1120 1063 at
1146 1035 1315 1071 simulatque
1339 1035 1449 1063 advenit
1475 1036 1663 1071 praastitutum

863 1085 973 1116 tempus
986 1080 1183 1109 incarnationis
1197 1080 1309 1115 Christi,
1334 1088 1400 1108 cum
1422 1088 1504 1108 omne
1527 1080 1663 1108 scelerum

864 1133 950 1161 genus
962 1132 1104 1161 pergressa
1125 1124 1247 1153 humana
1262 1129 1359 1152 natura
1374 1132 1444 1160 opus
1459 1123 1573 1152 haberet
1587 1132 1664 1153 cura-

865 1170 952 1204 tione,
969 1181 981 1193 -
997 1170 1073 1197 misit
1086 1171 1164 1198 Deus
1176 1170 1278 1198 Filium
1292 1177 1373 1197 suum
1384 1179 1399 1195 ιι
1414 1169 1478 1203 (hoc
1499 1173 1548 1203 est,
1564 1169 1664 1205 placuit

865 1215 890 1242 ci
902 1218 933 1242 ut
945 1214 1074 1250 veniret),
1095 1224 1108 1240 ‹‹
1122 1215 1236 1242 Factum
1257 1225 1270 1238 ι
1286 1222 1341 1242 non
1353 1214 1431 1248 dixit,
1448 1222 1495 1250 per
1506 1214 1663 1248 mulierem,

866 1267 900 1287 ne
921 1259 1025 1287 aditum
1051 1259 1192 1287 inveniant
1214 1259 1261 1295 qui
1291 1263 1416 1287 asserunt
1439 1259 1591 1287 Dominum
1616 1267 1665 1295 per

864 1304 995 1340 virginem
1030 1311 1081 1332 ceu
1116 1303 1241 1332 canalem
1278 1303 1417 1331 transiisse
1448 1303 1521 1330 inani
1553 1309 1664 1338 prorsus

864 1348 1036 1384 apparentia,
1048 1347 1107 1382 sed,
1125 1358 1139 1374 α
1153 1349 1193 1376 Ex
1203 1347 1333 1382 muliere,
1347 1359 1360 1372 ιι
1371 1347 1423 1376 hoc
1436 1351 1492 1380 est,
1505 1355 1520 1375 a
1535 1347 1663 1376 substan-

866 1394 900 1421 lia
930 1392 1042 1429 virginis
1067 1401 1167 1429 corpus
1196 1393 1382 1429 accipientem,
1408 1396 1436 1421 et
1466 1391 1570 1420 fructus
1595 1391 1664 1420 uteri

865 1438 950 1473 ipsius
974 1438 1164 1466 exsistentem.
1190 1439 1290 1466 Factus
1322 1441 1414 1466 autem
1443 1436 1497 1465 fuit
1517 1437 1568 1465 sub
1594 1437 1662 1473 lege,

864 1490 928 1510 cum
947 1482 1126 1511 circumcisus
1145 1486 1211 1517 erat,
1233 1482 1383 1518 omniaque
1404 1481 1471 1518 legis
1490 1481 1613 1517 perfecit,
1634 1485 1664 1509 ut

860 1527 895 1556 ab
919 1526 1105 1556 exsecratione
1137 1531 1291 1564 exemptus,
1322 1527 1356 1555 ab
1392 1527 1581 1555 exsecratione
1612 1534 1664 1554 nos

862 1572 1016 1600 redimeret.
1030 1573 1092 1600 Duo
1114 1575 1208 1599 autem
1232 1571 1333 1600 Christi
1356 1571 1552 1600 incarnationis
1572 1570 1664 1599 ofﬁcia

865 1616 948 1645 nobis
968 1616 1077 1653 exponit
1095 1616 1245 1650 :alterum,
1266 1620 1298 1644 ut
1312 1624 1361 1644 nos
1376 1616 1524 1644 redimeret
1541 1615 1575 1643 ab
1590 1623 1665 1643 exsc-

866 1661 987 1690 cratione
1010 1661 1078 1697 legis
1102 1669 1109 1688 :
1132 1661 1261 1696 alterum,
1286 1665 1317 1689 ut
1338 1661 1561 1689 subministraret
1589 1660 1667 1688 nobis

867 1707 1044 1742 adoptionem
1071 1705 1204 1734 ﬁliorum.
1232 1705 1427 1741 Reciperemus
1453 1709 1558 1739 autem,
1584 1704 1663 1738 dixit,

867 1751 990 1779 indicans
1012 1751 1086 1786 quod
1106 1750 1167 1786 jam
1193 1754 1272 1778 antea
1297 1757 1330 1777 ex
1355 1750 1537 1785 promissione
1561 1749 1594 1777 ad
1615 1758 1665 1778 nos

868 1795 1037 1831 pertinuerit,
1063 1795 1173 1823 etiamsi
1194 1795 1230 1823 ob
1254 1794 1401 1822 infantiam
1434 1798 1559 1822 nostram
1584 1794 1665 1823 nobis

867 1848 922 1868 non
938 1839 1019 1868 fuerit
1033 1839 1108 1867 data.
1131 1841 1205 1867 Nam
1221 1843 1248 1866 ct
1261 1839 1407 1867 hazreditas
1429 1838 1587 1866 Abrahamo
1601 1846 1664 1874 pro-

867 1884 962 1916 missa,
976 1883 1088 1919 adoptio
1108 1887 1175 1911 erat.
1194 1883 1278 1911 Filius
1291 1883 1365 1911 enim
1379 1882 1572 1911 haereditatem
1590 1882 1660 1911 adit.

904 1930 989 1957 Vens.
1013 1931 1070 1963 6,7.
1093 1938 1107 1953 α
1131 1927 1268 1962 Quoniam
1291 1930 1385 1956 autem
1409 1927 1474 1955 estis
1491 1926 1550 1962 ﬁlii,
1574 1927 1665 1955 emisit

868 1974 943 2001 Deus
960 1973 1089 2009 Spiritum
1104 1972 1165 2001 Filii
1179 1972 1220 2001 sui
1231 1972 1257 2000 in
1269 1971 1354 2000 corda
1370 1977 1470 2006 vestra,
1483 1971 1647 1999 clamantem
1657 1993 1664 2005 ,

869 2017 946 2045 Abba
963 2018 1055 2045 Pater.
1070 2018 1167 2053 Itaque
1177 2017 1237 2053 jam
1258 2024 1316 2045 non
1336 2024 1366 2044 es
1385 2023 1489 2050 servus,
1503 2015 1553 2044 sed
1571 2016 1641 2044 ﬁlius
1656 2027 1662 2044 :

868 2062 890 2090 si
902 2066 994 2090 autem
1005 2061 1098 2095 Filius,
1118 2066 1145 2090 et
1156 2061 1253 2097 haeres,
1270 2061 1357 2090 haeres
1371 2060 1481 2098 quidem
1497 2061 1557 2095 Dei,
1572 2061 1665 2089 cohae-

868 2114 912 2134 res
921 2110 1015 2135 autem
1028 2105 1137 2134 Christi.
1158 2117 1169 2130 -
1183 2106 1274 2140 Unde,
1291 2106 1390 2142 inquit,
1413 2106 1524 2142 planum
1537 2110 1579 2133 est
1590 2105 1665 2141 quod

866 2150 986 2179 ﬁliorum
1011 2149 1161 2187 adoptione
1188 2150 1282 2179 donati
1301 2153 1418 2180 sumus?
1439 2149 1573 2179 Patefecit
1594 2150 1666 2179 istud

865 2195 992 2229 antehac,
1017 2195 1127 2231 quando
1143 2195 1274 2223 indicavit
1291 2203 1342 2223 nos
1368 2195 1506 2224 Christum
1531 2194 1661 2229 induisse,

865 2240 911 2276 qui
931 2245 972 2268 est
988 2240 1081 2268 Filius.
1107 2239 1235 2269 Ostendit
1261 2244 1355 2269 autem
1377 2240 1541 2274 etiamnum,
1570 2247 1603 2267 ex
1631 2247 1664 2268 eo

866 2284 940 2320 quod
958 2285 1092 2320 Spiritum
1105 2292 1157 2312 nos
1171 2285 1368 2321 acceperimus,
1383 2284 1430 2321 qui
1442 2283 1560 2312 instituit
1572 2292 1621 2312 nos
1635 2287 1668 2312 ut

864 2331 974 2358 Patrem
1005 2337 1133 2358 vocemus
1161 2331 1262 2364 Deum,
1283 2337 1355 2358 novo
1379 2328 1500 2366 quodam
1523 2328 1607 2357 modo
1636 2333 1666 2358 et

864 2374 957 2402 divino
971 2373 1055 2402 corda
1068 2378 1162 2402 nostra
1179 2374 1379 2403 commovendo
1396 2383 1404 2402 :
1419 2373 1493 2410 quod
1513 2378 1587 2402 certe
1608 2382 1665 2402 non

866 2419 958 2453 ﬁeret,
979 2419 1008 2447 ni
1029 2418 1149 2446 ﬁliorum
1170 2418 1283 2455 adoptio
1306 2418 1385 2447 nobis
1402 2418 1468 2447 data
1484 2423 1566 2447 esset.
1584 2419 1664 2454 Quo-

865 2463 936 2492 circa
955 2471 1018 2492 cum
1041 2463 1089 2491 ﬁlii
1103 2463 1190 2492 simus
1217 2467 1244 2491 et
1271 2463 1406 2497 heredes,
1431 2471 1489 2491 non
1505 2463 1661 2498 vulgarium

865 2511 938 2536 certe
970 2516 1079 2542 rerum,
1112 2512 1245 2536 caeterum
1269 2508 1407 2536 bonorum
1440 2508 1609 2543 divinorum,
1637 2512 1665 2537 et

864 2552 1016 2589 Unigeuito
1038 2552 1211 2586 coheredes,
1226 2560 1274 2580 cur
1300 2560 1395 2581 rursus
1420 2553 1490 2581 servi
1510 2553 1658 2588 efﬁcimur,

865 2597 1002 2633 ﬁdemque
1010 2605 1072 2633 quae
1085 2605 1136 2625 nos
1148 2597 1175 2625 in
1187 2597 1260 2627 ﬁlios
1271 2597 1419 2634 adoptavit,
1433 2598 1483 2635 legi
1499 2598 1664 2627 attendendo

867 2642 1027 2678 rejicimus?

903 2688 996 2716 Vens.
1008 2690 1034 2715 8.
1052 2698 1065 2712 ι
1080 2687 1135 2717 Sed
1148 2691 1214 2716 tunc
1225 2688 1337 2725 quidem
1347 2688 1505 2724 ignorantes
1518 2689 1619 2722 Deum,
1631 2687 1663 2715 iis

706 2758 802 2789 Variae
824 2759 978 2791 lectiones.

55 2814 75 2832 ³⁸
87 2815 210 2850 ἔνιπόδιζι
226 2825 256 2847 ο.
295 2818 317 2838 ³⁸
329 2818 417 2852 eti-robe
429 2827 469 2849 In.
507 2820 530 2838 ⁶⁰
543 2820 676 2858 ὀφείλομεν
691 2829 719 2850 o.
757 2822 778 2839 ¹¹¹
794 2821 891 2856 πλάνῃ
903 2830 933 2851 o.
969 2822 992 2841 "
1006 2822 1090 2850 τοίνυν
1101 2830 1132 2852 o.
