1877 3081
245 146 296 172 999

747 143 1005 172 THEOPHYLACTI
1023 144 1201 172 BULGAltl/E
1219 145 1377 174 ARCHIEP.

1785 151 1827 179 ιθιι

241 208 285 244 qui
304 211 402 236 natura
422 214 479 235 non
498 209 565 234 sunt
580 204 617 233 dii
640 205 811 234 serviebatis.
836 217 848 230 1
867 206 919 234 Hic
939 206 973 234 ad
992 214 1018 234 ε(

1094 208 1147 241 τοῖς
1172 207 1210 246 μὴ
1234 208 1310 249 φύσει
1334 203 1392 238 οὖσι
1417 211 1493 243 θεοῖς.
1509 221 1524 238 ι
1542 209 1672 240 Ἐνταῦθα
1690 210 1744 250 πρὸς
1756 211 1826 246 τοὺςὲ

241 253 287 290 qui
309 260 342 281 ex
361 252 490 289 gentibus
504 250 689 284 crediderant,
711 258 868 279 sermonem
889 251 1038 286 cmrtit,

241 302 461 328 commonstrans
474 295 657 324 idololatrian]
671 303 730 323 esse
742 295 850 324 dierum
866 296 1037 325 observatio-

240 351 315 376 nem,
325 343 452 379 quodque
463 341 542 369 hodie
553 341 613 377 plus
622 345 747 376 peccant,
758 349 841 376 quam
851 341 929 369 olim.
940 342 1037 377 Quon-

239 388 304 416 dam
326 387 412 421 enirn,
436 386 534 422 inquit,
563 385 729 421 ignorabatis
751 387 853 419 Deum,
880 385 966 422 349
984 394 1036 414 ceu

239 432 356 461 tenebris
371 432 439 467 septi
454 436 536 467 atque
549 430 664 464 seducti,
689 438 721 458 ac
742 434 884 466 propterea
899 431 1034 458 servieba-

237 478 273 506 tis
287 477 338 506 soli
358 481 387 505 et
406 477 477 504 lunae
500 483 561 512 quas
573 483 627 503 non
641 480 736 502 natura
751 479 816 503 sunt
834 475 880 502 dii.
894 476 956 503 Jam
970 483 1034 503 vero

237 523 258 551 si
282 527 344 559 post
372 521 493 549 veritatis
512 520 677 556 agnitionem
698 519 757 548 dies
779 519 946 553 observetis,
967 520 1034 548 nihil

237 568 309 596 aliud
329 575 412 604 quam
435 565 577 595 elementis
600 565 718 599 servitis;
740 572 801 600 qua:
823 565 899 600 pejor
919 569 960 593 est
981 565 1031 593 im-

237 616 332 651 pietas.

273 661 362 688 Vsus.
375 662 401 687 6.
417 669 431 683 ι
447 659 528 686 Nunc
543 660 634 685 autem
647 663 710 683 cum
725 655 905 689 cognOveritis
921 656 1029 690 Deum,

237 706 294 733 imo
307 703 408 740 cogniti
420 703 480 731 sitis
493 710 508 730 a
527 703 598 734 Deo,
611 700 752 736 quomodo
765 700 953 728 convertimini
968 709 1032 728 rur-

236 758 283 778 sus
302 750 335 777 ad
356 748 465 776 inﬁrma
487 751 514 775 et
534 754 619 782 egena
643 746 789 778 elementa,
812 745 912 780 quibus
939 745 1030 774 denuo

235 794 336 822 servire
359 793 460 821 vultis?
484 803 497 816 υ
521 793 600 819 Nunc
626 794 730 822 autem,
753 790 851 826 inquit,
877 790 1029 825 cognovisti

238 841 338 872 Deum,
351 838 408 866 imo
423 836 513 873 potius
531 844 587 863 non
598 843 648 862 vos
665 834 772 870 proprio
791 834 882 862 labore
892 834 1030 863 invenistis

235 888 262 912 et
274 883 421 920 agnovistis
439 883 529 909 Deum
545 884 642 916 (neque
663 879 736 907 enim
755 879 918 914 quaesivistis
938 880 1029 907 omni-

235 932 292 962 no),
308 928 354 956 sed
370 928 428 964 ipse
449 934 497 954 vos
517 926 543 953 in
558 924 702 961 profundis
717 924 837 951 tenebris
855 928 968 960 agentes
986 925 1031 952 in-

233 973 340 1010 quisivit
349 977 376 1001 et
384 971 543 1006 assumpsit.
557 981 570 995 ι
584 969 723 1006 Cognitos,
732 981 744 992 ιι
754 969 830 996 enim
841 976 901 1004 pro,
913 971 1030 997 Assum-

235 1024 295 1055 ptos
326 1026 342 1046 a
370 1019 440 1050 Deo,
476 1015 555 1044 dixit.
581 1013 728 1051 Quomodo
751 1013 835 1048 igitur
858 1013 1028 1041 revertimini

232 1071 327 1092 rursus
351 1061 387 1090 ad
410 1069 495 1098 egena
517 1064 544 1088 et
565 1059 707 1087 imbecillia
722 1058 877 1086 elementa?
903 1058 955 1086 hoc
976 1063 1028 1092 est,

232 1116 294 1145 qtue
308 1108 416 1135 nullum
429 1107 512 1134 robur
525 1105 626 1132 habent
638 1103 673 1131 ad
689 1103 828 1138 proposita
844 1102 924 1130 nobis
940 1103 1026 1137 bona,

231 1157 258 1181 et
279 1160 341 1189 quae
368 1159 417 1180 vos
442 1149 618 1186 spiritualiter
636 1148 732 1184 juvare
759 1150 914 1183 nequeunt?
941 1147 1027 1176 Simul

231 1202 321 1226 autem
339 1201 471 1232 tanquam
500 1194 636 1222 intellectu
665 1197 693 1220 et
714 1200 806 1227 sensu,
827 1192 950 1228 adeoque
973 1193 1026 1220 vita

230 1243 324 1270 nrbata
339 1245 441 1273 essent,
458 1247 543 1276 egena
560 1239 619 1267 haec
642 1241 721 1266 vocat
735 1241 763 1265 et
777 1237 902 1271 infirma,
918 1237 1025 1265 etiamsi

231 1287 284 1315 hoc
307 1285 410 1315 Graecis
427 1285 580 1320 displiceat.
605 1281 808 1317 Pseudapostoli
834 1282 940 1318 itaque,
962 1286 1023 1309 tan-

229 1339 311 1368 quam
331 1330 397 1367 legis
414 1329 551 1361 vindices,
573 1327 680 1355 dierum
707 1326 912 1354 observationes
934 1327 1021 1354 intro-

228 1377 372 1405 duxerunt.
400 1376 460 1410 Ipse
484 1378 578 1401 autem
611 1371 807 1408 sapientissime
837 1370 1022 1399 idololatrian]

227 1429 285 1449 rem
299 1421 387 1456 ipsam
402 1423 490 1451 vocat,
504 1425 587 1452 quam
597 1421 624 1444 et
638 1416 696 1451 ipsa
718 1416 760 1443 lex
777 1414 914 1451 prohibet.
931 1415 1023 1450 Quare

229 1466 273 1502 qui
288 1465 339 1493 ista
359 1463 469 1497 docent,
483 1463 534 1498 legi
547 1461 632 1489 etiam
651 1460 842 1489 adversantur.

264 1512 356 1538 Vens.
375 1511 417 1536 l0.
436 1520 448 1532 ιι
469 1507 533 1535 Dies
553 1505 718 1538 observatis,
733 1509 759 1532 et
774 1513 898 1538 menses,
915 1509 942 1532 et
956 1509 1023 1533 tem-
1038 1523 1060 1555 C

228 1563 303 1591 pora,
326 1558 355 1582 et
376 1560 472 1580 annos.
499 1561 512 1577 ι)
531 1551 568 1578 Ex
594 1549 638 1577 his
665 1550 775 1584 planum
795 1553 848 1583 est,
873 1549 948 1585 quod
967 1557 1024 1577 non

228 1600 318 1628 solum
337 1596 574 1626 circumcisionem
599 1594 783 1630 praedicabant
806 1594 1022 1630 pseudapostoli,

230 1651 325 1671 verum
347 1643 428 1671 etiam
454 1641 534 1668 ferias
547 1644 573 1668 et
589 1639 738 1667 novilunia.

264 1689 352 1716 Vens.
369 1689 410 1714 11.
425 1697 438 1710 ‹‹
453 1687 545 1713 Metuo
560 1693 594 1712 ne
607 1691 662 1719 quo
676 1683 758 1711 modo
771 1682 871 1711 frustra
884 1683 1022 1712 laborave-

227 1735 279 1762 rim
294 1741 357 1769 erga
379 1740 437 1760 vos.
456 1743 468 1755 ι»
483 1730 551 1758 Vide
564 1729 781 1757 misericordiam
796 1728 853 1765 ejus
869 1737 875 1757 :
898 1729 936 1756 illi
953 1737 1022 1757 con-

226 1780 377 1812 cutiuntur,
397 1781 424 1806 et
439 1776 539 1805 Paulus
557 1779 683 1803 terretur.
707 1775 785 1810 Quod
801 1774 853 1808 ait,
870 1786 882 1798 α
907 1775 947 1802 Ne
967 1782 1021 1810 quo

228 1824 328 1857 modo,
356 1835 370 1848 ι
393 1822 493 1850 indicat
516 1828 564 1849 eos
586 1819 676 1848 adhuc
697 1827 852 1855 superesse,
877 1827 927 1846 nec
953 1819 1019 1847 dum

226 1878 336 1906 prorsus
359 1867 530 1903 naufragium
547 1873 651 1901 passos.
676 1864 751 1892 Facit
764 1868 857 1892 autem
872 1864 910 1891 eis
925 1872 1018 1900 spem,

225 1915 248 1943 si
273 1914 356 1943 modo
374 1913 460 1941 velint
480 1911 575 1946 vigiles
597 1913 622 1937 et
641 1909 726 1937 sobrii
753 1917 823 1941 esse,
847 1917 902 1936 non
917 1908 1017 1937 frustra

226 1969 254 1988 se
278 1967 339 1996 erga
361 1965 407 1986 eos
432 1957 569 1984 laborasse
593 1963 600 1982 :
630 1953 740 1990 perinde
766 1954 845 1989 quasi
869 1953 944 1981 dicat
967 1954 1017 1989 eis,

224 2007 391 2034 Mementote
402 2008 528 2030 meorum
538 2007 600 2036 erga
612 2007 662 2027 vos
674 1998 817 2032 sudorum,
833 2006 920 2034 neque
935 2007 1018 2028 vanos

224 2050 305 2078 facite
319 2048 426 2076 labores
437 2053 525 2073 meos.

260 2095 346 2123 Vsus.
358 2094 398 2120 12.
411 2103 424 2116 ‹‹
434 2093 526 2119 Estote
534 2089 604 2117 sicut
614 2096 674 2124 ego,
684 2088 746 2124 quia
755 2091 782 2115 et
792 2095 843 2123 ego
852 2088 922 2116 sicut
933 2097 990 2117 vos.
1001 2101 1013 2114 ι»

225 2139 268 2168 Ad
282 2145 331 2167 eos
343 2136 390 2173 qui
402 2144 433 2164 ex
446 2134 550 2163 Judteis
563 2133 749 2166 crediderant,
763 2132 823 2160 haec
837 2133 903 2161 dicit
918 2144 924 2162 :
940 2142 1017 2162 nem-

224 2192 265 2221 pe,
282 2181 430 2212 imitamini
446 2188 501 2208 me.
517 2181 587 2207 Nam
607 2183 633 2206 et
646 2186 695 2214 ego
709 2178 833 2213 apprime
849 2178 905 2214 lege
919 2186 1014 2206 accen-

223 2229 318 2262 debar,
340 2235 395 2255 non
410 2233 486 2253 secus
502 2232 534 2252 ac
548 2231 596 2251 vos
622 2231 629 2250 :
645 2227 766 2250 attamen
786 2222 878 2250 relicta
894 2222 949 2257 illa,
966 2231 1015 2258 pro

222 2274 329 2302 Christo
352 2279 424 2300 nunc
443 2274 470 2299 et
491 2270 543 2297 ﬁde
564 2268 674 2297 dimico.
693 2268 772 2295 Tales
793 2272 820 2296 et
845 2275 893 2296 vos
917 2273 1013 2296 estote.

223 2318 336 2347 Pulchre
351 2321 441 2345 autem
455 2315 507 2342 hoc
521 2314 671 2350 posteriore
683 2313 743 2340 loco
758 2313 850 2348 posuit
866 2321 873 2340 :
892 2314 1016 2342 homines

219 2364 292 2391 enim
316 2362 408 2398 potius
423 2359 561 2388 similibus
581 2363 607 2386 et
620 2358 742 2394 ejusdem
765 2358 870 2394 generis
883 2359 1015 2395 exemplis

218 2408 376 2440 trahuntur,
389 2413 472 2442 quam
486 2403 651 2432 rationibus.

255 2466 267 2478 ιι
284 2454 404 2483 Fratres,
421 2450 535 2478 obsecro
548 2456 605 2482 vos,
622 2447 691 2475 nihil
713 2454 758 2474 me
772 2447 888 2475 lasistis.
913 2459 926 2472 »
943 2449 1011 2485 Quia

217 2506 311 2536 aspere
325 2505 373 2526 eos
394 2494 564 2531 objurgarat,
585 2500 694 2520 rursum
710 2491 793 2520 lenire
807 2493 893 2528 cupit.
914 2495 1011 2529 Neque

215 2545 289 2572 enim
310 2542 459 2570 vehemens
474 2539 591 2567 nimium
608 2537 764 2573 ohjurgatio
780 2537 905 2573 prodest,
923 2546 1010 2574 neque

214 2590 297 2619 nimia
320 2586 488 2622 indulgentia
510 2588 537 2612 et
559 2583 654 2611 lenitas
671 2591 678 2609 :
694 2586 837 2619 propterea
853 2582 950 2610 fratres
963 2591 1010 2612 eos

211 2635 355 2668 nominat,
390 2631 484 2668 gratiae
510 2627 680 2665 baptismatis
711 2627 884 2656 mentionem
907 2628 1009 2663 pariter

212 2680 327 2715 faciens,
350 2686 383 2707 ex
397 2684 450 2714 qua
474 2682 572 2704 omnes
593 2673 691 2702 fratres
710 2672 794 2701 veluti
808 2679 841 2701 ex
855 2680 912 2702 uno
925 2673 1006 2702 Patre

1092 253 1173 282 ἐθνῶν
1192 253 1384 288 πιστεύσαντας
1410 255 1578 284 ἀποτείνεται
1600 255 1693 290 δεικνὺς
1714 257 1827 286 ὅτιχαὶεί-

1093 298 1271 338 δωλολατρεία
1289 299 1360 328 ἐστὶν
1379 301 1396 335 ἡ
1411 301 1463 329 τῶν
1488 301 1594 340 ἡμερῶν
1618 301 1826 341 παρατήρησις,χιιὶ

1092 341 1207 380 μεῖζονῆ
1227 343 1312 372 πάλαι
1328 344 1521 383 ἁμαρτάνουσι.
1541 345 1629 375 Πάλαι
1643 345 1701 384 μὲν,
1718 346 1788 385 φησὶν,
1799 347 1826 376 vix

1090 387 1176 426 ᾔδειτε
1190 387 1232 416 τὸν
1242 387 1328 424 Θεὸν,
1344 388 1389 417 ἅτε
1405 389 1586 427 ἐσκοτωμένοι
1601 390 1646 419 καὶ
1659 391 1825 428 πεπλανημένοιξι

1090 431 1135 461 καὶ
1149 431 1193 461 διὰ
1218 435 1297 463 τοῦτο
1318 433 1465 463 ἐδουλεύετε
1481 433 1549 474 ἡλίῳ
1571 434 1616 463 καὶ
1637 435 1732 474 σελήνῃ,
1744 435 1825 464 ἅτινιώ

1089 476 1165 516 φύσει
1187 477 1238 506 εἰσὶ
1253 477 1325 506 θεοί“
1345 480 1389 507 νῦν
1406 478 1433 507 δὲ
1456 479 1523 515 μετὰ
1544 479 1593 514 τὴν
1607 481 1652 514 τῆς
1676 480 1778 515 ἀληθείας
1788 479 1826 508 ἐπί-

1087 532 1184 559 γνωσιν
1193 542 1202 557 ,
1218 520 1263 550 ἐὰν
1273 522 1375 563 ἡμέρας
1389 525 1580 563 παραηρῆσθε
1589 546 1597 560 ,
1615 523 1683 553 οὐδὲν
1696 524 1749 553 ἄλλο
1758 523 1771 559 ἣ
1781 535 1825 553 στοι-

1087 566 1168 605 χείοις
1183 566 1337 606 λατρεύετε,
1351 567 1397 597 καὶ
1411 571 1499 608 χεῖρον
1514 568 1545 598 τὸ
1559 568 1692 607 ἀσέϐημα.

1131 667 1146 685 ιι
1158 657 1213 687 Νῦν
1228 656 1255 686 δὲ
1270 656 1374 696 γνόντες
1387 657 1456 688 Θεὸν
1466 681 1475 696 ,
1491 658 1593 696 μᾶλλον
1605 657 1632 687 δὲ
1652 656 1783 697 γνωσθέντα
1792 657 1824 685 ὑπὸ

1085 701 1173 739 Θεοῦ,
1195 703 1252 736 πῶς
1277 702 1447 743 ἐπιστρέφετε
1473 702 1554 732 πάλιν
1581 703 1628 732 ἐπὶ
1653 702 1684 731 τὰ
1702 702 1777 736 ἀσθενῆ
1796 699 1824 728 καὶ

1085 713 1173 739 σεου,
1195 713 1252 736 πως
1277 713 1355 731 επιστ
1374 714 1447 743 εφετε
1473 713 1554 732 παλιν
1581 713 1628 732 em
1653 713 1684 731 τα
1702 713 1777 736 aevum
1796 713 1821 728 xm

1085 745 1182 787 πτωχὰ
1199 747 1326 786 στοιχεῖα,
1336 713 1374 780 of:
1385 747 1466 776 πάλιν
1480 747 1578 777 ἄνωθεν
1591 746 1714 776 δουλεύειν
1729 745 1821 779 θέλετε;ι

1086 791 1141 820 Νῦν
1152 791 1196 829 δὲ,
1217 791 1309 832 φησὶν,
1333 791 1429 830 ἔγνωτε
1448 791 1537 830 θεὸν,
1554 791 1655 829 μᾶλλον
1677 790 1702 819 δὲ
1721 790 1760 829 οὗί
1775 790 1824 825 ὑμεῖς

1083 835 1128 864 τὸν
1139 836 1207 865 Θεὸν
1219 836 1308 874 οἰκείῳ
1321 836 1393 876 πόνῳ
1406 835 1494 876 εὕρετε
1507 835 1554 866 καὶ
1569 835 1697 875 ἐπέγνωτε
1710 835 1763 872 (οὐδὲ
1778 833 1821 871 γὰρ.

1085 880 1143 908 οὐδὲ
1156 880 1299 916 ἐζητήσατε
1313 880 1406 919 ὅλως),
1422 880 1481 910 ἀλλ’
1496 879 1573 913 αὐτὸς
1589 881 1658 917 ὑμᾶς
1677 881 1701 908 ἐν
1791 879 1824 915 βι-

1085 924 1124 953 θεῖ
1146 924 1284 962 διάγοντας
1304 923 1416 960 ἐζήτησε
1440 924 1486 954 καὶ
1511 923 1706 964 Προσελάςετο.
1729 922 1761 953 Τὸ
1780 922 1826 959 γὰρ,

1089 979 1104 997 ιι
1116 968 1290 1010 Γνωσθέντες,
1304 980 1318 998 ι
1330 970 1387 999 ἀντὶ
1402 971 1449 999 τοῦ
1461 992 1469 1007 ,
1487 970 1702 1010 Προσληφθέντες
1716 967 1757 997 ὑπὸ
1769 967 1821 996 Θεεῦ.

1083 1013 1146 1045 Πῶς
1159 1008 1203 1042 οὖν
1233 1013 1435 1054 ἔιιιιεηερέφετεθ³
1457 1008 1537 1043 πάλιν
1562 1008 1611 1044 ἐπῖ
1642 1013 1674 1043 τὰ
1700 1012 1778 1051 πτωχὰ
1798 1011 1823 1039 καὶ

1081 1058 1178 1093 ἀσθενῆ
1207 1062 1343 1097 στοιχεῖας
1369 1058 1512 1095 Τουτέστι,
1533 1058 1567 1089 τὰ
1603 1058 1728 1097 μηδεμίαν
1750 1056 1824 1093 δύναμιν

1080 1101 1176 1141 ἔχοντα
1191 1102 1256 1142 πρὸς
1270 1103 1294 1121 θ’
1309 1103 1344 1132 τὰ
1353 1103 1514 1143 προκείμενα
1541 1104 1629 1143 ἀγαθὰ
1638 1127 1645 1141 ,
1664 1102 1724 1140 μηδὲ
1737 1100 1824 1140 ἰσχύοντα

1080 1149 1266 1185 πνευματικῶς
1288 1147 1441 1188 ὠφελῆσαις
1458 1147 1532 1187 Ἅμα
1546 1148 1573 1178 δὲ
1595 1148 1641 1177 καὶ
1655 1149 1688 1180 ὡς
1705 1145 1824 1186 ἐστερημέτι

1080 1194 1142 1228 νοῦ,
1160 1191 1206 1221 καὶ
1229 1193 1390 1229 αἶσθῆσεως,
1407 1193 1452 1222 καὶ
1465 1194 1552 1231 ζωῆς,
1576 1192 1676 1232 πτωχὰ
1695 1193 1768 1221 ταῦτα
1777 1190 1827 1219 uia

1079 1237 1124 1278 καὶ
1148 1237 1261 1272 ἀσθενῆ,
1284 1236 1333 1266 κᾶν
1354 1236 1484 1274 Ἕλληνες
1513 1237 1725 1278 ἀπαρέσχωνται.
1749 1236 1778 1266 Οἱ
1799 1234 1827 1271 μὲν

1079 1276 1123 1310 οὖν
1137 1281 1364 1320 ψευδαπόστολοι,
1379 1283 1414 1315 ὡς
1427 1286 1474 1312 τοῦ
1487 1281 1569 1320 νόμου
1594 1282 1735 1318 ἔκδικηταὶ,
1747 1279 1784 1313 τὰς
1794 1280 1826 1307 τῦι

1078 1327 1185 1365 ἡμερῶν
1209 1326 1407 1367 παρατηρήσεις
1420 1329 1545 1366 εἰσῆγον-
1572 1327 1653 1360 αὐτὸς
1679 1327 1705 1356 δὲ
1725 1325 1825 1365 σοφώτατε

1078 1371 1296 1410 εἷδωλολατρείαν
1319 1371 1350 1401 τὸ
1377 1375 1491 1412 πρᾶγμα
1519 1372 1615 1408 καλεῖ,
1641 1371 1674 1407 ἣν
1695 1369 1737 1400 καὶ
1749 1367 1827 1401 αὖτδςδ

1077 1415 1154 1452 νόμος
1174 1415 1344 1456 ἀπαγορεύει.
1370 1416 1459 1446 Ὠστε
1487 1416 1532 1446 καὶ
1558 1418 1596 1456 τῷ
1615 1417 1688 1457 νόμῳ
1704 1414 1794 1445 ἐναντίοι
1812 1412 1826 1440 ti

1078 1461 1162 1489 ταῦτα
1176 1460 1354 1494 διδάσκοντες.

1122 1514 1138 1533 α
1152 1503 1270 1544 Ἡμέρας
1283 1509 1497 1546 παρατηρεῖσθε,
1515 1506 1561 1536 καὶ
1576 1507 1679 1544 μῆνας,
1693 1505 1735 1535 καὶ
1746 1502 1826 1542 unde

1079 1548 1123 1577 καὶ
1138 1549 1281 1582 ἐνιαυτούς.
1298 1563 1310 1576 ιι
1325 1551 1375 1580 Ἐκ
1390 1550 1488 1580 τούτων
1498 1551 1591 1587 δῆλον,
1607 1551 1647 1581 ὅτι
1663 1552 1691 1581 οὗ
1704 1550 1770 1588 μόνον
1781 1558 1829 1585 RE?!-

1078 1593 1161 1632 τομὴν
1176 1594 1318 1632 ἐκήρυττον
1345 1596 1369 1624 οἱ
1401 1596 1627 1635 ψευδαπόστολοι,
1658 1594 1722 1626 ἀλλὰ
1748 1593 1784 1623 καὶ
1800 1591 1828 1623 τᾶς

1078 1638 1183 1678 ἑορτὰς,
1203 1639 1248 1668 καὶ
1264 1639 1310 1673 τὰς
1325 1639 1477 1676 νουμηνίας.

1120 1693 1135 1711 (ι
1149 1683 1295 1722 Φοϐοῦμαι
1322 1684 1420 1723 μήπως
1437 1686 1496 1721 εἰκῆ
1522 1685 1670 1716 κεκοπίακα
1693 1686 1726 1718 εἷς
1750 1685 1825 1721 ὓμᾶςιι

1074 1725 1146 1766 Ὅρα
1168 1729 1311 1768 σπλάγχνα
1323 1740 1330 1747 ·
1344 1729 1440 1760 ἐκεῖνοι
1454 1729 1630 1768 σαλεύονται,
1645 1730 1690 1760 καὶ
1700 1729 1788 1760 Παῦλος
1798 1736 1827 1766 ξπ-
1854 1755 1855 1758 η

1075 1771 1172 1801 ϐεἷται.
1186 1773 1225 1803 Τὸ
1240 1773 1283 1811 δὲ,
1305 1784 1319 1802 ι
1336 1773 1455 1812 Μήπως,
1469 1786 1485 1803 ι
1503 1775 1578 1811 δηλοῖ
1593 1775 1634 1804 ἔτι
1650 1774 1739 1807 αὐτοὺς
1752 1771 1826 1810 περιδι-

1075 1828 1139 1855 τας,
1155 1817 1201 1846 καὶ
1229 1818 1312 1855 μήπω
1337 1819 1426 1848 τέλεον
1450 1820 1673 1858 ναυαγήσαντας·
1689 1818 1730 1849 καὶ
1754 1817 1828 1846 δίδωσιν

1074 1861 1160 1895 αὐτοῖς
1174 1862 1282 1899 ἐλπίδα,
1296 1862 1336 1892 ὅτι
1358 1865 1381 1893 εἷ
1405 1863 1543 1899 θελήσαιεν
1574 1865 1723 1905 ἀνανῆψαι,
1736 1863 1775 1905 οὐκ
1786 1860 1827 1892 εἰκῆ

1073 1906 1131 1939 ὁεῖς
1154 1906 1248 1942 αὐτοὺς
1270 1907 1409 1947 γεγένηται
1437 1909 1515 1943 πόνος
1525 1909 1550 1928 9⁵
1564 1918 1572 1926 ·
1596 1903 1695 1939 ὡσανεὶ
1722 1903 1760 1937 οὖν
1780 1905 1828 1943 λέγει

1073 1951 1177 1984 αὐτοῖς·
1193 1952 1337 1989 Μνήσθητε
1363 1954 1415 1982 τῶν
1429 1955 1499 1992 ἐμῶν
1516 1955 1553 1988 εἷς
1576 1955 1647 1994 ὑμᾶς
1667 1953 1784 1994 (δρώτων,
1796 1948 1828 1979 καὶ

1072 1994 1110 2033 μὴ
1123 1996 1295 2034 ματαιιίισατέ
1306 2009 1356 2037 μου
1371 1997 1431 2032 τοὺς
1445 1998 1550 2034 πόνους.

1114 2099 1129 2117 ιι
1144 2087 1250 2118 Γίνεσθε
1274 2090 1309 2123 ὥς
1337 2089 1406 2130 ἐγὼ,
1429 2090 1470 2120 ὅτι
1498 2090 1574 2131 κάγὼ
1596 2092 1633 2125 ὡς
1655 2092 1735 2129 ὑμεῖς,
1757 2086 1826 2125 »Πρός

1072 2131 1130 2166 τοὺς
1156 2133 1182 2168 ἐξ
1197 2133 1334 2164 Ἰουδαίων
1351 2135 1437 2164 ταῦτά
1456 2147 1555 2176 φησιν,
1574 2136 1616 2167 δτι
1637 2132 1783 2175 Μιμήσισθέ
1796 2142 1826 2170 με’

1074 2177 1128 2206 Καὶ
1140 2179 1191 2218 γὰρ
1220 2178 1272 2217 ἐγὼ
1300 2180 1399 2220 σφόδρα
1424 2183 1471 2210 τοῦ
1495 2181 1576 2220 νόμου
1595 2180 1787 2221 περιεκαιόμηνι

1069 2223 1155 2260 ὑμεῖς·
1172 2223 1230 2253 ἀλλ’
1246 2225 1335 2264 ἀφῆκα
1349 2227 1454 2263 τοῦτον,
1477 2226 1524 2255 καὶ
1544 2229 1589 2256 νῦν
1611 2229 1658 2256 τοῦ
1674 2226 1778 2264 Χριστᾶἇ
1797 2219 1827 2249 καὶ

1069 2269 1116 2303 τ’ἦς
1129 2267 1242 2302 πίστεως
1266 2270 1415 2310 ὑπερμαχῶ
1426 2279 1434 2286 ⁸
1449 2273 1563 2300 τοιοῦτοι
1584 2271 1630 2300 καὶ
1655 2272 1727 2309 ὕμεῖς
1741 2268 1825 2307 vivacit-

1073 2313 1167 2346 Καλῶς
1184 2312 1210 2342 δὲ
1235 2315 1311 2343 τοῦτο
1326 2313 1432 2354 ὕστερον
1458 2315 1584 2346 τέθεικεν.
1608 2316 1644 2345 Οἱ
1660 2315 1710 2354 γὰρ
1727 2314 1826 2351 divtime

1069 2357 1169 2394 μᾶλλον
1185 2357 1238 2387 ἀπὸ
1263 2359 1315 2387 τῶν
1340 2359 1472 2398 ὁμογενῶν
1498 2360 1700 2400 ὓποδειγμᾶτων
1715 2358 1824 2390 ἕλκ’)ντειι

1067 2401 1085 2437 ἢ
1099 2401 1152 2431 ἀπὸ
1164 2404 1216 2432 τῶν
1231 2404 1378 2442 λογισμῶν.

1110 2457 1124 2475 ε
1139 2445 1273 2488 Ἀὂελφοὶ,
1302 2447 1395 2486 δέομαι
1418 2450 1507 2488 ὑμῶν,
1521 2450 1596 2479 οὐδέν
1611 2461 1645 2488 με
1668 2447 1804 2485 ἠδικήσατε.
1815 2455 1825 2470 ι

1067 2490 1179 2527 Ἐπειδὴ
1208 2492 1307 2532 σφόδρα
1331 2494 1417 2522 αὐτῶν
1443 2494 1600 2534 καθήψατο,
1627 2494 1747 2534 βούλεται
1767 2490 1824 2520 πάλιν

1066 2535 1193 2573 μαλάξαι.
1215 2537 1285 2566 οὔτε
1308 2536 1389 2577 γὰρὴ
1415 2539 1516 2578 σφοδρὰ
1543 2539 1680 2575 ἓπίπληξις
1699 2534 1824 2570 λυσιτελὴς,

1064 2580 1118 2609 οὔτ’
1132 2583 1148 2616 ἡ
1162 2581 1293 2617 παντελὴς
1309 2583 1407 2617 ἄνεσις.
1423 2583 1471 2613 Διὸ
1486 2583 1533 2613 καὶ
1549 2583 1675 2624 ἀδελφοὺς
1698 2581 1780 2614 αὐτοὺς
1789 2590 1825 2609 ια’

1062 2625 1103 2654 λεῖ
1113 2648 1122 2665 ιι
1138 2625 1196 2664 ἅμα
1211 2626 1256 2668 καξι
1269 2628 1316 2663 τῆς
1343 2627 1451 2668 χάριτος
1464 2622 1677 2668 ὑπομιμνήσκων
1688 2630 1731 2658 rw”
1753 2622 1824 2668 pani-

1062 2681 1177 2710 σματος,
1206 2671 1233 2706 ἐξ
1243 2667 1274 2708 ἧς
1301 2667 1398 2707 πάντεξ
1422 2673 1547 2714 ἀδελφοὶ,
1572 2675 1607 2708 ὣς
1624 2673 1652 2709 ἒξ
1675 2673 1729 2707 ἑνὸς
1744 2667 1824 2708 Πατρὸς

891 2748 993 2786 λνιιτίω
1013 2748 1176 2782 lectiones.”

243 2805 265 2824 ⁹¹
279 2804 447 2841 ἔπιστρῑφεσθε
456 2809 474 2832 o
489 2823 496 2830 .
534 2801 557 2819 "
569 2799 604 2832 εἰς
615 2807 643 2829 0.
680 2797 704 2816 ⁵⁸
716 2799 791 2830 κόπος
803 2805 830 2827 o.

1853 833 1855 931 1
