1877 3081
247 161 314 188 1003

244 269 302 304 Ego
316 272 408 295 autem
422 274 437 295 e
449 270 544 294 contra
566 266 703 299 volebam,
719 270 749 293 ut
770 266 836 302 ipsis
854 269 882 293 et
900 265 1040 301 quibusvis

244 312 424 340 instructores
442 311 537 339 essetis
551 310 586 339 ad
599 310 779 347 perfectiora;
800 310 828 338 id
845 309 920 346 quod
934 309 1038 337 factum

244 361 287 385 est
300 364 366 384 cum
386 355 461 392 apud
481 363 530 384 vos
552 363 669 392 agerem.
695 355 789 384 lnnuit
813 358 906 383 autem
930 354 981 382 ista
1010 354 1039 382 in

242 401 427 437 sequentibus.

277 447 364 474 Vens.
381 448 424 473 18.
439 457 451 469 σι
473 446 582 473 Bonum
602 448 644 473 est
657 449 751 473 autem
772 444 898 473 aemulari
922 443 950 472 in
964 443 1038 472 bono

242 497 361 526 semper,
373 493 401 518 et
415 497 470 518 non
483 489 573 517 solum
591 497 653 517 cum
669 497 789 525 praesens
801 496 864 517 sum
873 488 946 525 apud
954 496 1011 516 vos.
1026 499 1038 511 -

243 534 338 563 Viden'
359 535 411 563 hoc
431 534 552 563 indicare
572 542 652 569 eum,
668 534 740 570 quod
755 534 830 570 digni
853 538 933 562 erant
946 533 1039 562 imita-

241 579 316 607 tione
338 579 410 615 apud
433 586 529 606 omnes
545 579 581 607 ob
604 578 812 614 perfectionem,
837 577 946 613 quando
966 576 1040 613 apud

242 624 317 660 ipsos
330 627 429 659 praesto
450 623 531 651 fuerit
553 623 721 659 Apostolus?
736 623 811 658 Quin
823 626 849 650 et
864 622 919 650 hoc
932 621 1040 658 signiﬁ-

242 673 296 701 cat,
316 668 392 704 quod
422 667 543 695 absentia
569 668 653 703 ipsius
676 667 775 696 horum
797 668 933 695 malorum
957 673 1039 695 causa

241 712 332 741 fuerit.
347 714 459 741 Beatam
480 720 545 749 ergo
561 720 618 740 rem
642 720 700 740 esse
719 712 795 746 dicit,
818 720 882 740 cum
903 711 1039 747 discipuli,

240 765 296 786 non
305 757 387 786 modo
399 761 531 793 praesente
539 761 715 793 praeceptore,
725 764 820 785 verum
828 757 909 785 etiam
915 756 1039 790 absente,

242 803 270 830 in
286 802 361 838 quod
376 802 467 836 decet,
487 802 607 838 sapiant.

277 848 366 875 νεεδ.
381 850 422 875 l9.
437 857 449 871 α
461 846 550 875 Filioli
563 846 629 880 mei,
647 854 716 883 quos
727 846 828 874 iterum
839 846 971 882 parturio,
982 850 1040 874 tan-

752 156 1006 186 Tlll‘lOPHYLACTl
1027 154 1204 185 BULGABIE
1222 155 1380 185 ARCHIEP.

243 230 345 259 eosque
357 222 524 250 azmulemiui
544 230 576 249 ac
596 221 741 249 imitemini
755 225 888 257 tanquam
902 219 1022 256 discipuli

1097 219 1169 258 Ἐγὼ
1184 219 1210 249 δὲ
1227 219 1376 249 τοῦναντίον
1391 219 1544 258 ἠϐουλόμην
1568 221 1639 258 ὑμᾶς
1657 220 1743 252 αὐτοῖς
1760 218 1797 248 καὶ
1808 224 1845 248 ain

1806 160 1842 183 if“.

1094 266 1248 304 καθηγητὰς
1263 259 1330 294 εἶναι
1345 264 1410 304 πρὸς
1435 263 1468 293 τὰ
1484 263 1644 304 τελεώτερα.
1663 264 1702 293 ⁸0
1717 263 1747 298 δὴ
1759 264 1796 293 καὶ

1093 321 1168 346 νετο,
1195 309 1238 340 ὅτε
1265 308 1331 350 πρὸς
1363 311 1432 349 ὑμᾶς
1456 309 1542 348 ἤμην,
1572 309 1727 340 Αἰνίττεται
1751 307 1775 337 δὲ
1795 311 1845 338 nia

1094 366 1163 391 εςηςο

1138 457 1153 475 ιι
1171 445 1260 476 Καλὸν
1282 445 1354 476 δὲτὸ
1377 446 1521 482 ζηλοῦσθαι
1546 445 1573 475 ἓν
1591 445 1670 485 καλῷ
1693 444 1806 474 πάντοτε.
1821 457 1846 473 ω

1095 490 1133 529 μὴ
1161 491 1239 529 μόνον
1254 492 1281 520 ἐν
1305 493 1343 532 τῷ
1367 490 1493 530 παρεῖναί
1516 502 1550 529 με
1571 489 1639 530 πρὸς
1669 491 1745 532 apag:
1759 501 1771 518 I
1795 489 1847 529 ’θ’ρι

1094 536 1134 565 ὅτι
1146 537 1225 565 τοῦτο
1245 530 1407 574 αἰνίττεται,
1420 536 1458 569 ὥς
1471 535 1498 554 9⁸
1519 535 1573 575 ἄρα
1593 534 1709 570 ζηλωτοὶ
1728 530 1785 569 ἦσαν
1796 538 1847 562 sici,

1095 579 1138 610 ἐπὶ
1225 580 1386 617 τελειότητι,
1414 580 1459 609 ὅτε
1484 581 1574 618 παρῆν
1598 582 1613 609 ὃ
1641 579 1796 614 Ἀπόστολος;
1815 579 1847 608 Kr.

1094 627 1171 655 τοῦτο
1197 624 1225 654 δὲ
1252 625 1416 661 αἰνίττεται,
1445 623 1487 654 ὅτι
1512 627 1529 660 ἡ
1555 624 1677 654 ἀπουσία
1705 624 1776 653 αὐτοῦ
1793 626 1847 652 mit:

1094 669 1248 708 εἰργάσατο.
1264 670 1404 709 Μακάριον
1418 665 1463 699 οὖν
1472 692 1481 707 ,
1497 669 1588 708 φησὶν,
1601 668 1667 698 ὅταν
1682 667 1718 706 μὴ
1730 668 1794 706 μόνον
1805 679 1847 705 πιρ-

1095 715 1167 748 όντος
1183 717 1230 744 τοῦ
1246 714 1427 751 διδασκάλου,
1450 714 1520 743 ἀλλὰ
1535 714 1582 743 καὶ
1604 713 1733 748 ἀπόντος,
1751 713 1772 742 οἷ
1790 715 1844 750 μαθη

1094 759 1138 789 ταὶ
1153 759 1183 789 τὸ
1197 759 1240 789 δέν
1255 761 1384 799 φρονῶσι.

1138 856 1152 873 ι
1168 844 1269 875 Τεκνία
1285 856 1335 882 μου
1349 866 1358 880 ,
1373 843 1417 877 οὓς
1430 843 1512 872 πάλιν
1526 842 1614 873 ὠδίνω
1627 865 1636 880 ,
1650 842 1725 882 ἄχρις
1734 837 1759 871 οὗ
1774 853 1847 881 μορφω-

241 892 324 927 tisper
345 891 411 919 dum
435 890 568 919 formetur
591 890 714 919 Christus
735 891 763 918 in
777 891 864 919 vobis.
881 902 895 917 »
919 893 1022 919 Matren

1097 891 1126 927 θῇ
1152 888 1266 928 Χριστὸς
1292 891 1319 918 ἐν
1337 890 1410 927 ὑμῖν.
1432 900 1446 917 ι
1476 888 1590 927 Μητέρα
1620 892 1739 926 μιμεῖται
1763 888 1846 926 reputt.

241 946 290 974 pro
303 937 364 965 ﬁliis
376 937 431 966 suis
446 937 627 973 trepidantem
643 938 777 966 imitatur.
794 938 976 974 Corrupistis,
993 938 1038 965 in-

241 983 309 1019 quit,
324 982 444 1010 formam
460 981 572 1017 Christi,
588 990 671 1018 quam
682 982 826 1010 habebatis
840 982 867 1010 in
884 983 962 1010 vobis
977 982 1041 1018 ipsis

240 1035 274 1055 ex
288 1027 462 1063 baptismate,
476 1031 571 1063 estque
590 1027 666 1055 vobis
687 1035 755 1062 opus
772 1027 822 1054 alia
838 1027 1040 1063 regeneratione

240 1071 504 1108 reformationeque,
529 1076 560 1100 ut
572 1079 667 1100 rursus
688 1072 776 1099 forma
793 1071 893 1100 Christi
915 1072 943 1100 in
963 1072 1040 1100 vobis

239 1117 282 1150 sit,
298 1121 329 1144 ut
346 1125 379 1144 ex
392 1117 450 1152 ipso
465 1116 630 1152 ﬁguremini.
643 1117 747 1144 iterum
757 1116 831 1144 enim
845 1124 894 1144 vos
904 1117 1038 1152 parturio,

240 1169 286 1197 per
306 1161 510 1189 institutionem
534 1161 637 1189 iterum
653 1168 783 1196 regenero
796 1170 803 1195 ;
818 1169 876 1189 non
894 1162 967 1189 enim
984 1161 1035 1189 de-

240 1213 331 1241 spero.
352 1207 499 1242 Propterea
513 1209 542 1234 et
560 1213 608 1233 vos
625 1205 726 1233 ﬁliolos
738 1205 857 1241 appello.
877 1213 909 1233 ne
928 1214 975 1234 vos
987 1205 1036 1233 de-

238 1250 395 1286 spondeatis
409 1251 541 1278 animum.
563 1251 637 1278 Istuc
648 1250 732 1278 etiam
746 1250 892 1278 adversum
908 1250 1040 1279 Novatia-

238 1303 289 1322 nos
302 1299 352 1323 est.
371 1295 483 1323 Galatas
504 1294 575 1323 enim
597 1295 699 1323 Paulus
715 1303 811 1322 rursus
825 1295 943 1330 parturit
953 1301 981 1323 et
996 1302 1040 1322 re-

237 1338 351 1374 format;
367 1339 406 1367 illi
420 1343 514 1368 autem
529 1347 585 1366 non
597 1338 735 1374 recipiunt
751 1346 785 1367 ex
802 1339 962 1374 poenitentia
976 1347 1039 1367 cor-

239 1383 401 1411 rectionem.

274 1429 363 1456 Vsns.
381 1431 425 1456 20.
443 1439 456 1452 α
473 1427 579 1456 Vellem
599 1432 691 1456 autem
706 1435 764 1455 esse
778 1428 851 1464 apud
875 1436 924 1456 vos
939 1428 1039 1462 modo,

238 1477 265 1501 et
287 1477 395 1501 mutare
423 1481 519 1501 vocem
545 1481 652 1506 meam,
677 1473 807 1508 quoniam
832 1473 986 1501 confundor
1010 1474 1039 1501 in

238 1518 326 1545 vobis.
344 1529 357 1541 ι»
373 1518 436 1545 Non
449 1521 596 1545 contentus
612 1525 673 1545 sum
687 1517 796 1551 litteris,
812 1517 910 1553 inquit,
924 1518 972 1546 sed
985 1518 1039 1546 vel-

238 1562 292 1590 lem
305 1562 390 1590 etiam
403 1561 510 1595 adesse,
526 1565 740 1598 permutareque
754 1569 850 1589 vocem
869 1569 971 1595 meam,
986 1562 1039 1590 hoc

238 1611 291 1640 est,
313 1606 348 1634 ad
375 1606 465 1634 luctus
488 1610 569 1642 atque
593 1606 716 1641 ploratus
736 1605 806 1634 hanc
829 1610 945 1634 vertere.
967 1608 1038 1636 Nam

239 1651 346 1686 ambigo
362 1651 427 1686 quid
441 1651 530 1678 dicam
547 1651 582 1679 de
596 1650 679 1684 vobis,
692 1649 834 1687 quomodo
847 1658 895 1679 vos
907 1651 954 1688 qui
969 1651 1038 1680 adeo

238 1695 348 1724 exaltati
371 1695 469 1729 eratis,
498 1698 530 1723 ut
565 1694 723 1723 discrimina
761 1695 889 1723 subiretis
927 1701 1040 1732 propter

239 1740 338 1775 ﬁdem,
352 1747 385 1767 ac
404 1747 453 1775 per
475 1739 560 1768 ﬁdem
573 1739 650 1776 signa
677 1739 808 1773 ederetis,
824 1747 897 1768 nunc
911 1740 946 1768 ad
965 1741 1038 1777 lega-

238 1785 294 1813 lem
305 1784 441 1813 vilitatem
454 1783 665 1813 abstrahamini.
686 1785 764 1812 Hanc
778 1784 861 1820 igitur
875 1785 912 1812 ob
926 1793 1038 1813 causam

238 1829 337 1858 vellem
361 1837 480 1866 praesens
501 1829 576 1866 apud
599 1836 647 1857 vos
671 1829 808 1866 plangere.
834 1829 951 1864 Quando
966 1830 1038 1858 enim

238 1874 357 1911 perplexi
371 1882 477 1909 sumus,
491 1874 528 1903 ad
548 1874 681 1911 lacrymas
696 1873 795 1902 deferri
818 1874 947 1903 solemus.

272 1921 363 1948 Vens.
377 1922 423 1947 21.
440 1931 453 1944 ει
469 1919 558 1947 Dicite
572 1919 654 1952 mihi,
672 1918 718 1954 qui
733 1919 785 1947 sub
797 1919 855 1955 lege
871 1920 951 1947 vultis
966 1927 1036 1954 esse,

237 1964 325 2000 legem
335 1972 393 1992 non
407 1964 525 1992 auditis?
541 1975 554 1988 ν
568 1964 720 2000 Postquam
734 1963 842 1991 abunde
856 1971 903 1992 eos
921 1964 1039 1992 emolliit

238 2013 267 2037 et
286 2007 413 2042 attraxit,
432 2015 527 2036 rursus
548 2007 582 2035 ad
597 2007 746 2036 certamina
772 2006 928 2041 descendit,
944 2012 1038 2036 osten-

238 2053 305 2082 dens
328 2053 401 2089 quod
423 2053 482 2088 ipsa
508 2052 551 2080 lex
573 2060 631 2081 non
654 2051 712 2080 vult
732 2051 851 2088 seipsam
874 2052 1006 2081 custodiri
1029 2063 1037 2082 :

239 2097 425 2134 Respondete,
445 2097 586 2133 inquiens,
602 2096 680 2125 mihi.
703 2096 820 2125 Pulchre
834 2100 930 2125 autem
952 2097 1037 2133 dixit,

241 2153 254 2167 ι
273 2141 327 2178 Qui
343 2142 435 2170 vultis.
453 2153 466 2166 ι
483 2142 549 2170 Non
564 2141 639 2169 enim
661 2141 689 2170 id
711 2140 785 2177 quod
807 2141 843 2170 ab
855 2141 910 2170 illis
933 2142 1034 2178 ageba-
1051 2150 1076 2181 ι)

237 2189 284 2214 tur
307 2193 401 2215 rerum
424 2186 616 2222 consequentia
641 2186 810 2222 postulabat,
840 2185 889 2215 sed
914 2186 1040 2222 ipsorum

237 2231 394 2268 importuna
415 2231 552 2260 contentio
577 2230 722 2259 efﬁciebat.
748 2231 851 2267 Legem
873 2235 967 2260 autem
988 2240 1038 2268 ap-

239 2276 322 2312 pellat
344 2277 482 2305 Geneseos
501 2276 614 2304 librum.
630 2276 679 2304 Est
697 2275 769 2304 enim
785 2276 823 2304 illi
839 2275 868 2304 in
882 2284 976 2311 more,
992 2281 1037 2306 to-

237 2324 298 2349 tum
311 2322 397 2349 Vetus
411 2322 624 2349 Testamentum
642 2320 729 2356 legem
743 2321 891 2356 appellare.

272 2366 361 2394 Vns.
383 2368 429 2393 22.
455 2374 470 2392 α
491 2365 630 2400 Scriptum
650 2369 693 2393 est
705 2365 791 2400 enim,
802 2366 876 2402 quod
892 2366 1034 2395 Abraham

236 2409 307 2438 duos
320 2408 392 2437 ﬁlios
406 2409 515 2445 habuit,
530 2416 618 2437 unum
638 2416 671 2437 ex
684 2410 793 2444 ancilla,
807 2414 835 2439 et
849 2410 934 2446 352
950 2419 1036 2440 unum

236 2461 268 2483 ex
281 2453 376 2483 libera.
402 2465 416 2479 »
432 2455 521 2489 Supra
543 2453 621 2488 dixit,
659 2465 671 2479 ι
687 2454 748 2482 Filii
767 2455 833 2483 estis
847 2455 1000 2484 Abrahami
1020 2467 1036 2481 ν

236 2497 372 2534 Quoniam
388 2505 454 2527 vero
474 2506 530 2526 non
553 2497 676 2535 ejusdem
697 2497 808 2527 fuerunt
827 2498 966 2535 dignitatis
987 2501 1036 2529 ﬁlii

236 2542 414 2579 patriarchae,
428 2542 478 2571 sed
497 2544 566 2572 alter
586 2542 699 2578 quidem
715 2550 748 2570 ex
773 2550 868 2578 serva,
890 2544 958 2572 alter
972 2553 1037 2574 vero

237 2596 270 2617 ex
294 2588 394 2623 libera;
420 2587 542 2616 ostendit
564 2587 638 2624 quod
663 2589 724 2616 Non
740 2588 832 2616 solum
854 2588 916 2623 ﬁlii,
939 2598 1036 2619 verum

235 2633 320 2662 etiam
331 2633 402 2662 tales
415 2633 491 2667 estis,
511 2632 603 2669 qualis
614 2636 656 2661 est
667 2631 736 2661 liber
749 2637 778 2661 et
793 2633 928 2670 ingenuus
943 2645 950 2663 :
966 2633 1036 2663 adeo

234 2686 283 2707 vos
297 2677 367 2707 ﬁnes
380 2678 514 2715 ingenuos
527 2677 658 2707 reddidit.

1095 945 1197 972 μουσαν
1212 937 1266 966 τοῖς
1291 933 1415 966 παιδίοις.
1441 933 1611 973 Διεφθείρατε
1624 956 1634 970 ,
1648 932 1731 972 φησὶ,
1745 931 1784 966 τὴν
1804 942 1846 969 μορ-

1093 979 1143 1018 φὴν
1158 980 1205 1007 τοῦ
1222 980 1342 1018 Χριστοῦ
1353 1000 1362 1014 ,
1377 978 1410 1013 ἣν
1431 978 1517 1018 εἴχετε
1539 979 1566 1007 ἐν
1588 979 1653 1015 ὓμῖν
1675 977 1757 1010 αὐτοῖς
1768 975 1806 1004 ἀπὸ
1817 976 1845 1003 τεδ

1094 1023 1294 1062 βαπτίσματος,
1309 1021 1355 1052 καὶ
1370 1022 1458 1052 δέεσθε
1475 1022 1556 1051 πάλιν
1580 1022 1672 1062 ἑτέρας
1693 1021 1842 1058 ἀναγεννήσεως

1092 1068 1138 1097 καὶ
1163 1066 1359 1106 ἀνακλάσεως,
1383 1066 1428 1096 ἵνα
1450 1068 1531 1096 πάλιν
1555 1068 1583 1096 ἐν
1605 1068 1670 1105 ὓμῖν
1693 1068 1709 1102 ἡ
1734 1064 1803 1104 μορφὴ
1818 1065 1843 1091 '73

1093 1113 1211 1153 Χριστοῦ
1236 1111 1364 1152 γένηται,
1388 1111 1457 1142 ὥστε
1484 1112 1510 1146 ἐξ
1539 1112 1619 1141 αὐτοῦ
1650 1110 1844 1151 χαρακτηρίξεσθπε

1093 1158 1171 1195 ὑμᾶς.
1188 1156 1276 1187 Πάλιν
1291 1155 1342 1196 γὰρ
1357 1157 1428 1194 ὑμᾶς
1449 1156 1553 1192 ὠδίνω,
1578 1156 1621 1185 διὰ
1648 1158 1695 1191 τῆς
1719 1153 1845 1184 διδασκαλίαι

1094 1202 1174 1231 πάλιν
1192 1202 1338 1240 ἆναγεννῶ.
1357 1201 1398 1230 οὖ
1412 1200 1464 1240 γὰρ
1481 1198 1673 1238 ἀπογινώσκω.
1690 1197 1737 1228 Διὰ
1750 1200 1809 1226 τοῦτο
1819 1207 1844 1223 ιιι

1092 1245 1182 1275 τεκνία
1199 1246 1284 1283 καλῶ,
1299 1245 1343 1274 ἵνα
1359 1245 1397 1284 μὴ
1419 1246 1495 1283 ὑμεῖς
1518 1245 1669 1283 ἀπογνῶτε.
1697 1242 1747 1273 Καὶ
1767 1241 1845 1270 τοῦτοὲ

1092 1290 1162 1320 κατὰ
1190 1291 1382 1321 Ναυατιανῶν·
1408 1289 1469 1323 τοὺς
1492 1288 1543 1328 γὰρ
1562 1289 1688 1321 Γαλάτας
1712 1288 1799 1318 Παῦλος

1091 1335 1171 1364 πάλιν
1195 1334 1282 1364 ὠδίνει
1308 1335 1351 1364 καὶ
1371 1335 1519 1374 ἀναμορφοί
1534 1346 1540 1352 -
1557 1335 1654 1363 ἐκεῖνοι
1680 1334 1706 1363 δὲ
1721 1333 1747 1361 οὐ
1764 1330 1844 1370 1:19:55-

1090 1390 1185 1419 χονται
1199 1379 1247 1415 τὴν
1262 1380 1291 1408 ἐκ
1305 1379 1447 1417 μετανοίας
1459 1379 1612 1419 διόρθωσιν.

1134 1434 1149 1452 ιι
1161 1423 1275 1454 Ἦθελον
1288 1424 1315 1453 δὲ
1330 1424 1454 1463 παρεῖναι
1472 1423 1537 1463 πρὸς
1553 1425 1622 1461 aps;
1641 1423 1719 1462 ἄρτι,
1734 1420 1773 1450 καὶ
1789 1419 1843 1448 ἄλ)ιᾶ-

1091 1467 1134 1503 ξαι
1151 1468 1200 1504 τὴν
1228 1468 1318 1510 φωνήν
1343 1480 1410 1507 μου,
1427 1468 1468 1498 ὅτι
1484 1469 1640 1508 ἀποροῦμαι
1661 1470 1687 1498 ἐν
1710 1469 1772 1506 ὑμῖν.
1784 1476 1796 1494 li
1809 1464 1844 1494 031

1093 1513 1227 1554 ἀρκοῦμαι
1251 1517 1306 1546 τοῖς
1328 1513 1486 1554 γράμμασιν
1500 1535 1509 1552 ,
1532 1513 1591 1542 ἀλλ’
1612 1513 1708 1549 ἤθελον
1729 1511 1769 1541 καὶ
1783 1512 1844 1547 παρεῖ-

1055 1550 1078 1582 C
1093 1550 1137 1587 ναι
1153 1559 1198 1587 καὶ
1214 1557 1328 1592 ἀλλάξαι
1342 1550 1391 1593 τὴν
1407 1557 1497 1597 φωνήν
1514 1569 1567 1597 μου
1578 1580 1587 1594 ,
1611 1558 1759 1594 τουτέστιν,
1773 1556 1799 1587 tit
1812 1555 1843 1581 ὀιο-

1093 1602 1211 1643 φυρμοὺς
1231 1603 1276 1632 καὶ
1299 1601 1407 1642 θρήνους
1428 1603 1524 1643 τρέψαι
1539 1602 1652 1639 ταύτην.
1680 1602 1733 1632 Καὶ
1746 1600 1788 1639 γὰρ
1804 1600 1844 1626 ἀπα·

1093 1642 1135 1687 ρῶν
1150 1647 1176 1676 τί
1203 1647 1270 1677 εἴπω
1293 1647 1355 1686 περὶ
1384 1648 1460 1685 ὑμῶν
1471 1642 1485 1685 ,ν
1506 1649 1563 1681 πῶς
1588 1649 1612 1677 οἱ
1639 1646 1720 1680 οδτως
1740 1642 1843 1687 ὑψωθέντις

1091 1686 1161 1721 ὥστε
1174 1692 1220 1722 καὶ
1235 1691 1401 1721 κινδυνεῦσαι
1416 1691 1481 1731 ὑπὲρ
1495 1694 1542 1728 τῆς
1559 1692 1677 1726 πίστεως
1687 1713 1695 1728 ,
1720 1690 1760 1720 καὶ
1779 1686 1842 1733 mqu

1091 1736 1196 1765 τελέσαι
1210 1736 1253 1765 διὰ
1268 1738 1314 1772 τῆς
1327 1735 1460 1772 πίστεως,
1474 1740 1519 1766 νῦν
1534 1737 1571 1770 εἷς
1587 1736 1635 1773 τὴν
1654 1735 1759 1775 νομικὴν
1770 1733 1791 1751 ⁹⁹
1801 1733 1842 1760 Evt!“

1091 1783 1163 1810 λειαν
1181 1781 1363 1820 περισύρεσθε.
1386 1780 1439 1810 Διὰ
1454 1783 1531 1810 τοῦτο
1550 1777 1595 1810 οὖν
1608 1780 1705 1817 ἤθελον
1718 1778 1796 1819 παρὼν
1807 1776 1842 1811 ὑμῖν

1091 1825 1274 1866 ὀλοφύρεσθαι.
1286 1823 1378 1854 ⁴⁷Οταν
1391 1825 1441 1865 γὰρ
1455 1825 1678 1866 ἄμηχανήσωμεν
1685 1847 1695 1865 ,
1711 1823 1814 1862 εἰώθαμεν
1823 1820 1844 1849 εἷς

1091 1870 1193 1910 δάκρυα
1208 1870 1414 1910 καταφέρεσθαι.

1135 1925 1150 1943 α
1165 1914 1264 1953 Λέγετί
1287 1925 1352 1953 μοι,
1376 1916 1401 1945 οἱ
1417 1914 1467 1944 ὕπὸ
1489 1915 1572 1954 νόμου
1597 1915 1714 1948 θέλοντες
1728 1909 1801 1949 εἶναι,
1818 1908 1844 1938 τὸν

1090 1959 1171 1997 νόμον
1194 1960 1242 1989 οὐκ.
1262 1959 1389 1996 (inceden;
1407 1970 1422 1989 I
1453 1959 1565 1994 Ἐπειδὴ
1587 1961 1686 1993 ἱκανῶς
1702 1957 1782 1990 αὖτοὺς
1801 1954 1843 1991 ἐμά’

1089 2003 1153 2038 λαξι
1176 2003 1223 2033 καὶ
1243 2004 1434 2042 ἐπεσπάσατο,
1457 2005 1539 2034 πάλιν
1563 2006 1599 2039 εἷς
1622 2007 1724 2045 ἀγῶνας
1745 1999 1842 2045 ίμὸαίνξίι

1090 2048 1190 2081 δεικνὺς
1204 2048 1244 2078 ὅτι
1263 2048 1342 2083 αὐτὸς
1356 2050 1370 2078 ὁ
1391 2048 1470 2088 νόμος
1490 2050 1521 2079 οὗ
1539 2043 1664 2090 βούλεται
1679 2048 1763 2079 ἱαυτὸν
1776 2043 1842 2090 φυλάξ-

1089 2095 1181 2122 τεσθαι
1194 2104 1202 2112 ο
1224 2093 1269 2123 καί
1293 2081 1373 2134 φησιν
1389 2105 1396 2113 ·
1413 2081 1586 2135 ’λποκρίθητιί
1609 2106 1664 2132 μοι.
1690 2081 1808 2135 Καλῶς-δέ
1822 2081 1843 2115 εἷ’

1089 2149 1124 2167 πε
1137 2137 1184 2184 τὸ,
1210 2148 1225 2184 α
1241 2137 1380 2184 Θέλοντος.
1398 2151 1412 2165 ιι
1438 2140 1479 2169 Οὗ
1498 2134 1554 2178 γὰρ
1579 2140 1627 2184 τῆς
1650 2140 1702 2168 τῶν
1718 2134 1842 2184 «pavitant?

1095 2182 1266 2220 ἀκολουθίας,
1290 2183 1359 2212 ἀλλὰ
1373 2185 1420 2220 τῆς
1443 2185 1531 2214 αὐτῶν
1553 2183 1666 2224 ἀκαίρου
1681 2179 1815 2224 φιλονεικίας
1823 2179 1842 2210 ἠ*

1092 2227 1123 2257 τὸ
1137 2231 1259 2267 πρᾶγμα.
1272 2226 1367 2267 Νόμον
1380 2228 1407 2257 δὲ
1422 2228 1492 2267 λέγει
1506 2228 1536 2258 τὸ
1558 2231 1607 2264 τῆς
1621 2222 1741 2268 quidem
1760 2222 1842 2264 βιϐλίαν

1092 2271 1148 2305 ἔθος
1163 2271 1214 2312 γὰρ
1229 2273 1301 2312 αὐτῷ
1314 2277 1408 2303 πᾶσαν
1422 2272 1468 2308 τὴν
1483 2273 1609 2304 Παλαιὰν
1624 2274 1702 2313 νόμον
1713 2270 1798 2302 καλεῖν.

1135 2376 1148 2388 ι
1167 2361 1321 2402 Γέγραπται
1333 2363 1395 2404 γὰρ,
1411 2362 1451 2393 ὅτι
1468 2362 1592 2404 Ἀϐραὰμ
1606 2363 1652 2393 δύο
1664 2363 1729 2395 υἱοὺς
1741 2354 1840 2404 εἶχιζίνπ

1092 2407 1123 2436 ἐκ
1137 2408 1185 2443 τῆς
1199 2408 1342 2445 παιδίσκης
1354 2430 1363 2445 ,
1378 2408 1426 2438 καὶ
1440 2408 1488 2438 ἕνα
1506 2403 1536 2438 ἐκ
1549 2411 1598 2444 τῆς
1611 2407 1770 2450 ἐλευθέραωι
1785 2403 1838 2450 Elii"

1092 2452 1232 2493 ἀνωτέρω,
1247 2452 1288 2482 ὅτι
1302 2466 1314 2480 ι
1329 2452 1390 2483 Υἱοί
1406 2454 1466 2484 ἐστε
1481 2452 1614 2493 Ἀϐραάμ.
1631 2466 1643 2480 ι
1667 2446 1739 2483 Ἐπεὶ
1749 2448 1771 2478 δὲ

1092 2487 1184 2533 αὐτῆς.
1197 2487 1271 2532 ἀξίας
1293 2492 1362 2534 ἦσαν
1382 2499 1407 2528 οἱ
1430 2497 1482 2528 υἱοὶ
1507 2487 1555 2528 τοῦ
1580 2487 1754 2538 πατριάρχου,
1770 2488 1814 2538 ἀλλ’
1830 2487 1838 2514 δ

1093 2541 1142 2580 μὲν
1155 2542 1186 2571 ἐκ
1201 2543 1249 2578 τῆς
1269 2542 1378 2581 δούλης,
1399 2545 1415 2573 ὁ
1435 2542 1463 2572 δὲ
1487 2544 1518 2573 ἐκ
1533 2543 1581 2578 τῆς
1595 2535 1726 2582 ἐλευθέρας
1737 2552 1743 2559 '
1761 2535 1838 2582 διίινξν

1092 2589 1153 2624 νῦν,
1169 2587 1211 2617 ὅτι
1224 2588 1265 2618 Οὖ
1280 2587 1360 2627 μόνον
1372 2587 1437 2625 υἱοὶ,
1455 2587 1523 2618 ἀλλὰ
1538 2587 1585 2617 καὶ
1607 2586 1715 2617 τοιοῦτοί
1735 2579 1837 2627 ἔπερ-σθ(

1093 2633 1107 2659 ὁ
1121 2623 1253 2674 ἐλεύθερος
1275 2623 1320 2662 καὶ
1341 2623 1464 2673 εὐγενής·
1484 2631 1568 2666 οὕτως
1583 2634 1650 2672 ὑμᾶς
1667 2634 1684 2669 ἡ
1697 2630 1772 2660 πίστις
1785 2623 1836 2657 ἶξηιν

1092 2676 1212 2715 γένησεν.

927 2755 1200 2797 νοιὶωᾉεοιὶοαεί.

268 2800 290 2816 ³⁸
304 2799 344 2827 ὅτι
355 2807 384 2828 0.
427 2800 448 2818 ³³
461 2798 583 2836 κοσμικὴν
599 2801 640 2829 ο.’
