1877 3081
40 187 100 213 1005

74 261 84 273 ιι
99 245 166 277 Ἀλλ’
180 247 194 275 6
209 246 256 284 μὲν
273 247 303 276 ἐκ
316 249 364 283 τ’ἤς
375 247 518 283 παιδίσκης
541 246 610 276 κατὰ
625 247 711 286 σάρκα
733 246 822 286 γεγέν-
839 248 864 280 Α

37 303 122 327 νηταν
137 293 150 320 6
163 291 190 319 δὲ
204 292 234 320 ἐκ
248 292 293 326 τῆς
317 291 470 331 ἐλευθέρας,
494 292 537 321 διὰ
558 294 603 326 τῆς
619 291 789 331 ἐπαγγελίας.
808 305 820 318 υ

39 335 143 371 Ἐπειδὴ
163 336 247 375 λέγων
273 335 343 369 υἱοὺς
365 335 459 369 αὖτοὺς
480 332 548 366 εἶναι
575 335 716 375 Ἀϐραὰμ,
742 336 825 365 ἐδόκει

39 382 146 411 ἀπίθανα
162 381 264 420 λέγειν,
282 380 308 410 εἴ
323 393 353 420 γε
366 383 390 410 οἱ
406 380 443 420 μὴ
466 381 536 410 κατὰ
560 381 646 422 σάρκα
664 381 690 415 ἐξ
703 381 825 421 Ἀϐραὰμ

36 426 195 466 γεννηθέντες
214 426 265 455 υἱοὶ
285 426 365 455 αὐτοῦ
382 427 432 455 εἰσι
447 439 453 444 -
475 426 571 466 φησὶν,
586 427 626 456 ὅτι
645 426 690 455 καὶ
704 428 718 456 6
732 425 824 457 Ἰσαὰκ

36 474 48 500 6
74 469 224 509 οἰκειότερος
253 469 306 504 υἱὸς
330 473 375 500 τοῦ
400 470 541 510 Ἀϐραὰμ,
566 471 625 500 οὐδὲ
652 471 728 504 αὐτὸς
754 470 825 501 κατὰ

37 516 115 555 σάρκα
136 515 289 553 γεγέννηται
303 526 310 533 ·
335 517 391 549 πῶς
411 515 463 556 γὰρ
488 518 534 551 τῆς
557 515 660 557 φύσεως
680 515 825 555 νεκρωθεί-

37 572 94 596 σης,
130 559 175 588 καὶ
200 561 246 595 τῆς
274 558 378 599 μήτρας
407 560 624 600 πεπηρωμένης;
655 559 714 589 ἀλλ’
739 562 754 589 6
779 563 824 590 τοῦ

37 606 99 635 Θεοί]
115 603 188 642 λόγος
209 603 254 633 καὶ
274 605 291 639 ἡ
313 603 458 642 ἐπαγγελία
475 604 554 633 αὐτὸν
570 605 723 634 διέπλασεν.
748 604 781 635 Ὁ
796 604 824 634 δὲ

38 648 143 686 Ἰσμαὴλ
158 648 260 688 φύσεως
271 648 413 690 ἀκολουθίᾳ
431 649 596 688 γεγέννηται.
611 651 698 679 Τοῦτο
720 649 771 689 γὰρ
785 649 824 686 τὸ,

40 704 53 723 ι(
68 694 142 723 Κατὰ
160 692 263 732 σάρκα,
274 704 288 721 ))
309 693 381 722 ἔστιν
395 705 401 712 ·
417 694 475 722 ἀλλ’
491 693 562 732 ὅμως
581 695 595 723 6
609 693 658 732 μὲν
673 693 744 723 κατὰ
759 693 824 733 σάρ-

37 750 83 774 κα,
100 738 186 771 δοῦλος
201 738 247 766 καὶ
271 737 406 777 ἀλλότριος
425 739 472 772 τῆς
495 738 690 777 κληρονομίας·
705 739 720 768 6
742 738 769 767 δὲ
785 738 824 777 μὴ

38 782 99 812 κατὰ
112 782 215 821 σάρκα,
231 782 359 818 δεσπότης
381 782 427 812 καὶ
451 783 623 823 κληρονόμος.
642 784 668 813 Τ
671 782 679 812 ί
693 782 778 812 τοίνυν
794 783 826 813 τὸ

38 827 128 857 κωλύον
150 827 197 856 καὶ
223 828 310 865 ὓμᾶς,
325 827 347 856 εἷ
371 826 408 865 μὴ
426 828 472 856 καὶ
494 827 563 857 κατὰ
587 827 675 867 σάρκα
700 827 825 866 γεγόνατι

38 871 210 911 ἒΞἏϐραὰμ,
236 871 305 904 υἱοὺς
330 872 411 900 αὐτοῦ
438 866 523 909 simi;
550 872 595 900 καὶ
609 866 659 911 γᾶρ
684 872 730 901 καὶ
754 874 827 911 ὑμεῖς

38 917 76 945 διὰ
90 918 138 945 τῶν
155 917 200 945 ἐπὶ
225 918 258 955 τῇ
277 915 451 956 κολυμϐήθρᾳ
475 916 671 955 ἐπιλεγομένων
695 916 825 956 ῥημάτιον
844 908 868 940 Β

38 961 216 997 διεπλάσθητε.

77 1050 196 1081 αἍτινά
224 1051 295 1080 ἐστιν
321 1050 547 1091 ἀλληγορούμενα,
577 1061 590 1079 n
621 1050 780 1090 Τουτέστιν,
811 1054 827 1087 ἡ

38 1096 81 1133 μὲν
96 1096 197 1136 ἵστορία
224 1095 291 1130 αὕτη
316 1096 344 1124 οὖ
370 1096 449 1134 μόνον
473 1098 551 1125 τοῦτο
578 1096 668 1131 δηλοῖ,
696 1095 766 1125 ἀλλὰ
783 1096 829 1125 καὶ

37 1142 100 1170 ἄλλα
128 1140 186 1169 τινὰ
211 1138 350 1180 ἀγορεύειο
378 1140 417 1169 διὸ
440 1139 486 1169 καὶ
512 1140 658 1180 ἀλληγορία
687 1140 826 1177 κέκληται.

37 1185 121 1218 Τόπος
135 1184 186 1225 γὰρ
201 1180 270 1221 ἦσαν
284 1185 370 1214 ἐκεῖνα
384 1186 434 1213 τῶν
450 1185 604 1224 παρόντων.

72 1243 83 1255 ιι
99 1224 181 1258 Λῖται
196 1229 249 1268 γάρ
264 1230 329 1259 εἰσιν
346 1230 374 1258 αἱ
397 1229 442 1259 δύο
469 1231 596 1265 διαθῆκαι
613 1240 619 1248 ·
645 1230 694 1267 μία
711 1229 759 1268 μὲν
774 1229 829 1259 ἀπὸ

38 1275 105 1313 ὅρους
118 1275 185 1304 Σινᾶ
202 1275 238 1307 εἷς
261 1274 380 1303 δουλείαν
396 1275 529 1313 γεννῶσα,
553 1274 610 1310 ἥτις
637 1274 708 1304 ἐστίν
733 1273 827 1315 Ἅγαρ.

38 1319 74 1348 Τὸ
88 1318 135 1357 γὰρ
157 1318 245 1358 Ἅγαρ
270 1319 337 1348 Σινᾶ
358 1318 416 1358 ὄρος
437 1318 507 1348 ἐστὶν
531 1319 556 1347 ἐν
572 1321 605 1358 τῇ
632 1318 744 1359 Ἀραϐίᾳ
757 1330 763 1337 ·
779 1331 827 1349 συ-

39 1367 132 1402 στοιχεί
145 1363 171 1392 δὲ
186 1365 222 1402 τῇ
235 1365 280 1392 ν’ὖν
301 1362 481 1403 Ἰερουσαλὴμ
493 1385 501 1399 ,
517 1363 634 1393 δουλεύει
648 1365 675 1393 δὲ
693 1364 761 1402 μετὰ
775 1366 828 1394 τῶν

38 1407 128 1436 τέκνων
140 1408 234 1444 αὐτῆς.
246 1420 258 1433 ι
269 1424 310 1430 -
320 1420 331 1433 α
344 1403 441 1439 Αἷται.
455 1422 467 1434 ν
484 1409 582 1445 Ποίαι;
597 1409 631 1438 Αἱ
646 1407 692 1438 δύο
708 1408 829 1447 γυναῖκες

40 1452 242 1492 ἆλληγοροῧνται
257 1451 294 1485 εἴς
314 1464 342 1481 τε
357 1452 404 1487 τὴν
423 1452 494 1483 Νέαν
511 1452 557 1482 καὶ
579 1453 614 1486 εἷς
629 1452 677 1488 τὴν
704 1453 828 1483 Παλαιὰν

41 1496 178 1531 Διαθήκην.
199 1498 278 1534 Πῶς
298 1495 332 1526 Ἦ
350 1496 397 1534 μὲν
411 1496 496 1536 Ἅγαρ
513 1498 547 1530 εἷς
563 1497 610 1532 τὴν
625 1497 758 1527 Παλαιάν.
775 1498 829 1527 Καὶ

40 1540 84 1579 γὰρ
98 1542 111 1570 6
125 1541 204 1579 νόμος
223 1540 332 1570 ἀπὸτοῦ
344 1542 411 1570 Σινᾶ
429 1541 504 1580 ὅρους
519 1541 606 1577 ἐδόθη.
623 1542 663 1572 Τὸ
677 1541 704 1570 δὲ
718 1543 785 1571 Σινᾶ
802 1544 828 1571 ἓν

40 1584 142 1625 Ἀραϐίᾳ
158 1585 208 1624 μέν
224 1586 294 1615 ἔστιν
308 1608 316 1623 ,
333 1584 417 1633 Ἅγαρ
434 1585 460 1615 δὲ
476 1587 600 1615 καλεῖται
615 1588 648 1625 τῇ
671 1585 805 1626 Ἀραϐικῇ
819 1587 826 1604 ¹
851 1601 873 1633 C

40 1629 140 1670 γλώσσῃ
158 1639 165 1647 “
189 1634 327 1670 συστοιχεῖ
351 1629 379 1659 δὲ
400 1630 445 1660 καὶ
464 1633 497 1670 τῇ
513 1630 691 1670 Ἱερουσαλήμ
706 1643 713 1650 ·
738 1631 830 1661 τουτέ-

41 1686 92 1710 στι,
106 1674 248 1713 γειτνιάζει
260 1697 268 1711 ,
283 1675 410 1704 ἅπτεται·
426 1675 444 1710 ἢ
460 1676 500 1704 ὅτι
515 1676 686 1709 ἀπεικάζεται
708 1678 741 1715 τῇ
758 1676 831 1706 κάτω

40 1718 231 1759 Ἰερουσαλὴμ,
257 1720 303 1749 καὶ
336 1718 460 1759 ἀναλογεῖ
485 1721 571 1758 αὐτῇ,
597 1720 641 1749 καὶ
668 1722 704 1754 εἷς
729 1720 831 1757 ἐκείνην

39 1763 247 1801 ἐθαμϐάνεται,
263 1765 297 1797 ὥς
323 1764 476 1802 ὁμοιότητος
496 1764 576 1800 οὔσης
592 1765 701 1805 ἀμφοῖν.
722 1765 832 1804 ⁷Ωσπερ

40 1802 79 1836 οὖν
93 1810 108 1844 ἡ
122 1807 206 1848 Ἅγαρ
225 1808 306 1844 δούλη
323 1803 372 1844 ἦν,
388 1809 433 1837 καὶ
450 1811 485 1842 εἰς
501 1808 621 1838 δουλείαν
639 1809 730 1848 ἐγέννα
743 1821 749 1828 '
765 1810 833 1840 οὕτω

40 1854 80 1881 καὶ
101 1854 115 1882 ὁ
136 1853 218 1891 νόμος
234 1855 248 1882 6
275 1854 304 1882 ἐκ
325 1856 370 1882 τοῦ
394 1854 461 1883 Σινᾶ
487 1853 576 1892 ὅρους,
607 1856 652 1882 τοῦ
668 1855 832 1892 καλουμένου

39 1895 133 1936 Ἅγαρ,
155 1896 202 1926 καὶ
225 1896 291 1936 πρὸς
315 1897 363 1932 τὴν
390 1897 567 1937 Ἰερουσαλὴμ
600 1898 830 1936 ἀπεικαζομένου,

40 1942 70 1974 ὡς
85 1941 226 1981 συστοίχου
240 1941 312 1975 ὄντος
339 1943 406 1982 αὐτῇ
421 1943 466 1971 καὶ
489 1941 619 1981 ἀναλόγου
629 1964 637 1978 ,
662 1943 697 1976 εἰς
713 1943 833 1972 δουλείαν

40 1990 112 2026 γεννᾷ
125 1985 184 2019 τοὺς
199 1987 272 2025 αὐτῷ
287 1986 476 2026 προσέχοντας.
502 1986 558 2016 Καὶ
582 1987 633 2026 γὰρ
657 1988 683 2016 ἐν
708 1989 745 2027 τῷ
761 1987 834 2028 νόμῳ

42 2030 103 2059 πολὺ
121 2030 152 2060 τὸ
172 2030 342 2071 ἀνελεύθερον
364 2031 409 2060 καὶ
426 2030 554 2060 δουλικόν.
578 2030 619 2061 Ἥ
634 2043 662 2060 τε
677 2031 729 2072 γὰρ
753 2032 834 2072 ἀρετὴ

41 2074 81 2103 ἐπὶ
98 2076 185 2115 μισθῷ
202 2076 383 2114 ἕνομοθετεῐτο
398 2077 505 2116 φθαρτῷ
516 2098 523 2112 ,
539 2076 592 2109 τοῖς
607 2077 654 2112 τῆς
669 2078 736 2116 γ’ἧς,
752 2077 834 2117 φημὶ,

42 2120 162 2158 ἀγαθοῖς·
178 2120 226 2149 καὶ
253 2122 270 2155 ἡ
300 2122 346 2156 τῆς
372 2120 467 2154 κακίας
481 2120 606 2161 ἀποφυγὴ
632 2120 676 2150 διὰ
698 2122 833 2152 κολάσεων

41 2164 83 2193 καὶ
97 2164 187 2205 φόϐων
200 2165 342 2204 εἰσηγεῖτο.

83 2219 96 2237 (ι
114 2209 150 2240 Ἡ
177 2209 205 2239 δὲ
231 2209 286 2238 ἄνω
309 2209 486 2250 Ἰερουσαλὴμ
513 2210 636 2251 ἐλευθέρα
662 2210 749 2248 ἐστὶν,
777 2211 835 2248 ἥτις

41 2254 92 2282 ἐστὶ
106 2253 198 2294 μήτηρ
215 2254 324 2284 πάντων
335 2256 422 2293 ἡμῶν.
440 2265 454 2283 ι
480 2254 515 2285 εΟ
529 2255 579 2293 μὲν
595 2255 677 2290 τύπος
693 2258 740 2292 τῆς
752 2257 836 2297 Ἅγαρ

43 2299 66 2326 ἕν
80 2298 180 2332 τούτοις
192 2310 200 2317 ·
217 2299 265 2338 δρα
290 2298 317 2328 δὲ
334 2299 380 2329 καὶ
395 2298 440 2328 τὸν
463 2301 509 2335 τῆς
533 2299 640 2340 Σάῤῥας
657 2312 663 2319 ·
691 2301 759 2338 αὕτη
783 2301 836 2342 γὰρ

42 2342 86 2377 τὴν
110 2343 165 2373 ἄνω
190 2342 373 2383 Ἰερουσαλὴμ
407 2344 569 2386 ττροετύπου.
605 2344 713 2382 Ἐκείνη
744 2346 795 2386 γὰρ
821 2348 835 2382 ἡ

43 2386 113 2420 πόλις
127 2388 182 2417 τῶν
207 2390 325 2424 πιστῶν,
342 2389 386 2428 ἄρ’
411 2384 442 2424 ἧς
463 2387 509 2418 καὶ
524 2390 538 2418 6
550 2388 627 2427 νόμος
643 2391 706 2428 ἡμῖν
721 2399 728 2407 ·
748 2390 775 2424 ἐξ
792 2391 837 2420 οὖ-

44 2435 117 2470 ρανοῢ
144 2432 198 2473 γὰρ
221 2432 252 2462 τὸ
280 2434 451 2472 Εὖαγγέλιον.
487 2433 631 2474 Ἐλευθέρα
661 2434 688 2463 δέ
717 2436 786 2464 ἔστιν
809 2436 838 2465 ἐκ

42 2478 90 2504 τῶν
104 2479 152 2506 τοῦ
168 2477 253 2516 νόμου
267 2477 497 2517 παρατηρήσεων,
513 2480 560 2507 καὶ
584 2479 672 2508 πάντα
696 2479 838 2520 ἐλευθέρως

44 2520 210 2551 διατάττεται
236 2521 282 2551 καὶ
307 2523 429 2561 εὐγενῶς.
458 2522 542 2553 Οὐδὲν
564 2523 615 2563 γὰρ
631 2525 696 2562 ἡμῖν
722 2524 766 2554 ἐπὶ
793 2537 839 2563 μι-

45 2567 94 2605 σθῷ
120 2567 210 2606 ὁρατῷ
236 2569 427 2607 κατορθοῦται,
452 2567 511 2597 οῦδὲ
537 2567 659 2602 κολάσεις
686 2570 839 2607 σωματικαὶ

45 2609 237 2650 ἐπικρέμανται
253 2612 315 2649 ἡμῖν
328 2634 337 2647 ,
363 2611 432 2642 ἀλλὰ
454 2613 500 2642 καὶ
526 2613 553 2641 αἱ
570 2613 727 2653 ἐπαγγελίαι
742 2613 837 2644 θειότε-

47 2664 101 2692 ραι,
124 2655 171 2684 xui.
194 2656 223 2684 αἱ
251 2656 371 2690 κολάσεις
398 2657 514 2696 εὖγενέσι
539 2657 704 2697 πρέπουσαι,
724 2658 755 2688 τὸ
775 2670 840 2699 τρα-

47 2699 122 2735 πέζης
136 2702 269 2738 μυστικῆς
283 2702 486 2742 ἐκκλεισθῆναι,
502 2702 549 2732 καὶ
568 2704 768 2742 ἐπιτιμηθῆναί.

472 183 648 212 EXPOSITIO
669 185 700 212 IN
720 183 828 212 EPIST.
849 184 894 211 Al)
914 184 1034 212 GALAT.
1054 200 1087 204 —
1103 185 1177 212 CAP.
1198 186 1241 213 ιν.

1609 190 1676 217 10Οὸ

916 247 1002 274 Vsus.
1025 249 1068 274 23.
1096 258 1108 271 «ι
1133 246 1186 275 Sed
1205 248 1251 283 qui
1278 256 1309 276 ex
1330 249 1429 277 ancila
1449 250 1599 279 secundum
1615 259 1677 279 car-

881 299 944 318 nem
963 296 1043 320 natus
1068 296 1124 326 est;
1150 292 1196 327 qui
1220 297 1311 320 autem
1330 301 1362 321 ex
1382 293 1476 327 libera,
1493 303 1539 330 per
1559 296 1677 331 promis-

879 337 997 364 sionem.
1024 347 1038 363 ν)
1074 337 1145 372 Quia
1170 345 1234 365 cum
1258 337 1411 366 affirmaret
1444 347 1492 366 eos
1521 339 1590 367 ﬁlios
1617 348 1676 369 esse

879 380 1045 415 Abrahami,
1071 381 1262 417 improbabilia
1288 382 1389 410 dixisse
1416 383 1567 418 videbatur,
1592 385 1677 420 siqui-

879 425 943 453 dem
958 425 976 454 ii
987 426 1033 462 qui
1044 434 1100 454 non
1110 425 1263 454 secundum
1272 435 1384 455 carnem
1395 435 1426 455 ex
1436 427 1606 460 Abrahamo,
1621 430 1676 457 nati

879 474 953 503 sunt,
969 470 1017 499 ﬁlii
1028 471 1090 507 ejus
1101 476 1191 500 essent
1204 481 1209 499 :
1222 472 1319 500 asserit
1333 472 1407 507 quod
1419 477 1446 500 et
1459 474 1533 500 Isaac
1544 474 1675 508 genuinus

879 515 1028 543 Atrahami
1050 515 1133 549 ﬁlius,
1148 524 1182 544 ne
1197 516 1252 552 ipse
1267 516 1377 552 quidem
1397 517 1547 545 secundum
1561 526 1674 546 carnem

878 564 959 587 natus
973 560 1018 594 sit,
1039 559 1193 596 (quomodo
1206 561 1293 595 enim,
1308 565 1402 588 natura
1418 566 1557 595 emortua,
1572 566 1600 589 et
1615 570 1674 590 ma-

880 603 946 631 trice
958 604 1051 632 effmta
1073 609 1100 632 et
1122 605 1283 637 mutilata?)
1306 605 1351 632 sed
1368 605 1416 633 Dei
1432 606 1543 633 verbum
1559 611 1586 633 et
1612 615 1674 642 pro-

880 648 975 676 missio
997 649 1086 684 ipsum
1100 649 1213 677 efﬂuxit.
1231 651 1267 677 At
1287 658 1348 677 vero
1362 650 1458 677 lsmael
1476 650 1551 686 juxta
1571 655 1676 679 natura:

880 692 1004 721 ordinem
1027 697 1107 721 natus
1124 698 1192 722 erat.
1215 695 1274 722 Hoc
1294 695 1366 722 enim
1384 699 1425 722 est
1449 695 1522 730 quod
1536 696 1584 728 ait,
1600 707 1613 721 ι(
1629 697 1675 723 Se-

879 737 1001 765 cundum
1016 746 1139 766 carnem.
1157 750 1169 762 ι»
1190 739 1319 766 Attamen
1333 739 1377 774 qui
1399 739 1550 767 secundum
1565 748 1675 767 carnem

880 786 959 810 natus
972 786 1023 816 est,
1045 791 1138 811 servus
1157 787 1184 811 et
1205 783 1311 811 alienus
1325 788 1366 811 cst
1389 783 1423 811 ab
1444 783 1615 818 haereditate,
1629 785 1676 821 qui

880 837 945 857 vero
960 837 1017 857 non
1031 834 1072 857 est
1085 830 1237 858 secundum
1260 838 1382 861 carnem,
1405 830 1533 858 dominus
1548 834 1574 858 et
1590 831 1677 859 haeres

881 878 932 901 est.
956 873 1027 908 Quid
1051 874 1133 909 igitur
1151 874 1240 902 obstat
1257 874 1405 910 quominus
1428 878 1453 902 et
1470 882 1532 907 vos,
1552 875 1598 910 qui
1620 883 1677 903 non

882 918 1032 946 secundum
1046 926 1153 946 carnem
1169 920 1223 946 nati
1243 919 1308 946 estis
1320 927 1351 946 ex
1369 918 1537 952 Abrahamo,
1554 919 1601 946 lilii
1620 920 1678 956 ejus

882 962 958 990 sitis?
973 964 1040 990 Nam
1058 966 1085 990 et
1099 971 1147 991 vos
1168 971 1216 998 per
1229 963 1307 990 verba
1323 970 1383 998 quae
1407 963 1433 990 in
1455 963 1618 998 baptismate
1634 972 1678 993 re-

883 1007 1011 1041 citantur,
1027 1007 1136 1035 formati
1152 1008 1223 1035 estis.

919 1053 1008 1080 Vsns.
1021 1055 1064 1079 24.
1083 1062 1095 1078 ι(
1107 1053 1174 1087 Qua:
1187 1056 1252 1080 sunt
1264 1060 1310 1086 per
1322 1052 1481 1089 allegoriam
1495 1052 1575 1081 dicta.
1588 1065 1601 1078 η
1619 1055 1678 1081 Hoc

884 1101 939 1127 est,
958 1096 1015 1124 haec
1037 1096 1148 1133 quidem
1171 1096 1283 1125 historia
1304 1105 1360 1125 non
1375 1097 1427 1126 hoc
1450 1098 1541 1126 solum
1565 1098 1677 1131 indicat,

884 1149 977 1168 verum
992 1145 1019 1168 et
1040 1141 1092 1169 alia
1116 1141 1244 1177 quaedam
1269 1142 1389 1175 nuntiat;
1412 1142 1486 1170 unde
1511 1146 1538 1170 et
1552 1143 1679 1178 allegoria

882 1189 976 1213 vocata
989 1189 1032 1213 est
1047 1195 1053 1213 :
1069 1186 1153 1221 ﬁgura
1164 1186 1238 1213 enim
1255 1185 1367 1214 fuerunt
1388 1187 1432 1214 illa
1457 1187 1643 1223 praesentium.

919 1231 1010 1258 Vens.
1031 1234 1076 1264 25,
1093 1233 1138 1259 ‘26.
1153 1242 1165 1255 ι
1181 1232 1248 1259 Hinc
1267 1231 1340 1259 enim
1354 1231 1409 1260 duo
1424 1236 1487 1259 sunt
1500 1236 1680 1267 testamenta,

883 1282 968 1302 unum
979 1275 1088 1311 quidem
1101 1283 1116 1302 a
1129 1279 1224 1303 monte
1235 1276 1311 1309 Sina,
1327 1276 1352 1303 in
1363 1276 1519 1303 servitutem
1531 1284 1679 1312 generatis,

884 1327 946 1355 quae
962 1323 1003 1347 est
1015 1322 1098 1355 Agar.
1114 1323 1187 1356 Agar
1202 1320 1276 1348 enim
1297 1320 1359 1348 Sina
1375 1329 1455 1348 mons
1465 1325 1506 1348 est
1521 1320 1549 1348 in
1565 1321 1680 1356 Arabia;

884 1365 1030 1400 contiguus
1051 1369 1091 1392 est
1104 1369 1195 1392 autem
1215 1365 1238 1392 ei
1263 1373 1324 1401 qua:
1339 1373 1411 1393 nunc
1433 1369 1474 1393 est
1495 1365 1680 1399 Hierusalem.

884 1409 1067 1437 svrvitautem
1078 1418 1140 1437 cum
1151 1409 1216 1437 ﬁliis
1228 1409 1284 1437 suis
1299 1421 1310 1433 ν
1323 1420 1380 1434 -‹‹
1396 1410 1461 1437 Hae
1475 1418 1482 1437 :
1497 1421 1508 1434 ιτ
1524 1410 1593 1446 Quae
1603 1410 1682 1440 hanc?

883 1454 945 1481 dua:
959 1453 1090 1481 nimirum
1104 1453 1231 1481 mulieres
1244 1453 1398 1481 referuntur
1410 1461 1458 1489 per
1472 1454 1633 1490 allegoriam
1647 1455 1680 1483 ad

884 1498 990 1525 Novum
1007 1502 1034 1526 et
1048 1499 1130 1526 Vetus
1144 1500 1328 1526 Testamenta.
1341 1498 1503 1533 Quomodo?
1521 1500 1594 1535 Agar
1605 1499 1679 1528 enim

884 1542 916 1569 ad
930 1543 1021 1570 Vetus.
1043 1543 1150 1570 Etenim
1172 1543 1213 1570 lex
1228 1551 1243 1570 a
1265 1543 1327 1571 Sina
1348 1548 1441 1571 monte
1460 1543 1522 1571 data
1547 1547 1600 1572 est.
1619 1544 1680 1571 Sina

885 1595 947 1614 vero
962 1587 991 1614 in
1010 1587 1110 1614 Arabia
1125 1587 1235 1623 quidem
1258 1591 1310 1619 est,
1325 1590 1398 1623 Agar
1418 1592 1510 1615 autem
1532 1589 1682 1624 appellatur

885 1632 1008 1660 Arabum
1027 1632 1130 1668 lingua.
1158 1633 1206 1659 Est
1220 1636 1310 1660 autem
1329 1632 1474 1668 contiguus
1489 1633 1681 1669 .lerosolymis,

884 1676 910 1704 id
931 1680 985 1711 cst,
1002 1677 1106 1704 vicinus
1127 1681 1178 1710 est,
1197 1677 1329 1712 contingit
1345 1686 1351 1705 ε
1366 1677 1406 1705 vel
1422 1678 1483 1713 quia
1500 1678 1626 1705 inferiori
1640 1679 1684 1705 Je-

885 1721 1004 1749 rusalem
1019 1721 1194 1754 assimilatur,
1215 1721 1256 1749 vel
1278 1721 1335 1757 ejus
1354 1723 1472 1758 speciem
1495 1730 1552 1758 pra:
1570 1731 1598 1750 se
1613 1722 1682 1757 fert,

887 1770 914 1794 et
928 1765 963 1793 ad
976 1766 1048 1794 illam
1061 1766 1267 1799 transsumitur,
1279 1770 1410 1802 tanquam
1425 1767 1579 1795 similitudo
1594 1767 1628 1795 sit
1647 1767 1683 1795 in-

887 1815 928 1838 ter
943 1814 1067 1846 utraque.
1088 1811 1204 1838 Perinde
1227 1811 1310 1846 igitur
1329 1815 1360 1838 ut
1381 1813 1453 1846 Agar
1476 1819 1554 1839 serva
1573 1816 1633 1840 erat
1656 1817 1683 1840 et

887 1855 913 1883 in
931 1856 1090 1884 servitutem
1115 1854 1286 1891 generabat:
1308 1854 1382 1882 hunc
1398 1855 1433 1882 ad
1449 1855 1563 1883 modum
1585 1855 1628 1884 lex
1651 1864 1684 1884 cx

888 1904 981 1928 monte
1002 1899 1067 1927 Sina
1087 1899 1141 1935 (qui
1159 1899 1309 1935 appellatur
1328 1902 1410 1935 Agar)
1429 1899 1452 1927 ei
1470 1907 1532 1935 quae
1552 1908 1625 1928 nunc
1641 1905 1682 1928 est

887 1944 1037 1973 Jerusalem
1056 1944 1217 1977 assimilato,
1247 1947 1342 1980 utpote
1364 1944 1492 1980 contiguo
1519 1943 1573 1978 illi,
1599 1945 1682 1973 adeo-

887 1997 940 2025 que
954 1988 1021 2024 pari,
1035 1988 1063 2016 in
1080 1987 1241 2016 servitutem
1255 1992 1368 2024 generat
1389 1996 1435 2016 eos
1453 1988 1498 2024 qui
1520 1988 1571 2016 sibi
1590 1989 1682 2025 appel-

887 2034 948 2062 lunt
963 2033 1095 2061 animum.
1110 2034 1182 2061 Nam
1206 2033 1235 2060 in
1255 2033 1313 2068 lege
1332 2032 1461 2068 pleraque
1481 2032 1621 2061 illiberalia
1645 2038 1684 2062 at-

889 2086 942 2114 que
964 2078 1070 2106 servilia
1093 2081 1181 2106 erant.
1207 2077 1301 2105 Virtus
1325 2078 1401 2105 enim
1419 2077 1456 2105 ob
1479 2078 1684 2113 corruptibilem

889 2122 1046 2152 mercedem
1061 2122 1241 2157 statuebatur,
1257 2129 1355 2158 nempe
1375 2121 1410 2150 ob
1430 2126 1537 2150 terrena
1554 2123 1641 2157 bona;
1658 2128 1685 2152 et

890 2168 947 2196 vitii
963 2167 1024 2204 fuga
1039 2176 1087 2204 per
1106 2175 1199 2203 pcenas
1216 2175 1247 2194 ac
1260 2170 1379 2194 terrores
1394 2166 1631 2195 introducebatur.

926 2214 1014 2241 Vens.
1036 2215 1078 2240 27.
1106 2223 1118 2236 «ι
1138 2211 1186 2239 Illa
1206 2215 1300 2239 autem
1317 2218 1378 2248 quae
1394 2219 1505 2239 sursum
1520 2215 1562 2239 est
1578 2212 1685 2240 Jerusa-

891 2258 954 2289 lem,
976 2257 1059 2293 353
1075 2256 1158 2284 libera
1178 2260 1232 2290 est,
1245 2263 1307 2292 qua:
1325 2260 1366 2283 est
1378 2259 1465 2284 mater
1479 2256 1604 2284 omnium
1620 2265 1685 2285 nos-

891 2307 974 2330 trum.
990 2312 1005 2328 »
1020 2302 1120 2337 Figura
1138 2301 1249 2336 quidem
1269 2302 1353 2336 Agar,
1370 2300 1396 2328 in
1411 2300 1470 2328 istis
1487 2305 1539 2328 est.
1558 2302 1686 2337 Expende

891 2351 986 2375 autem
1001 2351 1027 2374 et
1046 2345 1154 2374 Sari-ha:
1176 2346 1299 2382 ﬁguram.
1318 2345 1459 2381 Siquidem
1472 2353 1618 2381 supernam
1636 2346 1686 2375 ista

891 2391 1041 2420 Jerusalem
1066 2389 1268 2427 pra-ﬁgurabat.
1291 2391 1360 2418 Nam
1377 2390 1421 2417 illa
1444 2390 1539 2418 civitas
1559 2395 1600 2419 est
1619 2391 1687 2420 iide-

891 2437 971 2472 lium,
989 2435 1063 2464 unde
1079 2439 1107 2463 et
1122 2435 1166 2463 lex
1184 2434 1266 2463 nobis
1278 2435 1331 2462 lata
1351 2438 1394 2462 est
1417 2443 1423 2462 :
1440 2443 1472 2462 ex
1486 2436 1557 2463 coelo
1570 2444 1689 2472 namque

892 2481 1079 2517 Evangelium.
1104 2479 1203 2508 Libera
1227 2483 1318 2507 autem
1342 2483 1383 2506 est
1401 2487 1416 2506 a
1439 2479 1504 2515 legis
1522 2480 1688 2508 observatio-

893 2526 983 2559 nibus,
1008 2530 1161 2561 cunctaque
1178 2525 1262 2552 libere
1286 2523 1395 2552 ordinat
1416 2529 1444 2552 et
1467 2525 1595 2560 ingenue.
1613 2526 1686 2554 Nihil

893 2571 969 2599 enim
986 2578 1002 2598 a
1024 2569 1103 2598 nobis
1121 2569 1158 2597 ob
1176 2569 1310 2596 visibilem
1328 2568 1485 2596 mercedem
1504 2569 1628 2605 geritur:
1643 2577 1689 2598 ne-

894 2623 948 2652 que
963 2615 1114 2651 corporalia
1127 2613 1209 2642 nobis
1222 2613 1351 2650 supplicia
1372 2613 1530 2646 imminent,
1547 2621 1644 2642 verum
1663 2619 1691 2643 et

897 2660 1093 2697 promissiones
1108 2659 1274 2692 diviniores,
1294 2662 1321 2686 et
1339 2665 1429 2694 poma:
1446 2658 1570 2694 ingenuis
1593 2667 1691 2688 conve-

896 2708 1013 2742 nientes,
1033 2713 1132 2744 nempe
1150 2714 1166 2735 a
1183 2705 1298 2743 mystica
1316 2712 1411 2734 mensa
1430 2704 1538 2733 excludi
1558 2709 1640 2742 atque
1654 2706 1692 2736 iu-

897 2752 1012 2790 crepari.

739 2804 835 2835 Varia:
852 2804 1005 2836 lectiones.

82 2837 92 2855 ¹
106 2837 215 2875 Ἀράϐων
230 2847 259 2870 ο.
