1877 3081
19 155 106 183 1009

17 262 95 292 ὄντα
114 264 171 293 τῶν
186 265 230 293 νῦν
247 263 410 303 γινομένων,
427 266 453 294 ἐν
475 266 514 306 τῷ
535 265 622 306 νόμῳ,
646 265 705 302 ἤτοι
728 266 766 305 τῷ
789 267 835 302 τῆς

20 308 166 342 Παλαιᾶς
181 308 278 349 βιϐλίῳ
292 308 443 350 ἱστόρηται.

73 411 91 429 (ι
108 399 191 440 Ἄρα,
210 399 335 439 ἀδελφοὶ,
351 401 399 430 οὐχ
414 400 493 439 ἐσμὲν
509 403 556 437 τῆς
577 401 720 437 παιδίσκης
735 401 814 430 τέχνα
825 423 834 439 ,

21 443 103 474 ἀλλὰ
118 447 170 481 τῆς
184 444 329 485 ἐλευθέρας.
347 460 358 471 ιι
373 447 470 476 Ταῦτα
485 445 572 475 πάντα
587 448 670 483 κινεῖ,
689 445 733 475 ἵνα
750 444 834 484 δείξῃ,

21 488 68 518 ὅτι
87 488 124 518 τὸ
152 489 290 528 γενόμενον
318 493 362 519 νῦν
389 490 451 529 περὶ
476 492 548 528 ἡμᾶς
569 491 621 531 πρὸ
644 491 749 520 πολλῶν
769 489 836 529 χρό-

21 545 80 563 νων
103 534 275 564 διετυποῦτο.
296 535 357 568 Πῶς
377 530 420 564 οὖν
435 536 482 564 οὐχ
501 530 598 565 ἄτοπον
621 534 769 574 ἐλευθερίας
789 546 836 563 τυ-

21 578 133 618 χόντας
156 579 209 619 πρὸ
231 578 362 609 τοσούτων
386 580 471 618 ἑτῶν,
494 579 574 609 πάλιν
597 579 705 613 ἑκόντας
730 578 837 612 δούλους

23 623 173 662 γίνεσθαι,

336 675 479 705 ΚΕΦΑΛ.

91 747 105 760 ε
135 736 180 773 Τῇ
205 736 339 776 ἐλευθερίᾳ
363 732 423 772 οὖν,
493 739 507 767 ὃ
531 737 645 777 Χριστὸς
672 734 836 774 ἠλευθέρωσε

26 779 105 816 ἡμᾶς
117 802 126 816 ,
145 779 263 815 στήκατε
277 781 375 820 [vulg].
399 781 538 821 στήκετε].
555 794 571 809 ι
589 781 638 817 Μὴ
655 780 721 820 γὰρ,
738 779 835 820 φησὶν,

27 823 148 857 ἑαυτοὺς
173 825 386 864 ἠλευθερώσατε,
413 826 472 855 ἀλλ’
495 828 508 855 ὁ
527 826 574 862 τὴν
598 828 678 864 τιμὴν
694 823 754 857 δοὺς
769 822 835 863 ὑπὲρ

27 868 121 906 ὓμῶν.
154 869 217 903 Πῶς
239 866 282 899 οὖν
298 870 404 903 ἑαυτοὺς
418 870 533 910 ὑπάγετε
555 873 588 911 τῇ
607 874 653 900 τοῦ
680 870 762 907 νόμου
789 869 834 896 δε-

481 156 657 186 EXPOSlTIO
677 157 710 186 ΙΝ
730 156 836 185 EPIST.
856 157 902 186 AD
922 157 1044 187 GALAT.
1063 173 1098 180 —-
1116 159 1191 186 CAP.
1211 159 1244 186 V.

18 218 137 248 ἑαυτοῦ
160 218 323 256 κατάλυσιν,
346 218 413 259 εἴγε
427 219 526 250 πάντα⁴
539 220 573 249 τὰ
595 220 710 261 ρηθέντα
721 243 730 258 ,
753 220 834 254 τύπος
849 222 875 254 Α

930 221 969 257 psi
993 221 1198 257 dissipationem
1227 220 1366 250 induxisse

1616 159 1685 187 lOlO

1393 229 1400 248 :
1431 221 1566 258 siquidem
1593 221 1685 249 omnia

889 273 951 300 qum
973 266 1045 294 dicta
1069 270 1143 300 sunt,
1167 273 1230 293 cum
1253 265 1340 301 ﬁgura
1357 266 1411 293 sint
1425 273 1522 294 eorum
1537 274 1599 301 quae
1613 274 1686 294 nunc

889 310 959 339 facta
983 315 1056 345 sunt,
1073 310 1102 338 in
1115 310 1172 347 lege
1185 314 1212 338 et
1227 310 1334 339 Veteris
1349 310 1518 339 Testamenti
1533 310 1610 339 libris
1623 318 1684 346 per-

889 355 988 391 scripta
1002 359 1076 384 sunt.

926 402 1015 429 Vens.
1039 403 1084 428 3t.
1106 412 1118 424 -
1135 402 1231 436 Itaque
1242 420 1250 432 .
1274 399 1385 433 fratres,
1399 407 1455 428 non
1469 407 1565 428 sumus
1578 399 1685 428 ancillae

890 445 950 478 lilii,
972 445 1019 473 sed
1041 445 1145 474 liberae.
1174 457 1187 469 υ
1205 446 1274 472 Haec
1286 444 1377 472 omnia
1398 448 1503 478 movet,
1517 448 1548 472 ut
1561 444 1686 472 ostendat

891 489 918 517 id
944 490 1016 525 quod
1042 489 1145 518 factum
1172 490 1206 517 sit
1232 489 1375 518 nobiscum
1400 488 1490 520 hodie,
1514 493 1577 516 ante
1599 489 1684 517 multa

891 538 1014 569 tempora
1039 534 1231 562 adumbratum
1265 537 1562 569 praemonstratumquc
1591 533 1683 561 fuisse.

890 579 942 615 Qui
959 579 1040 615 igitur
1055 587 1109 607 non
1124 579 1288 611 absurdum,
1311 587 1357 606 eos
1377 578 1424 614 qui
1445 578 1599 606 libertatem
1623 582 1687 606 ante

891 627 934 652 tot
948 632 1033 653 annos
1047 624 1101 652 sint
1115 623 1213 660 adepti,
1239 631 1336 652 rursus
1354 627 1452 660 sponte
1476 631 1569 651 servos
1592 622 1686 652 effici?

1199 683 1320 711 CAPUT
1339 683 1373 710 V.

926 742 1012 769 Vnus.
1038 744 1062 769 1.
1083 751 1097 766 ι(
1118 743 1149 769 In
1165 740 1290 769 libertate
1312 741 1394 777 igitur
1409 749 1463 777 qua
1487 739 1613 768 Christus
1635 748 1687 769 nos

890 785 1021 820 liberavit,
1045 790 1125 814 state.
1149 797 1163 810 ι
1185 787 1247 814 Non
1273 785 1362 819 enim,
1387 785 1487 821 inquit,
1503 785 1685 821 vosmetipsos

889 830 1037 864 liberastis,
1053 831 1101 859 sed
1119 830 1179 865 ille,
1196 830 1243 866 qui
1263 830 1379 866 pretium
1400 829 1597 865 redemptionis
1611 829 1687 858 dedit

890 883 938 910 pro
952 875 1041 903 vobis.
1064 874 1210 911 Quomodo
1226 875 1309 911 igitur
1329 874 1451 911 vosipsos
1474 874 1541 910 legis
1559 874 1685 902 domina-

29 913 170 952 σποτείᾳ,
195 914 269 953 παρὰ
301 915 410 954 γνώμην
434 909 485 944 τοῦ
511 909 580 953 ὑμᾶς
608 913 830 954 ἐλευθερώσαντος
846 909 887 941 B‘

952 909 1106 956 subjugatis
1125 925 1225 957 praeter
1238 909 1512 953 condimur-Christi,
1527 919 1574 956 qui
1590 927 1638 946 vos
1652 919 1686 946 li-

29 957 175 996 Xpto’toii;
194 958 283 989 Εἰπὼν
300 959 340 997 δὲ,
362 971 376 989 (ι
392 959 530 996 Στήκοιτε,
550 970 564 988 ι)
591 960 672 994 ἔδειξε
691 956 834 996 σαλευομέ-

30 1013 102 1035 νους.

73 1061 86 1073 ε
115 1047 176 1077 Καὶ
205 1047 243 1086 μὴ
267 1048 350 1078 πάλιν
377 1050 447 1090 ζυγῷ
476 1049 594 1084 δουλείας
622 1049 742 1089 ἐνέχεσθε
765 1050 790 1082 ⁸.
817 1061 832 1080 n

31 1091 121 1130 Ζυγὸν
149 1092 249 1129 εἰπὼν,
273 1093 303 1122 τὸ
321 1092 390 1133 βαρὺ
405 1096 451 1130 τῆς
469 1094 496 1123 ἓν
521 1093 594 1135 νόμῳ
609 1093 727 1128 δουλείας
750 1096 836 1131 δηλοῖ.

31 1137 70 1166 Τὸ
86 1137 115 1165 δὲ
128 1159 136 1172 ,
164 1138 276 1167 «Πάλιν
288 1160 296 1175 ,
313 1149 328 1166 ι)
348 1139 523 1174 ἀναισθησίαν
539 1140 626 1168 αὐτῶν
641 1143 798 1180 κατηγορεῖ,
815 1139 839 1169 εἴ

33 1191 62 1219 γε
84 1181 171 1221 πείρᾳ
195 1182 324 1220 μαθόντες
347 1182 377 1212 τὸ
394 1183 516 1223 φορτικὸν
532 1185 580 1220 τῆς
602 1183 736 1222 δουλείας,
756 1184 837 1215 πάλιν

34 1226 77 1254 ἐπ’
93 1226 183 1262 αὐτὴν
199 1227 406 1266 αὐτομολοῦσιν.

84 1331 99 1348 α
117 1318 192 1353 Ἴδε,
217 1317 270 1356 ἐγὼ
294 1319 400 1352 Παῦλος
421 1317 491 1358 λέγω
515 1319 593 1357 ὑμῖν,
608 1318 648 1348 ὅτι
662 1318 708 1348 ἐὰν
731 1319 836 1359 περιτέ-

39 1365 160 1402 μνησθε,
177 1362 291 1403 Χριστὸς
303 1363 376 1392 οὐδὲν
391 1364 461 1402 ὑμᾶς
476 1363 619 1404 ὠφελήσει.
636 1374 650 1392 ι)
668 1363 726 1399 Τὴν
739 1367 785 1394 τοῦ
799 1365 836 1393 οἷ-

39 1408 110 1438 )ιείου
135 1406 281 1448 προσώπου
299 1407 465 1442 ἀξιοπιστίαν
490 1408 549 1437 ἀντὶ
569 1407 658 1444 πάσης
680 1407 837 1442 ἀποδείξεως

39 1453 151 1488 τίθησιν.
174 1453 233 1482 Οὐχ
247 1452 344 1491 ὠφελεῖ
366 1452 394 1482 δὲ
417 1452 530 1491 Χριστὸς
544 1452 589 1482 τὸν
603 1452 835 1492 περιτεμνόμενον,

42 1497 106 1527 διότι
129 1499 144 1526 ὃ
170 1499 284 1529 τοιοῦτος
310 1496 357 1533 τὴν
383 1497 463 1536 χάριν
488 1499 593 1534 ἀθετεῖ,
621 1498 667 1526 καὶ
697 1499 736 1536 τῷ
761 1497 835 1538 νόμῳ

43 1541 106 1580 μὲν,
129 1543 168 1576 ὥς
189 1541 331 1582 εὐεργέτῃ,
356 1541 536 1582 προστρέχει·
559 1543 671 1582 Χριστῷ
686 1541 714 1570 δὲ
730 1543 838 1572 ἀπιστεὶ

42 1586 146 1620 πάντως
159 1609 168 1625 ,
182 1587 218 1620 ὥς
233 1586 270 1625 μὴ
286 1586 486 1626 εὐεργετήσαντι
502 1585 580 1615 αὐτόν
602 1598 609 1605 '
625 1589 639 1617 ὁ
652 1585 680 1616 δὲ
695 1586 816 1616 ἀπιστῶν
828 1609 836 1624 ,

42 1630 113 1661 οὐδὲν
128 1631 250 1671 κερδανεῖ
263 1630 316 1661 ἀπὸ
331 1633 378 1661 τοῦ
389 1630 593 1670 ἀπιστουμένου.

92 1732 107 1751 ιι
136 1721 316 1762 Μαρτύρομαι
348 1721 376 1751 δὲ
404 1722 485 1751 παντὶ
516 1721 648 1762 ἀνθρώπῳ
682 1733 837 1762 περιτεμνο-

45 1765 134 1807 μένῳ,
161 1766 202 1796 ὅτι
224 1767 358 1807 ὀφειλέτης
384 1766 454 1796 ἐστὶν
477 1765 537 1797 ὅλον
558 1766 602 1796 τὸν
627 1766 708 1804 νόμον
733 1767 839 1806 πληρῶ-

45 1821 99 1841 σαι.
115 1822 130 1840 ι)
150 1810 214 1841 Ἵνα
237 1811 275 1850 μὴ
299 1812 428 1850 νομίσωσι
453 1812 465 1831 ⁵
488 1813 571 1841 ταῦτα
596 1811 655 1840 κατ’
675 1811 773 1851 ἔχθραν
795 1812 838 1840 λέ-

45 1858 156 1893 γεσθαι,
175 1857 238 1897 Οὐχ
258 1857 337 1895 ὑμῖν,
363 1855 442 1896 φησὶ,
470 1855 540 1894 λέγω
572 1856 676 1894 μόνοις,
702 1855 770 1885 ἀλλὰ
794 1856 839 1885 καὶ

47 1901 122 1929 παντὶ
152 1900 383 1940 περιτεμνομένῳ,
423 1900 462 1929 ὅτι
493 1901 572 1939 βάρος
602 1900 672 1939 μέγα
709 1899 840 1929 ἐπιτίθετε

48 1945 145 1979 ἑαυτοῖς
158 1957 165 1964 ·
190 1945 224 1975 τὰ
239 1944 291 1985 γὰρ
311 1944 411 1983 νόμιμα
436 1945 558 1980 ἀλλήλοιν
579 1944 670 1984 ἔχεται
686 1956 692 1962 ·
716 1945 760 1974 καὶ
776 1944 839 1974 ὅταν

49 1989 157 2030 ἀναδέξῃ
183 1989 276 2030 μικρόν
298 2001 324 2019 τι
338 1992 384 2019 τοῦ
404 1989 485 2026 νόμου
509 1989 554 2019 χαὶ
572 1989 711 2028 ὑπαγάγῃς
729 1989 838 2018 σεαυτὸν

49 2035 85 2073 τῷ
98 2036 185 2076 ζυγῷ,
199 2035 263 2072 ὅλην
279 2033 327 2071 τὴν
349 2034 504 2063 δεσποτείαν
519 2033 531 2052 ⁸
552 2034 710 2073 ἐφειλκύσω.
727 2033 761 2063 ἹΙ
785 2035 837 2074 γὰρ

49 2079 176 2119 περιτομὴ
197 2079 243 2109 καὶ
262 2079 354 2109 θυσίαν
380 2079 503 2114 ἀπαιτεῖ,
527 2078 572 2108 καὶ
589 2077 691 2118 ἡμέραν
715 2089 837 2118 παρατη-

51 2127 87 2162 ρεῑ
101 2133 106 2140 ·
122 2127 138 2160 ἡ
151 2124 179 2154 δὲ
195 2123 271 2154 θυσία
286 2123 366 2153 τόπον
381 2124 488 2152 ἀπαιτεί
507 2123 551 2152 καὶ
566 2123 677 2163 τρόπον,
694 2123 739 2151 καὶ
754 2125 837 2152 καθα-

891 965 1010 993 beravit?
1034 967 1103 994 Cum
1127 970 1220 993 autem
1244 964 1323 998 dixit,
1349 976 1362 988 α
1390 965 1474 998 State,
1493 975 1504 988 υ
1525 965 1687 992 monstravit

890 1017 936 1038 803
951 1018 1011 1038 esse
1024 1017 1186 1038 CODCUSSOS.

929 1067 941 1079 -
972 1056 1008 1083 Et
1032 1055 1117 1083 nolite
1140 1055 1240 1083 iterum
1261 1054 1327 1090 jugo
1344 1054 1485 1082 servitutis
1503 1053 1643 1082 contineri.
1675 1065 1686 1078 ο

892 1101 944 1128 Per
957 1100 1064 1136 iugum,
1080 1107 1162 1135 grave
1184 1107 1254 1127 onus
1270 1099 1408 1127 servitutis
1427 1106 1489 1134 quae
1503 1098 1532 1125 in
1548 1098 1607 1134 lege
1619 1102 1687 1131 erat,

892 1144 1034 1181 signiﬁcat.
1051 1144 1132 1180 Quod
1146 1152 1221 1178 vero,
1240 1153 1254 1170 (ι
1277 1144 1393 1177 lterum,
1418 1154 1429 1166 -
1452 1143 1530 1177 dicit,
1549 1143 1689 1179 stupitlila-

892 1194 948 1217 tom
971 1197 1068 1218 eorum
1092 1193 1217 1223 accusat;
1241 1188 1377 1224 siquidem
1407 1195 1471 1216 cum
1501 1187 1687 1223 experimento

891 1234 1035 1262 didicerint
1061 1233 1200 1263 servitutis
1224 1241 1304 1268 onus,
1329 1240 1424 1261 rursus
1447 1232 1482 1261 ad
1506 1240 1566 1261 eam
1593 1236 1688 1268 suapte

892 1283 990 1316 sponte
1003 1278 1146 1308 accedunt.

928 1325 1019 1353 Vens.
1042 1327 1069 1352 2.
1087 1335 1101 1348 οι
1117 1325 1185 1351 Ecce
1207 1331 1258 1358 ego
1280 1323 1379 1350 Paulus
1395 1322 1454 1350 dico
1476 1322 1561 1355 vobis,
1578 1321 1650 1358 quod
1666 1321 1687 1349 si

892 1368 1135 1402 circumcidamini,
1169 1368 1294 1396 Christus
1323 1367 1401 1395 vobis
1422 1366 1487 1394 nihil
1510 1366 1642 1402 proderit.
1673 1378 1685 1390 ι

892 1414 1014 1449 Propriae
1036 1420 1161 1450 personas
1181 1413 1372 1440 auctoritatem
1398 1411 1489 1439 omnis
1510 1411 1686 1439 demonstra-

891 1459 974 1486 tionis
1004 1458 1063 1487 vice
1088 1457 1174 1494 ponit.
1191 1457 1357 1485 Circumciso
1383 1460 1474 1484 autem
1498 1463 1553 1484 non
1578 1455 1688 1492 prodest

867 1503 1023 1549 CChristus,
1044 1511 1077 1532 eo
1098 1501 1172 1538 quod
1187 1501 1250 1529 talis
1264 1501 1381 1537 gratiam
1403 1500 1532 1537 repellat,
1547 1508 1578 1528 ac
1600 1500 1635 1528 ad
1651 1500 1687 1528 le-

891 1558 969 1587 gem.
994 1556 1043 1576 ceu
1067 1546 1279 1575 benefactricem
1308 1550 1433 1573 occurrat
1458 1554 1465 1572 :
1490 1545 1598 1573 Christo
1622 1552 1687 1572 vero

891 1594 1006 1623 omnino
1020 1592 1139 1626 difﬁdat,
1155 1591 1231 1627 quasi
1246 1591 1319 1618 nullo
1342 1598 1404 1618 eum
1429 1589 1563 1618 beneﬁcio
1583 1589 1687 1617 affecis-

891 1643 942 1667 set.
962 1638 1014 1673 Qui
1028 1641 1122 1665 autem
1144 1635 1300 1664 incredulus
1319 1639 1370 1669 est,
1386 1634 1452 1662 nihil
1470 1634 1635 1671 adipiscetur
1653 1634 1687 1662 ab

892 1691 924 1712 eo
939 1685 983 1712 cui
997 1682 1081 1710 ﬁdem
1095 1689 1152 1709 non
1166 1680 1288 1708 adhibet.

928 1730 1014 1756 Vnus.
1026 1730 1052 1754 3.
1069 1738 1082 1751 ι
1096 1725 1299 1754 Testimonium
1310 1728 1403 1752 autem
1416 1722 1478 1752 dico
1489 1723 1563 1752 omni
1578 1723 1687 1752 homini

893 1773 940 1808 qui
955 1771 1171 1805 circumciditur,
1188 1769 1262 1806 quod
1284 1769 1391 1797 debitor
1410 1773 1452 1797 est
1467 1769 1601 1796 universa:
1623 1769 1688 1804 legis

894 1817 1033 1845 faciendas.
1071 1828 1083 1840 υ
1109 1816 1149 1843 Ne
1177 1814 1336 1842 existiment
1359 1821 1407 1849 per
1438 1813 1609 1840 inimicitiam
1641 1817 1688 1841 aut

893 1862 989 1891 odium
1004 1861 1063 1889 hsce
1085 1860 1156 1893 dici,
1176 1861 1237 1887 Non
1253 1858 1328 1886 vobis
1341 1857 1420 1892 solis,
1436 1857 1541 1893 inquit,
1567 1857 1625 1885 haec
1649 1858 1687 1885 lo-

893 1915 973 1942 quor,
989 1913 1081 1933 verum
1096 1904 1178 1932 etiam
1204 1902 1288 1932 cuivis
1307 1902 1354 1939 Qui
1379 1901 1591 1936 circumciditur,
1612 1901 1684 1937 quod

893 1959 963 1979 onus
975 1951 1072 1986 ingens
1088 1949 1164 1976 vobis
1175 1947 1326 1984 imponitis.
1337 1946 1448 1983 Legalia
1459 1946 1534 1974 enim
1546 1946 1617 1974 inter
1628 1954 1687 1974 sese

893 2000 989 2024 mutuo
1011 1999 1076 2023 sunt
1096 2001 1229 2022 connexa.
1245 1992 1326 2020 Unde
1345 1992 1367 2019 si
1392 1991 1518 2028 pusillam
1537 1991 1686 2027 quamdam

890 2041 957 2077 legis
980 2039 1063 2075 355
1087 2042 1194 2074 partem
1217 2037 1384 2073 susceperis,
1410 2040 1492 2072 teque
1517 2036 1687 2072 ipsumjugo

890 2085 1061 2117 submiscris,
1083 2087 1173 2111 totum
1198 2082 1258 2118 ejus
1282 2081 1457 2110 dominatum
1485 2088 1569 2117 super
1595 2084 1624 2108 te
1649 2085 1690 2108 at-

892 2129 1007 2157 traxisti.
1031 2127 1210 2156 Circumcisio
1233 2126 1306 2154 enim
1327 2129 1356 2154 et
1376 2125 1520 2153 victimam
1546 2125 1639 2161 exigit,
1663 2130 1690 2152 et

52 2169 214 2207 ρισμούς.”0
239 2168 290 2208 γὰρ
319 2168 467 2213 ἀκάθαρτος
494 2169 526 2213 οῦ
552 2168 617 2197 θύει.
647 2168 683 2213 ῼὶ
707 2169 880 2213 καθαρμοὶυ

928 2181 952 2202 3s
964 2173 1091 2202 observat
1114 2172 1246 2200 :victima
1268 2178 1333 2198 vero
1354 2174 1381 2198 et
1404 2171 1497 2198 locum
1519 2170 1640 2206 postulat
1663 2174 1690 2197 et

52 2212 127 2242 πάλιν
150 2214 242 2255 ἑτέρας
256 2214 269 2232 ⁷
294 2212 495 2253 παρατηρήσεις
512 2212 630 2252 ἔχουσιν.
655 2211 738 2252 “Ορᾷς
757 2214 813 2246 πῶς
828 2214 842 2242 ὃ

53 2257 234 2296 ἀποστατήσας
256 2259 372 2299 Χριστοῦ
396 2258 425 2287 οὖ
440 2258 518 2295 μόνον
546 2257 572 2291 ἐξ
594 2256 692 2286 ἐκείνου
708 2259 754 2286 οὐκ
770 2257 841 2297 ὠφε-

52 2301 148 2341 λεῖται,
172 2304 240 2334 ἀλλὰ
264 2303 310 2333 καὶ
334 2302 434 2343 μυρίοις
452 2302 559 2341 βάρεσιν
583 2301 675 2330 ἑαυτὸν
692 2301 839 2337 ὑπέθηκενς

55 2346 146 2388 Εἷγὰρ
169 2347 256 2388 κύριος
281 2350 296 2378 ὁ
320 2348 414 2386 νόμος,
431 2347 491 2376 ὅλον
517 2346 679 2386 πλήρωσον·
706 2346 728 2374 εἷ
753 2345 780 2375 δὲ
810 2347 840 2376 οὗ

56 2391 152 2431 κύριος,
167 2393 234 2432 μηδὲ
248 2393 326 2432 μέρος
341 2392 484 2431 καταδέξῃ.

897 2218 1011 2247 modum
1033 2222 1060 2245 et
1075 2217 1246 2253 purgationes
1262 2225 1269 2243 :
1286 2215 1446 2243 immundus
1461 2215 1534 2242 enim
1549 2215 1689 2242 victimam

897 2271 952 2291 non
972 2262 1104 2290 immolat.
1132 2261 1313 2296 Purgationes
1326 2267 1420 2287 rursus
1434 2259 1501 2287 alias
1524 2258 1624 2286 habent
1639 2259 1691 2286 oli-

896 2308 1071 2336 scrvationes.
1099 2305 1302 2333 Animadvertis
1323 2305 1463 2340 quomodo
1486 2303 1531 2340 qui
1553 2303 1652 2331 defecit
1676 2313 1690 2332 a

896 2352 1017 2385 Christo,
1031 2359 1089 2379 non
1112 2350 1203 2378 solum
1219 2349 1284 2378 inde
1299 2357 1354 2377 non
1367 2349 1486 2384 juvatur,
1508 2353 1637 2376 caeterum
1651 2349 1692 2376 iu-

896 2397 1020 2426 numcris
1034 2404 1063 2424 sc
1076 2395 1205 2424 oneribus
1219 2394 1354 2430 subjecit?
1376 2394 1404 2421 Si
1422 2393 1497 2421 enim
1522 2393 1564 2421 lex
1585 2397 1628 2421 est
1644 2393 1692 2421 do-

56 2440 139 2470 minus
149 2447 222 2476 tuus,
243 2445 330 2470 totam
344 2441 418 2469 illam
437 2439 556 2477 adimple
581 2448 588 2467 :
608 2440 631 2468 si
655 2443 749 2468 autem
773 2438 904 2471 dominus
919 2446 985 2470 tuus
1007 2449 1062 2469 non
1084 2445 1134 2475 est,
1159 2447 1194 2468 ne
1209 2443 1314 2476 partem
1328 2438 1411 2467 etiam
1437 2438 1495 2474 ejus
1510 2438 1594 2467 ullam
1624 2439 1694 2466 reci-

58 2484 117 2519 pias.

95 2541 110 2560 (
136 2532 329 2572 Κατηργήθητε
356 2531 409 2561 ἀπὸ
438 2531 571 2570 Χριστοῦ,
599 2529 692 2562 οἵτινες
717 2530 744 2559 ἐν
769 2529 842 2570 νόμῳ

60 2574 197 2606 δικαιοῦσθε
221 2589 228 2596 ·
253 2579 300 2612 τῆς
331 2576 439 2616 χάριτος
466 2575 611 2609 ἐξεπέσετε.
642 2588 654 2601 ιι
683 2573 844 2611 Τουτέστιν,

61 2620 185 2660 Οὐδεμίαν
206 2621 343 2652 κοινωνίαν
367 2621 441 2661 ἔχετε
468 2620 536 2659 μετὰ
556 2622 602 2649 τοῦ
617 2620 734 2659 Χριστοῦ
750 2631 757 2638 ·
781 2618 845 2649 οἵτι-

61 2675 113 2700 νες,
139 2667 172 2701 ὣς
196 2666 414 2705 ὑπολαμϐάνετε,
443 2667 469 2695 ἐν
497 2664 571 2705 νόμῳ
600 2665 761 2701 δικαιοῦσθε,
797 2665 844 2700 τῆς

64 2709 162 2748 χάριτος
189 2711 341 2749 ἐξεπέσετε,
365 2713 411 2747 τῆς
439 2711 543 2747 ἀληθῶς
572 2709 733 2745 δικαιούσης.
766 2707 845 2748 Μέγα

933 2534 1020 2560 Vnus.
1045 2534 1071 2559 4.
1088 2530 1216 2559 Evacuati
1240 2530 1305 2558 estis
1328 2536 1343 2557 a
1367 2528 1489 2563 Christo,
1513 2529 1561 2565 qui
1585 2529 1611 2556 in
1637 2528 1695 2564 lege

896 2576 1085 2614 justiticamini
1100 2585 1107 2604 :
1124 2583 1139 2604 a
1154 2575 1242 2612 gratia
1257 2573 1401 2603 excidislis.
1419 2584 1431 2598 ι
1448 2574 1508 2601 Hoc
1523 2577 1574 2606 est,
1589 2573 1695 2600 nullam

899 2622 1061 2651 societatem
1074 2620 1177 2649 habetis
1197 2627 1262 2648 cum
1279 2619 1405 2653 Christo,
1421 2618 1467 2654 qui
1487 2617 1578 2652 (Veluti
1598 2617 1696 2652 opina-

899 2666 977 2700 mini)
992 2665 1021 2694 in
1044 2665 1104 2701 lege
1123 2664 1311 2702 justiﬁcamiui
1335 2674 1342 2692 :
1367 2671 1381 2690 a
1401 2663 1488 2698 gratia
1512 2668 1574 2689 vere
1595 2661 1696 2697 justiti-

899 2715 978 2739 cante
1002 2710 1149 2739 excidistis.
1177 2711 1310 2746 Magnum
1336 2708 1416 2744 igitur
1449 2705 1620 2742 naufragium
1646 2710 1695 2739 est,

743 2762 840 2792 Variae
862 2761 1015 2792 lectiones.

96 2810 106 2827 ⁸
117 2811 231 2850 imit-«:0:
246 2822 273 2843 o.
312 2814 323 2832 ⁸
337 2814 440 2851 νομίσῃς
453 2820 479 2842 o.
515 2813 526 2832 ⁸
540 2813 606 2845 ὅλως
619 2812 662 2840 τὸν
677 2812 799 2847 δεσπότην
814 2819 841 2841 o.

880 2811 890 2828 ⁷
905 2810 984 2842 ἄλλας
1001 2817 1041 2839 m.
