1877 3081
0 187 59 215 013

469 185 645 214 EXPOSITIO
664 186 698 214 IN
717 186 822 214 EPIST.
842 185 888 214 AD
907 185 1030 214 GALAT.
1050 200 1087 207 —
1104 186 1179 214 CAP.
1198 186 1232 215 ν.

1580 187 1649 215 1014

0 249 32 279 ὸν
56 249 185 290 τυχόντα
202 249 349 280 ἀπολέσθαι
376 248 410 280 ¹⁴.
428 249 577 289 Προτρέπει
599 249 685 279 τοίνυν
710 248 802 283 αὖτοὺς
817 251 842 283 Α
857 256 888 277 nc

896 256 914 276 n
933 249 990 276 vult
1010 256 1045 277 ne
1064 248 1214 277 minimum
1233 256 1280 277 seu
1299 249 1518 285 qualemcunque
1538 248 1649 285 quidem

5 294 32 324 αἱ
51 294 90 324 τὰ
118 295 188 335 παρ’
203 296 304 323 ἑαυτῶν
328 295 502 333 εἰσενεγκεῖν,
518 294 564 323 καὶ
588 293 632 322 ἐπὶ
653 295 692 333 τῷ
711 294 801 334 Κυρίῳ

0 339 130 374 λπίζειν.
157 340 197 370 Οὖ
217 339 268 379 γὰρ
284 339 371 372 ἄλλως
385 338 469 368 ἔνεστι
491 339 543 367 τῶν
567 338 639 378 παρὰ
661 341 706 369 τοῦ
730 341 801 369 Θεοῦ

2 388 102 423 υχεῖν,
124 384 159 413 ἂν
175 383 213 423 μὴ
229 383 275 413 καὶ
296 382 343 419 τὴν
360 384 426 424 παρ’
447 384 547 412 ἑαυτῶν
563 382 691 420 σπουδὴν,
708 383 799 424 φησὶν,

0 428 154 469 ἷσῃέρητε.

34 484 50 502 σ
68 473 109 503 Ὁ
126 473 157 503 δὲ
171 472 311 512 ταράσσων
324 474 393 511 ὑμᾶς
412 472 540 512 βαστάσει
559 471 589 501 τὸ
603 476 700 512 κρῖμα,
729 471 801 506 ὅστις

0 531 20 547 ιν
113 531 128 544 ι
156 517 249 554 Ὑμεῖς
280 517 342 556 μὲν,
371 516 460 555 φησὶν,
487 517 702 556 δισρῡωθήσεσθε·
729 517 800 554 πλὴν

3 565 18 592 ὗ
48 563 94 592 διὰ
122 565 202 592 τοῦτο
223 563 247 592 οἱ
272 561 459 598 ἄπατήσαντες
482 563 552 600 ὓμᾶς
581 562 801 602 ἐλευθερωθήσον-

0 619 35 636 'an.
55 609 108 643 τῆς
125 607 274 643 κολάσεως,
291 606 361 636 ἀλλὰ
382 606 496 635 δώσουσι
514 606 601 642 δίκην,
625 606 676 636 κᾶν
690 606 800 645 μεγάλοι

0 652 60 685 ῖινὲς
86 652 193 681 δοκῶσι
219 652 264 681 καὶ
292 650 449 685 ἀξιόπιστοι.
480 652 568 680 Τοῦτο
591 651 643 690 γάρ
672 651 728 679 ἐστι
753 651 800 688 τὸ,

0 696 124 730 .”Οστις
142 692 205 736 avi.
225 709 236 722 ιι
259 697 345 726 Τοῦτο
362 695 390 725 δὲ
405 695 495 735 λέγει,
521 695 565 724 ἵνα
590 695 628 733 μὴ
649 695 694 724 καὶ
716 695 800 736 ἕτεροι

0 741 78 771 πάλιν
92 742 252 770 ἐπιθῶνται.

34 799 47 812 ι
72 785 153 825 Ἐγὼ
177 785 215 823 δὲ,
236 785 354 825 ἀδελφοὶ,
381 786 404 813 εἷ
427 784 574 823 περιτομὴν
601 783 640 813 ἔτι
663 784 800 823 κηρύσσω,

0 831 20 860 τί
46 831 87 860 ἔτι
105 830 256 868 ὃιώκομαις
279 845 291 856 ι
307 829 419 866 Ἐπειδὴ
436 829 624 862 διαϐάλλοντες
647 829 724 858 αὐτὸν
742 829 801 858 ἔλε-

0 887 56 914 (ον,
84 875 130 905 ὅτι
157 875 302 915 ὓποκριτής
328 876 415 910 ἐστιν,
440 875 559 914 ἀλλαχοῦ
585 873 632 911 μὲν
655 873 801 913 περιτομὴν

0 920 157 960 κηρύσσων,
186 921 305 960 ἀλλαχοῦ
321 920 349 948 δὲ
375 919 413 949 οὔ·
437 918 529 959 φησὶν,
552 917 592 947 ὃτι
608 917 701 956 Ὑμεῖς
728 917 799 960 μοίρ-

0 977 84 1004 τυρες,
111 964 156 993 ὅτι
186 964 316 1002 διώκομαι
342 963 416 1002 παρὰ
443 965 494 992 τῶν
520 962 668 993 Ἰουδαίων.
703 963 734 992 Εἰ
757 957 802 991 οὖν

0 1008 152 1048 περιτομὴν
187 1008 326 1047 κηρύσσω,
353 1009 418 1048 ὑπὲρ
452 1007 520 1041 τίνος
545 1007 627 1036 ἄλλου
652 1006 801 1044 διώκομαις

0 1055 133 1092 πρόδηλον
157 1053 210 1092 γὰρ
229 1053 269 1082 ὅτι
292 1053 332 1081 διὰ
357 1052 387 1082 τὸ
410 1051 551 1081 καταλύειν
574 1050 607 1079 τὰ
629 1050 727 1091 ποίτρια
751 1051 803 1079 αὖ-

0 1110 50 1126 των
69 1098 199 1127 διώκουσί
224 1109 267 1136 με.
289 1100 320 1128 lii
350 1097 378 1126 δὲ
400 1097 550 1136 περιτομὴν
581 1096 720 1135 κηρύσσω,
747 1107 804 1124 συν-

0 1145 63 1171 icti?)
89 1146 190 1172 ταῦτα·
216 1144 271 1175 πῶς
294 1138 339 1172 οὖν
356 1154 388 1179 με
407 1141 546 1177 διιίικουσι;
569 1141 605 1171 Τί
630 1136 687 1176 οὖν,
705 1139 801 1180 φασίν,

0 1189 27 1216 οὐ
44 1187 191 1227 περιέτεμε
211 1186 355 1225 Τιμόθεος
383 1187 446 1217 Ναί·
465 1186 535 1215 ἀλλὰ
553 1184 614 1215 κατ’
637 1184 801 1223 οἰκονομίαν.

0 1232 80 1262 Ἄλλο
107 1231 135 1260 δὲ
159 1231 191 1260 τὸ
205 1236 367 1270 περιτεμεῖν,
395 1230 441 1260 καὶ
456 1230 522 1260 ἄλλο
543 1230 573 1260 τὸ
595 1229 739 1268 κηρύσσειν
758 1240 805 1258 πι-

5 1276 124 1315 ριτομήν.
152 1278 194 1306 Οὐ
220 1277 271 1316 γὰρ
294 1271 378 1311 εἶπεν,
400 1277 433 1305 Εἰ
461 1274 606 1314 περιτομὴν
622 1273 803 1313 εἰργασάμην,

3 1321 68 1357 ἀλλ’,
87 1332 102 1350 σ
119 1323 154 1352 Εἰ
171 1323 308 1360 κηρύσσω.
326 1331 341 1349 ο
367 1319 401 1350 Ὁ
417 1320 468 1358 γὰρ
486 1319 625 1358 κηρύσσων
650 1318 804 1357 δογματίζει

3 1366 52 1394 δεῖν
71 1366 113 1395 ἀεὶ
129 1368 208 1395 τοῦτο
228 1365 362 1404 γίνεσθαι⁷
385 1366 419 1398 ὡς
441 1365 533 1397 ἁπλῶς
556 1363 646 1393 καλόν·
666 1365 680 1392 ὁ
702 1363 728 1392 δὲ
746 1363 804 1392 κατ’

5 1410 156 1448 οἰκονομίαν
179 1410 293 1445 ποιήσας
316 1422 353 1446 τι,
377 1410 427 1449 οὐχ
449 1410 483 1441 ὡς
507 1408 598 1441 ἅπλῶς
623 1407 705 1437 καλὸν
727 1409 806 1436 τοῦτο

5 1457 81 1492 ποιεῖ,
94 1456 160 1485 ἀλλ’
179 1457 214 1488 ὡς
228 1455 292 1494 πρὸς
306 1454 396 1494 καιρὸν
409 1453 544 1494 χρειῶδες.

857 294 955 330 perire.
979 293 1153 322 Adhortatur
1173 294 1266 330 itaque
1284 301 1341 327 eos,
1363 297 1394 321 ut
1407 297 1435 321 et
1452 301 1501 322 sua
1521 293 1648 328 afferant,

855 343 883 366 et
901 338 935 378 in
958 338 1112 366 Dominum
1131 346 1206 374 spem
1229 346 1309 366 suam
1323 338 1469 366 collocant.
1491 340 1555 366 Non
1575 339 1649 366 enim

854 383 933 411 aliter
954 383 1017 411 licet
1031 383 1162 411 beneﬁcia
1183 383 1234 411 Dei
1252 383 1394 419 consequi,
1409 391 1491 419 quam
1505 382 1526 411 si
1549 386 1578 411 et
1599 391 1649 412 ve-

854 432 941 456 strum
956 428 1038 456 etiam
1053 431 1183 456 conatum
1199 427 1358 456 conferatis.

892 489 905 501 ι
925 477 980 514 Qui
1001 481 1093 505 autem
1117 477 1261 505 conturbat
1283 485 1342 512 vos,
1364 476 1485 513 portabit
1501 476 1647 512 judicium,

855 522 975 557 quisquis
991 521 1079 550 fuerit.
1102 533 1114 546 ι
1130 523 1185 550 Vos
1200 522 1322 558 quidem,
1338 521 1438 557 inquit,
1453 521 1488 550 ad
1503 521 1648 549 rectiorem

854 570 956 594 statum
972 566 1175 594 transferemini
1193 576 1200 594 ι
1220 566 1266 595 sed
1285 570 1379 594 tamen
1393 566 1441 603 qui
1461 566 1650 602 imposuerunt

857 611 944 644 vobis,
959 619 1016 638 non
1031 615 1174 647 propterea
1188 611 1377 639 liberabuntur
1392 619 1407 639 a
1420 619 1513 647 pcena,
1527 610 1575 638 sed
1590 618 1648 647 pce-

857 664 905 682 nas
927 655 1014 688 luent,
1039 656 1146 684 etiamsi
1160 656 1253 692 magni
1272 655 1424 689 videantur,
1445 659 1472 683 et
1492 654 1545 683 ﬁde
1563 655 1648 692 digni.

857 701 916 728 lloc
930 700 1003 728 enim
1018 705 1061 728 est
1075 700 1159 734 istud,
1178 712 1190 724 ιι
1203 701 1335 737 Quisquis
1350 700 1439 728 fuerit.
1454 711 1466 724 ιι
1483 701 1544 728 Hoc
1555 704 1649 728 autem

855 745 930 777 dicit,
946 753 980 772 ne
996 745 1041 773 alii
1056 753 1164 781 quoque
1179 746 1252 781 ipsos
1268 745 1434 774 adoriantur.

892 795 980 822 Vnus.
1001 797 1043 822 ιι.
1065 806 1077 818 ι
1100 796 1157 830 Ego
1178 799 1281 827 autem,
1297 793 1405 827 fratres,
1425 794 1448 822 si
1464 793 1650 822 circumcisio-

856 847 918 866 ιιριιι
948 838 1037 866 adhuc
1065 839 1194 874 prmdico,
1221 839 1285 875 quid
1314 838 1404 866 adhuc
1433 839 1650 875 persecutionem

819 891 842 922 Β
858 883 963 918 patior?
983 893 996 909 ι)
1014 884 1084 919 Quia
1099 883 1312 912 calumniatores
1325 883 1384 919 ejus
1401 883 1538 918 dicebant,
1555 884 1650 920 Hypo—

856 928 922 955 erita
939 932 989 961 est,
1008 928 1106 963 quippe
1126 928 1188 964 quia
1204 928 1273 956 alias
1292 928 1529 956 circumcisionem
1549 927 1648 964 priedi-

853 976 910 1005 cat,
926 972 991 1000 alias
1006 980 1062 1000 non
1078 973 1143 1000 item
1160 981 1166 1000 :
1183 974 1249 1006 Vos,
1264 973 1364 1010 inquit,
1388 972 1458 1000 mihi
1472 976 1557 1000 testes
1571 972 1648 1006 estis,

855 1016 929 1052 quod
948 1017 1167 1052 persecutionem
1183 1017 1274 1053 patior
1292 1025 1307 1045 a
1327 1016 1440 1045 Judazis.
1456 1017 1484 1045 Si
1500 1017 1583 1054 igitur
1596 1017 1650 1044 eir-

856 1061 1055 1089 eumcisionem
1075 1061 1203 1097 prazdico,
1227 1070 1277 1098 pro
1297 1069 1420 1098 quanam
1441 1061 1494 1090 alia
1508 1070 1537 1090 re
1556 1069 1650 1097 perse-

857 1106 995 1134 cutionem
1018 1106 1158 1135 sustineo?
1187 1106 1299 1142 planum
1326 1107 1400 1134 enim
1424 1110 1466 1134 est
1488 1105 1563 1142 quod
1587 1106 1650 1142 quia

858 1149 959 1184 patrios
972 1158 1067 1178 eorum
1086 1151 1156 1179 ritus
1175 1151 1282 1185 tollam,
1304 1155 1505 1187 persequuntur
1527 1159 1580 1178 mc.
1603 1151 1651 1179 Sin

856 1193 1093 1222 eireumeisionem
1124 1195 1254 1231 praedico,
1290 1196 1359 1223 ritus
1388 1196 1449 1223 illos
1477 1195 1612 1223 confirmo
1643 1204 1650 1223 :

858 1246 941 1274 quare
974 1239 1054 1274 igitur
1083 1245 1284 1276 persequuntur
1315 1242 1377 1268 me?
1408 1240 1481 1274 Quid
1507 1240 1580 1274 inde,
1608 1239 1653 1267 in-

857 1283 972 1318 quiunt?
993 1292 1086 1312 nonne
1108 1284 1282 1312 circumcidit
1303 1285 1500 1312 Timotheum?
1520 1285 1579 1317 Nae,
1603 1292 1652 1313 ve-

858 1335 919 1356 rum
942 1336 990 1363 per
1014 1329 1162 1364 quamdam
1187 1329 1429 1365 dispensationem.
1455 1329 1536 1357 Aliud
1561 1333 1653 1357 autem

858 1371 900 1396 est
919 1368 1123 1402 circumcidere,
1144 1369 1217 1398 aliud
1240 1369 1475 1397 circumcisionem
1495 1369 1652 1404 praedicare.

859 1413 920 1440 Non
934 1413 1006 1441 enim
1021 1413 1099 1448 dixit,
1119 1414 1146 1442 Si
1166 1414 1333 1447 circumcidi,
1354 1414 1414 1448 sed,
1432 1425 1444 1438 ιι
1463 1414 1490 1442 Si
1507 1414 1652 1442 circumci-

859 1456 966 1486 sionem
991 1458 1120 1494 prmdico.
1147 1468 1161 1483 ι
1185 1459 1238 1494 Qui
1262 1459 1336 1486 enim
1360 1457 1502 1494 praedicat,
1524 1459 1603 1487 docet
1627 1458 1654 1486 id

6 1511 113 1539 semper
141 1504 244 1532 debere
268 1503 343 1537 ﬁeri,
362 1511 413 1530 ceu
432 1510 492 1530 rem
517 1501 679 1537 simpliciter
700 1501 802 1529 bonum
827 1502 896 1538 :qui
917 1510 984 1531 vero
1006 1511 1054 1539 per
1076 1503 1313 1539 dispensationem
1339 1502 1474 1540 quiddam
1498 1502 1577 1538 facit,
1597 1511 1654 1531 non

7 1549 81 1576 wluti
93 1548 257 1585 simpliciter
267 1548 369 1576 bonum
381 1547 433 1575 hoc
442 1547 515 1580 facit,
531 1554 625 1574 verum
635 1550 765 1582 tanquam
776 1545 810 1573 ad
823 1549 933 1583 tempus
948 1547 1025 1576 utile.

49 1604 62 1622 ι(
82 1592 109 1624 Ἄ
117 1606 149 1633 ρα
175 1594 342 1634 κατήργηται
355 1593 386 1622 τὸ
410 1592 560 1621 σκάνδαλον
577 1593 622 1621 τοῦ
636 1592 763 1631 σταυροῦ.
780 1600 796 1619 ι)
815 1592 837 1624 C

11 1638 39 1667 1·ζί
65 1638 224 1678 περιτομὴν,
247 1638 323 1678 φησὶ,
351 1636 484 1676 κηρύττω,
509 1635 646 1665 πέπαυται
667 1635 697 1664 τὸ
721 1634 801 1665 σκάν-

9 1683 82 1711 δαλον
107 1683 120 1712 ὂ
135 1683 359 1716 σκανδαλίζσνται
375 1681 419 1710 ἐπὶ
442 1682 480 1720 τῷ
495 1682 601 1720 σταυρῷ
626 1681 650 1709 οἱ
666 1679 802 1710 Ἰουδαῖοι.

9 1729 47 1757 Δι’
81 1727 153 1757 οὐδὲν
181 1728 232 1768 γὰρ
258 1726 347 1766 ἕτερον
378 1725 598 1759 σκανδαλίζονται
627 1724 670 1754 ἐπὶ
693 1726 731 1764 τῷ
757 1726 802 1754 τοῦ

9 1775 120 1809 σταυροῦ
135 1773 307 1812 κηρύγματι,
332 1770 379 1800 καὶ
399 1772 428 1800 οὖ
451 1770 651 1810 παραδέχονται
672 1771 760 1806 τοῦτο,
780 1771 802 1798 εἷ

9 1815 44 1852 μὴ
59 1816 101 1845 διὰ
116 1816 146 1846 τὸ
161 1817 341 1846 καταλύεσθαι
362 1817 412 1851 τὴν
428 1813 576 1854 περιτομὴν
598 1813 644 1843 καὶ
659 1813 702 1843 τὸν
723 1813 802 1852 νόμον

11 1861 57 1890 ὑπὸ
87 1861 190 1891 τούτου.
225 1859 315 1890 ¹¹Ωστε
352 1861 499 1900 περιτομῆς
529 1857 726 1898 κηρυττομένης
759 1858 803 1888 ὑπ’

11 1906 86 1943 ἐμοῦ,
111 1908 128 1942 ἡ
152 1906 229 1946 μάχη
250 1907 301 1935 τῶν
320 1904 468 1940 Ἰουδαίων,
483 1905 500 1939 ἡ
524 1902 589 1943 πρὸς
611 1902 656 1932 τὸν
680 1902 803 1943 σταυρὸν,

12 1949 53 1977 καὶ
73 1949 102 1979 τὶι
117 1951 265 1980 σκάνδαλον
289 1949 303 1979 ὃ
329 1948 548 1984 σκανδαλίζονται
566 1948 608 1977 ἐπ’
629 1947 714 1988 αὐτῷ,
738 1959 804 1978 κατ·

12 1993 121 2032 ήργηται
135 1996 181 2025 καὶ
196 1995 343 2025 πέπαυται.

52 2049 65 2067 ι
92 2037 208 2080 Ὄφελον
243 2039 289 2068 καὶ
318 2039 499 2079 ἀποκόψονται
532 2039 558 2068 οἳ
593 2039 803 2071 ἀναστατοῦντες

14 2082 85 2119 ὒμᾶς.
107 2094 122 2112 ιι
149 2085 219 2118 Τοὺς
241 2083 289 2123 μὲν
315 2083 499 2119 ἀπατηθέντας
521 2083 647 2119 ἀνοήτους
678 2082 801 2112 ἐκάλεσεν

15 2126 38 2153 ἕν
54 2129 134 2168 ἀρχῇ,
150 2129 224 2158 οὐδὲν
240 2128 299 2158 ἀλλ’
325 2127 343 2164 ἢ
369 2130 405 2161 ὣς
419 2129 512 2158 παισὶν
536 2127 691 2164 ἐπιπλήξας·
707 2131 760 2160 τοῖς
776 2127 802 2156 δὲ

16 2171 196 2208 ἀπατήσασιν,
231 2174 266 2206 ὥς
291 2172 388 2202 ἀνίατα
415 2175 548 2209 νοσοῦσιν,
582 2174 730 2212 ἐπαρᾶται,
757 2171 802 2200 καὶ

16 2215 86 2254 λέγει’
106 2218 166 2247 Εἴθε
195 2218 232 2256 μὴ
260 2218 338 2257 μόνον
357 2217 573 2257 περιετέμνοντο,
597 2217 667 2246 ἀλλὰ
691 2216 736 2245 καὶ
761 2228 802 2245 τε-

16 2260 85 2294 λείως
103 2262 253 2292 ἆπέκοπτον
269 2262 302 2291 τὰ
317 2264 418 2292 ἑαυτῶν
435 2262 529 2302 μόριαέ
545 2261 617 2300 Ὅροι
633 2261 660 2291 δὲ
674 2261 719 2291 καὶ
734 2262 802 2297 πῶς,

896 1603 908 1616 ιι
929 1593 1001 1628 Ergo
1028 1597 1190 1621 evacuatum
1214 1597 1257 1620 est
1275 1592 1436 1621 scandalum
1455 1593 1556 1621 crucis.
1587 1604 1600 1617 υ
1627 1593 1645 1621 S

856 1636 1104 1670 circumeisionem,
1133 1637 1233 1673 inquit,
1269 1637 1428 1673 praedicem,
1459 1637 1540 1665 desiit
1571 1645 1654 1666 scan-

856 1680 951 1709 dalum
968 1689 1022 1717 quo
1037 1681 1127 1710 Judaei
1146 1681 1183 1710 ob
1199 1690 1308 1710 crucem
1323 1682 1592 1710 scandalizabantur.
1613 1682 1655 1710 0b

857 1726 923 1753 nihil
943 1726 1016 1754 enim
1038 1726 1113 1755 aliud
1132 1726 1311 1755 offenduntur
1328 1726 1418 1756 Judaei
1433 1727 1461 1755 in
1477 1727 1568 1755 crucis
1583 1734 1655 1762 pra-

857 1769 1006 1804 dicatione,
1024 1770 1106 1806 357
1117 1779 1208 1807 neque
1219 1779 1279 1799 eam
1291 1771 1436 1806 recipiunt,
1448 1771 1500 1799 nisi
1511 1770 1586 1808 quod
1601 1771 1655 1799 dis-

857 1815 944 1842 solvat
964 1815 1203 1843 circumcisionem
1218 1819 1246 1843 et
1264 1815 1362 1851 legem.
1388 1815 1507 1843 Proinde
1528 1815 1550 1843 si
1573 1823 1587 1842 a
1610 1823 1655 1843 me

857 1859 1029 1888 circumcisio
1044 1859 1219 1895 praedicatur,
1239 1867 1331 1896 pugna
1346 1859 1509 1888 Judazorum
1524 1859 1654 1887 adversus

857 1911 978 1938 crucem,
999 1908 1026 1932 et
1045 1903 1205 1932 scandalum
1228 1911 1283 1940 quo
1303 1903 1522 1932 scandalizantur
1541 1907 1654 1940 propter

858 1948 957 1984 ipsam,
972 1948 1105 1977 abolitum
1119 1952 1160 1977 est
1172 1956 1204 1977 ac
1218 1948 1342 1976 cessavit.

894 2043 983 2071 Vens.
1001 2044 1044 2070 12.
1058 2053 1071 2067 α
1083 2042 1196 2070 Utinam
1210 2041 1408 2070 abscinduntur
1419 2042 1466 2078 qui
1476 2049 1525 2070 vos
1539 2046 1654 2071 contur-

857 2086 934 2115 bant.
952 2098 965 2111 ιι
981 2088 1036 2115 Eos
1050 2087 1094 2123 qui
1112 2086 1219 2123 decepti
1234 2086 1351 2121 fuerant,
1365 2087 1465 2115 stultos
1478 2087 1506 2115 in
1520 2087 1653 2123 principio

857 2132 975 2165 vocavit,
988 2131 1056 2160 nihil
1069 2131 1144 2160 aliud
1161 2139 1256 2168 agens,
1270 2140 1353 2168 quam
1367 2131 1441 2168 quod
1456 2132 1538 2160 veluti
1554 2140 1653 2167 pueros

858 2176 1022 2212 increparet.
1040 2177 1208 2212 lmpostores
1225 2180 1318 2204 autem
1331 2176 1413 2213 ipsos,
1428 2180 1561 2212 tanquam
1574 2176 1652 2204 incu-

857 2220 934 2249 rabili
953 2221 1050 2249 morbo
1070 2221 1205 2255 laborent,
1231 2225 1397 2255 exsecratur,
1422 2228 1454 2249 ac
1476 2220 1543 2248 dicit
1564 2231 1570 2249 ς
1588 2221 1652 2249 Uti-

858 2273 922 2293 nam
936 2273 1002 2293 nom
1019 2265 1109 2293 solum
1128 2265 1403 2298 circumeiderentur,
1423 2264 1472 2293 sed
1488 2269 1516 2293 et
1530 2264 1655 2294 funditus

22 2305 270 2349 tt’.\vacmroﬁvrs<,
285 2318 299 2335 ))
320 2303 402 2343 εἶπεν,
418 2306 484 2347 ὅπερ
499 2306 544 2336 ἐπὶ
554 2308 613 2349 ,τῶν
635 2307 804 2346 αἷχμοιλωτι-
819 2317 844 2349 D
859 2317 888 2338 re

894 2314 1015 2338 secarent
1051 2317 1100 2338 sua
1135 2310 1270 2338 membra.
1316 2309 1511 2346 Contemplare
1550 2313 1654 2343 autem,

17 2347 104 2380 ζόντων
123 2351 148 2369 ⁴²
166 2352 287 2391 λέγομεν.
315 2351 367 2382 Καὶ
390 2351 442 2391 γὰρ
466 2351 513 2381 καὶ
540 2347 611 2380 οὗτοι
632 2350 680 2387 τὴν
702 2351 807 2380 ἐλευθε-

19 2392 70 2430 ρίαν
102 2396 186 2425 αὖτῶν
211 2397 373 2436 ἀφῃροῦντο,
398 2395 445 2425 καὶ
476 2397 523 2432 τῆς
549 2396 603 2425 ἄνω
630 2393 807 2436 Ἰερουσαλὴμ

19 2437 202 2474 ἔπανιστιῗιντις
225 2441 262 2478 ¹³,
277 2442 312 2474 ὡς
326 2441 496 2479 μετανάστας
517 2440 582 2481 πρὸς
600 2440 644 2470 τὸν
658 2439 738 2478 νόμον
761 2439 807 2469 καὶ

18 2480 61 2525 τὴν
92 2482 237 2521 Ἰουδαῖκὴν
272 2486 444 2525 μικρολογίαν
477 2480 620 2522 μεθίστων.
649 2484 807 2523 Σημείωσαι

21 2524 44 2553 δὲ
69 2529 134 2558 κατὰ
157 2531 208 2559 τῶν
240 2531 447 2560 ἄποκοπτόντων
471 2529 594 2566 ἑαυτοὺς,
619 2529 659 2559 ὅτι
684 2529 733 2566 τὴν
759 2531 804 2559 τοῦ

21 2567 170 2605 Ἀποστόλου
184 2575 302 2616 κατάραν
319 2577 358 2617 ἐφ’
378 2574 487 2609 ἑαυτοὺς
502 2575 678 2604 ἐπισπῶνται.

48 2673 71 2705 ,ι
85 2660 174 2702 Ὑμεῖς
187 2665 238 2706 γὰρ
253 2666 279 2695 ἔν
304 2665 438 2706 ἐλευθερίᾳ
454 2665 594 2702 ἐκλήθητε,
619 2664 738 2706 ἀδελφοὶ,
755 2664 806 2704 μό-

28 2713 65 2733 νθν
81 2706 116 2745 μὴ
135 2709 180 2746 τὴν
198 2710 345 2752 ἐλευθερίαν
362 2711 398 2746 εἷς
418 2710 540 2751 ἀφορμὴν
555 2711 588 2750 τῇ
605 2709 694 2751 σαρκί.
709 2723 720 2737 ιι
746 2710 807 2750 Οὐχ

861 2354 1002 2390 quomodo
1019 2354 1130 2389 dixerit,
1153 2354 1367 2388 Ἀναστατοῦντες,
1381 2353 1456 2390 quod
1475 2354 1510 2382 de
1531 2354 1655 2391 captivos

860 2399 1023 2428 ducentibus
1041 2399 1167 2428 dicimus.
1187 2400 1262 2427 Nam
1281 2403 1309 2428 et
1326 2399 1372 2427 isti
1387 2399 1545 2427 libertatem
1559 2407 1655 2428 eorum

860 2444 1030 2480 auferebam,
1045 2448 1073 2472 et
1084 2451 1100 2472 a
1114 2444 1240 2480 supernis
1254 2443 1455 2480 Hierosolymis
1475 2451 1523 2472 eos
1536 2443 1655 2473 transfe-

859 2493 962 2524 rentes,
976 2496 1027 2517 eeu
1043 2489 1152 2517 exsules
1164 2493 1191 2517 et
1203 2488 1345 2525 profugos,
1356 2488 1390 2516 ad
1403 2489 1492 2524 legem
1501 2488 1658 2517 Iudaicam-

860 2541 912 2570 que
932 2534 1063 2562 vilitatem
1084 2533 1292 2562 transferebant.
1309 2533 1430 2561 Observa
1447 2537 1542 2561 autem
1561 2537 1657 2561 contra

860 2578 1051 2607 abscindentes
1067 2579 1181 2614 seipsos,
1207 2577 1281 2614 quod
1297 2577 1422 2614 Apostoli
1443 2578 1657 2606 exsecrationem

860 2623 896 2652 ad
914 2631 974 2652 sese
988 2623 1078 2652 attrah
1083 2627 1141 2652 ant.

896 2669 991 2697 Vnus.
1008 2671 1053 2696 13.
1075 2677 1090 2695 α
1104 2669 1161 2697 Vos
1175 2667 1250 2696 enim
1270 2667 1300 2696 in
1323 2667 1448 2696 libertate
1470 2665 1560 2694 vocati
1580 2666 1656 2700 estis,

860 2712 969 2747 fratres,
983 2717 1091 2742 tantum
1100 2721 1134 2741 ne
1145 2713 1300 2742 libertatem
1312 2712 1340 2740 in
1352 2711 1526 2740 occasionem
1540 2710 1627 2739 carni.
1643 2722 1655 2735 υ

709 2776 805 2807 Varia:
828 2775 978 2806 lectiones.

60 2830 78 2848 “
91 2831 253 2865 ἀποϐαλέσθαι
268 2845 295 2866 o.
336 2837 357 2856 ¹²
370 2837 540 2873 αἰχμαλώτων
555 2845 580 2866 o.

621 2835 643 2854 ¹³
658 2835 692 2864 ἴα.
707 2837 902 2872 μετανιστῶντες
917 2842 943 2863 ο.
