1877 3081
41 186 111 213 1017

485 183 660 212 EXPOSITIO
680 185 712 212 ΙΝ
732 185 836 213 EPIST.
853 185 899 213 AD
917 185 1038 213 GALAT.
1061 201 1092 205 —
1114 185 1188 213 CAP.
1209 185 1239 212 V.

1614 184 1681 212 1018

40 246 178 284 ἀλλήλοις,
192 246 236 276 ἵνα
257 246 295 285 μὴ
309 247 327 277 ἃ.
341 246 373 276 ἂν
387 246 492 284 θέλητε,
509 248 594 276 ταῦτα
608 249 713 283 ποιῆτε.
739 258 752 276 ι
772 247 832 278 Ἐν‹
848 250 876 283 Α
890 258 892 275 l

919 252 982 276 Item
995 248 1048 276 sibi
1064 247 1183 275 invicem
1199 247 1386 281 adversantur,
1402 250 1495 275 utnon
1510 253 1681 282 qumcunquc

38 293 125 321 ταῧθα
140 291 315 330 ἐπιτιθέμενοι
339 293 498 332 Μανιχαῖοι,
519 291 566 321 καὶ
587 293 611 321 οἱ
632 294 744 322 τοιοῦτοι
766 293 834 322 πάν-

36 348 80 370 τες
105 335 242 376 αἱρετιιιοὶ,
268 336 399 377 λέγουσιν,
416 336 457 366 ὅτι
477 339 491 367 ὁ
515 337 649 377 ἄνθρωπος
666 337 695 366 lx
721 337 765 367 δύο
787 338 834 366 οὖ-

39 382 104 410 σιῶν
126 381 251 411 ἐναντίων
265 380 412 420 σύγκειται,
430 381 475 411 καὶ
496 385 625 421 μαρτυρεῖ
643 383 657 411 ὁ
677 381 835 416 Ἀπόστολος

37 425 73 455 δι’
88 437 102 454 ν
118 421 140 454 ὦ
152 425 224 464 λέγει
245 427 300 456 ν’ὗν.
322 426 380 456 Οὐχ
395 425 452 455 ἔστι
471 426 509 455 δέ·
528 427 557 455 οὖ
572 426 624 466 γὰρ
638 425 700 466 περὶ
721 429 768 462 τῆς
789 428 835 456 οὖ-

37 470 96 503 σίας
121 470 283 509 διαλέγεται,
309 470 378 499 ἀλλὰ
402 470 489 510 σάρκα
518 471 588 510 λέγει
611 471 656 500 τὸν
680 471 767 510 γεώδη
789 472 834 501 λο·

36 515 147 554 γισμὸν,
166 514 212 544 χαὶ
235 515 360 556 ῥᾴθυμον,
383 515 429 544 καὶ
444 514 623 554 ἠμελημένον.
647 517 677 545 οὖ
693 516 723 545 τὸ
746 517 833 553 σῶμα·

36 559 82 588 χαὶ
105 562 223 598 πνεῦμα,
239 560 283 589 τὸν
305 560 483 598 πνευματικὸν
506 560 646 599 λογισμὸν,
667 561 695 590 οὗ
711 561 759 596 τὴν
780 562 833 601 ψυ-

36 604 98 643 χήν.
126 603 161 634 ι0
183 600 226 634 οὖν
251 604 361 644 γεώδης,
385 605 460 644 φησὶ,
485 605 609 643 λογισμὸς
629 605 774 635 ἀντίκειται
796 607 833 646 τῷ

37 649 281 690 πνευματιχῷλκαὶ
297 651 311 678 ὁ
324 648 502 687 πνευματικὸς
519 650 653 688 λογισμὸς,
677 651 714 690 τῷ
728 650 831 688 γεώδει.

36 694 182 731 Λογισμῐῦν
200 688 244 723 οὖν
267 695 390 732 πονηρῶν
415 694 460 723 καὶ
478 695 583 732 ἀγαθῶν
606 694 695 734 μάχην
720 695 832 733 εἰσάγει,

36 737 94 766 ἀλλ’
108 738 140 767 οὐ
163 737 286 775 σώματος
310 738 355 767 καὶ
376 739 473 778 ψυχῆς.
498 739 538 769 Τὸ
555 738 608 778 γὰρ
621 740 717 774 θέλειν,
734 739 778 768 καὶ
795 738 833 777 μὴ

36 782 131 820 θέλειν,
159 784 206 818 τῆς
239 784 326 823 ψυχῆς
349 783 405 812 ἐστι
427 784 474 818 τῆς
507 783 688 822 λογιζομένης.
718 783 834 819 Ἐπάγει

36 827 95 867 γάρ’
111 841 124 852 ι
140 825 201 857 Ἵνα
217 827 254 866 μὴ
271 826 288 856 ἃ
304 827 336 856 ἂν
353 827 456 864 θέλητε,
470 830 554 857 ταῦτα
578 830 681 863 ποιῆτε·
703 842 715 854 ι
731 828 787 857 ἐπεὶ
805 828 834 858 τό

35 883 63 910 γε
79 873 159 906 σῶμα
183 872 308 911 συνεργόν
324 873 380 902 ἐστι
401 874 447 908 τῆς
468 873 565 912 ψυχῆς,
580 873 628 901 οὖκ
643 872 769 902 ἐναντίον·
787 872 832 901 χαὶ

38 919 52 951 ἡ
77 917 154 956 ψυχὴ
169 915 309 956 ἀντέχεται
327 919 374 946 τοῦ
394 915 529 955 σώματος,
552 916 597 946 καὶ
620 917 707 947 πάντα
731 917 830 956 πάσχει

34 960 102 990 ὥστε
126 961 192 990 αὐτὸ
217 961 256 999 μὴ
277 963 446 999 καταλιπεῖν,
474 961 520 990 καὶ
544 961 764 1002 ἀποῤῥηγνυμένη
786 963 833 990 αὖ-

35 1008 77 1034 τοῦ
94 1005 180 1045 ἀλγεῖ.
197 1007 260 1039 Πῶς
275 1001 319 1035 οὖν
337 1006 441 1035 ἐναντία
458 1006 492 1035 τὰ
510 1006 642 1043 τοσαύτην
657 1006 750 1046 σχέσιν
765 1006 833 1045 πρὸς

35 1049 139 1086 ἄλληλα
155 1049 250 1089 ἔχοντα
259 1060 268 1089 ;

78 1105 92 1123 (ι
109 1095 144 1124 Εἰ
164 1095 190 1123 δὲ
210 1094 343 1133 πνεύματι
361 1094 464 1134 ἄγεσθε,
486 1095 534 1124 οὐχ
555 1093 614 1124 ἐστὲ
629 1094 680 1125 ὑπὸ
697 1094 787 1132 νόμον.
813 1106 828 1124 n

35 1137 68 1168 ’0
91 1142 198 1177 πνεῦμα
224 1138 292 1179 ἔχων
319 1139 441 1169 σϐέννυσι
465 1139 511 1172 τὰς
537 1138 654 1179 πονηρὰς
681 1140 831 1178 ἐπιθυμίας.

34 1183 67 1213 Ὀ
81 1184 108 1213 δὲ
135 1184 237 1213 τούτων
260 1183 425 1223 ἀπαλλαγεὶς
449 1184 478 1213 οὔ
500 1185 584 1213 δεῖται
607 1186 654 1219 τῆς
677 1183 831 1222 συμϐουλῆς

34 1229 77 1257 τοῦ
97 1228 191 1266 νόμου,
214 1227 273 1258 οὔτε
296 1230 342 1258 ὑπ’
365 1229 444 1258 αὐτόν
463 1229 544 1259 ἔστιν.
572 1227 607 1259 Ὀ
630 1228 681 1268 γὰρ
698 1229 764 1268 μηδὲ
791 1231 833 1258 ου‹

35 1273 177 1311 μοῦμινος,
200 1275 256 1306 πῶς
284 1274 368 1303 δεῖται
392 1275 438 1302 τοῦ
463 1273 691 1313 παραγγέλλοντος
716 1275 752 1312 μὴ
781 1285 832 1313 φο-

35 1317 129 1354 νεύειν;
161 1318 214 1347 Καὶ
249 1319 263 1347 ὁ
297 1318 365 1356 μηδὲ
398 1318 548 1354 ἐπιθυμῶν,
575 1320 630 1351 πῶς
668 1318 752 1346 δεῖται
786 1321 831 1347 τοῦ

37 1361 258 1402 συμϐουλεύοντος
287 1362 324 1399 μή
350 1362 504 1402 πορνεύειν;
526 1361 618 1402 Ὅπερ
643 1362 687 1392 καὶ
711 1363 832 1402 ἀλλαχοῦ

37 1401 98 1435 εἶπε·
128 1418 144 1434 ι
171 1406 276 1447 Ant:qu
303 1401 435 1446 vépoqroﬁ
459 1406 556 1437 κεῖταὶ.
584 1401 610 1436 »ν
629 1409 709 1436 Δοκεῖ
730 1406 757 1436 δὲ
782 1401 831 1436 οιαὶ

38 1450 164 1490 ἐγκώμιον
184 1453 230 1480 τοῦ
250 1451 331 1489 νόμον
350 1451 447 1490 λέγειν,
464 1451 529 1490 εἴγε
546 1453 571 1481 ἓν
594 1451 665 1486 τάξει
686 1454 731 1480 τοῦ
753 1451 832 1480 πνεύ-

40 1507 118 1532 ματος
136 1491 181 1532 ἦν,
196 1495 266 1525 κατὰ
291 1496 403 1534 δύναμιν
427 1496 451 1515 ⁸⁵
474 1495 522 1531 τὴν
541 1497 619 1525 αὐτοῦ
640 1497 829 1535 παιδαγωγῶν,

36 1539 76 1569 ὅτε
100 1542 192 1580 καιρὸν
215 1535 283 1581 εἶχε,
315 1541 377 1573 Πῶς
401 1536 445 1570 οὖν
472 1536 544 1574 αὖθις
572 1540 624 1570 ὑπὸ
658 1541 830 1579 παιδαγωγοῦ

893 293 984 327 vultis,
1000 293 1045 320 illa
1066 292 1178 320 faciatis.
1204 304 1216 316 ι
1234 292 1286 320 llic
1306 292 1475 327 insurgentes
1498 291 1638 320 Manichaei
1655 295 1683 318 et

889 338 1049 374 huiusmodi
1075 345 1172 365 omnes
1197 337 1328 370 haeretici,
1353 337 1495 365 hominem
1520 344 1552 364 ex
1577 335 1682 364 duabus

889 383 1031 411 contrariis
1045 382 1167 410 essentiis
1187 382 1373 418 compositum
1392 389 1451 409 esse
1476 381 1578 414 dicunt,
1601 384 1682 416 atque

888 428 1052 464 Apostolqu
1069 427 1142 455 istud
1160 427 1251 455 testari
1277 434 1325 462 per
1337 434 1367 454 ea
1388 433 1449 462 quae
1464 434 1537 454 nunc
1552 425 1627 453 dicit.
1646 427 1682 452 At

887 480 944 500 non
971 473 1006 500 ita
1031 476 1072 500 est
1094 483 1100 500 :
1127 480 1184 500 non
1208 472 1282 499 enim
1296 471 1330 499 dc
1345 471 1462 499 essentia
1484 470 1614 506 disputat,
1633 469 1682 498 sed

887 525 998 545 carnem
1018 517 1084 544 dicit
1101 520 1260 545 terrestrem
1279 516 1482 552 cogitationem.
1504 523 1618 551 eamque
1636 522 1681 542 so-

888 562 998 590 cordem
1017 566 1044 589 et
1065 562 1261 597 negligentem,
1285 569 1340 589 non
1364 568 1486 596 corpus:
1508 565 1537 588 et
1557 560 1682 596 spiritum

887 606 1058 642 spiritualem
1079 607 1284 641 cogitationem,
1303 613 1358 633 non
1379 605 1511 633 animam.
1534 605 1683 633 Terrestris

888 651 981 686 igitur,
997 651 1094 687 inquit,
1111 651 1239 687 cogitatio
1257 650 1405 686 opponitur
1419 650 1564 685 spirituali,
1579 654 1607 677 et
1631 649 1682 685 spi—

887 695 993 723 ritualis
1001 695 1128 731 cogitatio
1139 695 1269 723 terrestri.
1283 695 1484 730 Cogitationum
1495 694 1585 730 itaque
1596 695 1681 722 bona-

888 748 950 767 rum
971 745 1000 768 et
1020 740 1155 768 malarum
1172 748 1290 776 pugnam
1304 739 1416 773 inducit,
1438 747 1494 767 non
1509 739 1632 775 corporis
1653 743 1680 766 et

888 785 996 813 animat.
1005 785 1078 812 Velle
1085 785 1157 812 enim
1168 789 1195 813 et
1204 793 1259 812 non
1270 784 1348 817 velle,
1358 789 1400 812 est
1407 785 1506 812 animm
1518 784 1675 812 ratiocinan-

889 829 937 862 tis;
954 829 1035 857 infert
1049 830 1134 863 enim,
1151 841 1164 854 ι
1179 831 1219 858 Ut
1231 837 1285 857 non
1302 836 1471 865 quaecunque
1485 829 1583 861 velitis,
1596 837 1626 856 ea
1638 828 1682 856 fa—

886 874 963 902 ciatis
976 884 983 902 :
994 887 1005 899 ν
1017 873 1242 911 quandoquidem
1252 882 1350 910 corpus
1361 874 1482 902 animam
1490 873 1610 909 adjuvat,
1627 882 1680 900 non

887 919 1045 947 adversatur
1060 919 1100 953 ei;
1123 920 1271 955 artiumque
1289 919 1397 954 corpori
1416 918 1545 951 adhaeret,
1569 918 1679 945 omnia-

888 964 1005 1000 qneagit
1017 972 1052 992 ne
1066 964 1155 1000 ipsum
1167 963 1346 999 derelinquat,
1362 968 1387 990 et
1400 971 1464 991 cum
1475 963 1511 991 ab
1523 970 1555 990 eo
1569 963 1681 990 abrum-

889 1008 969 1044 pitur,
991 1009 1073 1036 dolet.
1093 1008 1240 1043 Quomodo
1263 1009 1344 1044 igitur
1366 1008 1502 1035 contraria
1523 1012 1598 1041 sunt,
1620 1014 1682 1044 qua:

887 1057 993 1080 tantam
1011 1053 1084 1081 inter
1096 1061 1125 1081 se
1140 1057 1239 1081 mutuo
1253 1052 1428 1081 concordiam
1443 1052 1558 1080 fovent?

922 1099 1011 1126 Vens.
1033 1100 1076 1126 18.
1101 1109 1113 1122 α
1129 1097 1209 1134 Quod
1230 1097 1251 1125 si
1266 1097 1362 1133 spiritu
1382 1097 1528 1131 ducimini,
1546 1104 1601 1125 non
1616 1097 1682 1125 estis

886 1142 937 1170 sub
954 1143 1021 1178 lege.
1046 1153 1060 1167 ν
1082 1143 1137 1177 Qui
1158 1142 1285 1178 spiritum
1309 1142 1403 1175 habet,
1418 1142 1566 1178 exstinguit
1587 1150 1683 1177 pravas

887 1186 1064 1223 cupiditates;
1082 1187 1128 1223 qui
1148 1195 1210 1215 vero
1230 1187 1263 1215 ab
1284 1187 1325 1214 his
1340 1187 1468 1214 liberatus
1483 1190 1535 1220 est,
1551 1195 1606 1214 non
1623 1191 1684 1223 eget

886 1231 1000 1259 consilio
1016 1232 1092 1268 legis,
1109 1239 1198 1267 neque
1212 1231 1235 1259 ei
1250 1231 1388 1267 subjectus
1403 1236 1453 1259 est.
1471 1232 1525 1267 Qui
1539 1231 1610 1259 enim
1625 1239 1681 1259 non

885 1276 1019 1310 irascitur,
1037 1276 1176 1312 quomodo
1197 1284 1267 1312 opus
1286 1276 1368 1304 habet
1389 1276 1566 1312 praecipiente
1590 1276 1625 1311 ei,
1641 1277 1681 1304 Ne

887 1321 1012 1349 occidas?
1027 1323 1059 1349 Et
1069 1321 1114 1357 qui
1126 1329 1179 1348 non
1193 1321 1370 1357 concupiscit,
1382 1321 1429 1357 qui
1442 1329 1512 1357 opus
1523 1321 1607 1349 habet
1617 1329 1682 1349 con-

885 1366 1001 1400 sulente,
1017 1367 1059 1394 Ne
1079 1365 1239 1394 fornieeris?
1260 1365 1340 1401 Quod
1358 1370 1384 1394 et
1397 1366 1450 1394 alio
1466 1366 1495 1393 in
1515 1365 1574 1394 loco
1589 1365 1656 1394 dixit
1673 1375 1679 1392 ε

886 1410 971 1446 359
987 1422 999 1434 ει
1015 1412 1095 1438 Justo
1109 1418 1163 1438 non
1179 1415 1220 1438 est
1237 1410 1278 1438 lex
1293 1411 1380 1446 posita
1391 1410 1415 1437 ιι.
1429 1421 1443 1437 ››
1459 1410 1574 1439 Videtur
1589 1415 1680 1438 autem

885 1459 912 1483 et
931 1455 1088 1483 encomium
1107 1455 1175 1491 legis
1197 1463 1310 1488 canere;
1334 1455 1468 1491 siquidem
1489 1455 1601 1491 spiritus
1622 1456 1680 1482 loco

885 1504 954 1533 erat,
970 1508 1018 1536 pro
1033 1499 1136 1528 viribus
1149 1499 1207 1527 suis
1225 1500 1364 1536 ptedagogi
1380 1507 1457 1527 more
1473 1499 1630 1533 instituens,
1647 1500 1680 1527 ad

886 1544 1027 1572 definitum
1041 1552 1126 1580 usque
1134 1549 1251 1580 tempus.
1262 1544 1409 1580 Quomodo
1421 1544 1504 1580 igitur
1513 1552 1607 1572 rursus
1617 1544 1682 1572 sub-

37 1586 143 1623 γίνεσοε,
159 1585 190 1614 τὸ
209 1586 320 1624 Πνεῖμα
336 1585 444 1625 ἀφέντες
456 1585 486 1614 τὸ
500 1586 614 1619 τελείους
634 1586 705 1624 ὑμᾶς
721 1588 830 1622 ποιοῦ-η
850 1586 892 1617 Ο(

919 1589 983 1617 mini
1011 1589 1173 1625 pmdagogo,
1209 1589 1307 1616 relicto
1337 1588 1439 1624 Spiritu
1465 1596 1514 1616 vos
1546 1588 1681 1624 perfectos

37 1628 141 1670 ⁸Ωσπερ
155 1630 187 1658 ἂν
202 1629 227 1659 εἴ
245 1642 282 1664 τις
302 1631 440 1671 φιλόσοφος
455 1629 502 1667 ὢν,
516 1630 600 1659 δεῖται
623 1630 806 1670 παιδαγωγοῦ.

76 1730 89 1747 α
106 1719 218 1759 Φανερὰ
234 1719 261 1748 δέ
276 1721 331 1749 ἐστι
347 1719 379 1749 τὰ
402 1719 466 1759 ἔργα
480 1721 528 1755 τῆς
549 1719 656 1759 σαρκὸς,
681 1718 756 1748 ἅτινά
773 1721 829 1749 ἐστι

38 1764 138 1803 πορνεία
173 1765 220 1793 χαὶ
243 1764 359 1804 μοιχεία.
386 1775 400 1792 ι)
434 1766 490 1800 Τῆς
519 1764 720 1805 διεφθαρμένης,
750 1764 827 1804 φησὶ,

37 1809 209 1853 προαιρέσεως
229 1810 273 1838 καὶ
289 1812 414 1848 σαρκικῆς
437 1809 471 1838 τὰ
493 1808 556 1848 ἔργα
579 1809 662 1838 ταῦτά
689 1811 765 1846 εἰσιν,
784 1809 828 1848 ἀφ’

37 1852 106 1881 div“
121 1854 165 1883 καὶ
188 1853 389 1891 ἐπιγινώσκεται
410 1853 519 1892 πορνεία
541 1855 587 1882 καὶ
606 1853 724 1893 μοιχεία.
742 1855 827 1888 Δῆλον

37 1896 73 1935 δὲ,
87 1899 140 1932 πῶς
154 1898 270 1939 διαφέρει
289 1897 396 1938 πορνεία
413 1898 542 1938 μοιχείας.

77 1999 89 2013 ι
105 1987 276 2026 Ἁχαθαρσίπι,
292 1988 428 2027 ἀσέλγεια.
445 1998 459 2016 n
486 1987 607 2026 Τρόπους
624 1987 749 2028 αἰσχροὺς
768 1988 826 2027 [μί-

39 2030 95 2072 {uel
115 2032 226 2061 ἐνταῦθα
247 2032 401 2070 αἰνίττεται,
427 2031 471 2066 οὓς
492 2032 550 2062 οὐδὲ
575 2032 703 2073 ἠνέσχετο
725 2033 825 2072 ὄνομά-

38 2086 87 2105 σαι.

79 2131 92 2150 (ι
108 2121 331 2161 Εἷδωλολατριία,
349 2125 528 2162 φαρμακεῖαι,
552 2121 659 2162 ἔχθραι,
674 2121 750 2162 ἕρεις,
776 2124 824 2157 ζῆ-

38 2164 83 2201 λοι,
105 2166 192 2204 θυμοὶ,
218 2168 336 2205 ἔρῖθειαι,
360 2165 544 2206 διχοστασίαι,
572 2166 699 2206 αἱρέσεις,
722 2166 822 2208 φθόνοι,

39 2209 113 2247 φόνοι,
133 2210 221 2249 μέθαι,
245 2212 342 2249 κῶμοι,
367 2211 465 2241 καὶτὰ
489 2210 569 2249 ὅμοια
594 2211 703 2244 τούτοις·
730 2211 746 2240 ὰ
764 2223 828 2251 προ-

38 2254 101 2292 λέγω
119 2256 190 2292 ὑμῖν,
214 2254 300 2288 καθὼς
322 2255 367 2285 καὶ
390 2258 533 2295 προεῖπον,
555 2255 596 2284 ὅτι
621 2257 646 2285 οἱ
661 2255 694 2284 τὰ
719 2258 829 2285 τοιαῦτα

39 2298 202 2337 πράσσοντες,
229 2300 365 2339 βασιλείαν
384 2300 454 2330 Θεοῦ
477 2300 508 2328 οὗ
533 2299 785 2338 κληρονομήσουσιν.
811 2312 826 2329 ι

40 2342 194 2374 Εἰπάτωσαν
220 2346 284 2382 ἡμῖν
302 2345 326 2374 οἱ
349 2344 398 2380 τήν
416 2345 502 2385 σάρκα
519 2343 717 2377 διαϐάλλοντες.
735 2343 829 2374 Ἔστω

38 2387 53 2421 ἦ
76 2388 196 2428 ἀσέλγεια
215 2389 261 2418 καὶ
285 2390 302 2424 ἡ
328 2389 436 2428 πορνεία
453 2391 499 2418 τοῦ
516 2389 639 2427 σώματος
663 2389 827 2429 ἁμαρτήμα-

38 2442 79 2462 ταῖ
92 2433 124 2473 Atti
145 2433 247 2473 ἔχθραι,
264 2433 309 2463 καὶ
335 2436 362 2462 αἱ
379 2433 499 2473 αἱρέσεις,
517 2434 562 2462 καὶ
585 2433 619 2463 τὰ
634 2436 752 2470 τοιαῦτα,
768 2436 823 2468 πῶς

38 2475 67 2503 ἂν
82 2471 129 2506 εἷεν
153 2478 268 2518 σαρκός;
287 2478 376 2508 1⁷Ωιττε.
400 2479 542 2518 πρόδηλον,
560 2477 600 2508 ὅτι
615 2478 702 2507 πάντα
724 2480 770 2513 τῆς
785 2479 825 2508 δι⁴

39 2522 194 2561 ε’ξιθαρμένης
221 2523 276 2552 ἐστὶ
303 2523 492 2564 προαιρέσεως.
519 2524 552 2554 Εἰ
576 2523 604 2553 δὲ
629 2524 725 2563 σαρκὸς
749 2519 828 2560 ἦσαν,

40 2568 146 2604 φυσικῶς
160 2569 223 2606 ἡμῖν
239 2568 382 2608 προσόντα,
398 2569 453 2601 πῶς
473 2568 504 2596 ἂν
522 2567 657 2607 βασιλείας
673 2569 743 2598 Θεοῦ
760 2572 828 2607 ὑμᾶς

41 2608 171 2642 ἐξέϐαλλον
186 2611 228 2650 ⁴⁷;
246 2613 287 2642 Οὐ
304 2612 355 2652 γὰρ
371 2612 482 2652 φύσεως,
498 2612 566 2642 ἀλλᾶ
581 2613 769 2653 προαιρέσεως,
784 2613 830 2642 καὶ

41 2654 66 2682 αἱ
79 2655 195 2691 κολάσεις
209 2657 254 2687 καὶ
270 2659 294 2688 οἱ
308 2657 443 2699 στέφανοι.
461 2657 517 2688 Καὶ
532 2657 619 2691 ἄλλως
633 2657 674 2697 δὲ,
690 2658 713 2688 εἰ
727 2656 830 2698 φύσεως

71 2732 105 2766 ⁴1
117 2739 187 2769 Tim.
208 2748 231 2777 ι,
241 2745 268 2770 9.

885 1633 1019 1662 faciente?
1041 1634 1122 1670 Quod
1138 1634 1250 1670 perinde
1274 1638 1314 1661 est
1329 1641 1360 1661 ac
1377 1633 1400 1661 si
1420 1633 1482 1670 quis
1500 1633 1681 1670 philosophus

884 1687 949 1707 cum
966 1679 1009 1712 sit,
1024 1678 1203 1714 opus‘habeat
1219 1677 1377 1714 paedagogo.

921 1725 1005 1751 Vens.
1025 1727 1066 1751 19.
1086 1734 1099 1747 οι
1123 1722 1265 1750 Manifesta
1282 1727 1347 1750 sunt
1364 1726 1456 1750 autem
1479 1730 1559 1758 opera
1580 1723 1679 1756 carnis,

884 1775 946 1803 qua:
957 1773 1022 1796 sunt
1032 1767 1187 1800 fornicatio,
1199 1767 1377 1795 adulterium.
1391 1779 1402 1791 ››
1416 1767 1569 1803 Corruptae,
1579 1767 1681 1803 inquit,

885 1817 913 1839 et
935 1812 1050 1840 carnalis
1070 1812 1218 1840 voluntatis
1241 1820 1323 1847 opera
1345 1816 1410 1839 sunt
1431 1811 1500 1844 haec,
1524 1812 1596 1839 inter
1615 1820 1679 1847 qua!

882 1857 1040 1891 agnoscitur
1060 1857 1143 1884 etiam
1166 1856 1307 1883 fornicatio
1324 1860 1352 1883 et
1371 1856 1546 1883 adulterium.
1563 1856 1678 1883 Planum

883 1908 924 1928 es:
944 1905 1037 1928 autem
1061 1908 1180 1937 quonam
1202 1900 1285 1928 modo
1306 1900 1453 1928 fornicatio
1481 1900 1516 1928 ab
1543 1899 1679 1928 adulterio

883 1946 1031 1981 (list-repet.

919 2002 930 2014 ιι
953 1990 1145 2023 lminuuditia,
1159 1989 1279 2017 lascivia.
1293 2002 1304 2013 ν
1318 1991 1422 2025 Turpes
1435 1997 1527 2018 mores
1537 1988 1582 2017 hic
1593 1992 1678 2023 notat,

880 2043 949 2071 quos
964 2042 997 2062 ne
1012 2034 1143 2062 sustinuit
1158 2034 1268 2070 quidem
1285 2034 1438 2062 nominare.

915 2125 1002 2152 VERS.
1017 2127 1062 2158 20,
1077 2127 1122 2152 21.
1140 2135 1151 2148 α
1168 2123 1311 2152 ldolorum
1324 2123 1452 2158 servitus,
1467 2124 1606 2158 veneﬁcia,
1625 2124 1679 2152 iui-

881 2169 1002 2202 micitiaz,
1018 2169 1059 2203 lis,
1075 2169 1226 2203 mmulatio,
1242 2169 1300 2203 iraa,
1316 2168 1516 2204 contentiones,
1531 2169 1680 2197 dissensio-

846 2219 869 2250 D
885 2221 944 2247 nes,
964 2213 1090 2246 haereses,
1112 2213 1229 2247 invidiae,
1245 2213 1402 2247 homicidia,
1420 2213 1548 2247 ebrietas,
1570 2222 1679 2242 comes-

883 2258 1016 2292 sationes,
1051 2258 1204 2293 horuinquc
1230 2257 1329 2286 similia
1354 2265 1416 2294 quae
1442 2259 1559 2294 przedico
1589 2259 1677 2293 vobis,

883 2303 954 2331 sicut
967 2302 1092 2338 praedixi,
1104 2302 1177 2338 quod
1188 2302 1232 2338 qui
1246 2302 1310 2330 talia
1323 2307 1418 2339 agunt,
1431 2311 1546 2339 regnum
1561 2303 1609 2331 Dei
1623 2312 1679 2331 non

883 2351 1095 2384 consequentur.
1113 2359 1126 2372 υ
1143 2347 1241 2375 Dicant
1252 2348 1332 2375 nobis
1346 2347 1391 2383 qui
1402 2355 1513 2376 carnem
1526 2348 1679 2376 criminan-

883 2396 940 2420 tur.
964 2393 1032 2420 Esto
1052 2392 1124 2428 quod
1145 2391 1289 2420 fornicatio
1304 2396 1330 2419 et
1351 2392 1460 2421 lascivia
1481 2393 1604 2429 corporis
1627 2393 1680 2421 sint

885 2441 1010 2473 peccata;
1025 2437 1174 2465 inimicitia:
1188 2442 1279 2465 autem
1294 2443 1322 2465 et
1336 2437 1454 2466 haereses
1466 2443 1493 2466 et
1509 2438 1677 2474 hujusmodi,

883 2482 931 2518 qui
953 2485 1083 2518 poterunt
1105 2489 1165 2510 esse
1188 2482 1296 2510 carnis?
1326 2483 1375 2510 Est
1398 2482 1480 2518 igitur
1503 2483 1678 2519 perspicuum

884 2526 957 2562 quod
972 2526 1064 2554 omnia
1074 2526 1134 2555 haec
1149 2526 1205 2554 sint
1215 2531 1351 2564 corruptm
1366 2527 1526 2556 voluntatis.
1543 2527 1570 2556 Si
1585 2532 1678 2555 autem

883 2571 971 2599 carnis
990 2576 1092 2605 essent,
1119 2571 1281 2600 naturaliter
1305 2571 1387 2600 nobis
1409 2571 1520 2606 adnata,
1538 2571 1678 2608 quomodo

883 2623 934 2644 nos
950 2623 965 2644 c
984 2624 1070 2653 regno
1085 2616 1135 2644 Dei
1155 2616 1300 2652 ejicerent?
1321 2618 1383 2645 Non
1397 2617 1471 2644 enim
1493 2621 1608 2649 natura,
1630 2616 1678 2644 sed

884 2661 1030 2690 voluntatis
1046 2666 1110 2690 sunt
1124 2665 1183 2689 tum
1201 2669 1298 2698 putum,
1318 2666 1376 2690 tum
1391 2669 1513 2690 corona.
1530 2662 1675 2694 Prmtcrea,

723 2782 820 2813 Varia
842 2782 992 2813 lectiones.

74 2831 94 2849 ¹⁸
103 2832 164 2861 κατι
173 2834 276 2873 δύναμιν
288 2834 335 2870 τὴν
348 2835 422 2864 αὖτοΰ
434 2837 625 2873 παιδαγωγὼν,
637 2837 679 2865 ὅτε
693 2836 780 2872 καιρὸν
795 2835 851 2872 εἶχε
869 2844 910 2865 ω.
949 2836 971 2854 ¹⁶
987 2835 1024 2873 ἐφ’
1040 2834 1062 2873 ᾧ
1074 2844 1102 2866 o.

1139 2835 1160 2854 ⁸⁷
1177 2835 1301 2872 ἐξήγαγον
1310 2843 1340 2865 o.
