1877 3081
163 185 233 213 1019

669 183 927 211 THEOPHYLACTI
947 182 1125 211 BULGARIE
1144 182 1301 210 ARCHIEP.

1746 183 1814 210 £020

161 247 183 276 si
207 250 313 276 natura:
336 246 450 275 fuissent
471 247 620 283 passiones,
645 253 702 274 non
720 245 842 281 dixisset,
867 258 879 271 α
903 246 956 282 Qui

1061 258 1084 274 ιν
1106 245 1138 275 τὰ
1151 246 1235 282 πάθη,
1251 246 1299 275 οὐχ
1320 245 1353 274 ἂν
1367 252 1436 284 sine,
1463 255 1478 274 α
1502 245 1682 284 Πράσει-οντες,
1698 255 1715 274 )
1735 244 1813 278 ἀλλὰ,

162 296 258 328 agunt,
277 304 290 316 ι
308 291 367 326 sed,
383 292 435 326 Qui
455 292 597 327 patiuntur
614 301 620 319 :
637 298 718 326 agere
737 291 811 319 enim
825 291 956 319 delibera-

164 337 269 365 tionem
285 341 313 365 et
327 337 497 365 voluntatem
513 336 627 364 indicat.
643 335 805 364 Inimicitias
820 344 901 372 porro
915 336 956 363 in-

164 382 256 418 tellige
281 381 405 418 injustas.
439 383 510 410 Sunt
533 381 606 409 enim
635 385 662 409 et
686 380 768 416 jusla:
799 381 956 415 iuimicitim,

161 434 270 462 nempe,
286 434 350 463 qua;
365 426 428 454 ﬁdei
443 427 553 454 nomine
568 429 737 458 exercentur,
760 433 876 461 ergaque
897 433 958 453 om-

162 479 213 499 nes
229 479 244 498 a
264 475 338 500 recto
352 471 463 499 tramite
481 471 631 499 deviautes.
647 470 844 498 Emulatioues
863 475 957 498 autem

162 515 229 544 dicit
244 516 404 552 zelotypias.
424 516 473 543 Est
487 516 561 544 enim
574 519 601 542 et
617 515 706 542 bonus
718 514 804 548 zelus,
820 518 850 542 ut
863 515 885 542 si
899 515 958 551 quis

164 561 232 589 bene
247 565 373 596 agentem
388 560 519 589 imitetur.
536 560 651 589 Pulchre
665 563 758 586 autem
776 564 837 595 post
851 559 959 587 dissen—

162 605 252 633 siones
278 609 307 633 et
332 606 521 634 contentiones
549 605 667 634 haereses
701 606 790 641 posuit
821 614 829 633 :
868 605 959 632 omnis

164 650 237 678 enim
260 650 369 678 haeresis
387 659 421 678 ex
434 651 622 685 contentione,
642 651 812 679 contentiosa
826 650 957 677 nimirum

164 695 306 732 propriam
322 695 492 723 voluntatem
505 700 625 724 statuere
642 697 756 731 nitente,
770 703 801 723 ac
816 699 957 731 propterea

165 739 282 768 hmresin
296 740 487 769 constituente.
513 741 608 769 Caedes
628 741 726 769 deinde
745 748 778 768 ex
800 739 913 774 invidia,
933 743 960 766 et

163 791 198 813 ex
213 785 415 813 comessatione
425 785 594 813 temulentia.
609 786 694 822 Κῶμοι
705 785 779 814 enim
791 788 856 813 sunt
868 788 958 812 temu-

165 829 301 857 lentorum
316 829 490 858 ebriorumve
502 830 709 858 contumeliosa:
719 830 872 858 cantilena).
889 829 960 856 Uine

165 874 248 910 priori
262 874 322 902 loco
337 874 428 910 posuit
439 875 614 911 generantia;
638 875 789 911 posteriore
809 882 882 908 vero,
898 881 958 910 quae

165 918 199 946 ab
213 919 247 947 iis
264 923 426 947 nascuntur.

200 964 289 992 Vens.
312 967 356 992 22.
377 975 390 988 ι
406 965 522 992 Fructus
536 969 628 993 autem
642 964 760 1000 Spiritus
773 967 816 992 est
829 963 957 997 eharitas,

165 1009 305 1045 gaudium.
328 1017 389 1045 pax.
416 1020 429 1034 ι
453 1011 538 1038 Prava
562 1018 645 1046 opera
669 1010 750 1037 nobis
773 1008 836 1037 solis
860 1008 929 1036 ﬁunt
951 1017 958 1035 :

165 1058 247 1090 atque
269 1054 332 1081 hinc
355 1061 437 1089 opera
459 1055 548 1082 carnis
568 1054 655 1088 dixit,
677 1054 776 1090 quippe
797 1061 858 1089 qum
877 1053 959 1080 simul

166 1098 288 1126 laborem
312 1107 343 1126 ac
361 1098 550 1126 difﬁcultatem
578 1099 705 1127 habeant.
722 1099 798 1126 Bona
820 1106 884 1125 vero
905 1106 959 1125 non

167 1147 260 1171 nostra
277 1147 384 1171 tantum
399 1151 462 1171 cura
479 1144 613 1179 indigent,
631 1151 726 1170 verum
740 1143 823 1170 etiam
840 1150 959 1178 superna

166 1188 373 1224 cooperatione;
390 1192 534 1224 eapropler
555 1188 669 1224 Spiritus
685 1187 804 1215 fructum
822 1195 853 1215 ea
868 1186 936 1214 dixit
951 1195 959 1214 :

167 1237 296 1268 tanquam
315 1241 330 1260 a
354 1233 433 1260 nobis
454 1233 534 1260 detur
555 1240 661 1266 semen,
680 1232 737 1260 sive
759 1231 930 1268 propositum
952 1240 959 1258 :

167 1277 241 1312 quod
256 1282 349 1304 autem
367 1277 485 1305 fructum
498 1277 577 1311 ferat,
589 1277 679 1304 isthuc
692 1277 718 1304 in
729 1278 786 1304 Deo
794 1277 876 1304 situm
891 1283 959 1303 esse.

169 1323 256 1349 Porro
271 1321 391 1349 radicem
409 1322 535 1349 omnium
549 1322 687 1349 bonorum
704 1321 788 1356 360
799 1321 887 1356 primo
900 1319 963 1347 cha-

169 1366 276 1394 ritaiem
297 1367 383 1402 punit,
407 1366 506 1394 deinde
527 1366 670 1402 gaudium.
693 1366 747 1401 Qui
772 1365 846 1393 enim
866 1365 961 1399 diiigit,

168 1419 277 1447 semper
291 1411 399 1446 gaudet,
414 1412 498 1439 etiam
514 1411 623 1447 quando
636 1410 768 1446 afﬂigitur
785 1420 790 1438 :
811 1417 873 1437 eum
889 1409 962 1437 enim

168 1464 183 1483 a
191 1464 245 1492 quo
253 1457 304 1484 sibi
314 1456 412 1492 injuria
420 1455 546 1490 infertur,
555 1463 604 1483 ceu
613 1454 821 1482 benef-actorem
831 1454 961 1481 intuetur.

170 1501 289 1529 Laetatur
303 1505 395 1528 autem
408 1500 436 1528 in
451 1502 519 1533 Deo,
533 1500 612 1536 cujus
625 1507 705 1527 causa
720 1499 786 1526 nihil
802 1507 857 1526 non
870 1498 926 1534 agit
937 1503 964 1526 et

171 1546 282 1580 patitur,
301 1553 333 1573 ac
357 1549 499 1581 propterea
517 1535 586 1572 bona
600 1544 764 1572 conscientia
785 1542 961 1570 exhilaretur.
978 1535 1000 1567 C

171 1591 207 1617 lix
223 1590 355 1617 eharitate
369 1593 462 1617 autem
479 1593 506 1617 et
518 1589 609 1616 lmtitia
626 1596 690 1616 cum
707 1588 733 1615 in
748 1588 839 1615 animo
853 1595 903 1615 suo
917 1595 962 1622 pa-

169 1642 228 1661 cem
242 1634 334 1668 habet,
346 1633 559 1670 cogitationibus
572 1633 700 1660 nimirum
712 1641 768 1660 non
780 1631 962 1668 perturbatus,

170 1683 229 1706 tum
243 1686 306 1714 erga
321 1686 420 1706 onmes
434 1682 569 1706 externos.
584 1679 654 1705 Nam
666 1677 771 1705 etiamsi
788 1676 875 1704 odisse
883 1685 964 1712 quos-

169 1724 231 1751 dam
250 1723 366 1757 videtur,
382 1731 436 1750 non
456 1731 503 1750 eos
517 1727 611 1750 tamen
627 1721 698 1756 odit,
715 1721 763 1750 sed
779 1721 840 1749 vitia
854 1729 962 1753 eorutn.

170 1769 243 1804 ipsos
255 1776 303 1795 ceu
318 1767 412 1796 fratres
425 1767 560 1795 charilate
573 1767 768 1803 complectens,
780 1771 807 1794 et
821 1766 855 1794 ad
869 1774 962 1794 eorum

170 1812 313 1841 utilitatem
335 1813 432 1841 odium
456 1812 509 1841 hoc
528 1812 684 1846 ostendens,
714 1815 745 1839 nt
762 1811 797 1839 ad
820 1811 964 1840 meliorem

168 1858 251 1886 vitam
266 1858 386 1887 redeant.

206 1915 217 1926 ιι
239 1903 454 1940 Longanimitas,
473 1902 636 1938 benignitas,
652 1901 770 1935 bonitas,
794 1901 872 1935 ﬁdes,
887 1909 964 1928 man-

169 1947 295 1982 suetudo,
311 1947 489 1976 continentia.
512 1959 524 1971 ιι
541 1946 749 1983 Longanimitas
769 1953 784 1973 a
805 1949 962 1973 mansuetu-

171 1992 234 2020 dine
257 1992 285 2019 in
311 1992 364 2020 hoc
388 1991 500 2021 differre
523 1991 631 2019 videtur
659 1991 687 2018 in
713 1989 863 2026 Scriptura,
891 1989 964 2026 quod

171 2036 337 2072 langanimis
357 2036 478 2064 multum
497 2036 599 2072 diuque
622 2035 733 2071 cegitet,
755 2043 805 2062 nec
827 2034 963 2066 celeriter.

169 2081 217 2110 sed
230 2088 295 2108 cum
307 2081 482 2109 cunctatione
497 2081 704 2108 convenientem
721 2080 841 2116 peccanti
858 2087 964 2114 pa‘nam

979 916 1001 947 B

1018 291 1181 330 Πάσχοντες*
1208 290 1238 320 τὸ
1267 289 1319 330 γὰρ
1340 290 1469 329 πράσσειν
1493 290 1646 330 προαίρεσιν
1677 290 1813 329 ἐμφαίνει.

1011 333 1134 375 Ἲίχθρας
1157 335 1184 364 δὲ
1198 335 1251 364 νόει
1273 335 1320 368 τὰς
1345 336 1462 368 ἀδίκους.
1495 334 1556 364 Εἰσὶ
1580 334 1693 375 γὰρκαὶ
1714 334 1816 364 δίκαιαι

1013 381 1118 419 ἔχθραι,
1136 380 1165 409 αἴ
1183 392 1213 419 γε
1238 380 1280 409 διὰ
1299 379 1347 415 τὴν
1368 381 1456 409 πίστιν
1471 380 1618 418 γινόμεναι,
1635 379 1682 408 καὶ
1702 382 1732 409 αἱ
1754 380 1818 418 πρὸς

1013 425 1114 458 πάντας
1139 424 1198 459 τοὺς
1221 428 1267 454 τοῦ
1289 424 1374 458 εὐθέος
1396 424 1557 458 ἐχνεόοντας.
1580 424 1685 459 Ζήλους
1700 424 1730 454 δὲ
1747 424 1817 463 λέγει

1012 470 1060 503 τὰς
1086 469 1256 506 ζηλοτυπίαν
1283 469 1339 498 ἔστι
1370 468 1420 508 γὰρ
1444 469 1490 498 καὶ
1513 470 1590 504 ζῆλος
1614 469 1726 507 ἀγαθὸς,
1753 468 1816 498 ὅταν

1013 527 1051 548 τις
1077 514 1121 543 τὸν
1146 515 1176 543 τὸ
1201 514 1283 544 καλὸν
1306 513 1462 553 πράσσοντα
1487 517 1622 552 μιμεῖται.
1652 515 1754 546 Καλῶς
1780 513 1816 549 δὲ,

1015 559 1082 598 μετὰ
1099 559 1145 592 τὰς
1167 559 1338 598 διχοστασίας
1354 558 1399 588 xui
1424 558 1471 591 τὰς
1489 558 1610 598 ἐριθείας,
1634 558 1682 591 τὰς
1704 558 1817 597 αἱρέσεις

1013 604 1124 633 τέυεικε·
1150 608 1226 633 πᾶσα
1241 603 1292 643 γὰρ
1314 602 1415 642 αἵρεσις
1430 603 1482 633 ἀπὸ
1506 602 1696 643 φιλονειχείας,
1722 603 1754 632 τὸ
1774 603 1814 632 οἶ-

1014 652 1083 679 κεῖον
1109 650 1212 687 θέλημα
1227 651 1304 689 ἱστᾷν
1326 649 1442 681 θέλοντος
1459 650 1503 678 τοῦ
1525 647 1688 688 φιλονείκου,
1705 648 1753 677 καὶ
1775 648 1815 676 διὰ

1014 697 1090 724 τοῦτο
1113 693 1213 734 αἵρεσιν
1236 695 1422 726 συνιστῶντος.
1450 694 1503 722 Καὶ
1518 695 1531 722 ὁ
1551 692 1627 732 φόνος
1642 692 1670 720 δὲ
1693 692 1750 722 ἀπὸ
1772 695 1815 721 τος

1014 739 1118 780 φθόνου,
1134 738 1180 767 καὶ
1204 738 1228 767 οἱ
1250 740 1335 775 κῶμοι
1361 737 1386 756 ¹⁸
1401 737 1454 766 ἀπὸ
1479 737 1570 775 μέθης.
1591 738 1688 774 Κῶμοι
1707 737 1761 776 γὰρ
1785 736 1815 765 τὰ

1013 786 1065 812 τῶν
1085 783 1234 822 μεθυόντων
1250 784 1307 820 μεθ’
1328 781 1429 821 ὕϐρεων
1445 781 1566 823 ᾅσματαδ
1593 781 1635 810 διὸ
1657 781 1813 822 προτέθειχε

1014 828 1047 858 τὰ
1061 830 1206 868 γεννῶντα,
1222 823 1279 857 εἶτα
1296 826 1328 856 τὰ
1345 827 1371 861 ἐξ
1386 828 1472 857 αὐτῶν
1492 826 1655 866 γεννώμενα.

1060 974 1074 992 (ι
1088 963 1122 993 Ὁ
1138 963 1166 992 δὲ
1181 963 1282 1003 καρπὸς
1295 965 1341 992 τοῦ
1358 963 1514 1000 Πνεύματός
1526 963 1596 992 ἔστιν
1612 961 1721 1001 ἀγάπη,
1736 962 1816 1002 χαρὰ,

1015 1008 1117 1047 εἰρήνη.
1141 1020 1156 1038 ι)
1185 1008 1228 1038 Τὰ
1250 1008 1297 1047 μὲν
1321 1008 1426 1047 πονηρὰ
1457 1008 1521 1046 ἔργα
1543 1007 1569 1042 ἐξ
1598 1009 1676 1045 ἡμῶν
1702 1007 1817 1044 γίνονται

1016 1053 1103 1091 μόνον·
1124 1053 1164 1082 διῖ)
1186 1053 1231 1082 xui
1255 1053 1320 1093 ἔργα
1347 1054 1445 1092 σαρκὸς
1461 1048 1546 1090 εἶπεν,
1570 1052 1627 1090 ἅμα
1645 1051 1692 1080 καὶ
1719 1053 1756 1084 ὡς
1778 1053 1816 1090 ἔρ-

1016 1097 1115 1136 γωδίαν
1133 1098 1178 1127 xui
1196 1097 1334 1137 βαρύτητα
1363 1097 1468 1135 ἔχοντα.
1485 1098 1527 1127 Τὰ
1547 1097 1573 1126 δὲ
1590 1097 1660 1125 καλὰ
1678 1097 1730 1135 οὐχ
1752 1098 1818 1133 ἡμε-

1015 1143 1093 1182 τέρας
1113 1144 1196 1172 δεῖται
1216 1142 1295 1180 μόνον
1311 1142 1476 1180 ἐπιμελείας,
1494 1141 1563 1182 me
1579 1141 1623 1170 xui
1647 1142 1697 1176 τῆς
1719 1141 1816 1170 ἄνωθεν

1016 1187 1174 1227 ιιύνεργείσις⁵
1203 1187 1242 1216 διὸ
1264 1186 1366 1226 καρπὸν
1390 1186 1459 1215 αὐτὰ
1486 1181 1544 1215 εἶπε
1569 1189 1615 1215 τοῦ
1644 1185 1816 1223 Πνεύματος·

1016 1233 1051 1264 ὡς
1073 1232 1135 1270 παρ’
1161 1231 1238 1268 ἡμῶν
1256 1231 1304 1270 μὲν
1326 1234 1373 1261 τοῦ
1396 1231 1495 1270 σπόρου
1510 1230 1661 1269 διδομένου,
1686 1231 1749 1265 ἤτοι
1774 1233 1817 1266 τῆς

1016 1277 1165 1316 προθέσεως
1192 1276 1229 1314 ⁴⁹,
1255 1279 1302 1306 τοῦ
1321 1276 1348 1305 δὲ
1370 1276 1472 1316 καρπὸν
1496 1275 1617 1314 γενέσθαι
1642 1277 1669 1305 ἐν
1696 1277 1736 1314 τῷ
1757 1276 1819 1314 Θεῷ

1017 1321 1150 1359 κειμένου.
1176 1321 1234 1356 Τὴν
1254 1321 1326 1362 ῥίζαν
1346 1320 1379 1362 δὲ
1397 1321 1504 1349 πάντων
1529 1321 1582 1349 τῶν
1599 1321 1707 1357 ἀγαθῶν
1731 1320 1820 1354 τίθησι

1017 1368 1122 1405 πρῶτον
1139 1365 1186 1401 τὴν
1212 1366 1329 1404 ἀγάπην,
1355 1359 1412 1394 εἶτα
1429 1366 1477 1400 τὴν
1501 1364 1598 1405 χαράν.
1616 1363 1650 1394 Ὁ
1671 1364 1724 1403 γᾶρ
1755 1366 1823 1402 ἀγαι-

1018 1412 1074 1439 πῶν
1098 1410 1138 1439 ἀεὶ
1152 1411 1250 1450 χαίρει,
1273 1410 1318 1439 xui
1342 1409 1405 1439 ὅταν
1427 1410 1521 1449 πάσχῃ
1536 1410 1637 1442 καλῶς’
1652 1410 1688 1441 ὡς
1709 1410 1822 1447 εὐεργέ-

1019 1467 1066 1491 την
1082 1454 1132 1495 γὰρ
1151 1457 1200 1495 ὁρᾷ
1221 1455 1265 1484 τὸν
1280 1455 1369 1488 κακῶς
1393 1457 1531 1484 ποιοῦντα.
1549 1453 1647 1494 Χαίρει
1662 1453 1690 1482 δὲ
1711 1453 1761 1482 xui
1775 1455 1822 1482 ἐπὶ

1018 1502 1056 1540 τῷ
1071 1502 1143 1539 Θεῷ,
1158 1502 1192 1533 ὡς
1214 1499 1247 1528 δι’
1262 1500 1340 1528 αὐτὸν
1359 1499 1447 1528 πάντα
1462 1499 1544 1528 ποιῶν
1564 1499 1609 1528 καὶ
1631 1498 1760 1538 πάσχων,
1773 1499 1822 1527 xui

1019 1545 1061 1574 διὰ
1082 1547 1157 1574 τοῦτο
1171 1545 1263 1584 ἀγαθῷ
1281 1543 1409 1573 συνειδότι
1431 1543 1680 1584 ἔπευςρραινόμενος.
1698 1542 1752 1573 Ἐκ
1773 1545 1823 1578 τῆς

1018 1589 1122 1628 ἀγάπης
1136 1589 1162 1618 δὲ
1183 1589 1227 1618 xui
1243 1591 1290 1624 τῆς
1312 1593 1398 1628 χαρᾶς
1419 1589 1548 1628 εἰρηνεύει
1570 1588 1616 1617 καὶ
1632 1586 1700 1616 κατὰ
1715 1587 1823 1627 ψυχὴν,

1019 1634 1056 1672 μὴ
1091 1633 1285 1673 ταραττόμενος
1321 1637 1374 1666 τοῖς
1407 1635 1558 1672 λογισμοῖς·
1583 1632 1629 1661 xui
1660 1632 1726 1671 πρὸς
1761 1633 1824 1665 τοὺς

1018 1678 1112 1712 ἔξωθεν
1128 1677 1154 1707 δὲ
1169 1682 1280 1711 πάντας.
1299 1678 1333 1708 Εἰ
1345 1677 1397 1717 γὰρ
1410 1678 1455 1707 xui
1472 1676 1667 1716 ἀπεχθάνεσθαι
1682 1677 1754 1706 δοκεῖ
1776 1689 1825 1706 τι-

1019 1735 1071 1760 σιν,
1088 1723 1136 1752 οὐχ
1153 1724 1253 1758 αὐτοῖς,
1278 1721 1346 1752 ἀλλὰ
1369 1724 1402 1761 τῇ
1420 1724 1445 1752 ἐν
1470 1722 1556 1754 αὐτοῖς
1569 1721 1651 1761 κακίᾳ
1671 1721 1824 1760 ἀπεχθάνε-

1018 1780 1062 1797 ται
1077 1792 1083 1802 ,
1109 1767 1223 1801 ἐκείνους
1249 1768 1359 1806 ἀγαπῶν
1384 1768 1420 1800 ὥς
1446 1766 1583 1806 ἀδελφοὺς,
1615 1765 1662 1795 xui
1693 1766 1761 1804 πρὸς
1795 1767 1825 1794 τὸ

1019 1813 1151 1853 συμφέρον
1175 1813 1263 1842 αὐτῶν
1287 1812 1336 1847 τὴν
1363 1811 1509 1852 ἀπέχθειαν
1533 1810 1729 1849 ἐνδεικνύμενος
1753 1811 1823 1840 ταύ-

1019 1869 1066 1894 την
1073 1880 1081 1894 ,
1101 1856 1145 1886 ἵνα
1160 1858 1332 1896 διορθωθῶσι,

1063 1913 1078 1930 α
1105 1901 1293 1942 Μαχροθυμία,
1320 1901 1486 1942 χρηστότης,
1516 1900 1692 1939 ἀγαθωσύνη,
1721 1900 1825 1935 πίστις,

1018 1946 1151 1986 πραότης,
1178 1947 1331 1987 ἐγκράτεια.
1361 1956 1376 1975 ι)
1407 1945 1588 1984 Μαχροθυμία
1618 1945 1769 1985 πραότητος
1799 1946 1825 1974 ἐν

1018 1992 1102 2031 τοῦτῳ
1127 1992 1197 2021 δοκεῖ
1223 1991 1297 2031 παρὰ
1310 1992 1344 2030 τῇ
1360 1992 1454 2030 Γραφῇ
1473 1989 1620 2029 διαφέρειν,
1644 1990 1684 2028 τῷ
1703 1989 1749 2018 τὸν
1773 1991 1825 2025 μὲν

1020 2036 1189 2076 μαχρόθυμον
1210 2035 1293 2065 πολὺν
1309 2035 1373 2065 ὄντα
1390 2037 1416 2064 ἐν
1433 2034 1570 2076 φρονήσει,
1589 2034 1626 2072 μὴ
1646 2033 1736 2070 ὀξέως,
1752 2034 1825 2063 ἆλλᾶ

1020 2081 1104 2120 σιολῇ
1121 2081 1265 2110 ἐπιτιθέναι
1279 2079 1328 2116 τὴν
1349 2079 1538 2119 προσήκουσαν
1562 2079 1638 2115 δίκην
1655 2080 1694 2118 τῷ
1711 2078 1825 2108 πταίον-

172 2126 312 2162 imponat;
328 2129 487 2153 mansuetus
501 2130 594 2153 autem
610 2125 724 2152 omnino
740 2132 843 2151 noxam
864 2130 889 2150 et
905 2132 960 2159 sup-

1078 2125 1121 2154 τὸν
1139 2125 1165 2155 δὲ
1190 2129 1274 2165 πρᾶον
1300 2126 1404 2164 ἀφιέναι
1420 2123 1601 2153 παντάπασιν·
1622 2125 1658 2156 ὣς
1680 2125 1694 2152 ὁ
1717 2124 1823 2158 Musei:

172 2171 284 2206 plicium
306 2171 429 2198 remittat
449 2180 455 2198 :
477 2170 587 2206 perinde
603 2178 634 2197 ac
655 2171 743 2196 Μαιδιις
763 2169 808 2204 qui
833 2169 924 2196 Μυιὶω
942 2173 968 2195 et

172 2215 271 2243 Aaroni
283 2215 389 2243 remisit
404 2223 517 2248 noxam,
532 2223 586 2251 pra:
596 2214 725 2242 omnibus
736 2218 837 2241 terram
851 2213 968 2240 incolen-

172 2260 243 2289 tibus
269 2265 430 2288 mansuetus
459 2264 571 2288 vocatus
599 2264 649 2287 est.
678 2258 834 2294 Benignitas
863 2261 965 2291 autem,

171 2305 348 2334 communius
365 2305 498 2341 quiddam
521 2308 562 2332 est
583 2312 664 2340 quam
687 2304 806 2332 bonitas.
831 2303 968 2338 Beuignus

172 2350 245 2378 enim
274 2350 410 2378 Dominus
438 2353 479 2377 est
507 2349 649 2377 universis.
680 2348 792 2376 Bonitas
817 2356 881 2375 vero
903 2347 968 2375 solis

172 2396 260 2432 dignis
276 2394 423 2428 benefacit,
445 2394 599 2422 secundum
619 2394 683 2421 illud
701 2403 708 2421 :
730 2403 744 2420 ιι
765 2392 893 2426 Bcncfac,
909 2394 967 2421 Do-

172 2441 257 2473 mine,
273 2439 351 2467 bonis
363 2441 393 2467 e:
409 2450 422 2463 ν
438 2438 533 2466 Fidem
546 2443 637 2466 autem
649 2438 722 2471 dicitI
735 2446 791 2466 non
803 2438 966 2473 simplicem,

171 2485 218 2513 scd
244 2492 306 2520 quae
327 2488 436 2512 montes
458 2484 545 2511 etiam
570 2484 725 2517 transferat,
749 2490 812 2518 qum
835 2490 878 2516 ea,
906 2490 968 2518 qua:

174 2529 247 2565 apud
262 2529 387 2557 homines
401 2532 464 2556 sunt
484 2528 672 2564 impossibilia,
688 2527 759 2563 apud
775 2529 865 2555 Deum
882 2527 968 2563 possi-

173 2575 236 2602 bilia
253 2582 310 2602 esse
325 2573 514 2602 indubitanter
530 2573 628 2600 credit.
652 2574 712 2600 Pra:
726 2572 856 2600 omnibus
875 2576 968 2600 autem

176 2624 217 2647 est
231 2619 411 2652 continentia,
433 2626 488 2646 non
504 2618 530 2645 in
547 2617 616 2645 citis
638 2621 755 2651 tantum,
775 2617 822 2645 εει]
839 2617 920 2645 etiam
936 2618 970 2645 ab

174 2665 250 2692 uului
265 2665 347 2692 malo.

207 2747 217 2758 '
231 2741 304 2770 Psal.
321 2748 409 2775 xxtv,
425 2743 452 2768 4.

1021 2172 1055 2210 τῇ
1081 2169 1198 2208 Μαριὰμ
1222 2169 1267 2198 xui
1292 2171 1330 2209 τῷ
1359 2168 1458 2208 Ἀαρὼν
1485 2168 1570 2208 ἀφιεὶς
1602 2167 1688 2207 πραΰς
1719 2168 1822 2203 ἐκλήθη

1023 2215 1096 2255 παρὰ
1112 2214 1215 2247 πάντας
1230 2213 1289 2247 τοὺς
1304 2217 1492 2246 κατοικοῦντας
1513 2212 1561 2248 τὴν
1576 2214 1635 2252 γῆν.
1664 2213 1824 2252 Χρηστότης

1023 2260 1049 2288 δὲ
1064 2259 1211 2298 κοινότερόν
1227 2259 1252 2288 τί
1267 2260 1324 2288 ἐστι
1339 2258 1412 2298 παρὰ
1426 2258 1474 2293 τὴν
1493 2257 1678 2296 ἀγαθωσύνην.
1698 2258 1824 2298 Χρηστος

1021 2303 1073 2342 γὰρ
1101 2303 1198 2342 Κύριος
1223 2305 1276 2336 τοῖς
1298 2302 1447 2341 σύμπασιν·
1463 2304 1480 2338 ἡ
1504 2302 1532 2332 δὲ
1547 2301 1707 2341 ἀγαθωσύνη
1728 2302 1824 2340 μόνους

1021 2347 1081 2382 τοὺς
1103 2348 1189 2382 ἀξίους
1210 2348 1354 2387 εὖεργετεῑ,
1369 2347 1439 2377 κατὰ
1461 2347 1500 2376 τό·
1518 2360 1529 2372 α
1546 2346 1702 2386 ’Δγάθυνον,
1731 2346 1824 2386 Κύριε,

1021 2397 1074 2426 τοῖς
1099 2394 1216 2431 ἀγαθοῖς.
1239 2405 1250 2418 ι
1268 2391 1364 2422 Πίστιν
1386 2392 1413 2421 δὲ
1429 2392 1501 2430 λέγει
1523 2392 1552 2421 οὖ
1566 2391 1615 2428 τὴν
1631 2391 1733 2428 ἁπλῶς,
1755 2390 1822 2420 ἀλλὰ

1022 2438 1069 2474 τὴν
1092 2438 1138 2467 xui
1161 2437 1209 2477 ὅρη
1240 2438 1417 2474 μεθιστῶσαν,
1441 2436 1490 2471 τὴν
1514 2435 1549 2466 τὰ
1577 2436 1652 2475 παρὰ
1678 2435 1821 2476 ἀνθρώποις

1023 2482 1138 2512 ἀδύνατα
1154 2476 1330 2511 πιστεύουσαν
1356 2481 1430 2521 παρὰ
1453 2481 1518 2520 Θεῷ
1543 2481 1643 2510 δυνατὰ
1669 2476 1738 2510 εἶναι
1767 2480 1821 2509 dat-

1023 2527 1151 2559 στάχτωςο
1179 2527 1223 2556 ἐπὶ
1247 2530 1314 2555 πᾶσι
1335 2526 1362 2554 δὲ
1387 2528 1404 2562 ἡ
1433 2525 1586 2565 ἐγκράτεια,
1615 2525 1645 2554 οὐ
1673 2524 1819 2566 βρωμάτων

1025 2571 1114 2611 μόνον,
1130 2571 1198 2601 ἀλλὰ
1215 2570 1261 2600 καὶ
1275 2570 1373 2604 παντὸς
1388 2572 1514 2610 πονηροῦ.

864 2779 957 2809 Varia:
978 2779 1127 2809 lectiones.

209 2831 231 2848 ¹⁸
247 2831 261 2857 ὁ
277 2833 358 2868 κῶμος
372 2839 409 2859 m.
449 2830 471 2848 ¹⁹
486 2830 646 2866 προαιρέσεως
658 2837 698 2859 m.
