1877 3081
38 194 94 220 1021

475 189 652 218 EXPOSITIO
673 190 705 218 IN
726 190 829 218 EPIST.
849 191 896 219 AD
914 191 1034 219 GALAT.
1054 206 1090 213 —
1107 191 1183 220 CAP.
1204 193 1248 220 Vl.

1602 191 1670 220 1032

73 265 87 284 α
102 253 175 285 Κατὰ
189 254 241 283 τῶν
256 252 381 283 τοιούτων
395 253 444 283 οὗκ
458 253 515 282 ἔστι
528 253 615 291 νόμος.
634 263 647 281 ι
666 253 754 293 Ψυχὴ
769 253 819 293 γὰρ
833 256 860 289 Α

911 254 999 282 Vens.
1021 256 1062 282 23.
1084 266 1097 278 αι
1121 254 1261 283 Adversus
1275 253 1433 291 hujusmodi
1451 261 1508 282 non
1520 257 1563 283 est
1580 254 1634 282 lex.
1657 265 1669 278 ι

34 301 186 340 κατορθοῦσα
200 302 285 328 ταῦτα
301 298 355 327 ἀπὸ
370 297 536 337 Πνεύματος,
555 299 585 327 οὖ
604 298 687 327 δεῖται
706 300 752 333 τῆς
767 299 820 328 ἀπὸ

33 348 73 374 τοῦ
94 343 170 382 νόμου
194 342 339 378 νουθεσίας,
367 343 518 382 ὑψηλοτέρα
544 342 611 378 αὖτή
631 338 706 372 οὖσαι
729 343 820 382 ὥσπερ

33 389 73 418 καὶ
95 391 117 418 οἱ
139 387 214 429 φύσει
239 387 305 421 ὀξεῖς
329 386 406 416 ἵπποι
427 388 457 416 οὗ
476 387 578 416 δέονται
601 386 736 425 μάστιγος.
759 388 821 427 Οὐχ

33 436 63 467 ὡς
86 433 194 472 πονηρὸν
225 432 253 461 δὲ
281 432 325 462 τὸν
348 432 428 470 νόμον
456 432 584 471 ἐκβάλλει
613 431 672 461 οὐδὲ
699 433 820 469 ἐνταῦθα,

34 477 87 508 ἀλλ’
99 479 132 510 ὡς
146 477 275 506 ἐλάττονα
298 478 344 513 τῆς
366 476 442 517 παρὰ
460 479 507 506 τοῦ
535 476 694 516 Πνεύματος
713 477 821 516 διδομέ-

33 535 73 559 νης
87 521 247 564 φιλοσοφίας.

71 578 85 597 α
98 568 132 597 Οἱ
145 566 171 596 δὲ
187 569 233 596 τοῦ
246 567 363 606 Χριστοῧ
375 566 424 604 τὴν
438 566 527 606 σάρκα
552 566 722 605 ἐσταύρωσαν
735 565 762 584 ²⁰
773 565 821 595 σὺν

33 616 79 645 τοῖς
100 611 240 650 παθήμασι
263 611 309 640 καὶ
334 615 392 645 ταῖς
415 610 579 650 ἐπιθυμίαις.
596 622 611 640 n
628 609 738 651 Ὥσπερ
754 610 822 644 τινὸς

33 657 149 689 εἰπόντος·
183 655 235 690 Τίς
260 657 332 685 ἔστιν
355 658 369 686 ὁ
394 658 491 693 ταῦτα,
517 655 533 684 ἃ
560 651 646 693 εἶπας,
669 657 820 696 κατορθῶν,

34 701 114 741 φησὶν,
130 700 169 730 ὅτι
191 710 206 729 (ι
220 701 256 730 Οἱ
279 700 306 729 δὲ
325 703 372 730 τοῦ
396 701 526 740 Χριστοῦ,
544 711 558 728 ι>
575 700 724 737 τουτέστιν,
739 702 762 730 οἱ
777 702 823 736 τῆς

34 746 128 786 μερίδος
154 748 201 775 τοῦ
223 746 341 785 Χριστοῦ
365 745 446 782 ὄντες,
465 756 480 775 α
503 745 553 780 τὴν
576 745 663 785 σάρκα
685 744 821 784 ἐσταύρω-

34 803 86 829 σαν,
111 804 123 815 ι»
148 789 280 826 τουτέστι,
305 790 335 818 τὸ
356 790 483 827 σαρκικὸν
506 789 629 831 φρόνημα
659 789 820 829 ἐνέκρωσαν.

34 835 68 865 Οὺ
82 835 130 874 γὰρ
153 833 184 870 δὴ
214 834 321 867 ἑαυτοὺς
341 835 452 864 ἀνεῖλον·
477 834 519 863 ἵνα
546 834 633 874 σάρκα
659 834 756 874 νοήσῃς
782 834 820 872 μὴ

35 879 76 914 τὴν
93 879 115 898 ²⁴
132 880 224 909 οὐσίαν
240 879 400 919 τῆεσαρκὸς
410 902 418 917 ,
432 879 502 908 ἀλλὰ
516 878 560 908 τὸν
581 879 667 918 γεώδη
682 878 822 918 λογισμὸν,

877 299 978 326 Anima
994 299 1070 326 enim
1084 298 1142 327 hate
1151 307 1165 326 a
1179 299 1282 335 Spiritu
1297 298 1451 335 perﬁciens,
1464 307 1520 326 non
1533 303 1594 335 eget
1605 299 1672 335 legis

875 343 1077 376 adhortatione,
1094 344 1194 380 quippe
1212 351 1274 379 quae
1288 344 1324 371 sit
1338 344 1397 380 lege
1418 343 1498 371 altior
1515 352 1522 371 :
1539 343 1670 379 quemad-

876 388 990 416 modum
1001 389 1065 424 equi
1075 392 1173 416 natura
1187 389 1297 422 celeres,
1311 397 1368 416 non
1380 396 1448 425 opus
1459 388 1562 416 habent
1575 387 1669 423 ﬂagro.

875 434 978 470 Legem
990 437 1082 462 autem
1095 441 1144 462 ceu
1163 433 1264 461 malam
1279 441 1313 462 ne
1328 433 1372 461 hic
1387 433 1497 470 quidem
1511 432 1610 468 rejicit,
1624 431 1672 460 sed

875 482 1006 515 tanquam
1016 478 1159 514 sapientia,
1171 486 1252 514 quam
1260 478 1378 514 Spiritus
1388 477 1510 514 largitus,
1523 477 1672 506 minorem.

911 574 1002 601 Vens.
1019 575 1064 601 24.
1081 584 1094 598 ιι
1109 574 1162 609 Qui
1176 577 1268 601 autem
1285 577 1350 601 sunt
1362 572 1474 606 Christi,
1488 579 1599 600 carnem
1612 579 1673 600 cru—

875 618 1017 647 ciﬁxerunt
1031 626 1095 647 cum
1116 618 1189 646 vitiis
1212 622 1239 646 et
1261 617 1500 653 concupiscentiis.
1525 629 1538 641 ιι
1559 616 1673 645 Perinde

875 671 907 691 ac
929 663 951 691 si
975 663 1036 699 quis
1054 662 1128 691 dicat
1150 671 1157 690 :
1180 662 1247 698 Quis
1267 666 1309 690 est
1329 661 1374 698 qui
1395 662 1465 696 hinc,
1488 669 1550 697 qua:
1570 661 1673 696 dixisti,

876 707 1018 744 perﬁciat?
1039 719 1051 731 ιι
1071 707 1124 742 Qui
1140 706 1238 735 Christi
1257 710 1330 740 sunt,
1356 718 1368 730 ι
1389 706 1490 742 inquit,
1508 705 1536 734 id
1555 709 1608 740 est,
1623 706 1670 742 qui

875 756 942 780 sunt
957 760 971 780 a
986 751 1108 788 partibus
1128 751 1240 786 Christi,
1260 763 1273 776 σι
1295 759 1409 779 carnem
1424 751 1632 784 cruciﬁxerunt,
1659 762 1672 774 ι»

876 796 905 825 id
920 801 970 832 est,
988 797 1126 825 carnalem
1140 796 1271 824 affectum
1285 796 1497 824 mortiﬁcarunt.
1516 796 1579 823 Non
1598 795 1673 823 enim

875 842 981 878 seipsos
996 841 1213 869 interemerunt:
1228 845 1259 869 ut
1270 848 1380 869 carnem
1396 840 1530 876 intelligas
1545 847 1599 868 non
1611 839 1673 868 sub-

875 886 1001 914 stantiam
1021 886 1122 920 carnis,
1137 886 1186 914 sed
1200 889 1360 914 terrestrem
1376 885 1588 921 cogitationem,
1604 884 1673 913 adeo

34 924 93 953 ὥστε
115 924 182 962 μήτε
199 923 234 953 τὰ
252 926 297 953 τοῦ
321 926 406 962 θυμοῦ
430 923 576 962 παθήματα
600 925 626 953 ἐν
650 924 737 957 αὐτοῖς
759 926 823 963 ζῇν,
840 940 864 972 Β
879 938 890 959 ι]

906 939 909 957 ;
923 938 1013 966 neque
1027 931 1076 959 irae
1089 935 1182 959 motus
1194 930 1222 958 in
1239 930 1305 966 ipsis
1320 938 1402 966 porro
1418 930 1520 961 vivant,
1536 936 1587 956 nec
1598 929 1674 965 cupi-

34 969 93 1005 μήτε
109 969 153 1002 τὰς
172 968 313 1006 ἐπιθυμίας
326 968 362 1006 ²²,
387 967 458 998 ἀλλὰ
478 969 523 997 καὶ
545 972 628 998 ταῦτα
651 968 774 1002 κάκείνοις
794 968 822 996 ἐ-

34 1014 199 1052 σταυρῶσθαι,
213 1013 258 1042 καὶ
269 1014 455 1054 νενεκρῶσθαι.
467 1011 504 1043 ἸΙ
516 1013 661 1051 παθήματα
675 1012 764 1054 ἆλτλῶς
777 1011 823 1046 τὰς

33 1059 146 1095 ἰμπαθείς
169 1057 277 1097 πράξεις
301 1059 376 1098 φησι,
399 1057 449 1087 κᾶν
467 1070 496 1086 τε
517 1058 570 1087 ἀπὸ
585 1060 668 1096 θυμοῦ
683 1051 744 1094 ὦσι,
767 1057 817 1086 κᾶν

32 1114 56 1131 τε
80 1103 130 1132 ἀπὸ
151 1097 362 1140 ἐπιθυμίαςξοῦ
384 1102 463 1140 μόνον
489 1097 533 1131 οὖν
558 1102 605 1135 τὰς
627 1101 734 1140 πράξεις
756 1102 821 1141 φησῖ

33 1149 185 1186 νεκροῧσθαι,
213 1147 281 1176 ἀλλὰ
301 1147 346 1177 καὶ
361 1146 443 1180 αὐτὰς
457 1147 504 1180 τὰς
526 1146 611 1187 ἀρχὰς
626 1147 735 1183 τούτων,
761 1147 820 1182 ἤτοι

33 1192 74 1225 τὰς
88 1192 236 1228 ἐπιθυμίας.

70 1246 84 1265 σι
96 1237 127 1266 1Ξῖ
142 1237 230 1274 ζῶμεν
245 1235 396 1274 Πνεύματι,
418 1234 558 1273 Πνεῦματι
579 1235 625 1265 καὶ
638 1238 818 1276 στοιχῶμεν.»

34 1279 142 1315 Ἐπειδὴ,
169 1281 250 1320 φησὶ,
274 1280 394 1317 τοσαύτη
421 1281 438 1316 ἡ
463 1282 508 1309 τοῦ
542 1280 697 1319 Πνιύματος
731 1280 817 1320 ἰσχὺς,

33 1326 114 1365 ἐκείνῳ
134 1327 231 1364 ζῶμεν,
252 1325 343 1365 ἐκείνῳ
367 1325 517 1365 ἀρκώμεθα.
533 1326 621 1355 Τοῦτο
641 1324 694 1364 γάρ
709 1325 765 1354 ἐστι
778 1325 818 1361 τὸ,

33 1383 43 1395 ι
58 1371 216 1410 Στοιχῶμεν,
232 1383 244 1396 ι
269 1370 327 1400 ἀντὶ
341 1373 397 1407 τοῦ,
413 1369 595 1409 ’Λρκεσθῶμεν
657 1372 703 1399 τοῦ
729 1369 817 1399 Πνεύ-

35 1426 105 1451 ματος
120 1415 243 1454 δυνάμει,
258 1414 304 1444 καὶ
317 1413 354 1454 μὴ
370 1415 537 1453 ἐπιζητῶμεν
552 1414 600 1451 τὴν
612 1413 722 1444 ἀπὸτοῦ
737 1413 818 1453 νόμου

35 1459 186 1499 προσθήκην.

36 1519 38 1522 -
74 1515 87 1532 ((
110 1504 153 1540 Μὴ
169 1503 306 1543 γενώμεθα
333 1505 428 1544 [vulg].
448 1505 516 1544 γιν.]
533 1503 672 1540 κενόδοξοι,
687 1503 821 1540 ἀλλήλους

35 1550 246 1588 προκαλούμενοι,
279 1549 412 1584 ἀλλήλοις
444 1551 606 1587 φθονοῦντες.
633 1559 648 1578 n
683 1548 820 1579 Δείκνυσιν

34 1594 149 1630 ἐνταῦθα,
173 1594 214 1624 ὅτι
239 1595 263 1624 οἱ
287 1594 471 1630 πλανήσαντες
499 1593 609 1630 αὐτοὺς,
635 1593 689 1622 ἀπὸ
715 1594 820 1634 φιλοδο-

36 1636 83 1670 ξίας
94 1637 118 1657 ³³
133 1640 166 1671 εἰς
179 1641 258 1668 τοῦτο
270 1634 350 1674 ἦλθον
373 1637 453 1677 (αὕτη
475 1638 526 1678 γὰρ
550 1638 624 1668 αἰτία
637 1632 745 1668 πάντών
769 1640 821 1668 τῶν
838 1632 859 1663 C

35 1682 136 1722 κακῶν),
157 1683 288 1719 ἀλλήλους
311 1683 343 1719 δὴ
364 1683 575 1722 προκαλούμενοι
597 1684 633 1716 εἷς
659 1683 822 1723 φιλονεικίαν

35 1727 73 1756 καὶ
93 1727 168 1767 ἕρεις·
191 1730 227 1761 ὡς
251 1727 313 1756 ὅταν
333 1740 372 1761 τις
395 1727 460 1767 λέγῃ
483 1729 520 1766 τῷ
540 1728 693 1767 divtis:er
709 1727 775 1758 Ἰῖὰν
801 1723 825 1757 εἶ

37 1771 154 1808 δυνατὸς,
175 1773 252 1812 δεῦρο
265 1772 419 1810 ποιήσωμεν
435 1772 493 1802 τόδε
513 1784 546 1802 τι.
566 1772 644 1803 Ἐπεὶ
659 1771 687 1802 δὲ
710 1773 764 1802 ἀπὸ
779 1784 822 1802 κε-

34 1816 136 1851 νοδοξίας
150 1819 164 1847 ὁ
179 1818 280 1858 φθόνος,
293 1817 339 1846 καὶ
354 1819 447 1847 τοῦτον
462 1817 568 1848 κωλύει.

306 1920 454 1952 ΚΕΦΑΛ.
479 1920 528 1960 ς’.

70 1994 83 2011 α
103 1983 230 2025 Ἀδελφοὶ,
246 1985 292 2013 ἐᾶν
318 1984 364 2014 καὶ
389 1985 531 2025 προληφθῇ
556 1984 694 2024 ἄνθρωπος
717 1983 745 2013 ἔν
771 1996 822 2013 τινι

35 2028 222 2067 παραπτώματι
261 2031 335 2067 ὑμεῖς
368 2029 392 2058 οἷ
425 2028 601 2068 πνευματικοὶ
649 2029 821 2068 καταρτίζετε

35 2070 72 2100 τὸν
87 2077 199 2104 τοιοῦτον
217 2075 244 2104 ἐν
258 2077 392 2112 πνεύματι
413 2074 571 2113 πραότητος.
587 2083 602 2103 ν
622 2073 736 2110 Ἐπειδὴ
752 2075 821 2103 πολ-

35 2116 69 2145 λοὶ
92 2119 151 2157 παρ’
183 2120 272 2152 αὐτοῖς
297 2119 434 2152 δοκοῦντες
460 2119 585 2159 ἐπιτιμᾷν
613 2122 669 2152 τοῖς
695 2118 822 2158 ἁμαρτά-

35 2171 108 2201 νουσι⁷
131 2163 163 2192 τὰ
191 2165 292 2193 ἑαυτῶν
320 2163 450 2197 ἐξεδίκουν
475 2163 559 2199 πάθη,
597 2163 650 2193 ἀπὸ
680 2163 823 2204 φιλαρχίας

36 2205 65 2238 εἷς
79 2209 150 2236 τοῦτο
164 2208 314 2247 ἐρχόμενοι·
329 2208 420 2248 φησὶν,
437 2207 478 2236 ὅτι
493 2221 504 2233 τι
519 2207 586 2237 Ἐὰν
597 2209 736 2248 προληφθῇ
750 2220 798 2244 τις,
811 2222 823 2234 υ

36 2250 152 2290 τουτέστι,
166 2253 344 2293 Συναρπαγῇ,
361 2252 454 2282 παθὼν
470 2251 598 2291 ἐπήρειαν
614 2252 665 2282 ὑπὸ
680 2252 802 2291 δαίμονος
813 2275 820 2288 ,

37 2296 131 2332 (ὑμεῖς
160 2297 185 2326 οἱ
212 2297 388 2334 πνευματικοὶ
419 2298 601 2337 καταρτίζετε·
631 2308 645 2326 ι)
684 2297 820 2336 τουτέστι,
838 2287 861 2318 D

35 2338 76 2375 Μὴ
100 2341 233 2376 κολάζετε,
259 2341 328 2381 ἀλλὰ
350 2342 500 2380 διορθοῢσθε
517 2355 528 2367 σι
545 2343 570 2371 ἐν
592 2341 727 2380 πνεύματι
751 2353 820 2381 πρα-

35 2383 123 2420 ὅτητος.
146 2396 161 2414 o
191 2387 252 2416 Οὐκ
267 2380 360 2423 εἶπεν,
375 2386 423 2417 Ἐν
451 2386 603 2425 πραότητι,
629 2386 706 2422 ἀλλ’,
738 2396 752 2415 (ι
773 2380 822 2417 Ἒν

36 2428 162 2467 Πνεῦματι
175 2431 358 2471 [πραότητος],
375 2444 389 2458 ι
403 2430 505 2465 δεικνὺς
518 2431 557 2461 ὅτι
572 2430 618 2460 καὶ
633 2432 671 2472 τῷ
682 2430 821 2470 Πνεύματι

37 2475 105 2503 τοῦτο
133 2476 220 2511 δοκεῖ,
258 2476 304 2506 καὶ
332 2476 372 2505 ὅτι
395 2478 576 2514 πνευματικοῦ
602 2476 767 2516 χαρίσματος
792 2476 821 2506 τὸ

37 2519 86 2554 μετ’
103 2519 243 2554 ἐπιεικείας
255 2520 314 2554 τοὺς
328 2520 530 2561 ἁμαρτάνοντας
543 2521 719 2562 διορθοῦσθαι.

72 2574 84 2591 ι
103 2564 212 2593 Σκοπῶν
238 2565 356 2601 σεαυτὸν,
382 2565 420 2604 μὴ
444 2565 489 2595 καὶ
513 2567 541 2595 οὗ
569 2568 714 2605 πειρασθῆς
739 2565 776 2595 ³⁸.
805 2578 819 2594 ν

37 2603 87 2636 Ἵνα
108 2608 145 2646 μὴ
168 2610 273 2650 ἐπαρθῇ
297 2611 311 2638 ὁ
333 2609 422 2650 ἕτερον
448 2603 623 2651 καταρτίζων,
648 2611 822 2651 ἀσφαλίζεται

38 2651 113 2680 αὐτόν.
143 2653 242 2684 Σκόπει
266 2654 328 2695 γὰρ,
357 2654 434 2696 φησὶ,
452 2654 498 2684 καὶ
525 2655 599 2695 τήρει
624 2655 752 2694 σεαυτὸν,
784 2655 821 2693 μὴ

37 2695 75 2741 illi
99 2695 129 2727 σὺ
156 2703 209 2733 τοῖς
243 2701 333 2734 αὐτοῖς
365 2699 520 2740 περιπέσῃς,
548 2700 697 2741 πειρασμὸν
728 2700 819 2730 παθὼν

39 2739 81 2768 ὕπὸ
110 2744 154 2772 rei)
187 2744 379 2783 ἀντικειμένου.
402 2739 602 2785 νἘμφαντικῶςγ
625 2745 652 2775 δὲ
684 2739 742 2775 εἶπε
776 2745 817 2784 τὸ,

877 975 988 1009 ditates,
1003 975 1050 1004 sed
1064 979 1094 1004 ut
1113 983 1175 1003 cum
1189 975 1244 1009 hm,
1262 979 1321 1003 tum
1343 974 1381 1002 illi
1401 973 1626 1010 cruciﬁgerentur
1646 978 1673 1001 et

877 1019 1117 1048 mortiﬁcarentur.
1146 1019 1195 1047 Vel
1226 1018 1344 1047 affectus
1369 1018 1529 1054 simpliciter
1550 1017 1674 1046 turbatas

876 1065 1048 1101 operationes
1061 1064 1199 1100 intelligit,
1213 1064 1268 1091 sive
1282 1063 1316 1091 ab
1331 1063 1371 1091 ira
1385 1063 1450 1096 sint,
1463 1062 1523 1090 sive
1537 1069 1554 1090 a
1569 1070 1672 1093 concu—

876 1109 1016 1145 piscentia.
1030 1110 1093 1136 Non
1109 1109 1199 1137 solum
1214 1108 1297 1145 igitur
1312 1115 1394 1144 opera
1408 1107 1600 1135 mortilicanda
1614 1114 1672 1135 esse

875 1154 922 1187 ait,
935 1153 983 1182 sed
995 1154 1079 1182 etiam
1094 1154 1151 1190 ipsa
1165 1153 1265 1182 horum
1280 1152 1422 1190 principia,
1437 1152 1671 1188 concupiscentias

875 1199 1017 1227 nimirum.

912 1244 994 1279 361
1007 1245 1146 1272 “1115.25.
1156 1243 1313 1279 «SiSpiritu
1324 1242 1452 1276 vivimus,
1463 1241 1566 1278 Spiritu
1577 1246 1671 1270 etam-

876 1288 1009 1316 bulemus.
1024 1299 1038 1314 υ
1055 1289 1137 1323 Quia,
1154 1288 1251 1323 inquit,
1266 1292 1376 1315 tantum
1391 1287 1509 1323 Spiritus
1522 1287 1609 1315 robur
1621 1291 1673 1321 est,

876 1333 912 1360 illi
927 1333 1062 1366 vivamus,
1077 1333 1124 1360 illo
1138 1333 1226 1360 simus
1241 1332 1373 1360 contenti.
1384 1333 1445 1359 Hoc
1454 1331 1528 1359 enim
1542 1335 1593 1365 est,
1603 1331 1675 1358 Στοι-

875 1379 973 1412 χῶμεν,
999 1385 1048 1412 pro
1072 1385 1104 1405 eo
1128 1376 1203 1412 quod
1227 1381 1279 1410 est,
1303 1376 1373 1404 Satis
1396 1376 1431 1403 sit
1455 1375 1537 1403 nobis
1559 1375 1674 1411 Spiritus

876 1421 1011 1458 potentia,
1026 1429 1076 1449 nec
1090 1429 1104 1449 a
1121 1421 1178 1457 lege
1192 1429 1349 1458 quaeramus
1363 1419 1598 1448 additamentum.

913 1504 1006 1531 Vens.
1023 1506 1067 1530 26.
1078 1514 1097 1527 σα
1120 1504 1181 1531 Non
1197 1502 1447 1530 efﬁciamurinanis
1461 1501 1556 1538 gloria:
1571 1501 1673 1538 cupidi,

875 1547 991 1575 invicem
1012 1552 1200 1583 provocantes,
1222 1547 1341 1575 invicem
1360 1546 1524 1574 invidentes.
1547 1557 1560 1571 υ
1578 1547 1676 1574 Osten-

876 1592 917 1620 dit
935 1592 978 1620 hic
996 1592 1070 1628 quod
1091 1593 1135 1628 qui
1157 1600 1205 1620 eos
1223 1591 1391 1625 seduxcrint,
1415 1599 1446 1619 ex
1465 1591 1617 1619 ambitione
1641 1598 1673 1618 eo

874 1637 1048 1673 pervenerint
1058 1637 1126 1670 (haec
1140 1637 1211 1664 enim
1224 1636 1349 1664 omnium
1363 1636 1500 1664 malorum
1514 1643 1595 1664 causa
1610 1637 1675 1670 est),

876 1690 987 1718 nempe,
1010 1682 1077 1710 alter
1093 1681 1210 1710 alterum
1228 1685 1407 1717 provocantes
1426 1679 1461 1708 ad
1482 1681 1676 1708 contentiones

876 1731 904 1755 et
917 1727 978 1755 lites
991 1736 997 1754 :
1012 1726 1246 1762 quemadmodum
1259 1726 1283 1754 si
1295 1725 1449 1754 adversario
1460 1733 1509 1753 suo
1522 1725 1583 1761 quis
1592 1725 1674 1760 dicat,

877 1773 946 1807 Age,
962 1771 983 1799 si
996 1772 1078 1806 vales,
1095 1771 1266 1806 experiamur
1281 1771 1336 1798 tale
1351 1769 1427 1805 quid.
1441 1769 1674 1805 Quandoquidem

877 1824 941 1844 vero
962 1824 995 1844 ex
1015 1816 1088 1844 inani
1109 1815 1195 1851 gloria
1220 1815 1255 1844 sit
1274 1814 1386 1848 invidia,
1412 1813 1484 1842 hanc
1503 1814 1585 1842 etiam
1608 1821 1672 1850 pro-

876 1860 962 1889 hibet.

1183 1922 1304 1951 CAPUT
1317 1923 1365 1951 Vl.

912 1987 1002 2015 Vens.
1030 1988 1055 2014 1.
1083 1998 1097 2011 ι
1121 1986 1241 2020 Fratres,
1262 1989 1290 2014 et
1313 1986 1336 2014 si
1360 1989 1567 2022 praeoccupatus
1591 1984 1675 2013 fuerit

876 2031 960 2060 homo
985 2032 1012 2059 in
1031 2031 1123 2067 aliquo
1144 2030 1257 2065 delicto,
1280 2038 1330 2059 vos
1355 2031 1400 2066 qui
1423 2030 1578 2067 spirituales
1594 2030 1674 2064 estis,

877 2075 1036 2113 hujusmodi
1061 2076 1211 2104 instaurate
1231 2076 1260 2104 in
1284 2075 1381 2112 spiritu
1405 2075 1535 2104 lenitatis.
1565 2086 1580 2100 ν
1604 2075 1675 2110 Quia

878 2121 1001 2157 plerique
1015 2121 1088 2157 apud
1100 2121 1173 2157 ipsos
1187 2120 1236 2156 qui
1246 2119 1438 2156 delinquentes
1448 2120 1587 2156 increpare
1600 2119 1673 2148 vidc-

878 2166 989 2200 bantur,
1009 2173 1076 2195 suos
1099 2165 1302 2194 ulciscebantur
1320 2165 1448 2198 affectus,
1469 2173 1501 2194 ex
1516 2164 1676 2193 dominatus

877 2210 1027 2246 cupiditate
1042 2219 1075 2239 eo
1092 2210 1227 2246 provecti;
1250 2210 1299 2245 ait,
1325 2222 1338 2235 ι
1353 2209 1380 2238 Si
1395 2214 1601 2246 praeoccupatus
1616 2209 1675 2238 fue-

876 2256 911 2284 rit
927 2255 1038 2292 aliquis,
1064 2267 1077 2280 ιι
1092 2255 1145 2283 hoc
1169 2258 1220 2289 est,
1247 2256 1395 2291 Correptus
1418 2263 1433 2282 a
1452 2254 1589 2288 daemone,
1617 2254 1671 2282 vim

877 2308 984 2336 passus,
1012 2311 1025 2325 ει
1048 2301 1104 2328 Vos
1125 2300 1172 2336 qui
1195 2299 1352 2335 spirituales
1374 2299 1447 2331 estis,
1471 2299 1634 2332 instaurate,
1661 2310 1673 2323 ι

876 2345 930 2374 hoc
945 2349 996 2380 est,
1013 2347 1076 2374 Non
1100 2345 1208 2381 punite,
1221 2344 1269 2372 sed
1287 2343 1404 2380 dirigite,
1420 2355 1434 2368 ι
1451 2345 1483 2372 ln
1496 2343 1590 2380 spiritu
1608 2343 1675 2372 leni-

876 2391 950 2418 tatis.
974 2401 986 2414 n
1004 2391 1066 2418 Non
1080 2389 1159 2423 dixit,
1175 2391 1207 2417 In
1222 2389 1346 2422 lenitate,
1361 2388 1420 2423 sed,
1440 2399 1452 2412 α
1468 2390 1499 2416 1n
1514 2388 1613 2424 Spiritu
1629 2389 1671 2417 lc—

876 2435 968 2464 nitatis
996 2446 1009 2460 »
1041 2434 1164 2463 indicans
1187 2433 1261 2470 quod
1291 2437 1319 2462 et
1343 2433 1454 2470 Spiritui
1479 2433 1533 2462 hoc
1562 2433 1676 2470 placeat,

876 2485 903 2508 et
917 2479 992 2517 quod
1007 2479 1043 2508 sit
1057 2479 1205 2516 spiritualis
1219 2478 1294 2514 doni,
1310 2486 1375 2507 cum
1389 2478 1601 2507 mansuetudine
1613 2486 1678 2515 pec-

875 2529 968 2554 cantes
987 2525 1135 2561 corrigere.

913 2582 926 2595 u
947 2569 1131 2598 Considerans
1146 2569 1278 2606 teipsum,
1296 2576 1332 2597 ne
1353 2572 1381 2597 et
1403 2573 1433 2598 tu
1452 2568 1575 2598 tenteris.
1601 2579 1615 2593 ι
1635 2568 1678 2596 Ne

876 2615 1023 2643 extollatur
1048 2615 1072 2642 is
1098 2615 1143 2650 qui
1168 2614 1253 2642 alium
1275 2614 1392 2650 perﬁcit,
1420 2613 1571 2650 przemunit
1599 2620 1673 2641 eum.

876 2659 1026 2688 Considera
1041 2659 1127 2694 enim,
1142 2659 1243 2695 inquit,
1263 2663 1345 2695 atque
1363 2658 1480 2687 observa
1495 2658 1624 2694 teipsum,
1641 2664 1676 2685 ne

876 2707 903 2733 et
931 2708 960 2732 tu
986 2705 1015 2732 in
1038 2703 1137 2732 eadem
1162 2703 1278 2739 incidas,
1305 2703 1488 2732 tentationem
1519 2709 1613 2738 passus
1640 2701 1675 2730 ab

876 2749 1043 2778 adversario.
1069 2749 1229 2786 Emphatice
1253 2753 1347 2777 autem
1371 2747 1448 2781 dixit,
1471 2758 1484 2772 ι
1499 2748 1541 2775 Tu
1561 2756 1568 2775 :
1585 2756 1600 2774 )›
1621 2746 1675 2775 lm-

716 2801 812 2832 Variae
832 2801 980 2832 lectiones.

69 2844 89 2861 ²⁰
102 2845 286 2884 ἀνεσταύρωσαν
300 2859 328 2879 ο.
366 2850 386 2867 ²¹
402 2849 478 2886 ῥητήν
492 2858 519 2878 o.
557 2851 580 2868 ⁸³
591 2850 622 2878 τὰ
634 2852 677 2884 τῆς
687 2850 766 2879 ἔπιθυ.
783 2859 810 2880 ο.
849 2850 871 2868 ²³
883 2851 1046 2881 earn/sixth;
1061 2857 1086 2878 0.
1126 2850 1148 2866 ’⁵
1165 2849 1270 2885 ἔπαρθῇς
1283 2857 1309 2877 ο.
