1877 3081
184 179 254 207 1023

184 249 274 270 manat
297 249 417 278 namque
445 241 639 270 imbecillitatis
664 250 711 278 per
734 242 786 271 hoc
812 250 973 271 commone-
989 244 1014 276 Α

181 286 255 315 fecit.

219 333 308 360 Vsus.
326 335 351 360 2.
375 344 388 357 ιι
409 332 486 360 Alter
504 333 612 361 alterius
632 341 715 361 onera
733 337 849 369 portate.
871 344 883 357 ια
906 333 974 368 Quia

182 376 241 404 ﬁeri
255 384 312 404 non
324 381 424 412 potest,
436 380 466 405 ut
478 378 525 414 qui
538 378 622 406 homo
633 378 677 411 sit,
688 386 742 406 non
755 382 862 413 peccet;
873 377 975 406 adhor-

183 425 257 448 tatur
272 429 330 455 eos,
345 430 380 450 ne
394 422 450 450 sint
470 423 588 450 nimium
604 422 690 451 exacti
714 431 843 451 censores
860 423 889 450 in
907 422 974 450 deli-

183 466 234 494 ctis
251 466 383 502 proximi;
401 467 447 495 sed
467 467 556 496 {erant
573 475 615 501 ea,
638 472 668 496 ut
684 472 712 496 et
725 475 787 504 qua:
805 467 887 504 ipsius
901 472 975 502 sunt,

184 510 218 538 ab
233 510 285 538 alio
300 511 417 539 vicissim
433 512 592 540 tolerentur.
961 546 966 550 ,

220 566 233 579 α
254 556 289 583 Et
311 556 349 584 sic
370 556 517 592 adimplete
540 557 625 593 legem
645 557 755 585 Christi.
777 569 790 581 ι
812 558 874 585 Non
894 556 977 589 dixit,

184 599 348 635 Πληρώσατε,
378 600 490 637 implete
523 611 530 629 :
561 602 619 636 sed,
648 601 863 637 Ἄναπληρώσατε,
888 601 976 629 adim-

186 644 268 680 plete,
285 644 337 673 hoc
357 650 409 681 est,
429 647 618 675 Communiter
640 655 736 675 omnes
751 647 874 682 implete,
890 646 924 674 ita
947 649 977 673 ut

188 689 257 717 alter
279 690 394 718 alterum
417 690 485 719 ferat
506 702 512 719 ε
533 692 650 728 exempli
667 692 752 727 gratia
772 691 817 727 qui
837 698 915 726 asper
936 694 978 718 est

185 737 214 762 et
233 734 390 768 iracundus,
411 743 521 772 segnem
545 736 710 773 tardumque
727 736 814 769 ferat;
836 740 864 764 et
885 735 977 771 segnis

185 777 377 808 vehementem
400 780 472 809 illius
498 781 632 817 impetum
658 791 664 808 ;
688 781 728 808 sic
755 781 810 812 ﬁet,
837 784 868 808 ut
888 787 977 815 neque

184 822 229 851 ille
260 829 354 860 peccet
386 825 421 853 ab
449 825 502 854 hoc
529 830 660 862 gestatus,
692 833 780 862 neque
811 824 855 852 hic
886 824 976 852 delin—

184 871 251 903 quat
275 868 309 897 ab
335 869 382 898 illo
401 869 547 906 bajulatus.
569 872 650 899 Hanc
670 870 705 899 ad
729 871 864 898 rationem
886 869 978 904 itaque

185 912 256 941 alter
280 913 357 942 alteri
384 922 497 943 manum
526 916 708 952 porrigentes,
736 923 783 951 per
808 922 856 942 vos
881 918 977 942 mutuo
995 907 1018 938 Β

187 955 333 994 adimplete
354 959 443 995 legem
461 960 573 994 Christi,
598 964 629 988 ut
651 960 723 996 quod
744 959 868 995 proximo
889 957 974 991 deest,

187 1003 375 1039 unusquisque
394 1005 541 1040 compleat,
559 1006 641 1041 362
658 1013 706 1041 per
722 1004 775 1032 hoc
792 1004 866 1040 quod
883 1003 982 1031 toleret

186 1054 263 1075 eum.
279 1049 415 1077 Praeterea
429 1049 568 1078 cliaritatis
578 1049 703 1078 ofﬁcium
722 1053 773 1083 est,
789 1053 819 1076 ut
830 1049 900 1076 alter
913 1048 979 1075 alte-

185 1091 242 1119 rius
256 1094 413 1128 gravamina
431 1098 458 1123 et
478 1102 562 1122 onera
579 1099 732 1131 portemus.
747 1094 870 1122 Charitas
885 1095 979 1121 autem

185 1135 309 1172 impletio
324 1141 366 1166 est
378 1138 569 1167 mandatorum
582 1139 688 1168 Christi.

221 1183 310 1210 Vsus.
337 1186 363 1210 3.
388 1193 400 1207 α
425 1184 452 1211 Si
475 1184 549 1212 enim
570 1184 676 1212 videtur
697 1184 834 1220 quispiam
855 1190 913 1210 esse
931 1182 977 1209 ali-

185 1225 260 1262 quid,
275 1235 340 1255 cum
360 1227 427 1256 nihil
450 1229 495 1263 sit,
511 1229 630 1265 seipsum
650 1229 760 1265 decipit.
779 1240 790 1254 ι
807 1229 914 1256 Rursus
937 1227 979 1256 hic

186 1272 370 1307 arrogantiam
386 1273 487 1310 dejicit,
502 1274 537 1302 ob
557 1274 652 1302 oculos
667 1281 785 1310 ponens,
803 1272 878 1310 quod
894 1273 916 1300 is
934 1272 979 1308 qui

187 1315 295 1344 videtur
309 1324 366 1345 esse
381 1318 493 1354 aliquid,
508 1319 574 1346 nihil
590 1323 631 1347 est
649 1328 655 1346 :
672 1327 719 1355 per
734 1319 786 1347 hoc
801 1319 891 1354 ipsum
906 1317 979 1353 quod

186 1359 303 1395 videtur,
330 1362 480 1391 luculenter
504 1363 660 1397 ostendens,
685 1363 758 1399 quod
782 1363 861 1390 nihili
892 1363 926 1390 sit
953 1366 980 1388 et

187 1407 417 1441 contemnendus,
435 1412 462 1436 et
480 1407 553 1444 quod
574 1408 712 1436 neminem
724 1408 775 1436 nisi
796 1408 916 1443 seipsum
931 1407 978 1435 dc-

187 1450 262 1487 cipit.

221 1497 310 1524 Vnns.
324 1499 351 1524 4.
366 1507 379 1520 «ι
395 1498 470 1533 Opus
482 1501 573 1526 autem
586 1506 667 1526 suum
677 1498 773 1533 probet
782 1497 978 1533 unusquisque,

187 1545 214 1568 et
232 1544 297 1569 tunc
311 1542 383 1576 apud
405 1542 524 1578 seipsum
545 1543 634 1570 solum
655 1542 843 1578 gloriationem
858 1541 976 1576 habebit,

188 1589 215 1612 et
228 1593 284 1613 non
307 1585 343 1614 ad
367 1586 460 1614 alium.
479 1599 491 1611 ν
515 1587 653 1622 Exploret,
674 1587 772 1623 inquit,
790 1591 915 1614 accurate
931 1595 979 1615 sua

188 1629 275 1665 ipsius
295 1637 376 1666 opera
395 1631 459 1664 (hoc
479 1632 554 1659 enim
578 1632 636 1659 vult
651 1632 775 1665 verbum,
794 1643 806 1656 ι
823 1631 924 1660 Probet
944 1634 979 1665 »),

187 1682 256 1702 num
271 1675 421 1711 quidquam
441 1675 535 1704 fecerit
549 1684 617 1704 vana
632 1676 715 1712 gloria
731 1676 838 1710 ductus,
855 1684 921 1704 num
935 1685 982 1712 per

188 1718 403 1754 simulationem,
419 1728 486 1748 num
507 1720 559 1748 alia
573 1721 701 1757 quapiam
716 1721 835 1749 humana
850 1729 939 1755 causa,
955 1725 983 1749 et

189 1767 256 1792 tunc
275 1772 332 1792 non
350 1765 480 1793 adversus
500 1766 618 1793 alterum
638 1766 779 1802 glorietur.
802 1766 939 1794 Caeterum
959 1766 981 1794 si

188 1815 217 1836 se
236 1809 377 1837 continere
400 1817 456 1838 non
479 1810 575 1846 possit,
597 1809 631 1838 ad
648 1810 767 1846 seipsum
791 1811 982 1846 gloriationcm

189 1853 336 1882 transierat
362 1866 367 1882 :
391 1854 444 1883 hoc
463 1859 514 1888 est,
541 1855 598 1890 ipse
625 1855 679 1883 sibi
705 1855 831 1889 collatus,
855 1855 982 1883 hesterno

189 1906 271 1935 opere
293 1899 458 1928 hodiernum
478 1900 654 1935 praestantius
674 1904 794 1931 censeat,
813 1904 841 1928 ct
861 1901 888 1928 iu
910 1900 984 1928 bono

191 1951 273 1979 opere
292 1944 432 1980 glorietur.
463 1945 532 1973 Haec
556 1949 648 1973 autem
670 1945 770 1973 Paulus
793 1945 913 1981 loquitur
938 1953 985 1980 per

190 1987 464 2023 condescensioncm,
493 1997 549 2016 non
573 1994 604 2017 ut
628 1989 774 2025 legislator,
798 1994 829 2017 ut
852 1990 983 2025 paulatim

191 2033 338 2060 elationem
351 2033 509 2069 hujusmodi
525 2034 728 2062 consuetudinis
743 2034 827 2062 tollat.
844 2035 898 2069 Qui
911 2034 984 2062 enim

191 2077 321 2105 adversus
336 2079 501 2113 proximum,
521 2079 650 2107 Pharisaei
671 2079 697 2106 in
719 2086 837 2113 morem,
855 2087 911 2106 non
925 2079 984 2115 glo—

194 2121 260 2150 riari
278 2122 447 2151 assuefactus
467 2127 518 2158 est,
535 2123 608 2151 idem
623 2123 704 2152 etiam
724 2123 757 2152 de
772 2123 860 2159 seipso
875 2124 985 2160 gloriari

192 2168 283 2196 subito
298 2168 419 2197 desistet.

229 2215 317 2242 Vsus.
329 2216 356 2242 5.
373 2225 385 2238 ι
400 2214 597 2251 Unusquisque
607 2214 678 2242 enim
692 2214 832 2250 proprium
846 2221 914 2242 onus
927 2222 987 2249 por-
1001 2200 1026 2232 Β

193 2258 270 2287 tabit.
292 2271 305 2283 ι
327 2259 400 2294 Quid
420 2259 494 2288 enim
516 2259 640 2295 gloriaris
660 2259 790 2288 adversus
812 2259 987 2295 proximum?

192 2309 220 2332 et
234 2308 264 2332 tu
280 2309 307 2332 et
320 2305 363 2333 illc
376 2305 484 2341 propria
499 2313 581 2333 onera
601 2304 706 2338 feretis,
723 2309 842 2340 tuncque
857 2305 986 2332 uniuscu-

191 2349 290 2385 jusque
312 2357 382 2385 opus
404 2349 574 2384 probabitur.
596 2349 715 2377 Proinde
735 2357 799 2377 cum
817 2353 844 2376 et
859 2353 889 2376 tu
904 2356 987 2376 onera

193 2393 292 2421 habeas
307 2397 334 2422 et
346 2394 479 2427 sarcinas,
501 2401 589 2430 neque
604 2394 734 2422 adversus
746 2394 875 2428 alterum,
899 2401 988 2430 neque

194 2438 266 2474 apud
287 2443 313 2466 te
327 2438 362 2466 ob
376 2439 446 2466 bona
461 2446 546 2474 opera
561 2438 683 2475 gloriare.

229 2484 317 2511 Vens.
331 2485 358 2511 6.
377 2492 391 2509 «
404 2483 596 2511 Communicet
608 2487 701 2511 autem
712 2483 734 2511 is
747 2483 793 2519 qui
803 2482 990 2511 catechizatur

195 2527 289 2563 verbo,
303 2527 327 2557 ei
345 2529 391 2564 qui
409 2536 438 2556 se
455 2527 605 2555 catccliizat
619 2527 648 2555 in
663 2527 792 2556 omnibus
809 2528 896 2556 bonis.
918 2538 932 2553 »
949 2529 990 2555 De

193 2573 354 2602 doctoribus
377 2573 506 2608 deinceps
530 2571 651 2607 disserit,
678 2577 708 2600 ut
734 2572 771 2600 illi
796 2573 844 2608 qui
865 2572 901 2600 ab
924 2573 990 2609 ipsis

193 2619 385 2652 instituuntur,
410 2616 614 2645 instituentibus
638 2617 857 2651 communicent,
886 2625 939 2645 non
963 2618 991 2646 in

194 2672 250 2692 uno
267 2663 407 2700 quopiam,
434 2662 482 2691 sed
502 2663 531 2690 in
555 2662 684 2691 omnibus
705 2662 795 2697 bonis,
816 2662 990 2696 alimentum,

193 2709 399 2744 indumentum,
425 2707 571 2743 honorem,
602 2707 834 2741 benevolentiam,
868 2707 991 2742 adeoque

997 1568 1019 1599 C

688 179 945 208 THEOPHYLACTI
964 179 1144 207 BULGARl/E
1163 179 1321 208 ARCHIEP.

1764 178 1829 206 1024

1036 252 1051 271 α
1075 242 1126 272 Σύ-
1153 255 1167 269 ι
1190 244 1238 278 τῆς
1263 241 1316 282 γὰρ
1339 241 1502 282 ἀνθρωπίνης
1525 241 1664 276 ἀσθενείας
1695 241 1830 279 ὑπέμνησε

1029 287 1073 316 διὰ
1087 288 1190 317 τούτου.

1073 343 1088 361 α
1112 331 1247 367 Ἀλλήλων
1272 331 1307 361 τὰ
1327 332 1398 372 βάρη
1423 331 1577 371 βαστάζετε.
1599 342 1614 360 n
1640 330 1758 372 Ἐπειδὴ
1783 330 1831 369 γὰρ

1031 376 1169 416 ἄνθρωπον
1183 376 1247 406 ὄντα
1271 377 1319 406 οὖκ
1344 377 1415 406 ἔστιν
1435 376 1622 416 ἀναμάρτητον
1638 371 1718 413 εἶναι,
1733 386 1832 415 παραι-

1029 423 1070 450 νεῖ
1093 421 1129 460 μὴ
1152 421 1384 461 ἀκριϐολογεῖσθαι
1408 421 1471 461 πρὸς
1488 420 1522 450 τὰ
1544 423 1591 450 τοῦ
1611 420 1727 457 πλησίον
1744 421 1832 458 ἀμαρ-
1876 420 1877 441 ἶ

1030 465 1149 504 τήματα,
1168 465 1237 496 ἀλλὰ
1259 465 1348 507 φέρειν
1368 467 1467 503 ταῦτα,
1483 464 1527 495 ἵνα
1542 465 1588 495 καὶ
1604 464 1638 494 τὰ
1653 468 1738 495 αὐτοῦ
1753 464 1833 494 πάλιν

1030 512 1094 550 παρ’
1111 510 1194 540 ἄλλου
1212 510 1379 550 βαστάζηται
1394 510 1588 550 ἁμαρτήματα.

1075 566 1090 583 α
1109 555 1163 585 Καὶ
1185 555 1268 589 οὕτως
1292 554 1505 595 ἀναπληρώσατε
1527 556 1572 584 τὸν
1588 555 1669 592 νόμον
1690 555 1739 583 τοῦ
1763 552 1833 594 Χρι-

1032 603 1104 630 στοῦ.
1123 614 1135 626 ιι
1147 601 1207 629 Οὖκ
1222 595 1293 636 εἶπε,
1314 611 1329 629 α
1345 599 1525 640 Πληρώσατε,
1544 613 1555 626 ι
1572 599 1652 636 ἀλλὰ,
1670 610 1684 626 α
1704 598 1833 643 Ἀναπλξ-

1032 645 1144 684 ρώσατε·
1166 659 1178 671 υ
1197 644 1328 679 τουτέστι,
1346 645 1429 684 Κοινῇ
1447 645 1543 678 πάντες
1567 644 1743 682 πληρώσατε,
1763 643 1832 671 δι’ὡν

1032 690 1163 725 ἀλλήλους
1182 691 1289 730 φέρετεσ
1312 684 1365 719 οἶον
1386 691 1400 718 ὃ
1417 688 1475 723 ὀξὺς
1489 689 1532 718 τὸν
1556 691 1627 724 νωθῆ
1649 688 1765 728 φερέτω,
1790 690 1832 716 καὶ

1032 736 1045 764 ὁ
1060 733 1144 770 νωθὴς
1160 733 1208 770 τὴν
1229 733 1345 774 σφοδρὰν
1363 734 1464 763 ἐκείνου
1491 733 1585 774 ὁρμήν·
1603 733 1649 763 καὶ
1669 734 1753 766 οὕτως
1776 732 1833 761 οὔτε

1031 780 1127 812 ἐκεῖνος
1146 779 1328 818 ἁμαρτήτεταιι
1352 778 1404 808 ὗπὸ
1428 778 1522 808 τούτου
1539 777 1750 817 βασταζόμενος,
1773 776 1830 806 οὔτε

1031 819 1106 858 οὗτος
1122 825 1166 852 ὑπ’
1184 823 1290 852 ἐκείνου.
1306 823 1386 853 Οὕτω
1405 823 1433 852 δὲ
1448 823 1474 840 ³⁵
1490 823 1614 858 ἀλλήλοις
1628 826 1709 861 χεῖρα
1727 822 1831 861 ὀρέγον-

1032 880 1085 906 τες,
1103 869 1136 897 δι’
1153 868 1276 903 ἀλλήλων
1292 866 1454 906 πληρώσατε
1478 867 1522 896 τὸν
1538 867 1618 904 νόμον
1636 869 1683 896 τοῦ
1702 867 1831 905 Χριστοῦ,

1033 912 1047 942 ὃ
1061 912 1146 942 λείπει
1161 914 1199 952 τῷ
1216 912 1329 948 πλησίον
1349 914 1510 952 ἀναπληρῶν
1533 911 1644 944 ἕκαστος
1663 910 1708 940 διὰ
1725 913 1770 939 τοῦ
1788 913 1832 949 βει-

1033 957 1140 992 στάζειν
1164 957 1273 987 ἐκεῖνον.
1292 956 1346 987 Καὶ
1362 957 1449 990 ἄλλως
1471 956 1523 995 γὰρ
1538 955 1646 995 ἀγάπης
1661 955 1691 984 τὸ
1705 956 1740 984 τὰ
1766 955 1833 994 βάρη

1033 1001 1174 1041 βαστάζειν
1191 1001 1329 1039 ἀλλήλων·
1345 1003 1361 1037 ἡ
1386 999 1412 1030 δὲ
1438 1001 1541 1040 ἀγάπη,
1558 1000 1699 1040 πλήρωσις
1721 1001 1775 1028 τῶν
1792 1000 1832 1028 ἐν-

1033 1046 1116 1076 τολῶν
1130 1048 1175 1076 τοῦ
1191 1045 1317 1086 Χριστοῦ.

1076 1195 1088 1209 α
1110 1184 1144 1214 Εἰ
1158 1182 1211 1223 γὰρ
1226 1183 1297 1212 δοκεῖ
1311 1194 1351 1216 τις
1366 1177 1434 1212 εἶναί
1445 1193 1470 1211 τι
1486 1182 1568 1220 μηδὲν
1585 1181 1633 1218 ὢν,
1649 1181 1747 1211 ἑαυτὸν
1762 1193 1835 1223 φρεν-

1033 1232 1134 1268 απατᾷ.
1151 1237 1166 1256 ιι
1195 1227 1282 1257 Πάλιν
1302 1227 1415 1268 ἐνταῦθα
1435 1227 1484 1263 τὴν
1501 1226 1626 1256 ἀπόνοιαν
1647 1226 1835 1261 καταϐάλλει,

1033 1266 1134 1306 δεικνῦς
1148 1271 1189 1301 ὅτι
1209 1273 1223 1301 ὃ
1238 1272 1321 1301 δοκῶν
1338 1266 1408 1300 εἶναί
1421 1283 1458 1307 τι,
1484 1270 1560 1300 οὐδέν
1576 1272 1658 1307 ἔστιν,
1675 1271 1742 1301 αὐτὸ
1762 1274 1839 1300 τοῦτο

1034 1317 1118 1345 δοκεῖν
1143 1316 1288 1356 τεκμήριον
1309 1315 1426 1357 ἐκφέρων
1450 1317 1497 1351 τῆς
1520 1317 1616 1346 ἑαυτοῦ
1640 1315 1779 1349 οὖθενείας
1803 1315 1839 1350 ⁵⁸,

1034 1361 1078 1390 καὶ
1095 1361 1188 1390 οὐδένα
1203 1361 1282 1391 ἄλλον
1301 1362 1423 1398 ἀπατῶν,
1437 1361 1496 1390 ἀλλ’
1514 1360 1619 1391 ἑαυτόν.

1076 1505 1092 1525 α
1119 1495 1159 1526 Τὸ
1179 1495 1207 1525 δὲ
1230 1495 1305 1536 ἔργον
1324 1496 1418 1525 ἑαυτοῦ
1443 1495 1610 1533 δοκιμαζέτω
1641 1495 1779 1529 ἕκαστος,
1802 1496 1841 1523 ni

1035 1540 1093 1570 τότε
1116 1541 1152 1573 εἷς
1176 1541 1269 1569 ἑαυτὸν
1285 1539 1365 1578 μόνον
1389 1539 1420 1570 τὸ
1434 1539 1565 1579 καύχημα
1582 1539 1647 1576 ἔξει,
1670 1538 1719 1568 καὶ
1738 1540 1792 1568 οὐκ
1812 1542 1842 1570 εἰς

1036 1585 1079 1614 τὸν
1097 1585 1195 1623 ἕτερον.
1215 1599 1227 1611 ι-
1244 1584 1418 1621 Ἐξιταζέτω,
1443 1584 1518 1625 φησὶ,
1543 1584 1612 1622 μετὰ
1633 1583 1779 1623 ἀκριϐείας
1802 1584 1843 1614 τὰς

1037 1631 1132 1659 ἑαυτοῦ
1145 1629 1252 1669 πράξεις
1275 1630 1367 1667 (τοῦτο
1382 1628 1434 1668 γὰρ
1459 1629 1500 1666 τὸ,
1531 1640 1546 1656 ι
1565 1627 1742 1667 Δοκιμαζέτω
1759 1640 1776 1657 ι»
1791 1630 1812 1668 ),
1826 1631 1844 1657 εἰ
1876 1629 1877 1663 l

1038 1673 1076 1713 μὴ
1103 1675 1172 1703 κατὰ
1193 1673 1342 1708 κενοδοξίαν
1366 1673 1501 1712 ἐποίησεν,
1527 1675 1549 1703 εἰ
1573 1673 1611 1711 μὴ
1637 1674 1662 1702 ἐν
1687 1674 1843 1713 ὑποκρίσει,

1038 1720 1060 1748 εἰ
1082 1718 1119 1756 μὴ
1135 1719 1203 1758 ἄλλῃ
1228 1718 1278 1747 τινὶ
1294 1718 1446 1758 ἀνθρωπίνῃ
1466 1717 1552 1758 αἰτίᾳ,
1577 1717 1624 1746 καὶ
1648 1717 1711 1746 τότε
1727 1718 1771 1754 μὴ
1790 1720 1844 1747 καθ’

1038 1763 1128 1803 ἑτέρου
1142 1763 1297 1802 καυχάσθω.
1317 1763 1387 1792 Ἀλλ’
1407 1764 1430 1792 εἷ
1448 1762 1499 1802 ἄρα
1516 1761 1709 1802 ἀκατασχέτως
1727 1762 1756 1781 ³⁷
1778 1763 1843 1802 ἔχει,

1039 1810 1074 1841 εἷς
1104 1807 1195 1837 ἑαυτὸν
1219 1807 1250 1836 τὸ
1283 1807 1413 1847 καύχημα
1448 1808 1551 1847 ἐχέτω,
1582 1807 1734 1842 τουτέστιν,
1771 1808 1846 1838 αὐτὸς

1039 1854 1123 1892 ἐαυτῷ
1154 1851 1366 1891 συγκρινόμενος,
1393 1854 1440 1881 τοῦ
1467 1851 1529 1891 χθὲς
1562 1851 1640 1890 ἔργου
1666 1851 1697 1880 τὸ
1725 1852 1845 1891 eius?”

1039 1901 1156 1936 κρεῖττον
1189 1897 1337 1934 νομιζέτω,
1373 1897 1419 1925 καὶ
1458 1895 1643 1936 ἐναϐρυνέσῢω
1676 1897 1716 1935 τῷ
1754 1897 1847 1934 ἀγαθᾷ

1039 1942 1118 1981 ἔργῳ.
1137 1942 1232 1971 Ταῦτα
1257 1940 1285 1970 δὲ
1309 1940 1380 1980 λέγει
1408 1942 1515 1974 Παῦλος
1543 1939 1807 1979 συγκαταϐατικίιῖις,
1822 1953 1847 1969 ω

1040 1987 1226 2024 νομοθετικῶς,
1242 1987 1277 2018 ὡς
1291 1985 1323 2014 ἂν
1339 1986 1408 2016 κατὰ
1424 1986 1517 2025 μικρὸν
1537 1985 1681 2024 ἀποστήσῃ
1707 1984 1741 2014 τὰ
1759 1987 1849 2025 αὐχή-

1041 2043 1114 2070 ματα
1143 2032 1190 2059 τοῦ
1225 2030 1343 2060 τοιούτου
1375 2030 1464 2066 ἤθους.
1500 2029 1536 2059 ¢0
1570 2029 1622 2069 γὰρ
1659 2029 1775 2063 ἐθισθεὶς
1815 2032 1849 2067 μὴ

1040 2078 1085 2105 τοῦ
1111 2075 1234 2111 πλησίον,
1256 2075 1292 2108 ὡς
1316 2076 1331 2103 ὁ
1354 2075 1520 2114 Φαρισαῖος,
1537 2077 1780 2114 κατακαυχᾶσθαι,
1806 2087 1850 2103 1:-

1039 2121 1108 2160 χέως
1140 2119 1185 2149 καὶ
1211 2121 1267 2159 ,τοῦ
1294 2121 1352 2149 καθ’
1378 2119 1469 2149 ἑαυτὸν
1506 2118 1695 2159 ἐναϐρύνεσθαι
1721 2120 1847 2154 ducar}

1041 2175 1125 2194 σεται.

1084 2221 1099 2237 α
1119 2207 1254 2242 Ἕκαστος
1276 2207 1329 2249 γὰρ
1344 2209 1373 2238 τὸ
1394 2208 1460 2238 ἴδιον
1486 2208 1592 2248 φορτίον
1615 2208 1762 2248 βαστάσει.
1789 2223 1803 2235 ι
1817 2210 1850 2238 Ti

1041 2254 1092 2294 γὰρ
1117 2258 1277 2293 κατακαυχᾷ
1305 2256 1350 2282 τοῦ
1379 2253 1508 2290 πλησίον;
1531 2254 1576 2282 καὶ
1600 2252 1632 2282 σὺ
1662 2253 1791 2286 κάκεῖνος
1820 2254 1850 2281 ταὶ

1043 2299 1097 2328 ἴδια
1129 2298 1222 2339 φορτία
1259 2297 1417 2338 βαστάσετε,
1447 2298 1494 2326 καὶ
1522 2298 1582 2326 τότε
1617 2298 1850 2335 δοκιμασθήσετςιι

1042 2343 1154 2373 ἑκάστου
1169 2343 1200 2373 τὸ
1213 2342 1303 2383 ἔργον.
1318 2342 1403 2372 Ὥστε
1420 2342 1477 2372 ἐπεὶ
1492 2342 1537 2371 καὶ
1551 2342 1582 2372 σὺ
1599 2342 1697 2382 φορτία
1714 2341 1790 2382 ἔχεις
1807 2343 1851 2371 καὶ

1045 2389 1130 2429 βάρη,
1147 2387 1214 2427 μηδὲ
1230 2387 1288 2417 καθ’
1312 2387 1402 2427 ἑτέρου
1423 2388 1532 2427 καυχῶ,
1557 2386 1624 2425 μηδὲ
1652 2387 1725 2416 κατὰ
1750 2388 1850 2417 σαυτὸν

1044 2433 1187 2473 ἐναϐρύνου
1203 2435 1237 2473 τῇ
1254 2434 1351 2472 ἀγαθοε
1356 2432 1428 2473 ργίᾳ.

1088 2489 1103 2507 ιι
1125 2477 1291 2508 Κοινωνείτω
1311 2477 1339 2507 δὲ
1364 2480 1378 2507 ὁ
1403 2475 1604 2517 κατηχούμενος
1627 2477 1672 2506 τὸν
1703 2476 1783 2515 λόγον
1815 2478 1850 2513 τῷ

1045 2525 1207 2563 κατηχοῦντι
1223 2523 1249 2551 ἐν
1271 2526 1355 2551 πᾶσιν
1377 2523 1494 2560 ἀγαθοῖς.
1510 2533 1525 2550 ο
1548 2521 1616 2560 Περὶ
1641 2522 1695 2550 τῶν
1722 2521 1850 2550 διδασκά-

1043 2570 1096 2598 λων
1113 2567 1204 2597 λοιπὸν
1224 2567 1387 2606 διαλέγεται,
1410 2566 1454 2596 ἵνα
1475 2567 1500 2596 οἱ
1523 2565 1586 2604 παρ’
1604 2567 1692 2594 αὐτῶν
1710 2567 1853 2605 κατηχού-

1046 2624 1119 2646 μενοι
1143 2613 1288 2642 κοινωνῶσι
1310 2615 1365 2645 τοῖς
1388 2613 1572 2651 κατηχοῦσιν,
1598 2611 1647 2639 οὐκ
1671 2612 1699 2640 ἐν
1723 2610 1765 2639 ἑνί
1793 2622 1853 2645 τινι,

1045 2659 1105 2688 ἀλλ’
1131 2658 1157 2687 ἐν
1179 2661 1260 2686 πᾶσιν
1288 2659 1407 2696 ἀγαθοῖς,
1434 2657 1542 2697 τροφῆς,
1569 2656 1730 2693 ἐνδύματος,
1758 2657 1851 2693 τιμῆς,

1046 2702 1159 2742 εὐνοίας,
1187 2702 1233 2732 καὶ
1259 2702 1366 2732 πάντων
1391 2701 1482 2735 ἁπλῶς
1510 2700 1696 2740 μεταδιδόντες
1711 2701 1766 2729 τῶν
1784 2701 1853 2738 ἁγα-

889 2770 983 2800 Variae
1005 2770 1154 2802 lectiones.

228 2833 251 2850 ⁸⁵
264 2832 312 2868 γὰρ
325 2840 352 2861 ο.
390 2831 414 2850 ³⁸
425 2831 550 2863 ἀσθενείας
563 2838 589 2860 ο.
626 2830 648 2849 ²⁴¹
661 2829 863 2867 ἀκαταιοχῦντως
879 2837 907 2858 0.
