1877 3081
16 203 81 230 1025

461 199 635 228 EXPOSlTlO
654 201 686 228 IN
706 200 810 228 EPIST.
826 200 872 228 AD
891 201 1011 229 GALAT.
1032 216 1067 222 —
1086 201 1159 230 CAP.
1180 203 1225 229 Vl.

1589 204 1656 232 l026

15 266 76 294 θῶν.
105 262 222 297 Μείζονα
251 261 303 303 γὰρ
325 258 363 292 ὧν
389 261 466 294 δίδως
492 263 637 301 λαμϐάνεις
668 263 727 294 ἀντὶ
747 263 799 303 γὰρ
813 267 839 296 Α
855 271 917 292 omn

895 264 949 292 mia
965 264 1042 300 plane
1057 264 1242 299 impertientes
1262 263 1300 292 eis
1314 263 1397 292 bona.
1416 265 1522 301 Majora
1537 273 1656 302 namque

15 310 64 337 τῶν
88 309 238 348 σαρκικῶν,
263 308 443 346 πνευματικά.
469 307 518 338 Διὸ
543 308 590 338 καὶ
617 308 755 338 κοινωνίαν
775 311 804 340 τὸ

15 357 122 391 πρᾶγμα
146 353 240 391 καλεῖ,
265 353 301 386 ὡς
329 353 486 386 ἀντιδόσεως
504 353 654 392 γινομένης.
676 353 755 388 Τίνος
779 355 805 385 δὲ

14 399 97 427 ἕνεκεν
119 398 134 426 ὁ
160 396 274 435 Χριστὸς
296 397 438 437 τρέφεσθαι
464 397 524 431 τοὺς
554 398 731 432 διδασκάλους
756 400 806 429 ὕπὸ

17 443 64 470 τῶν
88 442 213 480 μαθητῶν
235 440 334 482 (inpias;
356 440 408 472 Διᾶ
426 441 472 472 δύο
496 444 597 478 ταῦτα,
622 442 665 472 ἵνα
691 443 759 481 μήτε
782 445 806 474 οἱ

15 486 163 516 διδάσκαλοι
175 485 337 526 ἐπαίρωνται
352 486 469 526 σφόδρα,
491 486 550 515 ἀλλ’
565 488 600 520 ὡς
619 487 738 526 δεόμενοι
754 490 806 518 τῶν

17 532 137 568 μαθητῶν
163 532 389 572 μετριοφρονῶσι,
423 531 469 560 καὶ
495 533 539 560 ἵνα
566 531 640 572 μόνῳ
666 533 705 572 τῷ
736 533 807 573 λόγῳ

16 575 179 615 σχολάζωσι,
201 575 240 614 μὴ
269 575 469 616 περισπώμενοι
495 577 531 610 εἷς
556 577 672 617 τροφάς·
707 578 756 607 καὶ
783 579 807 608 οἱ

18 620 128 658 μαθηταὶ
149 620 176 649 ἐν
193 621 226 656 τῆ
241 619 302 660 περὶ
324 620 384 653 τοὺς
410 621 583 662 διδασκάλους
598 622 807 662 εὐγνωμοσύνῃ,

19 665 59 694 καὶ
83 665 143 704 περὶ
170 666 229 698 τοῦς
257 665 352 698 ἄλλους
373 667 485 695 τοιοῦτοι
515 660 582 694 εἶναι
613 660 808 696 παιδεύωνται·

18 709 58 738 καὶ
83 709 139 748 ἅμα
164 709 203 748 μὴ
230 709 447 748 ἐπαισχύνωνται
471 710 538 746 μηδὲ
567 710 642 739 αὐτοὶ
668 711 809 750 πενόμενοι

19 753 60 783 καὶ
82 755 266 791 ἕπαιτοῧντες,
284 753 350 784 ὅπου
376 765 408 794 γε
428 754 475 784 καὶ
492 755 516 785 οἱ
541 755 696 784 διδάσκαλοι
723 757 808 785 αὐτῶν

20 798 127 828 τοιοῦτοί
144 799 208 829 εἶσι.

56 854 70 872 α
88 843 133 880 Μὴ
145 844 300 882 πλανᾶσθε,
323 843 391 878 Θεὸς
413 844 442 873 οὖ
460 844 650 884 μυκτηρίζεται
661 856 668 863 ·
685 844 761 884 δγᾶρ
779 844 810 874 ἂν

19 888 107 928 σπείρῃ
124 889 280 928 ἄνθρωπος,
295 891 372 918 τοῦτο
393 888 438 918 καὶ
460 888 568 929 θερίσει.
585 889 649 919 "Osi
664 891 678 919 ὃ
693 891 810 929 σπείρων
828 897 852 929 Β

21 934 51 965 εἰς
71 933 116 969 τὴν
131 933 220 973 σάρκα
238 933 318 962 αὑτοῦ
349 934 379 962 ἐκ
401 935 447 969 τῆς
462 934 556 973 σαρκὸς
573 933 669 973 θερίσει
684 935 782 975 φθοράν
801 946 808 953 ο

20 979 32 1006 ὁ
46 978 70 1007 δὲ
83 977 197 1018 σπείρων
223 980 259 1011 εἷς
277 978 306 1007 τὸ
316 980 423 1016 πνεῦμα
456 979 486 1008 ἐκ
498 981 543 1008 τοῦ
559 978 710 1017 πνεύματος
738 979 811 1019 θερί-

21 1033 57 1051 cu.
67 1022 133 1058 ζωὴν
158 1021 278 1052 αἰώνιον.
311 1034 326 1051 »
343 1022 455 1058 Ἐπειδὴ
482 1024 609 1056 πολλάκις
623 1024 692 1056 τινὲς
722 1023 812 1052 αἰτιώ-

22 1079 87 1104 μενοι
115 1067 172 1101 τοὺς
190 1067 365 1100 διδασκάλους
389 1068 425 1100 ὡς
449 1071 532 1097 κακοῦ
561 1067 638 1107 βίου,
659 1069 811 1108 παρορῶσιν

23 1112 122 1151 αὐτοὺς,
138 1112 183 1142 καὶ
197 1113 228 1142 οὖ
251 1111 376 1151 τρέφουσι
398 1113 570 1150 πινομένους,
600 1113 672 1151 λέγει
693 1113 741 1151 μὲν
766 1113 812 1142 καὶ

23 1157 128 1195 προῖὼν,
144 1157 184 1187 ὅτι
202 1170 216 1183 ι
234 1156 275 1187 Τὸ
292 1157 374 1186 καλὸν
396 1159 530 1191 ποιοῦντες
546 1158 582 1195 μὴ
599 1158 769 1195 ἐκκακῶμεν,
793 1169 808 1186 κ

23 1201 62 1229 καὶ
89 1204 132 1230 νῦν
159 1201 186 1231 δὲ
214 1202 361 1238 δείκνυσιν,
384 1201 425 1231 ὅτι
440 1202 485 1231 καὶ
511 1202 575 1242 πρὸς
597 1201 657 1235 τοὺς
680 1201 812 1236 τοιούτους

24 1246 185 1279 διδασκάλους
215 1246 326 1286 ἀφειδῶς
341 1245 411 1286 ἔχειν
434 1246 504 1287 χρὴ,
527 1248 562 1280 ὡς
581 1247 616 1279 εἷς
631 1246 810 1287 πνευματικδν

24 1294 125 1329 πρᾶγμα
146 1293 191 1320 τοῦ
214 1290 389 1328 ἀναλώματος
417 1290 565 1330 γινομένου.
595 1291 748 1330 Συγκρίνων
766 1285 811 1320 οὖν

25 1334 64 1367 τὰς
79 1335 113 1368 εἷς
131 1334 164 1364 τὰ
179 1335 296 1375 σαρκικὰ
317 1335 454 1375 γινομένας
477 1335 611 1372 δαπάνας,
637 1335 682 1365 καὶ
709 1335 755 1368 τὰς
777 1336 812 1369 εἷς

25 1378 53 1407 τὰ
67 1379 245 1419 πνευματικὰ,
262 1379 340 1419 φησίν
354 1391 361 1398 ·
377 1379 443 1409 Ἐὰν
459 1379 508 1418 μὲν
527 1381 564 1413 εἰς
577 1379 626 1415 τὴν
646 1380 733 1419 σάρκα
745 1381 812 1409 ἀνα-

26 1423 125 1463 λίσκῃς,
146 1425 280 1464 τραπέζας
301 1424 346 1453 καὶ
361 1424 504 1462 ἡδύσματα
529 1424 749 1460 κατασκευάζων,
766 1423 812 1454 καὶ

28 1468 112 1505 μέθην,
133 1470 179 1499 καὶ
207 1469 324 1509 τρυφὴν,
339 1470 385 1499 καὶ
410 1469 576 1510 ἀδδηφαγίαν
601 1469 733 1508 σπείρων,
751 1472 812 1509 φθο-

859 309 959 344 accipis
969 317 1051 345 quam
1070 309 1129 342 das,
1146 317 1247 344 nempe
1263 317 1311 345 pro
1328 309 1480 338 carnalibus
1492 310 1654 346 spiritualia.

861 354 940 382 Unde
953 358 979 382 et
1001 354 1278 382 communicationem
1295 362 1354 381 rem
1379 357 1467 388 vocat,
1487 362 1538 382 ceu
1553 363 1658 390 reprae-

860 399 1015 428 sensatione
1033 399 1160 435 quapiam
1186 399 1265 426 facta.
1290 399 1373 435 Cujus
1393 403 1485 427 autem
1507 399 1546 428 rei
1568 401 1655 436 gratia

860 444 988 472 doctores
1007 444 1133 472 Christus
1147 451 1161 471 a
1179 443 1320 480 discipulis
1337 444 1370 471 ali
1386 444 1529 472 constituit
1542 447 1568 472 Ω
1585 446 1656 473 Pro-

862 494 921 525 pter
936 489 992 517 duo
1010 489 1079 521 haec,
1096 497 1130 516 ne
1146 489 1268 524 magistri
1287 489 1450 517 extollantur
1462 489 1589 523 nimium,
1605 489 1655 518 sed

861 538 991 570 tanquam
1024 533 1164 568 discipulis
1200 537 1322 569 egentes,
1362 534 1503 562 moderate
1534 534 1656 570 sapiant,

862 583 946 614 utque
960 578 1009 606 soli
1021 578 1102 605 verbo
1117 582 1222 611 vacent,
1234 586 1285 606 nec
1299 578 1420 606 alimenti
1435 578 1548 607 nomine
1560 578 1658 607 distra-

862 623 976 655 hantur;
994 631 1025 650 ac
1049 627 1078 650 ut
1094 622 1219 658 discipuli
1241 630 1272 650 ex
1296 623 1484 651 benevolentia
1499 631 1562 660 erga
1587 631 1660 660 prat-

863 672 998 703 ceptores,
1023 676 1085 703 erga
1107 667 1173 695 alios
1187 675 1296 703 quoque
1318 668 1385 695 tales
1405 675 1463 696 esse
1485 668 1661 696 instituantur

863 720 894 740 ac
908 713 1024 740 discant.
1046 712 1132 740 Simul
1153 712 1235 740 etiam
1252 720 1285 740 ne
1302 712 1353 747 ipsi
1370 712 1477 748 inopes,
1490 717 1518 740 et
1537 712 1659 741 mendici

864 757 938 790 facti,
955 757 1057 793 pudore
1078 756 1287 792 suffundantur,
1299 765 1363 785 cum
1378 757 1446 786 tales
1467 757 1523 785 sint
1536 757 1659 794 ipsorum

863 801 1000 830 doctores.

901 848 987 874 VERS.
1007 850 1035 880 1,
1057 849 1083 874 8.
1102 858 1114 870 σι
1132 846 1223 874 Nolite
1239 853 1341 879 errare,
1357 847 1433 874 Deus
1449 854 1505 874 non
1521 846 1659 875 irridetur.

866 891 1008 927 Quidquid
1023 891 1096 919 enim
1110 891 1284 919 seminaverit
1295 891 1390 925 homo,
1407 891 1459 919 hoc
1473 895 1501 920 et
1514 891 1596 927 363
1606 899 1661 920 me-

865 941 912 964 tet.
924 936 1063 971 Quoniam
1077 935 1123 971 qui
1138 935 1254 963 seminat
1268 936 1294 962 in
1309 943 1417 963 carnem
1428 943 1517 969 suam,
1532 935 1565 964 de
1578 944 1662 965 carne

866 985 950 1009 metet
964 981 1184 1016 corruptionem;
1200 980 1247 1016 qui
1261 988 1324 1008 vero
1335 980 1451 1008 seminat
1465 980 1492 1007 in
1505 980 1614 1016 spiritu,
1626 980 1661 1009 dc

865 1026 961 1062 spiritu
984 1029 1069 1053 metet
1090 1026 1173 1053 vitam
1192 1030 1332 1053 mlernam.
1353 1037 1366 1049 ι
1382 1024 1452 1060 Quia
1470 1033 1661 1061 saepenumero

866 1071 990 1098 nonnulli
1012 1075 1170 1098 accusantes
1189 1069 1315 1098 doctores
1331 1070 1410 1098 malm
1432 1070 1505 1103 vitae,
1521 1070 1662 1106 negligunt

865 1123 922 1146 eos.
945 1123 994 1142 nec
1015 1115 1092 1143 alunt
1113 1123 1160 1143 eos
1175 1115 1285 1150 penuria
1312 1115 1482 1148 laborantes,
1507 1113 1576 1142 infra
1599 1115 1660 1143 ait:

867 1170 882 1186 α
902 1160 1044 1188 Facientes
1062 1160 1167 1188 bonum
1182 1168 1216 1187 ne
1235 1159 1397 1187 deﬁciamus
1413 1169 1419 1187 :
1440 1169 1453 1185 ι)
1470 1163 1553 1195 atque
1565 1159 1662 1188 etiam-

866 1213 931 1233 num
951 1204 1081 1238 ostendit,
1103 1204 1177 1240 quod
1201 1204 1228 1232 in
1249 1204 1318 1232 tales
1341 1212 1450 1240 quoque
1470 1208 1661 1240 praeceptores,

866 1257 916 1277 nos
940 1249 1066 1277 liberales
1093 1249 1223 1277 exhibere
1245 1253 1363 1285 oportet,
1387 1248 1517 1284 quoniam
1546 1248 1574 1276 in
1601 1256 1661 1276 rem

866 1295 1033 1330 spiritualem
1058 1299 1185 1330 sumptus
1208 1293 1383 1329 impenditur.
1406 1294 1558 1321 Conferens
1581 1294 1662 1330 igitur

866 1343 993 1374 sumptus
1007 1339 1053 1375 qni
1069 1339 1138 1366 ﬁunt
1151 1339 1178 1366 in
1200 1338 1318 1366 carnalia
1341 1338 1374 1365 iis
1387 1338 1432 1374 qui
1448 1338 1518 1366 ﬁunt
1534 1339 1560 1366 in
1581 1338 1663 1374 spiri-

866 1384 959 1411 tualia.
983 1384 1009 1412 Si
1024 1384 1052 1411 in
1071 1391 1192 1417 carnem,
1213 1383 1313 1419 inquit,
1330 1383 1484 1419 impendas,
1506 1391 1616 1411 mensas
1637 1387 1663 1411 et

866 1429 1039 1457 condimenta
1054 1436 1162 1465 parans,
1176 1429 1379 1461 temulentiam,
1394 1428 1506 1456 delicias
1524 1433 1550 1456 et
1563 1436 1661 1464 crapu-

867 1474 921 1501 lam
933 1473 1071 1501 seminans
1082 1477 1110 1501 et
1129 1473 1318 1506 voracitatem,
1335 1473 1538 1508 corruptionem
1557 1477 1641 1501 metes
1656 1481 1662 1500 :

27 1513 68 1551 ρὰν
82 1514 200 1553 θερίσεις·
214 1513 261 1543 καὶ
279 1513 330 1554 γὰρ
351 1513 397 1544 καὶ
413 1514 480 1543 αὐτὰ
507 1514 655 1554 φθείρεται,
671 1513 716 1543 καὶ
739 1525 810 1552 συμ-
829 1517 852 1550 C
867 1527 917 1546 nar

895 1527 933 1546 lm
948 1522 975 1546 et
988 1518 1031 1546 illa
1044 1518 1099 1554 ipsa
1114 1522 1337 1554 corrumpuntur,
1353 1522 1380 1546 et
1389 1517 1471 1545 simul
1481 1522 1664 1553 corrumpunt

27 1558 152 1598 φθείρειτὸ
181 1560 274 1597 σῶμα.
289 1558 354 1589 Ἐὰν
377 1558 404 1588 δὲ
432 1560 468 1591 εἷς
494 1559 524 1588 τὸ
553 1561 659 1597 πνεῦμα
687 1558 812 1598 σπείρῃς,

28 1602 165 1641 τουτέστιν,
193 1604 232 1636 εἷς
254 1603 288 1632 τὰ
317 1602 486 1640 πνευματικὰ
521 1603 602 1643 ἔργα,
631 1602 813 1641 ἐλεημοσύνην

29 1649 100 1676 ποιῶν
116 1648 179 1687 πρὸς
205 1648 326 1686 πάντας,
342 1648 387 1677 καὶ
408 1647 580 1688 σωφροσύνην
602 1648 716 1687 μετιὼν,
743 1647 812 1683 ζωὴν

29 1691 122 1720 αἰώνιον
145 1692 266 1732 θερίσεις.
290 1694 331 1722 Οὖ
346 1694 397 1732 γὰρ
425 1693 616 1732 μυκτηρίζεται
643 1693 688 1722 καὶ
712 1694 816 1722 ἀπατᾶ-

28 1746 66 1765 ται
82 1737 159 1773 Θεὸς,
183 1737 246 1766 ἀλλ’
272 1736 377 1777 ἑκάστῳ
401 1736 461 1766 τότε
487 1738 521 1765 τὰ
541 1737 626 1766 οἰκεῖα
656 1737 812 1767 ἀποδίδωσι.

30 1780 144 1820 Κρεῖττον
167 1777 211 1811 ὧν
232 1781 293 1820 περὶ
317 1781 486 1820 πνευματικὰ
508 1781 676 1818 ἀναλίσκειν,
696 1777 734 1814 οἷς
749 1794 815 1820 συμ-

29 1825 168 1865 πιριέχεται
188 1825 237 1855 καὶ
260 1828 276 1861 ἡ
292 1825 358 1866 πρὸς
379 1825 438 1859 τοὺς
460 1826 637 1860 διδασκάλους
661 1825 814 1863 Sambi-4,4,

30 1870 82 1909 περὶ
111 1870 156 1904 τὰς
181 1870 313 1912 σαρκικὰς
343 1870 507 1907 ἡδυπαθείας
522 1871 549 1890 ²⁸
584 1871 631 1904 τὰς
645 1871 815 1910 φθειρομένας

30 1914 69 1942 καὶ
88 1915 240 1956 φθειρούσας
264 1915 294 1944 τὸ
323 1917 414 1954 σῶμα,
432 1915 483 1946 Ἐκ
501 1915 554 1955 γὰρ
576 1917 628 1944 τῶν
647 1916 815 1951 ἡδυπαθειῶν

31 1958 70 1987 καὶ
83 1961 130 1989 τῶν
144 1959 352 2000 περιττωμάτων
369 1961 396 1990 αἱ
410 1960 492 1989 νόσοι.

67 2014 80 2032 ι
92 2004 130 2035 Τὸ
151 2005 178 2036 δὲ
203 2005 287 2034 καλὸν
303 2008 456 2043 ποιοῦντες,
473 2004 510 2042 μὴ
533 2006 690 2042 ἐκκακῖὖμιν
702 2016 709 2023 ·
731 2006 816 2045 καιρῷ

32 2047 75 2086 γὰρ
97 2049 151 2089 ἰδίῳ
174 2050 312 2090 θερίσομεν
338 2050 376 2088 μὴ
401 2049 564 2087 ἐκλυόμενοι.
587 2051 685 2090 [Νῦν
699 2051 815 2088 ίᾶποκα-

32 2091 113 2122 λύπτει
134 2089 322 2134 ἐκδηλότερον,
337 2094 377 2124 δτι
393 2094 441 2124 κᾶν
456 2095 568 2133 πονηροὶ
595 2089 661 2123 ὦσιν
677 2094 701 2123 οἱ
723 2094 817 2131 δεόμεο

33 2147 64 2165 νοι
83 2139 168 2175 ἡμῶν,
193 2141 270 2177 ἡμεῖς
295 2138 333 2178 μὴ
362 2140 519 2177 ἐκκακῶμεν
542 2140 577 2172 ὡς
598 2141 817 2177 ἀγαθοποιοῦντες

865 1571 974 1600 corpus.
997 1563 1042 1591 Sin
1058 1563 1086 1590 in
1105 1563 1234 1599 spiritum
1257 1563 1389 1596 semines,
1405 1562 1457 1590 hoc
1469 1567 1522 1597 est,
1537 1563 1664 1598 spiritua-

866 1608 900 1635 lia
931 1616 1026 1644 opera,
1050 1608 1256 1643 eleemosynam
1278 1607 1408 1635 omnibus
1435 1607 1608 1643 impertiens,
1631 1615 1664 1634 ac

867 1653 1074 1688 temperantiam
1096 1660 1217 1686 Servans,
1234 1652 1319 1680 vitam
1334 1656 1466 1680 aeternam
1488 1655 1584 1679 metes.
1601 1653 1663 1680 Non

866 1697 940 1725 enim
955 1697 1084 1725 irridetur
1105 1701 1187 1733 atque
1200 1697 1339 1732 decipitur
1353 1698 1439 1729 Deus,
1455 1696 1502 1724 sed
1517 1696 1665 1732 unicuique

867 1745 933 1770 tunc
954 1749 1016 1778 qum
1031 1749 1079 1770 sua
1092 1746 1157 1769 sunt
1172 1742 1298 1778 largitur.
1315 1741 1406 1769 Satius
1421 1746 1461 1769 est
1475 1749 1541 1777 ergo
1561 1741 1591 1768 in
1607 1741 1666 1777 spi-

867 1786 975 1814 ritualia
998 1787 1166 1822 impendere,
1191 1786 1242 1814 sub
1267 1786 1368 1822 quibus
1395 1786 1554 1814 continetur
1581 1786 1664 1814 etiam

867 1835 994 1866 sumptus
1007 1839 1069 1866 erga
1083 1834 1275 1866 prmccptores,
1289 1837 1373 1866 quam
1387 1830 1416 1857 in
1431 1831 1523 1857 carnis
1536 1830 1665 1865 volupta-

868 1880 918 1910 lC‘S,
943 1883 1005 1911 QUID
1038 1880 1253 1911 corrumpuntur
1276 1880 1303 1903 οἱ
1328 1880 1511 1910 corrumpunt
1533 1882 1633 1911 COI‘plIS
1657 1884 1664 1902 ί

869 1928 898 1948 ex
912 1920 1096 1956 voluptatibus
1111 1920 1187 1948 enim
1203 1924 1230 1948 et
1245 1920 1309 1948 luxu
1325 1919 1415 1947 morbi
1429 1923 1590 1948 nascuntur.

904 2006 994 2034 Vens.
1010 2009 1036 2034 9.
1053 2017 1066 2030 ι
1088 2006 1196 2034 Bonum
1217 2009 1310 2033 autem
1332 2005 1471 2039 facientes,
1497 2013 1532 2033 ne
1556 2005 1666 2033 deﬁcia-

870 2059 934 2078 mus
946 2059 954 2078 :
968 2054 1092 2086 tempore
1107 2051 1180 2078 enim
1192 2059 1244 2078 suo
1253 2054 1387 2078 metemus
1405 2057 1462 2078 non
1471 2050 1638 2078 deﬁcientes.
1649 2063 1661 2075 ιι

871 2097 951 2123 Nunc
971 2095 1071 2123 clarius
1094 2095 1200 2131 retegit,
1217 2095 1291 2132 quod
1314 2095 1421 2123 etiamsi
1441 2094 1516 2130 pravi
1541 2095 1597 2123 sint
1617 2095 1663 2131 qui

871 2148 951 2176 opera
963 2144 1055 2168 nostra
1070 2140 1204 2176 indigent,
1221 2147 1272 2168 nos
1286 2148 1341 2168 non
1355 2139 1521 2168 desistamus
1534 2139 1664 2168 beneﬁcia

35 2181 119 2216 αὺτοῖς.
137 2185 190 2214 Καὶ
213 2183 262 2220 τὴν
286 2184 425 2224 δαψίλειαν
443 2183 471 2212 δὲ
487 2182 533 2212 καὶ
548 2183 595 2218 τὴν
621 2184 728 2219 διηνεκῆ
742 2183 813 2224 δάσιν
829 2188 855 2220 D
870 2186 917 2214 illis

895 2186 920 2213 is
944 2185 1089 2221 impertiri.
1112 2185 1320 2213 Abundantiam
1340 2189 1432 2213 autem
1453 2189 1481 2213 et
1503 2185 1664 2214 continuam

34 2225 141 2265 ίμῖιαίνει
163 2228 207 2258 διὰ
235 2231 281 2257 τοῦ
309 2222 404 2268 φάναι,
438 2227 476 2266 μὴ
503 2229 555 2257 δεῖν
582 2228 713 2258 ἐκκακεῖν.
746 2222 815 2258 Εἶτα

33 2269 112 2306 ἐπειδὴ
124 2272 191 2311 μέγα
203 2272 343 2313 ἆπῇτησε,
367 2273 452 2309 τίθησι
471 2273 516 2302 καὶ
540 2272 571 2302 τὸ
592 2272 707 2302 ἔπαθλον
727 2272 815 2310 εὐθὺς,

34 2313 92 2342 ὅτι(
111 2317 271 2357 θερίσομεν.
288 2331 299 2344 ι
329 2319 408 2354 lli-'3‘;
427 2317 475 2352 Μὴ
494 2317 661 2356 ἐκλυόμενοι,
679 2316 815 2353 τουτέστι,

35 2359 123 2395 μηδένα
143 2361 222 2391 κόπον
234 2361 358 2401 ἔχοντες,
383 2362 452 2391 ἄλλᾶ
470 2365 559 2391 πᾶσαν
576 2361 738 2391 ἀνάπαυσιν.
752 2361 815 2391 Ἐν-

34 2406 106 2432 ταῦθα
121 2406 167 2443 μὲν
183 2406 234 2446 γὰρ
250 2407 349 2446 αὐχμοὶ
362 2407 408 2436 καὶ
423 2406 500 2436 κόποι
516 2407 542 2435 ἐν
562 2407 599 2447 τῷ
611 2407 728 2446 θερισμῷ
740 2417 747 2424 '
762 2406 817 2435 ἐκεῖ

36 2446 57 2475 δὲ
68 2448 113 2488 οὐχ
122 2449 211 2483 οὕτως.

74 2491 163 2534 «Ἆρα
180 2490 241 2532 οὖν,
266 2497 301 2530 ὡς
331 2495 424 2536 καιρὸν
453 2495 563 2535 ἔχομεν,
592 2495 764 2535 ἐργαζώμεθα
788 2495 818 2525 τὸ

37 2535 121 2574 ἀγαθὸν
134 2539 196 2579 πρὸς
223 2540 337 2576 πάντας,
359 2535 475 2579 μάλιστα
495 2541 522 2569 δὲ
546 2540 612 2580 πρὸς
626 2539 686 2574 τοὺς
707 2540 818 2575 οἰκείους

37 2581 76 2625 τῆς
88 2583 205 2618 πίστεως.
229 2598 242 2612 ι
261 2584 371 2625 Ὥσπερ
395 2586 442 2615 οὐκ
462 2586 504 2614 ἀεὶ
520 2588 565 2614 τοῦ
582 2584 699 2624 σπείρειν
714 2585 818 2625 καιρὸς,

38 2624 107 2670 οὕτως
120 2628 176 2658 οὐδὲ
187 2632 232 2659 τοῦ
248 2630 330 2659 ἐλεεῖν
341 2641 347 2649 ·
367 2630 413 2660 καὶ
429 2630 553 2666 δηλοῦσιν
572 2630 600 2659 αἱ
615 2629 754 2670 παρθένοι,
772 2630 818 2659 καὶ

39 2669 51 2696 δ
69 2671 191 2713 Λάζαρος.
219 2673 293 2710 Ἕως
317 2670 362 2705 οὖν
382 2674 427 2704 τὸν
443 2676 470 2705 ἰν
484 2674 569 2711 ταύτη
649 2675 704 2715 ζωῇ
728 2674 819 2714 καιρὸν

69 2749 183 2787 'Manh.
199 2766 229 2793 χ,
245 2762 273 2789 5.

868 2231 1011 2259 dationem
1035 2230 1147 2264 indicat,
1173 2238 1237 2258 cum
1256 2230 1306 2264 ait,
1330 2237 1386 2258 non
1408 2234 1516 2266 oportet
1537 2229 1663 2258 deﬁcere.

870 2275 977 2303 Deinde
997 2275 1061 2311 quia
1076 2282 1137 2302 rem
1156 2274 1272 2303 arduam
1293 2274 1450 2310 postulavit,
1474 2274 1569 2302 statim
1583 2275 1665 2302 etiam

870 2320 981 2355 subjicit
994 2319 1151 2355 praemium,
1160 2327 1267 2355 nempe,
1284 2330 1297 2344 ι
1309 2320 1454 2347 Metemus.
1468 2330 1480 2343 ν
1495 2319 1644 2354 Quomodo
1654 2320 1667 2347 ?

870 2365 932 2393 Non
959 2363 1127 2397 deﬁcientes,
1163 2364 1216 2392 hoc
1238 2367 1289 2397 est,
1311 2363 1414 2391 nullam
1440 2362 1667 2400 defatigationem

871 2409 1011 2442 habentes,
1026 2408 1074 2437 sed
1085 2408 1233 2444 perfectam
1254 2408 1383 2444 quietem.
1400 2409 1472 2436 Nam
1482 2408 1528 2436 hic
1543 2408 1571 2437 in
1579 2416 1667 2437 messe

871 2453 1012 2490 squalores
1031 2457 1059 2481 et
1079 2453 1185 2481 labores
1203 2453 1331 2487 ierimus;
1354 2452 1407 2480 illic
1431 2460 1496 2481 vero
1510 2460 1567 2481 non
1590 2453 1667 2482 item.

908 2500 999 2527 Vnus.
1017 2501 1060 2527 12.
1077 2509 1090 2523 ι
1107 2499 1180 2534 Ergo
1201 2497 1269 2526 dum
1283 2502 1392 2534 tempus
1405 2497 1548 2532 habemus,
1569 2506 1668 2535 opere-

872 2551 936 2572 mur
955 2543 1058 2571 bonum
1075 2551 1140 2579 erga
1160 2550 1268 2576 omnes,
1288 2542 1407 2570 maxime
1421 2547 1515 2571 autem
1538 2551 1602 2579 erga
1616 2542 1670 2571 do-

871 2588 1001 2617 mesticos
1019 2587 1093 2616 ﬁdei.
1116 2599 1129 2614 ››
1151 2589 1191 2616 Ut
1203 2595 1258 2615 non
1278 2595 1386 2624 semper
1405 2592 1448 2615 est
1462 2592 1572 2624 tempus
1585 2588 1668 2616 semi-

872 2633 966 2667 nandi,
985 2633 1024 2662 sic
1044 2640 1134 2668 neque
1149 2632 1298 2661 miserandi
1316 2641 1324 2660 :
1346 2631 1373 2660 id
1391 2633 1465 2668 quod
1479 2632 1599 2660 indicant
1611 2631 1668 2660 vir-

872 2678 949 2713 gines
962 2681 990 2707 et
1010 2679 1141 2706 Lazarus.
1164 2677 1309 2713 Tantisper
1328 2685 1394 2713 ergo
1413 2677 1482 2705 dum
1497 2677 1525 2705 in
1541 2676 1593 2704 hac
1612 2677 1667 2704 vita

720 2806 815 2836 Variae
835 2805 986 2837 lectiones.

69 2845 89 2863 ”
101 2849 218 2885 ἐπιθυμίας
234 2858 250 2877 0
255 2872 262 2878 .
