1877 3081
233 176 300 206 1027

230 239 310 268 nobis
322 244 432 276 tempus
449 244 587 276 superest,
601 240 704 269 nedum
716 249 779 278 erga
801 246 982 278 praeceptores
993 249 1024 269 ac
1038 244 1063 275 Α

231 285 370 318 doctores,
384 293 478 316 verum
493 285 575 313 etiam
591 293 654 322 erga
669 286 784 315 Graecos
799 291 826 314 et
837 287 959 320 Judaeos,
973 286 1026 314 bo-

229 338 296 358 num
316 337 472 366 operemur,
489 330 541 358 hoc
561 334 612 365 est,
628 331 837 359 beneﬁcentiam
859 335 887 359 et
909 332 1025 359 eleemo-

228 382 335 411 synam.
359 376 422 402 Non
435 378 528 403 tamen
543 374 671 403 eamdem
685 383 736 403 nos
750 383 910 404 mensuram
926 375 1026 404 habere

229 423 339 455 oportet
352 427 416 455 erga
429 419 490 454 hos,
510 424 592 456 atque
605 419 670 448 ﬁdei
682 419 860 453 domesticos,
881 421 929 449 sed
944 421 1025 457 longe

230 464 365 500 majorem
385 464 571 492 liberalitatem
586 464 712 493 ﬁdelibus
734 465 863 493 exhibere
886 465 1023 494 convenit.

230 509 291 538 Hoc
313 509 386 537 enim
412 509 502 537 innuit
523 517 585 537 cum
600 509 649 544 ait,
681 521 694 534 «ι
710 510 840 537 Maxime.
866 521 878 534 ιι
903 510 1024 539 Observa

230 558 322 582 autem
343 553 484 589 quomodo
507 554 590 582 etiam
604 554 657 582 hoc
679 554 798 582 abducat
819 562 893 583 eosa
910 555 1024 583 Iudaica

231 598 349 633 vilitate;
368 598 504 635 siquidem
521 599 563 627 lex
581 607 644 635 erga
659 599 826 627 contribules
839 607 904 628 suos
916 604 1024 628 tantum

230 643 315 671 modo
334 643 475 679 aperiebat
497 643 614 677 viscera;
636 644 722 679 gratia
741 652 805 672 vero
819 648 923 672 terram
944 645 1024 672 simul

231 692 258 715 et
273 696 349 716 mare
368 688 402 716 ad
418 689 601 724 eleemosynae
616 688 700 724 364
714 697 840 716 mensam
863 693 952 724 vocat,
973 689 1023 717 etsi

231 741 286 760 non
303 733 359 768 pari
377 732 461 760 modo
476 733 516 760 vel
539 733 652 767 ratione,
668 738 698 761 ut
712 733 817 761 dictum
832 737 882 761 est.

267 778 354 806 Vsus.
368 780 412 805 ιι.
429 790 440 802 ι
453 777 549 806 Videte
565 778 690 814 qualibus
706 778 782 806 vobis
797 778 892 806 litteris
910 779 1024 814 scripse-

232 822 284 850 rim
305 829 368 850 mea
390 830 484 850 manu.
501 834 514 847 ι
530 823 601 850 Cum
617 831 700 858 pauca
711 823 744 850 ad
761 830 852 851 mores
860 823 1024 859 pertinentia

231 866 356 900 dixisset,
387 867 487 895 iterum
509 867 543 895 ad
571 867 660 903 priora
684 867 763 902 redit,
789 876 851 904 quae
869 876 917 895 cor
941 868 1026 904 ipsius

231 911 412 945 lancinabant,
435 912 593 946 ostendens,
617 912 691 947 quod
706 920 754 940 sua
771 920 854 940 manu
877 912 947 940 hanc
962 913 1027 949 Epi—
1042 929 1065 959 Β

231 957 330 984 stolam
349 960 438 984 totam
455 957 660 993 conscripserit,
674 965 733 985 non
753 962 783 984 ut
804 956 967 986 charitatem
982 965 1024 985 so-

231 1001 375 1030 lummodo
401 1009 464 1038 erga
492 1009 540 1030 eos
560 1002 742 1036 demonstret,
769 1010 864 1030 verum
889 1002 971 1030 etiam
997 1007 1026 1030 ut

231 1045 418 1081 suspicionem
434 1046 536 1073 malam
559 1046 647 1073 tollat.
663 1046 877 1082 Vituperabatur
889 1047 962 1074 cnim
976 1054 1025 1074 ceu

232 1089 283 1118 alia
296 1090 369 1126 apud
384 1091 453 1119 alios
467 1090 637 1126 prmdicaret.
660 1089 782 1119 Adactus
793 1095 835 1119 est
854 1091 936 1127 igitur
950 1092 1025 1119 testi-

232 1135 360 1164 monium
381 1143 440 1164 suae
471 1135 673 1172 praedicationis
696 1135 724 1163 in
755 1136 864 1172 scriptis
886 1136 1025 1164 exhibere.

232 1180 315 1216 Atqui
337 1184 450 1208 caeteras
473 1180 602 1216 epistolas
616 1179 661 1208 alii
676 1179 840 1214 scribebant,
863 1180 919 1216 ipse
936 1185 1026 1208 autem

233 1224 349 1253 fortasse
362 1225 558 1252 salutationem
572 1225 660 1253 solam
674 1225 814 1253 exarabat.
829 1237 841 1249 ιι
855 1225 1024 1262 Qualibus,»

233 1277 290 1297 non
309 1273 351 1297 est
372 1269 567 1306 magnitudinis
593 1269 735 1304 indicium,
766 1269 814 1298 sed
845 1269 1028 1298 deformitatis

234 1314 400 1349 litterarum;
426 1314 536 1350 perinde
559 1314 636 1350 quasi
663 1314 767 1343 diceret
799 1323 805 1342 :
834 1315 947 1343 Etiamsi
972 1323 1027 1343 non

234 1359 336 1394 possim
363 1359 500 1396 elegantes
525 1359 699 1388 characteres
722 1359 836 1393 ducere,
853 1364 963 1387 coactus
988 1364 1027 1387 ta-

234 1412 297 1431 men
309 1412 370 1432 sum
383 1404 492 1440 propria
507 1412 592 1432 manu
607 1404 759 1440 Epistolam
773 1404 901 1433 scribere.

270 1449 360 1477 Vnus.
378 1452 420 1476 12.
439 1459 452 1474 ‹‹
464 1448 625 1484 Quicunque
637 1449 731 1476 volunt
743 1449 847 1484 placere
857 1449 885 1476 in
894 1456 986 1483 carne,
999 1449 1028 1477 hi

232 1498 333 1528 cogunt
341 1501 387 1521 vos
394 1493 561 1525 circumcidi,
574 1505 585 1516 ιι
597 1509 632 1513 -
642 1505 653 1518 ιι
662 1494 814 1529 Quotquot,
826 1506 837 1517 »ι
847 1494 941 1530 inquit,
951 1506 963 1518 ι
975 1495 1029 1523 cla-

233 1546 339 1566 rescere
356 1538 450 1566 volunt
471 1538 500 1565 in
519 1545 613 1572 carne,
630 1549 642 1562 ιι
669 1538 720 1566 Ιιοσ
735 1543 790 1572 est,
804 1539 876 1574 apud
892 1539 1027 1574 homines,
1044 1552 1067 1584 ο

233 1583 344 1611 Judzeos
357 1583 491 1610 nimirum
505 1582 617 1618 (probro
631 1582 705 1611 enim
717 1583 760 1610 his
773 1583 844 1619 apud
861 1583 971 1612 Iudaeos
981 1585 1028 1612 da-

234 1627 323 1660 batur,
339 1627 413 1662 quod
423 1635 438 1655 a
449 1627 584 1663 majorum
600 1635 712 1655 suorum
723 1628 970 1657 consuetudinibus
983 1629 1028 1657 dc-

235 1671 372 1706 ﬁcerent),
390 1682 402 1696 «
418 1671 456 1699 illi
471 1675 574 1707 cogunt
585 1679 633 1699 vos
642 1672 810 1706 circumcidi,
825 1684 837 1696 ι
849 1672 1026 1702 defendentes

233 1724 291 1744 sese
304 1716 376 1752 apud
394 1716 506 1745 Iudaeos
520 1724 567 1752 per
581 1721 701 1745 vestram
716 1725 837 1745 carnem.
852 1719 921 1746 Cum
933 1723 1028 1746 autem

233 1761 281 1796 ait,
301 1771 315 1788 α
329 1762 437 1798 Cogunt
445 1769 505 1796 vos,
517 1773 529 1785 ι›
544 1762 664 1790 ostendit
676 1762 749 1797 ipsos
767 1762 912 1791 hocinvite
922 1771 1028 1799 passos,

234 1807 358 1843 pratbeus
367 1807 406 1835 eis
418 1806 591 1835 occasionem
605 1807 772 1841 revertendi,
784 1812 814 1835 ut
830 1808 875 1844 qui
888 1816 961 1836 nunc
971 1817 1028 1836 non

234 1851 387 1880 voluntario
410 1855 511 1880 errent.

271 1909 283 1922 ι
304 1898 439 1931 Tantum,
452 1901 484 1925 ut
498 1905 554 1925 non
567 1896 603 1924 ob
619 1904 730 1925 crucem
746 1897 848 1926 Christi
865 1899 1029 1933 persecutio-

234 1949 298 1970 nem
321 1942 468 1977 patiantur.
497 1953 509 1966 ι»
544 1944 657 1977 Propter
681 1942 762 1970 aliam
794 1942 877 1970 etiam
905 1951 1027 1977 causam,

235 1986 333 2022 inquit,
346 1986 399 2014 hoc
411 1986 521 2014 faciunt.
536 1988 577 2015 Ne
590 1986 662 2014 enim
676 1995 725 2023 pro
740 1995 820 2015 cruce
833 1991 860 2015 et
869 1986 923 2015 ﬁde
937 1995 1029 2023 perse-

233 2031 371 2060 cutionem
384 2031 523 2067 patiantur
544 2035 573 2059 et
591 2031 762 2065 divexentur,
776 2032 861 2060 veluti
875 2032 944 2059 hanc
958 2040 1024 2067 pra:-

235 2076 396 2108 varicantes,
411 2079 439 2104 et
461 2075 627 2110 circumcisi,
642 2077 739 2105 volunt
760 2081 788 2105 et
801 2077 870 2104 alios
884 2077 1029 2105 circumci-

233 2120 316 2148 sionis
330 2120 432 2149 habere
452 2121 552 2149 socios.

269 2167 360 2194 Vsus.
386 2168 430 2194 13.
454 2177 466 2190 ι
492 2167 585 2202 Neque
610 2165 686 2194 enim
711 2167 758 2202 qui
783 2166 1028 2201 circumciduntur,
1044 2188 1069 2219 Β

235 2211 322 2247 legem
336 2211 509 2245 custodiunt;
530 2210 580 2240 sed
596 2211 689 2239 volunt
705 2219 752 2239 vos
766 2211 942 2246 circumcidi,
958 2216 988 2240 ut
1003 2212 1030 2240 in

232 2264 312 2284 carne
326 2260 415 2285 vestra
439 2256 601 2292 glorientur.
630 2267 642 2280 ιι
669 2257 730 2284 Νοιι
755 2257 856 2290 solum,
883 2256 982 2292 inquit,
1000 2260 1032 2284 ut

232 2301 387 2329 hominibus
400 2301 534 2336 placeant,
558 2301 617 2328 haec
633 2300 746 2334 faciunt,
764 2309 859 2328 verum
869 2301 952 2329 etiam
969 2309 1032 2337 pro-

234 2351 292 2382 pter
315 2346 503 2373 ambitionem.
528 2347 591 2373 Non
614 2346 688 2373 enim
710 2353 742 2373 ex
766 2346 824 2374 zclo
845 2354 907 2382 erga
929 2347 1029 2382 legem,

232 2399 321 2427 neque
335 2390 444 2427 pietatis
457 2398 532 2426 ergo,
556 2391 653 2426 inquit,
673 2390 764 2418 isthuc
777 2394 872 2427 agunt,
892 2390 940 2419 sed
954 2399 1030 2419 vana:

232 2435 339 2471 gloriae,
364 2447 377 2459 ι
391 2435 431 2463 Ut
444 2435 471 2462 in
492 2439 579 2462 vestra
595 2443 679 2463 carne
691 2435 842 2471 glorientur
857 2443 864 2463 :
882 2446 895 2460 ι»
911 2435 963 2464 hoc
977 2440 1030 2471 est,

233 2481 274 2509 Ut
287 2480 315 2508 in
326 2479 539 2508 circumcisione
553 2479 643 2507 carnis
655 2483 753 2507 vestrae
764 2479 868 2515 jactent
880 2487 950 2515 sese,
970 2484 1031 2508 tan-

230 2533 315 2562 quam
337 2524 463 2553 doctores
486 2528 603 2559 vestros,
618 2528 645 2552 et
661 2524 708 2560 qui
728 2532 776 2552 vos
799 2523 948 2560 discipulos
966 2533 1031 2554 suos

233 2570 362 2599 habeant.

269 2618 357 2645 Vens.
379 2618 423 2644 14.
454 2625 467 2641 ‹‹
489 2614 556 2642 Mihi
576 2618 668 2642 autem
694 2613 764 2642 absit
787 2613 910 2650 gloriari,
933 2614 986 2642 nisi
1003 2614 1031 2642 in

231 2670 312 2690 cruce
331 2660 446 2690 Domini
467 2660 553 2687 nostri
576 2660 640 2687 Jesu
654 2659 763 2687 Christi.
781 2668 796 2686 in
820 2659 874 2693 Illi,
890 2659 988 2695 inquit,
1004 2660 1033 2687 in

232 2706 440 2736 circumcisione
461 2705 625 2742 gloriantur,
650 2712 679 2732 re
702 2704 803 2733 abolita
827 2707 855 2733 et
880 2704 1031 2740 antiquata,

723 176 980 207 THEOPHYLACTI
999 176 1177 205 BULGARl/‘E
1197 176 1352 204 ARCHIEP.

1788 177 1837 205 1θ28

1078 240 1193 280 ἔχομεν,
1217 239 1254 278 μὴ
1280 239 1358 277 μόνον
1371 237 1435 278 πρὸς
1452 237 1643 274 διδασκάλους,
1661 237 1726 267 ἀλλὰ
1743 237 1838 279 καὶπρὸς

1076 283 1213 321 Ἵὶλληνας
1227 283 1273 313 καὶ
1289 283 1432 316 Ἰουδαίους
1443 283 1473 313 τὸ
1485 282 1583 321 ἀγαθὸν
1596 282 1758 322 ἐργαζώμεθα
1766 305 1774 321 ,
1783 295 1838 312 τονι-

1078 331 1142 366 ἐστι,
1170 328 1217 365 τὴν
1232 329 1349 358 εὐποιίαν
1360 350 1369 365 ,
1385 327 1433 363 τὴν
1455 327 1648 366 ἐλεημοσύνην.
1668 328 1709 357 Οὐ
1724 327 1798 366 μέντοι
1815 329 1839 367 τῷ

1079 375 1151 415 αὐτῷ
1182 373 1270 414 μέτρῳ
1296 374 1334 403 δεῖ
1363 375 1480 413 χρᾶσθαι
1505 372 1571 412 πρὸς
1601 371 1707 405 τούτους
1739 373 1779 402 καὶ
1798 372 1840 405 τοὺς

1078 420 1188 452 οἰκείους
1203 421 1250 455 τῆς
1277 418 1406 454 πίστεως,
1434 417 1503 447 ἀλλὰ
1529 417 1640 448 πλείονα
1659 418 1706 453 τὴν
1719 417 1839 457 φιλοτιμίαν

1078 464 1141 505 πρὸς
1168 463 1228 498 τοὺς
1252 463 1360 497 πιστοὺς
1387 462 1596 492 ἐπιδείκνυσθαι.
1623 463 1708 493 Τοῦτο
1726 462 1770 502 γὰρ
1786 463 1841 497 δηλοῖ

1079 510 1121 539 διὰ
1136 512 1197 549 τοῦ,
1219 522 1231 535 ε
1258 508 1396 539 Μάλιστα.
1411 521 1424 533 ν
1445 507 1521 547 Ὅρα
1536 507 1582 543 δὲ,
1603 508 1659 540 πῶς
1680 507 1724 536 καὶ
1742 508 1764 536 ἐν
1777 507 1840 546 τούτῳ

1078 554 1176 593 ἀπάγει
1200 553 1294 586 αὐτοὺς
1309 555 1355 589 τῆς
1380 552 1528 587 Ἰουδαϊκῆς
1554 551 1752 589 ταπεινότητος,
1767 551 1818 589 εἴγε
1831 553 1840 580 δ

1079 599 1127 638 μὲν
1139 599 1216 636 νόμος
1232 598 1296 639 πρὸς
1316 597 1376 632 τοὺς
1390 598 1539 637 ὁμοφύλους
1557 596 1646 635 ἤνοιγε
1664 596 1697 625 τὰ
1711 597 1840 635 σπλάγχνπε

1077 647 1094 680 ἡ
1120 644 1148 673 δὲ
1175 643 1252 684 χάρις
1279 645 1329 683 γῆν
1344 644 1410 681 ὁμοῦ
1442 642 1488 671 καὶ
1514 641 1651 671 θάλασταν
1681 641 1722 671 ἐπὶ
1747 641 1788 676 τὴν
1808 642 1841 675 τῖς

1077 688 1254 728 ἐλεημοσύνης
1278 688 1358 717 καλεῖ
1375 687 1525 726 τράπεζαν,
1550 688 1574 715 εἰ
1600 686 1646 716 καὶ
1671 685 1708 725 μὴ
1726 684 1797 725 ὁμοίῳ
1814 686 1840 723 τῷ

1079 734 1168 774 μέτρῳ
1178 757 1186 770 ,
1201 733 1269 762 καθὰ
1286 732 1401 772 εἴρηται.

1123 789 1137 807 (ι
1150 778 1235 808 Ἴδετε
1259 777 1379 813 πηλίκοις
1394 776 1456 814 ὑμῖν
1473 775 1628 815 γράμμασιν
1651 775 1749 815 ἔγραψα
1803 774 1840 812 ἐμῇ

1078 823 1158 864 χειρί.
1179 836 1191 848 υ
1211 822 1310 861 Ὀλίγα
1327 824 1363 854 εἰς
1383 821 1413 850 τὸ
1440 820 1532 856 ἠθικὸν
1561 818 1659 856 εἰπὼν,
1684 819 1758 848 πάλιν
1772 818 1806 848 ἐπὶ
1817 818 1840 846 τὰ

1079 863 1194 908 πρότερα
1211 867 1402 907 ἐπανέρχεται,
1414 865 1447 895 τὰ
1459 865 1588 895 δάκνοντα
1604 866 1684 894 aii-:03
1700 863 1724 882 ²⁹
1733 863 1775 898 τὴν
1790 875 1841 902 καρ-

1080 913 1153 950 δίαν,
1174 913 1220 942 καὶ
1240 912 1316 948 δηλοῖ
1329 912 1369 940 δτι
1384 911 1460 944 αὐτὸς
1474 910 1558 950 οἰκεία
1575 909 1646 950 χειρὶ
1658 909 1685 928 ³⁰
1706 909 1791 949 ἔγραψε
1808 908 1841 943 τὴν

1080 957 1243 992 Ἐπιστολὴν
1256 962 1364 995 πᾶσαν,
1388 957 1437 995 οὐχ
1456 955 1500 984 ἵνα
1524 955 1631 994 ἀγάπην
1657 954 1734 992 μόνον
1754 951 1842 987 ἐνδείξη-

1080 1015 1124 1032 ται
1150 1002 1214 1042 πρὸς
1239 1002 1347 1037 αὐτοὺς,
1379 1002 1438 1030 ἀλλ’
1472 1000 1517 1029 ἵνα
1543 999 1589 1028 καὶ
1612 998 1727 1038 ὑποψίαν
1752 997 1842 1036 πονηρὰν

1081 1048 1171 1087 ἀνέλῃ.
1187 1046 1349 1076 Διεϐάλλετο
1368 1046 1414 1075 καὶ
1428 1046 1463 1078 ὡς
1478 1044 1548 1073 ἄλλα
1572 1045 1695 1083 ἀλλαχοῦ
1719 1042 1844 1082 κηρύττων*

1080 1086 1235 1130 ἠναγκάσθη
1267 1086 1312 1120 οὖν
1348 1089 1497 1131 μαρτυρίαν
1533 1088 1668 1128 ἔγγραφον
1704 1087 1785 1118 θέσθαι
1813 1088 1844 1116 re?

1080 1136 1176 1166 οἰκείου
1211 1135 1388 1176 κηρύγματος.
1421 1134 1517 1164 Καίτοι
1548 1133 1594 1166 τὰς
1628 1133 1711 1165 ἄλλας
1735 1131 1845 1163 ἐπιστολὰς

1082 1181 1157 1211 ἄλλοι
1178 1180 1305 1220 ἔγραφον,
1330 1180 1408 1213 αὐτὸς
1424 1179 1450 1208 δὲ
1468 1180 1490 1208 εἰ
1512 1178 1562 1218 ἄρα
1577 1177 1621 1207 τὸν
1637 1177 1775 1215 ἀσπασμὸν
1787 1176 1844 1214 μόνον

1081 1225 1187 1266 ἔγραφε.
1211 1226 1251 1256 Τὸ
1266 1225 1311 1261 δὲ,
1340 1238 1352 1251 α
1383 1223 1527 1261 Πηλίκοις,
1546 1236 1557 1248 ιι
1576 1224 1604 1252 οὖ
1619 1222 1741 1260 μεγέθους
1756 1220 1802 1250 ἐστὶ
1814 1221 1845 1254 δη-

1081 1265 1207 1308 λωτικὸν,
1247 1270 1315 1299 ἀλλὰ
1343 1271 1390 1304 τῆς
1432 1267 1564 1309 ἀμορφίας
1598 1269 1651 1295 τῶν
1692 1265 1845 1305 γραμμάτωνγ

1081 1314 1145 1344 ὡσεὶ
1172 1315 1276 1353 ἔλεγεν·
1319 1314 1414 1343 Καίτοι
1443 1312 1480 1351 μὴ
1511 1311 1586 1345 εἰδὼς
1618 1311 1714 1350 ἄριστα
1749 1309 1847 1348 γράοιιν,

1082 1359 1153 1398 ὅμως
1188 1358 1360 1397 ἠναγκάσθην
1385 1357 1522 1397 ἷδιόχειρον
1551 1356 1600 1392 τὴν
1627 1354 1783 1390 Ἐπιστολὴν
1802 1354 1848 1392 γρά-

1082 1405 1142 1444 ψαι·
1764 1443 1767 1444 ,
1809 1438 1822 1444 -

1127 1459 1142 1477 ι(
1156 1448 1238 1478 Ὅσοι
1252 1447 1372 1477 θέλουσιν
1387 1447 1595 1487 εὖπροσωπῆσαι
1610 1445 1632 1464 ³⁵
1651 1445 1680 1474 ἐν
1698 1443 1788 1484 σαρκὶ,
1799 1443 1849 1471 οὗτοι

1084 1493 1275 1532 ἀναγκάζουσιν
1287 1494 1355 1531 ὑμᾶς
1365 1491 1578 1531 περιτέμνεσθαι.
1588 1503 1601 1516 υ
1611 1506 1650 1512 —
1658 1488 1782 1525 ιὈσοι,η
1793 1487 1848 1528 φησὶ,

1086 1550 1101 1565 ι
1116 1538 1233 1567 θέλουσιν
1248 1538 1395 1574 εὐδοκιμεῖν
1406 1537 1433 1566 ἐν
1447 1535 1542 1575 σαρκὶ,
1558 1546 1571 1563 ιι
1591 1535 1728 1571 τουτέστι,
1744 1532 1808 1572 παρὰ
1820 1533 1849 1559 ’ἱν-

1082 1582 1210 1622 θρώποις,
1220 1583 1273 1616 τοῖς
1288 1581 1425 1614 Ἰουδαίοις
1440 1580 1542 1617 δηλαδὴ
1555 1580 1736 1619 (ὠνειδίζοντο
1746 1577 1791 1618 γὰρ
1803 1577 1849 1622 παρ’

1083 1627 1171 1660 αὖτοῖς
1188 1629 1223 1660 ὥς
1245 1628 1296 1655 τῶν
1321 1627 1458 1666 πατρικῶν
1475 1624 1639 1658 ἀποστάντες
1660 1625 1750 1660 ἐθῶν),
1776 1635 1787 1647 ι
1802 1623 1851 1650 οὗτοι

1083 1671 1276 1711 ἀναγκάζουσιν
1301 1673 1369 1709 ὑμᾶς
1392 1670 1610 1711 περιτέμενσθαι,
1635 1680 1650 1697 ιι
1671 1666 1851 1706 ἀπολογούμενοι

1083 1710 1145 1749 τοῖς
1160 1716 1296 1749 Ἰουδαίοις
1311 1715 1354 1745 διὰ
1376 1710 1566 1755 ἧςνῦμετέρας
1590 1713 1699 1753 σαρκός.
1725 1726 1738 1739 ι
1753 1710 1851 1749 Ἁναγκσί-

1083 1762 1154 1795 ζουσι
1169 1771 1183 1789 ι)
1213 1761 1256 1797 δὲ,
1289 1760 1384 1796 εἰπὼν,
1410 1759 1508 1793 ἔδειξεν
1537 1758 1631 1792 αὐτοὺς
1664 1758 1773 1790 ἄκοντας
1796 1756 1851 1784 τοῦτο

1083 1805 1277 1844 ὑπομένοντας,
1295 1804 1421 1845 παρέχων
1440 1805 1527 1837 αὐτοῖς
1545 1802 1670 1843 ἀφορμὴν
1685 1800 1852 1841 ἀναχωρήσεως

1084 1851 1118 1884 ὡς
1129 1853 1173 1879 νῦν
1187 1849 1316 1883 ἀκουσίως
1332 1849 1537 1890 σφαλλομένοις.

1123 1909 1135 1921 ιι
1161 1895 1248 1924 Μόνον
1259 1895 1302 1924 ἵνα
1322 1894 1359 1932 μὴ
1379 1895 1416 1934 τῷ
1434 1894 1539 1932 σταυρῷ
1554 1894 1602 1921 τοῦ
1621 1893 1741 1932 Χριστοῦ
1761 1889 1853 1920 διώκων·

1083 1951 1138 1969 ται.
1156 1953 1168 1964 ι
1184 1939 1240 1969 Καὶ
1255 1940 1288 1968 δι’
1304 1938 1412 1978 ἑτέραν,
1433 1939 1528 1978 φησὶν,
1541 1937 1628 1967 αἰτίαν
1652 1939 1730 1966 τοῦτο
1745 1936 1851 1978 ποιοῦσιν

1083 1983 1126 2013 ἵνα
1141 1983 1193 2024 γὰρ
1209 1983 1247 2022 μὴ
1272 1983 1323 2012 ὕπὸ
1342 1986 1388 2013 τοῦ
1404 1985 1518 2023 σταυροῦ
1542 1982 1588 2011 καὶ
1611 1983 1660 2017 τῆς
1679 1981 1788 2012 πίστεως
1807 1976 1855 2007 διώ-

1083 2040 1195 2065 κωνται,
1219 2028 1264 2058 καὶ
1279 2028 1459 2063 ἐλαύνωνται,
1475 2029 1509 2060 ὥς
1534 2027 1634 2062 ταύτην
1650 2024 1851 2065 παραϐαίνοντεὴ

1084 2073 1129 2102 καὶ
1154 2073 1388 2113 περιτεμνόμενοι,
1404 2072 1524 2102 θέλουσιν
1539 2071 1609 2112 ἔχειν
1632 2071 1680 2101 καὶ
1701 2070 1799 2109 ἑτέρους
1813 2078 1854 2096 καί·

1083 2117 1178 2151 νωνοὺς
1191 2120 1238 2154 τῆς
1252 2119 1408 2159 περιτομῆς.
1659 2160 1665 2164 Δ
1711 2159 1716 2164 _
1809 2158 1816 2164 ι
1830 2154 1834 2164 Ι

1127 2174 1142 2192 σ
1157 2162 1226 2194 Οὐδὲ
1241 2158 1293 2202 γὰρ
1313 2163 1336 2192 οἱ
1352 2161 1568 2202 περιτεμνόμενοι
1592 2160 1670 2190 αὐτοὶ
1686 2159 1764 2198 νόμον
1781 2158 1853 2198 φυλάς·

1083 2209 1188 2243 λουσιν,
1222 2207 1291 2236 ἀλλὰ
1317 2201 1436 2236 θέλουσιν
1461 2207 1530 2245 ὑμᾶς
1552 2205 1771 2246 περιτέμνεσθαι,
1785 2201 1853 2250 ἴνα-ἐν

1083 2255 1116 2292 τῇ
1132 2251 1247 2291 ὑμετέρα
1262 2251 1342 2290 σαρκὶ
1367 2250 1569 2291 καυχήσωνται.
1596 2260 1611 2279 n
1630 2251 1673 2280 Οὖ
1689 2249 1779 2288 μόνον,
1791 2256 1853 2286 φησιν

1085 2297 1118 2325 δι’
1130 2296 1375 2336 ἁνθρωπαρέσκειαν
1383 2320 1393 2332 ,
1415 2295 1484 2324 ἀλλὰ
1499 2295 1545 2324 καὶ
1564 2293 1607 2323 διὰ
1631 2294 1778 2334 φιλοδοξίαν
1792 2292 1854 2319 ταῦτα

1085 2335 1215 2371 ποιοῦσιν.
1241 2341 1281 2372 Οὐ
1295 2341 1346 2380 γὰρ
1369 2340 1440 2369 κατὰ
1458 2341 1536 2380 ζῇλον
1563 2339 1606 2369 τὸν
1631 2339 1701 2378 ὓπερ
1727 2340 1769 2368 τοῖ’)
1783 2335 1854 2380 νόμους

1085 2385 1143 2415 οὐδὲ
1159 2385 1243 2415 ἕνεκεν
1260 2385 1407 2423 εὐσεϐείας,
1428 2384 1509 2425 φησὶ,
1525 2386 1601 2413 τοῦτο
1620 2383 1787 2422 ἐργάζονται,
1805 2377 1853 2429 ἀλλὰ

1085 2429 1128 2460 διὰ
1144 2430 1308 2470 φιλοδοξίαν,
1335 2443 1347 2456 α
1363 2428 1423 2460 Ἵνα
1440 2430 1467 2458 ἐν
1542 2427 1659 2468 ὑμετέρᾳ
1675 2427 1754 2467 σαρκὶ
1775 2427 1852 2470 καυχή-

1085 2486 1202 2504 σωνται·
1218 2488 1230 2502 ι
1254 2474 1399 2512 τουτέστιν,
1425 2473 1486 2504 Ἵνα
1513 2474 1539 2502 ἐν
1560 2474 1598 2513 τῷ
1628 2472 1798 2502 κατακόπτειν
1820 2467 1851 2499 τῆν

1085 2520 1214 2561 ὑμετέραν
1231 2520 1319 2560 σάρκα
1335 2519 1544 2560 καυχήσωνται,
1560 2519 1597 2552 ὡς
1621 2518 1776 2548 διδάσκαλοι
1790 2513 1852 2552 ὗμὲἶινι

1085 2565 1131 2595 καὶ
1147 2564 1267 2604 μαθητὰς
1280 2567 1349 2604 ὑμᾶς
1365 2564 1480 2604 ἔχοντες.
1767 2605 1771 2606 7
1800 2603 1806 2606 _
1840 2599 1852 2606 __

1128 2621 1144 2638 α
1161 2609 1243 2648 Ἐμοὶ
1268 2609 1296 2639 δὲ
1322 2609 1359 2648 μὴ
1379 2603 1486 2649 γένοιτο
1508 2610 1676 2648 καυχᾶσθαι,
1704 2609 1726 2636 εἰ
1743 2605 1778 2645 μὴ
1797 2603 1853 2637 Et“?

1086 2657 1193 2695 σταυρῷ
1210 2657 1255 2684 τοῦ
1284 2654 1383 2694 Κυρίου
1412 2655 1490 2692 ἡμῶν
1512 2653 1600 2689 Ἰησοῦ
1619 2654 1749 2691 Χριστοῦ.
1770 2649 1854 2695 ι-Ειιῦ

1087 2711 1128 2729 νοι
1144 2693 1210 2738 μὲν,
1239 2693 1336 2741 qam-iv,
1355 2699 1382 2728 ἐν
1398 2700 1531 2739 περιτομῇ
1551 2699 1726 2738 καυχῶνται,
1746 2693 1853 2736 πρᾶτμιτι

931 2766 1027 2798 Varia
1047 2767 1203 2799 lectiones.

268 2818 291 2838 "
304 2819 340 2848 ἴσ.
355 2819 435 2848 αὖτῶν
452 2826 481 2848 o.
522 2817 545 2836 ⁸ο
561 2817 730 2855 οἰκειοχειρως
743 2824 772 2847 0.
809 2816 829 2835 ³¹
841 2816 982 2853 εὖδοκιμεῖν
992 2824 1020 2845 o.
