1877 3081
51 169 111 197 1029

483 167 657 195 EXPOSI'I‘IO
677 166 710 194 IN
732 167 833 194 EPIST.
855 168 900 195 AD
920 169 1041 198 GALAT.
1063 186 1097 191 ——
1117 171 1192 199 CAP.
1212 171 1258 199 γι.

1612 175 1683 201 1030

48 229 247 269 κατηργημένῳ·
271 229 329 267 ἐμοὶ
347 230 374 259 δὲ
394 229 433 267 μὴ
448 229 549 269 γένοιτο
564 230 591 258 ἐν
607 229 681 270 ἄλλῳ
697 229 747 259 τινὶ
761 241 828 259 καυ-
846 231 871 263 Λ
888 230 939 258 mill

926 230 953 258 hi
977 236 1068 261 autem
1088 241 1145 262 non
1165 234 1306 270 contingat
1327 234 1354 261 in
1375 234 1426 262 ulla
1444 235 1495 262 alia
1508 243 1538 263 re
1556 236 1681 271 gloriari,

47 278 154 314 χᾶσθαι,
169 287 180 300 κ
199 275 231 304 Εἰ
258 275 295 312 μὴ
325 275 351 304 ἐν
380 275 418 314 τῷ
433 276 540 314 σταυρῷ
566 277 611 304 τοῦ
633 274 732 314 Κυρίου
754 276 831 313 ἡμῶν

47 322 125 355 Ἰησοῦ
147 320 263 358 Χριστοῦ
287 331 300 344 ι
323 318 468 357 (τουτέστιν
494 320 520 348 ἐν
537 321 571 359 τῇ
587 320 623 353 εἷς
638 319 682 349 τὸν
697 320 832 358 ἐσταυρω-

46 365 116 402 μένον
149 363 252 402 πίστει)
288 364 326 403 τῷ
356 363 400 393 τὸν
429 363 508 402 νόμον
542 363 753 404 καταργήσαντι.
787 363 833 396 Ὡς

47 408 250 448 ἀπηγορευμένον
270 408 299 438 δέ
323 420 348 437 τι
373 408 527 445 ἐπηύξατο,
550 408 595 438 καὶ
622 407 669 444 τὴν
690 410 736 438 τοῦ
761 409 831 438 Θεοῦ

46 453 194 492 συμμαχίαν
207 453 321 485 καλέσας
337 454 373 487 εἷς
396 456 484 484 τοῦτο.
502 455 565 487 Πῶς
594 453 621 482 δὲ
643 453 779 493 χαυχᾶταί
794 465 832 485 τις

46 499 84 527 ἐπὶ
97 499 134 538 τῷ
148 499 270 538 σταυρῷ;
293 496 375 534 Ὀτι,
398 499 439 528 Δι’
452 497 499 536 ἐμὲ
516 498 559 528 τὸν
582 499 689 538 ἀχρεῖον
704 500 717 526 6
729 497 831 527 Δεσπό-

46 555 87 578 της
106 555 155 580 μου
183 542 353 582 ἐσταυρώθη,
383 542 526 582 ἀγαπήσας
552 554 586 581 με
607 542 704 578 οὕτως,
728 543 763 575 ὡς
787 541 832 571 καὶ

44 588 128 617 ἑαυτὸν
153 587 285 617 ἐκδοῦναι.
317 587 454 627 Καύχημα
483 582 527 616 οὖν
557 590 603 617 τοῦ
631 587 759 623 Παύλου,
787 588 833 616 καὶ

44 633 132 661 πιστοῦ
158 632 254 665 παντὸς
283 633 297 660 ὃ
327 632 455 672 σταυρὸς,
470 633 504 665 ὡς
527 632 553 660 ἐν
576 632 646 671 αὖτῷ
663 631 832 669 δεικνυμένης

43 679 85 711 τῆς
104 678 148 705 τοῦ
163 675 300 706 Δεσπότου
318 676 382 716 πρὸς
407 679 479 714 ἡμᾶς
500 676 617 715 ἀγάπης.
634 676 683 709 Τίς
701 675 729 705 δὲ
742 676 833 710 δοῦλος

44 722 68 750 οὐ
78 724 210 761 καυχᾶται
224 721 399 760 ἀγαπώμενος
410 720 484 761 παρὰ
499 723 545 750 τοῦ
560 720 705 755 δεσπότου;

82 776 97 793 ι
110 765 150 795 Δι’
163 760 194 794 οὗ
209 765 269 803 ἐμοὶ
293 766 307 794 ὁ
327 764 425 804 κόσμος
439 765 621 805 ἐσταύρωται,
643 763 719 804 κάγὼ
733 766 771 804 τῷ
786 764 831 794 κό-

44 821 108 850 σμῳ.
125 821 140 838 ιι
158 809 267 848 Κόσμον
290 809 323 839 τὰ
340 809 452 849 βιωτικὰ
467 811 613 849 πράγματα
637 810 726 849 λέγει,
740 809 833 847 δόξαν,

43 856 164 891 πλοῦτον,
196 854 309 895 τρυφήν.
335 856 430 885 Ταῦτα
454 857 517 893 γοῦν
548 866 593 894 μοι
617 854 696 895 νεκρὰ
723 854 831 894 γέγονε,

43 899 112 938 κάγὼ
133 899 160 928 δὲ
183 900 272 932 αὐτοῖς
297 899 385 940 νεκρός
411 901 481 938 εἰμι,
505 899 600 936 διπλῆς
614 902 661 935 τῆς
684 899 835 938 νεκρώσεως

43 943 189 982 γενομένης.
233 944 303 973 Οὔτε
336 944 388 985 γὰρ
424 945 511 974 ἐκεῖνα
541 945 609 974 ἑλεῖν
639 956 671 983 με
706 944 834 983 δύναται,

42 988 117 1027 νεκρὰ
139 990 191 1029 γάρ
206 998 214 1006 ·
238 989 297 1018 οὐδὲ
313 990 390 1023 αὐτὸς
410 989 591 1030 προσδραμεῖν
607 989 730 1023 ἐκείνοις’
744 989 835 1028 νεκρὸς

41 1033 89 1073 γάρ
101 1033 168 1072 εἶμι.

79 1091 90 1103 ι
108 1077 154 1108 Ἐν
182 1077 235 1119 γὰρ
269 1078 378 1118 Χριστῷ
415 1077 525 1115 Ἰησοῦ,
556 1077 616 1108 οὔτε
648 1077 779 1118 περιτομή
809 1090 834 1107 τι

42 1121 139 1162 ἰσχύεί,
169 1122 230 1152 οὔτε
257 1122 437 1162 ἀκροϐυστία,
465 1122 535 1152 ἀλλὰ
562 1122 641 1158 καινὴ
657 1123 751 1156 κτίσις.
780 1122 835 1152 Καὶ

39 1167 92 1196 ὅσοι
114 1168 154 1206 τῷ
177 1167 270 1197 κανόνι
293 1167 377 1207 τούτῳ
399 1167 601 1207 στοιχήσουσιν,
622 1167 712 1207 εἰρήνη
733 1166 775 1197 ἐπ’
790 1168 834 1197 αὖ·

40 1211 96 1246 τοὺς
113 1211 160 1241 καὶ
174 1212 262 1250 ἔλεος,
278 1212 324 1242 καὶ
340 1212 384 1241 ἐπὶ
406 1212 450 1242 τὸν
468 1212 581 1252 Ἰσραὴλ
595 1215 641 1243 τοῦ
657 1214 739 1243 Θεοῦ.
758 1224 771 1238 ἰ
786 1212 834 1248 Μή

39 1267 81 1293 μοι
106 1256 183 1296 λέγε,
201 1257 282 1296 φησὶ,
302 1257 446 1297 περιτομὴν
462 1257 510 1293 τὴν
525 1257 600 1287 οὐδὲν
625 1257 772 1296 δυναμένην
789 1257 834 1286 καὶ

39 1300 168 1340 αἴἈβήστσν
194 1297 293 1339 οὖσαν,
318 1301 409 1342 ὥσπερ
431 1302 477 1332 καὶ
492 1304 509 1338 ἡ
532 1301 709 1342 ἀκροϐυστία.
732 1301 767 1331 Ὁ
782 1301 834 1342 γὰρ

39 1346 148 1384 Χριστὸς
163 1346 253 1376 πάντα
278 1346 406 1383 ἐκαίνισε,
431 1347 476 1376 καὶ
492 1347 576 1383 ἄλλην
592 1346 728 1377 πολιτείαν
755 1347 835 1375 ἀπαι-

38 1393 75 1419 τιῖ
102 1393 183 1429 ἡμᾶς.
205 1391 293 1426 Καινὴ
311 1391 363 1431 γὰρ
384 1391 466 1424 κτίσις
490 1393 507 1427 ἦ
530 1391 600 1420 κατὰ
627 1391 743 1431 Χριστὸν
764 1391 834 1428 ζωὴ,

38 1435 100 1464 διότι
112 1438 157 1465 ν’ῦν
177 1438 206 1465 αῖ
222 1436 306 1476 ψυχαὶ
321 1437 414 1474 ἡμῶν,
431 1437 629 1466 παλαιωθεῐσαι
692 1435 812 1476 ἁμαρτίᾳ
822 1458 833 1472 ,

39 1479 220 1516 ἀνενεώθησαν
247 1482 287 1521 τῷ
315 1480 501 1520 βαπτίσματι·
528 1482 574 1510 καὶ
601 1480 641 1510 ὅτι
669 1481 696 1510 ἐν
712 1482 749 1520 τῷ
765 1480 831 1518 μέλ-

36 1524 103 1553 λοντι
120 1527 154 1565 τῇ
183 1525 320 1566 ἀφθαρσίᾳ
337 1525 383 1554 καὶ
411 1525 472 1566 δόξῃ
497 1525 716 1564 τιμηοησόμεθα,
738 1524 832 1554 καὶτὰ

38 1567 148 1611 σῴματα
181 1570 378 1607 καινισθέντες,
418 1570 465 1600 καὶ
499 1570 728 1611 ἀφθαρτισθέντες.
751 1568 833 1600 Ὅσοι

38 1608 79 1642 οὖν
103 1615 253 1653 ἔμμενοῦσι
268 1616 306 1653 τῷ
330 1614 420 1644 κανόνι
445 1614 530 1655 τούτῳ
555 1617 602 1651 τῆς
623 1614 691 1644 κατὰ
716 1614 834 1654 Χριστὸν

36 1660 125 1693 καινῆς
143 1659 297 1697 πολιτείας,
325 1658 464 1700 φεύγοντες
486 1659 534 1695 τὴν
560 1661 761 1689 παλαιωθεῖσαν
787 1659 834 1688 καὶ

34 1703 241 1740 ἀδυνατήσασαν
275 1703 436 1744 περιτομὴν,
476 1703 580 1744 εἰρήνης
616 1707 663 1740 τῆς
698 1704 763 1744 πρὸς
791 1703 835 1733 τὸν

35 1747 101 1777 Θεὸν
128 1748 327 1786 ἐπιτεύξονται,
366 1748 567 1788 ἀπαλλαγέντες
593 1750 645 1778 τῶν
678 1748 833 1788 ἁμαρτιῶν,

33 1791 128 1826 αἵτινες
152 1795 222 1832 ἡμῖν
244 1795 423 1833 ἐκπολεμοῦσι
437 1793 482 1823 τὸν
506 1793 593 1830 Θεὸν,
616 1793 662 1823 καὶ
681 1794 832 1834 φιλανθρω-

33 1836 92 1870 πίας
113 1837 324 1874 ἀξιωθήσονται·
349 1839 436 1867 οὐκέτι
459 1839 494 1871 ὡς
515 1837 605 1878 ἐχθροὶ
629 1841 674 1867 τοῦ
698 1838 770 1867 Θεοῦ
793 1849 836 1876 μι-

32 1881 173 1920 σούμενοι,
201 1883 264 1912 ἄλλ’
281 1882 369 1917 ἐλέους
391 1882 561 1920 ἀξιούμενοι,
578 1884 614 1916 ὡς
638 1881 743 1922 εἰρήνης
757 1893 833 1920 γενο-

32 1925 112 1963 μένης
135 1928 228 1962 αὖτοῖς
250 1926 294 1956 διὰ
308 1930 353 1958 τοῦ
383 1929 496 1967 σταυροῦ
511 1927 557 1956 καὶ
582 1929 628 1963 τῆς
647 1926 772 1966 χάριτος.
797 1927 834 1956 Οἱ

31 1973 141 2001 τοιοῦτοι
157 1972 187 2001 δέ
209 1972 262 2001 εἶσι
279 1971 325 2000 καὶ
345 1971 458 2011 Ἰσραὴλ
473 1971 585 2011 κυρίως,
607 1972 643 2004 ὡς
666 1973 777 2010 ὁρῶντες
790 1970 836 2000 τὸν

32 2016 178 2056 Θεόνδῗῷς
202 2016 230 2046 οῗ
257 2027 286 2055 γε
316 2016 355 2055 μὴ
380 2019 508 2052 τοιοῦτοι,
534 2016 584 2046 κᾶν
613 2015 781 2056 Ἰσραηλῖται
805 2014 836 2044 τὸ

30 2059 102 2098 γένος
126 2055 197 2098 ὦσι,
223 2061 325 2101 ψευδῶς
349 2060 481 2100 λέγονται.
511 2061 600 2091 Τοῦτο
624 2055 662 2090 δὲγ
686 2058 761 2100 παρὰ
788 2061 836 2089 τοῦ

31 2103 113 2134 Δαυὶδ
129 2105 241 2140 ἐδέξατο
253 2108 266 2135 6
285 2107 411 2143 Παῦλος,
429 2104 566 2146 λέγοντοςο
587 2116 601 2134 ιι
615 2105 716 2145 Εἰρήνη
735 2104 778 2134 ἐπὶ
791 2104 836 2135 τὸν

31 2148 156 2190 Ἰσραήλ.
179 2162 196 2179 ι

889 287 901 300 ι
923 276 982 304 Nisi
997 277 1026 305 in
1041 286 1122 306 cruce
1138 278 1249 306 Domini
1271 279 1355 306 nostri
1377 280 1443 306 Jesu
1457 279 1567 316 Christi,
1593 293 1604 305 ιι
1619 281 1683 316 (hoc

887 326 937 355 est,
954 321 982 349 in
995 321 1049 350 ﬁde
1063 331 1126 359 erga
1141 323 1315 356 cruciﬁxum)
1331 323 1376 359 qui
1391 323 1480 359 legem
1494 323 1561 352 fecit
1574 325 1681 353 irritam

887 370 915 394 et
928 366 1078 403 abrogavit.
1098 369 1245 404 Tanquam
1259 372 1350 396 autem
1370 367 1588 396 abominandum
1603 370 1681 405 quip-

887 411 960 446 piam
981 411 1146 448 deprecatus
1169 417 1221 446 est,
1245 411 1338 440 divino
1359 412 1441 441 etiam
1455 413 1559 441 auxilio
1580 413 1615 441 ad
1631 413 1683 442 hoc

887 455 1046 491 implorato.
1063 457 1210 492 Quomodo
1223 461 1314 485 autem
1331 457 1357 484 in
1372 465 1452 487 cruce
1468 457 1606 494 quispiam
1621 458 1683 494 glo-

887 501 987 528 riatur?
1010 501 1079 536 Quia
1099 505 1209 537 propter
1230 510 1274 530 me
1298 502 1422 530 inutilem
1447 502 1589 530 Dominus
1603 510 1684 531 meus

886 545 1034 574 cruciﬁxus
1046 550 1097 579 est,
1114 546 1197 582 365
1212 547 1259 582 qui
1268 554 1314 574 me
1325 547 1394 574 adeo
1406 546 1510 581 dilexit,
1522 551 1553 575 ut
1563 547 1684 583 seipsum

887 590 914 617 in
930 594 1048 618 mortem
1074 598 1123 626 pro
1140 599 1183 619 me
1198 591 1328 619 traderet.
1353 591 1490 619 Gloriatio
1514 591 1596 628 igitur
1609 591 1684 619 Pauli

887 639 915 662 et
942 635 1034 663 omnis
1058 635 1145 663 ﬁdelis
1174 644 1241 664 crux
1263 640 1315 671 est,
1339 636 1424 668 veluti
1446 636 1636 664 demonstrata
1656 637 1685 664 in

887 679 944 715 ipsa
959 680 1072 708 Domini
1087 688 1150 716 erga
1169 688 1222 708 nos
1236 680 1380 708 charitate.
1396 681 1466 717 Quis
1480 684 1572 709 autem
1587 689 1682 710 servus

887 731 901 750 a
916 723 1029 752 domino
1045 724 1161 753 dilectus
1175 733 1231 753 non
1246 725 1398 761 gloriatur?

925 779 939 792 ι
959 769 1011 797 Per
1025 777 1107 806 quem
1130 770 1196 798 mihi
1212 769 1333 798 mundus
1357 769 1504 798 cruciﬁxus
1525 774 1576 805 est,
1591 774 1620 799 et
1633 778 1684 808 ego

887 813 1002 842 mundo.
1026 826 1039 839 ι
1058 814 1199 850 Μυηάυωζ
1213 815 1294 851 hujus
1309 815 1404 843 seaculi
1417 823 1460 843 res
1474 819 1502 843 et
1515 815 1625 851 negotia
1640 815 1685 844 di-

887 858 935 891 cit,
950 858 1078 895 gloriam,
1098 859 1218 893 divitias,
1234 859 1396 895 voluptates.
1423 860 1490 887 Hmc
1515 859 1596 896 igitur
1614 860 1685 888 mihi

889 907 953 930 sunt
973 910 1090 935 mortua.
1118 911 1224 940 egoque
1243 904 1310 940 ipsis
1333 912 1394 932 sum
1417 908 1555 936 mortuus,
1579 903 1684 940 duplici

890 947 1098 984 iuteremptione
1126 948 1208 976 facta.
1233 950 1328 985 Neque
1351 948 1424 976 enim
1450 949 1494 976 illa
1518 956 1615 984 capere
1639 957 1685 976 me

890 997 1014 1027 possunt,
1028 997 1136 1021 mortua
1151 997 1218 1021 sunt
1238 993 1328 1026 enim;
1350 1001 1438 1029 neque
1455 993 1510 1028 ipse
1523 1001 1574 1029 ego
1588 993 1621 1021 ad
1641 993 1683 1021 illa

889 1045 1040 1071 accurrere,
1054 1042 1180 1066 HIOI‘lLIUS
1193 1037 1265 1065 enim
1280 1045 1354 1066 sum.

925 1082 1020 1109 Vsus.
1044 1084 1087 1116 15,
1103 1085 1145 1109 16.
1165 1092 1179 1108 «
1197 1083 1227 1109 In
1240 1081 1349 1110 Christo
1364 1082 1437 1110 enim
1448 1082 1513 1110 Jesu
1527 1090 1617 1118 neque
1628 1082 1684 1110 cir—

890 1125 1023 1153 cumcisio
1037 1126 1138 1162 aliquid
1153 1127 1235 1160 valet,
1255 1133 1343 1162 neque
1357 1126 1532 1162 praeputium,
1552 1126 1599 1154 sed
1612 1134 1683 1154 nova

890 1174 1021 1198 creatura.
1049 1172 1082 1198 Et
1100 1171 1255 1206 quicunque
1271 1171 1340 1198 hanc
1365 1171 1486 1206 regulam
1512 1171 1598 1199 secuti
1621 1171 1684 1198 fue-

890 1214 956 1249 rint,
968 1223 1020 1251 pax
1034 1223 1115 1251 super
1126 1215 1187 1243 illos
1207 1219 1233 1242 et
1246 1214 1444 1250 misericordia,
1463 1219 1490 1243 et
1503 1223 1587 1251 super
1602 1216 1684 1243 Israel

889 1260 949 1288 Dei.
972 1271 985 1284 ν
1001 1261 1041 1288 Ne
1056 1260 1144 1296 jactes
1163 1259 1229 1287 mihi
1240 1260 1486 1294 circumcisionem,
1511 1260 1608 1296 inquit,
1623 1268 1684 1296 qua:

889 1305 954 1332 nihil
978 1308 1077 1340 potest,
1103 1312 1218 1341 quaeque
1246 1304 1347 1332 inutilis
1369 1308 1420 1338 est,
1443 1304 1513 1332 sicut
1535 1309 1563 1332 et
1576 1313 1684 1341 praepu-

889 1350 969 1377 tium.
993 1349 1114 1377 Christus
1137 1349 1214 1377 enim
1236 1349 1331 1377 omnia
1363 1350 1481 1383 novavit,
1508 1349 1645 1385 aliamque
1668 1358 1685 1378 a

890 1395 967 1422 nobis
988 1394 1050 1422 vitae
1066 1394 1200 1422 rationem
1224 1394 1355 1429 postulat.
1377 1395 1453 1422 Nova
1468 1394 1540 1422 enim
1558 1399 1683 1422 creatura

889 1443 930 1466 est
955 1439 1007 1466 vita
1041 1439 1193 1467 secundum
1219 1439 1362 1467 Christum
1389 1443 1532 1475 propterea
1557 1438 1633 1475 quod
1657 1443 1685 1467 et

890 1492 960 1511 nunc
983 1484 1081 1511 animae
1104 1488 1207 1511 nostra:
1226 1484 1382 1511 inveteratae
1406 1487 1530 1519 peccato,
1547 1487 1685 1512 renovatae

889 1533 953 1556 sunt
966 1536 1016 1564 per
1029 1528 1175 1564 baptisma.
1192 1528 1321 1564 quodque
1338 1528 1366 1555 in
1383 1527 1474 1556 futuro
1493 1528 1686 1564 incorruptibi—

889 1574 965 1600 litate
980 1577 1008 1601 et
1032 1573 1116 1608 gloria
1138 1572 1347 1607 houorabimur,
1362 1573 1523 1608 corporibus
1544 1573 1686 1601 innovatis

889 1617 1200 1654 iueorruptibilibusque
1223 1617 1344 1646 redditis.
1367 1618 1511 1654 Quotquot
1529 1617 1612 1654 igitur
1626 1625 1685 1653 per-

889 1666 1030 1690 serverant
1052 1662 1081 1690 in
1099 1662 1192 1698 regula
1207 1663 1256 1690 hac
1277 1670 1357 1690 novae
1379 1662 1530 1690 secundum
1545 1662 1684 1690 Christum

891 1708 963 1740 vitaz,
985 1706 1121 1743 fugientes
1135 1707 1305 1743 antiquatam
1329 1711 1356 1735 et
1372 1711 1506 1742 potestate
1520 1706 1685 1735 destitutam

889 1751 1140 1782 circumcisionem,
1164 1759 1256 1787 pacem
1273 1759 1334 1787 erga
1357 1753 1448 1779 Deum
1468 1755 1685 1788 consequentur,

891 1796 998 1823 liberati
1020 1804 1034 1824 a
1051 1796 1168 1832 peccatis
1187 1804 1248 1832 quae
1269 1798 1358 1824 Deum
1383 1796 1464 1824 nobis
1479 1796 1619 1824 infensum
1634 1796 1686 1824 ho-

889 1845 1013 1876 stemque
1034 1840 1148 1875 faciunt,
1170 1845 1197 1868 et
1219 1841 1362 1868 clementia
1384 1840 1574 1876 dignabuntur
1595 1849 1604 1868 :
1631 1848 1686 1868 non

890 1892 972 1921 porro
984 1893 1034 1913 ceu
1049 1884 1144 1913 hostes
1155 1885 1206 1912 Dei
1218 1885 1283 1913 odio
1297 1885 1425 1921 expositi,
1438 1885 1485 1913 sed
1497 1885 1684 1913 misericordia

889 1929 996 1964 donati,
1012 1937 1062 1958 ceu
1075 1937 1140 1966 pace
1154 1929 1207 1957 illis
1221 1929 1292 1957 facta
1314 1937 1362 1965 per
1382 1937 1493 1958 crucem
1514 1934 1541 1958 et
1557 1930 1683 1966 gratiam.

889 1975 968 2002 Tales
987 1974 1070 2002 etiam
1089 1978 1154 2002 sunt
1167 1974 1251 2002 Israél
1272 1975 1391 2010 proprie,
1412 1979 1545 2011 tanquam
1559 1974 1684 2003 videntes

889 2020 981 2047 Deum
1005 2019 1098 2047 :sicut
1118 2019 1137 2047 ii
1159 2019 1207 2055 qui
1224 2019 1380 2055 hujusmodi
1402 2027 1458 2047 non
1481 2024 1554 2051 sunt.
1577 2019 1684 2048 etiamsi

890 2071 988 2099 genere
1013 2064 1143 2092 Israelita;
1163 2062 1275 2098 fuerint,
1299 2063 1369 2092 falso
1394 2064 1524 2092 Israelita:
1545 2064 1682 2093 dicuntur.

890 2108 951 2136 Hoc
973 2112 1066 2137 autem
1084 2116 1099 2136 a
1114 2107 1219 2136 Davide
1236 2108 1389 2144 desumpsit
1413 2109 1524 2143 Paulus,
1548 2108 1653 2137 dicente
1675 2117 1683 2138 :

893 2164 905 2177 ι
926 2154 981 2181 Pax
996 2161 1079 2189 super
1091 2153 1172 2181 Israel
1184 2154 1208 2180 8.
1226 2165 1239 2178 ι

71 2205 86 2224 α
100 2195 157 2225 Τοῦ
168 2196 265 2225 λοιποῦ
281 2194 378 2229 κόπους
403 2206 447 2233 μοι
464 2195 556 2233 μηδεὶς
571 2192 724 2235 παρεχέτω.
742 2204 757 2223 ι
772 2194 834 2234 Οὖχ
848 2195 874 2227 D
927 2199 939 2226 ἱ

927 2199 1011 2226 Vsus.
1025 2201 1065 2226 t7.
1087 2207 1101 2224 (ι
1115 2200 1156 2226 De
1168 2202 1266 2226 caztero
1279 2205 1362 2226 nemo
1378 2197 1445 2225 mihi
1460 2198 1594 2226 molestus
1605 2198 1651 2226 sit.
1669 2208 1684 2225 ν

29 2240 63 2272 ὥς
82 2240 169 2269 ὀκνῶν
182 2243 269 2270 ταῦτα
285 2239 367 2278 λέγει,
383 2240 436 2269 οὐδ’
457 2242 492 2273 ὡς
507 2239 659 2276 ἐκκαχήσας
675 2248 682 2256 ·
701 2240 765 2272 Πῶς
785 2238 837 2278 γὰρ

28 2285 41 2312 ὁ
63 2286 227 2325 παραινῶν,
259 2295 275 2314 ι
301 2284 446 2321 Ἐπίστηθι
481 2284 627 2324 εὐκαίρως,
658 2283 790 2324 ἆκαίρως;
817 2294 832 2313 n

28 2327 96 2358 ἀλλὰ
121 2329 290 2370 βουλόμενος
321 2328 382 2362 τοὺς
412 2330 479 2369 παρ’
490 2331 570 2359 αὖτοῦ
600 2328 722 2362 τεθέντας
743 2329 837 2368 νόμους

28 2373 170 2409 ἀκινήτους
195 2369 283 2410 εἶναι,
301 2373 348 2403 καὶ
370 2372 414 2403 ἵνα
439 2374 477 2413 μὴ
500 2374 642 2408 ἕλπίζωσιν
655 2373 723 2402 ἄλλο
742 2385 768 2402 τι
788 2374 835 2402 ἀπ’

28 2418 122 2456 αὐτοῦ,
138 2418 214 2449 ἀλλὰ
229 2418 333 2449 τελείαν
349 2419 538 2460 πληροφορίαν
556 2418 691 2455 δέξωνται,
708 2419 748 2448 ὅτι
767 2417 836 2448 οὕτω

27 2463 168 2502 κηρύσσει.

68 2565 84 2582 ι
100 2553 180 2594 Ἐγὼ
195 2553 254 2594 γὰρ
269 2553 306 2584 τὰ
325 2553 459 2594 στίγματα
477 2556 523 2584 τοῦ
540 2553 639 2594 Κυρίου
655 2553 745 2591 Ἰησοῦ
758 2555 784 2584 ἐν
797 2555 834 2594 τῷ

27 2598 134 2637 σώματί
159 2611 216 2637 μου
249 2599 385 2638 βαστάζω.
416 2612 428 2626 ν
448 2599 623 2639 Ἀπολογίαν,
649 2599 746 2640 φησὶν,
778 2598 834 2638 ἔχω

26 2644 89 2683 πρὸς
112 2643 177 2678 τοὺς
199 2643 330 2683 λέγοντας
353 2645 435 2683 ὑμῖν,
458 2644 498 2673 ὅτι
523 2643 666 2684 ὑποκριτής
691 2644 764 2682 εἶμι,
788 2643 834 2673 καὶ

26 2687 147 2729 ἀλλαχοῦ
163 2687 318 2729 περιτομὴν
336 2688 480 2729 κηρύσσω,
503 2688 536 2718 τὰ
558 2689 694 2728 στίγματα
709 2688 754 2718 καὶ
772 2687 832 2722 τοὺς

25 2733 162 2769 κινδύνους
176 2732 244 2767 τοὺς
262 2733 330 2774 ὓπερ
345 2733 475 2774 Χριστοῦ.
501 2733 577 2764 Αὖτὰ
591 2734 643 2775 γὰρ
663 2733 752 2773 πᾴσης
777 2742 832 2773 φω-

59 2821 74 2841 ε
86 2813 167 2848 Pal.
181 2824 276 2852 ων.
289 2821 317 2847 5.
355 2815 370 2836 δ
384 2819 408 2847 II
421 2817 493 2848 Tim.
509 2825 552 2852 ιν,
570 2820 599 2846 2.

892 2243 956 2271 Non
972 2247 1105 2280 tanquam
1124 2243 1225 2270 desidia
1241 2242 1377 2277 laborans,
1394 2250 1445 2270 nec
1455 2243 1529 2278 quasi
1542 2242 1685 2277 deﬁciens,

892 2288 952 2316 haec
973 2287 1056 2321 dicit;
1071 2287 1212 2322 quomodo
1227 2287 1304 2315 enim
1319 2287 1340 2314 is
1355 2287 1389 2315 ad
1406 2287 1560 2315 socordiam
1582 2287 1687 2316 relaba-

891 2337 947 2365 tur,
964 2332 1011 2368 qui
1027 2336 1131 2366 monet,
1152 2343 1165 2356 «ι
1182 2333 1257 2359 Iusta
1271 2335 1434 2367 opportune,
1450 2331 1610 2367 importune
1625 2329 1657 2361 ¹³ῐ³
1671 2344 1684 2358 υ

890 2382 1022 2406 caeterum
1034 2377 1128 2406 volens
1145 2377 1218 2413 leges
1236 2385 1251 2404 a
1265 2384 1294 2404 se
1309 2376 1429 2404 sancitas
1443 2376 1600 2405 immobiles
1615 2385 1686 2413 esse,

888 2430 958 2451 neve
991 2421 1066 2451 aliud
1090 2421 1224 2458 quiddam
1255 2421 1289 2449 ab
1323 2429 1356 2450 eo
1383 2425 1501 2458 sperent,
1539 2422 1588 2450 sed
1617 2430 1688 2450 con-

890 2471 1060 2496 summatam
1077 2465 1275 2495 certitudinem
1295 2465 1439 2502 accipiant,
1461 2465 1537 2502 quod
1552 2466 1592 2495 sic
1615 2474 1687 2502 pra:—

889 2511 973 2541 dicat.

926 2567 940 2582 α
962 2559 1020 2593 Ego
1030 2556 1103 2584 enim
1117 2555 1244 2591 stigmata
1257 2555 1370 2584 Domini
1378 2556 1395 2583 J
1398 2563 1444 2584 esu
1455 2555 1484 2583 in
1494 2563 1609 2592 corpore
1622 2564 1686 2585 meo

889 2606 978 2638 porto.
999 2613 1011 2626 ι
1028 2600 1193 2637 Apologiam
1205 2600 1303 2634 habeo,
1319 2600 1418 2636 inquit,
1435 2600 1565 2629 adversus
1579 2608 1627 2628 eos
1639 2601 1686 2637 qui

889 2647 966 2675 vobis
989 2646 1086 2674 dicunt
1109 2653 1153 2673 me
1175 2653 1236 2674 esse
1264 2645 1445 2681 hypocritam,
1471 2648 1499 2672 et
1521 2644 1594 2680 quod
1619 2645 1675 2673 alib

885 2691 1124 2720 circumcisionem
1156 2689 1318 2726 pratdicem,
1343 2690 1472 2726 stigmata
1499 2689 1632 2717 nimirum
1659 2693 1688 2718 et

885 2736 1005 2774 pericula
1030 2742 1094 2772 quae
1116 2743 1167 2772 pro
1181 2735 1293 2764 Christo
1307 2734 1404 2763 subeo.
1432 2736 1498 2762 Haec
1521 2734 1595 2762 enim
1609 2735 1687 2762 omni
