1877 3081
24 177 81 204 1037

456 170 632 198 EXI'OSITIO
652 170 684 198 IN
706 170 809 197 El‘lS'l‘.
829 169 875 196 AD
896 168 1013 196 EPHES.
1033 182 1067 187 —
1088 168 1162 194 CAP.
1183 167 1203 194 Ι.

1581 167 1649 194 1038

21 238 46 268 τὸ
59 237 101 275 μὲν
127 232 265 264 πιστιῧσαι
289 234 334 264 καὶ
359 236 529 274 προσελθεῖν,
554 232 626 262 ἔστιν
653 232 797 272 ἡμέτερον,
814 234 840 265 Α

898 243 900 256 ε
929 230 1015 267 gratia
1043 229 1156 264 diligens
1187 237 1238 257 nos
1260 229 1472 264 praedestinavit.
1503 231 1648 264 Praeterea,

19 282 95 313 καίτοι
110 280 152 310 καὶ
179 282 224 309 τοῦ
246 279 404 313 καλέσαντος
429 282 516 310 Θεοῦ·
541 278 571 308 τὸ
597 278 624 307 δὲ
639 277 796 318 προσελθόν-

20 340 59 360 τας
72 326 176 362 ἆξίῷσαι
193 326 240 360 τῆς
267 324 409 360 υἱοθεσίας,
426 323 506 363 μόνης
525 325 571 358 τῆς
586 322 693 362 ἀγάπης
717 322 796 351 αὐτοῦ

19 373 58 402 καὶ
73 368 274 412 φιλανθρωπίας.
299 369 347 398 Διὸ
367 368 515 408 προσέθηκε
527 379 534 386 α
559 381 571 394 σι
589 367 738 407 ΙΙροορίσας
762 367 798 399 εἷς

20 415 145 446 υἱοθεσίαν.
176 426 191 442 ν
219 413 320 450 Ποίαν;
351 413 408 448 Τὴν
432 414 468 447 εἰς
493 413 572 442 αὐτὸν
595 411 744 450 ἀνοίγουσαν
768 411 798 440 τὸ

19 462 81 500 γένος
94 461 183 498 ἡμῶν,
201 458 246 488 καὶ
268 458 376 491 οἰκείους
398 459 479 487 αὐτοῦ
500 459 626 487 ποιοῦσαν
641 468 648 475 °
663 457 708 486 καὶ
722 459 798 486 τοῦτο

19 507 56 542 δὲ,
79 519 90 532 ε
114 503 164 534 Διὰ
189 503 278 539 Ἰησοῦ
308 504 436 542 Χριστοῦ.
464 502 522 532 «Ὁ
547 502 595 541 μὲν
625 501 677 542 γὰρ
702 500 798 540 Πατὴρ

19 549 163 591 προώρισεν,
177 550 191 577 ὁ
205 548 233 577 δὲ
249 548 362 588 Χριστὸς
376 546 546 587 προσήγαγεν
567 549 650 586 ἡμᾶς.
675 547 726 591 Διᾷ
747 545 798 586 γὰρ

20 589 57 625 τοῦ
71 595 131 625 Υἷοῦ
145 593 233 624 πάντα
249 592 282 622 τὰ
298 592 400 631 ἀγαθὰ,
415 593 444 621 οὖ
461 592 505 621 διά
525 603 593 625 τινος
608 593 659 620 τῶν
677 589 778 620 δούλων
791 599 798 606 “

20 638 105 669 διὸκαὶ
123 638 294 679 λαμπροτέρα
310 639 326 672 ἡ
341 637 488 677 φιλοτιμία,

53 778 63 790 ιι
82 764 156 795 Κατὰ
179 763 227 800 τὴν
254 763 374 794 εὐδοκίαν
396 765 441 793 τοῦ
466 762 614 801 θελήματος
641 763 737 800 αὓτοῧ,
765 763 800 796 εἰς

19 809 112 838 ἔπαινον
128 808 202 844 δόξης
218 811 264 844 τῆς
279 808 386 848 χάριτος
404 809 495 837 αὑτοῦ.
512 821 523 832 ιι
537 806 587 836 Διὰ
602 809 693 843 τοῦτο,
708 806 798 847 φησὶν,

18 856 48 888 εἰς
73 853 200 883 υἱοθεσίαν
227 855 297 891 ἡμᾶς
319 852 470 892 προώρισε,
501 852 598 887 θέλων,
621 851 666 880 καὶ
697 852 798 891 σφόδρα

850 275 960 304 credere
983 274 1095 311 quidem
1118 278 1145 302 et
1167 273 1308 307 accedere,
1331 277 1458 302 nostnim
1485 277 1527 302 est
1548 275 1648 310 (atqui

852 320 903 348 Dei
925 320 1009 349 etiam
1031 319 1185 353 vocantis);
1212 317 1385 346 advenientes
1412 326 1476 346 vero
1502 318 1649 355 adoptione

851 364 968 400 dignari,
989 363 1074 392 solius
1092 363 1152 399 ejus
1177 362 1329 391 dilectionis
1359 367 1401 390 est
1428 366 1457 390 et
1484 361 1647 390 clementia).

852 409 998 445 Propterea
1011 408 1119 444 adjecit.
1143 419 1155 431 ιι
1181 406 1388 435 Praedestinavit
1412 406 1439 433 in
1455 405 1576 434 ﬁliorum
1603 406 1650 434 ad-

852 453 1003 490 optionem.
1021 465 1034 477 »
1063 452 1197 487 Qualem?
1212 453 1280 488 Quae
1301 451 1336 479 ad
1350 451 1440 486 ipsum
1454 450 1554 479 referat
1565 458 1650 487 genus

852 502 988 531 nostrum,
1016 505 1050 524 ac
1078 504 1129 524 nos
1154 495 1239 532 ipsius
1267 495 1434 523 domesticos
1457 494 1548 529 faciat,
1570 494 1650 530 idque

853 555 866 569 ι
888 544 940 571 Per
961 544 1055 571 Jesum
1070 541 1217 569 Christum.
1242 552 1253 564 υ
1270 541 1340 568 Nam
1364 541 1446 568 Pater
1467 547 1533 568 sane
1548 539 1652 576 praade-

853 587 972 622 stinavit,
996 586 1120 615 Christus
1139 589 1232 613 autem
1248 583 1365 613 adduxit
1386 592 1447 612 nos.
1474 585 1526 612 Per
1552 584 1652 612 I-‘ilium

854 634 928 662 enim
950 632 1044 661 omnia
1067 631 1147 659 nobis
1161 630 1231 658 bona
1245 628 1434 663 conferuntur,
1459 637 1516 657 non
1534 637 1582 666 per
1596 637 1654 657 ser-

854 686 919 706 vum
944 677 1103 714 quempiam
1128 686 1134 702 :
1165 675 1228 703 hinc
1261 679 1288 703 et
1320 674 1487 710 splendidior
1520 679 1562 702 est
1595 674 1653 710 ipsa

854 723 1011 751 liberalitas.

890 768 976 795 Vens.
1004 770 1030 794 6.
1062 777 1075 790 α
1098 765 1254 794 Secundum
1277 763 1477 799 bencplacitum
1504 763 1653 792 voluntatis

852 819 919 846 suae,
935 811 968 839 ad
986 810 1095 838 laudem
1114 809 1205 846 gloria:
1218 813 1245 837 et
1265 809 1358 845 gratia:
1377 816 1446 836 suae.
1464 820 1477 832 ιι
1494 809 1650 844 Propterea,

854 856 953 892 inquit,
972 855 1005 884 ad
1023 855 1142 883 ﬁliorum
1165 853 1340 890 adoptionem
1364 861 1416 881 nos
1438 853 1652 888 praedestinavit,

19 899 169 938 βουλέμενος,
182 898 228 927 καὶ
241 899 374 935 ἐπιθυμῶν
396 899 490 936 (τοῦτο
504 896 555 936 γὰρ
578 899 595 931 ἡ
612 895 739 935 εὐδοκία),
756 894 800 924 ἵνα
815 897 837 927 Β

898 910 946 930 ens
975 910 1005 930 ac
1035 901 1211 930 vehementer
1236 900 1349 935 cupiens
1371 905 1456 936 atque
1480 899 1652 933 desiderans,

17 945 30 978 ἡ
45 945 87 979 τῆς
105 943 212 982 χάριτος
226 941 271 971 καὶ
298 944 344 977 τῆς
359 940 509 981 εὐεργεσίας
524 942 603 970 αὐτοῦ
619 939 679 974 δόξα
696 940 797 980 δειχθῇ.

16 983 75 1026 Ἆρα
92 987 117 1016 δὲ
129 987 206 1022 δόξης
227 986 328 1027 ἐφίεται
359 986 448 1022 Osric;
475 984 522 1020 Μὴ
540 984 653 1023 γένοιτο·
682 983 799 1017 ἀνενδεὲς

16 1032 59 1071 γὰρ
74 1032 101 1062 τὸ
114 1033 193 1062 Θεῖον
203 1043 210 1049 ·
226 1030 295 1060 ἀλλὰ
311 1029 433 1071 βούλεται
457 1029 611 1064 δοξάζεσθαι
625 1028 690 1068 παρ’
706 1030 799 1067 ἡμῶν,

16 1078 45 1109 ὡς
69 1076 97 1105 ἂν
125 1075 203 1106 αὐτὸν
228 1075 307 1105 πλέον
334 1076 492 1114 ἀγαπῶμεν.
522 1073 556 1104 Ὁ
582 1073 632 1114 γὰρ
659 1075 800 1112 θαυμάζων

16 1121 55 1153 τὰς
71 1123 105 1155 εἷς
128 1120 208 1150 αὐτὸν
231 1119 373 1160 γενομένας
398 1119 562 1159 εὐεργεσίας,
589 1118 733 1147 σπουδάσει
762 1117 800 1156 μὴ

16 1167 184 1205 προσκροῦσαι
199 1166 237 1204 τῷ
254 1165 390 1205 εὐεργέτῃ·
417 1164 462 1193 καὶ
485 1163 575 1196 ὁσάκις
597 1162 800 1201 ἀναμιμνήσκε-

17 1222 54 1239 ται
78 1212 129 1239 τῶν
153 1211 276 1249 ἀγαθῶν,
309 1208 387 1238 πλέον
416 1208 550 1248 ἀγαπήσει
578 1207 622 1236 τὸν
653 1207 797 1237 δεδωκότα.

17 1255 120 1284 Εὖδοκία
142 1250 188 1283 οἷν
204 1254 231 1273 ³⁵
253 1255 308 1284 ἐστι
335 1255 365 1283 τὸ
392 1253 590 1293 προηγούμενον
622 1252 724 1290 θέλημα
752 1255 801 1280 τοῦ

16 1301 89 1329 Θεῶ.
104 1295 183 1329 Οἷον·
207 1299 323 1336 Θέλημα
347 1300 450 1338 πρῶτον
479 1300 524 1326 τοῦ
544 1298 630 1333 Θεοῦ,
655 1297 684 1326 τὸ
700 1296 802 1335 μηδένα

17 1345 171 1374 ἀπολέσθαι·
194 1343 299 1382 θέλημα
315 1342 451 1382 δεύτερον,
473 1343 503 1372 τὸ
527 1341 681 1381 γενομένους
707 1340 802 1375 κακοὺς

18 1389 168 1418 ἀπολέσθαι·
184 1389 215 1419 οὖ
232 1389 282 1429 γὰρ
296 1387 328 1424 δὴ
345 1388 447 1427 ἀνάγκῃ
470 1387 592 1424 κολάζει,
612 1387 680 1416 ἀλλὰ
705 1385 800 1417 θέλων.

18 1434 45 1463 ἸΙ
74 1434 156 1464 τοίνυν
185 1433 294 1464 εὐδοκία
323 1433 352 1462 τὸ
389 1431 587 1473 προηγούμενον
614 1433 668 1461 ἐστι
697 1432 801 1469 θέλημα

17 1481 55 1507 τοῦ
69 1480 147 1510 Θεοῦ.

853 948 916 980 (hoc
932 946 1013 982 371
1031 945 1106 974 enim
1129 949 1170 973 est
1192 944 1415 980 bcneplacitum),
1440 947 1471 972 ut
1484 944 1579 979 gratia:
1595 951 1653 972 suae

854 992 939 1027 gloria
962 990 1108 1018 indicetur.
1134 993 1178 1018 An
1201 997 1264 1017 vero
1288 988 1403 1024 gloriam
1429 988 1531 1024 expetit
1555 989 1653 1016 Densi|

855 1035 969 1064 Minime
985 1045 992 1063 :
1006 1035 1075 1063 nihil
1090 1034 1163 1062 enim
1177 1033 1254 1062 deest
1267 1032 1367 1061 divinae
1377 1037 1503 1061 naturae:
1518 1038 1651 1061 caeterum

854 1081 910 1108 vult
932 1079 1059 1108 celebrari
1083 1078 1283 1115 gloriﬁcarique.
1306 1086 1321 1105 a
1343 1078 1436 1111 nobis,
1454 1081 1484 1105 ut
1499 1086 1550 1106 nos
1568 1078 1654 1114 magis

855 1132 920 1153 eum
944 1124 1099 1160 diligamus.
1127 1124 1197 1151 Nam
1216 1122 1263 1159 qui
1287 1121 1438 1150 demiratur
1460 1121 1565 1150 factam
1587 1130 1654 1158 erga

854 1177 914 1198 sese
936 1168 1154 1201 beneficentiam,
1181 1167 1258 1196 dabit
1279 1175 1389 1202 operam
1411 1174 1446 1194 ne
1476 1166 1529 1194 ulla
1551 1167 1656 1194 ratione

856 1213 1058 1243 benefactorem
1075 1212 1210 1242 offendat.
1227 1213 1262 1240 Et
1275 1211 1382 1248 quoties
1397 1211 1556 1240 recordatur
1568 1211 1651 1245 bona,

856 1257 1048 1287 vehementiori
1087 1265 1182 1285 amore
1212 1255 1376 1284 accendetur
1408 1263 1472 1291 erga
1509 1262 1573 1283 eum
1606 1255 1655 1291 qui

857 1303 942 1332 dedit.
967 1303 1099 1330 Voluntas
1121 1301 1213 1337 itaque
1242 1299 1403 1336 beneplaciti
1427 1303 1469 1327 est
1492 1299 1656 1328 antecedens

856 1348 980 1376 voluntas
999 1346 1049 1374 Dei
1073 1346 1106 1382 (α)
1137 1355 1144 1374 :
1168 1346 1284 1381 exempli
1306 1344 1391 1381 gratia
1413 1353 1420 1372 :
1445 1344 1538 1372 Prima
1561 1344 1658 1372 volun-

857 1396 900 1420 tas
918 1391 966 1420 Dei
991 1395 1041 1425 est,
1072 1389 1146 1426 quod
1172 1397 1256 1417 nemo
1279 1393 1380 1424 pereat.
1406 1387 1530 1416 Secunda
1557 1387 1657 1416 volun-

858 1441 898 1464 tas
918 1440 970 1468 est,
997 1439 1028 1462 ut
1056 1434 1130 1471 impii
1152 1438 1274 1470 pereant.
1301 1434 1363 1460 Non
1388 1433 1464 1460 enim
1492 1433 1656 1462 necessitate

859 1485 968 1510 coactus
983 1480 1075 1516 punit,
1090 1478 1138 1508 sed
1153 1478 1255 1507 volens.
1273 1479 1364 1513 Quare
1378 1477 1578 1514 beneplacitum
1590 1485 1657 1514 prte-

823 1534 845 1565 C
859 1528 962 1557 cedens
977 1531 1018 1556 est
1033 1527 1160 1555 voluntas
1173 1525 1235 1553 Dei.

53 1579 66 1596 (ι
82 1562 118 1608 ῗ’ῌ
149 1567 312 1608 ἐχαρίτωσεν
323 1566 348 1585 ⁴⁰
377 1567 448 1605 ἡμᾶς
468 1567 494 1595 ἐν
518 1566 556 1606 τῷ
583 1564 761 1605 ἠγαπημένῳ,
787 1576 802 1594 »

18 1615 69 1641 Οὐκ
92 1610 161 1643 εἶπεν
173 1635 181 1649 ,
212 1611 395 1652 Ἐχαρίσατο,
420 1612 479 1640 ἀλλ’
497 1622 511 1639 (ί
532 1610 699 1650 Έχαρίτωσε
711 1622 717 1628 ·
732 1622 807 1639 τουτ-

18 1657 84 1694 έστι,
110 1658 257 1697 χαρίεντας
282 1656 328 1686 καὶ
353 1655 513 1696 ἐπεράστους
537 1655 669 1690 ἐποίησεν.
701 1654 807 1694 ²⁷Ωσπερ

18 1701 39 1730 εἴ
61 1714 96 1736 τις
130 1701 272 1743 ψωραλέον
299 1700 357 1730 τινὰ
391 1700 502 1740 γέροντα
535 1699 582 1729 καὶ
608 1701 678 1739 λιμῷ
703 1700 807 1739 διεφθο-

19 1746 75 1784 ρότα
99 1747 190 1776 λαϐὼν
227 1746 272 1775 καὶ
298 1746 457 1786 ἀσχήμονα,
485 1744 578 1778 εὐθέως
603 1745 690 1784 ἕτερον
714 1743 809 1784 εὔμορ-

18 1802 58 1830 Ῠον
81 1792 125 1820 καὶ
154 1791 284 1830 νεώτερον
310 1791 508 1829 ἀπειργάσατο,
548 1789 699 1829 χαριτώσας
731 1788 808 1817 αὐτὸν

18 1837 41 1863 ἐν
55 1841 147 1866 πᾶσιν·
177 1836 249 1865 οὕτω
272 1835 317 1864 καὶ
339 1838 354 1864 ὁ
375 1835 443 1868 Θεὸς
471 1837 542 1873 ἡμᾶς
567 1834 654 1868 πάσης
678 1833 810 1873 ἀμορφίας

17 1880 239 1921 πεπληρωμένους
262 1880 308 1909 καὶ
333 1879 521 1919 ἀσχημοσύνης
551 1877 656 1914 λαϐὼν,
671 1879 810 1918 χαρίεντας

17 1924 58 1953 καὶ
71 1925 165 1959 καλοὺς
187 1924 335 1958 ἀπέδειξεν.
352 1938 364 1949 α
392 1923 570 1963 Ἐπιθομήσει
595 1936 607 1948 ιι
625 1923 690 1962 γὰρ,
710 1922 789 1962 φησὶν
801 1945 810 1959 ,

18 1983 27 1994 α
38 1971 50 1997 ὃ
65 1969 190 2008 βασιλεὺς
203 1973 250 1999 τοῦ
266 1969 378 2002 κάλλους
388 1980 445 1998 σου.
463 1982 475 1994 ιν
488 1985 525 1991 --
541 1982 552 1994 ι
570 1967 736 2007 Ἐχαρίτωσι
745 1966 772 1996 δὲ
785 1969 811 1997 ἐν

60 2014 227 2055 ἠγαπημένῳ
250 2028 262 2040 ››
278 2015 345 2054 Υἷῷ,
362 2013 492 2050 τουτέστι,
509 2012 551 2042 διὰ
568 2015 614 2041 τοῦ
625 2011 810 2052 ἦγαπημένου.

53 2126 63 2138 α
82 2111 128 2142 Ἐν
144 2125 166 2152 ῳ
183 2112 282 2152 ἔχομεν
298 2111 346 2148 τὴν
369 2112 551 2152 ἀπολύτρωσιν
572 2110 615 2140 διὰ
634 2112 679 2140 τοῦ
700 2108 812 2149 αἵματος
829 2108 854 2140 D

20 2158 108 2195 αὑτοῦ,
137 2157 186 2193 τὴν
216 2157 309 2196 ἄφεσιν
337 2157 388 2185 τῶν
409 2155 647 2196 παραπτωμάτων.
667 2168 679 2181 »
698 2155 746 2185 Ἐν
775 2157 812 2195 τῷ

20 2203 143 2242 ἀγαπητῷ
155 2224 163 2239 ,
177 2202 258 2243 φησὶν
268 2223 276 2238 ,
292 2202 387 2241 ἔχομεν
402 2201 449 2236 τὴν
463 2200 602 2241 λύτρωσιν.
614 2200 682 2229 Τίνα
697 2200 811 2239 emit-qv;

21 2259 30 2270 -
43 2247 97 2282 Τὴν
115 2247 211 2287 ἄφεσιν
226 2248 278 2276 τῶν
295 2245 533 2285 παραπτωμάτων.
553 2258 564 2271 κ
582 2247 642 2278 Ιιῶς
656 2245 813 2284 γενομένην,

22 2306 31 2316 ιι
46 2292 95 2321 Διὰ
110 2295 155 2321 τοῦ
173 2291 300 2330 αἵματος.
316 2301 330 2319 1)
345 2292 432 2320 Τοῦτο
444 2290 494 2330 γὰρ
503 2290 532 2319 τὸ
539 2290 762 2330 φρικωδέστατον,
774 2290 814 2319 ὅτι

22 2335 115 2374 σφάξας
142 2337 225 2365 αὐτὸν
249 2335 292 2365 τὸν
323 2335 516 2374 ἀγαπώμενον,
546 2333 715 2374 ἐλυτρώσατο
742 2335 815 2372 ἡμᾶς

21 2379 74 2414 τοὺς
101 2379 298 2418 μισουμένους,
324 2379 404 2418 τιμὴν
431 2379 476 2408 καὶ
494 2380 588 2419 λύτρον
613 2378 671 2412 δοὺς
687 2378 716 2408 τὸ
746 2374 814 2417 αἷμα

21 2427 61 2453 τοῦ
82 2426 240 2465 ἀγαπητοῦ.
255 2423 330 2465 ¹⁷Ορα
346 2425 374 2454 δὲ
385 2447 394 2462 ,
413 2424 452 2454 ὅτι
468 2426 570 2459 καὶτῆς
585 2423 714 2456 υἱοθεσίας
738 2426 815 2453 τοῦτο

22 2471 117 2506 μεῖζον,
138 2470 210 2508 μηδὲ
228 2470 251 2486 ⁴¹
269 2472 314 2499 τοῦ
342 2470 406 2499 Υἱοῦ
430 2469 570 2509 φείσασθαι
591 2469 623 2497 δι’
638 2471 720 2506 ἡμᾶς.
738 2469 815 2498 Μετὰ

21 2513 67 2553 γὰρ
87 2515 117 2543 τὸ
133 2514 219 2544 εἰπεῖν
246 2514 305 2554 περὶ
327 2514 443 2550 ἐκείνης,
471 2513 542 2553 λέγει
562 2515 657 2551 τοῦτο,
684 2513 736 2543 ἀπὸ
763 2515 815 2542 τῶν

23 2558 180 2600 μικροτέρων
191 2559 239 2589 ἐπὶ
252 2559 284 2588 τὰ
297 2559 378 2599 μείζω
394 2558 484 2589 ἀνιών.

57 2631 151 2659 uPsal.
169 2638 259 2664 XLIV,
283 2633 325 2658 l2.

899 1585 912 1598 σι
932 1574 990 1608 Qua
1013 1579 1064 1600 uos
1084 1572 1112 1599 in
1133 1570 1234 1599 dilecto
1254 1569 1390 1606 gratiosos
1410 1567 1538 1597 reddidit.
1560 1580 1572 1594 ι
1595 1570 1659 1598 Non

862 1619 941 1653 dixit,
964 1617 1127 1653 Ἰἰχαρίσατο,
1149 1617 1177 1645 id
1199 1620 1241 1644 est
1261 1615 1383 1649 donavit,
1402 1615 1450 1643 sed
1478 1613 1658 1650 Ἐχαρίτωσεν,

863 1665 893 1693 id
915 1667 956 1693 est
977 1664 1110 1700 gratiosos
1139 1666 1167 1691 et
1193 1661 1324 1690 amabiles
1353 1660 1424 1689 fecit.
1445 1660 1564 1689 Perinde
1583 1669 1616 1690 ac
1636 1661 1660 1690 si

862 1709 924 1746 quis
943 1708 1099 1737 scabiosum
1126 1707 1286 1744 quempiam
1310 1714 1417 1740 senem,
1432 1710 1460 1734 et
1479 1705 1553 1734 fame
1567 1714 1662 1734 corm-

863 1759 939 1791 ptum
966 1762 998 1782 ac
1020 1753 1172 1782 deformem
1191 1752 1336 1788 accipiens,
1353 1751 1479 1787 protinus
1495 1751 1659 1787 elegantem,

863 1799 1015 1827 formosum
1030 1800 1057 1826 et
1077 1797 1218 1833 juniorem
1239 1796 1345 1830 reddat,
1361 1795 1508 1823 amabilem
1526 1796 1616 1832 ipsum
1632 1796 1661 1823 in

863 1843 989 1871 omnibus
1009 1841 1131 1870 efﬁciens
1161 1851 1166 1868 :
1190 1840 1264 1868 hunc
1283 1840 1317 1868 ad
1346 1839 1461 1868 modum
1484 1839 1568 1867 etiam
1587 1841 1661 1867 Deus

864 1898 915 1918 nos
929 1889 1005 1917 omni
1025 1896 1088 1916 cum
1104 1887 1282 1915 deformitate
1300 1891 1359 1914 tum
1375 1885 1544 1922 turpitudine
1564 1886 1660 1921 plenos

864 1935 1008 1972 accipiens,
1043 1934 1174 1962 amabiles
1205 1938 1233 1962 et
1262 1933 1401 1961 formosos
1435 1940 1485 1960 nos
1525 1931 1660 1960 exhibuit.

868 1993 880 2006 α
902 1980 1083 2016 Concupiscet
1114 1979 1188 2007 enim
1232 1987 1290 2012 rex,
1319 1990 1332 2002 ιι
1360 1977 1456 2013 inquit.
1486 1988 1498 2001 κ
1530 1977 1660 2005 decorem

866 2030 945 2054 tuum
962 2032 987 2052 ο.
1007 2037 1018 2049 υ
1033 2022 1172 2052 Amabiles
1183 2027 1274 2050 autem
1287 2030 1338 2050 nos
1354 2021 1419 2050 fecit
1438 2022 1466 2049 in
1478 2021 1578 2050 dilecto
1595 2021 1661 2049 Filio

867 2078 928 2103 suo,
944 2069 997 2097 hoc
1007 2073 1050 2097 est
1064 2075 1111 2104 per
1125 2067 1216 2104 ipsum
1235 2066 1377 2094 dilectum.

905 2116 993 2142 Vens.
1015 2116 1041 2141 1.
1064 2122 1078 2139 ι(
1099 2114 1129 2140 1η
1152 2119 1206 2148 quo
1228 2111 1360 2139 habemus
1378 2110 1596 2146 redemptionem
1614 2119 1664 2147 per

867 2159 1029 2195 sanguinem
1048 2158 1142 2194 ipsius,
1166 2156 1359 2184 remissionem
1380 2160 1567 2191 peccatorum.
1597 2167 1608 2180 ιι
1633 2158 1666 2184 ιιι

867 2204 979 2238 dilecto,
1003 2203 1100 2238 inquit,
1126 2201 1259 2229 habemus
1281 2200 1506 2236 redemptionem.
1531 2200 1666 2234 Qualem?

867 2249 1069 2277 Itemissioncm
1090 2246 1266 2275 delictorum.
1294 2245 1443 2280 Quomodo
1471 2244 1591 2273 factam?
1616 2247 1667 2273 Per

868 2295 1039 2331 sanguinem.
1054 2295 1114 2322 Hoc
1126 2293 1200 2321 enim
1207 2298 1248 2321 est
1258 2293 1378 2321 maxime
1389 2292 1578 2326 tremendum,
1591 2292 1667 2329 quod

868 2348 941 2369 caeso
955 2339 1055 2367 dilecto
1071 2339 1139 2367 Filio
1152 2347 1202 2366 suo
1222 2346 1273 2366 nos
1289 2337 1431 2373 liberavit,
1450 2337 1498 2373 qui
1510 2336 1588 2365 invisi
1605 2345 1667 2365 era-

869 2393 942 2419 mus,
965 2384 1084 2420 pretium
1101 2382 1301 2419 redemptionis
1323 2382 1392 2411 dans
1412 2382 1578 2418 sanguinem
1598 2382 1670 2410 dile-

869 2430 917 2458 eti.
943 2429 1075 2466 Expende
1101 2433 1194 2457 autem
1217 2427 1292 2464 quod
1322 2428 1359 2456 sit
1374 2427 1464 2464 majus
1483 2427 1603 2456 ﬁliorum
1624 2427 1672 2455 ad-

871 2474 992 2510 optione,
1009 2473 1084 2510 quod
1098 2474 1167 2502 Filio
1183 2480 1233 2501 suo
1249 2480 1304 2500 non
1319 2472 1468 2508 pepercerit
1483 2477 1596 2508 propter
1607 2479 1667 2500 nos.

871 2520 940 2547 Cum
953 2519 1026 2547 enim
1042 2519 1123 2547 verba
1136 2517 1170 2546 de
1183 2518 1228 2545 illa
1245 2516 1363 2551 fecisset,
1379 2516 1453 2545 istud
1471 2517 1546 2552 dicit,
1566 2515 1601 2544 de
1616 2515 1670 2544 mi-

872 2563 985 2592 noribus
999 2563 1033 2592 ad
1045 2563 1150 2600 majora
1160 2562 1320 2591 ascendens.

719 2675 808 2705 Varia:
831 2677 977 2707 lectiones.

56 2725 77 2742 ³⁵
87 2727 134 2762 γάρ
147 2733 176 2754 ο.
216 2724 240 2742 ⁵ο
254 2725 278 2752 ἐν
292 2722 308 2762 ᾖ
323 2725 472 2760 ἐχαρίτωσεν
491 2733 526 2753 rn.
566 2724 583 2741 ”¹
600 2726 629 2752 τὸ
643 2724 716 2761 δὲμὴ
731 2734 759 2754 ο.

59 2778 90 2809 (u)
107 2775 213 2804 Recole
229 2774 277 2803 hic
292 2782 354 2811 quae
367 2783 382 2802 a
402 2775 601 2811 Chrysostomo
621 2775 724 2811 serpita
747 2779 826 2809 sunt;

25 2827 87 2848 nam
101 2819 250 2849 brevitatis
273 2827 354 2848 causa
368 2819 450 2848 etiam
469 2819 557 2848 multa
575 2819 677 2848 omissa
691 2823 756 2848 sunt
769 2820 828 2848 sine

881 2777 981 2814 quibus
1010 2781 1085 2805 recta
1117 2776 1249 2812 plenaque
1273 2773 1407 2803 sententia
1436 2772 1553 2803 omnino
1573 2773 1675 2812 percipi

881 2825 937 2846 non
953 2821 1052 2855 potest.
1069 2818 1206 2845 LATINUS
1226 2823 1383 2844 LATINIUS.
