1877 3081
35 198 106 226 1045

492 196 666 226 EXPOSITIO
685 198 718 226 IN
738 198 843 227 EPIST.
863 199 909 227 AD
930 200 1046 228 ElllES.
1065 216 1102 222 -—
1119 202 1193 229 CAP.
1213 203 1236 230 Ι.

1615 203 1684 230 1046

37 260 155 298 πάντας,
171 260 217 290 καὶ
237 261 284 290 οὖκ
300 261 336 294 εἰς
352 259 444 298 μόνους
457 260 482 284 ιῑ7
496 259 553 293 τοὺς
564 259 718 301 ἐπιχωρίους
734 261 832 301 ἁγίους,
850 265 863 296 ,Α

921 270 1000 297 nues,
1016 268 1044 292 et
1064 271 1119 292 non
1145 272 1210 301 erga
1231 263 1304 292 solos
1323 263 1463 300 indigenas
1489 269 1608 299 sanctos,
1632 264 1684 293 hoc

35 305 171 343 τουτέστι,
192 304 254 339 τοὺς
277 305 385 338 πιστοὺς
401 305 526 340 πένητας.
546 306 690 346 Πανταχοῦ
705 305 733 336 δὲ
757 306 783 325 ⁶⁸
799 309 833 347 τῇ

35 350 128 380 πίστει
159 350 206 386 τὴν
240 350 347 389 ἀγάπην
377 349 521 386 συνάπτει,
555 349 602 385 τὴν
628 352 760 388 γεννῶσαν
789 351 834 381 τὸν

36 394 161 434 ἐνάρετον
189 395 257 435 βίον.
283 395 360 425 Ἄνευ
380 395 432 434 γὰρ
453 395 551 430 ταύτης
574 395 604 424 τὸ
631 395 718 435 ἕτερον
743 396 832 436 ἀργὸν,

35 441 51 475 ἡ
72 439 175 477 πίστις,
200 439 280 480 φημὶ,
305 439 387 480 χωρὶς
411 439 488 480 ἔργου
513 439 559 469 καὶ
588 441 655 480 βίου·
675 439 765 481 ὥσπερ
788 441 834 470 καὶ

37 484 91 524 βίος
105 485 190 525 χωρὶς
209 485 334 519 πίστεως.

76 544 87 556 ι
107 530 211 560 Μνείαν
227 531 302 568 ὑμῶν
323 529 478 571 ποιούμινος
498 530 542 560 ἐπὶ
564 531 616 560 τῶν
632 532 797 571 προσευχῶν.
816 543 831 560 ι)

38 574 183 610 Ἐννόησον
207 574 305 608 πόσους
331 569 400 614 εἶχεν
424 575 450 604 ἐν
529 574 641 615 διανοίᾳ,
655 569 749 605 πόσων
773 575 834 614 ἐμέ-

39 631 122 655 μνητο
138 620 167 648 ἐν
183 623 240 651 ταῖς
256 619 347 659 εὖχαῖς
361 618 396 637 69'
406 621 483 657 ἡμεῖς
501 620 538 656 δὲ,
558 619 617 650 οὐδὲ
632 621 710 658 ἡμῶν
735 621 831 657 αὐτῶν,

38 666 70 696 ὡς

81 761 95 777 ιι
109 748 172 779 Ἵνα
193 750 207 777 ὁ
229 749 296 781 Θεὸς
317 751 363 778 τοῦ
386 749 486 788 Κυρίου
507 751 582 787 ἡμῶν
601 749 689 784 Ἰησοῦ
709 750 834 790 Χριστοῦ,

39 793 162 832 ὀΠατὴρ
177 795 225 829 τῆς
246 792 330 829 δόξης.
357 805 371 821 ν
397 794 432 823 Τί
457 794 502 832 δέῃ
523 794 566 822 καὶ
588 795 749 833 παρακαλεῖς
769 795 834 835 ὑπὲρ

40 840 131 876 ἡμῶν;
146 837 208 868 Ἵνα
232 840 245 867 ὁ
260 838 328 871 Θεὸς
349 839 444 878 σοφίσῃ
461 840 537 875 ὑμᾶς.
561 852 572 864 κ
589 839 657 871 Θεὸς
674 853 684 864 ι
709 839 736 867 δὲ
757 849 770 866 ιι
788 842 834 868 τοῦ

44 882 139 922 Κυρίου
155 882 254 919 Ἰησοῦ⁸
281 897 293 908 ι-
308 883 436 920 τουτέστι,
457 885 504 911 τοῦ
520 883 659 922 ἀνθρώπου
682 886 726 912 τοῦ
743 884 833 922 ὁμοίου

887 311 929 335 est
940 307 1031 337 ﬁdeles
1052 316 1195 345 pauperes.
1213 309 1323 344 Ubique
1336 313 1427 336 autem
1444 308 1505 336 ﬁdei
1520 310 1684 338 charitatem

888 353 1034 387 connectit,
1053 357 1148 389 utpote
1161 361 1222 389 quia;
1234 353 1317 381 vitam
1331 353 1430 381 virtute
1441 357 1564 381 ornatam
1579 354 1681 389 gignit:

889 396 999 433 Absque
1019 397 1068 425 hac
1087 398 1163 426 enim
1178 398 1297 426 alterum
1315 398 1436 426 otiosum
1451 401 1492 425 est
1505 397 1574 426 fides
1587 405 1685 433 nempe

887 441 947 469 sine
962 443 1091 479 operibus
1105 446 1132 470 et
1155 443 1220 476 vita,
1246 441 1481 478 quemadmodum
1505 446 1532 470 et
1551 442 1605 470 vita
1625 442 1684 470 sine

888 485 949 515 ﬁde.

923 533 1013 561 Vsus.
1034 535 1074 560 16.
1091 543 1103 556 ι
1124 531 1282 560 Memoriam
1300 532 1383 560 vestri
1404 531 1506 560 faciens
1519 531 1548 559 in
1559 532 1686 560 orationi-

888 576 939 604 bus
950 578 1028 606 meis.
1038 587 1051 603 ι)
1066 576 1199 613 Expende
1211 581 1301 606 tecum
1311 582 1444 612 quotuam
1455 577 1484 604 in
1498 576 1584 605 corde
1597 585 1686 612 gesse-

888 622 932 655 rit,
946 626 973 650 et
993 626 1064 658 quot
1085 622 1256 650 mentionem
1276 621 1370 649 fecerit
1387 621 1414 648 in
1429 621 1610 649 orationibus.
1628 623 1686 650 Nos

888 674 952 694 vero
976 674 1010 694 ne
1031 666 1116 694 nostri
1136 665 1246 702 quidem
1269 666 1401 702 ipsorum,
1422 670 1453 693 ut
1470 670 1588 702 oportet,
1602 666 1685 694 remi-

886 711 1027 739 niscimur.

924 757 1012 784 Vsus.
1030 759 1071 784 l7.
1091 767 1103 780 «
1115 757 1154 784 Ut
1167 757 1243 783 Deus
1256 755 1367 783 Domini
1388 755 1475 783 nostri
1493 756 1559 783 Jesu
1574 755 1683 788 Christi,

888 802 967 828 Pater
977 801 1081 837 gloriae.
1099 812 1112 825 ιι
1133 799 1204 835 Quid
1227 800 1309 828 nobis
1331 799 1533 836 comprecaris?
1553 800 1592 827 Ut
1610 801 1685 828 Deus

887 845 994 873 erudiat
1007 853 1039 873 ac
1057 845 1193 881 sapientes
1206 852 1256 872 vos
1278 844 1361 880 375
1381 844 1472 872 faciat.
1487 855 1499 868 ι
1516 846 1590 873 Deus
1611 854 1624 870 »
1638 852 1684 872 au-

888 893 944 918 tem
961 902 973 914 α
999 889 1109 917 Domini
1129 891 1204 923 Jesu,
1229 889 1282 916 hoc
1299 893 1341 916 est
1365 888 1497 922 hominis,
1526 888 1574 924 qui
1590 896 1685 916 secun-

41 929 100 965 ἦμῖν
121 927 192 957 κατὰ
219 927 267 963 τὴν
291 927 388 967 σάρκα.
418 941 430 954 ιι
454 927 490 957 Ὁ
518 927 612 966 Πατὴρ
641 930 686 964 τῆς
710 928 792 964 δόξης·
814 940 828 958 n
846 927 863 958 Ε

921 943 955 962 im
969 941 1081 962 carnem
1093 933 1171 962 nobis
1189 937 1232 962 est
1249 933 1346 962 similis
1360 943 1366 960 :
1385 944 1398 957 ι
1416 934 1498 961 Pater
1513 932 1618 968 gloriae,
1633 945 1644 956 ν
1658 933 1685 961 id

41 972 183 1008 τουτέστιν,
223 974 237 1001 ὁ
271 973 375 1011 μεγάλα
411 972 457 1001 καὶ
491 971 581 1006 ἔνδοξα
620 973 740 1006 δεδωκὼς
771 976 834 1010 ἡμῖν

42 1017 134 1056 ἀγαθά.
164 1016 219 1046 Ἀεὶ
244 1016 296 1056 γὰρ
328 1016 381 1046 ἀπὸ
415 1019 461 1051 τῆς
487 1017 662 1056 προκειμένης
691 1018 836 1051 ὑποθέσεως

44 1062 116 1091 αὐτὸν
132 1061 270 1099 ὀνομάζει,
287 1063 322 1095 ὡς
345 1061 386 1097 τὸ,
405 1074 419 1088 ιι
436 1061 533 1101 Πατὴρ
550 1063 602 1090 τῶν
617 1064 769 1101 οἰκτιρμῶν,
790 1063 836 1092 καὶ

43 1106 106 1140 θεὸς
142 1106 231 1142 πάσης
264 1105 468 1145 παρακλήσεως·
508 1118 521 1135 ι)
556 1105 602 1136 καὶ
636 1108 650 1135 ὁ
686 1107 835 1147 προφήτης,

44 1165 54 1178 ι
83 1150 175 1191 Κύριος
211 1151 287 1190 ἰσχύς
316 1162 366 1189 μου
393 1151 438 1179 καὶ
467 1150 545 1190 κέρας
573 1151 706 1190 σωτηρίας
730 1163 790 1190 μου.
816 1163 831 1181 u

46 1196 94 1225 Καὶ
107 1197 221 1226 ἐνταῦθα
242 1195 339 1231 τοίνυν,
363 1195 453 1230 ἐπειδὴ
471 1196 575 1234 μεγάλα
595 1197 659 1233 ἡμῖν
682 1196 728 1225 καὶ
746 1197 835 1231 ἔνδοξα

45 1241 196 1280 ἐχαρίσατο,
261 1240 372 1280 Πατέρα
420 1240 510 1278 δόξης,
556 1240 689 1270 τουτέστιν
741 1241 835 1279 αἴτιον,

45 1285 116 1314 αὐτόν
137 1297 230 1324 φησιν.
249 1286 289 1315 Οὐ
315 1286 366 1324 γὰρ
393 1284 448 1324 ἔχει
469 1285 555 1318 ἄλλως
578 1285 656 1314 αὐτὸν
682 1285 834 1323 καλέσαι,ἢ

46 1330 93 1359 ἀπὸ
116 1333 160 1360 τοῦ
181 1329 370 1369 λαμπροτέρου
392 1331 456 1369 παρ’
482 1330 546 1368 ἡμῖν
574 1329 712 1368 ὀνόματος.
743 1329 778 1361 Ὀ
807 1331 834 1361 δὲ

46 1374 166 1413 Θεολόγος
189 1374 336 1414 Γρηγόριος
359 1373 434 1415 δόξαν
451 1373 498 1409 τὴν
523 1375 634 1411 θεότητα
648 1377 695 1404 τοῦ
719 1377 835 1415 Μονογε-

52 1422 99 1452 ιοῖὶς
112 1419 216 1456 ἐνόησεν
235 1419 272 1456 ⁷ο,
289 1418 358 1448 ὥστε
375 1413 443 1448 εἶναι
460 1421 504 1448 τοῦ
521 1420 600 1448 αὐτοῦ
624 1419 670 1448 καὶ
686 1419 741 1453 ἔνὸς
766 1421 835 1459 Χρι-

48 1467 102 1492 στοῦ
116 1463 159 1493 καὶ
182 1463 254 1493 Θεὸν
278 1463 323 1493 καὶ
339 1464 459 1502 Πατέρι“
482 1464 602 1504 Χριστοῦ
618 1464 676 1502 μὲν,
692 1464 773 1503 ἤγουν
789 1467 834 1494 τοῦ

49 1508 218 1548 ἀνθρωπίνου,
235 1509 315 1539 Θεόν·
337 1511 383 1542 τῆς
401 1508 428 1537 δὲ
444 1507 527 1544 δόξης,
543 1508 623 1547 ἤγουν
639 1511 685 1544 τῆς
701 1509 832 1546 θεότητος,

49 1553 159 1592 Πατέρα.

84 1612 94 1623 ι
108 1598 168 1638 Δῴη
186 1598 251 1636 ὑμῖν
274 1601 377 1635 πνεῦμα
401 1596 493 1636 σοῑιίας
517 1597 562 1626 καὶ
586 1598 786 1638 ἀποκαλύψεως,
806 1599 833 1628 ἐν
852 1605 874 1635 ο

52 1643 180 1681 ἐπιγνώσει
198 1644 282 1672 αὐτοῦ
307 1642 522 1682 πεφωτισμένους
538 1641 597 1675 τοὺς
618 1644 768 1682 ὀφθαλμοὺς
789 1646 835 1680 τῆς

51 1688 148 1727 καρδίας
161 1689 246 1726 ὑμῶν.
271 1699 284 1716 ν
302 1686 443 1723 Τουτέστι,
468 1686 596 1727 Χάρισμα
614 1688 676 1725 ὑμῖν
695 1687 835 1729 παράσχῃ,

51 1733 112 1761 ὥστε
130 1733 171 1762 διὰ
192 1735 239 1762 τοῦ
261 1731 418 1770 Πνεύματος
438 1733 610 1771 φιιιτισθῆναι.
635 1733 668 1762 Εἰ
684 1732 722 1771 μὴ
739 1733 790 1772 γὰρ
804 1733 834 1763 τὸ

54 1778 152 1815 Πνεῦμα
167 1777 329 1816 ἀποκαλύψῃ
346 1776 380 1806 τὰ
404 1775 574 1816 κεκρυμμένα
598 1777 746 1816 μυστήρια,
772 1778 834 1807 ἀδύ-

52 1832 120 1851 νατον
136 1822 219 1855 ἄλλως
236 1824 340 1860 μαθεῖν.
360 1821 457 1851 «Αὐτὸ
473 1831 489 1850 n
514 1820 565 1860 γὰρ
581 1821 668 1859 μόνον,
684 1822 731 1851 οὐκ
753 1821 835 1860 ἂγγε-

52 1867 100 1904 λος,
115 1867 170 1896 οὐδὲ
187 1866 362 1906 ἀρχάγγελος,
379 1879 390 1892 ιι
412 1865 500 1894 πάντα
523 1867 624 1906 ἐρευνᾷ,
642 1865 686 1895 καὶ
709 1866 741 1895 τὰ
766 1867 834 1906 βᾶοη

53 1913 92 1939 τοῦ
105 1912 180 1941 Θεοῦ,
193 1925 204 1938 ι
211 1927 251 1934 -
261 1925 272 1938 ιι
283 1911 408 1951 ιΙι“υχ.ικί)ι.ς
416 1910 442 1940 δὲ
452 1910 587 1950 ἄνθρωπος
595 1911 624 1940 οὖ
635 1910 740 1950 δέχεται
749 1911 782 1941 τὰ
788 1915 834 1941 τοῦ

56 1955 207 1994 Πνεύματος.
224 1968 239 1985 ι)
258 1955 345 1987 Ὅταν
361 1953 405 1985 οὖν
431 1956 482 1985 ὑπὸ
495 1958 540 1985 τοῦ
555 1955 713 1993 Πνεύματος
729 1957 834 1986 ἀποκα-

54 2001 128 2040 λυνρϐᾖ
142 2002 203 2039 ἡμῖν
218 2002 252 2031 τὰ
267 2001 411 2040 μυστήρια,
432 2000 491 2030 τότε
513 2000 558 2030 καὶ
583 2002 610 2030 ἐν
634 2000 774 2040 ἐπιγνώσει
787 2005 834 2031 τοῦ

55 2046 114 2074 Θεοῦ
138 2046 272 2086 γινόμεθα,
297 2047 342 2076 καὶ
362 2047 519 2086 φωτίζονται
543 2047 567 2075 οῖ
589 2046 720 2086 ὀφθαλμοὶ
745 2048 835 2086 ἡμῶν,

55 2090 93 2118 καὶ
116 2091 197 2120 οὖκέτι
216 2091 422 2132 ἀμφιϐάλλομεν
444 2091 488 2120 καὶ
516 2091 638 2130 λέγομεν,
661 2092 701 2120 ὅτι
727 2091 835 2121 Ἀδύνα-

56 2145 93 2163 τον
117 2137 171 2165 τάδε
194 2136 314 2175 γενέσθαι
333 2137 378 2166 καὶ
400 2135 468 2165 τόδε-
495 2135 563 2165 ἀλλὰ
589 2135 723 2175 βλέπομεν
748 2136 835 2166 πάντα

56 2179 85 2212 ὡς
97 2179 203 2219 ἔχουσιν.

91 2237 102 2249 σι
116 2226 159 2258 Εἰς
179 2225 208 2255 τὸ
222 2225 319 2255 εἰδέναι
336 2226 403 2263 ὑμᾶς
429 2225 468 2258 τίς
490 2226 560 2255 ἐστιν
578 2227 595 2261 ἡ
619 2225 694 2259 ἐλπὶς
708 2225 756 2262 τὴς
770 2226 836 2263 κλή-

885 984 936 1012 est,
951 979 998 1014 qui
1014 978 1132 1014 ingentia
1145 985 1196 1006 nec
1204 985 1261 1005 non
1274 977 1402 1013 praeclara
1415 977 1497 1005 nobis
1513 976 1583 1004 bona
1598 976 1683 1005 dedit.

886 1025 1001 1059 Semper
1011 1024 1085 1051 enim
1095 1031 1109 1050 ιι
1120 1022 1261 1058 proposito
1271 1026 1436 1057 argumento
1447 1022 1535 1058 ipsum
1546 1021 1684 1055 nominat,

889 1073 918 1096 ut
935 1068 961 1095 in
978 1068 1023 1096 illo
1043 1077 1049 1095 ;
1075 1078 1088 1092 ι
1109 1069 1186 1095 Pater
1200 1067 1421 1100 miserationum,
1444 1074 1476 1094 ac
1496 1067 1571 1093 Deus
1588 1073 1686 1093 conso-

888 1112 996 1141 lationis
1009 1121 1033 1142 y.
1051 1122 1064 1138 »
1080 1111 1153 1146 Quin
1167 1111 1252 1139 etiam
1263 1111 1397 1147 Propheta
1412 1119 1419 1138 :
1431 1122 1443 1136 ι
1457 1111 1594 1139 Dominus
1609 1109 1686 1138 forti-

889 1157 954 1186 tudo
977 1165 1049 1191 mea,
1075 1160 1103 1183 et
1126 1164 1211 1183 cornu
1233 1155 1329 1183 salutis
1348 1162 1419 1183 mem
1438 1171 1458 1186 ι.
1485 1166 1498 1179 ιι
1518 1154 1571 1183 Hic
1590 1154 1684 1190 igitur,

889 1206 1033 1238 postquam
1049 1209 1148 1237 magna
1167 1204 1196 1228 et
1213 1200 1332 1236 gloriosa
1352 1199 1433 1227 nobis
1457 1198 1578 1234 donavit,
1601 1211 1612 1224 υ
1635 1200 1686 1227 Pa-

888 1252 960 1276 trem
980 1248 1084 1284 gloriw,
1107 1259 1119 1272 ν
1143 1247 1196 1275 hoc
1215 1250 1256 1274 est
1276 1250 1419 1274 auctorem
1447 1245 1535 1282 ipsum
1556 1245 1682 1281 appellat.

889 1294 950 1322 Non
966 1296 1067 1329 postest
1088 1292 1163 1320 enim
1181 1298 1248 1320 eum
1261 1291 1338 1319 aliter
1353 1298 1459 1325 vocare,
1475 1297 1558 1326 quam
1570 1298 1584 1317 a
1597 1290 1686 1325 splen-

888 1337 993 1366 didiore
1008 1337 1082 1374 apud
1094 1344 1146 1364 nos
1165 1335 1288 1364 nomine.
1304 1334 1459 1370 Theologus
1470 1338 1562 1362 autem
1580 1334 1684 1369 Grego-

888 1383 945 1410 rius
958 1390 1018 1418 per,
1041 1393 1054 1406 α
1077 1381 1205 1418 gloriam,
1225 1392 1236 1404 ιι
1260 1379 1406 1415 Unigeniti
1425 1377 1594 1406 divinitatem
1609 1378 1686 1406 intel-

887 1427 964 1462 lexit,
988 1430 1018 1454 ut
1041 1426 1064 1454 si
1085 1426 1165 1454 unius
1178 1429 1205 1453 et
1219 1424 1342 1460 ejusdem
1357 1422 1458 1451 Christi
1471 1426 1498 1450 et
1511 1424 1585 1450 Deus
1596 1426 1623 1450 et
1633 1423 1685 1450 Pa-

888 1476 929 1499 ter
957 1481 963 1499 :
988 1471 1087 1499 Christi
1119 1471 1242 1506 quidem,
1270 1469 1325 1496 sive
1350 1468 1541 1503 humanitatis,
1578 1470 1652 1496 Deus
1677 1477 1682 1495 τ

887 1516 983 1552 gloria:
998 1523 1073 1550 vero,
1086 1515 1142 1543 sive
1162 1514 1320 1548 divinitatis,
1332 1515 1420 1542 Pater.

929 1612 941 1624 ι
958 1601 1011 1628 Det
1028 1599 1104 1628 vobis
1117 1598 1249 1635 Spiritum
1261 1598 1402 1634 sapientiae
1416 1605 1449 1626 ac
1462 1597 1643 1630 revelationis,
1659 1597 1686 1625 in

890 1644 1030 1680 agnitione
1045 1644 1130 1679 ipsius
1150 1643 1320 1670 illuminatos
1341 1642 1436 1670 oculos
1452 1642 1545 1670 cordis
1570 1642 1658 1669 vestri.
1672 1653 1684 1666 ν

890 1690 950 1717 Hoc
960 1693 1002 1716 est
1021 1690 1134 1716 Donum
1151 1691 1178 1715 et
1199 1687 1314 1724 gratiam
1334 1686 1411 1715 vobis
1425 1686 1560 1721 exhibeat,
1586 1690 1618 1714 ut
1638 1694 1687 1722 per

889 1734 1021 1769 Spiritum
1040 1732 1212 1761 erudiamini.
1233 1732 1291 1760 Nisi
1311 1732 1385 1760 enim
1405 1731 1520 1767 Spiritus
1531 1731 1687 1759 revelaverit

890 1778 967 1806 vobis
977 1778 1067 1806 abdita
1080 1777 1219 1814 mysteria.
1230 1777 1288 1804 fieri
1301 1784 1357 1804 non
1373 1779 1464 1812 potest
1474 1780 1503 1803 ut
1515 1775 1567 1803 alia
1582 1776 1686 1804 ratione

889 1821 983 1849 eadem
1002 1820 1122 1848 discetis.
1148 1831 1160 1843 α
1187 1821 1249 1855 Ipse
1272 1829 1285 1845 ››
1304 1827 1424 1854 namque
1437 1818 1520 1852 solus,
1536 1826 1591 1846 non
1605 1827 1686 1855 ange-

889 1866 941 1899 lus,
964 1873 1053 1902 neque
1076 1864 1265 1900 archangelus,
1293 1874 1306 1888 ι
1331 1863 1423 1890 omnia
1455 1863 1579 1896 rimatur,
1603 1863 1685 1890 etiam

890 1909 1025 1946 profunda
1033 1910 1106 1937 Deis.
1113 1921 1124 1934 ιι
1131 1908 1316 1937 —«Animalis
1321 1911 1414 1936 autem
1421 1907 1506 1935 homo
1512 1915 1566 1934 non
1573 1907 1686 1943 percipit

889 1963 951 1991 qua:
962 1959 1024 1982 sunt
1034 1954 1150 1990 Spiritus
1160 1955 1198 1982 ρι’.
1212 1965 1225 1977 ι
1241 1954 1311 1981 Cum
1326 1952 1408 1988 igitur
1421 1960 1435 1980 a
1450 1951 1553 1987 Spiritu
1567 1951 1685 1979 rei-elata

889 1999 970 2027 nobis
984 1999 1084 2027 fuerint
1099 1998 1238 2035 mysteria,
1252 2002 1312 2026 tum
1326 1997 1352 2025 in
1363 1997 1501 2033 agnitione
1517 1995 1566 2023 Dei
1578 2003 1686 2030 sumus,

890 2045 1115 2080 illustranturque
1133 2043 1204 2071 oculi
1221 2042 1394 2077 uostri,fnec
1417 2048 1499 2077 porro
1518 2040 1686 2076 ambigimus

891 2097 922 2117 ac
936 2089 1061 2123 dicimus,
1074 2087 1147 2125 quod
1161 2087 1196 2116 sit
1214 2086 1380 2123 impossibile
1396 2085 1450 2114 hoc
1464 2085 1506 2114 vel
1519 2085 1585 2114 illud
1598 2085 1658 2113 ﬁeri
1678 2093 1684 2112 :

890 2137 1023 2162 cretei-um
1046 2133 1170 2162 videmus
1186 2133 1278 2161 omnia
1293 2131 1527 2168 quemadmodum
1540 2135 1614 2159 sunt.

928 2231 1015 2258 Vens.
1034 2233 1076 2258 18.
1092 2242 1103 2255 ι
1116 2231 1155 2258 Ut
1170 2230 1264 2258 sciatis
1282 2237 1330 2257 vos
1344 2237 1404 2265 qua;
1418 2229 1455 2256 sit
1466 2236 1528 2265 spes
1540 2229 1688 2256 vocationis

58 2279 113 2301 σεως
136 2270 156 2288 7‘
181 2271 272 2300 αὐτοῦ.
302 2282 316 2298 ιι
342 2270 501 2306 Τουτέστιν,
522 2270 586 2301 Ἐπὶ
619 2270 707 2304 ποίαις
732 2271 863 2320 ἒλπίσινΙ

921 2284 958 2303 us.
972 2287 985 2299 ι
1006 2276 1066 2302 Hoc
1080 2279 1132 2308 est,
1152 2274 1187 2302 ad
1200 2274 1309 2310 qualem
1324 2282 1401 2310 spem
1417 2273 1503 2301 vocati
1517 2272 1612 2301 simus.
1630 2273 1688 2301 Pla-

58 2312 201 2352 ἐκλήοημεν.
224 2317 311 2351 Δῆλον
336 2315 375 2350 δὲ,
394 2315 435 2344 ὅτι
452 2315 495 2345 ἐπὶ
515 2314 644 2355 υἱοθεσία,
667 2315 780 2345 καὶτῶν
794 2317 835 2345 οὖ-

59 2357 141 2394 ρςινίων
156 2361 260 2399 ἀγαθῶν
276 2360 439 2396 ἀπολαύσει,
462 2359 508 2389 καὶ
523 2361 561 2400 τῷ
577 2355 643 2389 εἶναι
662 2362 740 2398 ἡμῶν
756 2373 836 2401 κεφα-

59 2401 100 2437 λὴν
123 2403 164 2432 τὸν
190 2404 314 2445 Χριστόν.
342 2403 454 2440 Ἐπειδὴ
467 2404 519 2444 γὰρ
544 2407 620 2434 τοῦτο
644 2405 740 2443 μέλλον
768 2406 835 2442 ἐστὶ,

61 2452 226 2501 πγευματικῆς
264 2451 347 2480 δεῖται
377 2449 582 2491 ἀποκαλύψεως,
612 2451 649 2484 εἷς
680 2449 710 2480 τὸ
745 2453 836 2489 μαθεῖν

61 2501 123 2520 αυτο-

99 2549 110 2561 ιι
127 2538 176 2567 Καὶ
196 2539 234 2573 τίς
257 2541 271 2569 ὃ
290 2541 401 2574 πλοῦτος
423 2541 470 2576 τ’ἧς
491 2539 568 2576 δόξης
589 2542 636 2576 τῆς
662 2540 839 2580 κληρονομίας

63 2579 132 2624 αὐτοῦ
147 2583 172 2611 ἐν
195 2588 247 2618 τοῖς
269 2585 363 2624 ἁγίοις.
391 2598 403 2611 ι
429 2584 486 2615 Καὶ
515 2587 592 2614 τοῦτο
617 2584 656 2614 ἔτι
680 2579 776 2622 ἄδηλον
797 2586 837 2622 ὃν,

64 2622 134 2670 Etim
155 2629 199 2663 τῆς
218 2629 288 2668 παρὰ
312 2633 357 2659 τοῦ
374 2629 531 2668 Πνεύματος
555 2629 758 2670 ἀποκαλύψεως,
778 2630 838 2659 τίνα

65 2669 175 2703 μέλλουσι
199 2673 395 2714 κληρονομῆσαι
419 2675 443 2704 οἱ
469 2674 549 2714 ἅγιοι·
579 2669 688 2714 μεγάλαν
705 2674 767 2714 γάρ·
791 2675 839 2705 Διὸ

101 2730 140 2756 yll
155 2732 214 2759 Cor.
228 2741 249 2767 ι,
267 2737 290 2762 3.
340 2735 429 2762 ‘Psal.
443 2742 522 2767 xvu.
539 2737 562 2763 t.
601 2740 613 2752 ³
628 2736 639 2762 ι
653 2736 716 2763 Cor.
734 2742 768 2769 ιι,
789 2739 828 2762 10.

893 2327 958 2348 num
972 2324 1014 2347 est
1024 2319 1200 2355 autemquod
1212 2319 1245 2346 ad
1261 2318 1381 2346 filiorum
1395 2317 1613 2354 adoptationem,
1630 2325 1689 2346 cte—

891 2365 1056 2400 lestiumque
1089 2364 1227 2391 bonorum
1256 2363 1470 2398 perceptionem,
1498 2366 1526 2390 et
1551 2366 1583 2390 ut
1608 2366 1690 2398 caput

891 2413 1019 2437 nostrum
1040 2407 1165 2437 Christus
1188 2411 1269 2435 esset.
1295 2407 1365 2442 Quia
1392 2407 1465 2435 enim
1489 2406 1543 2435 hoc
1567 2405 1690 2435 futurum

892 2457 943 2488 est,
955 2452 1087 2490 spirituali
1098 2452 1261 2481 revelatioue
1276 2459 1345 2488 opus
1355 2455 1433 2480 estut
1441 2451 1529 2480 isthuc
1541 2451 1687 2488 discamus.

933 2556 946 2569 ι
967 2545 1003 2572 Et
1022 2551 1084 2580 qua:
1097 2543 1152 2571 sint
1171 2543 1273 2571 divitize
1291 2542 1384 2579 gloriae
1405 2541 1573 2570 hereditatis
1593 2540 1651 2577 ejus
1664 2540 1691 2568 in

892 2590 1003 2618 sanctis.
1020 2601 1034 2614 η
1054 2590 1090 2616 Et
1110 2588 1164 2616 hoc
1189 2596 1252 2616 cum
1282 2587 1370 2616 adhuc
1383 2587 1530 2615 obscurum
1552 2586 1598 2620 sit,
1623 2592 1692 2620 opus

894 2634 977 2662 habet
990 2633 1156 2661 revelatione
1170 2633 1300 2670 Spiritus,
1322 2639 1507 2668 quorumnam
1527 2634 1593 2658 sunt
1605 2629 1692 2657 haere-

894 2679 1007 2707 ditatem
1016 2678 1117 2707 adituri
1136 2679 1233 2706 sancti.
1260 2679 1362 2714 Magna
1386 2677 1458 2705 enim
1478 2680 1549 2703 sunt.
1577 2674 1647 2702 Hinc
1666 2678 1692 2702 et

868 2736 898 2752 ⁵·
914 2735 986 2763 lbid.
1005 2738 1047 2763 I4.

742 2789 835 2819 Variae
860 2790 1006 2819 lectiones.

99 2838 115 2854 θ’
130 2841 210 2875 μόνους
223 2844 251 2878 δὴ
267 2846 364 2877 τούτους
378 2853 414 2874 m.
452 2846 474 2863 ⁸⁸
489 2849 615 2880 πανταχοῦ
635 2847 656 2873 τ’
671 2844 716 2873 οὖν
732 2855 772 2876 m.
809 2847 831 2864 “9
844 2857 993 2883 προσευχαις
1007 2855 1033 2876 ο,
1073 2847 1094 2863 7“
1109 2847 1221 2882 ἐκήρυξεν
1235 2854 1273 2874 m.
1312 2846 1329 2861 7‘
1361 2844 1538 2880 παρακλήσεως
1553 2852 1579 2871 0.
