1877 3081
227 187 289 214 1051

733 189 989 218 THEOPHYLACTI
1009 190 1186 219 BULGARIE
1203 191 1361 220 ARCHIEP.

1782 193 1829 220 tos:
1859 171 1861 213 ἵ

225 249 329 278 mirum
345 257 393 286 per
410 250 506 280 delicta
530 256 557 280 et
576 257 696 288 peccata,
712 252 836 280 bifariam
856 261 903 280 eos
917 261 1008 281 conso-

1069 258 1123 288 τοῖς
1141 254 1343 293 παραπτώμασι
1366 253 1412 283 καὶ
1435 253 1493 287 ταῖς
1517 252 1672 294 ἁμαρτίαις,
1698 257 1829 294 παραμυθεῑ-
1860 251 1861 290 i

219 294 302 328 latur,
314 298 374 322 tum
388 303 438 331 per
457 296 510 324 hoc
522 297 597 332 quod
615 297 662 331 ait,
683 309 696 321 σι
714 299 745 324 In
759 297 857 333 quibus
869 297 934 325 olim
949 305 1009 325 am-

223 338 346 373 bulastis,
364 350 375 365 ι
393 344 419 368 et
433 349 486 368 non
500 341 583 369 hodie
601 351 606 369 ;
623 346 682 369 tum
697 350 745 378 per
764 342 816 370 hoc
831 342 904 377 quod
918 341 1009 376 infert,

220 383 294 418 quod
314 392 329 411 a
343 384 451 413 diabolo
467 386 552 421 378
572 387 601 413 in
617 390 779 422 potestatem
793 387 893 415 redacti
913 395 1008 423 pecca-

223 427 303 464 batis,
320 433 348 457 et
361 433 450 458 totum
462 438 519 458 non
532 435 590 459 erat
602 435 734 465 vestrum,
746 431 793 460 sed
811 435 838 460 et
850 436 1010 467 cooperato-

219 473 257 500 ris
269 474 362 508 vestri,
375 475 421 510 qui
435 475 502 503 adeo
514 480 641 512 potenter
652 484 700 504 vos
714 484 764 504 suo
769 477 824 513 juri
839 477 1009 513 subjugabat.

220 519 373 547 Peccabatis
405 520 498 556 igitur,
529 532 542 545 α
571 521 721 550 secundum
751 522 882 550 smeulum
913 522 1009 550 mundi

220 562 301 598 hujus
325 564 611 600 cireumambulantes,
637 578 649 590 ιι
671 566 724 594 hoc
744 571 795 599 est,
818 567 959 595 mundana
982 572 1011 595 et

221 609 386 644 temporaria
405 610 567 646 cogitantes,
589 615 669 647 atque
687 611 740 639 hoc
753 612 854 640 szcculo
867 620 1009 648 perperam

217 657 333 681 utentes.
349 656 411 682 Non
431 655 507 683 enim
521 656 652 684 swculum
668 656 774 684 malum
787 661 838 691 est,
851 656 898 684 scd
910 657 1010 684 abusus

219 697 288 733 ejus.
304 699 381 727 Istud
393 699 467 728 enim
483 700 578 729 datum
595 704 636 728 est
649 700 729 729 nobis
742 701 769 728 iu
785 701 893 735 ducem,
913 705 1007 738 quate-

218 750 270 770 nus
284 744 460 780 corruptibile
479 749 520 773 est
533 750 561 773 et
575 745 692 780 ﬂuxum,
708 746 829 773 excitans
848 754 900 774 nos
914 745 948 774 ad
969 746 1010 773 in-

222 788 410 824 corruptibilia
429 793 457 818 et
474 790 591 818 minime
613 791 696 818 ﬂuxa.
723 792 779 818 Nos
798 795 891 818 autem
913 799 1010 818 corru—

223 832 308 867 ptioni
320 837 347 861 et
358 833 444 862 ﬂuxui
459 834 539 871 hujus
551 835 660 871 alligati,
677 835 791 863 fecimus
808 835 875 863 illud
888 843 943 863 non
958 835 1008 864 du-

217 884 288 911 cem,
304 878 351 906 sed
366 879 605 915 impedimentum.
623 880 774 915 Principem
787 885 880 908 autem
893 884 1009 916 potesta-

1068 311 1112 328 ται
1136 299 1226 339 διπλῇ,
1245 301 1283 339 τῷ
1298 311 1324 329 τε
1341 299 1364 318 ⁸⁴
1382 301 1474 335 εἰπεῖν,
1496 309 1511 328 (ι
1532 299 1579 328 Ἐν
1594 293 1637 332 αἶς
1651 310 1715 328 ποτε
1732 310 1828 338 περιεπα-

1067 343 1176 380 τήσατε,
1195 358 1207 370 ιι
1225 345 1270 373 καὶ
1285 344 1344 384 οὐχὶ
1363 347 1418 372 νῐῖν⁹
1433 343 1479 373 καὶ
1497 345 1536 383 τῷ
1551 342 1661 382 ἐπάγειν
1686 344 1717 380 ⁸³,
1732 342 1767 372 ὅτι
1782 342 1829 372 Ὑπὸ

1067 391 1112 418 τοῦ
1154 388 1278 418 διαϐόλου
1312 387 1575 426 χατεξουσιαζόμενοι
1603 388 1776 427 ἡμαρτάνετε,
1800 388 1829 415 xxi

1068 434 1118 473 οὐχ
1141 434 1216 472 ὑμῶν
1231 429 1263 469 ἦν
1286 433 1316 463 τὸ
1330 439 1400 472 πᾶν,
1417 433 1487 462 ἀλλὰ
1506 433 1551 462 καὶ
1570 435 1617 461 τοῦ
1638 435 1757 471 συνεργοῦ
1769 433 1830 470 {ipim

1067 481 1114 507 τοῦ
1140 478 1222 512 οὕτως
1240 479 1354 518 ἰσχυρῶς
1376 477 1622 512 χατεξουσιάζοντος
1648 479 1728 516 ὓμῶν.
1747 476 1830 515 Ἥμαρ-

1067 522 1159 552 τάνεινε
1179 523 1274 560 τοίνυν,
1299 534 1314 552 (ι
1329 521 1398 552 κατὰ
1413 522 1458 551 τὸν
1482 524 1565 552 αἰῶνα
1582 525 1629 552 τοῦ
1649 522 1746 559 κόσμου
1763 520 1830 550 τούτου

1068 569 1285 607 περιπατοῦντες,
1313 581 1326 593 »
1348 567 1484 604 τουτέστι,
1511 569 1666 607 φρονοῦντες
1687 566 1719 595 τὰ
1741 568 1779 596 τοῦ
1799 565 1828 594 15-

1067 624 1136 650 σμου
1162 612 1208 641 καὶ
1232 611 1267 641 τὰ
1292 611 1459 653 πρόσκαιρα,
1489 612 1534 640 καὶ
1555 614 1646 644 κακῶς
1671 611 1787 650 χρώμενοι.

1067 658 1142 686 αἰῶνι
1166 656 1260 697 τούτῳ.
1276 657 1317 686 Οὐ
1338 657 1389 696 γὰρ
1404 658 1418 685 ὁ
1445 656 1510 685 αἰὼν
1534 656 1627 692 κακὸς,
1650 657 1707 685 ἀλλ’
1729 657 1744 691 ἡ
1763 655 1827 694 παρέ-

1066 713 1160 741 χρησις
1183 702 1272 733 αὐτοῦ.
1299 702 1383 734 Αὐτὸς
1407 701 1454 740 μὲν
1471 701 1522 740 γὰρ
1537 701 1631 740 ὁδηγὸς
1659 700 1767 735 δέδοται,
1785 701 1829 728 12%

1066 746 1177 786 φθαρτὸς
1214 747 1260 775 καὶ
1300 745 1423 786 ῥευστὸς,
1458 745 1592 785 διεγείρων
1628 747 1700 783 ἡμᾶς
1732 744 1784 784 πρὸς
1807 743 1828 771 τὲ

1067 791 1186 831 ἄφθαρτα
1210 791 1256 820 καὶ
1280 790 1405 831 ἄρευστα·
1433 792 1510 828 ἡμεῖς
1532 789 1560 819 δὲ
1643 792 1722 830 φθορᾷ
1747 789 1783 818 καὶ

1068 837 1114 876 ῥοῇ
1131 834 1223 865 τούτου
1240 835 1440 875 προσδεθέντες,
1465 834 1628 872 ἐποιήσαμεν
1653 834 1726 864 αὐτὸν
1742 833 1783 872 οὐχ
1799 833 1828 861 ξε-

1062 879 1142 917 ηγὸν,
1157 879 1216 908 ἀλλ’
1229 879 1404 918 ἐμποδιστήν.
1419 893 1431 906 ι
1446 879 1579 919 Ἄρχοντα
1593 879 1621 909 δὲ
1630 881 1676 914 τ’ἧς
1686 878 1786 911 ἐξουσίας
1797 880 1827 904 τῦῖ

218 921 252 948 tis
266 922 336 951 aeris
357 923 499 952 diabolum
513 925 640 960 appellat,
660 933 718 952 non
737 924 926 959 Conditorem,
947 933 1007 960 per-

1065 924 1138 964 ἀέρος
1153 938 1165 951 ι
1180 924 1224 954 τὸν
1238 924 1360 954 διάϐολόν
1371 936 1465 965 φησιν,
1482 925 1510 953 οὔ
1524 925 1568 954 τὸν
1588 922 1761 962 Δημιουργὸν,
1775 923 1801 954 ὡς
1811 922 1827 948 ῡῖ

219 966 284 995 inde
306 975 337 995 ac
359 969 517 997 exsecrandi
540 969 683 998 Manichaai
713 979 719 997 :
749 970 903 1005 Principem
930 977 1006 1003 sane,

219 1011 294 1047 quod
309 1014 438 1041 mortales
454 1014 505 1050 ipsi
521 1015 624 1050 seipsos
636 1015 658 1042 ei
673 1014 856 1050 subjecerunt,
871 1023 901 1042 ac
919 1014 1011 1050 plures

216 1057 268 1092 ipsi
283 1058 403 1086 serviant
413 1066 496 1094 quam
512 1060 581 1086 Deo.
596 1061 792 1087 Verumtamen
805 1059 831 1086 iu
846 1058 897 1087 hoc
909 1059 1009 1087 smculo

217 1105 259 1128 est
273 1101 322 1129 iste
335 1103 394 1138 ejus
409 1103 584 1139 principatus,
601 1111 633 1131 ac
646 1111 737 1132 aerem
750 1112 805 1131 non
817 1103 985 1132 transcendit
1000 1113 1006 1131 :

219 1153 275 1173 non
290 1147 363 1174 enim
378 1147 405 1174 iu
417 1148 487 1175 ccelo
502 1148 592 1176 locum
606 1148 698 1181 habet,
715 1148 760 1176 sed
773 1147 825 1176 sub
841 1148 922 1176 caalo.
940 1149 1009 1176 Pro-

219 1194 310 1226 pterea
333 1192 431 1220 Paulus
447 1193 597 1228 principem
621 1193 765 1229 potestatis
789 1193 859 1221 aeris
880 1193 1007 1228 appellat,

219 1243 276 1262 non
291 1235 372 1263 veluti
390 1236 417 1263 in
432 1245 522 1264 aerem
535 1237 705 1271 dominetur,
721 1245 839 1273 eumque
852 1238 985 1273 gubernet
1001 1247 1007 1264 :

217 1279 309 1307 Absit!
323 1280 371 1308 sed
382 1281 455 1316 quod
469 1281 495 1308 iu
508 1289 540 1308 eo
550 1281 718 1309 demoretur.
730 1282 799 1309 Nam
812 1290 876 1309 cum
886 1281 1010 1310 diabolus

219 1324 331 1359 spiritus
344 1325 389 1358 sit,
407 1325 435 1352 in
454 1334 526 1360 aere,
542 1326 624 1354 veluti
639 1326 748 1362 spiritu,
763 1330 963 1361 commoratur,
982 1330 1010 1354 et

220 1368 361 1405 hucusque
375 1374 537 1404 potestatem
552 1370 634 1398 habet
652 1375 735 1407 atque
753 1371 912 1406 potentiam,
929 1379 1010 1406 super

218 1421 264 1440 eos
281 1414 326 1450 qui
350 1422 408 1442 sese
430 1415 481 1450 ipsi
498 1415 648 1452 subjiciunt
667 1415 849 1451 principatum
867 1423 1008 1444 exercens.

219 1459 346 1486 Nonnulli
365 1467 439 1493 vero,
461 1471 473 1483 «
495 1460 643 1495 principem
662 1460 732 1487 aeris
755 1471 765 1484 ι
789 1468 849 1495 pro,
869 1467 1009 1488 ocrearum

222 1503 417 1538 potentiarum,
441 1504 592 1540 intelligunt
617 1514 623 1532 :
651 1504 723 1532 unde
745 1508 772 1532 et
795 1504 895 1537 intulit,
922 1505 1008 1538 aiunt,

217 1558 230 1571 α
253 1547 363 1582 spiritus
382 1557 388 1575 ε
412 1560 425 1572 ν
446 1548 498 1576 hoc
512 1553 562 1581 est,
575 1549 653 1584 juxta
675 1549 826 1584 principem
841 1553 868 1576 et
882 1548 1009 1576 domina-

219 1595 308 1619 torem
323 1592 415 1620 omnis
433 1593 545 1627 spiritus
563 1582 591 1620 in
613 1601 674 1620 aere
691 1593 835 1620 versantis.
859 1595 1008 1629 Postquam
1023 1582 1045 1613 ο

217 1636 290 1663 enim
306 1637 391 1664 semel
413 1636 536 1672 princeps
556 1637 644 1665 factus
658 1641 709 1671 est,
722 1637 828 1665 videtur
843 1638 877 1665 ab
891 1646 923 1665 eo
937 1639 1008 1673 prin-

220 1680 312 1715 cipatu
332 1688 366 1708 ne.
389 1685 450 1716 post
471 1682 713 1717 transgressionem
735 1682 845 1717 quidem
866 1683 1006 1711 excidisse.

256 1736 268 1748 «
291 1725 343 1761 Qui
366 1733 439 1753 nunc
458 1730 587 1762 operatur
605 1726 633 1753 in
648 1726 710 1754 [iliis
728 1726 897 1754 dillidentiac.
918 1739 931 1751 ν
948 1729 1009 1755 Non

217 1768 295 1803 dixit,
312 1770 363 1804 Qui
383 1770 466 1806 cogit,
482 1770 541 1805 sed,
566 1781 578 1795 ι
595 1770 648 1806 Qui
667 1775 797 1806 operatur
816 1781 822 1798 :
839 1783 852 1796 ν
868 1771 940 1800 unde
955 1772 1009 1807 pla-

218 1821 285 1842 num
301 1819 342 1842 est
363 1814 438 1851 quod
459 1815 487 1842 iu
509 1815 675 1843 voluntarios
693 1815 858 1844 dominetur.
881 1817 908 1844 Si
932 1817 1009 1845 enim

216 1859 298 1887 nobis
317 1859 410 1887 invitis
430 1858 630 1894 dominaretur,
650 1864 758 1896 cogeret
772 1868 846 1894 sane,
865 1861 904 1888 uti
922 1869 954 1888 ex
976 1870 1009 1890 eo

215 1903 290 1939 quod
307 1905 434 1941 sequitur
450 1905 563 1940 planum
579 1909 629 1932 est.
651 1916 664 1929 ιι
681 1907 817 1940 ()peratur
832 1917 843 1929 ν
861 1906 947 1938 enim.
967 1906 1007 1934 in-

217 1949 288 1984 quit,
312 1961 324 1972 a
342 1950 369 1976 iu
393 1949 455 1976 ﬁliis
475 1949 674 1982 iuobedientim,
695 1959 708 1975 η
735 1949 787 1977 hoc
810 1954 860 1982 est,
886 1951 933 1986 qui
954 1959 1009 1978 non

217 1993 408 2029 obtemperant
421 1995 489 2028 Deo,
509 1993 557 2021 sed
574 1994 618 2030 qui
640 1994 675 2022 illi
695 2002 748 2022 non
768 1995 854 2022 coacti
870 1995 1009 2031 obtempe-

215 2040 287 2064 rant.

253 2083 345 2110 Vens.
368 2086 395 2111 3.
417 2094 428 2107 α
454 2085 486 2110 In
504 2083 601 2119 quibus
624 2088 651 2111 et
670 2092 719 2112 nos
739 2091 837 2112 omnes
859 2084 1008 2120 aliquando

215 2127 364 2155 conversati
387 2135 491 2162 sumus,
517 2128 543 2156 iu
565 2128 704 2157 desideriis
727 2129 817 2156 carnis
836 2133 948 2164 uostrm,
969 2129 1009 2158 fa-

214 2172 318 2200 cientes
330 2172 483 2201 voluntates
502 2173 591 2201 eni-nis
604 2177 631 2201 et
645 2173 851 2209 cogitationum.
870 2185 882 2198 ιτ
905 2176 968 2202 Non
981 2175 1009 2202 in

1064 969 1208 1009 κατάρατοι
1226 970 1384 1009 Ῐθίανιχαῖοι.
1401 967 1539 1009 1Ἄρχοντα
1556 969 1605 1007 μὲν
1621 971 1666 999 οῦν
1677 991 1685 1006 ,
1704 967 1762 997 διότι
1777 966 1827 994 αὐτοὶ

1063 1013 1170 1046 ἑαυτοὺς
1193 1014 1216 1042 οἱ
1241 1014 1374 1054 ἄνθρωποι
1402 1013 1538 1049 ὑπέθηκαν
1564 1014 1650 1053 αὗτῷ,
1675 1012 1718 1042 καὶ
1741 1010 1827 1040 πλείονες

1064 1059 1135 1098 αὐτῷ
1151 1057 1315 1087 δουλεύουσιν
1364 1060 1400 1098 τῷ
1413 1059 1487 1098 Θεῷ.
1507 1057 1582 1094 Πλὴν
1599 1060 1627 1087 ἐν
1641 1059 1680 1096 τῷ
1692 1059 1759 1086 αἰῶνι
1768 1055 1827 1093 τούτῳ

1063 1103 1134 1132 ἐστὶν
1150 1105 1167 1138 ἡ
1181 1103 1292 1139 τοιαύτη
1313 1104 1386 1142 αὐτῷ
1409 1103 1492 1143 ἀρχὴ,
1515 1102 1560 1132 καὶ
1585 1103 1632 1132 τὸν
1647 1103 1710 1142 ἀέρα
1726 1102 1759 1139 μὴ
1772 1102 1828 1138 ὕπερ-

1065 1146 1202 1176 ϐαίνουσω
1228 1148 1257 1176 οὖ
1282 1147 1334 1187 γὰρ
1355 1148 1381 1176 ἐν
1404 1149 1442 1187 τῷ
1464 1148 1567 1187 οὖρανῷ
1593 1147 1651 1187 ἔχει
1677 1146 1768 1186 χώραν,

1064 1192 1116 1221 ὑπὸ
1147 1192 1190 1221 τὸν
1221 1192 1342 1231 οὖρανόν.
1368 1192 1415 1222 Διὸ
1438 1192 1484 1221 καὶ
1505 1194 1519 1221 ὃ
1543 1194 1654 1225 Παῦλος
1676 1192 1779 1231 ἄρχοντα
1797 1190 1827 1222 τῆς

1063 1236 1179 1270 ἐξουσίας
1201 1239 1246 1266 τοῦ
1264 1236 1338 1276 ἀέρος
1359 1237 1449 1277 φησὶν,
1475 1238 1525 1276 οὖχ
1549 1239 1583 1270 ὡς
1604 1239 1650 1266 τοῦ
1675 1236 1744 1276 ἀέρος
1756 1233 1825 1263 δεσπό-

1064 1283 1154 1318 ζοντα,
1174 1281 1243 1310 ὥστε
1268 1282 1414 1320 οἰκονομεῖν
1432 1281 1521 1318 αὐτὸν,
1537 1281 1641 1321 ἄπαγεέ
1659 1282 1716 1310 ἀλλ’
1736 1281 1767 1312 ὡς
1779 1279 1827 1315 αὖτῷ

1063 1326 1309 1366 ἐμφιλοχωροῦντα.
1330 1328 1443 1364 Πνεῦμα
1458 1325 1509 1366 γὰρ
1528 1324 1564 1354 ὢν
1581 1328 1596 1355 ὃ
1613 1326 1744 1360 διάϐολος,
1765 1324 1786 1352 ἔν
1802 1323 1826 1359 τῷ

1064 1371 1132 1409 ἀέρι,
1153 1372 1188 1403 ὡς
1214 1369 1356 1408 πνεύματι,
1374 1371 1518 1409 διατρίϐει,
1534 1370 1580 1399 καὶ
1601 1370 1682 1410 μέχρι
1696 1369 1777 1399 τούτου
1795 1366 1827 1400 τὴν

1064 1414 1176 1452 δύναμιν
1192 1414 1237 1444 καὶ
1253 1414 1372 1449 ἐξουσίαν
1388 1415 1455 1455 ἔχει,
1479 1415 1571 1456 ἄρχων
1596 1417 1650 1444 τῶν
1667 1413 1763 1446 ἑαυτοὺς
1779 1412 1826 1440 ἶπο-

1063 1459 1188 1488 τιθέντων
1206 1460 1287 1500 αὐτῷ.
1313 1459 1391 1493 Τινὲς
1413 1460 1456 1497 δὲ,
1484 1471 1498 1488 ιι
1520 1459 1639 1500 ἄρχοντα
1665 1462 1709 1489 τοῦ
1733 1457 1805 1496 ἀέρος,
1820 1467 1826 1478 ¹

1065 1506 1117 1533 τῶν
1143 1504 1264 1544 ἐναερίων
1287 1505 1424 1542 δυνάμεων
1447 1507 1545 1535 νοοῦσι.
1573 1504 1623 1534 Διὸ
1651 1504 1697 1534 καὶ
1724 1502 1826 1539 ἐπήγαγεν

1065 1547 1136 1588 φασί·
1155 1561 1166 1574 α
1191 1550 1247 1578 Τοῦ
1273 1548 1431 1587 πνεύματος*
1459 1560 1473 1577 ι
1502 1549 1637 1585 τουτέστι,
1662 1548 1729 1578 κατὰ
1747 1546 1782 1575 τὸν
1796 1544 1828 1582 ἄρ·

1063 1604 1146 1632 χοντα
1169 1593 1214 1622 καὶ
1236 1593 1406 1628 ἐξουσιαστῆν
1433 1594 1530 1627 παντὸς
1558 1593 1676 1634 ἔναερίου
1698 1591 1825 1629 πνεύματος-

1061 1637 1141 1667 Ἐπεὶ
1163 1638 1214 1677 γὰρ
1231 1638 1321 1677 ἄρχων
1345 1637 1415 1672 ἅπαξ
1440 1638 1554 1677 ἐγένετο,
1579 1639 1651 1668 δοχεὶ
1677 1637 1713 1675 μὴ
1736 1646 1826 1674 μεταπε-

1062 1682 1195 1711 πτωκέναι
1210 1685 1256 1717 τῆς
1273 1683 1356 1722 ἀρχῆς
1369 1683 1414 1711 καὶ
1430 1682 1497 1721 μετὰ
1508 1683 1556 1718 τὴν
1573 1682 1733 1722 παράϐασιν.

1106 1738 1119 1754 ιι
1145 1728 1201 1756 Τοῦ
1226 1730 1271 1756 νῦν
1294 1729 1457 1766 ἐνεργοῦντος
1486 1729 1512 1756 ἐν
1537 1731 1592 1761 τοῖς
1622 1729 1685 1760 υἱοῖς
1708 1728 1751 1761 τῆς
1772 1726 1828 1753 ἄπει-

1062 1771 1142 1805 θείας.
1170 1785 1182 1798 ιο
1197 1772 1258 1801 Οὐκ
1281 1767 1349 1807 εἶπε,
1374 1773 1428 1802 Τοῦ
1449 1773 1653 1811 ἀναγκάζοντος,
1669 1770 1742 1807 ἀλλὰ,
1761 1783 1772 1795 ι
1789 1769 1828 1798 Ἰὀῧ

1062 1817 1235 1856 ἐνεργοῦντος.
1259 1827 1273 1845 ι)
1293 1816 1376 1846 Ὅθεν
1405 1818 1497 1852 δῆλον,
1523 1816 1563 1846 δτι
1579 1816 1692 1846 ἑκόντων
1714 1815 1787 1855 ἄρχει.
1805 1813 1827 1841 Εἰ

1061 1861 1111 1899 γὰρ
1129 1860 1244 1890 ἀκόντων
1269 1863 1346 1898 ἡμῶν
1371 1861 1506 1897 ἐδέσποζε,
1531 1861 1577 1891 καὶ
1597 1861 1783 1899 κατηνάγκαζεν
1799 1857 1826 1886 ἄν·
1860 1889 1861 1893 η

1062 1906 1107 1933 καὶ
1122 1906 1152 1934 ἐκ
1167 1908 1214 1934 τοῦ
1231 1905 1321 1944 ἐφεξῆς
1336 1904 1363 1934 δὲ
1376 1906 1467 1941 δῆλον.
1487 1920 1499 1932 ‹ι
1517 1905 1638 1946 Ἐνεργεῖ
1651 1917 1665 1935 ι)
1681 1906 1739 1945 γὰρ,
1759 1902 1826 1943 φησὶν»

1065 1961 1079 1977 α
1098 1950 1124 1978 ἓν
1146 1954 1199 1983 τοῖς
1221 1951 1284 1983 υἱοῖς
1307 1951 1353 1985 τ’ἤς
1376 1950 1526 1987 ἀπειθείας,
1551 1964 1564 1976 υ
1587 1951 1717 1986 τουτέστι,
1737 1952 1782 1980 τοῖς
1801 1945 1826 1982 μὴ

1062 1994 1226 2032 πειθομένοις
1253 1994 1301 2034 μὲν
1332 1995 1410 2034 Θεῷ,
1440 1995 1603 2032 πειθομένοις
1625 1995 1652 2025 δὲ
1683 1993 1772 2033 ἐκείνῳ,
1794 1991 1826 2019 οὐκ

1063 2038 1296 2077 ἀναγκαζομένοις.

1136 2083 1144 2094 3
1295 2084 1300 2093 ι
1329 2087 1336 2097 ρ
1378 2090 1388 2094 ..
1448 2084 1455 2094 ι
1536 2085 1544 2092 ς
1637 2084 1644 2095 ,
1708 2083 1714 2092 1
1810 2079 1815 2085 ·

1104 2094 1120 2112 tt
1149 2085 1184 2114 Εν
1200 2079 1237 2117 οἶς
1258 2096 1304 2113 και
1324 2096 1400 2122 ημεις
1417 2096 1514 2118 παντες
1530 2096 1727 2124 ανεστραᾳημεν
1744 2092 1795 2111 ποτε
1808 2090 1825 2107 εν

1063 2132 1120 2162 ταῖς
1135 2128 1285 2167 ἐπιθυμίαις
1299 2131 1345 2164 τ’ἧς
1362 2129 1459 2169 σαρκὸς
1482 2131 1568 2168 ἡμῶν,
1584 2132 1715 2161 ποιοῦντες
1728 2127 1757 2156 τὰ
1770 2123 1825 2157 θελή-

1065 2185 1138 2210 ματα
1158 2175 1205 2209 τῆς
1220 2173 1315 2213 σαρκὸς
1331 2174 1376 2203 καὶ
1391 2176 1443 2203 τῶν
1460 2175 1592 2205 διανοιῶν.
1614 2189 1627 2200 ι
1645 2175 1701 2204 Οὐκ
1721 2173 1744 2201 ἐν
1762 2169 1824 2206 τούτῳ

1859 1581 1861 1704 i

1859 1960 1861 2084 ι

215 2216 267 2245 hoc
279 2217 338 2246 solo
350 2217 507 2246 consolatus
520 2223 561 2246 est
573 2226 629 2253 eos,
646 2218 719 2254 quod
735 2217 838 2247 diceret
852 2227 885 2246 ex
900 2219 1008 2247 diabolo

1065 2217 1142 2254 μόνον
1159 2218 1367 2259 παρεμυθήσατο
1383 2218 1484 2252 αὖτοὺς,
1507 2221 1545 2259 τῷ
1561 2219 1654 2254 εἰπεῖν,
1674 2218 1711 2247 ὅτι
1723 2213 1825 2264 Διαὼλοξλ

214 2261 297 2290 fuisse
312 2262 387 2298 quod
400 2267 558 2298 peccassent
578 2272 583 2290 :
600 2271 695 2290 verum
710 2263 794 2290 etiam
807 2271 855 2299 per
868 2263 921 2291 hoc
934 2264 1010 2300 quod

216 2307 336 2342 seipsum
352 2311 379 2335 et
396 2315 491 2336 omnes
511 2308 629 2343 reliquos
648 2316 712 2336 eum
733 2308 786 2336 illis
801 2309 829 2336 in
851 2308 947 2336 eodem
963 2317 1008 2337 or-

214 2351 279 2378 dine
294 2351 425 2386 collocet;
442 2361 523 2380 nemo
539 2353 614 2380 enim
630 2353 685 2380 siuc
699 2357 808 2388 peccato
820 2357 888 2381 erat.
904 2354 1008 2381 Concu-

216 2396 364 2431 piscentias
383 2401 478 2424 autem
497 2397 586 2425 carnis
604 2405 650 2425 eas
666 2405 726 2433 quae
745 2405 776 2425 ex
797 2399 897 2426 carnali
912 2398 1010 2427 affectu

214 2445 287 2474 sunt,
307 2440 383 2469 dicit.
403 2442 439 2468 Et
460 2441 535 2477 quod
549 2450 661 2470 carnem
681 2450 736 2470 non
756 2447 874 2476 accuset,
895 2443 1009 2472 manife-

213 2489 286 2512 stum
299 2489 348 2513 est.
364 2486 433 2513 Cum
448 2486 522 2514 enim
538 2486 660 2520 dixisset,
677 2498 689 2510 ιι
704 2487 844 2515 Facieutes
859 2488 1010 2517 voluntates

214 2530 320 2565 carnis;
338 2541 351 2555 ιι
368 2530 523 2564 subintulit,
540 2543 552 2555 ι
567 2532 602 2558 Et
619 2531 815 2567 cogitationum
833 2540 865 2559 τι
889 2531 940 2560 hoc
956 2538 1008 2568 est,

215 2574 279 2603 nihil
305 2575 444 2611 spirituale
467 2575 626 2603 sentientes.
657 2575 774 2604 Proinde
798 2584 860 2604 caro
886 2585 942 2604 non
967 2582 1010 2605 est

213 2620 378 2655 accusanda,
390 2619 440 2648 sed
458 2628 534 2648 mens
548 2625 575 2648 et
589 2620 717 2657 cogitatio
730 2620 763 2648 ad
780 2621 925 2657 voluptatis
938 2622 1006 2650 affe-

215 2665 319 2694 ctiones
333 2665 502 2702 pertrahens.
521 2665 568 2693 Vel
582 2665 620 2693 sic
638 2675 644 2693 :
664 2665 848 2702 Cogitationes
861 2671 887 2694 et
901 2672 1008 2695 mentes

214 2714 324 2739 nostras
337 2711 422 2747 379
435 2710 682 2747 coinquinavimus,
696 2711 846 2747 cogitantes
859 2719 922 2748 qua:
936 2713 1008 2740 mala

1065 2257 1081 2264 η.
1202 2255 1206 2259 -
1232 2255 1235 2256 ν
1532 2255 1536 2259 .
1818 2255 1821 2264 δ

1063 2265 1096 2298 ἦν
1119 2262 1150 2292 τί)
1172 2265 1241 2301 ὑμᾶς
1266 2263 1446 2303 ἁμαρτάνειν,
1467 2263 1537 2292 ἀλλὰ
1561 2264 1606 2293 καὶ
1630 2265 1666 2303 τῷ
1695 2260 1773 2291 ἑαυτὸν
1792 2267 1823 2286 καί

1062 2307 1161 2340 πάντας
1187 2309 1244 2345 μετ’
1261 2308 1366 2336 ἐκείνων
1391 2308 1476 2342 τάξαι·
1503 2308 1586 2342 οὐδεὶς
1607 2308 1658 2348 γὰρ
1674 2305 1824 2353 ἀναμάρτητξ(

1062 2347 1105 2386 ἦν,
1124 2351 1286 2390 Ἐπιθυμίας
1301 2352 1328 2382 δὲ
1350 2352 1445 2392 σαρκὸς
1468 2352 1515 2386 τὰς
1536 2355 1584 2382 τοῦ
1609 2353 1728 2393 σαρκικοῦ
1750 2347 1822 2388 φρονή-

1064 2396 1146 2433 ματός
1159 2407 1232 2435 φησι.
1253 2396 1306 2426 Καὶ
1321 2394 1361 2426 ὅτι
1383 2398 1411 2426 οὗ
1427 2397 1475 2433 τὴν
1498 2397 1586 2437 σάρκα
1600 2397 1738 2430 διαϐάλλει,
1756 2392 1821 2437 37d“-

1062 2440 1154 2470 Εἰπὼν
1168 2440 1230 2481 γὰρ,
1250 2455 1260 2467 ι
1277 2443 1419 2475 Ποιοῦντες
1439 2441 1472 2470 τὰ
1487 2442 1625 2480 θελήματα
1647 2443 1690 2476 τῆς
1709 2436 1820 2488 captiti!"

1063 2485 1190 2524 ἐπήγαγε·
1216 2499 1227 2510 σ
1254 2486 1308 2516 Καὶ
1332 2487 1384 2515 τῶν
1410 2488 1543 2516 διανοιῶν·
1570 2498 1584 2515 n
1613 2485 1746 2519 τουτέστιν,
1767 2485 1820 2530 οὑξ*

1061 2530 1241 2568 πνευματικὸν
1267 2534 1373 2570 φρονοῦν
1380 2543 1431 2565 τες.
1447 2530 1536 2561 "Qun
1559 2533 1607 2571 οὐχ
1621 2534 1637 2568 ἡ
1653 2529 1712 2570 σὰρξ
1726 2524 1820 2575 διαϐολῇ(

1062 2574 1134 2610 ἀξία,
1156 2574 1215 2603 ἀλλ’
1239 2578 1256 2611 ἡ
1273 2569 1392 2612 νδιοίνοια,
1417 2578 1433 2611 ἡ
1461 2575 1524 2615 πρὸς
1545 2569 1649 2612 ’τὰ-τῆς
1670 2569 1752 2621 ἡδονῆς
1768 2569 1818 2621 “die”

1061 2621 1278 2657 κατασυρομένη.
1295 2618 1333 2649 Ἢ
1349 2620 1394 2649 καὶ
1415 2619 1509 2658 οὕτως,
1532 2622 1572 2650 ὅτι
1593 2620 1647 2651 Καὶ
1668 2619 1710 2652 τὰς
1733 2617 1818 2644 rimati:

1061 2664 1253 2704 ἐῤῥυπαίνομεν
1270 2664 1296 2683 ⁸³
1311 2665 1476 2704 λογιζόμενοι
1489 2665 1524 2695 τὰ
1536 2665 1616 2694 κακά·
1632 2664 1675 2694 xui
1690 2662 1730 2698 τὴν
1744 2658 1815 2696 ira?“

1060 2708 1219 2748 πράττοντες
1238 2709 1316 2739 αὖτά.
1334 2710 1453 2739 Δύνασαι
1473 2709 1501 2739 δὲ
1524 2710 1621 2751 σαρκὸς
1636 2710 1681 2749 μὲν
1694 2707 1749 2747 ἔργα
1767 2710 1816 2738 ποθ’

906 2789 1003 2818 Variae
1024 2789 1171 2818 lectiones.

247 2832 266 2850 ⁸¹
282 2833 347 2858 ὥστε
363 2839 389 2859 ο.
429 2832 450 2848 ⁸³
465 2832 600 2870 ἐπαγαγεῖν
616 2841 643 2862 ο,
681 2833 703 2849 ⁸³
719 2834 886 2869 ῥυπαινιῦμεθα
897 2841 924 2861 0.
