1877 3081
71 186 135 213 1053

67 293 109 324 καὶ
122 292 313 332 μνησικακίαν,
328 292 374 322 καὶ
389 291 422 322 τὰ
432 291 520 331 ὅμοια.

107 437 120 455 α
138 426 190 456 Καὶ
205 422 272 464 ἦμεν
286 425 365 456 τέκνα
379 425 454 466 φύσει
468 427 563 466 ὀργῆς,
580 426 615 458 ὡς
629 423 675 454 καὶ
688 425 712 454 οῖ
723 423 820 454 λοιποί.
838 435 853 453 n

67 471 132 501 Ἀντὶ
159 473 218 507 τοῦ,
236 470 432 510 Παρωξύναμεν
447 470 490 499 τὸν
517 469 596 510 Θεὸν
611 469 657 498 καὶ
683 469 857 508 παρωργίσα-

68 528 127 555 μεν,
146 515 191 545 καὶ
208 509 380 554 οὖδὲθῖᾶλλο,
404 517 426 544 εἷ
445 514 482 554 μὴ
507 514 571 554 ὀργὴ
588 509 656 552 ἦμεν
679 513 839 554 αὐτόχρημα
851 525 857 532 ·

68 560 152 600 ὥσπερ
168 560 213 590 καὶ
228 559 257 590 τὸ
273 560 362 589 τέκνον
386 562 432 589 τοῦ
449 558 603 599 ἀνθρώπου,
630 558 707 597 φύσει
723 558 858 597 ἄνθρωπός

68 607 148 641 ἐστιν,
170 605 241 634 οὕτω
255 606 299 634 καὶ
322 606 410 643 ἡμεῖς.
435 604 546 643 Ὥσπερ
570 603 597 632 δὲ
616 603 667 632 υἱοὶ
680 604 785 642 γεέννης
798 603 858 642 {mi

68 650 114 679 υἱοὶ
129 649 262 683 ἀπωλείας
285 649 425 689 λέγονται,
444 649 468 678 οἳ
498 648 563 683 ἄξιοι
580 648 697 677 τούτων·
720 647 789 676 οὕτω
812 648 857 677 καὶ

70 707 83 722 ιι
98 696 173 734 ὀργῆς
196 694 275 724 τέκνα
293 706 307 722 ιι
327 695 350 724 οἱ
372 695 450 734 ὀργῆς
470 692 530 728 ἄξια
554 693 725 733 πράττοντες.
751 693 792 722 Τὸ
815 692 857 729 δὲ,

69 751 81 769 ‹
97 739 194 776 Φύσει,
209 751 224 768 ι)
244 739 302 768 ἀντὶ
317 742 378 777 τοῦ,
400 739 520 774 ἀληθῶς,
543 737 588 767 καὶ
614 737 744 777 γνησίως,
761 739 796 771 ὡς
812 737 858 766 καὶ

67 785 88 813 οἱ
97 783 192 813 λοιποί·
209 783 291 816 οὐδεὶς
306 783 356 822 γὰρ
369 782 502 822 ἐλεύθερος
516 778 560 818 ἧν.

106 842 119 855 ι
135 828 170 858 ’0
185 828 213 857 δὲ
235 829 303 862 Θεὸς
324 828 450 861 πλούσιος
472 826 508 856 ὢν
530 828 556 856 ἓν
570 826 648 857 ἐλέει.
668 838 683 856 ι
699 825 796 865 Ἡμεῖς
811 826 858 864 μὲν

508 183 682 212 EXPOSITIO
702 183 735 211 IN
755 183 858 210 EPIST.
879 183 925 210 AD
944 181 1062 210 EPHES.
1081 196 1116 202 —
1135 182 1208 210 CAP.
1230 183 1262 210 ll.

14 272 20 287 ἶ
67 249 132 278 νείαν
162 247 206 277 καὶ
231 247 264 277 τὰ
291 249 401 277 τοιαῦτα
420 251 503 276 νοεῖν·
530 247 651 276 διανοιῶν
678 245 721 283 δὲ,
746 246 854 286 φθόνους
872 247 899 279 Α

943 249 977 272 nt
996 253 1004 272 :
1025 249 1052 273 et
1067 252 1190 278 carnem,
1208 243 1340 272 facientes
1356 252 1397 272 ea.
1411 245 1491 273 Potes
1508 248 1602 272 autem
1618 243 1706 272 carnis

1635 180 1705 208 1054

914 289 1024 326 quidem
1037 297 1120 325 opera
1135 288 1344 317 fornicationem
1356 293 1384 316 et
1396 288 1555 324 huiusmodi
1565 288 1686 325 accipere
1698 298 1705 316 :

912 339 1014 367 mentis
1030 342 1124 366 autem
1146 338 1203 366 sive
1224 337 1434 374 cogitationum,
1457 337 1599 372 invidiam,
1618 337 1706 366 vindi-

912 387 996 417 ctam,
1017 382 1098 420 idque
1110 390 1196 419 gcnus
1210 383 1272 410 alia.

951 440 963 452 ιι
984 429 1020 456 Et
1031 435 1142 456 eramus
1151 432 1247 456 natura
1259 427 1305 455 ﬁlii
1314 427 1372 461 irae,
1386 427 1455 455 sicut
1465 431 1492 455 et
1503 427 1604 456 caeteri.
1618 439 1631 452 π
1644 429 1706 461 Pro,

912 473 1141 501 Coacerbavimus
1153 475 1243 501 Deum
1252 476 1279 500 et
1290 472 1510 508 provocavimus,
1521 476 1549 500 et
1558 471 1624 499 nihil
1635 472 1708 500 aliud

914 522 1098 553 praeterquam
1115 518 1154 546 ira
1171 525 1265 546 revera
1279 525 1389 546 eramus
1407 526 1414 545 :
1432 516 1667 553 quemadmodum
1682 520 1709 545 et

913 562 984 590 ﬁlius
999 562 1118 590 hominis
1135 566 1232 590 natura
1249 566 1291 590 est
1302 561 1398 596 homo,
1413 561 1452 590 sic
1471 565 1499 589 et
1511 569 1571 589 nos.
1589 561 1708 589 Perinde

912 611 1004 635 autem
1025 611 1055 635 ut
1069 607 1106 635 illi
1121 607 1168 635 ﬁlii
1189 607 1321 643 gehennae
1340 611 1369 634 et
1389 605 1551 642 perditionis
1567 606 1707 639 dicuntur,

913 653 959 688 qui
974 651 1033 680 istis
1042 651 1117 688 digni
1131 656 1196 679 sunt
1211 661 1217 679 :
1229 651 1267 679 sic
1277 655 1305 679 et
1314 651 1363 679 irae
1375 651 1432 685 lilii,
1446 651 1492 687 qui
1504 658 1566 686 qua
1578 651 1617 678 ira
1627 650 1708 686 digna

913 700 977 724 sunt
986 695 1102 724 faciunt.
1114 709 1126 721 ιι
1139 697 1244 724 Natura
1260 708 1272 720 ιι
1286 700 1391 730 autem,
1405 704 1454 732 pro
1465 703 1527 724 vere
1540 699 1567 724 et
1578 695 1706 732 genuine,

913 741 985 769 sicut
1002 746 1030 770 et
1043 741 1153 777 caeteri;
1169 749 1251 770 nemo
1263 741 1338 769 enim
1352 741 1421 769 liber
1435 745 1503 769 erat.

949 833 1039 860 Vens.
1058 835 1085 860 4.
1105 840 1119 859 α
1140 834 1216 860 Deus
1230 836 1323 860 autem
1338 832 1385 868 qui
1400 831 1476 860 dives
1491 835 1532 859 est
1555 831 1583 859 in
1601 831 1707 859 miseri-

69 874 123 908 ἄξια
136 874 215 913 ὀργῆς
235 873 416 902 ἀδιαλλάκτου
432 872 614 912 ἐπράττομεν·
636 873 650 901 ὁ
663 871 689 900 δὲ
705 871 789 907 Θεὸς,
810 872 858 910 οὐχ
873 892 897 924 Β

943 877 1013 905 τόἱο.
1032 888 1045 901 ιι
1062 878 1121 905 Nos
1135 876 1248 913 quidem
1270 877 1309 904 ira
1331 876 1549 904 irreconciliabili
1562 876 1642 912 digna
1658 884 1707 911 pa-

69 921 152 953 ἇπλῶς
166 919 288 956 ἐλεήμων
304 917 355 956 ὢν,
372 917 440 947 ἀλλὰ
455 917 501 947 καὶ
522 932 533 943 ιι
558 916 682 951 πλούσιος
701 918 727 946 ἓν
745 917 822 948 ἐλέει.
839 929 854 946 »

108 1009 186 1040 «Διὰ
218 1009 264 1045 τὴν
288 1007 389 1044 πολλὴν
419 1008 526 1048 ἀγάπην
550 1009 629 1037 αὐτοῦ
657 1007 690 1043 ἣν
717 1006 857 1046 ἠγάπησεν

67 1057 141 1092 ἡμᾶς.
172 1065 186 1083 α
222 1053 276 1084 Καὶ
300 1055 316 1089 ἡ
342 1053 433 1092 ἀγάπη
463 1053 516 1082 ἀπὸ
542 1053 640 1081 πολλοῦ
668 1051 763 1085 ἐλέους.
795 1053 858 1086 Πῶς

66 1099 113 1139 γὰρ
123 1099 153 1128 ἂν
166 1100 189 1128 οἳ
207 1098 288 1128 τέκνα
303 1098 376 1132 ὄντες
388 1099 485 1138 ὀργῆς,
501 1096 694 1136 ἠγαπήθήμενς

105 1156 119 1171 α
135 1143 189 1174 Καὶ
203 1143 282 1176 ὄντας
297 1145 368 1181 ἡμᾶς
380 1142 488 1182 νεκροὺς
502 1146 556 1175 τοῖς
575 1141 776 1181 παραπτώμασι
796 1153 858 1171 συν-

68 1189 222 1224 εζωοποίησε
245 1189 283 1227 τῷ
300 1189 418 1227 Χριστῷ.
435 1197 449 1215 ιι
476 1186 610 1216 Ἐνταῦθα
631 1188 648 1221 ἡ
673 1187 798 1220 ἀπόδοσις
812 1189 858 1216 τοῦ

67 1233 158 1263 ἄνωθεν
185 1232 337 1271 ἀρξαμένου
359 1231 508 1270 νοήματος,
524 1231 558 1260 τὰ
581 1230 608 1260 δὲ
635 1230 703 1260 ἄλλα
718 1230 858 1271 παρεμϐέ-

67 1278 153 1314 ϐλητο.
179 1278 270 1307 Πάλιν
294 1278 320 1306 δὲ
337 1278 350 1306 ὁ
366 1275 479 1316 Χριστὸς
506 1275 601 1314 μέσος,
621 1275 666 1305 καὶ
693 1275 724 1305 τὸ
745 1279 857 1315 πρᾶγμα

66 1322 207 1357 ἀξιόπιστον
220 1334 227 1341 ·
248 1323 270 1351 εἰ
290 1321 341 1362 γὰρ
357 1323 374 1357 ἡ
388 1320 498 1361 ἀπαρχὴ
515 1322 547 1359 ζῇ
558 1342 566 1357 ,
588 1320 634 1350 καὶ
655 1322 742 1359 ἡμεῖς.
755 1319 857 1355 Ἐζωο-

67 1367 153 1404 ποίησε
175 1366 228 1407 γὰρ
253 1369 373 1396 κάκεῖνον
396 1365 442 1395 καὶ
472 1368 543 1404 ἡμᾶς
557 1365 678 1394 ’ἐκεῖνον
717 1365 854 1405 ἐνεργείᾳ,

68 1414 132 1450 ἡμᾶς
155 1411 265 1449 δυνάμει
282 1413 342 1449 νῦν,
357 1410 415 1448 μετ’
428 1410 515 1449 ὀλίγον
531 1409 559 1438 δὲ
574 1409 620 1438 καὶ
640 1409 770 1450 ἐνεργείᾳ.
785 1409 854 1440 Ἰδοὺ

69 1456 266 1496 τὸῦπερϐἀλλον
281 1457 388 1495 μέγεθος
400 1457 447 1490 τῆς
462 1454 597 1492 δυνάμεως
617 1455 710 1491 αὐτοῦ,
736 1454 776 1483 ὅτι
799 1453 857 1488 τοὺς

914 922 1054 950 trabamus
1071 931 1077 950 :
1099 922 1173 949 Deus
1188 925 1292 955 autem,
1308 928 1364 950 non
1378 921 1539 957 simpliciter
1553 920 1708 949 misericors

913 967 1056 1001 exsistens,
1071 966 1118 995 sed
1130 965 1204 994 dives
1215 966 1244 994 in
1258 965 1457 994 misericordia.

949 1023 962 1035 σι
983 1012 1098 1047 Propter
1116 1011 1232 1039 multam
1256 1010 1420 1039 charitatem
1441 1019 1519 1039 suam
1539 1019 1593 1047 qua
1614 1010 1708 1039 dilexit

912 1064 972 1084 nos.
989 1067 1002 1081 ιι
1013 1056 1129 1084 Dilectio
1142 1056 1225 1084 etiam
1236 1064 1250 1084 a
1264 1056 1350 1084 multa
1367 1055 1554 1083 misericordia
1569 1059 1619 1083 est.
1634 1057 1708 1092 Quo-

913 1103 997 1129 modo
1011 1101 1098 1136 enim,
1113 1109 1178 1129 cum
1193 1100 1239 1128 ﬁlii
1259 1100 1307 1129 ira:
1323 1108 1454 1134 essemus,
1473 1100 1565 1128 dilecti
1584 1100 1709 1128 fuimus?

950 1147 1040 1174 Vens.
1056 1149 1082 1174 5.
1098 1157 1110 1170 ιι
1127 1146 1163 1173 Et
1175 1153 1239 1173 cum
1251 1153 1373 1174 essemus
1387 1145 1489 1172 mortui
1505 1145 1623 1179 delictis,
1638 1153 1707 1172 con-

912 1190 1057 1219 viviﬁcavit
1077 1198 1129 1218 nos
1151 1189 1271 1218 Christo.
1297 1201 1310 1214 ιι
1326 1190 1377 1218 Hic
1397 1189 1509 1218 tandem
1529 1193 1571 1217 est
1594 1188 1709 1217 redditio

912 1243 1008 1264 sensus
1030 1243 1113 1272 quem
1139 1243 1221 1271 supra
1247 1235 1398 1271 inceperat;
1425 1238 1523 1263 cmtera
1554 1242 1619 1262 vero
1645 1238 1709 1262 sunt

914 1280 1066 1316 interjecta.
1093 1282 1196 1308 lterum
1219 1283 1311 1308 autem
1331 1279 1458 1307 Christus
1478 1278 1586 1307 medius
1609 1283 1661 1312 est,
1681 1283 1708 1306 et

913 1333 957 1352 res
971 1324 1024 1352 ﬁde
1038 1325 1130 1361 digna.
1147 1326 1219 1352 Nam
1232 1324 1253 1352 si
1269 1323 1397 1360 primitiae
1412 1324 1514 1357 vivunt,
1530 1328 1588 1351 tum
1603 1328 1630 1351 et
1644 1331 1707 1352 nos.

912 1369 1064 1397 Viviiicavit
1084 1370 1155 1397 enim
1171 1373 1198 1397 et
1212 1369 1292 1396 illum
1307 1373 1334 1396 et
1347 1376 1399 1396 nos
1417 1377 1423 1395 :
1443 1368 1520 1396 illum
1536 1368 1658 1404 quidem,
1681 1369 1708 1396 in

913 1418 991 1449 actu;
1008 1423 1059 1442 nos
1073 1422 1148 1447 vero,
1165 1414 1194 1442 in
1215 1413 1339 1450 potentia
1354 1422 1439 1447 nunc,
1457 1414 1537 1450 paulo
1559 1417 1621 1448 post
1643 1420 1708 1440 vero

914 1459 996 1487 etiam
1017 1460 1045 1487 in
1068 1463 1139 1487 actu.
1163 1460 1206 1487 En
1220 1459 1400 1487 excellentem
1419 1458 1637 1494 magnitudinem
1660 1465 1709 1492 po-

69 1501 164 1541 νεκροὺς
175 1501 261 1537 ,’τοὺς
275 1503 321 1536 τῆς
346 1502 425 1540 ὀργῆς
449 1498 536 1535 υἱοὺς,
567 1498 760 1535 ἐζωοποίησεν·
787 1498 854 1535 αὕτη
874 1513 897 1545 C

943 1504 1005 1532 ntizn
1023 1504 1092 1540 ejus,
1108 1512 1140 1531 eo
1156 1503 1228 1540 quod
1244 1507 1370 1532 mortuos
1383 1511 1445 1537 nos,
1461 1503 1510 1531 ira:
1525 1502 1605 1536 ﬁlios,
1619 1502 1710 1530 viviﬁ-

70 1548 85 1581 ἡ
97 1546 170 1579 ἐλπὶς
183 1548 230 1581 τῆς
247 1546 376 1582 κλήσεως.

108 1602 122 1620 α
134 1590 235 1631 Χάριτί
248 1591 306 1619 ἔστε
322 1589 493 1628 σεσωσμένοι.
512 1599 526 1618 ι)
541 1589 628 1619 Τοῦτο
638 1588 691 1618 ἀπὸ
706 1588 856 1624 ἐκπλήξεως

68 1635 212 1669 ἔνδιαθέτως
231 1635 313 1674 μέσον
329 1633 510 1674 παρενέϐαλε,
528 1633 669 1672 θαυμάσας
683 1632 731 1669 τὴν
755 1633 854 1672 ἄφατον

68 1679 160 1720 δωρεὰν
174 1680 198 1699 ⁸⁴
220 1683 270 1709 τοῦ
293 1681 376 1710 Θεοῦ.
407 1680 448 1709 Οὔ
472 1677 587 1718 καμάτῳ
616 1677 681 1718 γὰρ,
703 1679 784 1718 φησὶ,
810 1679 856 1708 καὶ

69 1724 146 1764 ἔργοις
156 1725 228 1759 idiom;
241 1724 372 1760 ἐσώθητε,
388 1723 456 1753 ἀλλὰ
467 1723 556 1763 χάριτι
573 1722 653 1764 μᾴνῃ.
670 1722 754 1753 Ὅσον
765 1723 791 1741 ⁸⁵
806 1723 855 1764 γὰρ

69 1763 201 1809 ἐξνὲργων,
215 1769 350 1802 κολάσεως
365 1768 410 1798 καὶ
425 1770 504 1807 ὀργῆς
519 1768 586 1802 ἄξιοι
601 1763 660 1804 ἦτε.

107 1825 120 1842 α
134 1815 186 1844 Καὶ
209 1814 347 1853 συνήγειρε
365 1813 410 1842 καὶ
433 1812 602 1842 συνεκάθισεν
627 1814 653 1842 ἐν
667 1817 722 1846 τοῖς
739 1813 854 1853 ἐπουρα-

67 1858 124 1892 νίοις
136 1860 161 1888 ἓν
177 1860 286 1899 Χριστῷ
306 1858 407 1893 Ἰησοῦ.
423 1868 437 1885 ι)
457 1857 564 1897 ⁸Ωσπερ
577 1859 624 1892 τῆς
644 1858 768 1897 ἆπαρχῆς
781 1859 856 1896 ἡμῶν

68 1903 108 1931 καὶ
123 1906 167 1939 τῆς
180 1905 313 1944 κεφαλῆς,
337 1905 382 1932 to"?
401 1904 535 1941 Χριστοῦ,
556 1902 643 1942 φημὶ,
662 1902 857 1942 ἐγηγερμένης,

67 1948 108 1976 καὶ
125 1951 192 1986 ἡμᾶς
216 1950 251 1978 δι’
267 1949 348 1983 αὐτῆς
372 1947 494 1987 ἤγειρεν⁸
517 1946 587 1976 οὕτω
611 1947 658 1976 καὶ
682 1946 858 1983 καθεζομένης

68 1993 156 2029 αὐτῆς,
169 1994 214 2022 καὶ
230 1992 262 2022 τὸ
279 1992 370 2022 λοιπὸν
391 1993 470 2031 σῶμα
497 1991 672 2030 συγκάθηται.
696 1991 745 2021 Διό
759 2003 838 2031 φησιν
849 2001 856 2008 ⁸

71 2050 81 2061 ιι
99 2037 143 2067 Ἐν
160 2039 269 2077 Χριστῷ
293 2037 382 2072 Ἰησοῦ
393 2048 399 2053 ·
424 2048 438 2064 ι)
462 2035 613 2075 τουτέστιν,
629 2035 678 2066 Ἐν
703 2037 742 2076 τῷ
758 2038 855 2066 ἐκεῖνον

68 2084 190 2118 καθῆσθαι
205 2082 252 2111 καὶ
264 2084 341 2120 ἡμεῖς
355 2081 505 2119 καθήμεθα.
520 2081 560 2110 Ἦ
570 2081 617 2117 τὸ,
633 2080 825 2120 ((Συνήγειρεν,
840 2093 854 2110 ο

69 2126 171 2154 οὖκ⁷“
215 2127 276 2138 ⁶’
356 2127 362 2136 ¹
455 2127 472 2155 λ
535 2126 542 2137 ’
622 2125 848 2154 ⁷λλ’ἔ“”δ“

134 2139 175 2156 em
199 2139 246 2161 της
261 2137 432 2159 αναστασεως
473 2137 586 2162 ηπτεον,
616 2137 632 2154 α
699 2137 729 2154 πι
750 2137 797 2161 της
830 2137 854 2154 ια

68 2173 107 2199 τοῦ
129 2172 238 2211 λουτροῦ
276 2170 466 2205 ἀναζωώσεως.
499 2172 562 2202 Πῶς
595 2165 640 2200 οὖν
668 2169 851 2204 συνεκάθισεν;

69 2226 80 2240 (ι
97 2216 127 2245 Εἰ
139 2216 315 2254 ὖπομένομεν,
331 2227 344 2244 ι)
366 2215 449 2255 φησὶ,
465 2215 510 2244 καὶ
526 2227 541 2242 ιι
558 2214 822 2254 συμϐασιλεύσομεν.
837 2226 850 2244 an

70 2260 283 2301 ΚαὶὸΧριστόςο
301 2274 312 2285 ιι
332 2260 476 2290 Καθίσεσθε
506 2259 549 2289 ἐπὶ
574 2259 677 2289 δώδεκα
695 2258 815 2300 θρόνους·
842 2273 854 2286 υ

66 2305 106 2332 καὶ
118 2305 210 2342 ποίλιν⁷
234 2319 247 2331 κ
274 2304 314 2334 Τὸ
338 2304 366 2334 δὲ
392 2305 499 2334 καθίσαι
515 2306 545 2334 ἐκ
571 2304 660 2338 δεξιῶν
682 2315 746 2342 μου,
768 2304 813 2334 καὶ
828 2304 853 2339 ἐξ

65 2349 196 2387 εὐωνύμων
223 2361 293 2388 μου,
320 2349 367 2379 οὐκ
400 2349 471 2379 ἔστιν
502 2348 567 2387 ἐμὸν
594 2349 702 2386 δοῦναι,
731 2349 791 2380 ἀλλ’
816 2355 853 2383 οὶς

65 2393 217 2431 ἡτοίμασται
230 2394 267 2424 κθ.
282 2408 292 2420 ιι
307 2393 393 2424 "ﬂare
410 2393 582 2433 ἡτοίμασται.

101 2448 114 2465 α
129 2437 188 2468 Ἵνα
202 2438 348 2474 ἐνδείξηται
375 2440 400 2468 ἐν
415 2440 471 2472 τοῖς
492 2439 571 2468 «tam
597 2442 650 2472 τοῖς
665 2438 851 2478 ἐπερχομένοις

63 2480 102 2510 τὸν
120 2483 318 2522 ὑπερϐάλλοντα
343 2483 458 2512 πλοῦτον
490 2485 537 2519 τῆς
564 2482 674 2523 χάριτος
704 2485 799 2519 αὑτοῦ,
823 2485 849 2513 ἐν

64 2527 217 2565 χρηστότητι
235 2529 274 2567 ἐφ’
290 2530 377 2566 ἡμᾶς,
395 2529 421 2557 ἐν
447 2529 556 2568 Χριστῷ
576 2527 673 2564 Ἰησοῦ.
695 2539 708 2558 l)
723 2527 784 2559 Ἵνα
811 2528 849 2565 μὴ

66 2571 191 2612 ἀπιστήσῃ
208 2584 246 2605 τις
254 2577 306 2606 τοῖς
323 2575 440 2613 ῥηθεῖσι,
456 2572 583 2602 πιθανσὸν
607 2573 650 2603 τὸν
667 2572 743 2612 γόγον
756 2577 826 2602 ποιεῖ
841 2583 847 2591 ·

67 2616 208 2657 καίφησιν,
224 2616 265 2646 ὅτι
278 2618 310 2648 Εἰ
326 2617 369 2646 xci
381 2617 418 2656 μὴ
432 2617 475 2647 διὰ
495 2617 543 2654 τὴν
559 2617 624 2657 πρὸς
638 2619 707 2658 ὑμᾶς
726 2617 845 2657 ἀγάπην,

96 2678 107 2697 ⁸³
122 2683 145 2711 ll
157 2684 228 2711 Tim.
244 2687 337 2718 ",12.
376 2690 386 2702 ο
401 2684 500 2712 Matth.
516 2692 584 2719 xxx,
600 2687 646 2712 28.
683 2678 697 2700 ἀ
714 2686 800 2712 Marc.
815 2692 845 2717 x,
859 2687 902 2712 40.

910 1549 987 1577 carit.
1005 1551 1095 1584 Atque
1108 1548 1167 1577 haec
1181 1552 1227 1577 est
1239 1556 1301 1584 spes
1319 1548 1475 1576 vocationis.

948 1603 962 1620 «
978 1594 1085 1627 (Gratia
1100 1593 1166 1622 estis
1187 1593 1308 1627 servati.)
1327 1603 1341 1619 ιι
1358 1593 1419 1621 Hoc
1433 1600 1466 1620 ex
1482 1592 1566 1620 animi
1581 1596 1707 1620 conster-

910 1639 1031 1673 natione,
1047 1642 1074 1666 ct
1090 1647 1154 1666 cum
1169 1638 1272 1666 affectu
1286 1639 1312 1666 in
1331 1637 1453 1666 medium
1467 1637 1591 1673 protulit,
1608 1635 1706 1665 ineffa-

911 1682 965 1711 bile
979 1683 1030 1711 Dei
1043 1683 1148 1710 donum
1162 1682 1322 1710 admiratus.
1338 1683 1400 1710 Non
1414 1682 1487 1710 enim
1497 1681 1591 1710 labore
1603 1685 1630 1709 et
1644 1689 1707 1717 pro-

911 1727 978 1764 priis
997 1728 1125 1763 operibus
1146 1727 1245 1755 servati
1269 1728 1344 1761 estis,
1364 1726 1411 1755 sed
1433 1729 1491 1755 sola
1512 1726 1606 1763 gratia.
1625 1726 1708 1762 Quod

912 1773 986 1800 enim
1001 1772 1034 1800 ad
1047 1780 1129 1808 opera
1143 1772 1251 1806 attinet,
1266 1780 1350 1808 poena
1366 1777 1393 1799 et
1407 1772 1446 1799 ira
1460 1771 1534 1807 digni
1549 1771 1638 1799 eratis.

947 1818 1037 1845 Vens.
1053 1819 1080 1844 6.
1099 1827 1114 1843 ιι
1131 1818 1164 1844 Et
1178 1817 1382 1849 consuscitavit,
1398 1821 1426 1844 et
1439 1816 1589 1844 consedere
1604 1815 1666 1843 fecit
1681 1816 1708 1844 in

911 1861 1070 1890 coelestibus
1082 1861 1109 1889 in
1119 1861 1229 1889 Christo
1239 1862 1314 1889 Jesu.
1329 1870 1343 1887 »
1357 1860 1599 1896 Quemadmodum
1613 1860 1709 1895 primi-

912 1906 957 1934 tiis
974 1905 1088 1939 nostris,
1112 1909 1140 1934 et
1161 1906 1259 1942 capite,
1283 1906 1393 1934 Christo
1416 1904 1550 1938 videlicet,
1577 1905 1707 1938 excitato,

912 1955 939 1978 et
952 1958 1003 1978 nos
1026 1959 1075 1986 per
1094 1951 1186 1986 ipsum
1205 1951 1331 1978 excitavit
1354 1959 1361 1978 :
1377 1950 1453 1978 hunc
1467 1949 1503 1977 ad
1519 1949 1644 1983 modum,
1661 1949 1706 1977 illo

912 1995 1036 2030 sedente,
1058 1995 1197 2032 reliquum
1221 2003 1321 2031 corpus
1347 1995 1429 2023 simul
1453 1994 1536 2022 sedet.
1562 1996 1706 2030 Propterea

912 2040 1001 2076 inquit
1021 2049 1027 2068 :
1046 2052 1058 2065 ‹ι
1075 2042 1106 2068 In
1120 2040 1227 2068 Christo
1241 2041 1316 2074 Jcsu,
1333 2050 1347 2066 ιι
1368 2040 1420 2067 hoc
1434 2044 1485 2073 est,
1501 2039 1570 2075 Quia
1585 2039 1643 2075 ipse
1661 2046 1706 2066 sc—

912 2085 969 2118 det,
983 2093 1035 2113 nos
1050 2085 1136 2113 etiam
1157 2085 1296 2113 sedemus.
1316 2084 1377 2119 Vel,
1395 2096 1407 2108 «
1423 2084 1634 2117 Consuscitavit,
1649 2091 1707 2111 non

910 2129 945 2158 de
959 2130 1161 2158 resurrectione
1173 2129 1364 2166 accipiendum
1379 2133 1431 2163 est,
1445 2128 1493 2156 sed
1508 2129 1542 2156 de
1557 2128 1707 2156 reviviﬁca-

910 2175 985 2202 tione
995 2183 1042 2211 per
1054 2175 1199 2211 baptisma.
1211 2174 1360 2209 Quomodo
1372 2174 1454 2210 igitur
1464 2173 1612 2201 consedere
1625 2172 1707 2202 fecit?

912 2231 924 2243 α
942 2219 969 2247 Si
991 2220 1167 2253 sustinemus,
1183 2229 1198 2245 ιι
1214 2219 1310 2255 inquit,
1327 2230 1341 2243 οι
1362 2223 1389 2246 et
1403 2217 1637 2254 conregnabimus
1650 2214 1672 2245 ³³.
1692 2230 1704 2241 ιι

911 2265 945 2292 Et
958 2264 1094 2298 Christus,
1110 2276 1122 2289 ιι
1135 2264 1271 2292 Sedebitis
1281 2271 1362 2300 super
1374 2263 1519 2292 duodecim
1529 2262 1643 2290 thronos
1653 2264 1674 2290 θ.
1692 2273 1704 2286 ι»

909 2309 942 2336 Et
954 2317 1050 2336 rursus
1075 2318 1082 2336 :
1108 2319 1122 2335 (ι
1135 2309 1235 2337 Sedere
1253 2313 1347 2336 autem
1364 2316 1379 2336 ει
1393 2307 1495 2336 dextris
1510 2307 1576 2335 meis
1591 2310 1618 2334 et
1631 2315 1647 2335 a
1667 2307 1706 2334 si—

907 2354 1000 2382 nistris
1014 2354 1094 2388 meis,
1109 2361 1165 2382 non
1183 2358 1225 2381 est
1238 2361 1333 2381 meum
1352 2352 1417 2380 dare
1435 2352 1523 2387 vobis,
1539 2351 1588 2380 sed
1604 2352 1706 2388 quibus

907 2402 1033 2434 paratum
1043 2402 1085 2426 est
1096 2392 1120 2426 εί.
1135 2408 1149 2424 ιι
1164 2400 1258 2434 Itaque
1273 2402 1400 2434 paratum
1413 2401 1464 2425 est.

904 2445 1027 2476 522Van
1041 2446 1066 2471 7.
1083 2453 1096 2468 ιι
1113 2444 1155 2471 Ut
1169 2443 1326 2471 ostenderet
1340 2443 1368 2470 in
1380 2442 1489 2470 saeculis
1502 2441 1705 2478 supervenien-

906 2488 979 2516 tibus
1000 2488 1171 2516 abundantes
1194 2487 1303 2516 divitias
1324 2488 1419 2523 gratiae
1442 2495 1510 2521 suae,
1535 2487 1565 2515 in
1584 2486 1705 2514 bonitate

905 2540 967 2568 erga
987 2541 1048 2566 nos,
1071 2533 1100 2560 in
1120 2533 1230 2561 Christo
1247 2534 1323 2560 Jesu.
1342 2543 1354 2556 ιι
1380 2533 1420 2560 Ne
1436 2532 1520 2568 380
1541 2531 1601 2567 quis
1620 2531 1704 2559 fidem

904 2585 960 2606 non
987 2578 1115 2606 adhibeat
1140 2578 1233 2613 dictis,
1259 2578 1413 2606 orationem
1438 2576 1607 2612 probabilem
1628 2574 1702 2606 facit,

909 2622 978 2656 Etsi,
995 2623 1132 2660 inquiens,
1151 2631 1206 2651 non
1232 2627 1343 2659 propter
1359 2622 1521 2650 charitatem
1537 2628 1621 2656 quam
1640 2627 1703 2656 erga

749 2734 843 2764 Variae
865 2735 1018 2766 lectiones.

97 2795 115 2810 ⁸³
130 2796 230 2831 ἄρῤήτον
243 2798 347 2833 δύναμιν
361 2807 400 2827 m.
438 2799 459 2815 ⁸⁵
479 2799 533 2825 ὅσοι
550 2807 575 2826 0.

615 2798 637 2814 ⁸⁸
650 2797 700 2823 ἀλλ
715 2797 770 2828 ὀἶς
790 2797 948 2833 ἡτοίμασται.
965 2798 1045 2824 Τοῦτο
1064 2795 1107 2824 οὖν
1129 2798 1197 2833 λέγει
1219 2798 1261 2824 καὶ
1281 2799 1334 2832 νῦν,
1359 2798 1397 2823 ὅτι
1418 2796 1459 2823 καὶ
1481 2795 1553 2831 ἡμεῖς
1577 2794 1696 2821 καθεδού-

71 2835 126 2868 μεθα
138 2844 174 2864 m.
190 2838 241 2865 Sed
251 2839 347 2873 quibus
357 2842 488 2874 paratum
504 2842 549 2866 est.
561 2839 616 2866 Hoc
632 2840 715 2872 igitur
727 2841 752 2866 et
768 2846 842 2866 nunc
852 2839 911 2872 ait,
924 2839 990 2873 quia
1005 2841 1029 2866 ct
1042 2847 1088 2866 nos
1101 2839 1259 2866 sedcbimus.
1277 2840 1374 2872 Itaque
1386 2839 1515 2872 paratum
1530 2838 1578 2863 est.
