1877 3081
187 162 256 188 1055

694 164 949 193 THEOPHYLACTI
969 163 1148 193 BULGARLE
1166 165 1322 194 ARCHIEP.

1783 169 1793 194 1
1798 168 1824 194 ιζιῇ
1829 170 1839 193 ι]

185 233 237 254 nos
256 225 349 261 habet,
374 231 467 257 tamen
486 229 549 266 quia
564 229 717 258 bonitatem
734 237 814 257 suam
837 227 970 256 ostenderi

1067 227 1081 256 ὰ
1114 230 1177 268 γοῦν
1201 228 1243 266 τὸ]
1271 228 1354 258 θέλειν
1383 229 1546 264 ἐνδείξασθαι
1586 229 1636 266 τὴν
1653 230 1838 268 ξᾶγαθότητα,

185 271 262 304 velit,
275 273 390 301 omnino
409 273 498 302 faciet.
521 274 610 303 Hodie
625 275 700 303 enim
722 274 843 310 plerique
856 277 921 302 sunt
938 273 979 301 in-

185 315 298 350 creduli,
319 317 346 344 in
365 316 459 346 futuro
480 323 572 347 tamen
591 319 691 347 saeculo
713 326 812 348 omnes
834 323 981 355 agnoscent

186 361 251 397 quid
267 362 346 390 nobis
359 362 511 397 donaverit,
527 373 591 393 cum
608 368 721 392 sanctos
735 364 763 391 in
777 364 863 400 gloria
879 363 980 392 ineffa-

185 406 233 434 bili
246 408 447 443 conspexerint.
458 409 541 444 Quod
556 417 619 437 vero
630 409 676 442 ait,
690 420 702 433 σι
718 410 748 436 In
757 409 863 437 Christo
876 410 951 443 Jesu,
966 420 978 433 ιι

185 450 239 479 hoc
250 456 300 485 est,
315 453 377 480 Non
389 452 424 480 ad
436 453 575 482 Christum
587 454 678 482 solum
692 453 750 483 haec
762 454 919 487 consistent,
932 453 980 482 sed

186 503 234 531 per
253 496 346 532 ipsum
368 497 474 525 venient
489 499 571 526 etiam
593 499 627 527 ad
647 506 707 533 nos,
728 498 809 526 veluti
823 506 838 526 a
854 498 980 534 primitiis

187 540 221 569 ad
236 544 327 569 totum
342 551 348 569 :
365 549 397 570 ac
411 543 491 571 simul
508 543 715 578 viviﬁcabimur,
734 552 765 571 ac
780 543 857 571 simul
874 543 978 571 sedebi-

184 593 257 613 mus.
284 587 352 614 Haec
373 587 484 622 quidem
509 596 626 624 magnus
648 590 769 616 Joannes
787 587 831 615 hic
849 587 924 615 dicit.
947 589 979 615 In

186 631 332 666 Evangelio
345 639 406 659 vero
419 632 542 660 Matthmi
556 633 632 667 dicit,
643 633 717 669 quod
732 637 798 660 tunc
808 640 890 660 nemo
903 632 978 660 sede-

186 675 234 703 bit.
255 676 324 703 Vere
342 675 424 711 igitur
443 676 543 712 Spiritu
564 681 591 705 et
610 677 775 705 revelatione
796 684 863 712 opus
877 681 928 710 est,
948 681 978 704 ut

184 719 368 756 intelligamus
395 720 609 756 profunditatem
641 722 835 758 mysteriorum
864 721 974 749 horum.

182 764 241 792 Nisi
255 764 329 792 enim
348 765 564 801 sapientissimus
582 767 626 794 ille
639 766 736 794 doctor
749 768 869 794 Joannes
889 766 975 794 diser-

184 809 220 836 tis
235 809 325 837 verbis
339 809 463 845 dixisset,
480 811 555 846 quod
569 816 598 839 et
611 819 662 839 nos
679 812 781 839 sessuri
796 812 893 844 simus,
913 819 976 847 pos-

1035 273 1140 309 ποιήσιι
1154 273 1271 308 πάντως.
1293 275 1349 304 Νῦν
1366 273 1413 312 μὲν
1429 275 1480 314 γὰρ
1505 275 1600 304 πολλοὶ
1618 275 1805 308 ἀπιστοῦσιν,
1816 277 1836 304 ἐν

1036 318 1063 347 δὲ
1074 319 1111 358 τῷ
1128 319 1250 356 μέλλοντι
1276 320 1351 348 αἰῶνι
1365 319 1460 352 πάντες
1475 319 1624 357 γνώσονται
1646 320 1675 349 τί
1690 321 1764 357 ἡμῖν
1780 321 1837 357 ἒμ-

1036 362 1144 402 ρίσατο,
1169 365 1279 403 ὁρῶντες
1292 365 1318 392 ἐν
1334 364 1428 404 ἀφάτῳ
1452 364 1513 403 δόξῃ
1535 364 1595 397 τοὺς
1617 365 1727 403 ἁγίους.
1747 364 1788 394 Τὸ
1799 365 1836 398 ἑὲ,

1034 421 1046 434 ι
1068 407 1117 438 Ἐν
1146 409 1255 448 Χριστῷ
1275 409 1377 448 Ἰησοῦ,
1402 422 1414 435 ι
1441 408 1591 445 τουτέστιν,
1616 410 1682 439 Οὐχ
1703 409 1774 448 ἄχρι
1799 412 1837 437 τοῐ

1035 453 1153 492 Χριστοῦ
1181 453 1260 491 μόνου
1284 453 1364 490 σταίη
1388 456 1492 489 ταῦτα,
1518 453 1589 484 ἀλλὰ
1614 454 1650 483 δι’
1673 457 1763 483 αυτοῦ
1789 453 1838 489 ἥξει

1035 497 1080 526 καὶ
1094 499 1130 531 εἰς
1144 500 1231 536 ἡμᾶς,
1252 499 1287 531 ὡς
1303 497 1356 527 ἀπὸ
1377 499 1502 538 ἆποιρχῆς
1524 499 1560 532 εἷς
1583 498 1614 527 τὸ
1637 498 1720 528 ὅλον·
1737 499 1785 528 καὶ
1799 510 1839 527 συ-

1034 543 1251 581 ζωοποιησόμεθα
1280 542 1325 572 καὶ
1349 543 1593 582 συγχαθεδούμεθα.
1620 544 1726 573 Ταῦτα
1755 543 1803 581 μὲν
1826 546 1837 572 ὁ

1035 587 1118 626 μέγας
1139 587 1262 623 Ἰωάννης
1285 588 1413 616 ἐνταῦθα·
1441 589 1468 616 ἐν
1490 587 1518 616 δὲ
1537 589 1576 628 τῷ
1599 587 1675 628 κατᾲ
1698 588 1835 617 Ματθαῶν

1033 643 1127 671 φησιν,
1151 632 1192 662 ὅτι
1206 631 1288 665 οὐδεὶς
1303 633 1407 661 καθίσει
1427 633 1496 663 τότε.
1514 630 1620 665 Ὄντως
1640 627 1690 661 οῦν
1711 631 1836 669 Πνεῦμα-

1033 687 1075 709 τος
1086 676 1162 716 χρεία
1185 676 1231 706 καὶ
1255 676 1466 717 ἀποκαλύψεως,
1488 677 1559 707 ὥστε
1580 679 1681 712 νοῆσαι
1706 676 1739 706 τὸ
1763 678 1835 716 βάθος

1031 722 1084 750 τῶν
1113 720 1264 760 μυστηρίων
1288 721 1399 751 τούτων.
1432 723 1466 751 Εἰ
1482 721 1520 760 μὴ
1543 721 1595 761 γὰρ
1608 723 1701 762 ῥητῶς
1719 722 1808 760 ἔλεγεν
1824 724 1835 750 ὁ

1032 765 1164 806 πάνσοφος
1185 761 1440 806 οἷτοςγδιδάσκαλος
1457 761 1663 803 Ἰωαίννης,νᾶτι
1691 767 1743 795 καὶ
1766 768 1835 803 ἡμεῖς

1031 805 1225 849 καθεδοῦμεθα,
1253 805 1323 850 εἶχεν
1348 811 1378 840 ἄν
1409 822 1447 845 τις
1475 811 1576 846 εἰπεῖν,
1598 810 1642 840 ὅτι
1670 811 1699 840 ἓν
1730 812 1835 851 Χριστῷ

183 858 225 881 set
242 853 341 890 aliquis
359 854 496 883 afﬁrmare
508 855 581 891 quod
598 856 626 883 in
641 855 748 884 Christo
763 855 898 889 sedemus,
913 864 970 891 per-

1067 855 1208 895 θεζόμεθα,
1225 854 1315 896 ὥσπερ
1343 856 1388 885 χαὶ
1418 856 1445 884 ἐν
1465 857 1575 895 Χριστῷ
1609 857 1834 894 προσκυνούμεθα

183 897 247 926 inde
269 903 350 934 atque
370 899 398 927 in
418 899 525 928 Christo
548 900 696 928 adoramur
718 900 752 928 ab
774 900 888 936 angelis.
911 901 974 928 Non

182 943 254 970 enim
274 951 327 971 nos
346 944 373 971 in
395 948 487 972 nostra
502 953 617 981 persona
632 945 791 979 adoramur,
809 945 856 973 sed
874 949 973 973 natura

179 991 274 1016 nostra
290 988 366 1016 unita
381 990 440 1017 Deo
455 989 556 1024 Verbo,
569 989 690 1025 adorata,
707 990 741 1018 ad
758 998 808 1018 nos
822 990 907 1026 gloria
921 990 973 1018 ista

184 1033 292 1060 transit.
309 1033 385 1061 Idem
398 1033 478 1069 igitur
488 1038 515 1062 et
526 1042 601 1063 nunc
614 1034 688 1070 dicit,
704 1034 777 1071 quod
789 1039 816 1063 et
830 1042 880 1063 nos
895 1034 972 1063 sede-

179 1077 281 1106 bimus.

216 1123 307 1150 Vens.
327 1126 354 1150 8.
376 1135 387 1147 ι
407 1124 502 1152 Gratia
516 1125 590 1152 enim
602 1125 701 1153 servati
711 1125 775 1153 estis
789 1132 837 1161 per
848 1124 941 1152 ﬁdem.
958 1136 970 1148 υ

181 1167 412 1195 Commemoratis
426 1168 458 1196 iis
472 1177 532 1204 qua:
547 1169 596 1196 Dei
611 1174 685 1203 sunt,
702 1177 800 1205 nempe
822 1169 896 1204 quod
914 1177 972 1204 gra-

182 1212 224 1240 tia.
242 1213 342 1240 servati
362 1221 468 1247 sumus,
483 1213 576 1241 intulit
591 1214 672 1242 etiam
688 1213 764 1250 quod
780 1218 906 1242 nostrum
920 1218 972 1247 est,

183 1268 195 1281 α
210 1258 264 1285 Per
275 1257 358 1285 ﬁdem
372 1267 379 1284 ε
396 1269 408 1282 ι
421 1266 455 1286 ne
467 1258 589 1286 destruat
601 1258 714 1286 liberum
729 1258 884 1287 arbitrium.

218 1313 230 1326 ι
249 1303 286 1329 Et
303 1301 355 1330 hoc
369 1310 425 1330 non
439 1311 470 1331 ex
485 1302 573 1338 vobis,
586 1303 636 1332 Dei
651 1303 755 1332 donum
770 1308 820 1331 est.
837 1314 850 1330 »
866 1305 973 1332 Rursus

179 1346 244 1374 illud
264 1347 385 1379 sustulit,
405 1348 542 1384 inquiens,
557 1348 631 1384 quod
649 1356 739 1384 neque
752 1348 822 1376 ﬁdes
842 1356 873 1376 ex
893 1348 973 1376 nobis

178 1391 216 1419 sit
240 1400 246 1418 :
268 1391 321 1419 nisi
345 1392 417 1420 enim
437 1393 569 1426 venisset,
592 1393 645 1421 nisi
672 1397 805 1426 vocasset,
828 1401 883 1420 non
905 1392 970 1420 obe-

179 1436 333 1464 diissemus.
357 1448 369 1461 ιι
391 1437 538 1472 Quomodo
556 1437 640 1470 enim,
651 1447 672 1463 -»
693 1438 792 1473 inquit,
815 1449 827 1461 α
848 1437 971 1471 credent,

180 1480 231 1508 nisi
246 1481 400 1509 audiant”?
417 1482 534 1510 Proinde
548 1486 574 1509 et
588 1482 645 1517 ipsa
657 1482 725 1510 ﬁdes
736 1482 839 1510 donum
854 1483 906 1510 Dei
919 1486 970 1510 est.

1028 900 1078 929 ὑπὸ
1107 900 1237 940 ἀγγέλων.
1267 901 1308 930 Οὗ
1333 899 1384 940 γὰρ
1400 900 1427 930 δὲ
1453 899 1480 919 ⁸⁷
1505 902 1583 939 ἡμεῖς
1605 901 1831 940 προσκυνούμεθι

1028 945 1257 985 αὖτοπροσώπως,
1282 944 1352 975 ἀλλὰ
1373 947 1421 980 1n":
1435 944 1538 985 φύσεως
1553 946 1633 983 ἡμῶν
1660 947 1714 981 τῆς
1729 945 1831 983 ἡνωμέι

1027 1001 1072 1025 νης
1086 992 1124 1030 τῷ
1136 991 1199 1030 Θεῷ
1222 989 1300 1030 Λόγῳ
1309 989 1566 1030 Ππροσκυνουμένης,
1583 991 1621 1022 εἷς
1633 991 1716 1026 ἡμεῖς
1742 992 1760 1025 ἡ
1779 990 1832 1023 es:

1027 1029 1167 1065 διαϐαίνει.
1191 1036 1278 1066 Τοῦτο
1293 1029 1338 1064 οὖν
1362 1034 1435 1074 λέγει
1461 1034 1506 1064 καὶ
1527 1036 1590 1072 ν’ὗν,
1615 1033 1660 1064 ὅτι
1687 1034 1740 1064 καὶ
1763 1039 1832 1074 ἡμεῖς

1027 1079 1205 1118 καθεδούμεθα
1210 1101 1218 1110 .

1069 1135 1083 1152 (ι
1100 1126 1143 1164 Τῇ
1159 1124 1211 1164 γὰρ
1233 1124 1323 1164 χάριτί
1338 1125 1396 1154 ἐστε
1419 1123 1582 1162 σεσωσμένοι
1601 1123 1646 1153 διὰ
1666 1124 1799 1157 πίστεως,
1815 1136 1826 1152 n

1027 1168 1120 1199 Εἰπὼν
1144 1170 1178 1198 τὰ
1191 1172 1236 1198 τοῦ
1251 1171 1336 1205 Θεοῦ,
1353 1168 1395 1197 ὅτι
1416 1168 1508 1208 χάριτι
1523 1167 1663 1205 ἐσώθημεν
1676 1191 1685 1204 ,
1702 1169 1801 1208 ἐπάγει
1811 1170 1832 1185 is

1027 1213 1117 1243 καὶτὸ
1137 1213 1282 1253 ἡμέτερον,
1308 1213 1355 1250 τὸ,
1374 1227 1386 1239 α
1407 1213 1460 1243 Διὰ
1474 1215 1521 1249 τῆς
1548 1212 1667 1247 πίστεως
1679 1225 1687 1232 ·
1703 1228 1719 1240 ιι
1738 1213 1782 1243 ἵνα
1799 1216 1830 1253 μὴ

1027 1258 1176 1297 λυμήνηται
1192 1258 1222 1288 τὸ
1234 1257 1412 1292 αὐτεξούσιον.

1066 1317 1078 1330 α
1096 1303 1150 1333 Καὶ
1164 1305 1243 1333 τοῦτο
1260 1304 1308 1332 οὐκ
1323 1303 1349 1337 ἐξ
1367 1304 1459 1341 ὑμῶν·
1479 1303 1550 1333 Θεοῦ
1573 1301 1604 1332 τὸ
1619 1303 1725 1343 δῶρον,
1746 1318 1758 1329 ι
1778 1305 1832 1334 Πά-

1026 1348 1067 1377 λιν
1091 1348 1156 1378 αὖτὸ
1171 1349 1276 1384 ἀνεῖλε,
1305 1347 1351 1376 καὶ
1366 1358 1461 1386 φησιν,
1489 1347 1530 1377 ὅτι
1557 1346 1617 1377 οὐδὲ
1638 1350 1657 1383 ἡ
1683 1348 1781 1382 πίστις
1806 1349 1827 1382 ἐξ

1026 1393 1102 1430 ἡμῶν
1113 1403 1119 1409 “
1133 1393 1156 1422 εἰ
1172 1392 1209 1432 μὴ
1222 1393 1273 1432 γὰρ
1287 1388 1380 1428 ἦλθεν,
1402 1392 1425 1421 εἷ
1440 1391 1479 1430 μὴ
1498 1391 1622 1421 ἐκάλεσεν
1632 1414 1641 1429 ,
1659 1392 1714 1422 οὔκ
1733 1393 1766 1422 ἂν
1782 1396 1830 1422 ὓπ-

1026 1438 1187 1475 ηχούσαμεν.
1205 1448 1219 1466 α
1234 1438 1296 1471 Πῶς
1312 1437 1380 1476 γὰρ,
1394 1447 1410 1465 ι)
1427 1436 1509 1476 φησὶ,
1528 1447 1544 1464 ιι
1560 1436 1778 1473 πιστεύσουσιν,
1790 1438 1830 1466 ἐὰν

1026 1481 1064 1518 μὴ
1077 1481 1224 1512 ἀκούσωσιν
1235 1492 1244 1520 ς
1262 1493 1276 1510 ι
1291 1481 1380 1511 ¹¹Ωστε
1398 1481 1443 1510 καὶ
1454 1481 1522 1516 αὕτη
1534 1482 1616 1520 δῶρον
1628 1482 1721 1510 Οεοῑῑ.
1740 1481 1780 1512 Ἦ
1791 1483 1831 1511 ni

179 1525 227 1552 Vel
239 1526 316 1553 aliter
330 1535 336 1552 :
349 1527 409 1554 Non
420 1526 504 1554 ﬁdem
514 1526 579 1564 dicit
590 1527 695 1554 donum
707 1527 766 1560 Dei,
780 1531 910 1554 caeterum
924 1535 970 1563 per

1067 1528 1113 1560 λως
1127 1536 1134 1543 '
1147 1527 1187 1557 Οὖ
1198 1526 1245 1562 τὴν
1259 1526 1347 1556 πίστιν
1362 1525 1433 1565 λέγει
1453 1526 1536 1565 δῶρον
1550 1528 1637 1560 Θεοῦ,
1658 1526 1739 1555 ἀλλὰ
1752 1527 1784 1556 τὸ
1795 1527 1831 1556 διὰ

183 1570 266 1598 ﬁdem
284 1571 397 1605 servari,
414 1571 466 1599 hoc
480 1575 520 1599 est
533 1571 636 1600 donum
652 1572 711 1599 Dei.
728 1573 792 1599 Esto
809 1572 881 1599 enim
897 1572 971 1607 quod

181 1615 248 1643 ﬁdes
270 1619 363 1643 nostra
387 1616 431 1649 sit,
453 1615 593 1650 quomodo
616 1617 749 1650 potuisset
770 1616 821 1644 ista
842 1617 899 1644 sola
921 1624 972 1644 nos

181 1667 301 1694 servare,
315 1659 365 1688 nisi
379 1661 439 1688 Deo
452 1661 596 1696 placuisset
607 1668 658 1689 nos
666 1660 802 1696 suscipere
814 1668 862 1696 per
872 1661 970 1696 ipsam,

178 1712 213 1732 ne
231 1704 260 1732 in
280 1708 370 1732 totum
388 1705 475 1733 simus
495 1705 588 1741 otiosi,
602 1705 651 1733 sed
670 1709 701 1733 ut
719 1713 769 1734 nos
790 1713 899 1741 quoque
924 1705 972 1734 ali-

177 1749 243 1786 quid
257 1749 381 1778 conferre
395 1749 555 1778 videamur?

213 1796 300 1824 Vens.
318 1798 345 1824 9.
363 1807 374 1819 α
392 1797 454 1824 Non
469 1803 504 1823 ex
520 1795 660 1831 operibus,
675 1803 709 1823 ne
724 1795 784 1831 quis
797 1795 936 1832 glorietur.
956 1808 968 1820 κ

176 1841 235 1869 Nos
248 1847 332 1876 opera
347 1840 478 1868 habentes
493 1848 548 1868 non
564 1840 673 1876 repulit,
690 1848 784 1868 verum
799 1837 920 1876 proditos
935 1841 970 1869 ab

178 1885 307 1921 operibus
329 1885 415 1921 gratia
439 1893 490 1912 nos
513 1885 639 1918 servavit,
663 1889 694 1912 ut
716 1893 747 1913 ex
769 1889 866 1913 eventu
887 1894 969 1914 nemo

178 1929 277 1958 habent
291 1929 364 1958 unde
379 1930 489 1965 gloriari
504 1934 596 1965 queat.
613 1930 682 1957 Nam
697 1930 854 1965 conjunctio
869 1942 881 1954 σι
898 1931 938 1958 Ut
956 1943 967 1955 »ι

177 1974 222 2002 hic
233 1983 289 2002 non
303 1979 345 2002 est
359 1973 487 2008 causalis,
501 1974 548 2002 sed
564 1982 597 2002 ex
612 1980 710 2002 eventu
724 1974 772 2002 rei.

211 2067 304 2093 Vsns.
324 2068 366 2092 10.
385 2076 396 2088 κ
414 2065 503 2100 Ipsius
517 2065 591 2092 enim
605 2073 701 2092 sumus
714 2065 828 2098 factura,
843 2065 926 2092 creati
940 2065 969 2093 in

175 2109 285 2138 Christo
311 2111 377 2137 Jesu
401 2109 427 2136 in
454 2109 582 2144 operibus
606 2109 694 2143 bonis,
723 2117 784 2145 quae
808 2111 969 2145 przeparavit

174 2156 259 2187 Deus,
272 2158 304 2182 ut
319 2155 346 2182 in
362 2154 427 2190 ipsis
438 2154 621 2182 ambulemus.
638 2166 650 2178 ιι
668 2156 708 2182 Ne
720 2155 741 2182 si
755 2154 862 2187 audias,
873 2163 927 2182 non
937 2163 968 2183 ex

1028 1571 1142 1606 πίστεως
1154 1573 1285 1607 σωθῆναι,
1300 1573 1378 1600 τοῦτο
1393 1570 1475 1609 δῶρόν
1495 1571 1551 1599 ἐστι
1565 1571 1649 1600 Θεοῦ.
1667 1569 1774 1601 Ἔστω
1784 1572 1831 1611 γὰρ

1025 1617 1066 1646 δτι
1087 1619 1104 1652 ἡ
1128 1615 1216 1649 πίστις
1240 1615 1383 1655 ἡμέτερον,
1399 1617 1455 1648 πῶς
1483 1613 1515 1643 ἂν
1539 1614 1648 1654 ἴσχυσεν
1673 1615 1751 1652 αὕτη
1768 1618 1831 1655 μόνη

1025 1663 1127 1698 σῶσαι,
1154 1662 1177 1690 εἰ
1204 1659 1242 1700 μὴ
1266 1662 1279 1689 ὁ
1300 1659 1369 1693 Θεὸς
1391 1660 1522 1696 ηὖδόκησε
1539 1659 1666 1698 δεχθῆναι
1694 1660 1736 1689 δι’
1754 1663 1831 1696 αὖτῆς

1024 1707 1110 1744 ἡμᾶς,
1125 1705 1168 1734 ἴνα
1195 1705 1232 1743 μὴ
1247 1704 1277 1734 τὸ
1290 1704 1348 1734 ὅλον
1363 1699 1435 1743 ὦμεν
1451 1703 1544 1745 ἀργοὶ,
1567 1703 1638 1733 ἀλλὰ
1662 1705 1795 1744 δοχῶμέν
1809 1718 1831 1734 τι

1025 1749 1071 1779 καὶ
1086 1749 1160 1779 αὐτοὶ
1170 1749 1374 1788 συνεισενεγκεῖν
1383 1761 1392 1786 ;

1066 1808 1078 1821 ι
1092 1795 1152 1825 Οὗκ
1166 1794 1193 1828 ἐξ
1221 1794 1304 1834 ἔργων
1314 1817 1321 1830 ,
1336 1793 1380 1823 ἵνα
1393 1793 1430 1832 μή
1465 1805 1504 1827 τις
1520 1793 1707 1832 καυχήσηται.
1730 1808 1744 1820 ι
1762 1795 1830 1834 Οὐχὶ

1025 1839 1133 1879 ἔχοντας
1160 1838 1225 1879 ἔργα
1251 1838 1378 1868 ἀπώσατο
1402 1840 1487 1876 ἡμᾶς,
1518 1839 1587 1867 ἀλλὰ
1615 1839 1830 1878 προδεδομένους

1025 1883 1075 1913 ὑπὸ
1085 1885 1138 1913 τῶν
1164 1883 1263 1924 ἔργων,
1292 1883 1383 1923 χάριτι
1399 1882 1516 1919 ἔσωσεν,
1543 1882 1613 1912 ὥστε
1642 1882 1672 1917 ἐξ
1693 1883 1829 1914 ἀποτελέ-

1024 1940 1124 1966 σματος
1153 1928 1255 1967 μηδένα
1280 1927 1370 1957 λοιπὸν
1393 1927 1462 1966 ἔχειν
1490 1930 1653 1967 καυχᾶσθαι.
1688 1929 1733 1958 Τὸ
1761 1928 1825 1968 γὰρ,

1024 1987 1036 1999 ιι
1051 1973 1129 2009 Ἵνα,
1147 1986 1159 1999 ιι
1174 1973 1221 2002 οὐχ
1235 1971 1409 2011 αἰτιολογικόν
1425 1973 1511 2009 ἐστιν,
1535 1973 1592 2002 ἀλλ’
1608 1973 1639 2001 ἐκ
1656 1974 1707 2009 τῆς
1724 1973 1827 2003 ἀποϐά-

1024 2029 1088 2051 σεως
1099 2019 1143 2047 τοῦ
1157 2017 1324 2056 πράγματος.

1068 2073 1083 2091 ιι
1098 2064 1184 2092 Αὐτοῦ
1200 2062 1250 2102 γάρ
1266 2064 1345 2101 ἔσμεν
1363 2062 1486 2103 ποίημῖοι,
1503 2061 1651 2096 κτισθέντες
1667 2063 1696 2091 ἐν
1715 2062 1826 2103 Χριστῷ

1023 2107 1111 2143 Ἰησοῦ
1127 2107 1171 2135 ἐπὶ
1185 2106 1270 2147 ἔργοις
1290 2107 1396 2146 ἀγαθοῖς
1406 2129 1414 2143 ,
1432 2101 1470 2140 οἷς
1491 2106 1691 2146 προητοίμασεν
1710 2109 1725 2136 ὁ
1742 2101 1825 2141 Θεὸς,

1021 2151 1065 2181 ἵνα
1090 2152 1115 2180 ἐν
1136 2152 1224 2185 αὐτοῖς
1250 2151 1488 2191 περιπατήσωμεν.
1514 2162 1530 2180 ιι
1549 2150 1611 2181 Ἵνα
1633 2151 1674 2190 μὴ
1692 2153 1825 2187 ἀκούσας,

176 2199 305 2236 operibus
334 2207 385 2227 nos
415 2207 473 2227 esse
503 2199 676 2235 justiﬁcatos,
708 2199 786 2227 deses
817 2200 867 2227 ﬁas
897 2200 967 2228 circa

1083 2197 1132 2226 οὐκ
1149 2196 1176 2230 ἐξ
1192 2196 1274 2236 ἔργων
1291 2195 1482 2235 ἐδικαιώοημεν
1494 2218 1503 2233 ,
1526 2196 1685 2236 ῥᾳθυμήσῃς
1710 2197 1774 2236 περὶ
1795 2196 1823 2224 τὰ

173 2253 271 2281 opera;
297 2245 343 2278 ait,
366 2244 440 2281 quod
462 2252 536 2272 nunc
558 2248 619 2280 post
641 2243 723 2272 ﬁdem
744 2245 873 2280 operibus
898 2253 966 2280 opus

172 2294 223 2318 est.
237 2291 370 2319 Conditus
381 2298 410 2317 es
422 2290 497 2317 enim
512 2289 541 2317 in
554 2289 662 2317 Christo
673 2290 749 2322 Jesu,
765 2293 792 2317 et
805 2297 875 2317 nova
890 2298 965 2318 crea-

172 2339 232 2362 tura
255 2334 342 2362 factus
361 2342 399 2367 es,
415 2334 545 2362 defuncto
567 2334 617 2361 tibi
640 2338 729 2362 vetere
744 2334 855 2362 homine
876 2334 903 2362 in
918 2334 965 2362 ba-

172 2380 306 2416 ptismate.
340 2380 382 2406 Ac
409 2377 643 2414 quemadmodum
668 2379 697 2406 in
723 2379 855 2415 principio
882 2379 963 2415 381

171 2431 235 2452 cum
249 2431 306 2451 non
324 2431 407 2457 esses,
426 2422 553 2458 produxit
572 2427 597 2451 te
616 2428 648 2451 ut
661 2431 746 2456 esses,
766 2424 803 2451 sic
817 2424 965 2451 etiamnum

172 2473 203 2496 ut
216 2469 285 2496 bene
302 2475 385 2501 esses,
408 2472 435 2496 te
453 2467 567 2503 protulit
587 2475 592 2493 ε
610 2467 792 2503 conditusque
807 2476 846 2503 es,
865 2477 921 2496 non
936 2473 965 2496 ut

171 2513 276 2546 otieris,
302 2520 402 2540 verum
429 2516 460 2540 ut
484 2512 617 2547 opereris,
641 2516 668 2539 et
691 2512 719 2539 in
739 2512 816 2540 bonis
837 2513 965 2548 operibus

172 2558 309 2591 ambules,
331 2558 383 2585 hoc
405 2560 456 2591 est,
479 2565 591 2585 onmem
615 2556 703 2584 aetatis
724 2561 780 2585 ture
804 2565 914 2585 cursum
938 2558 967 2585 in

171 2603 244 2631 hisce
259 2602 384 2639 perﬁcies
400 2613 406 2630 :
425 2610 482 2630 non
496 2601 566 2629 duos
581 2605 668 2630 tresve
684 2609 779 2636 annos,
794 2601 841 2630 sed
856 2610 966 2630 omnem

171 2648 232 2678 vitm
253 2653 308 2676 tuae
329 2655 440 2676 cursum
459 2656 465 2674 :
485 2646 538 2675 hoc
555 2646 629 2675 enim
653 2645 754 2675 indicat
767 2654 823 2683 per,
841 2646 966 2675 ambule-

207 2722 218 2736 °
234 2721 322 2748 Rom.
338 2727 369 2753 x,
391 2722 433 2749 t4.

1022 2241 1104 2280 ἔργα,
1131 2241 1210 2281 φησὶν
1235 2240 1274 2270 ὅτι
1288 2243 1333 2270 νῦν
1361 2240 1429 2278 μετὰ
1450 2240 1498 2277 τὴν
1522 2240 1612 2270 πίστιν
1633 2241 1716 2281 χρεία
1732 2242 1824 2281 ἔργων.

1020 2285 1162 2321 Ἐκτίσθης
1183 2285 1234 2324 γὰρ
1262 2286 1289 2314 ἐν
1311 2286 1419 2325 Χριστῷ
1434 2285 1543 2322 Ἰησοῦ,
1566 2284 1612 2314 καὶ
1641 2286 1702 2315 νέον
1718 2287 1823 2323 ποίημα

1021 2331 1127 2369 ἐγένου,
1155 2329 1328 2363 ἀποθανόντος
1353 2341 1393 2359 σοι
1418 2333 1464 2359 τοῦ
1491 2331 1607 2359 παλαιοῦ
1630 2331 1778 2369 ἀνθρώπου
1799 2331 1822 2358 ἐν

1020 2377 1058 2415 τῷ
1079 2374 1256 2414 βαπτίσματι.
1285 2375 1338 2404 Καὶ
1352 2373 1442 2414 ὥσπερ
1455 2375 1481 2404 ἐν
1496 2376 1568 2414 ἀρχῇ
1591 2374 1645 2403 ἀπὸ
1660 2377 1710 2404 τοῦ
1727 2375 1764 2411 μὴ
1780 2375 1820 2403 6v-

1018 2431 1061 2453 τος
1076 2421 1112 2454 εἰς
1126 2419 1156 2449 τὸ
1170 2415 1236 2448 εἶναι
1255 2419 1414 2458 παρήχθης,
1441 2419 1510 2448 οὕτω
1528 2422 1574 2448 νῦν
1589 2420 1625 2452 εἰς
1648 2419 1680 2448 τὸ
1707 2415 1737 2449 εῦ
1755 2415 1820 2448 εἶναι

1018 2464 1174 2504 παρήγαγε·
1201 2463 1246 2493 καὶ
1265 2464 1399 2500 ἐκτίσθης,
1424 2464 1474 2503 οὐχ
1498 2463 1541 2492 ἵνα
1565 2465 1663 2503 ἆργῇς,
1687 2465 1747 2493 ἀλλ’
1779 2463 1818 2491 iu

1019 2509 1135 2549 ἐργάζῃ,
1149 2508 1196 2538 καὶ
1212 2511 1360 2548 περιπατῇς
1374 2510 1401 2537 ἐν
1416 2512 1471 2542 τοῖς
1487 2509 1596 2546 ἀγαθοῖς
1621 2507 1725 2548 ἔργοις-
1740 2519 1816 2537 τουτ-

1020 2553 1076 2583 έστι
1087 2577 1095 2591 ,
1111 2557 1201 2583 πᾶσαν
1213 2553 1261 2589 τὴν
1277 2554 1335 2582 ὁδὸν
1350 2555 1396 2582 τοῦ
1421 2553 1479 2592 βίου
1501 2552 1627 2592 διανύσῃς
1650 2554 1678 2581 ἐν
1707 2552 1816 2587 τούτοις,

1020 2599 1050 2628 οὐ
1066 2598 1111 2628 δύο
1171 2601 1240 2638 τρεῖς
1256 2597 1402 2634 ἐνιαυτοὺς,
1430 2597 1501 2627 ἀλλὰ
1517 2601 1607 2627 πᾶσαν
1623 2597 1672 2632 τὴν
1693 2598 1751 2626 ὁδον
1774 2599 1818 2630 τῖς

1022 2644 1090 2679 ζωῆς
1104 2655 1163 2674 σου.
1187 2644 1276 2673 Τοῦτο
1290 2642 1342 2684 γὰρ
1365 2642 1511 2672 αἰνίττεται
1534 2641 1576 2671 διὰ
1590 2644 1652 2679 τοῦ,
1668 2643 1815 2683 περιπατῆ-

861 2765 957 2795 Varia:
979 2766 1129 2796 lectiones.

205 2813 226 2829 ⁸⁷
242 2812 297 2839 usae
311 2811 359 2849 γὰρ
372 2820 398 2840 0.
437 2811 460 2830 ⁸³
473 2811 582 2847 ἐπήγαγε
596 2819 623 2840 0.
