1877 3081
32 183 102 209 1οὕ7

458 180 633 208 EXPOSITIO
653 182 686 208 IN
706 181 808 210 EPIST.
828 182 873 210 AD
894 181 1009 211 EPHES.
1030 197 1065 203 —
1084 183 1159 212 CAP.
1180 185 1214 212 ll.

1607 189 1676 216 1058

31 257 86 274 σαι.
102 243 137 274 Ὁ
148 243 198 283 γὰρ
213 243 282 276 Θεὸς
299 242 480 283 προητοίμασε
495 246 594 273 ταῦτα·
610 242 679 274 ὥστε
692 245 740 274 of»:
755 244 826 274 ἔστιν
841 247 868 278 Α
883 253 953 273 Inus.

923 253 953 273 IS.
978 247 1052 274 Deus
1075 245 1150 274 enim
1179 246 1337 282 praeparavit
1360 246 1433 281 hac;
1461 249 1587 284 quocirca
1617 258 1675 279 non

32 289 215 319 ἀναϐαλέσθαι
224 311 233 324 ,
247 291 280 322 ὡς
293 289 440 327 ὡρισμένου
450 288 535 318 θεόθεν
547 291 592 319 τοῦ
598 287 674 328 ἔργου
683 289 732 318 ⁸⁸“’.
742 288 828 320 Ἀλλὰ

32 335 78 363 καὶ
94 336 120 363 ἐν
142 338 222 363 πᾶσιν
234 346 241 352 ·
257 335 279 363 εἰ
293 333 344 374 γὰρ
359 333 385 363 ἓν
406 333 508 370 λείπει,
537 334 689 369 ἐκολοῦώθη
701 337 718 370 ἡ
734 335 827 374 ἀρετή.

32 379 67 410 Ὁ
84 379 112 409 δὲ
137 379 269 418 Θεολόγος
285 378 429 418 Γρηγόριος
453 379 495 414 τὸ,
512 390 524 404 α
547 378 704 412 κτισθέντες
729 379 772 407 ἐπ’
785 379 829 419 ἔρ-

31 436 87 463 γοις
102 426 223 464 ἀγαθοῖς,
239 438 250 450 ι
275 424 304 453 οὐ
327 423 448 464 περὶτῆς
474 424 500 452 ἐν
516 424 554 463 τῷ
579 423 745 462 βαπτίσματι
771 424 827 453 κτί-

32 481 114 506 σεως,
131 469 199 498 ἀλλὰ
214 468 334 508 περὶτῆς
351 467 522 508 δημιουργίας
537 467 563 486 3°
573 467 717 502 ἐξεδέξατο.

73 574 85 587 ι
104 561 153 590 Διὸ
179 559 373 599 μνημονεύετε,
400 559 440 589 ὅτι
460 561 534 598 ὑμεῖς
557 571 621 589 ποτε
655 559 689 589 τὰ
712 559 773 596 ἔθνη
802 561 829 589 ἐν

35 605 130 644 σαρκὶ,
155 606 179 635 οἱ
197 607 334 644 λεγόμενοι
356 604 520 644 ἀκροϐυστία
540 604 590 634 ὑπὸ
611 606 658 640 τῆς
687 604 831 644 λεγομένης

34 653 179 690 περιτομῆς
210 650 237 678 ἐν
263 650 343 689 σαρκὶ
370 649 577 689 χειροποιήτου,
605 649 645 678 ὅτι
663 645 709 685 ἦτε
739 651 768 678 ἐν
791 651 829 690 τῷ

33 697 118 735 καιρῷ
145 694 237 735 ἐκείνῳ
259 695 342 735 χωρὶς
365 696 495 734 Χριστοῦ.
523 708 534 721 ι
552 693 643 724 Εἰπὼν
668 693 709 723 ὅτι
723 694 831 734 νεκροὺς

33 739 111 774 ὄντας
130 739 227 775 ἔσωσε,
242 741 288 768 ν’ὖν
303 739 394 777 μέλλει
416 741 515 775 εἶπεῒν,
529 739 606 768 τίνων
622 737 744 774 ἐποίησεν
760 738 831 773 ἴσους

31 785 79 813 καὶ
118 783 363 824 συγκληρονόμους,
401 784 447 813 καὶ
474 783 514 812 ὅτι
549 785 601 813 τῶν
635 784 829 823 Ἰσραηλιτῶν·

33 829 105 868 μέγα
131 829 181 868 γὰρ
210 825 242 864 ἦν
256 829 286 858 τὸ
305 829 404 858 τούτων
426 827 547 866 ἀξίωμα·
576 829 622 857 καί
637 839 701 868 φησι
715 840 721 846 ·
740 839 756 856 σι
782 827 830 859 Διὸ

34 873 251 912 μνημονεύετε.»
269 891 310 897 -
327 885 342 901 α
356 873 413 904 Διό.
430 884 445 902 ι)
467 874 564 908 Ποῖον;
581 872 655 904 Διότι
669 873 828 912 ἐκτίσθημεν

33 920 76 948 ἐπ’
93 920 177 958 ἔργοις
200 919 323 958 ἀγαθοῖς·
352 921 428 949 τοῦτο
459 918 510 958 γὰρ
542 916 620 957 μόνον
647 917 737 947 ἱκανὸν
760 921 832 957 ἡμᾶς

32 968 127 994 πεῖσαι
151 966 197 999 τῆς
219 965 314 1003 ἀρετῆς
341 964 535 1001 ἐπιμελεῖσθαι.
562 976 574 989 α
600 962 788 1001 Μνημονεύετε
813 974 827 991 »
846 974 870 1005 Β

32 1008 59 1037 δὲ
71 1031 79 1044 ,
96 1003 169 1045 εἶπε,
186 1007 253 1038 διότι
275 1007 331 1041 ἔθος
352 1008 408 1037 ἐστὶ
423 1011 477 1041 τοῖς
493 1007 546 1037 ἀπὸ
574 1008 675 1042 πολλῆς
699 1007 830 1040 εὐτελείας

34 1054 71 1086 εἷς
98 1053 162 1093 ὕψος
187 1053 385 1091 ἆναδραμοΰσι,
409 1052 476 1090 μηδὲ
500 1054 649 1090 μεμνῆσθαι
664 1053 716 1081 τῶν
738 1051 831 1092 προτέ-

32 1110 99 1136 ρων.
115 1098 151 1127 Τί
175 1097 203 1126 δὲ
221 1111 233 1124 ι
250 1098 448 1136 μνημονεύετε;
475 1111 488 1122 ι»
503 1095 569 1127 Ὅτι
585 1096 831 1137 ἀπηλλοτριωμένοι

32 1139 81 1178 ἦτε
110 1145 156 1171 τοῦ
182 1143 298 1181 Χριστοῦ
326 1143 352 1170 ἐν
383 1143 437 1175 τοῖς
469 1141 560 1182 πρώην
590 1141 705 1180 καιροῖςυ
731 1143 775 1170 νῦν
804 1140 831 1170 δὲ

32 1187 112 1226 ἐγγὺς
135 1187 252 1226 ἐγένεσθε
279 1187 376 1222 αὐτοῦ,
393 1185 483 1226 ὥσπερ
506 1186 551 1215 καὶ
567 1188 580 1215 ὁ
595 1185 717 1226 Ἰσραήλ.
745 1187 832 1216 Τοῦτο

33 1232 83 1270 μὲν
99 1227 144 1261 οὖν
170 1233 184 1260 ὁ
208 1231 305 1264 σκοπὸς
329 1233 373 1260 τοῦ
391 1231 478 1269 λόγου.
495 1230 569 1270 Ὅρα
594 1230 636 1267 δὲ,
661 1232 717 1264 πῶς
731 1231 832 1271 εὐφυῶς

31 1276 200 1305 καταϐάλλει
224 1276 272 1311 τὴν
298 1274 463 1316 περιτομὴν,
491 1275 591 1309 δεικνὺς
615 1276 641 1304 ἐν
666 1274 737 1315 λόγῳ
760 1274 832 1315 μόνῳ

32 1321 210 1361 διαφέρουσαν
242 1322 290 1356 τῆς
319 1319 511 1360 ἀκροϐυστίας,
536 1320 583 1349 καὶ
618 1321 666 1349 οὐκ
694 1321 721 1348 ἐν
751 1319 829 1358 ἔργῳ.

35 1378 49 1394 cr
70 1366 164 1403 ’]“μείς
177 1365 238 1405 γὰρ,
250 1378 262 1391 ιι
273 1365 349 1406 φησὶ,
363 1379 374 1391 σι
386 1364 420 1394 τὰ
432 1365 491 1400 ἔθνη
506 1367 531 1394 ἐν
545 1364 640 1403 σαρκὶ,
657 1377 669 1389 ι
680 1363 738 1393 ἀλλ’
748 1366 795 1393 οὐκ
806 1365 832 1393 ἐν

32 1410 182 1448 πνεύματι·
200 1409 245 1439 καὶ
260 1420 275 1438 α
288 1409 435 1448 λεγόμενοι,
451 1421 465 1436 ι)
482 1410 541 1438 ἀλλ’
557 1409 605 1438 οὖκ
620 1408 704 1441 ὄντες
715 1410 750 1442 ὡς
765 1408 796 1437 ἃν
810 1409 832 1437 εἰ

31 1456 142 1493 ἔλεγεν,
169 1455 210 1484 ὅτι
235 1454 282 1484 Ἐν
314 1456 391 1493 σαρκὶ
420 1454 496 1493 ἔχετε
520 1453 549 1483 τὸ
573 1453 699 1490 ἔλαττον,
729 1454 776 1482 οὐκ
806 1454 832 1482 ἐν

32 1499 180 1538 πνεύματι.
214 1499 267 1529 Καὶ
282 1498 378 1528 πάλιν·
395 1512 406 1525 ιι
432 1498 504 1528 Ὑπὸ
519 1500 565 1534 τῆς
584 1498 728 1537 λεγομένης
754 1509 833 1536 περι-

32 1547 118 1582 τομῆς
140 1545 166 1574 ἐν
181 1544 279 1584 σαρκί·
295 1557 307 1569 υ
323 1543 371 1579 τὴν
399 1545 425 1572 ἐν
453 1543 540 1581 λόγοις
569 1543 656 1582 μόνοις
685 1542 730 1572 καὶ
755 1541 834 1584 σαρκὶ

31 1589 194 1628 προτίμησιν
221 1583 322 1624 δηλῶν.
341 1587 375 1618 Ἦ
402 1587 448 1627 μὲν
478 1584 522 1617 οὖν
544 1587 706 1627 ἀκροϐυστία
728 1587 775 1616 οὖκ
801 1583 833 1622 ἦν

32 1634 137 1670 δεινὸν,
153 1634 210 1663 οὐδὲ
238 1632 378 1673 βδελυκτὸν
389 1655 398 1671 ,
415 1634 437 1662 εἰ
461 1633 506 1661 καὶ
529 1633 632 1672 ἐλέγετο
647 1632 699 1673 ὑπὸ
714 1633 767 1661 τῶν
788 1631 832 1660 ἐπὶ

93 1680 223 1718 περιτομῇ
239 1672 442 1716 νκομπαζόντων
453 1689 459 1695 ·
475 1678 507 1707 τὸ
533 1678 559 1706 δὲ
575 1677 656 1717 χωρὶς
679 1672 746 1706 εἶναι
763 1677 833 1716 Χρι-

31 1727 99 1753 στοῦ
110 1745 118 1759 ,
131 1727 207 1753 τοῦτο
220 1719 251 1759 ἧν
267 1723 348 1756 ὄντως
365 1722 449 1752 δεινὸν
464 1721 509 1751 καὶ
526 1722 669 1763 ἀφόρητον.
686 1721 721 1752 Τί
736 1721 834 1757 δήποτε

31 1768 143 1805 μέλλων
173 1767 255 1802 δεῖξαι
298 1766 391 1801 αὐτοὺς
422 1766 562 1800 κοινωνοὺς
590 1770 636 1803 τῆς
668 1766 742 1802 δόξης
782 1766 835 1798 τοῖς

31 1813 233 1852 Ἰσραηλίταις,
261 1815 382 1853 καθαιρεῖ
401 1811 431 1841 τὸ
447 1813 499 1841 τῶν
511 1811 686 1851 Ἰσραηλιτῶν
708 1810 833 1849 damula;

30 1857 107 1887 Ἀλλ’
123 1857 187 1897 ὅρα,
206 1859 232 1887 ἐν
245 1857 297 1886 τίσι
320 1859 462 1896 καθαιρεῖ⁶
488 1857 514 1885 ἐν
536 1861 589 1889 τοῖς
610 1855 647 1893 μὴ
671 1854 832 1894 ἀναγκαίοις.

30 1903 78 1932 Οὖ
93 1902 145 1942 γάρ
162 1903 232 1932 ἐστιν
245 1903 388 1940 ἀναγκαῖον
403 1905 420 1938 ἡ
436 1900 584 1941 περιτομὴ,
597 1901 666 1929 ἀλλὰ
681 1900 832 1940 ἀδιάφορον.

31 1948 84 1976 Ἰσζν
99 1947 125 1975 δὲ
151 1947 203 1980 τοῖς
229 1947 382 1986 ἀναγκαίοις
409 1946 454 1975 καὶ
481 1945 582 1986 σφόδρα
603 1944 723 1985 ἐπαίρει,
744 1943 833 1984 ἁγίους

29 1991 172 2030 ὀνομάζων
205 1990 263 2025 τοὺς
294 1990 464 2030 Ἰσραηλίτας
493 1990 538 2020 καὶ
568 1990 679 2023 οἰκείους
713 1990 776 2028 Θεῷ
793 1987 828 2018 ⁹⁰.

886 290 949 318 licet
964 290 1008 318 illa
1026 290 1146 326 rejicere,
1163 299 1212 319 ceu
1228 299 1309 326 opere
1328 291 1456 320 divinitus
1476 293 1620 323 destinato.
1641 297 1674 323 In

884 334 1013 370 operibus
1025 335 1114 370 bonis,
1128 343 1185 363 non
1199 335 1227 363 in
1243 344 1298 363 uno
1310 343 1401 372 opere,
1417 336 1466 364 sed
1484 337 1511 366 in
1524 339 1653 368 omnibus
1668 351 1674 368 :

884 387 948 407 nam
963 379 986 407 si
1005 387 1090 407 unum
1110 379 1193 414 desit,
1213 380 1338 408 mutilata
1352 385 1394 408 est
1411 382 1505 410 virtus.
1528 383 1677 419 Gregorius

885 428 977 452 autem
987 424 1141 460 Theologus
1154 425 1238 458 istud,
1254 436 1266 449 ι
1276 425 1365 454 Creati
1378 426 1406 454 in
1421 427 1549 462 operibus
1561 427 1651 463 bonis,
1663 441 1676 455 ι

885 477 942 497 non
965 469 999 497 de
1021 469 1159 497 creatione
1180 469 1207 497 in
1226 469 1399 506 baptismate,
1418 479 1512 499 verum
1533 472 1567 500 de
1588 473 1676 509 prima

884 514 1021 542 creatione
1032 513 1223 549 interpretatus
1235 518 1286 542 est.

920 559 1009 586 Vens.
1029 562 1070 586 11.
1089 570 1101 583 ιι
1119 560 1233 595 Propter
1245 559 1319 595 quod
1333 568 1471 589 memores
1484 566 1583 597 estote,
1601 563 1677 599 quod

885 611 934 631 vos
953 604 1019 631 olim
1036 607 1129 639 gentes
1142 604 1171 631 in
1189 612 1279 638 carne,
1301 605 1347 641 qui
1367 605 1491 634 dicimini
1514 608 1676 643 praeputium

886 647 920 675 al)
933 656 964 676 ea
979 656 1039 684 qua:
1054 648 1152 676 dicitur
1166 649 1337 677 circumcisio
1359 650 1387 677 in
1406 658 1490 679 carne
1509 652 1678 687 manufacta,

885 692 959 728 quod
974 693 1058 721 eratis
1070 693 1114 721 illo
1128 693 1156 720 in
1168 697 1292 729 tempore
1300 694 1357 722 sine
1367 695 1484 724 Christo.
1498 708 1510 719 η
1521 697 1590 724 Cum
1601 697 1680 725 dixis-

886 742 927 764 set
946 737 1021 773 quod
1036 742 1159 766 mortuos
1171 739 1300 773 servarit,
1319 739 1443 768 dicturus
1455 741 1513 776 jam
1527 745 1569 768 est
1581 742 1680 778 quibus

886 783 1004 818 aequales
1023 782 1117 811 fecerit
1135 787 1162 811 et
1180 783 1507 819 cohaeredes,‘nimirum,
1524 786 1654 814 lsraelitis
1671 796 1678 815 :

884 827 979 863 ingens
988 827 1060 855 enim
1073 828 1172 856 horum
1185 832 1243 856 erat
1251 828 1366 865 dignitas
1379 833 1407 857 et
1416 831 1574 859 auctoritas.
1586 832 1622 859 Et
1630 831 1678 865 ait,

886 882 899 898 «
925 873 1038 908 Propter
1056 872 1131 908 quod
1149 880 1287 901 memores
1305 877 1392 902 estote
1414 884 1420 902 :
1439 886 1451 898 ι»
1467 879 1578 911 propter
1590 875 1679 912 quid?

886 918 1029 952 Propterea
1047 917 1121 954 quod
1143 917 1228 945 creati
1244 919 1331 946 simus
1351 919 1386 947 ad
1407 927 1487 955 opera
1507 920 1579 948 bona
1598 929 1604 948 :
1627 920 1680 948 hoc

885 961 959 988 enim
982 961 1073 990 solum
1099 961 1200 990 sufﬁcit
1221 963 1384 998 persuadere
1406 964 1495 997 nobis,
1521 969 1551 992 ut
1572 965 1679 994 virtutis

885 1006 1020 1034 rationem
1034 1005 1192 1034 habeamus.
1211 1019 1223 1031 ιι
1234 1009 1374 1036 Memores
1389 1019 1402 1032 ι»
1416 1013 1508 1036 autem
1522 1020 1535 1033 ‹ι
1551 1013 1647 1044 estote,
1663 1021 1677 1034 ι

883 1049 962 1085 dixit,
982 1058 1015 1078 eo
1036 1051 1109 1086 quod
1131 1051 1289 1088 plerumque
1304 1052 1363 1080 ﬁeri
1383 1053 1481 1087 soleat,
1501 1058 1532 1081 ut
1552 1054 1569 1081 ii
1593 1054 1638 1090 qui
1662 1063 1677 1083 a

883 1103 983 1131 magna
997 1096 1100 1123 vilitate
1117 1095 1152 1124 ad
1167 1095 1303 1132 fastigium
1316 1097 1457 1133 quoddam
1476 1098 1595 1134 provecti
1610 1099 1675 1133 sint,

885 1140 981 1175 prioris
1003 1144 1088 1169 status
1109 1148 1143 1168 ne
1173 1141 1351 1170 meminerint
1376 1142 1497 1178 quidem.
1524 1143 1595 1178 Quid
1613 1152 1678 1172 vero

885 1188 926 1212 est
943 1184 1022 1220 cujus
1040 1192 1179 1213 memores
1200 1193 1258 1214 esse
1276 1186 1406 1214 debetis?
1429 1186 1510 1222 Quod
1533 1187 1679 1216 abalienati

885 1230 969 1257 eratis
987 1237 1002 1257 a
1025 1229 1134 1258 Christo
1154 1230 1325 1266 temporibus
1338 1231 1460 1267 pristinis
1487 1242 1493 1260 :
1518 1240 1591 1260 nunc
1613 1241 1680 1261 vero

885 1273 1028 1302 viciniores
1043 1274 1092 1310 ipsi
1113 1274 1177 1303 facti
1203 1275 1278 1309 estis,
1298 1280 1379 1312 atque
1395 1276 1464 1304 adeo
1484 1277 1508 1305 ei
1529 1278 1680 1314 appropin-

885 1319 998 1353 quastis,
1024 1319 1135 1355 perinde
1155 1327 1187 1348 ac
1217 1321 1312 1348 Israel.
1337 1321 1392 1348 Hic
1419 1321 1501 1358 igitur
1527 1321 1609 1358 hujus
1629 1323 1679 1351 loci

886 1371 984 1398 scopus
1008 1369 1059 1392 est.
1080 1364 1274 1393 Animadverte
1302 1369 1395 1393 autem
1423 1373 1507 1402 quam
1531 1367 1599 1395 scite
1626 1367 1681 1396 cir-

886 1407 1084 1436 cnmcisiouem
1109 1409 1230 1445 dejiciat,
1257 1410 1404 1438 ostendens
1426 1418 1487 1438 eam
1513 1411 1572 1439 solo
1596 1412 1679 1440 verbo

886 1451 996 1480 differre
1020 1461 1034 1480 a
1057 1453 1201 1489 praeputio,
1221 1462 1276 1482 non
1295 1463 1387 1491 opere.
1409 1456 1462 1483 Vos
1482 1456 1555 1484 enim
1575 1461 1679 1493 gentes,

887 1496 986 1532 inquit,
1010 1497 1037 1525 in
1057 1506 1146 1532 carne,
1169 1507 1224 1526 non
1242 1499 1268 1526 in
1286 1499 1382 1535 spiritu
1398 1510 1404 1528 :
1425 1501 1472 1536 qui
1487 1500 1619 1536 dicimini,
1633 1501 1680 1530 sed

887 1549 942 1569 non
961 1543 1024 1570 estis
1050 1552 1056 1570 :
1073 1543 1184 1578 perinde
1203 1544 1280 1579 quasi
1297 1544 1379 1577 dicat.
1400 1546 1431 1572 ln
1450 1553 1534 1573 carne
1557 1546 1622 1574 estis
1641 1546 1681 1574 in-

886 1585 1011 1623 feriores,
1033 1595 1089 1615 non
1106 1588 1133 1615 in
1152 1588 1257 1624 spiritu.
1273 1589 1308 1616 Et
1328 1597 1423 1618 rursus
1449 1598 1455 1618 :
1479 1601 1491 1614 α
1515 1589 1559 1617 Ab
1573 1598 1603 1618 ea
1618 1598 1680 1627 qua:

886 1630 987 1659 dicitur
1003 1631 1174 1660 circumcisio
1199 1633 1227 1660 in
1244 1641 1337 1667 carne,
1354 1645 1368 1658 ν
1388 1634 1573 1670 praelationem
1588 1639 1616 1663 et
1633 1635 1681 1663 ho-

887 1683 984 1704 norem
999 1676 1128 1711 innuens,
1143 1677 1190 1713 qui
1202 1677 1228 1705 iu
1242 1678 1307 1706 solis
1322 1678 1411 1706 verbis
1425 1681 1452 1707 et
1465 1687 1548 1707 carne
1562 1684 1680 1709 constat.

891 1721 1057 1756 Prmputium
1079 1722 1161 1757 igitur
1181 1730 1236 1750 non
1264 1727 1323 1751 erat
1346 1724 1434 1759 gravis
1454 1732 1485 1751 ac
1509 1725 1682 1753 exsecrabilis

888 1772 943 1799 res,
971 1766 1078 1793 etiamsi
1101 1767 1240 1795 diceretur
1268 1768 1302 1795 ab
1329 1768 1362 1796 iis
1391 1768 1437 1804 qui
1463 1768 1682 1798 circumcisionis

888 1810 1000 1837 nomine
1021 1811 1117 1838 cristas
1141 1811 1277 1839 tollerent.
1304 1812 1365 1840 Sine
1388 1813 1497 1841 Christo
1521 1821 1586 1841 vero
1611 1822 1680 1848 esse,

889 1853 954 1882 illud
967 1854 1080 1882 demum
1097 1863 1160 1883 vere
1172 1860 1198 1883 et
1211 1864 1292 1892 grave
1306 1860 1333 1884 et
1346 1857 1524 1885 intolerabile.
1540 1860 1680 1894 Quorsum

888 1898 972 1933 igitur
1003 1904 1204 1928 monstraturus
1238 1909 1285 1928 eos
1321 1908 1380 1929 esse
1410 1902 1555 1937 participes
1587 1902 1681 1938 gloriae

886 1943 1082 1979 Israelitarum,
1108 1944 1271 1981 dignitatem
1297 1946 1484 1974 lsraelitarum
1511 1947 1619 1975 elevat?
1644 1950 1682 1975 At

888 1992 984 2024 reputa
1001 1993 1093 2017 tecum
1116 1989 1143 2017 in
1161 1990 1261 2026 quibus
1284 1990 1379 2025 elevet,
1402 1991 1431 2019 in
1455 1991 1536 2020 rebus
1556 1991 1682 2020 videlicet

31 2049 94 2068 non
117 2040 231 2076 perinde
253 2040 411 2068 uecesariis.
446 2041 510 2068 Non
529 2039 601 2067 enim
629 2047 672 2067 res
702 2042 744 2066 est
764 2036 914 2065 necessaria
939 2038 1122 2073 circumcisio,
1149 2039 1197 2068 sed
1221 2039 1377 2069 indifferens
1406 2048 1438 2068 ac
1467 2040 1564 2069 media.
1586 2042 1617 2069 1n
1638 2049 1682 2069 re~

30 2087 88 2113 bilS
103 2093 168 2112 vero
182 2085 343 2113 necessariis
355 2085 526 2113 vehementer
538 2092 585 2112 eos
599 2083 707 2118 attollit,
724 2086 831 2112 sanctos
845 2082 992 2112 nominans
1011 2085 1146 2113 lsraelitas
1166 2089 1249 2121 atque
1263 2085 1427 2114 domesticos
1441 2086 1502 2115 Dei.

79 2142 92 2158 α
115 2130 374 2171 Ἄπηλλοτριωμένοι
390 2132 436 2165 τῆς
451 2129 586 2162 πολιτείας
601 2131 648 2158 τοῦ
672 2129 794 2169 Ἰσραήλ.
811 2138 826 2156 n
847 2128 872 2160 D
923 2129 958 2156 Vi

923 2129 1009 2158 Vsus.
1031 2133 1074 2158 12.
1097 2141 1109 2154 ι
1128 2130 1245 2158 Alienati
1265 2140 1280 2158 a
1302 2132 1510 2160 conversatione
1533 2131 1648 2160 Israelis.
1668 2143 1680 2156 ι»

29 2177 97 2204 Οὐκ
113 2170 186 2211 εἶπε,
202 2175 411 2215 Κεχιιιρισμένοι,
427 2175 485 2203 ἀλλ’
504 2186 516 2202 α
534 2174 798 2214 Ἀπηλλοτριωμένοι⁸
814 2185 830 2201 ’ρ

29 2219 92 2249 ἐπεὶ
118 2220 163 2248 καὶ
179 2221 202 2248 οἱ
226 2219 396 2259 Ἰσραηλῖται
410 2221 457 2254 τῆς
472 2220 584 2258 νομικῆς
611 2219 657 2248 καὶ
672 2218 742 2248 κατὰ
762 2217 832 2248 Θεὸν

28 2264 167 2297 πολιτείας
193 2259 262 2300 ἦσαν
277 2263 364 2298 ἐκτός·
388 2265 447 2293 ἀλλ’
470 2264 519 2303 οὖχ
538 2265 573 2303 ὡς
596 2263 748 2304 ἀλλότριοι,
773 2262 831 2292 ἀλλ’

27 2312 50 2338 6,-
57 2321 68 2342 ς
87 2309 210 2349 ῥᾴθυμοι.

75 2365 89 2382 ιι
113 2354 166 2383 Καὶ
188 2353 253 2388 ξένοι
271 2354 322 2383 τῶν
342 2353 477 2389 διαθηκῶν
493 2354 539 2389 τῆς
560 2352 730 2392 ἐπαγγελίας.
744 2364 760 2381 π
778 2352 832 2382 Καὶ

24 2401 110 2428 τοῦτο
132 2398 214 2437 μέγας
228 2397 372 2438 χωρισμός.
395 2398 454 2428 Οὔκ
479 2393 536 2428 εἷπε
550 2398 601 2436 γὰρ
611 2421 619 2435 ,
637 2397 676 2427 ὅτι
689 2398 730 2428 Οὐ
743 2409 830 2438 προσ-

27 2445 138 2483 ἑλοντες
160 2445 218 2476 ταῖς
237 2442 389 2479 διαθήκαις,
404 2442 473 2472 ἀλλὰ
486 2465 493 2479 ,
517 2443 613 2478 Πάντ-ιι
636 2452 651 2470 (ι
669 2442 746 2476 ξένοι.
768 2453 781 2470 n
798 2443 832 2472 Εἰ

26 2488 78 2517 καὶ
103 2486 156 2526 γὰρ
184 2489 207 2517 οἱ
233 2487 400 2527 Ἰσραηλῖται
424 2487 545 2521 ἐξέπεσον
573 2489 626 2516 τῶν
651 2488 828 2527 ἐπαγγελιῶν,

27 2532 157 2571 ἀλλὀὐχ
171 2534 207 2565 ὡς
231 2532 307 2566 ξένοι.
332 2532 409 2566 Τίνες
434 2532 461 2562 δὲ
477 2533 505 2561 αἱ
530 2533 653 2568 διαθῆκαι
680 2534 727 2568 τῆς
742 2533 829 2571 ἐπαγο

25 2577 136 2616 γελίαςς
157 2589 171 2603 ι
190 2576 240 2606 Σοὶ
257 2576 335 2606 δώσω
359 2576 405 2606 καὶ
424 2578 462 2605 τῶ
485 2576 620 2615 σπέρματί
641 2588 687 2606 σου
713 2576 760 2612 τὴν
780 2579 829 2616 γῆν

27 2621 147 2657 ταύτην
165 2633 180 2649 ι
198 2622 244 2651 καὶ
259 2622 309 2651 ὅσα
335 2621 414 2662 ἔτερα
431 2621 626 2661 ἐπηγγείλατο,
644 2623 829 2661 πνευματικῶς

26 2666 137 2700 πάντως
149 2665 289 2705 νοούμενα.

77 2733 171 2762 εὓειι.
185 2740 239 2768 xv,
253 2735 301 2762 18.

888 2173 971 2209 382
981 2175 1041 2202 Non
1053 2173 1133 2208 dixit,
1146 2175 1289 2211 segregati,
1303 2176 1360 2209 sed,
1374 2188 1386 2200 ει
1399 2176 1522 2210 alienati,
1534 2188 1547 2201 ι
1558 2177 1682 2213 quando-

887 2219 997 2254 quidem
1016 2223 1042 2247 et
1057 2220 1183 2248 Israelita:
1197 2225 1272 2248 extra
1291 2220 1404 2256 legalem
1423 2221 1545 2256 adeoque
1559 2222 1681 2250 divinam

888 2263 973 2292 vitam
987 2268 1076 2299 erant,
1090 2265 1139 2293 sed
1151 2273 1206 2292 non
1225 2268 1356 2301 tanquam
1376 2265 1468 2300 alieni,
1484 2266 1532 2294 sed
1549 2270 1682 2302 tanquam

888 2308 1027 2337 socordes.

924 2365 937 2378 ι
955 2355 989 2382 Et
1001 2353 1121 2390 hospites
1133 2358 1359 2384 testamentorum
1371 2355 1572 2392 promissionis.
1586 2366 1600 2382 η
1614 2357 1682 2385 Haec

886 2398 968 2427 etiam
982 2407 1080 2435 magna
1095 2400 1230 2436 separatio
1245 2405 1295 2428 est.
1311 2401 1372 2428 Non
1388 2400 1461 2429 enim
1474 2401 1553 2435 dixit,
1567 2402 1630 2429 Non
1645 2405 1685 2430 at-

887 2443 1027 2472 tendentes
1040 2445 1220 2480 testamentis,
1238 2445 1286 2474 sed
1306 2445 1428 2479 omnino,
1447 2445 1575 2482 hospites.
1594 2458 1606 2471 »
1623 2446 1683 2474 Etsi

886 2489 959 2516 enim
975 2489 1106 2518 lsraelitze
1126 2490 1283 2518 exciderunt
1297 2498 1311 2518 a
1335 2490 1572 2526 promissionibus,
1592 2495 1683 2518 tamen

884 2541 941 2561 non
960 2536 990 2562 ut
1013 2533 1135 2570 hospites
1157 2539 1185 2562 et
1207 2535 1298 2562 alieni.
1323 2537 1359 2562 At
1376 2542 1503 2571 quaenam
1523 2539 1587 2563 sunt
1600 2539 1682 2562 testa-

883 2582 976 2606 menta
1002 2579 1215 2614 promissionis?
1240 2591 1253 2604 ιι
1278 2579 1342 2608 Tibi
1369 2579 1443 2608 dabo
1462 2584 1489 2608 et
1513 2579 1610 2608 semini
1634 2583 1682 2606 tuo

883 2627 985 2651 terram
1004 2623 1074 2651 hanc
1092 2623 1110 2658 ῐ,
1132 2636 1144 2649 ιι
1161 2629 1188 2652 et
1203 2632 1374 2661 quaecunque
1394 2625 1447 2652 alia
1465 2624 1600 2660 promisit,
1625 2623 1681 2659 spi-

884 2668 1016 2697 ritualiter
1032 2668 1181 2697 intellecta.

734 2774 828 2806 Variae
849 2775 998 2806 lectiones.

69 2826 91 2845 ⁸⁸
103 2829 116 2844 ¹
134 2827 170 2856 ia.
185 2827 246 2856 Ἐπὶ
260 2827 341 2864 ἔργοις
355 2827 472 2865 ἅγαθοις,
488 2827 537 2866 οὒκ
549 2829 585 2856 ἑνί
599 2829 693 2866 ἔργῳ.’
715 2829 737 2847 ⁸9
753 2831 796 2863 τῆς
811 2831 909 2866 πρώτης
921 2827 1081 2865 δημιουργίας
1091 2836 1129 2856 m.
1168 2826 1190 2846 ⁹⁰
1203 2827 1266 2855 Θεοῦ
1281 2836 1308 2857 ο.
