1877 3081
191 173 260 199 1059

186 280 386 308 resurrectione
398 284 427 307 et
442 279 629 308 retributione.

224 334 238 351 ιι
256 326 292 353 Et
301 325 361 352 sine
371 326 430 353 Deo
442 324 470 352 in
483 324 595 353 mundo.
610 337 622 350 ιι
635 326 721 362 Atqui
733 324 798 353 deos
808 323 960 352 adorabant
974 334 980 351 :

185 368 233 397 sed
248 368 286 396 dii
307 376 364 397 non
383 373 472 397 erant.
492 369 599 405 Adjecit
613 373 716 403 autem,
742 379 756 395 α
776 371 807 397 Ιιι
829 368 944 402 mundo,
967 379 979 391 υ

186 418 217 442 ut
229 413 356 442 ostendat
369 413 444 450 quod
458 422 514 442 non
534 414 625 442 solum
640 414 668 442 in
683 414 841 442 cmlestibus
854 412 980 442 Hebraeis

187 462 267 486 erant
283 457 437 493 inferiores,
458 466 554 487 verum
576 459 660 487 etiam
678 459 705 487 in
726 459 807 487 rebus
825 466 906 495 super
924 462 982 486 ter-

186 511 248 531 ram
261 502 426 532 celebribus.
441 503 582 540 Siquidem
599 504 728 532 Israelita:
749 507 860 540 propter
873 503 980 531 cultum

185 547 236 576 Dei
249 547 418 576 celeberrimi
435 552 464 576 et
478 548 623 576 clarissimi
638 548 761 576 fuerunt.

221 593 311 621 Vens.
337 596 381 622 13.
406 606 419 618 ιι
445 594 521 621 Nunc
539 597 632 621 autem
652 593 681 621 in
704 593 813 622 Christo
836 594 914 628 Jesu,
936 600 988 621 vos

187 640 232 677 qui
259 638 403 674 aliquando
434 638 517 666 eratis
544 638 636 674 longe,
663 646 746 674 prope
768 637 834 666 facti
868 639 936 666 estis
961 639 989 666 in

186 684 319 720 sanguine
333 683 446 712 Christi.
461 694 474 708 ι
492 684 589 719 Longe
603 690 712 711 eramus
724 691 739 710 a
753 684 824 715 Deo,
841 690 898 711 non
911 683 982 718 loco,

187 729 237 758 sed
256 730 395 757 voluntate
409 732 436 756 et
457 728 520 756 vitae
540 727 758 756 conversatione.
786 728 865 755 Nunc
888 732 981 756 autem

188 773 333 812 pr0pinqui
347 773 409 801 lacti
425 780 532 806 sumus,
547 781 603 800 non
618 772 825 801 conversatione
841 772 888 805 (nil
904 773 977 801 enim

187 819 330 847 attulimus
348 826 382 846 ex
400 818 549 854 operibus),
565 817 612 846 sed
626 818 655 846 in
669 817 780 846 Christo
793 819 858 846 Jesu
873 822 900 845 et
917 826 978 845 san-

186 864 270 900 guine
281 863 346 898 ejus.
358 865 429 891 Nam
445 863 502 899 ipse
516 863 649 898 sanguine
664 870 714 891 suo
728 871 776 899 pro
787 862 866 890 nobis
878 862 979 895 effuso,

186 916 268 945 seque
289 908 348 944 ipso
367 916 415 944 pro
435 907 516 936 nobis
534 907 644 939 tradito,
661 907 784 935 liberavit
799 915 849 935 nos
863 916 878 935 a
893 907 980 943 capti-

187 954 281 986 vitate,
296 960 359 989 quae
372 960 424 981 nos
439 952 532 989 procul
548 952 706 980 removebat
719 952 754 980 ab
769 952 839 988 ipso,
853 956 880 980 ct
896 960 980 988 prope

185 998 304 1027 adduxit.
330 999 410 1026 Potes
433 1001 527 1026 autem
550 998 633 1025 etiam
660 997 700 1025 sic
725 997 884 1033 intelligere,
906 997 979 1033 quod

186 1043 279 1079 procul
291 1050 402 1071 eramus
420 1042 455 1070 ab
470 1042 609 1076 Israelitis,
625 1041 684 1078 jam
700 1049 765 1070 vero
784 1042 849 1077 ipsis
871 1041 980 1078 prepin-

185 1088 230 1124 qui
248 1087 310 1116 l‘acti
325 1095 431 1116 sumus.

221 1133 309 1160 Vens.
334 1135 377 1160 14.
397 1144 409 1157 ει
429 1133 490 1168 Ipse
509 1132 583 1160 enim
604 1135 645 1160 est
664 1139 713 1168 pax
729 1135 831 1164 nostra,
851 1131 898 1167 qui
918 1131 980 1159 fecit

185 1181 301 1213 utraque
315 1185 412 1205 unum.
433 1188 446 1202 ιι
466 1177 539 1204 Ante
558 1176 773 1204 incarnationem
787 1175 860 1203 enim
884 1176 980 1212 ingens

185 1226 244 1250 erat
256 1222 397 1250 inimicitia
411 1221 482 1250 inter
494 1221 731 1250 circumcisionem
745 1225 773 1249 et
789 1220 954 1256 praeputium
971 1230 978 1248 :

184 1275 258 1294 nunc
281 1271 376 1295 autem
395 1273 489 1302 pacem
505 1265 593 1302 adepti
617 1273 723 1300 sumus,
746 1273 833 1293 unum
852 1265 914 1293 l'acti
933 1273 980 1301 per

186 1311 278 1339 iidem.
298 1312 360 1339 Non
383 1319 465 1347 porro
485 1310 559 1339 enim
578 1310 786 1338 circumcisione
806 1314 833 1338 et
846 1309 980 1346 praeputio

184 1356 337 1392 signamur,
356 1355 406 1384 sed
432 1355 505 1384 idem
526 1363 670 1391 unumque
693 1355 773 1383 nobis
796 1354 905 1390 signum
925 1359 978 1388 est,

184 1401 251 1429 ﬁdes
264 1400 330 1436 ipsa.
354 1400 503 1437 Fingamus
517 1401 592 1428 enim
615 1400 696 1433 duos,
718 1400 836 1428 alterum
856 1407 978 1433 servum,

703 170 958 200 THEOPHYLACTI
977 169 1155 198 BULGARIE
1175 169 1332 197 ARCHIEP.

224 246 236 258 ει
253 235 335 271 Spem
357 242 414 263 non
433 234 578 264 habentes.
602 246 615 259 ιν
631 236 672 263 De
694 234 791 263 futuris
808 234 921 266 scilicet,
945 232 981 262 de
997 235 1023 266 Α

1791 172 1800 197 1
1806 171 1827 196 Oi

1082 244 1095 261 (ι
1110 232 1228 263 Ἐλπίδα
1244 232 1282 271 μὴ
1300 232 1414 272 ἔχοντες.
1434 243 1449 261 1)
1468 231 1527 268 Τὴν
1543 233 1603 272 περὶ
1620 234 1677 261 τῶν
1698 231 1847 270 μελλόντων

1038 277 1139 314 δηλαδὴ
1151 300 1160 315 ,
1175 277 1224 314 τὴν
1238 279 1286 313 τῆς
1301 277 1471 311 ἀναστάσεως
1486 277 1533 306 καὶ
1553 277 1784 309 ἀνταποδόσεως.

1081 336 1093 348 κ
1115 323 1167 352 Καὶ
1188 324 1258 352 ἄθεοι
1275 323 1301 351 ἐν
1313 323 1352 362 τῷ
1378 322 1481 362 κόσμῳ,
1499 334 1514 350 ι)
1538 322 1638 352 Καίτοι
1664 322 1751 355 Br;an
1769 333 1847 361 προετ-

1036 367 1143 397 εκύνουν
1157 377 1165 384 ’
1180 368 1238 397 ἀλλ’
1255 367 1304 396 οὐκ
1318 362 1387 402 ἦσαν
1403 368 1469 397 θεοί.
1485 367 1646 407 Προσέοηκε
1662 366 1694 395 δὲ
1710 366 1761 402 τὸ,
1780 376 1794 394 (ι
1809 367 1847 396 Ἐν

1036 414 1073 451 τῷ
1088 412 1181 452 κόσμῳ
1192 434 1200 448 ,
1215 424 1231 440 ι
1246 411 1290 441 ἵνα
1308 411 1378 450 δείξῃ
1396 411 1436 441 ὅτι
1449 413 1478 441 οὗ
1495 413 1574 450 μόνον
1597 413 1626 441 ἐν
1643 416 1706 445 τοῖς
1722 411 1848 450 οὐρανίοις

1036 458 1216 494 ἠλαττοῦντο,
1234 456 1304 487 ἀλλὰ
1325 457 1371 486 καὶ
1387 457 1413 486 ἐν
1434 461 1488 490 τοῖς
1513 457 1585 486 κατὰ
1599 459 1652 496 γῆν
1675 455 1807 490 ἐνεόξοις.
1819 457 1848 485 Οἱ

1041 502 1091 541 γὰρ
1108 501 1274 542 Ἰσραηλῖται
1298 501 1345 531 καὶ
1369 501 1411 530 διὰ
1434 500 1481 536 τὴν
1502 501 1658 530 θεοσέϐειαν
1675 500 1786 535 ἔνδοξοι
1809 501 1847 529 καὶ

1042 546 1234 585 εὐγενέστατοι.

1086 603 1100 620 α
1121 591 1189 621 Νυνὶ
1208 591 1235 620 δὲ
1258 591 1283 620 ἓν
1299 592 1408 631 Χριστῷ
1424 591 1528 629 Ἰησοῦ,
1548 593 1625 630 δμεῐς
1648 589 1675 619 οῗ
1696 602 1768 620 ποτε
1784 591 1848 622 ὄντες

1044 636 1149 676 μακρὰν
1158 659 1166 673 ,
1182 635 1258 675 ἔγγὺς
1271 636 1410 675 ἐγενήθητε
1423 638 1449 666 ἐν
1464 637 1502 675 τῷ
1518 636 1614 674 αἵματι
1628 638 1678 665 τοῦ
1692 636 1823 674 Χριστοῦ.
1835 651 1844 660 ε

1038 680 1156 720 Μακρὰν
1170 676 1238 719 ἦμεν
1249 682 1336 717 Θεοῦ,
1351 682 1380 710 οὗ
1395 683 1433 720 τῷ
1447 681 1539 721 τόπῳ,
1549 680 1621 710 ἀλλὰ
1690 680 1845 720 προαιρέτει

1037 726 1083 756 καὶ
1158 726 1296 766 πολιτεῖαι
1311 726 1368 755 νυνὶ
1393 725 1523 765 δὲῖἔγγὶις
1551 726 1747 765 ἐγενήθημεν,
1768 725 1796 754 οὐ

1038 770 1159 810 πολιτείᾳ
1187 770 1272 810 (οὐδὲν
1298 770 1349 809 γὰρ
1378 770 1570 809 εἰσηνέγκαμεν
1595 770 1622 804 ἐξ
1651 771 1775 810 ἔργωνὶ,

1039 817 1064 845 ἐν
1077 817 1186 856 Χριστῷ
1209 815 1314 853 Ἰησοῦ,
1335 815 1380 844 καὶ
1402 817 1441 855 τῷ
1458 814 1553 853 αἵματι
1577 816 1678 844 αὐτοῦ.
1692 815 1784 847 Αὐτὸς
1799 815 1844 853 γὰρ

1036 862 1065 890 τὸ
1079 855 1147 900 αἷμα
1172 855 1278 899 ἐκχέας,
1300 859 1346 888 καὶ
1363 859 1421 893 δοὺς
1449 860 1515 900 ὑπὲρ
1530 861 1606 899 ἡμῶν
1636 860 1753 895 ἑαυτὸν,
1773 860 1843 899 ἐρρέ-

1035 916 1100 935 σατο
1114 908 1185 942 ἡμᾶς
1208 907 1256 940 τῆς
1272 904 1460 943 αἰχμαλωσίας
1482 907 1529 940 τῆς
1553 904 1755 944 μακρυνούςης
1778 907 1844 941 ἡμᾶς

1035 951 1080 978 ἀπ’
1103 952 1181 979 αὐτοῦ
1192 973 1200 986 ,
1217 950 1270 986 καὶ⁴
1285 949 1360 989 ἔγγὺς
1382 949 1478 988 ἤγαγε.
1504 949 1625 980 Δύνασαι
1668 949 1697 978 δὲ
1715 951 1764 978 καὶ
1781 949 1843 978 οὕτω

1034 997 1142 1033 νοῆσαι,
1167 995 1207 1023 ὅτι
1231 994 1346 1033 Μακρὰν
1371 990 1438 1033 ἦμεν
1454 995 1506 1023 τῶν
1529 993 1739 1034 Ἰσραηλιτῶν·
1753 997 1800 1022 νῦν
1820 994 1843 1022 Si

1035 1039 1111 1078 ἔγγὺς
1122 1040 1208 1069 αὐτῶν
1223 1039 1382 1079 γεγόναμεν.

1074 1145 1086 1157 ‹ι
1108 1131 1195 1165 Αὐτὸς
1206 1130 1258 1170 γάρ
1275 1132 1345 1161 ἐστιν
1360 1132 1377 1166 ἡ
1402 1130 1493 1170 εἰρήνη
1514 1132 1607 1169 ἡμῶν,
1623 1131 1638 1160 ὁ
1670 1130 1791 1166 ποιήσας
1814 1131 1840 1158 τὰ

1035 1175 1172 1215 ἀμφότερα
1197 1176 1236 1206 ἕν.
1275 1189 1286 1202 ιι
1319 1175 1376 1215 Πρὸ
1403 1174 1454 1214 γὰρ
1481 1177 1528 1210 τῆς
1557 1176 1840 1216 ἐνανθρωπῇσεως⁹¹,

1035 1221 1139 1258 μεγάλη
1157 1220 1240 1260 ἔχθρα
1265 1222 1298 1260 τῇ
1320 1222 1452 1260 περιτομῇ
1472 1220 1538 1260 πρὸς
1562 1220 1613 1257 τὴν
1639 1220 1839 1261 ἀκροϐυστίαν·

1034 1267 1078 1294 νῦν
1093 1264 1121 1294 δὲ
1137 1265 1342 1306 εἶρηνεύσαμεν,
1367 1264 1395 1294 ἓν
1411 1265 1545 1304 γεγονότες
1559 1267 1593 1304 τῇ
1613 1265 1721 1295 πίστει.
1744 1265 1839 1295 Οὐκέτι

1034 1309 1085 1349 γὰρ
1150 1312 1280 1349 περιτομῇ
1301 1311 1346 1339 καὶ
1373 1308 1537 1350 ἀκροϐυστίᾳ
1562 1309 1838 1349 χαρακτῆριιξόμεθαΥ

1041 1353 1092 1383 ’λλῐ
1111 1354 1123 1364 Α
1155 1355 1167 1383 ἔ
1193 1354 1199 1364 Ι
1305 1354 1316 1365 ν
1352 1367 1356 1371 '
1457 1353 1473 1383 ᾧ
1529 1355 1535 1363 Ι
1621 1352 1632 1363 1
1815 1353 1820 1363 \
1831 1366 1838 1369 Δ

1035 1366 1050 1383 α
1110 1364 1138 1383 εν
1168 1366 1286 1393 πισημον
1302 1365 1417 1394 εχομεν,
1442 1366 1456 1383 τ
1469 1366 1490 1389 ,ν
1505 1365 1604 1384 πιστιν.
1635 1355 1782 1384 Εστωσαν
1795 1366 1839 1392 γαρ

1035 1399 1081 1428 δύο
1095 1398 1180 1435 τινὲς,
1203 1401 1217 1428 ὁ
1231 1399 1279 1438 μὲν
1293 1399 1397 1435 δοῦλος,
1413 1400 1426 1427 ὁ
1441 1398 1467 1428 δὲ
1484 1399 1633 1434 υἱοποίητος
1649 1399 1692 1417 ³2·
1713 1399 1839 1439 ἀμφότε-

184 1445 301 1474 alterum
317 1446 404 1474 ﬁlium
417 1445 621 1481 adoptatitium,
639 1449 721 1480 atque
733 1444 831 1473 ambos
851 1444 974 1472 eumdem

1090 1443 1118 1473 δὲ
1137 1445 1175 1483 τῷ
1198 1445 1270 1483 αὖτῷ
1292 1443 1553 1483 προσκρουσάτωσαν
1569 1443 1610 1462 9³·
1630 1445 1643 1472 ὁ
1662 1443 1714 1481 μὲν
1735 1445 1836 1479 ἀποχη-

184 1489 332 1519 offendisse
355 1499 361 1517 :
383 1490 466 1524 hunc,
482 1489 653 1518 abdicatione
669 1489 752 1526 digna
768 1488 978 1523 committendo,

185 1534 269 1569 illum,
295 1535 358 1571 quia
382 1533 471 1562 factus
495 1535 534 1562 sit
555 1533 692 1569 transfuga
719 1544 725 1561 :
749 1533 848 1562 deinde
871 1533 980 1570 utrique

184 1579 384 1606 constituantur
397 1578 520 1607 haeredes
538 1582 566 1606 et
586 1578 709 1614 genuini.
735 1578 777 1605 En
795 1577 831 1605 ad
851 1577 979 1606 eumdem

183 1623 318 1650 honorem
334 1622 456 1658 perducti
468 1626 542 1656 sunt,
554 1622 662 1658 duoque
674 1622 718 1650 isti
732 1630 817 1650 unum
829 1626 894 1650 sunt
906 1621 977 1650 lacti.

184 1668 267 1695 Hunc
280 1667 314 1695 ad
329 1666 445 1695 modum
463 1671 557 1703 gentes
578 1671 604 1695 et
618 1667 748 1695 Israelitae
770 1677 775 1695 :
792 1667 846 1695 illa:
866 1667 976 1703 quidem

185 1715 215 1740 ut
231 1712 312 1745 servi,
332 1711 360 1740 hi
375 1719 438 1740 vero
452 1712 582 1740 Israelita
600 1716 631 1739 ut
646 1711 693 1739 ﬁlii
709 1712 890 1748 impegerunt.
906 1711 979 1747 Quid

185 1756 286 1791 igitur?
302 1757 406 1785 adeone
424 1764 554 1793 magnum
573 1756 733 1793 participare
746 1764 810 1784 cum
831 1756 979 1785 Israelitis?

183 1801 217 1830 ad
237 1801 320 1830 caelos
342 1809 430 1838 usque
445 1809 495 1830 nos
514 1801 676 1838 perduxisti,
695 1801 789 1837 etiam
805 1800 895 1829 denuo
916 1805 980 1829 tan-

184 1854 267 1883 quam
282 1846 444 1882 praaclarum
458 1846 525 1882 quid
540 1845 612 1874 istud
627 1845 731 1874 affers?
744 1846 803 1880 Nm,
820 1845 920 1881 inquit,
935 1846 977 1873 illa

183 1891 257 1919 enim
272 1894 381 1928 oportet
394 1890 449 1919 ﬁde
466 1890 697 1927 comprehendere
721 1899 728 1918 :
750 1890 802 1918 ista
823 1898 897 1923 vero,
914 1891 980 1926 ipsis

183 1936 266 1964 etiam
279 1937 416 1972 operibus.
429 1937 576 1970 Praeterea,
592 1943 647 1963 non
659 1935 712 1963 hoc
721 1934 826 1969 asserit,
843 1935 916 1971 quod
930 1943 979 1962 nos

183 1981 217 2009 ad
235 1981 346 2009 illorum
361 1980 467 2017 generis
481 1980 674 2008 claritudinem
692 1980 774 2016 383
795 1979 954 2015 perduxerit
971 1989 977 2007 :

183 2025 232 2053 sed
253 2025 326 2061 quod
340 2029 367 2052 et
384 2033 436 2053 nos
454 2029 481 2053 et
493 2025 555 2053 illos
578 2024 731 2060 provexerit
750 2025 842 2060 potius
863 2024 897 2052 ad
917 2032 979 2052 ma-

179 2069 249 2105 jora.
271 2071 462 2098 Verumtatem
483 2069 572 2106 major
584 2074 625 2098 est
638 2077 703 2105 erga
720 2076 773 2097 nos
790 2069 976 2097 beneﬁcentia.

1034 1487 1126 1528 ρὺξεως
1150 1488 1211 1522 ἄξια
1225 1487 1340 1528 πράξας,
1365 1490 1379 1518 ὁ
1394 1486 1421 1517 δὲ
1443 1488 1642 1528 δραπετεύσας·
1660 1484 1730 1517 εἶτα
1759 1489 1840 1527 ἀμφὶ·

1033 1544 1102 1573 τεροι
1125 1533 1288 1572 γενέσθωσαν
1310 1532 1472 1573 κληρονόμοι
1494 1532 1542 1562 καὶ
1567 1533 1684 1572 γνήσιοι.
1710 1534 1786 1563 Ἰδοὺ
1811 1534 1840 1564 εἰς

1034 1577 1096 1616 μίαν
1111 1577 1232 1618 ἤχθησαν
1255 1577 1304 1615 τὴν
1333 1577 1428 1615 τιμὴν,
1453 1577 1498 1607 καὶ
1513 1578 1536 1606 οἱ
1558 1578 1604 1606 δύο
1628 1577 1784 1617 γεγόνασιν
1804 1579 1839 1606 ἓν.

1033 1622 1113 1651 Οὕτω
1128 1622 1173 1651 καὶ
1198 1624 1222 1652 οἱ
1247 1621 1342 1652 ἐθνικοὶ
1359 1622 1404 1651 καὶ
1430 1624 1454 1651 οἱ
1468 1621 1652 1662 Ἰσραηλῖται·
1677 1623 1702 1651 oi
1734 1622 1785 1661 μὲν
1809 1624 1840 1654 ὡς

1033 1667 1134 1703 δοῦλοι,
1159 1667 1183 1696 οἱ
1209 1666 1236 1696 δὲ
1245 1666 1414 1707 Ἰσραηλῖται
1429 1667 1465 1700 ὡς
1484 1667 1555 1703 υἱοὶ,
1578 1667 1838 1707 προσκεκρουκότες.

1033 1711 1069 1742 Τί
1083 1707 1144 1748 οδνς
1174 1711 1244 1750 μέγα
1259 1711 1289 1741 τὸ
1314 1713 1473 1747 κοινωνῆσαι
1498 1715 1552 1744 τοῖς
1567 1711 1773 1750 Ἰσραηλίταις
1800 1712 1840 1743 Εἰς

1033 1755 1090 1789 τοὺς
1106 1756 1264 1796 οὖρανοὺςθί
1289 1758 1361 1794 ἡμᾶς
1392 1755 1542 1795 ἀνήγαγες,
1569 1756 1614 1785 καὶ
1636 1759 1684 1785 νῦν
1701 1759 1743 1790 ὥς
1771 1756 1838 1795 μέγα

1033 1801 1113 1830 πάλιν
1126 1803 1203 1830 τοῦτο
1218 1801 1318 1841 φέρεις
1341 1800 1413 1837 Nati,
1438 1800 1533 1841 φησίν·
1549 1801 1638 1830 ἐκεῖνα
1661 1801 1710 1840 μὲν
1730 1801 1788 1841 γὰρ

1032 1845 1120 1875 πίστει
1148 1845 1201 1886 χρὴ
1228 1845 1447 1884 καταλαμϐάνειν
1459 1845 1499 1862 9⁵·
1528 1848 1614 1874 ταῦτα
1645 1846 1672 1875 δὲ
1703 1847 1757 1876 καὶ
1789 1850 1838 1877 τοῖς

1032 1889 1116 1930 ἔργοις
1141 1891 1238 1924 αὐτοῖς.
1264 1888 1367 1923 Ἄλλως
1394 1901 1440 1928 τε,
1465 1890 1494 1919 οὖ
1521 1893 1598 1919 τοῦτο
1620 1889 1711 1930 λέγει,
1738 1891 1782 1920 ὅτι
1805 1892 1837 1922 εἰς

1032 1935 1079 1969 τὴν
1099 1935 1231 1973 εὐγένειαν
1259 1934 1364 1964 ἐκείνων
1381 1934 1406 1952 96
1432 1936 1503 1972 ἡμᾶς
1532 1934 1682 1974 ἀνήγαγεν,
1710 1936 1778 1964 ἀλλ’
1800 1935 1837 1964 ὅτι

1032 1979 1078 2008 καὶ
1090 1981 1160 2018 ἡμᾶς
1178 1979 1313 2012 κάκείνους
1330 1979 1366 2012 εἷς
1380 1978 1498 2016 μείζονα.
1522 1979 1599 2015 Πλὴν
1613 1980 1712 2018 μείζων
1736 1983 1756 2016 ἡ
1772 1979 1838 2020 πρὸς

1033 2025 1105 2061 ἡμᾶς
1138 2023 1286 2063 εὐεργεσία·
1326 2023 1433 2056 ἐκείνοις
1468 2022 1515 2061 μὲν
1544 2022 1597 2063 γὰρ
1635 2025 1835 2064 ἐπηγγεῧιατο⁴

1033 2069 1097 2106 ἡμῖν
1123 2068 1151 2098 δὲ
1179 2069 1238 2098 οὔτε
1265 2067 1454 2107 ἐπηγγείλατο,
1482 2069 1528 2098 καὶ
1556 2069 1719 2109 πορρωτέρω
1752 2066 1835 2107 ἦμεν,

183 2114 240 2141 Illis
260 2113 394 2150 siquidem
415 2114 590 2150 promiserat,
614 2114 693 2142 nobis
715 2121 780 2142 vero
795 2121 829 2142 ne
850 2114 974 2149 promisit

1072 2113 1103 2142 τὰ
1114 2113 1143 2143 τὸ
1159 2113 1282 2154 ἀνωτέρω
1293 2113 1451 2151 ὑπόδειγμα.

183 2157 304 2194 quidem,
331 2158 380 2187 sed
409 2159 503 2195 procul
531 2159 687 2192 aberamus,
713 2159 793 2194 juxta
820 2159 978 2194 exemplum

182 2211 262 2240 supra
279 2203 408 2240 positum.

219 2260 231 2273 α
249 2250 282 2277 Et
303 2249 424 2278 medium
444 2249 577 2286 parietem
599 2249 726 2277 maceria:
746 2249 863 2283 solvens,
890 2248 977 2276 inlini-

180 2293 274 2321 citiam
292 2293 318 2321 in
338 2302 419 2322 carne
439 2302 498 2323 sua.
521 2306 534 2319 ιι
549 2296 746 2330 Interpretatur
762 2293 826 2329 quid
844 2298 904 2321 erat
921 2302 976 2321 mc-

180 2337 241 2366 dius
255 2338 346 2374 paries
363 2339 500 2374 maceriae,
517 2339 657 2367 inimicitia
674 2338 799 2367 videlicet
812 2338 934 2374 gentium
950 2343 977 2366 ct

179 2381 340 2410 Judaaorum
354 2382 483 2411 adversus
495 2385 596 2418 Deum,
610 2391 672 2419 quae
685 2391 719 2411 ex
733 2383 834 2410 nostris
845 2382 976 2410 nasceba-

181 2430 226 2454 tur
239 2425 360 2460 delictis,
374 2431 405 2454 ut
416 2431 444 2454 et
456 2427 589 2463 propheta
609 2426 678 2454 dicit
696 2435 702 2453 :
720 2438 732 2450 «ι
749 2427 849 2454 Nonne
874 2426 976 2463 iniqui-

182 2475 251 2499 tates
264 2474 362 2498 vestrae
377 2470 500 2499 dividunt
520 2471 594 2499 inter
612 2478 660 2499 vos
678 2475 705 2498 et
718 2479 764 2498 me
777 2475 790 2493 ε
800 2473 812 2498 P
824 2481 838 2497 »
853 2471 976 2499 Medium

181 2515 265 2552 igitur
283 2513 365 2543 istum
389 2514 534 2551 parietem,
555 2514 727 2542 inimicitiam
748 2515 820 2550 dico,
849 2515 978 2543 dissolvit

179 2568 212 2589 ac
226 2558 334 2588 diremit
349 2559 377 2587 in
389 2560 498 2596 propria
511 2567 594 2588 carne
609 2567 668 2588 sua.
683 2559 850 2593 Quomodo?
869 2560 976 2588 Sistens

179 2606 232 2634 illic
245 2604 429 2633 inimicitiam.
444 2606 586 2640 Quatenus
600 2604 676 2632 enim
692 2604 780 2632 univit
793 2612 855 2632 eam
869 2604 974 2640 deitati,

179 2651 357 2688 perspicuum
373 2654 416 2678 est
426 2649 500 2686 quod
512 2649 761 2678 reconciliationem
775 2649 884 2684 fecerit,
899 2657 975 2677 com-

218 2693 231 2712 Β
247 2693 298 2719 Isa.
312 2697 375 2726 LIX,
395 2694 421 2718 2.

1073 2244 1153 2274 ιΚαὶ
1177 2244 1207 2274 τὸ
1234 2244 1388 2285 μεσότοιχον
1420 2247 1465 2274 τοῦ
1495 2245 1620 2285 φραγμοῦ
1648 2244 1752 2280 λυσας,
1785 2244 1829 2279 τὴν

1032 2289 1126 2328 ἔχθραν
1154 2290 1180 2318 ἐν
1257 2290 1336 2330 σαρκὶ
1360 2291 1474 2319 ain-03m
1501 2287 1663 2329 Ἐρμηνεύει
1691 2289 1719 2318 τί
1742 2285 1777 2325 ἦν
1804 2289 1831 2318 τὸ

1031 2333 1185 2374 μεσότοιχον
1201 2337 1247 2364 τοῦ
1277 2337 1417 2375 φραγμοῦ,
1433 2334 1479 2364 καὶ
1504 2345 1598 2375 φησιν,
1613 2334 1653 2362 ὅτι
1675 2336 1693 2369 ἡ
1718 2334 1801 2374 ἔχθρα
1816 2336 1830 2368 ἡ

1030 2378 1094 2418 πρὸς
1120 2379 1188 2410 Θεὸν
1203 2381 1255 2408 τῶν
1275 2380 1381 2408 ἐθνικῶν
1407 2391 1436 2409 τε
1459 2379 1505 2408 καὶ
1530 2380 1582 2408 τῶν
1603 2377 1758 2417 Ἰουδαίων,
1774 2378 1829 2414 ἥτις

1034 2424 1063 2452 ἐκ
1078 2425 1131 2452 τῶν
1155 2423 1289 2464 ἡμετέρων
1316 2424 1433 2454 ἐτίκτετο
1455 2423 1703 2464 παραπτωμάτων,
1724 2425 1760 2456 ὡς
1786 2422 1828 2452 καὶ

1030 2469 1044 2496 ὁ
1069 2468 1207 2508 προφήτης
1247 2467 1373 2509 φησίν-ι
1402 2469 1474 2509 Οὐχὶ
1507 2469 1535 2497 αἱ
1581 2467 1713 2507 ἁμαρτίαι
1756 2469 1825 2509 iava

1031 2512 1164 2541 διιστῶσιν
1189 2512 1323 2552 ἆνοίμεσον
1352 2514 1416 2552 ἐμοῦ
1440 2513 1486 2543 καὶ
1515 2514 1603 2551 ὓμῶν;
1632 2526 1644 2539 η
1673 2513 1761 2542 Τοῖῐτο
1784 2507 1827 2541 οιῖγ

1030 2557 1060 2586 τὸ
1076 2557 1244 2597 μεσότοιχον,
1259 2556 1305 2594 τὴν
1323 2557 1419 2598 ἔχθραν
1439 2557 1524 2599 φημὶ,
1541 2557 1633 2587 ἔλυσεν
1654 2557 1681 2586 ἐν
1747 2556 1824 2595 οἰκείᾳ

1031 2603 1120 2642 σαρκί.
1141 2604 1218 2639 Πῶς;
1245 2602 1353 2638 Στήσας
1376 2604 1433 2632 ἐκεῖ
1458 2603 1506 2638 τὴν
1538 2602 1647 2642 ἔχθραν.
1679 2602 1752 2632 Καϐὸ
1776 2601 1824 2640 γὰρ

1029 2646 1130 2682 ἥνωσεν
1147 2647 1228 2684 αὐτὴν
1255 2649 1287 2685 τῇ
1307 2647 1427 2685 θεότητι,
1443 2647 1574 2688 πρόδηλον
1595 2645 1636 2676 ὅτι
1653 2645 1822 2684 καταλλαγὴν

873 2726 969 2756 Variae
991 2727 1144 2759 lectiones.

215 2772 235 2789 πί
251 2771 455 2808 ἔνανλρωπησεως
480 2773 522 2799 τοῦ
540 2771 619 2807 λόγου
643 2779 683 2800 m.
720 2772 741 2789 ⁹²
755 2772 902 2806 ἰδιοποίητος
921 2780 947 2800 ο.

179 2812 202 2829 9⁸
213 2811 307 2840 ἐκείνην
321 2820 350 2840 0.

986 2772 1008 2789 ⁹³
1020 2772 1232 2808 προσκρούσαντες
1249 2781 1276 2802 0.

1315 2772 1337 2790 ⁸³
1352 2773 1494 2809 ἀνθρώπους
1517 2781 1543 2801 ο.
1581 2772 1603 2790 ⁸⁵
1625 2772 1769 2808 παραλαμε.
1793 2777 1817 2798 ο.
