1877 3081
25 155 83 181 10ϋὶ

24 216 142 251 ἐποίησε,
170 216 319 244 πλαχεισῶν
344 213 389 243 καὶ
422 213 657 254 περιπτυξαμένων
691 212 810 247 αλλήλας
824 215 848 245 Α

24 262 71 289 τῶν
84 261 128 289 δύο
151 259 262 300 φύσεων.
290 259 343 289 Καὶ
362 258 448 292 ἄλλως
463 258 506 294 δὲ,
530 257 627 297 καὶτῷ
642 258 667 276 ⁵⁷
688 257 810 296 ἀναμάρ-

24 316 96 340 τητος
109 306 239 344 φανῆναι,
257 303 302 333 καὶ
318 303 361 333 τὸν
383 302 462 340 νόμον
478 302 565 331 πάντα
589 303 749 344 πληρῶσαι,
763 301 811 336 τὴν

24 341 121 388 ἔχθραν
130 349 232 378 ἔλυσεν.
249 348 285 378 ⁸0
310 348 362 388 γὰρ
384 347 463 386 νόμος
480 347 599 387 φραγμὸς
625 347 674 386 μὲν
697 341 744 382 ἦν,
766 345 811 375 ἅτε

24 393 82 433 πρὸς
109 393 257 433 ἀσφάλειαν
285 393 382 431 δοθεὶς,
405 391 449 420 ἵνα
473 391 656 432 περιφράττῃ-
675 389 811 429 παραϐαι-

23 437 123 476 νόμενος
138 437 184 474 δὲ,
209 436 364 477 μεσότοιχον
391 436 506 470 ἀνέδειξε
534 436 582 472 τὴν
608 435 743 474 ἁμαρτίαν
757 446 764 453 ⁵
780 434 813 464 δι’

23 478 49 511 οἷ
61 482 85 502 ⁰⁸
112 483 159 510 οὐκ
181 483 207 511 ἐν
232 481 363 522 ἆσῖιαλεία
390 483 587 520 καθισταμεθα,
616 481 675 510 ἀλλ’
693 479 815 520 ἐχωριζό-

25 530 86 565 μεθα
97 529 142 556 τοῦ
158 527 241 557 Θεοῦ.

60 585 72 598 σι
85 572 139 601 Τὸν
151 571 231 610 νόμον
247 572 299 600 τῶν
314 571 426 600 ἐντολῶν
441 572 466 601 ἐν
483 570 596 610 δόγμασι
607 569 788 609 καταργήσας.
802 582 814 596 ι

24 615 78 646 Ἵνα
94 615 130 654 μή
145 628 184 649 τις
200 616 275 655 εἴπῃ·
291 615 328 646 Τί
343 611 400 653 οὖν,
414 616 435 645 εἰ
451 617 496 651 τῆς
513 615 561 654 μὲν
577 614 706 655 προτέρας
720 626 814 655 παρα-

25 661 119 694 ϐάσεως
148 663 194 690 τοῦ
228 659 308 700 νόμου
333 660 575 700 ἄπηλλάγημενθθ,
606 661 686 689 πάλιν
715 659 741 689 δὲ
765 660 815 688 αὖ-

25 705 64 735 τὸν
87 705 291 744 ἀναγκαζόμεθα
316 705 422 744 τηρεῖν;
449 704 546 744 φησὶν,
584 704 624 733 ὅτι
653 703 708 734 Καὶ
736 704 814 733 αὐτὸν

29 750 110 780 ἔλυσε.
135 749 203 784 Δοὺς
227 749 277 790 γὰρ
292 751 358 789 ἡμῖν
378 752 470 779 τοῦτον
487 750 522 783 εἷς
543 749 704 789 ἀσφάλειαν,
725 748 816 785 ἐπειδὴ

29 795 70 824 οὐκ
100 793 284 835 ἐφυλάξαμεν,
317 793 373 823 δέον
409 794 536 831 κολάσαι,
567 795 581 822 ὁ
608 793 634 822 δὲ
664 794 709 822 τὸν
737 793 817 831 νόμον

30 839 181 874 κατέλυσεν,
207 838 298 879 ὥσπερ
323 838 354 867 ἂν
377 838 401 868 εἴ
425 851 463 873 τις
489 839 652 878 παιδαγωγῷ
680 838 817 878 παραδοὺς

29 883 142 920 παιδίον,
166 884 259 918 ἐπειδὴ
282 883 320 921 μὴ
337 883 478 919 ὑπακούει,
507 883 614 912 καὶτοῦ
641 883 816 922 παιδαγωγοῦ

29 928 215 969 ἐλευθερώσειε.
247 928 338 966 Νόμον
366 928 392 957 δὲ
420 929 531 958 ἐντολῶν
553 927 643 957 τοῦτόν
670 939 763 968 φησιν,
783 930 818 961 ὡς

29 973 83 1012 περὶ
115 973 251 1006 πολιτείας
280 972 524 1012 διαταττόμενον⁴·
558 973 679 1011 δόγματα
711 972 738 1001 δὲ
768 972 817 1009 τὴν

28 1017 123 1056 πίστιν,
158 1013 202 1048 οἶα
237 1017 280 1047 διὰ
315 1017 454 1057 δογμάτων
482 1016 676 1056 συνισταμένην
692 1028 699 1036 ·
731 1019 766 1050 ὥς
795 1019 817 1046 εἷ

29 1062 128 1101 ἔλεγεν,
151 1062 191 1092 ὅτι
214 1062 274 1092 ἀντὶ
291 1066 337 1093 τοῦ
359 1062 416 1102 βίου
431 1063 520 1092 πίστιν
537 1062 693 1102 εἰσήγαγεν.
709 1062 752 1092 Οὖ
767 1061 819 1102 γὰρ

29 1106 52 1141 ἐξ
61 1108 166 1137 ἐντολῶν
186 1107 399 1145 ἐδικαιώθημεν,
423 1109 476 1137 τῶν
500 1107 563 1137 τάδε
587 1106 633 1136 καὶ
647 1106 712 1136 τάδε
737 1106 818 1146 διορι-

30 1152 135 1189 ζομένων
152 1155 260 1181 ποιεῖν·
288 1152 348 1181 ἀλλ’
366 1165 378 1178 «
408 1151 454 1181 ἐὰν
478 1151 622 1190 πιστεύσῃς
705 1151 818 1190 καρδία,

31 1196 70 1225 καὶ
83 1196 249 1236 ὁμολογήσῃς
264 1197 302 1236 τῷ
318 1196 445 1234 στόματι,
470 1195 589 1235 σωθήσῃ.
607 1209 618 1222 I
634 1195 671 1226 Ἢ
699 1195 818 1235 δόγματα

32 1253 89 1280 φησι
115 1241 160 1274 τὰς
192 1239 378 1282 ἆποφαντικὰς
414 1243 460 1271 τοῦ
495 1241 594 1280 Κυρίου
622 1240 819 1281 παραγγελίας,

31 1285 96 1314 τόδε·
112 1299 124 1312 α
141 1285 258 1325 Ἐγὼιδὲ
282 1285 351 1324 λέγω
366 1285 427 1324 ὑμῖν
439 1310 445 1321 ,
465 1285 503 1324 μὴ
519 1285 616 1324 ὀμόσαι
630 1285 696 1319 ὅλως
706 1295 712 1302 ·
728 1299 740 1311 ι
756 1285 820 1322 καὶ,

33 1344 42 1355 ι
53 1330 94 1366 Μὴ
106 1331 274 1370 ὀργισθῆναι·
289 1345 300 1356 ι
312 1330 358 1360 καὶ
373 1329 406 1359 τὰ
423 1333 543 1360 τοιαῦτα.

68 1373 150 1405 «Ἵνα
174 1374 237 1409 τοὺς
273 1375 318 1404 δύο
339 1375 417 1414 κτῖσῃ
445 1376 471 1405 ἐν
496 1375 582 1414 ἑαυτῷ
605 1375 641 1408 εἷς
656 1373 702 1404 ἕνα
729 1374 819 1404 καινὸν

34 1419 170 1459 ἄνθρωπον,
197 1433 209 1446 ι
235 1420 276 1450 Οὗ
302 1419 345 1449 τὸν
379 1417 503 1456 Ἕλληνα
530 1419 652 1455 ἐποίησεν
677 1419 820 1457 Ἰουδαῖον,

34 1463 84 1493 ἀλλ’
104 1464 266 1505 ἀμφοτέρους
292 1465 328 1498 εἷς
351 1464 463 1504 κρείττω
490 1464 654 1494 κατάστασιν
674 1463 817 1504 ἀνήγαγεν.

35 1509 86 1538 Οὔκ
107 1505 162 1538 εἶπε
189 1508 236 1546 δὲ,
263 1508 451 1548 Μεταϐοίλῃ²,
480 1509 559 1546 οἶλλᾶι¹
576 1523 588 1535 ι
617 1508 722 1549 Κτίσῃ,
748 1523 760 1535 ι
776 1507 819 1538 ἵνα

35 1552 113 1593 δείξῃδ
128 1555 245 1594 ἐναργῶς
269 1554 299 1583 τὸ
313 1554 470 1593 λεγόμενον,
495 1553 540 1583 καὶ
557 1554 596 1584 ὅτι
612 1555 648 1587 ὡς
671 1553 725 1583 ἀπὸ
740 1565 819 1595 φυσι-

34 1600 80 1627 κῶν
94 1598 259 1638 πραγμάτων
286 1599 426 1638 ἀποπηδᾷν
450 1601 521 1636 ἡμᾶς
540 1599 570 1628 οὗ
588 1598 641 1639 χρὴ
657 1597 761 1629 λοιπόν.
779 1598 820 1629 Τὸ

35 1642 97 1681 δὲ,ι
111 1644 157 1674 Ἐν
176 1645 283 1683 ἑαυτῷ,
301 1657 312 1669 ο
371 1643 428 1672 ἀντὶ
442 1646 505 1680 τοῦ,
524 1657 535 1670 α
565 1643 607 1673 Δι’
622 1644 737 1672 ἑαυτοῧο
760 1656 772 1670 ι
793 1645 821 1673 οὗ

34 1687 78 1726 γὰρ
99 1687 174 1722 ἄλλος
198 1690 278 1717 τοῦτο
299 1687 409 1727 ἔπραξεν
419 1687 442 1726 ⁴,
465 1689 524 1717 ἀλλ’
551 1687 627 1721 αὐτὸς
651 1687 684 1717 δι’
707 1689 819 1727 ἑαυτοῦ,

35 1732 74 1761 καὶ
88 1732 128 1761 τὸν
142 1732 275 1762 Ἰουδαῖον
298 1732 344 1762 καὶ
370 1733 413 1762 τὸν
429 1733 528 1762 ἐθνικὸν
559 1733 759 1772 ἁναχωνεύσας,
774 1733 820 1762 ἕνα

35 1775 149 1816 ἀνήνεγκε
168 1778 258 1807 καινὸν
286 1777 332 1806 καὶ
347 1777 509 1815 θαυμαστόν.
535 1775 574 1807 ῚΙ
598 1778 639 1806 ὄτι
659 1777 734 1811 αὐτὸς
747 1779 819 1818 πρῶ-

34 1832 71 1854 τος
83 1821 160 1851 τύπον
185 1822 334 1863 παρασχὼν
350 1822 395 1852 καὶ
422 1821 571 1861 ὗπόδειγμα
582 1845 589 1859 ,
609 1822 655 1851 καὶ
672 1821 759 1862 φανεὶς
777 1822 822 1852 καὶ

35 1866 104 1900 αὐτὸς
119 1869 221 1905 πρῶτον
248 1870 324 1897 τοῦτο
350 1868 414 1908 ὅπερ
430 1867 543 1901 ἐκείνους
570 1866 693 1902 ἐποίησε²
720 1866 766 1896 καὶ
781 1867 821 1896 ὅτι

35 1910 103 1947 μέσος
134 1913 229 1952 ἀμφοῖν
256 1911 406 1951 γενόμενος,
437 1911 482 1941 καὶ
511 1912 583 1941 ἔνθεν
616 1911 660 1940 τον
689 1911 820 1941 Ἰουδαῖον

36 1955 185 1996 κατασχὼν,
214 1957 336 1986 κάκεῖθεν
370 1956 414 1986 τὸν
441 1955 586 1995 Ἕλληνα,
613 1955 658 1985 καὶ
688 1955 822 1994 συμμίξας

36 1999 133 2037 αὐτοὺς,
148 2001 192 2030 καὶ
218 2005 273 2031 πᾶν
287 2001 317 2030 τὸ
341 2001 477 2041 ἀλλότριον
498 2001 644 2041 ἀφανίσας,
671 2000 820 2030 ἀνέπλασεν

38 2043 124 2086 ἄνωθεν
153 2045 196 2076 διὰ
218 2045 301 2086 πυρὸς
326 2046 372 2075 χαὶ
406 2046 511 2080 ὕδατος.
541 2046 589 2075 Ἰἰν
614 2048 647 2086 τῇ
669 2045 820 2086 ἀνθρωπίνῃ

37 2084 75 2117 οἷν
86 2089 172 2130 φύσει,
197 2090 215 2126 ἢ
242 2084 404 2130 προσέλαϐε,
421 2092 495 2131 κοινῇ
511 2090 576 2130 οὔσῃ
599 2084 644 2119 τοῧ
673 2102 701 2119 τε
720 2084 822 2120 ἓθνιχοῖῐ

38 2133 77 2162 καὶ
99 2138 143 2165 τοῦ
171 2135 317 2172 Ἰουδαίου,
342 2135 388 2164 καὶ
418 2134 484 2175 ὑπὲρ
512 2134 668 2175 ἆμψοτέρων
699 2136 820 2175 προσλη-

39 2178 134 2218 φθείσῃ,
160 2181 186 2209 ἐν
212 2179 296 2220 ταύτῃ
325 2179 414 2215 πάσης
442 2182 538 2220 φθορᾶς
567 2179 613 2209 καὶ
643 2179 821 2216 παλαιότητος
836 2197 862 2229 D

37 2224 76 2257 τ’ἧς
95 2224 118 2258 ἐξ
134 2224 269 2265 ἁμαρτιῶν
288 2224 502 2265 ἠλλοτριωμένῃ,
517 2224 614 2263 ,ἔκτισε
638 2224 698 2258 τοὺς
721 2224 766 2255 δύο
785 2227 821 2259 εἰς

39 2266 77 2296 ἕνα
91 2268 175 2298 καινὸν
198 2269 350 2309 ἄνθρωπον,
366 2271 412 2299 τοῦ
434 2269 521 2309 γήρως
546 2271 598 2299 τῶν
614 2269 753 2309 ἁμαρτιῶν
777 2270 823 2299 καὶ

38 2313 78 2347 τῆς
92 2313 210 2348 ἀδικίας⁵
233 2313 455 2353 ἀπηλλαγμένον.
475 2314 562 2344 οὐκέτι
579 2315 630 2354 γὰρ
646 2316 700 2348 τοῖς
721 2314 795 2348 ἰδίοις
810 2316 822 2333 θ

39 2356 154 2396 ἷδιώμασι
173 2358 218 2388 καὶ
242 2355 315 2393 οὗτος
337 2360 457 2393 κάκεῖνος
482 2359 738 2399 χαρακτηρίζονται,
763 2359 822 2388 ἀλλ’

40 2401 86 2434 ἑνὸς
122 2403 260 2443 ἀνθρώπου
297 2405 344 2432 τοῦ
382 2404 451 2434 κατὰ
492 2403 607 2444 Χριστὸν
642 2404 825 2444 μροφωθόντος

41 2444 161 2484 ἰδιώματα
189 2447 352 2489 ἀμφοτέρους
378 2448 630 2489 χαρακτηρίζουσιν.
661 2448 820 2489 Ἐγγύτερον

85 2489 136 2532 ἅψῃ
166 2495 212 2522 τοῦ
238 2493 396 2533 λεγομένου,
426 2492 473 2523 ἐὰν
502 2493 627 2534 ἐννοήσῃς
652 2493 696 2523 τὸν
724 2493 823 2534 Κύριον

41 2533 304 2579 ἀκρογωνιαῑονλλίθον
312 2560 322 2577 ,
335 2537 440 2571 τούτους
453 2536 480 2567 δὲ
498 2538 543 2568 δύο
553 2560 560 2574 ,
579 2539 682 2579 τοίχους
698 2539 724 2567 ἐν
739 2533 824 2580 τοῦτῳ

41 2581 208 2620 κτιζομένους.

77 2627 184 2656 αΠοιῶν
214 2628 330 2668 εἰρήνην.
358 2641 370 2655 ι
388 2628 442 2659 Καὶ
471 2629 534 2669 πρὸς
562 2629 693 2666 ἀλλήλους
721 2629 768 2663 μὲν
789 2631 820 2670 (ὁ

72 2674 84 2693 ¹¹
97 2677 194 2713 Matth.
207 2689 239 2716 ν,
253 2684 298 2710 54.
344 2682 350 2699 ί
364 2683 420 2714 Isa.
434 2687 495 2718 Liv,
510 2686 537 2711 9.

458 151 636 179 EXPOSITIO
656 151 687 178 ΙΝ
709 149 811 178 El‘lST.
830 149 876 177 Al)
896 151 1012 178 El'HES.
1033 166 1067 170 —
1086 151 1159 178 CAP.
1182 150 1213 178 ll.

1593 152 1661 178 1062

866 212 972 248 plicatis
994 217 1022 241 et
1043 221 1072 241 se
1095 212 1211 240 invicem
1235 211 1460 247 amplectentibus
1482 211 1592 240 duabus
1612 220 1661 241 na-

866 257 945 285 turis.
965 261 1051 293 Atque
1072 257 1156 285 etiam
1175 257 1226 284 alia
1248 257 1362 289 ratione,
1382 255 1456 292 quod
1478 265 1574 292 expers
1597 266 1660 294 pec-

867 302 922 329 cati
949 303 1114 338 apparuerit,
1144 302 1351 337 universamque
1378 302 1465 337 legem
1495 302 1660 338 impleverit,

868 346 1033 375 inimicitiam
1054 347 1144 374 diluit.
1167 348 1222 374 Lex
1238 346 1309 374 enim
1329 354 1407 382 sepes
1421 348 1490 380 erat,
1507 354 1607 382 nempe
1628 349 1663 377 ad

868 391 1039 420 securitatem
1052 391 1125 425 data,
1139 395 1169 418 ut
1181 390 1349 418 obﬁrmaret.
1364 391 1425 418 Non
1437 395 1541 418 servata
1555 396 1663 427 autem,

869 436 989 465 ostendit
1005 436 1125 465 medium
1142 435 1274 472 parietem
1290 439 1440 471 peccatum,
1453 443 1469 463 a
1487 443 1542 471 quo
1557 435 1661 466 factum

868 486 908 510 est
924 486 954 509 ut
967 489 1023 509 non
1037 489 1159 509 essemus
1178 481 1205 508 in
1222 484 1280 508 tuto
1294 485 1320 508 et
1333 480 1487 515 securitate,
1501 480 1550 509 sed
1563 489 1579 509 a
1603 483 1661 510 Deo

871 526 961 562 potius
974 533 1175 562 separaremur.

905 572 994 599 Vsus.
1016 574 1058 599 15.
1080 582 1092 594 ιι
1109 572 1209 607 Legem
1225 570 1418 598 mandatorum
1434 569 1462 597 in
1480 569 1597 598 decretis
1612 570 1665 599 ab-

871 615 954 643 olens.
977 627 988 639 ν
1009 617 1049 643 Ne
1069 614 1212 651 quisquam
1228 614 1359 650 objiciat:
1379 613 1450 649 Quid
1471 618 1585 650 protest,
1607 616 1629 643 si
1651 623 1666 643 a

871 659 954 696 priori
970 659 1037 696 legis
1048 659 1262 695 transgressione
1277 658 1393 691 liberati,
1409 666 1505 687 rursus
1524 667 1586 687 eam
1605 667 1666 688 ser—

872 712 935 732 vare
960 705 1121 740 adigamur?
1144 703 1190 736 ait.
1223 704 1315 739 Ipsam
1345 711 1454 739 quoque
1479 703 1569 732 solvit.
1596 705 1665 732 Cum

872 749 945 777 enim
966 749 1035 777 hanc
1047 749 1125 778 nobis
1139 749 1172 776 ad
1187 749 1369 776 munitionem
1386 748 1513 782 dedisset,
1528 749 1591 785 quia
1612 758 1667 777 non

873 794 1069 823 custodivimus
1082 802 1153 828 eam,
1166 794 1281 822 debebat
1292 801 1342 822 nos
1357 793 1453 830 punire
1467 803 1474 822 :
1489 794 1564 830 atqui
1580 794 1667 830 legem

873 839 895 867 is
919 839 997 876 plane
1022 840 1148 868 dissolvit
1169 843 1196 867 et
1219 839 1369 875 abrogavit,
1389 846 1466 875 atque
1492 847 1524 867 ac
1549 840 1570 867 si
1596 841 1668 875 quis,

873 885 918 912 ubi
939 894 1053 921 puerum
1072 885 1219 921 ptedagogo
1241 883 1408 917 tradidisset,
1425 883 1508 917 hunc,
1528 892 1590 911 cum
1614 893 1667 912 non

873 931 1004 964 obediret,
1019 939 1032 958 a
1049 930 1197 966 pmdagogo
1214 937 1323 965 quoque
1338 928 1441 956 liberet.
1457 930 1559 964 Legem
1574 934 1664 958 autem

871 975 1064 1003 mandatorum
1078 974 1127 1008 ait,
1147 978 1278 1010 tauquam
1297 973 1331 1001 de
1347 973 1398 1001 vita
1412 977 1440 1001 et
1455 973 1578 1002 moribus
1594 982 1663 1010 [πευ-

871 1021 1019 1056 cipientem
1038 1028 1044 1046 :
1071 1018 1200 1054 dogmata
1222 1026 1284 1046 vero
1303 1026 1350 1046 seu
1373 1018 1493 1053 decreta,
1515 1018 1608 1054 iidem,
1635 1024 1666 1047 ut

872 1072 934 1101 qua:
957 1071 1005 1099 per
1027 1062 1157 1099 dogmata
1180 1062 1324 1096 consistat;
1347 1062 1458 1098 perinde
1481 1063 1558 1099 quasi
1582 1064 1664 1092 dicat.

872 1110 924 1136 Pro
940 1108 994 1136 vita
1015 1107 1098 1136 ﬁdem
1119 1107 1281 1135 introduxit.
1303 1108 1365 1135 Non
1383 1107 1458 1135 enim
1477 1115 1510 1135 ex
1529 1108 1669 1136 mandatis

872 1152 930 1180 haec
945 1157 972 1180 et
991 1153 1036 1180 illa
1057 1151 1146 1180 facere
1161 1151 1379 1188 praecipientibus
1393 1152 1577 1188 justiﬁeamur
1599 1163 1604 1181 :
1622 1163 1667 1182 vc-

872 1205 934 1225 rum
951 1198 974 1225 si
992 1197 1140 1225 credideris
1154 1197 1180 1225 in
1202 1196 1293 1232 corde,
1312 1200 1339 1225 et
1353 1205 1402 1225 ore
1419 1196 1562 1225 confessus
1577 1197 1668 1233 fueris,

874 1247 903 1270 tu
924 1242 1014 1270 salvus
1035 1242 1099 1270 eris.
1118 1242 1166 1270 Vel
1186 1242 1318 1278 dogmata
1339 1242 1456 1278 appellat
1470 1243 1594 1279 negativa
1612 1245 1667 1272 Do-

874 1288 940 1315 mini
953 1287 1082 1315 mandata
1101 1297 1107 1316 :
1125 1299 1138 1312 α
1156 1288 1212 1323 Ego
1227 1287 1286 1315 dico
1301 1287 1386 1321 vobis,
1403 1295 1438 1315 ne
1462 1287 1575 1316 omnino
1591 1288 1669 1324 jure-

874 1333 908 1362 tis
921 1330 934 1349 h
951 1343 958 1361 :
981 1346 993 1358 ν
1015 1338 1054 1368 et,
1076 1345 1088 1358 α
1110 1335 1150 1362 Ne
1164 1333 1319 1361 irascamini
1335 1333 1353 1367 ¹,
1370 1344 1383 1358 ››
1407 1337 1434 1361 et
1457 1333 1483 1362 id
1503 1342 1587 1370 genus
1607 1335 1668 1363 alia.

911 1390 923 1403 α
943 1379 984 1407 Ut
999 1378 1069 1407 duos
1082 1378 1182 1407 condat
1197 1379 1224 1407 in
1239 1379 1338 1414 seipso,
1353 1379 1381 1406 in
1396 1387 1484 1406 unum
1500 1387 1602 1408 novum
1621 1380 1670 1408 hu-

873 1423 983 1451 minem.
999 1433 1012 1448 ››
1031 1424 1093 1451 Non
1113 1431 1145 1451 ex
1162 1424 1260 1452 Graeco
1274 1422 1402 1450 Judaeum
1418 1422 1491 1457 fecit,
1506 1423 1553 1451 sed
1573 1424 1671 1451 ambos

872 1468 906 1496 ad
918 1468 1059 1495 meliorem
1077 1471 1179 1495 statum
1192 1467 1308 1495 reduxit.
1324 1469 1385 1495 Non
1397 1466 1469 1494 dixit
1481 1472 1586 1502 autem,
1603 1470 1666 1496 Pcr-

874 1517 969 1546 mutet,
1001 1513 1059 1547 sed,
1089 1522 1102 1538 ιι
1132 1512 1249 1546 Condat,
1274 1523 1288 1537 ι
1322 1516 1352 1540 ut
1382 1512 1520 1548 perspicue
1546 1513 1672 1542 ostendat

838 1569 860 1601 ρ
875 1558 948 1594 quod
971 1557 1048 1591 dixit.
1071 1561 1099 1585 et
1118 1557 1193 1594 quod
1213 1565 1228 1585 a
1250 1557 1418 1585 naturalibus
1442 1557 1523 1586 rebus
1543 1558 1670 1594 deinceps

875 1610 930 1630 non
950 1606 1077 1638 oporteat
1095 1602 1211 1630 resilire.
1233 1601 1304 1630 Illud
1326 1605 1428 1636 autem,
1447 1613 1460 1626 ει
1485 1603 1517 1629 In
1534 1603 1635 1639 seipso,
1656 1613 1668 1629 n

876 1647 1018 1683 accipitur,
1031 1647 1072 1675 vel
1087 1655 1147 1683 pro,
1169 1658 1181 1670 «ι
1200 1648 1313 1683 Propter
1326 1647 1448 1682 seipsum
1470 1656 1476 1674 :
1495 1659 1508 1672 ιο
1528 1655 1585 1675 non
1600 1648 1672 1675 enim

875 1692 973 1727 aliquis
994 1692 1064 1719 alius
1078 1691 1150 1719 istud
1171 1691 1244 1726 fecit,
1268 1691 1317 1720 sed
1341 1691 1396 1727 ipse
1421 1700 1468 1728 per
1488 1691 1622 1728 seipsum,
1647 1697 1674 1720 ct

875 1737 1004 1765 Judmum
1020 1741 1046 1764 et
1059 1737 1190 1773 gentilem
1204 1737 1338 1770 conﬂans,
1351 1745 1436 1764 unum
1450 1737 1562 1772 protulit
1573 1745 1673 1765 novum

876 1785 903 1809 et
917 1780 1001 1816 384
1015 1780 1219 1808 admirandum.
1235 1781 1283 1808 Vel
1301 1780 1375 1817 quod
1390 1781 1446 1816 ipse
1462 1781 1582 1816 primum
1597 1781 1672 1809 exhi-

877 1825 966 1853 buerit
985 1825 1133 1853 formulam
1156 1826 1236 1854 nobis
1261 1830 1289 1853 et
1312 1826 1461 1861 exemplar,
1488 1826 1614 1862 visusque
1639 1827 1673 1854 sit

876 1869 919 1898 ille
941 1870 1048 1906 primus
1067 1870 1104 1904 id,
1125 1870 1200 1906 quod
1226 1870 1287 1898 illos
1312 1869 1376 1898 fecit
1399 1879 1406 1898 :
1431 1874 1460 1898 et
1479 1870 1543 1906 quia
1567 1870 1672 1898 medius

877 1915 996 1951 utrisque
1009 1913 1106 1949 factus,
1127 1915 1190 1943 hinc
1203 1914 1333 1943 Judaeum
1353 1922 1500 1950 occupans,
1515 1915 1588 1943 illinc
1608 1923 1670 1943 vero

877 1961 1016 1995 Graecum,
1032 1961 1215 1988 commiscens
1230 1960 1298 1994 illos,
1315 1968 1346 1988 ac
1365 1968 1448 1988 omne
1465 1960 1538 1996 quod
1554 1960 1672 1989 alienum

877 2009 936 2033 erat
961 2005 1154 2039 exterminans,
1180 2005 1310 2033 divinitus
1337 2013 1385 2041 per
1415 2005 1508 2041 ignem
1528 2010 1555 2034 et
1573 2013 1672 2042 aquam

877 2050 1025 2079 reﬁnxerit.
1040 2052 1071 2078 In
1084 2050 1204 2078 humana
1215 2050 1300 2086 igitur
1312 2054 1407 2078 natura
1420 2058 1502 2086 quam
1514 2052 1673 2087 assumpsit,

877 2103 938 2131 quae
953 2095 1109 2123 communis
1123 2099 1164 2123 est
1178 2103 1242 2123 eum
1260 2095 1357 2123 Graeco
1375 2099 1436 2123 tum
1449 2095 1558 2130 Judaeo,
1573 2099 1600 2123 et
1621 2104 1671 2132 pro

877 2140 1020 2176 utriusque
1043 2140 1130 2168 salute
1159 2144 1312 2176 assumpta,
1341 2140 1368 2168 in
1398 2140 1461 2175 hac,
1488 2140 1613 2177 inquam,
1639 2142 1674 2169 ab

877 2185 953 2212 omni
968 2185 1141 2221 corruptione
1154 2189 1181 2213 et
1194 2189 1326 2212 vetustate
1340 2192 1374 2212 ex
1388 2185 1504 2221 peccatis
1519 2190 1674 2220 contracta,

877 2230 1001 2264 alienata,
1028 2229 1150 2258 condidit
1168 2229 1239 2258 duos
1259 2230 1286 2257 in
1305 2238 1391 2258 unum
1408 2238 1512 2258 novum
1531 2230 1673 2259 hominem

876 2282 892 2302 a
917 2274 993 2302 senio
1022 2275 1124 2310 peccati
1149 2278 1231 2311 atque
1258 2274 1397 2310 injustitiae
1423 2274 1576 2303 liberatam.
1607 2277 1671 2304 Non

877 2318 966 2347 adhuc
987 2319 1059 2347 enim
1075 2319 1120 2347 hic
1141 2324 1169 2348 et
1183 2319 1227 2347 ille
1245 2320 1301 2347 suis
1316 2319 1447 2356 cujusque
1465 2319 1676 2356 proprietatibus

877 2363 1076 2400 exprimuntur,
1092 2363 1140 2392 sed
1151 2364 1231 2392 unius
1241 2364 1360 2392 hominis
1370 2364 1523 2393 secundum
1536 2365 1676 2394 Christum

881 2408 992 2436 formati
1024 2409 1155 2437 idiomata
1193 2413 1342 2445 utrumque
1374 2409 1516 2439 denotant.
1560 2410 1676 2446 Propius

880 2457 973 2482 autem
992 2453 1110 2491 attingas
1134 2453 1207 2490 quod
1228 2453 1339 2488 dicitur,
1360 2453 1384 2482 si
1402 2454 1566 2483 intellexeris
1584 2455 1676 2491 ipsum

879 2498 1032 2526 Dominum
1051 2506 1110 2526 esse
1130 2499 1287 2534 angularem
1308 2506 1450 2527 summum
1472 2499 1602 2536 lapidem,
1626 2499 1678 2528 hos

879 2547 970 2570 autem
985 2543 1064 2577 duos,
1080 2543 1196 2578 parietes
1211 2543 1238 2570 in
1253 2543 1315 2579 ipso
1330 2542 1464 2572 conditos.

915 2646 928 2659 α
952 2633 1063 2662 Faciens
1085 2640 1190 2669 pacem.
1212 2643 1226 2660 ››
1254 2634 1288 2661 Et
1311 2633 1381 2662 inter
1400 2641 1429 2662 se
1449 2637 1548 2662 mutuo
1576 2641 1582 2661 :
1606 2641 1673 2662 nam

743 2724 839 2756 Varia:
863 2725 1013 2756 lectiones.

73 2766 92 2783 ²⁷
105 2768 132 2795 τι)
147 2776 174 2798 0.
211 2769 233 2787 ³³
244 2771 281 2798 διὸ
293 2778 321 2800 ο.
359 2771 380 2788 ⁹⁹
393 2771 576 2809 ἀπηλλάγμεθα
593 2781 618 2802 o.
657 2774 664 2792 ¹
680 2774 863 2810 διαλεγόμενον
876 2783 904 2804 ο.
941 2775 951 2791 ²
966 2773 1120 2810 μεταποιήσῃ
1136 2782 1174 2802 m.
1212 2773 1222 2792 ³
1237 2773 1294 2809 δόξῃ
1306 2780 1335 2802 0.
1374 2773 1383 2789 ⁵
1408 2771 1480 2809 ἄλλῳ
1492 2774 1567 2800 τοῦτο
1589 2771 1677 2800 ἐπέτα-

43 2805 75 2836 ξεν
88 2815 115 2837 0.
149 2809 160 2826 ⁵
172 2810 244 2837 ἀνοία
258 2819 285 2840 o.
322 2811 334 2829 ⁸
345 2805 445 2843 οἰκείοις
459 2821 484 2841 0.
