1886 3082
17 191 50 217 65
429 187 606 216 EXPOSITIO
628 188 659 216 lN
680 187 784 216 EPIST.
805 188 851 217 AD
871 188 988 216 EPHES.
1005 202 1040 209 —
1059 188 1134 216 CAP.
1155 189 1199 216 ιιι.

1559 190 1626 217 1066

17 264 41 289 ν,
58 250 108 287 τὴν
129 251 156 280 ἐν
178 253 232 284 τοῖς
255 250 385 290 οὐρανοῖς,
403 250 450 286 τὴν
470 251 611 290 μένουσαν,
635 251 668 287 ἣν
684 253 793 284 ἓκεῖνοιη

885 258 930 279 em
948 250 1096 287 conscripti
1110 258 1218 285 sumus,
1233 258 1294 287 quae
1307 250 1334 278 in
1342 250 1416 279 caelis
1431 255 1482 286 est,
1490 259 1552 288 quae
1563 259 1625 288 per-

17 296 103 326 όθουν.

22 355 34 367 σι
50 340 108 370 Καὶ
129 342 221 370 οἰκεῖοι
244 341 323 370 Θεοῦ.
353 354 362 365 -
385 339 475 380 Ὅπερ
497 342 592 371 ἐκεῖνοι
607 341 650 370 διὰ
673 341 778 370 πολλῶν

18 397 68 415 νων
92 385 168 423 μόγις
199 384 290 424 ἔσχον,
318 387 395 423 ἡμεῖς
418 385 510 425 χάριτι
536 385 647 426 εὕρομεν
673 387 778 415 οἰκειω-

17 441 68 463 ιτες
105 431 143 470 τῷ
169 431 243 469 Θεῷ.
273 429 341 459 Ἰδοὺ
369 433 385 465 ἡ
410 430 483 463 ἐλπὶς
511 432 557 466 τῆς
579 430 706 466 κλήσεως·
734 429 778 459 ἐπὶ

17 474 118 508 ιαύταις
141 474 192 514 γὰρ
219 473 323 504 ἐλπίσιν
350 474 515 513 ἐκλήθημιν,
535 474 578 504 ἵνα
598 477 707 504 τοιαῦτα
732 474 778 504 λά-

17 531 85 557 ιμεν.

28 578 39 590 α
68 563 340 602 Ἐποιχοδομηθέντες
370 563 414 594 ἐπὶ
437 565 475 604 τῷ
498 564 612 605 θεμελίῳ
633 566 686 594 τῶν
713 564 780 594 ἄπο-

17 609 84 638 όλων
99 609 146 638 καὶ
168 610 320 648 προφητῶν.
339 623 351 635 ιι
368 608 425 643 Τὴν
441 609 507 648 ἄγαν
520 609 614 639 ἕνωσιν
631 610 683 638 τῶν
699 610 779 638 ἐθνῶν

17 666 33 686 ην
48 653 115 694 πρὸς
139 652 198 686 τοὺς
212 653 349 693 προφήτας
370 654 416 683 καὶ
431 654 594 688 ἀποστόλους
611 658 731 693 σημᾶναι
756 653 781 672 ¹²

17 699 77 736 λων,
107 711 120 727 ι
147 697 433 736 Ἐποικοδομηῡέντες,
457 711 469 724 ιι
486 698 574 739 φησίν·
598 698 689 738 ὥσπερ
703 697 736 734 ἢν
759 699 781 727 εἰ

17 755 67 782 εγε·
93 743 226 782 Θεμέλιος
250 743 402 773 ὑπόκεινται
428 743 452 772 οἳ
485 745 617 784 προφῆται
641 743 687 773 καὶ
711 743 781 773 ἀπό-

833 299 950 330 severat,
964 303 1047 332 quam
1062 295 1101 324 illi
1117 295 1200 323 etiam
1214 295 1413 324 desiderabant.

870 352 882 364 ε
896 342 936 369 Ac
948 340 1091 369 domestici
1104 340 1162 368 Dei.
1176 352 1188 364 ιι
1199 340 1281 375 Quod
1294 340 1331 368 illi
1347 348 1395 376 per
1410 340 1626 370 multoslabores

833 385 877 413 vix
894 385 1082 419 obtinuerunt,
1100 393 1151 413 nos
1175 393 1223 421 per
1243 385 1357 421 gratiam
1379 385 1542 419 invenimus,
1568 387 1625 414 Deo

833 429 929 464 dediti,
951 437 982 458 ac
1001 429 1145 458 domestici
1160 429 1233 458 facti.
1249 431 1319 458 Ecce
1331 438 1391 466 spes
1407 430 1559 458 vocationis
1573 439 1579 458 :
1596 431 1626 459 in

833 474 879 502 tali
903 475 977 503 enim
1006 483 1053 511 spe
1071 475 1158 504 vocati
1184 482 1290 509 sumus,
1309 479 1340 503 ut
1363 474 1429 503 talia
1453 476 1536 503 etiam
1557 475 1626 504 reci-

833 520 949 555 piamus.

869 565 959 593 Vsus.
978 567 1021 592 20.
1041 575 1056 591 α
1074 565 1286 601 δυρρτξεᾱίίὶοειῐί
1306 573 1388 601 super
1414 564 1625 594 fundamentum

833 609 1022 644 apostolorum
1038 613 1065 638 et
1078 610 1286 646 prophetarum.
1306 620 1320 636 ιι
1337 609 1474 638 Eximiam
1489 609 1629 638 eoaduna-

834 654 937 682 tionem
947 654 1070 691 gentium
1081 654 1114 682 ad
1129 655 1276 690 prophetas
1289 659 1316 682 et
1325 655 1463 690 apostolos
1477 655 1632 691 signiﬁcare

835 698 939 733 volens,
972 709 985 725 ι(
1009 699 1234 735 Superaedilicati,
1268 712 1279 724 ιι
1298 699 1387 735 inquit
1409 708 1416 727 :
1433 699 1543 736 perinde
1561 708 1592 728 ac
1607 700 1630 728 si

835 743 925 771 dicere
941 743 1032 772 vellet.
1048 744 1268 772 Fundamentum
1284 745 1363 780 positi
1375 749 1441 772 sunt
1454 744 1596 780 prophetae
1603 749 1633 773 et

17 789 88 825 ·ολοι,
112 790 189 826 ὑμεῖς
212 788 240 817 δὲ
267 787 315 824 τὴν
340 787 435 824 λοιπὴν
457 788 599 827 οἰκοδομὴν
623 787 782 828 ἀναπληρώ-

883 788 951 816 ιεωΙὶ
974 796 1023 816 vos
1045 789 1175 824 reliquam
1197 793 1363 817 structuram
1384 790 1586 825 complevistis,
1602 793 1633 817 ut

17 845 63 870 ιτε,
87 831 159 863 ὥστε
179 833 300 872 γενέσθαι
329 833 388 866 τοὺς
411 833 511 866 πάντας
539 833 586 862 ἕνα
612 834 674 863 ναὸν
700 834 779 862 Θεοῦ·

17 890 40 907 ον
65 878 97 914 δή
122 879 181 907 ἔστι
201 877 243 914 τὸ,
267 877 356 907 ἐπάνω
377 879 549 918 πατριαρχῶν
573 878 618 908 καὶ
639 878 782 917 προφητῶν

17 923 193 961 κοδομεῖσθαι·
216 921 231 951 ὃ
253 923 373 962 ἀλλαχοῦ
388 922 575 962 ἔγκεντρισμὸν
600 922 680 961 λέγει.
699 921 784 962 Πρώ-

17 980 47 1000 ιυς
62 966 88 996 δὲ
106 966 167 1000 τοὺς
192 967 354 1000 ἀποστόλους
365 966 492 1006 τέθεικεν,
508 968 530 996 εἰ
553 966 599 996 καὶ
615 967 724 1007 ἔσχατοι
745 969 784 1006 τῷ

17 1024 74 1051 ρονῳ
79 1034 86 1042 ι

32 1070 44 1082 ι
55 1056 150 1090 Ὂντος
166 1055 359 1096 ἀκρογωνιαίου
375 1057 456 1087 αὐτοῦ
471 1059 516 1086 τοῦ
531 1057 649 1096 Χριστοῦ
663 1056 782 1092 Ἰησοῦ.»

17 1103 26 1130 )
46 1101 73 1130 τὸ
87 1105 136 1131 πᾶν
155 1100 274 1141 συνέχων
299 1101 368 1131 ἐστὶν
385 1103 398 1130 ὁ
424 1102 548 1141 Χριστός.
573 1101 608 1131 Ὁ
635 1102 685 1141 γὰρ
708 1103 785 1141 ἀκρο-

17 1148 110 1179 ωνιαῖος
125 1145 173 1175 καὶ
190 1145 250 1178 τοὺς
263 1145 368 1185 τοίχους
384 1146 489 1186 συνέχει
504 1145 550 1175 καὶ
565 1145 625 1180 τοὺς
639 1146 783 1185 θεμελίους,

17 1191 48 1220 ἰαὶ
61 1189 118 1230 ὅρα,
141 1189 207 1220 ποτὲ
222 1190 270 1229 μὲν
295 1190 374 1220 αὐτὸν
392 1190 491 1220 ἄνωθεν
509 1190 662 1231 συσφίγγιιν
683 1190 714 1220 τὸ
733 1195 787 1220 πᾶν

17 1234 72 1274 έγει,
88 1234 148 1265 ἔνθα
170 1235 218 1264 καὶ
235 1234 352 1275 κεφαλὴν
377 1234 456 1265 αὐτὸν
476 1235 610 1274 ὀνομάζει·
626 1234 691 1265 ποτὲ
711 1235 738 1264 δὲ
759 1236 789 1265 τὸ

18 1280 118 1317 άτωθεν,
135 1281 171 1312 ὡς
196 1279 241 1309 ἐπὶ
257 1282 302 1309 τοῦ
328 1279 527 1320 ἀκρογωνιαίου·
553 1281 674 1320 ἀλλαχοῦ
693 1280 720 1309 δὲ
743 1279 790 1309 καὶ

17 1325 109 1363 εμέλιον
125 1323 205 1354 αὐτόν
221 1336 310 1363 φησιν.

42 1380 55 1398 α
68 1370 114 1400 Ἐν
128 1365 150 1409 ᾧ
161 1374 239 1399 πᾶσα
253 1372 270 1405 ἡ
284 1369 410 1408 οἰκοδομὴ
424 1370 704 1410 συναρμολογουμένη,
718 1369 792 1404 αὔξει

17 1415 36 1447 ἷς
60 1414 117 1444 ναὸν
142 1413 218 1454 ἅγιον
243 1415 270 1444 ἐν
296 1414 397 1454 Κυρίῳ,
427 1428 441 1443 ιι
461 1415 508 1445 Ἐν
535 1417 573 1454 τῷ
594 1415 790 1455 ἀχρογωνιαίῳ,

835 840 931 860 omnes
942 841 990 861 vos
999 833 1159 861 elﬁciamini
1171 842 1256 862 unum
1269 834 1402 870 templum
1413 834 1463 862 Dei
1475 843 1481 862 :
1493 834 1630 870 ejusmodi

837 877 940 906 scilicet
967 882 1010 906 est
1033 878 1111 911 illud,
1133 886 1215 915 super
1240 878 1389 915 prophetas
1412 883 1439 906 et
1462 879 1632 915 patriarchas

837 922 977 957 mdillcari,
986 922 1059 959 quod
1070 923 1134 951 alibi
1151 923 1310 951 insitionem
1325 923 1401 951 dicit.
1418 923 1526 951 Primos
1536 928 1630 952 autem

837 968 978 1002 apostolos
992 969 1093 1004 posuit.
1115 968 1222 996 etiamsi
1237 968 1292 995 sint
1307 973 1430 1004 tempore
1448 968 1588 996 novissimi
1607 974 1632 997 ι’.

877 1068 890 1084 (ι
912 1059 974 1095 ipso
1000 1066 1112 1086 summo
1138 1058 1259 1095 angulari
1294 1058 1382 1094 lapide
1410 1059 1544 1088 existente
1569 1061 1634 1088 Jesu

841 1103 959 1131 Christo.
985 1115 997 1127 υ
1017 1103 1068 1139 Qui
1084 1103 1174 1131 omnia
1198 1103 1330 1136 continet,
1355 1108 1396 1131 est
1414 1104 1547 1132 Christus.
1574 1105 1635 1141 Ipse

841 1148 914 1176 enim
939 1155 1066 1176 summus
1087 1148 1226 1182 angularis
1248 1148 1314 1184 lapis
1335 1153 1361 1176 et
1382 1149 1498 1184 parietes
1513 1149 1635 1178 continet

842 1196 869 1220 et
886 1192 1072 1220 fundamenta.
1089 1192 1280 1220 Animadverte
1294 1193 1337 1220 hic
1348 1193 1420 1229 quod
1436 1202 1635 1230 nonnunquam

843 1237 933 1273 ipsum
948 1245 1064 1273 superne
1073 1237 1179 1273 cingere
1193 1238 1348 1265 universum
1358 1238 1442 1272 dicat,
1456 1239 1500 1266 ubi
1515 1243 1542 1266 et
1557 1243 1638 1274 caput

843 1282 930 1316 ipsum
940 1286 1032 1310 vocet:
1048 1290 1243 1317 nonnunquam
1251 1286 1342 1310 autem
1353 1287 1379 1310 et
1388 1282 1469 1317 infra,
1480 1287 1509 1311 ut
1518 1284 1545 1310 in
1556 1291 1639 1320 angu-

844 1326 893 1354 lari
902 1326 989 1362 lapide
999 1335 1006 1354 :
1017 1326 1081 1354 alibi
1091 1331 1183 1354 autent
1196 1331 1222 1354 et
1231 1326 1440 1355 fundamentum
1451 1327 1540 1364 ipsum
1549 1332 1637 1356 vocat.

881 1372 969 1399 Vens.
989 1374 1034 1398 2t.
1052 1382 1063 1395 α
1087 1372 1117 1398 In
1137 1379 1192 1407 quo
1206 1372 1294 1399 omnis
1310 1372 1454 1400 mdiﬁcatio
1472 1377 1639 1406 constructa,

846 1415 944 1443 crescit
955 1416 981 1443 in
993 1415 1126 1452 templum
1141 1420 1265 1443 sanctum
1279 1417 1305 1444 in
1320 1417 1446 1444 Domino.
1462 1429 1474 1441 ιι
1491 1418 1521 1444 1η
1531 1426 1641 1446 summo

17 1460 74 1497 moi,
94 1459 166 1500 λίθῳ,
187 1458 322 1497 τουτέστι,
346 1461 384 1499 τῷ
405 1461 517 1500 Χριστῷ
533 1458 570 1498 ’³,
592 1464 668 1489 πᾶσα
686 1461 704 1495 ἡ
727 1461 793 1489 οἷκο-

885 1459 970 1496 gulari
989 1460 1075 1496 lapide
1091 1461 1157 1493 isto,
1180 1460 1289 1488 Christo
1309 1461 1449 1495 nimirum,
1467 1462 1555 1489 omnis
1575 1462 1644 1490 tedi-

17 1503 80 1541 ἴομὴ,
101 1503 230 1541 τουτέστι,
248 1503 345 1537 πάντες
358 1505 382 1533 οἱ
407 1504 498 1534 πιστοὶ
521 1504 795 1545 συναρμολογούμενοι

18 1549 50 1577 ul
64 1548 194 1587 ίνούμενοι
206 1550 335 1589 συμφυῶς
350 1549 396 1579 καὶ
415 1549 614 1588 ἀδιασπάστως,
628 1548 736 1584 αὔξουσι
750 1549 795 1578 καὶ

19 1593 228 1634 ὶναπληροῦνται,
249 1592 319 1624 ὥστε
343 1594 464 1632 γενέσθαι
486 1593 548 1628 ναὸς
569 1595 650 1624 Θεοῦ.
674 1607 686 1621 α
709 1594 797 1624 Ἐνοι-

20 1637 79 1672 ιήσω
90 1651 102 1663 ι
115 1637 175 1678 γὰρ,
190 1638 282 1679 φησιν,
301 1651 312 1664 ι
334 1638 361 1667 ἐν
373 1639 471 1676 αὐτοῖς,
487 1638 533 1668 καὶ
547 1638 768 1679 ἐμπεριπατήσω.
783 1652 795 1664 ι

21 1681 63 1710 Καὶ
85 1685 156 1723 κοινῇ
177 1683 232 1722 γὰρ
249 1685 266 1718 ἡ
290 1682 456 1720 Ἐκκλησία,
480 1683 511 1713 τὸ
540 1684 686 1723 ἄθροισμα,
710 1683 797 1724 φημὶ,

23 1726 109 1756 πάντων
122 1729 173 1757 τῶν
186 1728 306 1765 πιστῶν,
321 1727 380 1761 ναὸς
403 1729 484 1764 Θεοῦ,
499 1728 545 1757 καὶ
567 1728 679 1762 ἕκαστος
692 1728 719 1757 δὲ
732 1727 795 1768 ἰδία.

25 1771 50 1799 l‘b
61 1770 97 1810 δὲ,
115 1782 129 1800 σ
144 1771 189 1802 Ἐν
217 1772 321 1813 Κυρίῳ,
340 1785 353 1798 ιι
369 1773 427 1802 ἀντὶ
439 1775 493 1809 τοῦ,
511 1772 562 1802 Διὰ
578 1775 626 1808 τῆς
638 1775 683 1802 τοῦ
700 1772 799 1813 Κυρίου

26 1815 121 1855 πόντος,
135 1818 162 1846 οὖ
178 1817 214 1846 δι’
230 1817 369 1856 ἡμετέρων
381 1817 467 1847 πόνων
483 1817 520 1846 ¹⁴.
543 1816 593 1847 Διὰ
607 1817 633 1846 δὲ
648 1819 694 1846 τοῦ
709 1817 801 1854 εἰπεῖν,

26 1861 299 1900 Συναρμολογούμενοι,
317 1862 446 1891 δείκνυσιν
460 1863 495 1896 ὡς
514 1862 537 1880 ⁸⁵
563 1863 610 1892 οὐκ
622 1861 693 1891 ἔστιν
715 1861 802 1895 ἄλλως

28 1907 161 1941 ιυντιθῆναι
182 1905 208 1923 ’⁵
223 1908 260 1940 εἰς
273 1906 337 1936 ναὸν
353 1908 434 1943 Θεοῦ,
451 1907 474 1936 εἶ
495 1905 532 1945 μὴ
549 1907 594 1936 καὶ
610 1906 654 1936 τὸν
671 1907 726 1947 βίον
745 1905 803 1946 ἕχο-

30 1959 64 1976 ιεν
76 1950 201 1980 οἰκείοισιν
217 1951 316 1991 ἔχοντα
331 1951 394 1991 πρὸς
410 1951 454 1980 τὸν
474 1952 671 1991 ἆκρογωνιαῖον.

61 2005 74 2022 ιι
91 1994 135 2025 Ἐν
199 1995 246 2026 καὶ
266 1998 340 2034 ὒμεῖς
365 1997 594 2034 συνοικοδομεῖσθε
617 1997 652 2030 εἷς
679 2007 805 2031 κατοικη-

32 2037 103 2075 ῖήρινιν
115 2043 158 2069 τοῦ
176 2042 247 2071 Θεοῦ
269 2041 295 2069 ἐν
321 2041 467 2078 ΙΙνεύματι.
486 2054 497 2066 ιι
514 2040 569 2070 Καὶ
592 2041 688 2074 πάντες
707 2040 755 2079 μὲν
777 2041 800 2069 οἱ

33 2084 102 2112 πιστοὶ
119 2085 143 2114 ἐν
167 2085 252 2125 τούτῳ
275 2086 536 2124 συνοικοδομοῦνται,
560 2086 606 2114 καὶ
628 2087 703 2124 ὑμεῖς
725 2086 753 2114 δὲ
777 2086 802 2115 οἱ

34 2127 142 2167 Ἑξέσιοι,
157 2129 224 2160 ὥστε
238 2124 317 2160 θεῖναι
343 2130 545 2170 κατοικητήριον
569 2132 640 2160 Θεοῦ
664 2131 691 2160 ἐν
716 2130 803 2161 Πνεύ-

36 2183 92 2216 μιτι,
105 2176 217 2205 τουτέστι
231 2174 275 2204 διὰ
289 2177 336 2210 τῆς
349 2178 393 2204 τοῦ
418 2175 576 2214 Πνιύματος
600 2175 803 2216 συνεργείαςγυ.

36 2212 60 2244 Ἢ
75 2217 131 2256 πρὸς
153 2218 353 2255 ἀντιδιαστολὴν
375 2221 423 2255 τ’ἧς
438 2212 566 2256 αἰσθητῆς
587 2212 728 2259 οἰκοδομῆς
748 2215 806 2250 εἷπε

38 2258 64 2294 ιδ,
81 2274 91 2287 ι
106 2261 150 2292 Ἐν
164 2264 313 2302 Πνεύματι.
337 2277 349 2291 ιν
373 2264 472 2294 ὡσανεὶ
496 2264 578 2306 ἔλεγε·
595 2265 808 2306 Κατοικητήριον

39 2307 70 2350 τοῦ
87 2307 153 2336 θεοῦ
178 2308 201 2326 ¹³
224 2309 413 2348 πνευματικόν·
438 2307 506 2350 Ἄρα
522 2305 567 2339 οὖν
592 2309 673 2350 μέχρι
686 2312 733 2346 τῆς
754 2310 810 2340 δευ-

40 2347 98 2395 τέρας
118 2352 259 2393 παρουσίας
322 2347 539 2393 συνοικοδόμησις
553 2347 744 2395 αὕτη-γίνεται
766 2354 809 2384 διὰ

42 2394 78 2421 τῶν
91 2395 210 2427 ἑκάστοτε
222 2398 400 2429 πιστευόντων
408 2425 414 2432 .

308 2461 453 2493 ΚΕΦᾹΛ.
477 2462 518 2493 l".

77 2525 88 2541 ι
106 2515 200 2547 Τούτου
226 2518 303 2559 χάριν
327 2519 379 2559 ἐγὼ
407 2521 515 2554 Παῦλος
540 2521 555 2550 ὁ
588 2520 693 2560 δέσμιος
725 2520 815 2557 Ἰησοῦ

46 2555 142 2606 Χριστοῦ
158 2562 222 2602 ὑπὲρ
237 2565 311 2602 ὑμῶν
324 2566 377 2594 τῶν
394 2565 484 2596 ἐθνῶν.
502 2578 514 2592 ι
530 2565 622 2596 Εἰπὼν
638 2568 683 2596 τοῦ
700 2567 816 2606 Χριστοῦ

48 2600 83 2636 τῆν
105 2605 160 2645 περὶ
176 2600 442 2649 ἡμᾶς-κηδεμονίαν,
466 2610 588 2649 ἐμϐαίνει
609 2610 633 2629 ⁴⁹
660 2600 752 2641 λοιπδν
773 2610 819 2640 καὶ

77 2690 87 2704 ¹¹
99 2689 175 2720 Rom.
189 2699 234 2729 χι,
248 2697 290 2724 19.
329 2695 438 2725 °Levit.
461 2703 552 2731 xxvr,
570 2699 612 2725 ll.

849 1505 952 1537 ﬁcatio,
977 1504 1004 1532 id
1027 1509 1079 1538 est,
1103 1513 1201 1533 omnes
1228 1505 1320 1533 ﬁdeles
1343 1506 1490 1534 constructi
1512 1510 1539 1535 et
1562 1507 1642 1542 uniti,

849 1549 994 1585 eongenite
1010 1553 1036 1577 et
1051 1549 1266 1585 inseparabiliter
1278 1554 1405 1578 crescunt
1419 1554 1446 1578 et
1461 1551 1644 1586 complentur,

851 1594 936 1630 386
947 1598 976 1622 ut
992 1594 1057 1622 ﬁant
1073 1595 1205 1630 templum
1215 1595 1274 1622 Dei.
1295 1607 1306 1618 -
1322 1595 1460 1623 Habitabo
1472 1596 1555 1630 enim,
1574 1608 1587 1620 ιι
1601 1597 1644 1624 in-

850 1639 924 1675 quit,
942 1650 954 1663 ιι
976 1639 1005 1667 in
1018 1639 1082 1675 ipsis
1097 1643 1123 1666 et
1140 1639 1315 1667 inambulabo
1331 1642 1353 1668 θ.
1371 1651 1385 1665 ››
1402 1641 1471 1668 Nam
1487 1644 1514 1668 et
1524 1648 1649 1668 commu-

851 1684 922 1712 niter
934 1683 1063 1717 Ecclesia,
1079 1683 1131 1712 hoc
1152 1688 1204 1717 est,
1228 1684 1350 1712 collectio
1365 1685 1490 1713 omnium
1513 1685 1645 1720 ﬁdelium,

851 1728 950 1757 dicitur
962 1728 1097 1764 templum
1114 1729 1176 1762 Dei,
1187 1733 1214 1757 et
1227 1730 1415 1765 unusquisque
1428 1729 1565 1765 privatim.
1584 1741 1596 1753 ιι
1615 1731 1646 1757 In

853 1773 974 1801 Domino
987 1785 999 1797 ιι
1009 1778 1101 1800 autem
1115 1773 1191 1806 dixit,
1203 1781 1263 1810 pro,
1275 1775 1324 1802 Per
1331 1774 1447 1809 gratiam
1458 1774 1583 1807 Domini,
1593 1782 1649 1802 non

854 1826 902 1854 per
914 1818 1328 1846 nostroslaborcs.Cumautem
1342 1818 1419 1852 dicit,
1437 1828 1450 1844 (ι
1464 1819 1623 1851 constructi,
1635 1830 1647 1844 υ

856 1862 976 1890 ostendit
988 1861 1062 1898 quod
1077 1862 1103 1889 in
1115 1863 1247 1898 templum
1264 1863 1313 1890 Dei
1332 1871 1388 1890 non
1404 1863 1483 1890 aliter
1498 1863 1649 1891 coalescere

858 1907 1004 1942 possimus,
1027 1907 1076 1934 nisi
1097 1911 1125 1934 et
1149 1907 1234 1934 vitam
1258 1907 1380 1936 vivamus
1404 1914 1465 1944 qua:
1488 1906 1650 1943 respondeat

858 1952 908 1987 ipsi
924 1959 1036 1980 summo
1048 1951 1171 1988 angulari
1182 1951 1276 1988 lapidi.

894 1997 986 2024 Vens.
1002 1999 1045 2024 22.
1065 2008 1076 2020 α
1090 1997 1122 2024 In
1137 2004 1191 2033 quo
1206 2001 1233 2025 et
1246 2005 1293 2025 vos
1309 1997 1515 2026 coaediﬁeamini
1531 1996 1559 2025 in
1573 1997 1651 2026 habi-

857 2042 978 2069 taculum
997 2041 1050 2069 Dei
1065 2041 1092 2069 in
1107 2041 1219 2077 Spiritu.
1242 2053 1254 2066 ιι
1270 2041 1400 2070 Universi
1422 2042 1535 2079 quidem
1556 2042 1651 2071 ﬁdeles

858 2087 887 2114 in
908 2086 961 2114 hoc
983 2086 1200 2120 coaediﬁcantur,
1223 2094 1256 2115 ac
1279 2095 1326 2115 vos
1347 2095 1457 2124 quoque
1478 2087 1598 2124 Ephesii,
1624 2092 1656 2116 ut

859 2131 917 2160 sitis
938 2130 1125 2160 habitaculum
1140 2131 1192 2160 Dei
1211 2131 1240 2160 in
1260 2132 1372 2168 Spiritu,
1389 2132 1441 2160 hoc
1459 2137 1511 2165 est,
1530 2141 1579 2169 per
1593 2133 1654 2169 δρί-

860 2176 929 2204 ritus
943 2176 1074 2204 auxilium
1089 2187 1096 2205 ;
1112 2176 1151 2204 vel
1162 2181 1193 2204 ut
1204 2176 1324 2204 sensibili
1339 2179 1483 2205 structurae
1492 2183 1656 2214 opponeret,

862 2220 940 2253 dixit,
965 2232 977 2245 κ
995 2222 1026 2249 In
1041 2221 1152 2257 Spiritu.
1170 2233 1183 2245 ιι
1198 2221 1313 2250 Perinde
1328 2229 1358 2250 ac
1372 2222 1393 2249 si
1408 2221 1492 2255 dicat,
1511 2222 1559 2250 Dei
1573 2222 1658 2251 habi—

863 2266 988 2294 taculum
1017 2266 1169 2302 spirituale.
1194 2265 1311 2294 Proinde
1333 2265 1367 2294 ad
1391 2266 1545 2294 secundum
1571 2275 1660 2303 usque

865 2310 1015 2340 adventum
1025 2310 1084 2338 haec
1096 2310 1273 2339 cozediﬁcatio
1289 2310 1319 2338 lit
1329 2319 1377 2347 per
1386 2311 1662 2341 ubilibetcredentes.

1178 2465 1298 2494 CAPUT
1314 2466 1361 2493 ill.

907 2526 994 2553 Vsus.
1020 2527 1044 2551 1.
1069 2534 1083 2550 (ι
1100 2524 1185 2560 llujus
1204 2524 1242 2551 rei
1265 2524 1348 2560 gratia
1372 2531 1421 2560 ego
1442 2523 1542 2552 Paulus
1562 2524 1670 2552 vinctus

872 2569 976 2598 Christi
1001 2570 1067 2597 Jesu
1090 2577 1140 2605 pro
1164 2569 1240 2597 vobis
1254 2570 1390 2605 gentibus.
1409 2581 1421 2593 ιι
1444 2571 1514 2598 Cum
1536 2570 1671 2598 hactenus

873 2613 974 2643 Christi
989 2622 1052 2650 erga
1068 2622 1118 2642 nos
1126 2622 1220 2643 curam
1234 2613 1390 2649 iudicasset,
1404 2614 1531 2650 deinceps
1541 2613 1576 2642 ad
1590 2621 1669 2642 suam

723 2732 818 2763 Variae
840 2732 992 2763 lectiones.

81 2795 98 2813 ¹¹
108 2797 203 2832 ἐνδεῖξαι
223 2811 263 2832 ω,

56 2832 72 2850 ¹¹
81 2835 174 2872 Χριστοῦ
187 2848 213 2871 ο.
249 2844 271 2862 ¹⁹
286 2845 393 2873 ίκὸαίνει

178 2887 289 2918 Parnm"
307 2891 360 2920 Gn.
379 2891 486 2920 CXXIV.

309 2804 333 2823 ¹⁸
345 2804 435 2843 τούτῳ,
449 2808 486 2843 τῷ
504 2805 612 2844 Χριστῷ,
626 2807 692 2844 οημὶ
710 2815 737 2837 ο.
777 2808 799 2826 ¹⁵
811 2807 912 2844 πόνημα
935 2814 961 2836 ο.
1001 2807 1022 2824 ¹⁵
1036 2807 1074 2834 ὅτι
1089 2815 1116 2835 ο.
1154 2806 1176 2824 ¹⁶
1190 2805 1418 2841 συντελεσθῆναιο.
1457 2806 1477 2824 ¹”¹
1500 2805 1621 2842 ἐνεργείας
1639 2810 1656 2831 o
1669 2820 1677 2828 ι

1503 2895 1537 2922 34
