1886 3082
220 158 282 183 1071

726 158 982 189 THEOPHYLACTI
1006 159 1184 188 BULGARIzE
1204 158 1358 187 ARCHIEP.
1808 160 1862 185 lt-T':

215 219 399 248 crederentur.
422 221 491 248 Cum
514 220 587 248 enim
602 221 652 257 ipsi
663 222 819 258 injunctum
836 227 909 252 esset
923 228 953 252 ut
967 225 993 252 in

1108 224 1153 258 ίζω
1175 224 1360 258 πιστευθῆναι.
1385 221 1420 253 Ὀ
1442 221 1493 262 γὰρ
1519 221 1579 256 τοὺς
1604 221 1732 261 χείρονας
1756 221 1864 259 ἐπιδ-τρες

217 263 330 292 feriores
358 268 386 292 et
408 264 513 300 pejores
533 265 568 293 ad
593 265 734 294 Christum
760 272 939 304 converteret,
968 277 1015 305 per

219 310 270 337 hoc
284 310 373 346 ipsum
382 317 499 346 magnus
516 310 646 345 efﬁcitur,
660 311 705 348 qui
717 320 819 347 parvus
843 313 990 342 videbatur
1005 324 1012 349 ;

220 354 313 389 gratiae
326 354 410 390 igitur
424 353 451 382 id
470 362 539 390 opus
554 359 608 383 est.
635 356 664 384 Si
688 360 781 385 autem
807 358 1014 395 impervestiga-

218 399 285 426 biles
303 402 367 426 sunt
386 398 489 427 divitiae
503 399 587 435 ipsius
608 405 753 437 postquam
777 403 858 430 nobis
878 404 1014 440 apparuit,

218 447 321 479 quanto
334 443 422 480 magis
439 444 555 472 essentia
572 444 647 480 ejus?
662 446 809 480 Quomodo
828 448 912 484 igitur
927 449 1016 476 Euno-

219 488 292 516 mius
303 495 334 517 se
348 488 430 517 istam
444 488 686 524 comprehendisse
699 490 836 526 jactabat?

254 533 343 562 Vens.
356 536 384 561 9.
400 544 413 557 α
428 535 463 561 Et
478 533 632 562 illuminare
646 543 755 570 omnes,
770 544 833 573 quae
848 537 884 565 sit
899 537 1013 574 dispen-

219 578 288 607 satio
313 578 433 614 mysterii
450 577 602 607 absconditi
627 587 643 607 ιι
656 580 765 610 saeculis
779 581 807 609 in
823 583 890 610 Deo.
906 592 920 608 ι)
934 584 1014 618 Quod

217 627 313 660 gentes
336 623 446 660 quidem
472 623 601 652 vocandae
627 629 713 660 erant,
740 631 872 654 noverant
897 626 1014 656 fortasse

217 676 265 704 per
288 668 420 704 Spiritum
442 677 506 697 cum
539 669 690 705 prephetae,
711 674 773 698 tum
796 672 883 707 angeli
909 681 915 700 :
940 672 1013 708 quod

218 720 281 741 vero
295 712 329 740 ad
344 717 419 740 tanta
434 713 517 746 bona,
531 718 559 742 et
573 714 607 742 ad
622 714 775 743 sedendum
786 723 867 751 super
881 715 1011 744 thronum

217 757 278 790 Dei,
294 758 365 793 quis,
380 766 484 794 quaso,
508 759 560 787 hoc
581 762 778 795 exspectasset?
800 761 870 789 Eam
892 761 929 789 ob
954 769 1012 789 rem

217 813 231 828 ι
251 802 413 839 mysterium
428 815 440 828 ι
457 803 510 832 hoc
529 808 617 838 vocat,
634 816 646 829 ι
666 804 695 832 in
711 806 770 833 Deo
784 805 980 834 absconditum
996 814 1011 834 a

215 847 330 882 saeculis,
347 859 359 872 ι
380 847 433 876 hoc
447 852 497 882 est,
511 852 590 877 antea
612 853 640 877 et
654 857 669 877 a
684 849 819 886 principio
837 860 842 878 :
860 859 916 879 non
935 851 1009 879 enim

215 900 309 921 recens
320 897 361 921 est
375 892 435 921 hac
448 893 626 930 dispensatio,
647 898 675 922 et
687 894 737 930 ipsi
753 895 804 923 soli
820 896 941 932 cognita.

213 983 265 1019 {{-
281 984 333 1018 Qui
352 984 445 1012 omnia
459 984 560 1012 creavit
576 992 623 1020 per
637 986 730 1013 Jesum
745 985 895 1013 Christum.
917 997 929 1010 ι
952 986 1014 1014 Pul-

214 1028 279 1056 chre
293 1029 436 1057 creationis
450 1029 589 1057 meminit.
608 1029 659 1065 Qui
681 1030 755 1058 enim
770 1031 863 1058 omnia
877 1030 1010 1064 condidit,

213 1074 299 1107 Deus,
315 1073 414 1109 inquit,
429 1077 471 1102 est
492 1082 539 1110 per
553 1073 707 1108 Christum,
729 1075 794 1103 Sine
812 1075 886 1111 ipsos
898 1075 982 1109 enim,
999 1087 1010 1099 ιι

214 1118 312 1153 inquit,
334 1117 455 1146 «factum
480 1122 523 1147 est
545 1118 610 1147 nihil
624 1123 658 1147 κε
684 1130 696 1143 ι
717 1124 744 1147 et
766 1120 819 1148 hoc
841 1127 888 1156 per
919 1120 1011 1156 ipsum

213 1162 324 1190 revelat.

250 1208 335 1244 389
345 1209 432 1236 Vens.
447 1211 489 1236 ιο.
503 1218 516 1233 (ι
525 1209 564 1237 Ut
574 1208 724 1236 innotescat
734 1216 806 1236 nunc
816 1208 1011 1244 principatibus

215 1257 242 1280 et
258 1252 437 1287 potestatibus
449 1252 476 1280 in
489 1252 645 1280 ctelestibus
653 1260 700 1288 per
714 1253 862 1281 Ecclesium
880 1253 1012 1281 multifor-

212 1297 265 1324 mis
279 1297 407 1333 sapientia
423 1297 487 1326 Dei.
510 1309 522 1323 1
537 1299 633 1334 Neque
647 1298 801 1333 superiores
814 1297 1011 1333 principatuset

213 1346 370 1377 potestates,
390 1350 477 1378 neque
492 1342 635 1370 inferiores
648 1347 746 1370 norant
768 1342 929 1378 mysterium
952 1342 1011 1378 glo-

211 1387 258 1414 ria:
275 1387 408 1422 gentium.
428 1387 537 1415 Etenim
550 1387 639 1423 angeli
659 1391 685 1414 et
702 1387 859 1421 archangeli
878 1387 931 1415 hoc
953 1391 1012 1415 tan-

210 1436 267 1459 tum
282 1432 364 1459 modo
381 1436 554 1467 compertum
577 1431 724 1465 habebant,
742 1431 817 1468 quod
834 1432 916 1460 Israel
936 1435 1007 1460 esset

211 1484 273 1511 pars
288 1477 411 1510 Domini,
427 1476 549 1512 adeoque
563 1476 678 1512 populus
690 1476 783 1512 ipsius.
800 1477 908 1505 Gabriel
927 1485 1008 1513 porro

212 1520 264 1548 hoc
277 1525 384 1549 tantum
409 1525 498 1553 norat,
518 1520 593 1556 quod
612 1525 770 1548 scrvaturus
792 1525 863 1549 esset
878 1522 1008 1557 populum

212 1573 292 1593 suum
305 1573 320 1593 a
340 1565 456 1600 peccatis
474 1565 539 1592 suis.
565 1565 646 1600 Quod
669 1569 761 1592 autem
782 1570 876 1601 gentes
898 1571 1006 1595 tantum

213 1610 346 1637 honorem
361 1614 602 1644 consequerentur,
625 1617 700 1637 nunc
715 1614 818 1637 norunt
837 1614 864 1638 et
880 1619 1005 1646 supernae

211 1654 339 1690 potentiae
353 1658 379 1682 et
401 1653 523 1687 infernae,
550 1662 597 1689 per
620 1654 781 1688 Ecclesiam,
811 1655 863 1683 hoc
882 1660 932 1689 est,
960 1664 1005 1692 per

213 1699 340 1727 beneﬁcia
357 1707 418 1734 qum
434 1698 511 1726 nobis
532 1703 596 1726 sunt
609 1699 717 1727 collata.
736 1700 806 1727 Nam
821 1704 914 1728 nostra
925 1700 1006 1728 bene-

215 1744 274 1771 licia
287 1751 348 1780 qum
361 1743 482 1779 magistri
495 1747 558 1771 sunt
570 1743 602 1771 iis
612 1744 754 1780 sapientia:
768 1745 826 1773 Dei.
842 1747 901 1772 Non
913 1750 1005 1774 autem

211 1788 452 1824 illamsimpliciter
473 1788 575 1816 variam
600 1788 677 1822 dicit,
711 1789 769 1822 sed,
794 1789 1005 1826 multiformem,

210 1835 267 1862 sive
291 1833 443 1862 admodum
456 1833 557 1861 variam
577 1832 724 1861 artiﬁcium
741 1833 885 1871 cjusatque
898 1835 1006 1864 incom-

210 1879 469 1916 prehensibilitatem
489 1877 653 1914 signiﬁcans.
667 1878 817 1912 Gregorius
830 1884 921 1908 autem
938 1882 1006 1917 Nys-

210 1933 302 1958 senus,
323 1926 396 1952 Ante
418 1923 648 1955 incarnationem.
669 1923 768 1959 inquit,
785 1924 934 1959 simplicem
954 1934 1007 1953 no-

209 1977 267 1997 ram
287 1969 411 1997 ccelestes
424 1969 538 1996 virtutes
554 1967 713 2003 sapientiam
732 1969 794 2003 Dei,
819 1977 918 2005 nempe
932 1970 1005 2005 quod

210 2013 303 2042 omnia
321 2013 377 2041 sola
402 2021 451 2040 sua
479 2012 619 2040 voluntate
646 2012 797 2041 condiderit
821 2013 1005 2050 deprehende-

210 2059 329 2093 bantque
350 2066 413 2086 eum
427 2065 485 2085 esse
508 2061 663 2093 potentem,
685 2057 813 2094 quodque
830 2059 921 2086 omnia
941 2068 1006 2087 con-

211 2106 331 2130 servaret
348 2102 463 2137 sapienti
475 2101 673 2137 gubernatione
689 2111 696 2130 :
718 2110 751 2130 ac
769 2102 920 2138 sapientem
934 2112 1007 2132 cura-

209 2155 305 2182 orem,
323 2147 370 2184 qui
395 2147 564 2183 prospiceret
582 2147 675 2181 rebus,
696 2148 880 2184 agnoscebant
900 2157 908 2176 :
926 2148 1005 2177 nihil-

211 2201 265 2228 que
288 2193 317 2221 in
339 2192 382 2220 his
405 2192 511 2220 varium
537 2196 588 2226 est,
614 2191 668 2220 hoc
686 2196 738 2226 est,
755 2196 784 2220 ut
812 2192 884 2221 aliud
896 2193 1008 2229 quidem

210 2243 291 2272 esset,
316 2237 388 2266 aliud
408 2245 471 2265 vero
493 2235 622 2265 efﬁceret.
646 2237 790 2265 lncarnato
805 2242 896 2266 autem
917 2238 1008 2267 Verbo

212 2283 271 2316 Dei,
286 2290 333 2318 per
343 2282 477 2310 contraria
492 2285 627 2309 transacta
642 2285 707 2309 sunt
719 2282 864 2316 contraria,
878 2291 925 2318 per
935 2291 1009 2311 mor-

211 2332 265 2354 tem
282 2327 348 2360 vita,
371 2334 420 2362 per
443 2325 658 2354 imbecillitatem
683 2327 814 2362 potentia,
838 2335 888 2364 per
912 2332 1009 2356 contu-

212 2371 321 2400 meliam
336 2370 434 2407 gloria,
451 2378 499 2406 per
514 2370 603 2398 omnia
625 2371 688 2398 vilia
711 2375 739 2399 et
760 2371 866 2408 abjecta
893 2374 952 2401 Deo
967 2372 1007 2401 di-

210 2424 260 2452 gna
272 2420 300 2443 et
320 2415 459 2451 praeclara.
476 2416 555 2442 Hanc
573 2414 607 2442 ad
619 2415 752 2444 rationem
766 2416 945 2445 multiformis
960 2425 1005 2445 sa-

210 2461 312 2496 pientia
325 2464 353 2488 et
376 2458 496 2496 potentia
518 2458 567 2487 Dei
590 2459 746 2488 coelestibus
770 2461 918 2490 virtutibus
934 2470 1007 2490 nunc

209 2505 315 2542 cognita
331 2509 383 2534 est.
410 2503 526 2540 Quando
549 2504 623 2531 enim
648 2512 697 2532 nos
723 2504 876 2540 didicimus,
896 2510 956 2535 tum
979 2511 1007 2536 et

1069 279 1127 309 φειν
1151 268 1259 308 ταχθεὶς
1280 267 1349 309 κατᾶ
1379 269 1457 296 τοῦτο
1480 266 1548 309 αὐτὸ
1574 266 1659 305 μέγας
1681 266 1804 305 γίνεται,
1826 267 1865 295 κὲν

1069 306 1162 353 μικρὸς
1335 312 1451 351 Χάριτος
1465 306 1510 341 οὖν
1526 311 1557 341 τὸ
1571 316 1702 350 πρᾶγμα.
1724 311 1760 340 Εἰ
1785 310 1813 339 δὲ
1831 313 1867 339 ἐει-

1068 356 1231 396 εξιχνίαστος
1252 358 1267 386 ὁ
1292 358 1403 389 πλοῦτος
1428 357 1510 386 αὐτοῦ
1533 357 1578 384 καὶ
1603 355 1674 393 μετὰ
1691 355 1725 384 τὸ
1748 357 1867 396 quiue

1067 401 1143 442 πόσῳ
1167 401 1193 421 ²⁷
1214 402 1315 441 μέλλον
1332 403 1350 437 ἡ
1363 401 1454 437 οὐσίας
1472 402 1533 434 Πῶς
1545 400 1632 430 τοίνυν
1657 399 1797 439 Εὖνόμιος
1810 401 1867 429 ταὺ-

1067 459 1115 482 την
1132 446 1294 476 καταλαϐεῖν
1312 446 1464 484 ἐκόμπαζε;

1113 546 1127 564 (ι
1143 535 1198 566 Καὶ
1213 535 1327 576 φωτίσαι
1349 535 1462 571 πάντας,
1486 534 1524 568 τίς
1547 537 1564 570 ἠ
1591 534 1740 573 οἰκονομία
1761 538 1810 565 τοῦ
1828 547 1867 573 μυ-

1067 580 1175 620 στηρίου
1200 583 1247 610 τοῦ
1263 579 1501 619 ἀποκεκρυμμένου
1525 579 1578 608 ἀπὸ
1592 582 1647 609 τῶν
1670 580 1784 609 αἰώνων
1801 581 1826 609 ἐν

1067 626 1140 666 Θεῷ,
1160 638 1171 652 ι
1185 623 1251 655 c'0“
1276 625 1323 663 μὲν
1350 625 1401 665 γὰρ
1421 625 1600 660 κληθήσονται
1621 625 1657 654 τὰ
1677 625 1757 660 ἔθνη,
1782 625 1868 665 iacet:

1066 669 1128 702 ἴσως
1144 669 1187 700 διὰ
1203 671 1248 699 τοῦ
1272 669 1430 708 Πνεύματος
1447 669 1493 698 καὶ
1513 671 1539 698 οἱ
1561 672 1704 709 προφῆται
1721 670 1770 698 καὶ
1791 671 1815 698 οἱ
1833 670 1869 708 ἅτ

1065 715 1150 753 γελοι·
1165 713 1205 744 ὅτι
1222 714 1249 744 δὲ
1264 713 1307 744 ἐπὶ
1322 714 1457 750 τοιούτοις,
1471 713 1517 743 καὶ
1534 713 1603 742 ὥστε
1618 713 1666 744 ἐπὶ
1681 713 1713 733 ³⁸
1730 714 1778 743 τὸν
1793 715 1869 753 θρόνοι

1065 757 1174 788 καθίσαι
1198 759 1244 789 τὸν
1263 761 1309 788 τοῦ
1335 759 1419 797 Θεοῦ,
1442 761 1520 788 τοῦτο
1544 758 1584 792 τίς
1610 758 1643 787 ἃν
1674 760 1868 798 προσεδόκησε,

1065 803 1117 834 Διὰ
1142 806 1220 834 τοῦτο
1242 803 1390 842 μυστήριον
1410 803 1475 833 αὐτὸ
1496 804 1572 832 καλεῖ
1589 804 1615 832 ἐν
1641 805 1682 843 τῷ
1698 805 1771 844 Θεῷ
1786 805 1868 833 ἀποκε-

1067 848 1218 888 κρυμμένον
1248 848 1301 878 ἀπὸ
1324 847 1349 867 ²⁰
1374 849 1426 877 τῶν
1452 847 1564 877 αἰώνων·
1589 849 1753 884 τουτέστιν,
1783 849 1868 878 (mea

1031 898 1055 930 Β
1070 892 1115 922 καὶ
1135 893 1160 927 ἐξ
1176 894 1269 932 ἀρχῆς.
1293 894 1334 923 Οὔ
1357 892 1409 932 γὰρ
1424 892 1575 932 πρόσφατός
1601 893 1674 922 ἐστιν
1693 895 1713 929 ἡ
1739 894 1870 932 οἰκονομία

1069 937 1148 975 αὕτη,
1164 938 1208 967 καὶ
1227 938 1300 978 αὐτῷ
1314 937 1386 978 μόνῳ
1399 936 1593 976 γινωσκομένη.

1109 995 1121 1008 α
1136 984 1184 1022 Τῷ
1208 982 1242 1011 τὰ
1267 981 1356 1011 πάντα
1378 981 1499 1011 κτίσαντι
1524 981 1568 1011 διὰ
1593 982 1686 1018 Ἰησοῦ
1710 982 1842 1023 Xpta-rou".
1859 996 1869 1010 ν

1069 1027 1164 1061 Καλῶς
1187 1026 1296 1061 κτίσεως
1309 1026 1514 1066 ἐμνημόνευσεν·
1537 1027 1551 1055 ὁ
1571 1026 1622 1066 γὰρ
1645 1026 1681 1056 τὰ
1707 1027 1804 1057 πάντα
1826 1029 1870 1057 κτί-

1067 1083 1126 1108 σας,
1150 1071 1230 1108 Θεὸς,
1255 1071 1338 1112 φησὶ,
1361 1072 1405 1101 διὰ
1428 1074 1476 1102 τοῦ
1500 1072 1627 1110 Χριστοῦ.
1660 1084 1673 1098 ι
1706 1073 1807 1112 Χωρὶς
1830 1073 1868 1111 γὰρ

1067 1116 1160 1155 αὐτοῦ,
1178 1128 1193 1144 τι
1214 1116 1289 1155 φησὶ,
1306 1116 1438 1156 «γέγονεν
1452 1116 1511 1146 οὐδὲ
1527 1115 1564 1145 ἓν·
1579 1127 1595 1145 n
1614 1115 1662 1145 καὶ
1679 1119 1769 1146 τοῦτο
1786 1118 1821 1146 δι’
1836 1118 1869 1146 αὖ·

1066 1163 1110 1189 τοΐι¹
1127 1160 1322 1192 ἀποκαλύπτει.

1107 1219 1119 1231 ι
1135 1204 1196 1236 Ἵνα
1219 1207 1352 1246 γνωρισθῇ
1377 1208 1421 1234 νῦν
1445 1206 1502 1239 ταῖς
1527 1207 1623 1246 ἀρχαῖς
1649 1206 1700 1236 καὶ
1723 1210 1787 1240 ταῖς
1810 1207 1869 1241 ἐξω-

1067 1249 1136 1284 σίαις
1152 1252 1179 1280 ἓν
1203 1254 1257 1284 τοῖς
1282 1249 1447 1290 ἐπουρανίοις
1463 1250 1506 1280 διὰ
1532 1253 1580 1286 τῆς
1598 1251 1776 1287 Ἐκκλησίας
1792 1254 1810 1287 ἡ
1831 1264 1870 1281 πο-

1065 1295 1216 1329 λυποίκιλος
1230 1295 1309 1336 σοφία
1323 1298 1371 1324 τοῦ
1384 1297 1466 1326 Θεοῦ.
1483 1305 1498 1324 ι)
1520 1294 1592 1325 Οὔτε
1611 1296 1639 1324 αἱ
1652 1295 1714 1324 ἄνω
1730 1297 1819 1335 ἀρχαί
1832 1296 1869 1325 υἱ

1066 1339 1190 1376 ἐξουσίαι,
1215 1339 1274 1369 οὔτε
1300 1340 1327 1369 αἱ
1356 1339 1430 1369 κάτω
1460 1339 1558 1379 ᾔδεσαν
1586 1339 1616 1368 τὸ
1645 1340 1805 1380 μυστήριον
1832 1343 1869 1374 ti;

1065 1384 1140 1420 δόξης
1154 1386 1206 1414 τῶν
1222 1385 1340 1414 ἐθνικῶν.
1359 1384 1413 1414 Καὶ
1432 1383 1482 1424 γὰρ
1504 1384 1550 1413 καὶ
1568 1384 1677 1423 ἄγγελοι
1697 1385 1868 1426 καὶῗᾶρχάγ-

1064 1430 1136 1466 γελοι
1159 1432 1237 1459 τοῦτο
1263 1429 1341 1468 μόνον
1367 1428 1478 1469 ᾔδεσαν,
1505 1428 1546 1457 δτι
1567 1431 1581 1458 ὁ
1604 1429 1725 1468 Ἰσραὴλ
1751 1425 1869 1469 ἦννμερίς

1064 1473 1175 1514 Κυρίου,
1206 1474 1251 1504 καὶ
1271 1473 1335 1507 λαὸς
1359 1475 1450 1503 αὐτοῦ.
1471 1473 1525 1504 Καὶ
1550 1475 1564 1502 ὃ
1588 1473 1719 1513 Γαϐριὴλ
1748 1475 1780 1504 δὲ
1803 1477 1869 1505 τοῦτο

1065 1518 1143 1557 μόνον
1167 1519 1318 1558 ἐγίνωσκεν,
1333 1516 1374 1547 δτι
1396 1517 1476 1548 σώσει
1493 1517 1536 1547 τὸν
1556 1518 1620 1548 λαὸν
1642 1519 1728 1548 αὐτοῦ
1750 1520 1810 1548 ἀπὸ
1828 1518 1886 1554 τειιῆ

1062 1564 1200 1603 ἁμαρτιῶν
1217 1564 1313 1593 αὐτῶν.
1339 1561 1405 1592 Ὅτι
1420 1563 1447 1592 δὲ
1473 1562 1519 1591 καὶ
1535 1563 1560 1592 οἱ
1586 1562 1683 1592 ἐθνικοὶ
1706 1564 1871 1600 τηλικαύτη

1060 1609 1140 1646 τιμῆς
1155 1607 1300 1644 τεύξονται,
1327 1609 1370 1636 νῦν
1394 1605 1514 1645 ἔγνωσαν
1538 1607 1584 1636 καὶ
1610 1608 1637 1636 αἱ
1659 1607 1717 1636 ἅνω
1745 1609 1871 1647 δυνάμεις

1096 1653 1102 1664 ‘
1138 1653 1148 1681 ἱ
1190 1652 1197 1663 ’
1263 1652 1307 1681 δὰ
1346 1653 1363 1660 ’⁸
1392 1651 1424 1681 Ἰῖ
1462 1652 1478 1680 λ
1520 1651 1526 1661 ’
1659 1653 1666 1661 ’
1761 1654 1775 1662 ⁵
1845 1655 1858 1661 ⁵

1060 1664 1105 1682 και
1121 1664 1137 1681 α
1163 1664 1246 1688 κατω,
1280 1664 1287 1680 ι
1331 1663 1377 1687 της
1414 1663 1461 1682 ,κκ
1480 1663 1569 1687 nunc,
1590 1663 1727 1688 τουτεστι,
1757 1653 1810 1682 ad
1827 1666 1870 1682 τιση

1060 1698 1095 1731 εἷς
1120 1699 1192 1735 ἡμᾶς
1224 1696 1382 1736 γενομένων.
1416 1697 1450 1725 Αἱ
1478 1697 1528 1734 γὰρ
1554 1697 1589 1728 εἷς
1614 1698 1687 1734 ἡμᾶς
1716 1698 1870 1737 εὐεργεσίαι

1060 1742 1216 1770 διδάσκαλοι
1243 1741 1330 1774 αὐτοῖς
1356 1740 1476 1779 ἐγένοντο
1506 1742 1553 1775 τῆς
1581 1741 1674 1780 σοφίας
1703 1744 1753 1770 τοῦ
1792 1744 1869 1773 Θεοῧ.

1061 1786 1121 1825 Οὐχ
1145 1786 1237 1819 ἁπλῶς
1262 1785 1289 1815 δὲ
1313 1785 1437 1820 ποικίλην
1463 1785 1546 1820 αὐτήν
1568 1796 1660 1824 φησιν,
1685 1786 1763 1815 ἀλλὰ
1791 1789 1869 1816 πολυ-

1060 1830 1193 1867 ποίκιλον,
1219 1830 1249 1860 τὸ
1272 1829 1419 1870 πάντεχνον
1445 1831 1526 1864 αὐτῆς
1548 1830 1634 1865 δηλῶν
1650 1829 1698 1858 καὶ
1716 1831 1869 1866 ἀκατινόησ

1059 1887 1114 1904 τον.
1131 1874 1165 1905 Ὁ
1182 1873 1209 1904 δὲ
1225 1873 1334 1910 Νύσσης
1350 1873 1504 1915 Γρηγόριος,
1522 1874 1579 1912 Πρὸ
1601 1873 1650 1912 μὲν
1667 1876 1719 1910 τῆς
1733 1877 1869 1915 eamea..-
1885 1899 1886 1907 η

1059 1920 1181 1956 πήσεως,
1215 1918 1311 1959 φησὶν,
1339 1918 1427 1955 ἁπλῆν
1457 1919 1483 1937 3"
1510 1918 1652 1960 ἐγίνωσκον
1682 1922 1714 1949 αἱ
1749 1921 1870 1960 οὖρᾶνιοι

1058 1963 1180 2002 δυνάμεις
1203 1958 1250 2000 τὴν
1275 1963 1368 2004 σοφίαν
1391 1965 1438 1993 τοῦ
1453 1963 1535 2001 Θεοῖἰ,
1564 1958 1630 1999 οἷον,
1661 1964 1866 2004 ἐδημιούργησε

1059 2009 1091 2038 τὰ
1105 2008 1192 2038 πάντα
1208 2007 1314 2044 θελήσει
1329 2008 1408 2047 μόνῃ,
1425 2006 1470 2037 καὶ
1483 2007 1623 2037 κατενόουν
1638 2008 1724 2038 αὐτὸν
1739 2010 1863 2045 δυνατὸν,

1059 2054 1171 2093 διετήρει
1186 2054 1207 2072 ³¹
1230 2052 1265 2082 τὰ
1279 2052 1367 2082 πάντα
1433 2055 1502 2092 σοφῇ
1523 2051 1661 2089 διοικήσει,
1677 2053 1728 2082 καὶ
1745 2065 1862 2092 προνοη-

1059 2097 1106 2133 τὴν
1121 2098 1200 2138 σοφὸν
1222 2097 1248 2116 ³2
1262 2096 1445 2136 ἐπεγίνωσκον·
1462 2096 1507 2125 καὶ
1529 2096 1602 2126 οὐδὲν
1626 2098 1653 2126 ἐν
1675 2098 1784 2132 τούτοις
1805 2111 1866 2128 ποι-

1064 2142 1145 2172 κίλον·
1167 2141 1311 2179 τουτέστιν,
1328 2142 1394 2171 ἄλλο
1416 2141 1463 2179 μὲν
1487 2140 1528 2177 ὂν,
1558 2141 1623 2171 ἄλλο
1645 2142 1675 2171 δὲ
1700 2145 1867 2182 ἀπθγεννῶν.

1067 2187 1253 2227 Σαρκωθέντος
1277 2187 1304 2217 δὲ
1321 2189 1368 2216 τοῦ
1382 2187 1454 2216 Θεοῦ
1472 2185 1571 2225 Λόγου,
1598 2185 1641 2216 διὰ
1664 2189 1720 2216 τῶν
1745 2189 1868 2218 ἐναντίων

1062 2231 1095 2261 τὰ
1119 2231 1225 2262 ἐναντία
1250 2230 1423 2271 κατωρθώθη,
1446 2231 1490 2260 διὰ
1517 2230 1630 2260 θανᾶτου
1645 2231 1714 2270 ζωὴ,
1737 2233 1773 2262 δι’
1794 2234 1869 2262 ἀσθε-

1061 2277 1132 2310 νείας
1158 2277 1282 2315 δύναμις,
1307 2277 1340 2306 δι’
1364 2275 1472 2314 ἀτιμίας
1500 2275 1576 2311 δόξα,
1608 2275 1651 2304 διὰ
1680 2277 1794 2307 πάντων
1818 2280 1869 2306 τῶν

1061 2323 1173 2351 εὐτελῶν
1213 2321 1247 2350 τὰ
1284 2322 1431 2360 θεοπρεπῆ.
1463 2319 1557 2353 Οὕτως
1589 2316 1633 2349 οὖν
1674 2322 1867 2354 πολυποίκιλος

1061 2365 1180 2405 ἐγνώσθη
1203 2367 1218 2402 ἡ
1234 2365 1314 2406 σοφία
1336 2365 1380 2395 καὶ
1397 2367 1414 2400 ἡ
1430 2364 1538 2402 δύναμις
1553 2366 1598 2394 τοῦ
1618 2366 1690 2395 Θεοῦ
1714 2371 1775 2400 ταῖς
1789 2367 1864 2404 οὖρα-

1059 2411 1122 2445 νίοις
1138 2410 1266 2449 δυνάμεσι
1281 2412 1338 2440 νῦν.
1354 2408 1423 2440 ²¹Οτε
1434 2409 1485 2449 γὰρ
1502 2412 1579 2446 ἡμεῖς
1590 2409 1739 2448 ἐμάθομεν,
1750 2411 1806 2441 τότε
1819 2413 1865 2438 κά-

1060 2457 1145 2485 κεῖναι
1157 2455 1190 2484 δι¹
1204 2457 1294 2493 ἡμῶν,
1308 2456 1410 2494 ὁρῶσαι
1421 2453 1470 2489 τὴν
1482 2453 1648 2490 Ἐκκλησίαν
1662 2455 1744 2484 τίνων
1757 2454 1865 2490 ἠξιώθη,

1060 2500 1105 2531 καὶ
1120 2499 1153 2530 δι’
1167 2500 1249 2536 αὐτῆς
1263 2501 1300 2534 εἰς
1318 2501 1414 2538 γνῶσιν
1429 2498 1619 2537 ὁδηγούμεναι.

208 2551 260 2580 inae
281 2558 330 2587 per
356 2558 407 2579 nos
426 2552 604 2586 agnorerunt,
628 2557 659 2577 ac
681 2549 803 2578 videntes
820 2551 929 2586 quantis
946 2552 1025 2580 bonis
1043 2549 1166 2579 Ecclesia
1187 2549 1223 2577 sit
1243 2548 1354 2583 donata,
1377 2556 1426 2584 per
1449 2547 1537 2584 ipsam
1562 2547 1646 2576 etiam
1671 2547 1707 2575 ad
1729 2548 1863 2585 cognitio-

207 2604 273 2626 nem
293 2599 360 2624 sunt
377 2594 526 2632 perductae.

243 2642 328 2671 Vnus.
349 2644 393 2670 ιι.
411 2649 427 2668 ι(
443 2640 601 2670 Secundum
614 2639 823 2678 praztinitionem
841 2642 1008 2671 saeculorum

248 2715 260 2728 ι
270 2711 350 2739 Joan.
368 2717 390 2745 ι,
406 2711 434 2738 3.

1103 2651 1116 2667 ε
1140 2637 1220 2670 Κατὰ
1246 2638 1370 2680 πρόθεσιν
1390 2639 1442 2668 τῶν
1473 2637 1590 2675 αἰώνων,
1617 2637 1650 2674 ἢν
1677 2638 1798 2675 ἐποίησεν
1836 2639 1861 2667 ἓν

907 2746 1002 2778 Variae
1022 2747 1176 2779 lectiones.

242 2797 264 2817 ²⁷
277 2799 364 2836 πολλῷ
378 2807 405 2828 ο.
443 2798 465 2817 ⁸³
478 2799 511 2832 εἶς
523 2807 549 2829 ο.
588 2799 610 2818 ²⁹
622 2800 668 2837 πρὸ
683 2809 710 2830 ο.
749 2800 771 2819 ⁸ο
784 2799 868 2832 ἁπλῶς
886 2809 913 2830 ο.
952 2801 973 2820 ³¹
990 2801 1025 2828 fa.
1042 2801 1084 2828 καὶ
1095 2802 1133 2828 ὅτι
1147 2801 1252 2838 διετλο.
1291 2801 1312 2818 ³³
1323 2799 1410 2836 σοφίαν
1428 2807 1455 2828 ο.
