1886 3082
16 237 19 262 l
26 236 86 264 073

439 234 616 264 EXPOSITIO
635 235 669 264 ΙΝ
689 234 795 264 EPIST.
815 231 860 260 ΑΙ)
901 228 996 257 PHES-
1013 243 1048 250 -
1065 227 1141 256 ΟΛΡ-
1162 228 1205 256 111-

1591 232 1660 259 1074

16 299 124 340 Κριστῷ
137 298 227 336 Ἰησοῦ
239 300 277 339 τῷ
294 298 386 339 Κυρίῳ
407 300 496 338 ἡμῶν.
513 310 526 329 ι)
547 300 603 330 Νῦν
617 298 664 336 μὲν
681 297 810 338 ἐγνώσθη,
827 297 856 327 Α
868 301 890 330 q'

902 300 950 321 lam
969 291 1077 321 fecitin
1099 291 1207 320 Christo
1220 293 1285 320 Jesu
1305 292 1424 320 Domino
1439 297 1546 322 nostro.
1569 305 1581 319 ι
1599 295 1661 322 Jam

16 343 105 382 Ρησὶν,
115 346 131 380 ἡ
143 344 221 384 σοφία
232 345 284 373 τῶν
298 343 360 384 περὶ
373 343 399 362 ³³
412 346 482 382 ἡμᾶς
490 343 650 383 γενομένων,
661 343 732 377 πλὴν
743 343 808 372 ἄνω-

16 393 55 416 ιεν
75 385 107 424 ἦν
122 388 318 428 προωρισμένη.
340 400 355 416 α
382 388 459 419 Κατὰ
473 389 596 428 πρόθεσιν
618 403 629 414 ι
651 388 711 428 γὰρ,
734 387 809 428 φησὶ,

16 444 26 459 ι.
46 434 103 461 τῶν
115 432 223 462 αἰώνων·
234 445 248 462 ›)
262 433 392 469 τουτέστι,
404 433 473 462 κατὰ
485 433 632 472 πρόγνωσιν
643 434 694 462 τῶν
706 432 812 469 μελλόν-

16 489 68 506 των
86 476 195 506 αἰώνων.
211 475 290 520 ’ῌδει
305 477 357 516 γὰρ
372 480 386 507 ὃ
398 477 466 510 Θεὸς
478 478 512 507 τὰ
528 477 655 516 ἐσόμενα,
671 477 716 507 καὶ
731 476 812 510 οὕτως

16 522 108 561 ἤρισε.
132 523 170 552 Τὸ
193 521 233 560 δὲ,
263 533 278 552 σ
298 522 353 553 *Ην
377 521 500 559 ἐποίησεν
524 523 550 551 ἐν
575 522 682 563 Χριστῷ
708 522 810 560 Ἰησοῦ,

16 570 116 596 νοεῖται
137 566 183 605 μὲν
200 566 260 607 περὶ
275 570 321 604 τῆς
345 567 447 607 σοφίας,
464 567 523 603 ἤτοι
539 569 585 602 τῆς
607 567 755 606 οἰκονομίας
779 566 812 602 ἣν

16 611 139 646 ἔποίησεν
154 613 168 641 ὁ
183 611 280 651 Πατὴρ
296 611 339 641 διὰ
353 614 398 641 τοῦ
418 613 495 642 Υῖοῧ.
517 611 552 642 ¹0
567 611 593 641 δὲ
611 611 809 650 Χρυσόστομος,

16 668 24 682 ι
47 651 105 685 ἲΩιι
129 655 262 692 ἐποίησεν,
279 669 295 684 ι»
313 656 448 694 ἀναγνοὺς,
467 652 522 686 ῗΩν
544 655 666 692 ἐποίησεν
690 656 810 692 αἰώνων,

16 700 111 740 ρησὶν,
127 702 140 730 ὁ
154 701 222 734 Θῑὸς
243 700 286 730 διὰ
300 703 346 730 τοῦ
363 702 440 732 Υἱοῦ.

55 800 68 812 ι
88 786 132 816 Ἐν
158 781 180 827 ᾧ
208 786 304 826 ἔχομεν
334 785 382 822 τὴν
407 787 560 827 παρρησίαν
587 786 633 816 καὶ
655 785 702 822 τὴν
726 798 812 824 προσ-

16 831 135 870 ιγωγὴν,
151 833 177 861 ἐν
193 831 348 866 πεποιθήσει
359 830 402 860 διὰ
417 833 463 867 τῆς
478 831 593 864 πίστεως
609 833 700 860 αὐτοῦ.
718 842 732 860 ι)
746 830 812 861 "Ou

16 875 57 904 Ξιὰ
85 878 131 905 τοῦ
159 877 276 916 Χριστοῦ
304 875 335 905 τὸ
359 880 413 905 πᾶν
435 875 537 915 γέγονε,
558 876 650 914 δῆλον,
672 875 764 916 φησὶν,
787 875 812 909 ἐξ

868 346 940 366 nunc
961 337 1073 374 quidem
1094 337 1203 373 cognita
1226 341 1278 372 est,
1297 338 1397 373 inquit,
1413 338 1549 374 sapientia
1564 347 1661 367 eorum

867 390 930 419 quae
952 382 1033 410 nobis
1059 382 1216 418 obtigerunt
1236 390 1245 409 :
1269 385 1390 410 attamen
1413 382 1468 418 jam
1492 383 1560 411 olim
1582 387 1661 412 antea

867 427 1150 464 erantpraadestinata.
1158 428 1230 455 Nam
1239 439 1251 452 α
1259 426 1409 456 secundum
1418 427 1638 463 praeﬁnitionem,
1647 440 1660 453 ι

867 473 968 509 inquit,
979 485 992 497 σι
1007 472 1183 506 saeculorum,
1200 484 1212 497 ιι
1227 472 1280 500 hoc
1292 476 1344 506 est,
1360 472 1511 501 secundum
1520 474 1663 508 praascien-

866 518 933 546 tiam
950 517 1114 546 saeculorum
1130 516 1296 545 futurorum.
1313 518 1402 545 Norat
1415 517 1487 545 enim
1506 519 1582 545 Deus
1599 525 1661 553 quae

868 566 982 590 ventura
996 566 1097 596 essent,
1111 565 1139 590 et
1152 561 1190 589 sic
1203 561 1325 589 deﬁnivit
1337 566 1420 598 atque
1433 561 1562 590 decrevit.
1580 562 1661 596 Quod

866 611 959 635 autem
971 607 1020 640 ait,
1038 618 1050 631 ι
1078 606 1170 641 Quam
1193 606 1257 634 fecit
1271 607 1299 635 in
1320 606 1429 635 Christo
1443 607 1517 641 Jesu,
1532 618 1544 631 ι
1563 606 1662 635 intelli-

867 651 941 687 gitur
961 650 995 680 de
1017 651 1150 687 sapientia
1177 651 1234 679 sive
1261 650 1461 687 dispensatione
1494 659 1579 688 quam
1599 650 1663 679 fecit

867 697 949 724 Pater
960 704 1007 732 per
1017 696 1125 724 Filium.
1136 695 1349 731 Chrysostomus
1359 699 1462 730 autem,
1478 707 1490 720 α
1500 697 1568 731 Quae
1574 695 1638 724 fecit
1648 708 1660 721 1

866 741 969 776 legens,
990 741 1058 775 Qum
1073 739 1146 773 fecit,
1167 741 1264 776 inquit,
1279 741 1378 768 smcula
1399 742 1474 769 Deus
1487 748 1534 777 per
1549 741 1660 768 Filium.

903 787 991 813 Vnus.
1018 788 1060 813 12.
1077 797 1088 809 ι
1108 787 1139 813 ln
1158 793 1212 822 quo
1230 785 1363 813 habemus
1380 785 1509 814 ﬁduciam
1526 790 1554 814 et
1569 793 1661 813 acces-

866 839 928 859 sum
945 830 972 858 in
985 830 1149 859 conﬁdentia
1163 838 1211 866 per
1223 830 1303 858 ﬁdem
1318 838 1385 866 epis.
1404 841 1417 855 ιν
1430 830 1511 866 Quod
1523 838 1569 866 per
1585 830 1662 858 Chri-

867 879 940 903 stum
954 875 1049 903 omnia
1065 874 1134 902 facta
1153 875 1222 909 sint,
1237 875 1300 903 hinc
1319 879 1360 903 est
1379 876 1567 911 perspicuum,
1586 876 1660 910 quod

16 916 48 949 5v
80 919 156 954 αὖτός
179 913 250 950 ἔστιν
274 922 288 949 ὁ
311 913 488 960 προσαγαγὼν
509 913 591 960 ἡμᾶς.
616 913 692 956 Πλὴν
711 921 762 960 οὐχ
777 922 812 954 ὡς
826 913 849 945 Β
867 919 890 956 ip

902 927 922 947 ie
941 924 983 948 est
996 920 1044 956 qui
1066 919 1177 948 adducit
1193 927 1252 947 nos.
1273 919 1358 955 Atqui
1373 927 1428 948 non
1448 924 1478 948 ut
1496 920 1594 956 captivi
1608 919 1661 948 ad-

16 964 183 1004 ιίχμάλωτοι
220 965 424 1005 προσήχθημεν,
459 966 512 994 οὐδ’
548 967 583 999 ὡς
619 965 811 1005 ἡμαρτηκότες,

16 1009 87 1038 ἱλλὰ
108 1009 259 1050 παρρησίαν
284 1009 390 1050 ἔχομεν·
412 1011 463 1050 οὔχ
484 1010 575 1043 ἅπλῶς
599 1011 635 1047 ³⁴,
655 1010 723 1039 ἀλλὰ
743 1009 810 1048 μετὰ

16 1056 60 1083 τοῦ
89 1054 241 1083 πεποιθέναι
266 1055 312 1084 καὶ
338 1056 455 1095 θαρῤεῖν.
478 1055 564 1084 Πόθεν
590 1055 715 1084 δὲταῦτα
732 1054 810 1092 ἡμῖν;

16 1099 67 1129 διὰ
90 1100 137 1134 τῆς
150 1099 274 1135 πίστεως,
290 1098 379 1139 φησίν·
395 1099 462 1136 αὕτη
484 1099 534 1138 γὰρ
550 1098 655 1129 λύσασα
671 1099 704 1128 τὰ
719 1098 810 1139 ἆμαρ-

16 1143 134 1182 -ήματα,
149 1143 301 1184 παῤῥησίαν
316 1143 362 1173 καὶ
384 1143 476 1185 θάρῤος
490 1146 556 1181 ἡμῖν
571 1144 685 1180 ἐνέθηκε.

52 1202 67 1215 ιι
87 1188 134 1218 Διὸ
148 1189 273 1226 αἰτοῦμαι
299 1188 336 1225 μὴ
362 1189 483 1218 ἰκκαχεῖν
507 1190 534 1217 ἐν
555 1188 612 1222 ταῖς
632 1188 736 1228 θλίψεσί
760 1200 810 1227 μου

16 1233 82 1272 νπὲρ
99 1234 182 1271 anan,
197 1232 255 1268 ἥτις
279 1233 335 1262 ἐστὶ
350 1233 411 1267 δόξα
430 1235 514 1271 ὑμῶν.
541 1247 551 1258 ι
568 1232 620 1262 Διὰ
635 1235 720 1269 τοῦτο,
733 1233 808 1272 φησί.

22 1279 115 1314 Ιοῑον;
129 1277 202 1307 Διότι
218 1277 288 1316 μέγα
303 1278 333 1308 τὸ
355 1277 500 1317 μυστήριον
522 1279 569 1313 τῆς
590 1277 709 1313 κλήσεως
724 1278 808 1316 ὑμῶν,

16 1322 59 1351 ιαὶ
85 1321 188 1360 μεγάλα
215 1321 232 1350 ἃ
268 1321 452 1358 ἐνιπιστεύθην
485 1322 551 1362 ἐγὼ,
576 1321 645 1351 ὥστε
671 1321 810 1362 κηρύττειν

16 1371 87 1405 υμῖν,
115 1366 160 1396 καὶ
183 1366 286 1406 ἀνάγκη
315 1367 372 1397 lori
399 1367 519 1397 δεδέσθαι
551 1379 601 1406 με,
627 1366 673 1396 καὶ
697 1367 812 1406 πάσχειν

16 1413 105 1445 ιακῶς
127 1410 202 1451 παρὰ
226 1412 280 1441 τῶν
297 1411 335 1450 μὴ
353 1411 492 1442 συνιέντων
517 1412 548 1441 τὸ
571 1411 726 1452 μυστήριον,
742 1411 811 1441 ἀλλὰ

16 1454 218 1495 ιντιλεγόντιιψ
258 1457 384 1495 αἰτοῦμαι
420 1457 489 1495 ὑμᾶς
526 1455 569 1485 ἵνα
599 1455 637 1495 μὴ
670 1458 811 1492 ἐκκακῆτε·

16 1501 148 1535 ουτέστι,
168 1500 337 1541 ταράσσησθε
361 1500 407 1530 καὶ
430 1500 586 1541 θορυϐἧσθε,
606 1503 641 1535 ὡς
656 1501 811 1542 παραλόγου

22 1545 82 1578 ινὸς
96 1537 248 1584 γινομένου.
267 1545 336 1580 Δόξα
351 1545 403 1586 γὰρ
425 1537 499 1585 ὗμῖὖν
517 1547 618 1584 μᾶλλον
633 1537 710 1577 τοῦτό
726 1537 809 1582 ἐστιν,
825 1537 848 1570 C

16 1591 50 1619 (τι
71 1590 154 1624 οὕτως
177 1589 317 1628 ἠγάπησεν
337 1591 404 1627 ὑμᾶς
422 1590 447 1610 ³⁵
462 1592 475 1620 ὁ
491 1590 571 1629 Θεὸς,
587 1590 657 1621 ὥστε
679 1592 708 1620 οὗ
734 1590 812 1629 μόνον

21 1635 55 1664 ὸν
86 1635 152 1665 Υῖὸν
177 1635 255 1664 αὐτοῦ
274 1635 364 1664 δοῦναι
382 1635 448 1674 ὑπὲρ
473 1636 559 1674 ὑμῶν,
583 1636 653 1666 ἀλλὰ
679 1635 724 1665 καὶ
741 1637 813 1674 ἡμᾶς

16 1680 74 1713 ποὺς
99 1679 208 1713 δούλους
232 1680 313 1709 αὐτοῦ
339 1680 383 1709 διὰ
405 1679 454 1716 τὴν
480 1679 610 1720 ὑμετέραν
630 1681 760 1721 ὠφέλειαν
776 1682 812 1714 εἷς

16 1723 150 1758 ,ινδύνους
174 1723 304 1754 ἐκδιδόναι
329 1724 375 1754 καὶ
393 1724 489 1763 δεσμά.
509 1725 543 1755 Εἰ
567 1724 594 1754 δὲ
615 1726 643 1754 αἱ
668 1724 730 1763 ἐμαὶ
753 1726 812 1754 θλί-

16 1781 71 1802 ιεις
94 1767 156 1802 δόξα
176 1770 264 1807 ὑμῶν,
289 1769 380 1809 πολλῷ
402 1770 504 1808 μᾶλλον
529 1769 572 1799 διὰ
599 1771 651 1799 τῶν
677 1770 811 1810 ὑμετέρων

17 1812 217 1848 οξασθήσισθι.
247 1812 336 1843 Ὥστε
372 1812 439 1852 μηδὲ
477 1813 540 1844 ὅταν
570 1813 645 1844 αὐτοὶ
673 1813 810 1851 θλίϐησθι,

16 1861 154 1888 κχακείτε
159 1881 164 1887 .

56 1913 73 1931 (ι
91 1901 196 1933 Τούτου
217 1902 296 1942 χάριν
318 1902 434 1942 κάμπτω
449 1903 482 1933 τὰ
501 1903 600 1942 γόνατά
617 1915 667 1942 μου
689 1903 753 1942 πρὸς
767 1903 811 1932 τὸν

16 1947 126 1986 Ιατέρα
137 1949 183 1976 ⁴τοίἶ
198 1946 297 1986 Κυρίου
312 1948 389 1985 ἡμῶν
405 1947 495 1984 Ἰησοῦ
508 1949 634 1989 Χριστοῦ,
649 1947 676 1982 ἐξ
692 1943 722 1978 οὗ
736 1951 811 1977 πᾶσα

16 1992 117 2032 πατριὰ
131 1993 158 2021 ἐν
171 1992 274 2031 αὖρανῷ
290 1991 336 2021 καὶ
351 1992 394 2022 ἐπὶ
410 1995 458 2031 γῆς
474 1993 644 2031 ὀνομάζεται.
662 2004 676 2023 κ
697 1992 810 2029 Ἐπειδὴ

17 2037 96 2070 ὅπως
124 2036 292 2076 ἠγαπήθητε,
317 2037 363 2065 καὶ
391 2038 570 2074 ἆκατάληπτά
596 2040 645 2068 εἶσι
667 2037 699 2067 τὰ
723 2037 811 2077 ἀγαθὰ

16 2079 44 2111 3v
76 2080 187 2121 ἐτύχετε
201 2082 247 2111 καὶ
268 2080 397 2116 τεύξεσθε·
422 2082 549 2122 εὔχομαι,
562 2083 659 2123 ξφησὶν,
684 2082 728 2112 ἵνα
748 2083 810 2122 δοθῇ

18 2131 73 2164 μίν
95 2126 175 2166 χάρις
191 2125 374 2161 ἐνοικήσαντος
394 2128 456 2165 ὑμῖν
472 2131 518 2157 τοῦ
541 2129 669 2167 Χριστοῦ,
690 2128 810 2157 καταλα-

16 2172 67 2200 ῖεῐν
89 2170 160 2200 αὐτὰ
184 2171 221 2207 ³⁸⁵,
246 2172 293 2200 καὶ
317 2173 415 2210 γνῶναι
440 2173 495 2205 πῶς
514 2172 682 2211 ἠγαηήοητε.
701 2171 758 2208 Τὴν
781 2171 809 2202 δὲ

865 964 942 992 ducti
961 972 1069 998 sumus,
1085 971 1174 1000 neque
1196 964 1277 992 veluti
1300 967 1465 1001 peccatores,
1486 964 1534 993 sed
1555 965 1662 993 liberta-

865 1014 921 1037 tem
949 1009 1082 1038 habemus
1109 1019 1115 1037 :
1139 1017 1227 1046 neque
1249 1017 1309 1037 eam
1337 1009 1504 1046 simplicem,
1525 1010 1572 1038 sed
1596 1018 1661 1038 cum

864 1053 1029 1082 conﬁdentia
1055 1058 1082 1082 et
1101 1054 1207 1082 ﬁducia.
1224 1054 1306 1083 Unde
1325 1062 1389 1082 vero
1404 1054 1462 1082 haec
1480 1054 1560 1082 nobis
1572 1055 1661 1083 bona?

867 1100 917 1126 Per
931 1099 1024 1133 ﬁdem,
1038 1099 1123 1135 inquit
1140 1109 1146 1126 :
1161 1099 1219 1127 haec
1232 1099 1306 1127 enim
1319 1103 1429 1135 peccata
1447 1099 1565 1134 solvens,
1577 1100 1662 1136 39o

864 1145 1016 1172 libertatem
1038 1144 1117 1171 nobis
1127 1148 1153 1172 et
1166 1144 1292 1172 ﬁduciam
1306 1144 1446 1180 imposuit.

899 1191 989 1217 Vens.
1007 1192 1050 1216 13.
1066 1200 1078 1212 ι
1090 1190 1204 1224 Propter
1217 1189 1269 1217 hoc
1279 1193 1352 1225 peto,
1369 1193 1399 1217 ut
1414 1197 1470 1217 non
1483 1189 1616 1218 deﬁciatis
1634 1190 1660 1217 in

865 1233 1058 1262 afﬂictionibus
1071 1233 1138 1262 meis
1152 1241 1201 1270 pro
1212 1234 1299 1267 vobis.
1310 1241 1371 1269 qua:
1383 1238 1424 1262 est
1437 1234 1522 1270 gloria
1535 1239 1633 1262 vestra.
1647 1247 1659 1260 ι»

867 1281 981 1314 Propter
1002 1278 1063 1312 hoc,
1086 1278 1184 1314 inquit.
1206 1279 1292 1313 Quale
1312 1278 1382 1307 hoc?
1407 1279 1488 1315 Quod
1511 1280 1607 1316 ingens
1627 1280 1662 1308 sit

866 1324 1027 1360 mysterium
1049 1323 1198 1351 vocationis
1212 1327 1318 1358 vestras,
1334 1328 1361 1351 et
1380 1324 1455 1360 quod
1476 1332 1574 1360 magna
1593 1324 1661 1352 mihi

864 1368 966 1396 credita
984 1372 1050 1396 sunt
1075 1372 1105 1396 ut
1122 1367 1267 1404 pradicem
1290 1368 1376 1403 vobis,
1395 1376 1426 1397 ac
1442 1376 1552 1397 necesse
1564 1374 1606 1397 est
1618 1377 1664 1397 me

865 1413 986 1440 vinctum
1002 1419 1072 1446 esse,
1098 1417 1126 1440 et
1141 1411 1223 1449 afﬂigi
1247 1412 1282 1440 ab
1297 1413 1330 1440 iis
1355 1413 1399 1449 qui
1425 1421 1483 1441 non
1504 1413 1662 1449 intelligunt

865 1457 1029 1493 mysterium
1051 1457 1113 1491 hoc,
1134 1457 1183 1485 sed
1204 1458 1230 1485 ei
1247 1457 1456 1492 contradicunt;
1474 1466 1541 1494 rogo
1556 1466 1614 1493 vos,
1631 1463 1660 1487 ut

864 1509 920 1530 non
942 1501 1086 1535 deﬁciatis,
1104 1502 1157 1530 hoc
1171 1506 1228 1535 est,
1241 1502 1391 1530 turbemini
1407 1503 1660 1537 tumultneminive,

867 1554 916 1574 ceu
940 1554 984 1575 res
998 1547 1134 1583 quaepiam
1157 1551 1255 1582 praeter
1274 1547 1433 1583 opinionem
1455 1548 1608 1584 contigerit.
1630 1550 1662 1576 In

866 1591 982 1628 gloriam
1008 1592 1082 1619 enim
1103 1591 1154 1619 hoc
1176 1596 1294 1619 vestram
1319 1592 1408 1627 potius
1431 1592 1517 1627 cedit,
1538 1593 1613 1630 quod
1625 1593 1661 1622 ita

867 1644 915 1664 vos
929 1635 1024 1664 dilexit
1038 1638 1122 1668 Deus,
1145 1639 1176 1664 ut
1189 1635 1292 1664 nedum
1306 1636 1405 1664 Filium
1421 1645 1502 1664 suum
1524 1646 1574 1673 pro
1585 1638 1663 1666 vobis

865 1681 942 1709 daret
958 1688 1053 1709 verum
1067 1681 1149 1709 etiam
1164 1689 1215 1709 DOS
1229 1688 1322 1709 servos
1337 1689 1402 1709 SllOS
1421 1686 1518 1710 νρεῐηξ
1538 1690 1662 1711 commo-

865 1725 956 1754 ditatis
969 1726 1056 1762 gratia
1071 1726 1098 1754 in
1117 1726 1233 1762 pericula
1249 1730 1278 1754 et
1291 1726 1394 1754 vincula
1406 1727 1564 1763 conjiceret.
1582 1728 1662 1763 Quod

866 1771 889 1798 si
907 1778 975 1799 mea:
995 1770 1160 1799 afﬂictiones
1174 1771 1259 1807 gloria
1279 1775 1369 1799 vestra
1390 1775 1445 1805 est,
1469 1772 1559 1800 multo
1573 1774 1663 1809 magis

867 1824 914 1851 per
944 1820 1047 1844 vestras
1074 1815 1304 1851 gloriﬁcabimini.
1328 1818 1420 1852 Quare
1441 1824 1531 1852 neque
1552 1818 1663 1853 quando

865 1860 917 1896 ipsi
931 1859 1095 1896 afﬂigamini
1104 1880 1111 1893 ,
1128 1860 1271 1888 deﬁciatis.

901 1906 989 1933 Vens.
1010 1907 1052 1940 14,
1065 1908 1109 1933 15.
1126 1916 1138 1929 ιι
1156 1905 1246 1941 Hujus
1258 1905 1295 1933 rei
1306 1906 1390 1942 gratia
1402 1906 1484 1934 ﬂecto
1499 1914 1587 1943 genua
1600 1914 1662 1936 mea

864 1949 901 1978 ad
914 1951 1024 1978 Patrem
1043 1950 1153 1978 Domini
1167 1951 1256 1978 nostri
1270 1952 1336 1979 Jesu
1349 1950 1458 1979 Christi.
1472 1953 1511 1979 Ex
1528 1959 1583 1988 quo
1599 1959 1661 1980 om-

865 1995 908 2023 nis
921 1994 1067 2031 paternitas
1082 1995 1112 2023 in
1121 1995 1191 2023 cmlo
1204 1999 1231 2023 et
1240 1995 1270 2023 in
1280 1999 1350 2023 terra
1360 1996 1527 2024 nominatur.
1543 2008 1554 2022 η
1567 1998 1660 2032 Quan-

865 2039 1018 2075 doquidem
1035 2039 1102 2068 adeo
1116 2039 1205 2068 dilecti
1226 2040 1301 2074 estis,
1323 2044 1350 2068 et
1371 2040 1661 2077 incomprehensibilia

866 2088 932 2112 sunt
950 2084 1022 2112 bona
1041 2092 1102 2120 qua:
1126 2084 1202 2112 nacti
1221 2085 1286 2112 estis
1311 2089 1337 2112 et
1351 2085 1561 2120 nanciscemini,
1587 2087 1659 2122 Oro,

865 2129 963 2165 inquit,
980 2133 1012 2157 ut
1030 2129 1111 2157 detur
1129 2129 1207 2158 vobis
1225 2129 1310 2166 gratia
1324 2131 1525 2159 commorantis
1544 2131 1573 2159 in
1586 2131 1662 2160 vobis

865 2174 977 2207 Christi,
994 2178 1025 2202 ut
1039 2174 1280 2211 comprehendatis
1302 2182 1343 2208 ea,
1364 2175 1508 2211 sciatisque
1524 2181 1660 2211 quantum

16 2214 80 2245 ,ετὰ
95 2214 262 2249 κατανύξεως
277 2215 367 2252 δέησιν
386 2215 503 2254 ἕσήμανε
519 2216 561 2246 διὰ
577 2220 632 2254 τοῦ,
653 2229 668 2247 ιι
685 2217 811 2255 Κάμπτω
824 2220 851 2253 D
870 2219 890 2248 d1

902 2219 960 2248 lecti
977 2219 1047 2248 sitis.
1062 2220 1250 2248 Precationem
1264 2223 1356 2247 autem
1367 2227 1432 2247 cum
1451 2221 1661 2256 compunctionc

18 2261 37 2289 ἂι
59 2259 164 2298 γόνατά
179 2271 242 2298 μου.
261 2271 276 2289 ι)
296 2259 346 2290 Ἐκ
361 2263 407 2290 τοῦ
423 2261 478 2291 ἄνω
497 2261 524 2291 δὲ
538 2262 644 2302 Πατρὸς
666 2273 681 2291 ιι
696 2267 782 2300 πᾶσα,
800 2276 812 2289 ιι

16 2305 94 2342 ηησὶ,
109 2318 122 2331 ι
140 2304 250 2344 πατριά·
268 2319 279 2331 ι
295 2320 336 2326 —
353 2316 366 2334 ιι
378 2306 421 2336 ἐπὶ
435 2309 483 2342 τῆς
499 2308 548 2346 γῆς
561 2317 576 2335 ι)
594 2307 642 2344 μὲν
657 2306 703 2341 τὰς
722 2306 813 2346 γενεὰς

16 2350 152 2387 νομάζων
173 2349 300 2389 πατριὰς,
321 2350 374 2380 ἀπὸ
393 2353 437 2380 τοῦ
458 2352 511 2380 τῶν
536 2351 659 2391 πατέρων
686 2351 813 2389 ὀνόματος

16 2395 81 2424 ὅτι.)
108 2395 287 2433 καλουμένας
322 2408 333 2420 τι
362 2396 389 2424 ἐν
416 2396 520 2436 οὖρανῷ
554 2408 568 2425 ))
603 2396 646 2433 δὲ,
673 2396 731 2426 ἐπεὶ
759 2397 814 2425 ἐκεῖ

16 2439 96 2472 ὐδεὶς
121 2437 149 2473 ἐξ
173 2439 275 2472 οὐδενὸς
302 2444 440 2477 γεννᾶται,
460 2440 574 2481 πατριὰς
600 2441 634 2470 τὰ
653 2441 814 2479 συστήματα

17 2483 81 2522 έγει
108 2483 146 2502 ³⁷⁸
167 2483 299 2521 τουτέστι,
326 2484 373 2513 καὶ
390 2484 437 2519 ’τὰς
455 2484 509 2513 ἄνω
534 2485 579 2515 καὶ
598 2485 646 2520 τὰς
662 2486 736 2516 κάτω
762 2497 814 2526 φυ-

18 2529 55 2561 ὰς
95 2528 177 2562 αὐτὸς
205 2527 326 2566 ἐποίησε,
362 2529 407 2558 καὶ
442 2530 486 2558 ἀπ’
516 2531 596 2560 αὐτοῦ
626 2531 814 2570 ὀνομαζόμενοι

16 2573 135 2614 πατέρες.

46 2678 61 2691 α
79 2663 147 2694 Ἶνα
167 2663 222 2704 δῴη
247 2664 309 2702 ὑμῖν
325 2664 393 2694 κατὰ
411 2664 453 2694 τὸν
475 2665 587 2695 πλοῦτον
607 2667 654 2702 τῆς
672 2666 747 2703 δόξης
767 2668 815 2696 αὗ-

18 2711 66 2745 οῖῖ,
86 2708 203 2747 δυνάμει
225 2711 424 2749 κραταιωθῆναι
446 2709 489 2738 διὰ
503 2713 550 2740 τοῦ
567 2710 721 2749 Πνεύματος
737 2713 814 2741 αὐτοῦ

17 2757 41 2787 ἰς
64 2753 114 2783 τὸν
140 2753 195 2784 ἔσω
218 2753 365 2794 ἄνθρωπον·
385 2755 545 2790 κατοικῆσαι
568 2755 612 2785 τὸν
630 2755 746 2796 Χριστὸν
772 2756 815 2786 διὰ

867 2265 1038 2301 signiﬁcavit,
1048 2272 1112 2292 cum
1123 2263 1196 2299 dicit,
1215 2275 1226 2288 α
1239 2264 1329 2292 Flecto
1341 2272 1429 2300 genua
1443 2273 1514 2293 mea.
1534 2277 1546 2289 »
1563 2267 1603 2294 Ex
1613 2273 1662 2293 su—

865 2317 949 2346 perno
958 2311 1134 2338 autemPatre
1144 2320 1156 2333 α
1163 2309 1254 2337 omnis
1264 2319 1277 2335 »
1284 2314 1334 2342 est,
1342 2309 1440 2345 inquit,
1449 2322 1461 2333 ιι
1472 2311 1622 2346 paternitas
1632 2321 1638 2338 τ
1647 2323 1660 2335 ι

865 2369 902 2376 --
917 2366 930 2379 α
945 2361 1027 2390 super
1037 2357 1139 2382 terram
1151 2363 1164 2379 »
1180 2352 1291 2390 quidem
1306 2354 1496 2390 generationes
1506 2358 1535 2383 et
1544 2355 1663 2384 familias

869 2399 1018 2428 nominans
1031 2398 1142 2434 πατρὶας,
1159 2406 1174 2426 a
1189 2401 1296 2434 patrum
1306 2398 1419 2427 nomine
1433 2399 1473 2427 sic
1487 2397 1638 2436 appellatas
1654 2410 1661 2429 :

870 2456 883 2469 οι
905 2443 933 2472 in
953 2443 1030 2472 caelis
1046 2446 1155 2476 autem,
1183 2453 1196 2467 ι
1220 2442 1285 2478 quia
1303 2442 1358 2470 illic
1377 2451 1459 2471 nemo
1480 2451 1512 2472 ex
1535 2445 1664 2481 quopiam

868 2488 1003 2523 nascitur,
1019 2487 1195 2524 paternitates
1222 2487 1279 2516 sive
1300 2486 1419 2516 familias
1451 2488 1525 2524 ipsos
1556 2490 1665 2518 ordines

869 2538 898 2563 et
909 2533 1009 2562 choros
1022 2532 1089 2561 dicit
1105 2541 1111 2560 :
1127 2531 1179 2560 hoc
1198 2535 1251 2566 est,
1267 2539 1331 2560 cum
1344 2534 1497 2569 superiores
1515 2538 1575 2562 tum
1596 2534 1665 2562 infe-

870 2579 956 2607 riores
971 2578 1029 2615 ipse
1049 2577 1139 2606 tribus
1160 2576 1232 2612 fecit,
1248 2580 1276 2606 et
1297 2577 1331 2606 ab
1354 2578 1414 2614 ipso
1428 2582 1492 2606 sunt
1505 2579 1550 2615 qui
1573 2579 1664 2606 nomi-

871 2627 973 2652 nantur
987 2627 1088 2660 patres.

905 2670 996 2697 Vens.
1020 2670 1064 2702 16,
1083 2670 1123 2695 17.
1145 2676 1159 2693 ‹‹
1174 2668 1215 2695 Ut
1233 2666 1279 2695 det
1298 2667 1375 2695 vobis
1385 2667 1537 2695 secundum
1556 2666 1668 2695 divitias

871 2714 965 2751 gloriae
977 2720 1046 2748 suae,
1065 2712 1166 2741 virtute
1180 2711 1352 2740 corroborari
1367 2719 1415 2747 per
1435 2711 1567 2747 Spiritum
1585 2719 1667 2739 suum

871 2760 901 2788 in
924 2757 1044 2788 interiori
1058 2757 1171 2786 homine
1187 2766 1194 2786 :
1211 2761 1242 2785 ut
1253 2756 1358 2785 habitet
1371 2755 1495 2785 Christus
1513 2764 1561 2792 per
1583 2755 1667 2784 fidem

718 2823 811 2854 Varie
833 2823 984 2854 lectiones.

42 2888 67 2906 ⁸³
79 2888 146 2924 πρὸς
164 2896 191 2917 ο.
229 2887 252 2906 ³⁴
269 2888 312 2915 καὶ
323 2888 414 2923 ταύτην
433 2889 481 2925 οὖχ
495 2889 579 2922 ἁπλῶς
592 2898 633 2919 m.
670 2890 693 2909 ³⁸
707 2890 820 2926 ἐποίησεν
832 2890 896 2928 inde
910 2899 936 2920 ο,
975 2889 998 2908 ³⁸
1014 2888 1090 2922 αὒτὴν
1106 2897 1132 2917 o.
1171 2887 1195 2905 ³⁷
1206 2887 1287 2922 λέγων
