1886 3082
29 185 106 214 1077

489 185 663 214 EXPOSITIO
683 185 714 213 IN
734 183 840 213 EPlS'I‘.
855 184 902 212 AD
923 185 1038 213 EPHES.
1059 200 1094 206 —-
1113 185 1188 213 CAP.
1207 187 1253 215 Ille

1615 187 1684 215 l078

24 250 137 287 γνῶναι
151 249 199 286 τὴν
215 249 323 290 ἀγάπην
337 252 382 280 τοῦ
403 250 521 290 Χριστοῦ
539 248 585 284 τὴν
601 248 780 288 ὑπερέχουσαν
804 247 826 268 ⁴¹
844 248 871 281 Α
887 255 962 276 scere

925 255 962 276 ire
976 247 1138 276 charitatem
1153 248 1266 282 Christi,
1281 248 1488 277 antecellentem
1503 249 1580 277 omni
1596 249 1684 278 scien-

3 294 6 297 ’
24 294 128 330 πάσης
143 289 275 334 γνώσεώς.
293 295 371 326 Ἐπεὶ
389 289 434 324 οὖν
455 294 578 334 ὑπερέχει
595 294 683 334 πάσης
701 293 832 333 γνώσεως,

25 342 93 373 πῶς
116 333 273 379 γνὼσόμεθα
303 342 396 378 ἡμεῖς,
425 333 540 379 Πρῶτον
568 338 615 377 μὲν
643 333 687 368 οὐν
712 337 834 376 γνώσεως

26 385 178 424 ὑπερέχειν
196 386 294 422 ταύτην
319 380 403 422 εἶπεν,
429 383 594 424 ἀνθρωπίνης
616 382 730 419 δηλαδή·
760 384 833 420 ὑμεῖς

25 428 57 457 δὲ
82 430 112 459 οὐ
135 430 170 458 δι’
184 428 348 470 ἀνθρωπίνης
365 428 497 468 γνώσεως,
522 428 590 457 ἀλλὰ
615 428 658 457 διὰ
678 427 834 470 Πνεύματος

27 474 216 512 ἐπιγνώσεσθε
240 474 350 510 ταύτην.
377 473 505 511 Ἔπειτα,
521 473 580 502 οὐδὲ
599 475 677 502 τοῦτο
693 467 774 507 εἶπεν,
793 471 833 500 ὅτι

30 519 176 548 nemo:
203 518 285 554 αὐτὴν
306 518 375 554 πόση
399 518 437 552 τίς
465 519 546 553 ἐστιν,
576 518 635 547 ἀλλ’
656 516 720 546 αὐτὸ
743 519 831 555 τοῦτο,

28 563 75 592 ὅτι
105 563 210 602 μεγάλη
235 563 302 599 ἐστὶ,
319 563 364 592 καὶ
386 562 426 592 ὅτι
451 561 574 602 ὑπερέχει
596 561 683 598 πάσης
701 561 832 599 γνώσεως.

27 609 126 637 Τοῦτο
143 608 236 644 δέομαι
251 609 320 646 ὑμᾶς
335 606 408 647 παρὰ
425 609 470 636 τοῦ
485 607 642 645 Πνεύματος
659 609 760 646 μαθεῖν.
777 605 833 635 Καὶ

27 652 71 683 τίς
100 654 192 688 τοῦτο,
218 652 308 693 φησὶν,
333 653 435 691 ἆγνοεῖ;
463 651 578 687 Πάντες,
605 650 650 681 καὶ
670 651 693 680 οἱ
717 650 781 690 πρὸς
800 649 832 679 τὰ

27 698 95 725 xu’l'
119 698 233 733 ἑκάστην
251 697 376 735 γινόμενα
395 696 621 737 δυσχεραίνοντες,
644 695 689 724 καὶ
713 696 736 724 οἱ
763 706 832 734 προ-

27 743 166 780 τιμῶντες
187 743 230 771 τὸν
249 743 412 780 Μαμμωνᾶν
432 745 477 771 τοῦ
492 743 572 770 (θεοῦ
588 743 623 772 ὡς
642 739 666 769 εἴ
687 751 717 779 γε
733 739 830 775 ταύτην

28 786 227 825 ἓ·,-ινιί›σκομεν,
244 788 290 816 οὐκ
316 786 348 816 ἄν
365 786 424 816 οὔτε
446 788 493 822 τῆς
517 785 646 826 Προνοίας
668 783 832 824 κατεγογγύ-

26 835 126 870 ζομεν,
144 832 203 862 οὔτε
220 836 275 865 τοῖς
292 834 407 871 παροῦσι
423 830 610 871 προσείχομεν,
627 829 789 862 ἀποστάντες
805 829 831 848 ⁴²

888 293 944 321 tiae.
963 293 1101 327 Quoniam
1118 300 1182 321 vero
1196 293 1272 320 omni
1294 293 1414 322 scientiae
1436 293 1583 327 antecellit,
1611 302 1683 331 quo-

888 337 972 365 modo
984 346 1034 366 nos
1049 339 1263 374 cognoscemus?
1277 338 1400 366 Primum
1413 338 1526 373 quidem
1535 338 1602 367 dicit
1613 338 1684 368 hanc

888 382 1061 410 antecelleret
1075 382 1211 415 scientiae,
1222 382 1354 410 nimirum
1367 382 1496 411 humana:
1508 392 1516 412 :
1527 390 1579 411 vos
1589 387 1684 412 autem

886 435 943 454 non
964 435 1011 463 per
1026 427 1174 456 humanam
1189 427 1299 464 quidem
1317 427 1459 461 scentiam,
1471 427 1520 456 sed
1532 435 1579 463 per
1598 428 1686 464 Spiri-

886 474 945 499 tum
960 472 1128 507 cognoscetis
1146 472 1227 500 hanc.
1253 472 1367 507 Deinde,
1387 481 1442 500 non
1457 472 1510 501 hoc
1528 472 1606 507 dixit,
1630 473 1684 501 Co-

886 517 1022 552 gnoscelis
1044 525 1116 552 eam,
1137 521 1238 553 quanta
1258 518 1295 544 sit
1318 526 1324 544 :
1350 517 1397 545 sed
1421 516 1472 545 hoc
1494 516 1593 553 ipsum,
1607 519 1682 554 qttod

887 568 984 596 magna
998 561 1045 594 sit,
1061 565 1089 589 et
1105 561 1178 598 qttod
1199 565 1343 597 exsuperet
1364 569 1474 589 omnem
1493 561 1635 590 scientiam
1654 567 1683 590 et

886 605 1082 639 cognitionem.
1109 607 1168 634 Hoc
1193 613 1299 642 precor,
1319 606 1417 642 inquit,
1437 610 1468 634 ut
1482 614 1530 634 vos
1544 614 1561 634 a
1577 606 1682 643 Spiritu

886 648 1009 677 dist-alis.
1023 650 1092 684 Quis
1109 655 1212 685 autem,
1234 650 1331 687 inquit,
1345 650 1418 679 istud
1438 650 1542 680 nescit?
1557 652 1681 680 Omnes:

885 697 913 721 et
927 694 974 729 qui
993 702 1066 730 aegro
1086 695 1177 722 animo
1201 695 1339 730 accipiunt
1358 703 1419 731 qua:
1434 695 1461 722 in
1487 695 1610 732 singulos
1624 696 1682 724 dies

886 738 966 773 ﬁunt,
988 743 1016 766 et
1035 739 1080 774 qui
1102 747 1288 767 matnmonam
1314 741 1370 767 Deo
1392 739 1549 775 praeferunt.
1570 741 1641 768 Nam
1659 741 1683 769 si

887 781 957 810 hanc
975 791 1212 819 cognosceremus,
1235 784 1449 820 haudquaquam
1471 784 1602 813 adversus
1617 786 1684 814 Pro-

888 827 1037 856 videntiam
1050 837 1293 863 murmuraremus,
1308 837 1395 864 neque
1409 829 1491 858 rebus
1505 830 1685 866 praesentibus

28 860 126 912 δεοῦξ
138 879 183 906 τοῦ
207 876 288 910 οὕτως
311 860 383 914 ἡμᾶς
404 860 610 914 ἀγύπήσίίντος..
619 873 694 914 Ὅρα
710 873 749 910 δὲ,
766 875 788 903 εἶ
812 876 829 910 ἡ
847 860 873 894 Β
889 872 973 900 animt

926 872 1010 900 imum
1031 873 1229 907 addiceremus,
1255 881 1270 901 a
1299 875 1357 901 Deo
1381 873 1537 902 deﬁcientes
1569 875 1616 911 qui
1644 876 1684 903 sic

31 921 130 960 ἀγάπη
161 921 282 962 ὑπερέχει
308 921 396 957 πάσης
423 920 556 961 γνώσεως,
584 918 659 960 πόσῳ
684 920 785 959 μᾶλλον
812 921 829 955 ἡ

29 966 129 1003 οὐσία,

79 1059 93 1076 ε
110 1047 172 1079 Ἵνα
186 1049 344 1088 πληρωθῆτε
356 1048 392 1080 εἶς
407 1051 460 1076 πᾶν
474 1047 503 1077 τὸ
515 1047 650 1087 πλήρωμα
665 1049 711 1076 τοῦ
726 1047 807 1077 Θεοῦ.
819 1059 831 1072 υ

27 1095 126 1132 Διχῶς
151 1092 228 1122 τοῦτό
251 1104 317 1126 τινες
343 1093 464 1128 ἐνόησαν·
553 1092 617 1132 γὰρ,
647 1090 708 1122 Ἵνα
735 1092 830 1129 γνῶτε,

28 1138 132 1178 φησὶν,
157 1137 199 1167 ὅτι
224 1138 251 1166 δν
276 1137 364 1177 Πατρὶ
389 1136 435 1166 καὶ
457 1137 514 1177 Υἱῷ
535 1136 580 1166 καὶ
606 1136 745 1173 Πνεύμιιτι
767 1135 833 1175 ἁγίῳ

28 1186 224 1221 προσκυνεῖται
239 1184 303 1220 ἡμῖν
325 1184 338 1211 ὁ
359 1181 435 1214 Θεός·
459 1184 536 1211 τοῦτο
559 1181 609 1221 γὰρ
629 1181 764 1221 πλήρωμα
787 1184 833 1211 τοῦ

29 1195 224 1221 προσκυνειται
239 1195 303 1220 ημιν
325 1195 338 1211 ο
359 1195 435 1214 ουκ*
459 1195 536 1211 τουτο
577 1195 609 1221 ap
629 1195 764 1221 πΛηρωμα
787 1195 833 1211 του

29 1229 121 1263 Θεοῦ,
148 1229 165 1263 ἡ
184 1227 276 1266 Τριάς·
298 1226 326 1263 ἢ,
345 1225 417 1263 Ἵνα,
440 1227 530 1266 φησὶν,
557 1195 603 1262 ἔτι
628 1224 833 1266 πεπληρωμένοι

28 1272 127 1307 πάσης
141 1264 245 1312 ἀρετῆς,
260 1268 292 1308 ἧς
316 1271 421 1312 πλήρης
467 1272 543 1304 Θεός.
568 1273 695 1311 Κρεῖττον
715 1270 742 1300 δὲ
758 1264 833 1309 οἶμαι

29 1311 267 1350 -οοεῖσθαινοῦτως
291 1315 354 1346 Ἵνα
381 1311 427 1352 ἦτε
448 1315 542 1345 τέλειοι
565 1317 593 1346 ἐν
612 1315 684 1354 πάσῃ
705 1316 738 1353 τῇ
763 1314 832 1344 κατὰ

29 1362 107 1391 Θεὸν
134 1361 296 1399 τελειότητι,
322 1360 409 1391 πάντα
440 1360 612 1400 γινώσκοντες
639 1359 674 1390 τὰ
703 1363 770 1397 θεῖα,
797 1361 833 1394 ὡς

32 1406 136 1437 ἔνεστι.

78 1464 90 1477 α
105 1452 152 1491 Τῷ
167 1451 194 1480 δὲ
208 1450 345 1491 δυναμένῳ
366 1451 433 1491 ὑπὲρ
453 1450 540 1480 πάντα
557 1451 668 1486 ποιῆσαι
689 1451 835 1490 ὑπερεκπεσ

34 1497 130 1536 ρισσοῦ
155 1491 191 1524 ὧν
214 1496 359 1535 αἰτούμεθα
379 1495 397 1532 ἢ
415 1498 535 1535 νοοῦμεν,
559 1495 628 1525 κατὰ
652 1495 699 1531 τὴν
721 1495 833 1534 δύναμιν

31 1541 85 1575 τήν
101 1539 288 1580 ἐνεργουμένην
311 1541 338 1570 ἐν
353 1543 431 1579 ἡμῖν.
450 1542 529 1580 Αὐτῷ
549 1542 566 1576 ἡ
592 1539 653 1574 δόξα
667 1541 693 1570 iv
717 1542 749 1580 τῇ
770 1541 835 1570 Ἐκ-

32 1584 136 1626 κλησίᾳ
152 1587 177 1615 ἰν
195 1586 305 1626 Χριστῷ
320 1585 424 1623 Ἰησοῦ,
448 1586 484 1619 εἰς
508 1585 597 1619 πάσας
614 1585 661 1619 τὰς
681 1584 772 1624 γενεὰς
788 1587 835 1615 τοῦ

32 1632 132 1663 αἰῶνος
157 1631 208 1660 τῶν
233 1629 345 1659 αἰώνων.
375 1630 470 1669 Ἀμήν.
502 1644 514 1656 ι
544 1629 618 1668 Ἐγὼ
651 1630 712 1668 μὲν,
742 1629 833 1667 φησὶν,

32 1675 161 1714 εὔχομαι·
188 1674 264 1708 αὐτὸς
298 1674 326 1704 δὲ
358 1675 404 1704 καὶ
434 1677 487 1704 τῶν
512 1676 584 1713 ἐμῶν
611 1676 696 1715 εὐχῶν
727 1674 834 1713 μείζονα

31 1720 189 1760 ἐργάσεται.
216 1719 334 1750 Δύναται
349 1720 400 1761 γὰρ
424 1721 454 1750 οὐ
478 1721 556 1759 μόνον
577 1719 665 1749 πάντα
687 1720 705 1749 ἃ
727 1718 835 1759 εὔχεται

31 1777 86 1801 τις,
103 1763 172 1794 ἀλλὰ
191 1763 237 1794 καὶ
255 1777 267 1790 ι
284 1765 351 1805 ὑπὲρ
371 1764 459 1795 πάντα
478 1776 492 1793 ι
516 1766 637 1802 ποιῆσαι,
654 1765 700 1794 καὶ
719 1776 733 1793 α
755 1766 834 1803 ὓπερ-

31 1812 206 1848 εκπερισσοῦ,
231 1822 244 1835 ι
267 1810 395 1846 τουτέστι,
418 1809 564 1850 φιλοτίμως
591 1809 637 1839 καὶ
659 1810 775 1849 δαψιλῶς
798 1808 834 1838 ⁴³.

31 1853 92 1885 Δύο
108 1855 133 1883 δὲ
152 1853 300 1895 ὑπερϐολὰς
322 1853 422 1891 τίθησι,
437 1854 485 1891 τὸ,
507 1865 520 1882 ‹‹
538 1853 624 1894 εΥπὲρ
641 1855 739 1890 πάντα,
757 1868 769 1880 ι
789 1855 834 1884 καὶ

30 1899 79 1937 τὸ,
116 1909 131 1927 α
159 1898 415 1939 Ὑπερειιπερισσοῦ.
449 1909 465 1927 ))
496 1897 556 1929 Ἔνι
578 1898 630 1938 γὰρ
654 1898 699 1928 καὶ
725 1899 833 1930 πλείονα

31 1947 122 1973 ποιεῖν
146 1945 198 1972 τῶν
221 1943 396 1981 αἰτηθέντων,
423 1943 461 1981 μὴ
485 1943 575 1982 μέντοι
595 1945 832 1985 ὑπερεκπερισσοῦ,

33 1988 51 2017 ὅ
77 1990 135 2017 ἔστι
163 1989 279 2028 δαψιλῶς
303 1988 350 2018 καὶ
377 1988 445 2026 μετᾶ
471 1988 632 2028 φιλοτιμίας·
653 1989 711 2017 ἀλλ’
731 1990 745 2018 ὁ
766 1989 834 2024 Θεὸς

33 2032 177 2073 ἀμφότερα
202 2032 322 2062 δύναται·
351 2033 442 2073 ὥσπερ
475 2029 520 2064 οὐν
551 2033 596 2063 καὶ
625 2033 677 2069 ἤδη
703 2034 832 2071 ἠδυνήθη,

33 2078 83 2108 καὶ
111 2078 254 2119 δνήργησεν
278 2079 304 2107 ἰν
331 2080 394 2117 ἡμῖν
418 2078 523 2118 μεγάλα
548 2079 593 2108 καὶ
614 2077 725 2115 ἐξαίσια,
752 2080 836 2108 υἱοθε-

887 917 969 952 392
985 926 1035 946 nos
1049 918 1153 947 dilexit.
1177 918 1299 946 Observa
1327 922 1430 952 autem,
1449 919 1471 947 si
1488 919 1607 947 charitas
1626 919 1685 956 ejus

885 962 992 990 excellit
1022 971 1132 992 omnem
1155 963 1350 999 cognitionem,
1380 968 1484 1000 quanto
1510 964 1596 1001 magis
1626 964 1684 1001 ipsa

884 1007 1000 1036 essentia
1011 1009 1023 1036 Ρ

925 1064 937 1077 ι
956 1054 996 1080 Ut
1012 1053 1178 1089 impleamini
1193 1053 1219 1081 in
1240 1062 1348 1082 omnem
1374 1053 1570 1090 plenitudinem
1581 1056 1641 1083 Dei.
1669 1067 1681 1080 -

888 1097 1018 1126 Bifariam
1038 1099 1162 1126 nonnulli
1180 1098 1233 1126 hoc
1254 1099 1452 1127 intellexerunt.
1480 1100 1520 1128 Ut
1530 1100 1631 1134 sciatis,
1646 1100 1685 1128 in-

887 1143 956 1179 quit,
975 1143 1016 1170 vel
1037 1143 1110 1179 quod
1130 1144 1157 1170 in
1181 1144 1261 1171 Patre
1285 1149 1314 1171 et
1330 1144 1397 1172 Filio
1419 1148 1446 1172 et
1467 1145 1572 1180 Spiritu
1591 1150 1685 1173 sancto

888 1188 1018 1216 adoretur
1036 1188 1117 1216 nobis
1135 1190 1226 1221 Deus;
1248 1188 1307 1217 haec
1324 1189 1398 1217 enim
1414 1189 1552 1224 plenitudo
1571 1190 1620 1218 Dei
1634 1194 1684 1223 est,

887 1241 986 1268 nempe
1004 1233 1123 1261 Trinitas
1157 1242 1164 1261 :
1188 1233 1227 1261 vel
1248 1237 1277 1261 ut
1298 1233 1356 1261 sitis
1371 1233 1485 1269 impleti,
1501 1234 1597 1270 inquit,
1611 1235 1685 1262 omni

889 1278 987 1305 virtute
1002 1286 1055 1314 qua
1071 1278 1165 1314 plenus
1184 1282 1225 1305 est
1246 1279 1330 1306 Deus.
1348 1278 1461 1306 Rectius
1477 1283 1569 1307 autem
1590 1279 1686 1316 opinor

888 1323 927 1350 sic
942 1323 1072 1359 intellegi,
1088 1324 1129 1351 Ut
1150 1323 1210 1351 sitis
1225 1323 1338 1359 perfecti
1355 1323 1381 1350 in
1397 1324 1472 1351 omni
1487 1323 1577 1352 divina
1598 1324 1685 1360 perfe-

888 1367 987 1401 ctione,
1013 1368 1105 1396 omnia
1122 1367 1213 1396 divina
1234 1372 1438 1405 cognoscentes,
1458 1373 1593 1405 quatenus
1613 1369 1684 1397 licet.

925 1456 1012 1484 Vens.
1032 1457 1079 1490 20,
1098 1458 1142 1483 21.
1159 1465 1171 1479 α
1196 1454 1226 1483 Ei
1251 1459 1343 1483 autem
1357 1455 1402 1492 qui
1419 1459 1509 1492 potest
1534 1464 1615 1492 super
1630 1465 1687 1484 om-

889 1500 935 1528 nia
951 1500 1038 1528 facere
1062 1508 1094 1528 ex
1109 1499 1258 1528 abundanti
1274 1507 1358 1536 super
1381 1507 1412 1528 ea
1433 1507 1494 1536 quae
1509 1501 1625 1536 petimus
1640 1506 1688 1530 aut

890 1545 1074 1581 intelligimus,
1094 1544 1247 1572 secundum
1274 1544 1423 1580 potentiam
1438 1552 1499 1580 quae
1518 1549 1647 1580 operatur
1660 1545 1688 1574 in

889 1589 979 1618 nobis.
1006 1589 1062 1625 Ipsi
1087 1589 1174 1625 gloria
1200 1589 1229 1616 in
1256 1588 1375 1616 Ecclesia
1397 1589 1423 1616 in
1447 1588 1555 1616 Christo
1567 1590 1642 1623 Iesu,
1659 1589 1689 1618 in

889 1641 985 1662 omnes
996 1633 1183 1670 generationes
1196 1633 1288 1661 seaculi
1303 1633 1475 1661 saeculorum.
1487 1634 1586 1661 Amen.
1605 1645 1618 1658 ι»
1628 1634 1688 1670 Ego

889 1678 1001 1715 quidem
1024 1686 1130 1714 precor,
1153 1678 1252 1714 inquit,
1278 1677 1335 1714 ipse
1349 1681 1440 1706 autem
1460 1682 1488 1706 et
1502 1679 1572 1706 meis
1585 1679 1688 1707 oratio-

889 1723 969 1751 nibus
992 1723 1096 1759 majora
1118 1722 1228 1751 efﬁciet.
1253 1723 1348 1750 Potest
1362 1723 1436 1750 enim
1450 1730 1507 1750 non
1526 1723 1616 1751 solum
1631 1731 1690 1751 om-

889 1768 934 1796 nia
948 1776 1010 1804 quae
1023 1767 1169 1804 quisquam
1183 1771 1243 1795 orat
1257 1787 1264 1801 ,
1279 1767 1326 1795 sed
1344 1775 1426 1803 super
1439 1768 1531 1795 omnia
1547 1767 1646 1801 facere,
1662 1773 1689 1797 et

891 1824 904 1837 ι
925 1820 1007 1848 supra
1027 1819 1060 1840 ex
1075 1811 1236 1846 abundanti,
1258 1822 1272 1836 ιι
1288 1811 1341 1839 hoc
1355 1816 1406 1846 est,
1425 1811 1567 1848 splendide
1590 1817 1616 1841 et
1636 1814 1688 1841 lar-

889 1857 967 1893 giter.
983 1859 1060 1885 Duos
1081 1861 1173 1884 autem
1187 1856 1232 1884 hic
1246 1864 1373 1884 excessus
1386 1856 1474 1892 ponit,
1494 1868 1506 1881 ι
1522 1857 1610 1893 Super
1630 1866 1690 1886 om-

889 1902 945 1936 nia,
965 1914 976 1926 n
991 1906 1018 1930 et
1037 1913 1050 1926 α
1071 1903 1157 1937 Supra
1176 1909 1208 1930 ex
1224 1901 1383 1929 abundanti.
1403 1912 1416 1925 ν
1429 1901 1508 1929 Licet
1522 1902 1596 1929 enim
1610 1902 1688 1938 plura

888 1947 988 1981 facere,
1002 1955 1083 1983 quam
1099 1954 1161 1982 quae
1176 1949 1316 1982 petuntur,
1340 1954 1396 1973 non
1408 1950 1501 1974 tamen
1520 1954 1555 1974 ex
1577 1955 1688 1983 supera-

889 1991 1023 2020 bttndanti
1051 1991 1220 2023 excellentia,
1249 1990 1321 2026 quod
1355 1995 1397 2018 est
1427 1990 1547 2027 largiter,
1579 1996 1689 2020 etcum

890 2036 1048 2064 liberalitate
1064 2044 1072 2062 :
1097 2043 1191 2064 verum
1213 2036 1287 2063 Deus
1306 2039 1422 2071 utraque
1442 2039 1542 2072 potest,
1558 2037 1688 2072 quemad-

891 2081 1005 2109 modum
1026 2084 1054 2109 et
1063 2080 1121 2117 jam
1135 2088 1208 2108 nunc
1221 2080 1321 2116 potuit,
1336 2084 1363 2108 et
1377 2084 1505 2116 operatus
1519 2085 1561 2109 est
1573 2081 1601 2108 in
1611 2081 1690 2110 nobis

33 2124 122 2157 τάσεις
141 2122 201 2156 τοὺς
223 2122 331 2163 ἕχῢροὺς
355 2124 435 2153 αὐτοῦ
461 2123 586 2157 ἓθνικούς.
611 2123 699 2153 Ὥστε
724 2125 753 2153 ἐκ
780 2126 831 2153 τῶν
847 2123 873 2155 Ι)
888 2134 971 2162 magn

925 2135 989 2162 tgna
1004 2130 1031 2154 et
1040 2126 1139 2154 eximia
1154 2125 1246 2153 hostes
1261 2133 1334 2160 suos,
1352 2130 1457 2162 gentes,
1478 2126 1507 2153 in
1523 2126 1594 2154 ﬁlios
1620 2126 1688 2155 ado-

34 2167 91 2203 ἤεη
119 2167 181 2207 περὶ
202 2170 274 2205 ἡμᾶς
299 2168 504 2206 ἐνεργηθέντων,
533 2169 612 2204 δῆλον
639 2167 684 2197 καὶ
713 2167 727 2197 ὂ
752 2164 835 2200 εἶπον.

38 2212 161 2245 Εἰκότως
188 2211 215 2241 δὲ
245 2213 280 2245 εἷς
308 2211 458 2250 δοξολογίαν
490 2212 642 2242 κατακλείει
675 2212 719 2242 τὸν
747 2213 836 2253 λόγον,

36 2257 53 2285 δ
71 2256 102 2275 τ’
190 2256 196 2266 ‘
259 2257 267 2269 ⁷
326 2256 333 2266 '
385 2268 391 2276 .
503 2257 511 2274 ε
598 2270 603 2276 ,
633 2257 639 2268 κ
703 2257 710 2266 ι
800 2258 819 2269 ι’

55 2258 155 2291 muti-iv
173 2268 217 2286 τον
244 2267 382 2297 ευεργετην
409 2257 465 2295 ἅμα
486 2257 513 2286 δι
537 2256 581 2286 ἵνα
597 2269 642 2287 και
661 2269 745 2297 ταυτῃ
768 2259 837 2299 δειςῃ

36 2301 70 2331 τὸ
87 2300 196 2340 μέγεθος
218 2303 270 2331 τῶν
293 2301 441 2341 γενομένων
461 2304 537 2339 ἡμῖν.
553 2303 612 2332 Οὐκ
639 2301 670 2331 ἂν
686 2303 737 2342 γὰρ
761 2303 838 2333 ἔοαυ-

39 2347 158 2382 μάζετο,
172 2345 244 2385 εἰμὴ
260 2347 408 2383 τηλικαῦτα
424 2347 548 2383 δέδωκεν,
564 2347 646 2382 ἡλίκα
661 2347 684 2364 ⁴⁴
698 2348 734 2380 εἷς
750 2349 838 2387 θαῦμα

37 2390 88 2419 καὶ
109 2390 184 2425 δόξαν
207 2395 299 2421 κινεῖν.
322 2391 385 2431 Οὐχ
409 2392 500 2425 ἅπλῶς
523 2392 550 2420 δέ
576 2403 667 2432 φησιν.
688 2406 699 2418 α
719 2393 799 2432 Αὐτῷ
820 2395 837 2430 ἡ

37 2435 114 2474 δόξα,
134 2449 145 2461 ιι
161 2435 230 2464 ἀλλὰ
244 2435 302 2474 καὶ,
320 2447 335 2463 α
360 2435 412 2466 Διὰ
425 2436 513 2472 Ἰησοῦ
537 2437 665 2477 Χριστοῦ.
686 2450 696 2463 I
720 2439 767 2478 Τῷ
783 2437 838 2468 ὄντι

35 2481 92 2520 γὰρ
117 2480 201 2515 οὐδεὶς
225 2479 336 2509 δύναται
359 2480 419 2510 οὐδὲ
445 2480 566 2517 δοξάσαι,
587 2483 610 2511 εἰ
632 2481 670 2519 μὴ
687 2483 713 2511 ἓν
792 2486 838 2513 τοῦ

38 2527 159 2566 Χριστοῦ
173 2525 266 2566 χάριτι
280 2525 326 2554 καὶ
350 2525 472 2564 δυνάμει.
489 2526 574 2560 Αὐτὸς
598 2526 650 2567 γάρ
667 2528 738 2556 ἔστιν
762 2529 776 2557 ὃ
793 2528 838 2557 καὶ

37 2570 106 2610 πρὸς
127 2569 278 2610 δοξολογίαν
304 2572 376 2609 ἡμᾶς
401 2572 532 2611 χαριτῶν,
557 2571 602 2600 καὶ
628 2571 758 2601 δῖδάσχων
782 2575 838 2608 πῶς

38 2616 80 2645 δεῖ
100 2617 178 2645 τοῦτο
203 2618 299 2645 ποιεῖν.
330 2626 344 2644 (ι
367 2615 415 2645 Ἐν
435 2618 468 2656 τῇ
486 2615 638 2656 Ἐκκλησία
654 2616 681 2647 δὲ
698 2618 714 2652 ἡ
735 2616 796 2652 δόξα
823 2631 835 2645 »

38 2662 86 2691 τοῦ
113 2660 196 2697 Θεοῦ,
225 2660 321 2695 καλῶς·
347 2659 414 2697 αὕτη
442 2660 493 2702 γὰρ
519 2660 592 2701 μένει
626 2662 762 2700 διηνεκῶς,
792 2662 838 2692 καὶ

892 2175 982 2208 ptans.
1010 2170 1130 2199 Proinde
1152 2179 1184 2198 ex
1207 2170 1240 2198 iis
1265 2178 1327 2206 qua:
1345 2170 1405 2206 jam
1425 2170 1495 2198 circa
1517 2178 1569 2199 nos
1583 2175 1691 2207 peracta

892 2220 957 2245 sunt
977 2216 1152 2252 perspicuum
1171 2219 1213 2243 est
1236 2215 1311 2251 quod
1331 2214 1402 2243 dixi.
1427 2215 1527 2244 Merito
1548 2221 1641 2245 autem
1662 2217 1691 2245 in

893 2262 944 2290 Dei
957 2260 1036 2289 laude
1058 2267 1218 2288 sermonem
1243 2259 1392 2293 concludit,
1418 2260 1690 2296 gloriﬁcandobene-

892 2306 1027 2334 factorem
1043 2315 1049 2334 :
1065 2309 1093 2334 et
1105 2305 1186 2333 simul
1200 2309 1231 2333 ut
1249 2304 1301 2333 hac
1320 2305 1428 2333 ratione
1442 2305 1569 2334 ostendat
1582 2307 1691 2344 magni-

893 2351 1021 2380 tudinem
1043 2358 1141 2379 eorum
1163 2357 1225 2387 quae
1247 2349 1328 2378 nobis
1349 2349 1516 2386 obtigerunt.
1540 2352 1603 2380 Non
1617 2351 1691 2380 enim

892 2396 1085 2430 admiraretur,
1108 2396 1160 2425 nisi
1185 2399 1263 2424 tanta
1285 2395 1413 2431 dedisset,
1433 2400 1535 2432 quanta
1554 2396 1588 2425 ad
1602 2397 1691 2426 admi-

892 2442 1030 2470 rationem
1046 2445 1074 2469 et
1091 2441 1208 2477 gloriam
1226 2440 1416 2469 concitandam
1442 2441 1511 2470 satis
1531 2446 1612 2470 esset.
1629 2443 1693 2471 Non

892 2487 1052 2524 simpliciter
1066 2491 1159 2515 autem
1180 2486 1256 2522 dixit,
1276 2498 1289 2511 α
1315 2487 1371 2523 Ipsi
1394 2486 1492 2523 gloria,
1510 2498 1523 2512 ιι
1539 2486 1588 2515 sed
1607 2487 1692 2516 etiam

895 2543 907 2557 α
928 2533 979 2560 Per
990 2533 1085 2560 Jesum
1100 2531 1250 2566 Christum,
1269 2542 1280 2556 ι
1298 2533 1405 2560 Revera
1418 2532 1491 2560 enim
1504 2539 1588 2560 nemo
1602 2536 1693 2568 potest

893 2585 927 2605 ne
939 2577 1090 2612 gloriﬁcare
1113 2576 1237 2613 quidem.
1256 2577 1309 2604 nisi
1323 2577 1349 2604 in
1372 2576 1474 2605 Christi
1489 2577 1576 2613 gratia
1597 2581 1625 2604 et
1638 2576 1693 2604 vir-

892 2626 962 2650 tute.
979 2623 1042 2658 lpse
1056 2621 1128 2650 enim
1149 2626 1192 2650 est
1210 2621 1255 2658 qui
1271 2621 1352 2650 nobis
1376 2621 1411 2650 ad
1433 2623 1522 2649 Deum
1537 2620 1691 2657 gloriﬁcan-

892 2666 962 2695 dum
977 2670 1006 2695 et
1019 2667 1137 2703 gratiam
1150 2666 1272 2698 confert,
1283 2670 1312 2695 et
1324 2667 1370 2703 qui
1392 2666 1472 2695 docet
1485 2664 1624 2703 quomodo
1639 2665 1691 2693 hoc

747 2754 844 2785 Varia:
864 2754 1021 2785 lectiones.

74 2839 96 2857 “
112 2839 319 2876 ὑπερϐαλλόντως
331 2838 441 2875 ἔχουσαν
455 2848 493 2869 m.
532 2839 554 2857 ⁴²
567 2839 762 2872 ἀποστατοῦντες
776 2849 805 2870 ο.
843 2840 867 2859 ⁴³
880 2840 906 2868 ἐκ
926 2840 1067 2878 φιλοτιμίας
1078 2840 1120 2868 καὶ
1133 2840 1246 2878 δαψιλείας
1259 2848 1299 2869 m.
1339 2838 1360 2857 “
1374 2839 1446 2867 ἱκανὰ
1457 2847 1483 2869 0.
