1886 3082
163 145 231 172 1079

161 206 348 243 praestandum
369 208 414 237 sit.
440 220 453 234 ι
473 210 504 238 In
519 209 641 239 Ecclesia
654 220 669 237 ιι
686 215 778 239 autem
793 216 834 240 est
858 223 872 236 ι
894 211 955 248 glo-

161 252 202 280 ria
218 263 230 276 ιι
248 252 310 286 Dei,
324 260 356 281 ac
371 258 445 282 recte
465 254 577 291 quidem
603 264 611 285 :
633 255 766 292 siquidem
782 257 840 292 ipsa
865 264 956 292 perse-

160 301 237 326 verat
256 297 376 332 assiduo,
400 303 427 326 et
446 303 532 335 portaa
546 299 624 328 inferi
638 308 693 329 non
710 301 896 336 praevalebunt
908 301 956 329 ad-

164 349 258 371 versus
272 342 358 380 ipsam
373 351 396 372 a.
420 344 608 380 Quamobrem
617 349 645 374 et
669 345 753 382 gloria
778 346 830 376 erit
844 349 954 375 aeterna.

467 408 590 436 CAPUT
608 409 656 436 IV.

200 468 289 496 Vens.
317 473 339 496 l.
365 480 376 493 ι
402 469 523 498 Obsecro
545 470 634 506 itaque
657 479 705 499 vos
729 479 780 507 ego
801 472 910 500 vinctus
932 472 959 500 in

166 513 297 547 Domino,
320 517 351 541 ut
373 513 454 550 digne
476 515 621 544 ambuletis
636 516 781 544 vocatione
801 525 854 552 qua
870 518 958 545 vocati

165 557 240 585 estis.
259 569 271 581 -
293 559 354 585 Non
378 563 486 594 oportet
506 559 646 588 dominari
663 565 858 597 prazeeptorem
880 562 906 589 in
919 561 960 590 di-

165 601 296 638 scipulos,
309 603 356 631 sed
377 604 478 632 servire
502 605 540 632 eis
565 613 612 641 pro
637 606 723 633 salute
738 606 859 642 ipsorum
874 615 881 634 :
896 614 960 642 pro-

165 651 257 683 pterea
279 652 306 675 et
341 649 440 676 Paulus
463 653 592 684 tanquam
605 658 699 678 servus
712 650 844 678 obsecrat.
860 652 961 688 Propo-

166 691 208 719 nit
219 696 311 720 autem
325 697 352 720 et
367 693 472 722 vincula
485 694 519 722 ad
533 695 772 731 supplicationem.
790 707 802 719 ιι
820 695 933 724 Vinctus
947 707 960 720 ι»

166 737 241 765 enim
256 749 269 761 ι
286 745 348 765 sum
376 738 403 766 in
424 738 506 774 393
529 740 659 773 Domino,
685 752 697 764 υ
723 739 775 768 hoc
789 744 841 774 est,
857 748 911 768 non
926 740 963 768 ob

168 789 282 818 pravum
297 782 405 818 aliquod
419 792 497 820 opus,
513 783 561 813 sed
576 789 689 821 propter
699 785 861 813 Dominum.
877 786 964 813 Reve-

671 148 1125 185 THEOPHYLACTLBULGARIE
1143 150 1301 179 ARCHlEP.

1012 256 1146 296 δοξολογία
1162 257 1275 292 αἰώνιος.

1303 406 1442 436 ΚΕΦᾹΛ.
1460 406 1504 439 Δ’.

1057 478 1072 496 α
1089 467 1245 508 Παρακαλῶ
1270 463 1316 497 οὖν
1331 469 1401 506 ὑμᾶς
1424 468 1477 508 ἐγὼ
1501 470 1515 498 ὁ
1531 468 1640 507 δέσμιος
1654 469 1696 499 ’ἐν
1713 470 1820 510 Κυρίῳ,

1015 511 1094 546 ἀξίως
1118 514 1299 552 περιπατῆσαι
1330 515 1378 548 τῆς
1401 513 1537 549 κλήσεως,
1563 510 1594 549 ἧς
1621 515 1776 550 ἐκλήθητε.
1805 527 1820 543 ν

1015 557 1074 587 Οὐκ
1094 556 1224 586 αὐθεντεῖν
1249 558 1288 586 δεῖ
1309 557 1352 586 τὸν
1377 557 1553 596 διδάσκαλον,
1576 559 1648 588 ἀλλὰ
1686 559 1823 589 δουλεύειν

1014 605 1068 634 τοῖς
1097 604 1227 640 μαθηταῖς
1256 601 1322 641 ὑπὲρ
1348 604 1395 638 τῆς
1414 603 1547 643 σωτηρίας
1569 605 1672 633 αὐτῶν.
1697 603 1750 634 Διὸ
1779 605 1825 634 καὶ

1016 648 1029 675 ὃ
1046 647 1150 680 Παῦλος
1172 648 1207 679 ὡς
1223 646 1314 680 δοῦλος
1328 648 1489 687 παρακαλεῖ.
1513 648 1710 688 Προϐάλλεται
1726 649 1757 678 δὲ
1779 649 1825 678 καὶ

1016 691 1049 720 τὰ
1065 690 1151 729 δεσμὰ
1173 692 1208 724 εἷς
1229 691 1379 731 ἱκετηρίαν.
1405 705 1417 717 ι
1439 692 1554 732 Δέσμιος
1572 707 1584 718 -
1605 692 1660 732 γάρ
1679 705 1696 721 α
1716 695 1776 732 εἶμι
1801 697 1825 724 ἐν

1019 735 1119 775 Κυρίῳ·
1138 748 1150 761 ι
1171 735 1320 772 τουτέστιν,
1336 738 1365 766 οὖ
1384 737 1444 778 Sui“
1454 749 1481 766 τι
1504 737 1619 776 πονηρὸν
1637 737 1731 778 ἔργον,
1757 738 1826 768 ἀλλὰ

1018 780 1061 810 διὰ
1075 780 1119 810 τὸν
1135 780 1245 820 Κύριον.
1258 780 1402 816 Αἷδέσθητε
1415 776 1460 811 οὖν
1471 781 1504 811 τὰ
1517 781 1615 821 διὰιτὸν
1631 776 1709 812 Θεὸν
1724 784 1824 822 δεσμά.

167 826 283 854 reamini
299 827 381 863 igitur
395 827 500 855 vincula
519 836 580 864 qua:
599 829 651 857 Dei
679 837 760 857 causa
776 830 873 865 patior.
888 829 964 866 Quid

1079 824 1105 854 δὲ
1131 826 1294 864 naporum};
1321 826 1384 865 Οὐχ
1407 826 1476 866 ὗπὲρ
1499 827 1634 865 ἐμαυτοῦ,
1664 827 1730 856 ἀλλ’
1759 827 1826 868 ὑπὲρ

167 875 260 899 autem
271 871 402 901 obsecro?
417 874 478 900 Non
494 881 544 909 pro
555 881 599 902 me
614 873 673 909 ipso
688 878 771 908 certe,
785 874 832 902 sed
846 881 896 911 pro
911 882 960 902 vo-

1064 871 1106 908 ἶιν,
1131 868 1175 899 ἵνα
1202 870 1404 909 περιπατήσητε
1436 870 1514 905 ἀξίως
1537 873 1584 906 τῆς
1611 871 1750 906 κλήσεως·
1784 873 1826 902 ἐπὶ

169 916 210 944 bis
223 920 254 944 ut
271 916 415 946 ambuletis
437 917 519 954 digne
534 918 679 946 vocatione
697 930 703 947 :
727 918 760 947 ad
775 926 874 955 magna
887 919 962 947 enim

167 960 254 989 vocati
268 962 348 996 estis;
364 970 472 998 nempe,
488 967 519 990 ut
536 963 702 992 considentis
717 971 781 992 cum
801 964 922 998 Christo,
937 966 964 991 et

167 1007 355 1042 conregnetis;
378 1014 428 1035 nec
452 1011 561 1043 oportet
579 1015 627 1036 vos
648 1007 787 1037 defmdare
801 1007 962 1044 dignitatem

169 1054 288 1079 vestram
307 1059 354 1088 per
374 1060 457 1088 opera
476 1052 585 1080 Christo
607 1052 728 1089 indigna.
748 1053 792 1080 Ab
805 1053 962 1081 instituendi

169 1099 261 1124 autem
289 1097 395 1125 ratione
425 1097 460 1125 ad
487 1105 578 1126 mores
607 1098 731 1133 transiit,
751 1098 903 1126 orationem
925 1097 962 1126 ita

169 1148 246 1169 suam
260 1140 368 1170 dulcem
381 1141 494 1170 faciens.

170 1198 174 1211 ι
204 1186 292 1215 Vnus.
309 1189 335 1214 2.
353 1198 366 1211 α
382 1187 450 1214 Cum
466 1188 541 1215 omni
555 1187 710 1216 humilitate
726 1199 738 1212 ι
755 1188 883 1216 Ostendit
894 1195 964 1225 quo-

171 1230 255 1259 modo
280 1230 362 1267 digne
383 1231 462 1260 liceat
479 1232 623 1261 vocatione
648 1232 799 1266 ambulare,
821 1241 920 1269 nempe
940 1232 964 1260 si

170 1276 206 1304 εἲς
219 1275 342 1304 humilis.
353 1277 491 1313 Cogitabis
505 1276 577 1305 enim
588 1277 712 1311 omnino,
723 1277 810 1314 qualia
820 1278 963 1311 exsistens,

172 1320 271 1356 quibus
285 1320 403 1349 donatus
421 1329 465 1355 es;
491 1329 521 1350 ac
536 1322 668 1350 demittes
687 1327 723 1356 te,
739 1322 871 1359 dabisque
896 1330 965 1358 ope-

170 1373 230 1393 ram
245 1369 275 1393 ut
287 1366 388 1394 servias
402 1366 579 1394 bencl'nctori.
593 1368 737 1399 Praeterea,
752 1367 804 1395 hoc
816 1371 857 1394 est
873 1366 966 1394 omnis

171 1410 279 1438 \irtutis
292 1410 510 1440 fundamentum.
525 1413 669 1448 Propterea
681 1417 709 1440 et
726 1412 862 1440 Dominus
878 1411 966 1439 beati-

171 1455 280 1484 tudines
303 1456 367 1484 hinc
385 1464 464 1484 orsus
491 1460 542 1491 est,
567 1457 660 1485 beatos
682 1464 730 1485 eos
752 1456 903 1493 prmdicans
921 1456 966 1492 qui

172 1500 228 1528 sint
256 1508 390 1537 pauperes
413 1501 519 1537 spiritu,
545 1501 662 1530 humiles
689 1502 827 1530 videlicet.
856 1513 867 1525 α
896 1502 966 1529 Cum

175 1546 249 1573 omni
267 1558 279 1570 η
294 1550 398 1579 autem,
421 1546 521 1581 inquit,
549 1558 561 1570 ιι
578 1546 738 1581 humilitate,
758 1559 769 1570 ν
793 1555 848 1574 non
870 1554 900 1574 ea
920 1554 966 1573 so-

172 1590 314 1617 lummodo
330 1598 390 1625 qua:
408 1590 444 1618 sit
463 1591 490 1617 in
506 1591 603 1624 verbis,
627 1591 673 1618 sed
687 1595 714 1618 et
731 1598 792 1626 qua:
807 1590 841 1618 sit
855 1590 880 1618 in
900 1598 966 1626 ope-

172 1634 256 1668 ribus,
272 1639 299 1662 et
311 1634 338 1661 in
354 1634 457 1667 habitu,
480 1635 551 1662 etin
575 1635 683 1671 loquela
705 1640 752 1663 :et
775 1643 830 1663 non
854 1640 883 1663 ut
904 1643 967 1672 erga

175 1677 249 1706 hunc
264 1682 289 1706 te
301 1678 431 1706 humilem
447 1679 582 1714 “bibens,
599 1688 661 1715 erga
675 1679 751 1708 illum
767 1688 830 1708 vero
845 1680 967 1715 minime;

174 1723 221 1751 sed
232 1723 289 1751 sive
301 1731 401 1759 parvus
419 1723 510 1758 fuerit,
525 1724 579 1752 sive
594 1733 718 1761 magnus.

213 1779 226 1792 α
247 1770 283 1797 Et
298 1769 506 1797 mansuetudine
520 1777 584 1797 cum
605 1769 818 1805 longanimitate.
839 1781 851 1793 υ
868 1771 970 1797 Potest

174 1812 248 1841 enim
272 1813 369 1849 aliquis
400 1821 460 1842 esse
481 1813 594 1842 humilis
621 1818 647 1842 et
668 1814 779 1842 interim
798 1819 891 1842 tamen
904 1822 969 1842 con-

175 1859 274 1887 citatus
293 1862 322 1887 et
343 1858 490 1886 iracundus
508 1868 514 1886 :
529 1863 557 1886 at
567 1867 598 1887 ea
611 1859 750 1887 humilitas
764 1859 833 1886 nihil
848 1859 970 1894 prodest.

213 1913 227 1929 (ι
240 1905 436 1940 Supportnntes
451 1903 567 1931 invicem
582 1903 610 1931 in
623 1903 766 1931 cbaritate.
783 1914 795 1927 »
810 1905 896 1931 Docet
910 1910 972 1939 quae

175 1948 210 1976 sit
228 1947 446 1976 mansuetudinis
477 1952 504 1975 et
532 1947 746 1984 longanimitatis
777 1947 971 1982 commoditas,

176 2001 274 2028 nempe
300 1997 330 2020 ut
348 1992 416 2020 alter
447 1993 563 2020 alterum
592 1993 696 2020 toleret.
726 1992 832 2020 Deinde
855 2000 891 2020 ne
909 1993 973 2029 quis

177 2037 260 2071 dicat,
284 2037 431 2071 Quomodo
457 2037 542 2064 feram
573 2038 729 2073 proximum
759 2037 922 2065 iracundum
947 2041 975 2065 et

177 2081 328 2117 injurium?
348 2081 464 2109 modum
488 2081 580 2110 subdit
604 2090 659 2118 quo
686 2082 756 2110 istuc
793 2082 851 2109 ﬁeri
877 2081 973 2117 possit,

179 2133 289 2162 nempe,
312 2138 323 2149 ιι
342 2126 395 2154 Per
415 2126 589 2154 dilectionem
611 2136 616 2154 :
634 2137 647 2153 »
668 2127 692 2154 si
717 2126 791 2155 enim
811 2126 974 2154 charitatem

179 2171 339 2206 habeamus,
357 2171 535 2200 tolerabimus
555 2172 624 2199 alter
633 2172 760 2200 alterum.

215 2217 303 2245 Vens.
321 2219 347 2244 3.
369 2228 380 2241 «
403 2216 514 2244 Solliciti
535 2224 642 2244 servare
657 2217 791 2245 unitatem
808 2216 925 2252 Spiritus
946 2217 973 2244 in
988 2208 1013 2240 Ῑ)

179 2261 287 2289 vinculo
301 2262 383 2297 pacis.
399 2272 413 2288 ν
428 2261 667 2296 Quemadmodum
687 2262 714 2289 in
733 2269 849 2297 corpore
863 2261 976 2296 spiritus

180 2310 230 2340 est,
252 2306 298 2342 qui
325 2306 418 2334 omnia
446 2306 568 2334 continet
590 2311 618 2334 et
642 2308 712 2340 unit,
742 2306 847 2334 etiamsi
869 2306 976 2334 diversa

180 2350 281 2378 fuerint
292 2351 413 2379 membra
429 2361 435 2378 ε
450 2351 523 2379 hunc
541 2351 578 2379 ad
593 2351 706 2379 modum
725 2352 753 2379 in
776 2351 900 2380 ﬁdelibus
915 2351 976 2387 Spi-

180 2396 249 2423 ritus
281 2399 391 2423 sanetus
415 2399 464 2428 est,
496 2395 542 2431 qui
564 2396 622 2423 unit
652 2400 680 2423 et
710 2396 854 2432 coniungit
882 2403 977 2423 omnes

180 2439 284 2468 etiamsi
305 2439 411 2467 diversa
430 2439 608 2468 habuerimus
631 2445 658 2467 et
677 2448 763 2476 genus
784 2444 812 2468 et
839 2448 933 2468 mores
949 2445 976 2468 et

180 2483 283 2518 studia,
306 2489 386 2519 atque
405 2492 453 2520 per
481 2485 553 2512 hunc
581 2488 709 2512 sanclum
737 2485 869 2520 Spiritum
891 2493 977 2513 unum

180 2536 279 2564 corpus
291 2527 436 2556 efﬁcimur.
453 2528 622 2556 Laboremus
640 2528 730 2564 itaque
751 2529 822 2557 hanc
846 2529 977 2557 unitatem

180 2581 340 2602 conservare
365 2581 412 2609 per
436 2581 529 2609 pacem
553 2581 614 2609 quzc
636 2579 678 2601 est
702 2574 773 2601 inter
794 2581 845 2601 nos
866 2578 973 2602 mutuo.

181 2619 238 2647 Nisi
251 2619 324 2647 enim
340 2619 487 2646 conneclio
507 2618 659 2647 dilectionis
678 2619 748 2647 inter
770 2627 820 2647 nos
840 2618 931 2653 fuerit,
948 2623 975 2648 et

216 2679 229 2692 ι
247 2673 346 2702 Matth.
366 2680 432 2708 xvr,
450 2676 491 2701 18.

1015 914 1139 954 μεγάλοις
1154 913 1206 954 γὰρ
1227 914 1367 951 ἐκλήθητε·
1391 914 1434 944 ἐπὶ
1449 916 1489 955 τῷ
1511 916 1676 954 συγκαθίσαι
1693 917 1823 955 Χριστῷ,

1015 959 1061 988 ἐπὶ
1088 960 1125 998 τῷ
1147 958 1369 996 συμϐασιλεῦσαι·
1393 960 1439 988 καὶ
1462 961 1491 989 οὒ
1517 961 1557 989 δεῖ
1580 961 1780 1000 καταισχύνειν
1796 963 1824 990 τὸ

1017 1003 1121 1042 ἀξίωμα
1143 1005 1218 1041 ὑμῶν
1241 1003 1273 1032 δι’
1300 1003 1383 1043 ἔργων
1405 1003 1519 1038 ἀναξίων
1546 1005 1678 1043 Χριστοῦ.
1708 1005 1779 1035 Ἀπὸ
1798 1007 1824 1034 δὲ

1016 1051 1061 1077 τοῦ
1091 1049 1251 1087 δογματικοῦ
1284 1049 1320 1081 εἷς
1345 1048 1375 1078 τὸ
1407 1050 1498 1085 ἠθικὸν
1524 1049 1648 1086 κατέϐη,
1679 1052 1823 1089 καταγλυ-

1017 1093 1114 1123 καίνων
1132 1093 1175 1122 τὸν
1191 1092 1268 1133 λόγον
1287 1093 1325 1123 ⁴⁵.

1061 1195 1075 1212 ιι
1092 1184 1171 1214 Μετὰ
1188 1184 1276 1220 πάσης
1298 1183 1552 1224 ταπεινοφροσύνης.
1570 1195 1584 1214 ι
1602 1184 1748 1221 Δείκνυσι,
1770 1187 1824 1218 πῦς

1018 1228 1117 1258 ἔνεστιν
1133 1243 1145 1255 ι
1163 1228 1240 1263 ἀξίως
1253 1231 1301 1264 τῆς
1313 1228 1434 1265 κλήσεως
1448 1231 1647 1268 περιπατῆσαι,
1668 1243 1680 1255 ι
1697 1230 1740 1259 δτι
1758 1230 1822 1260 Ἐὰν

1017 1273 1138 1307 ταπεινὸς
1153 1269 1196 1311 ἧς.
1214 1273 1368 1309 Ἐννοήσεις
1382 1273 1434 1312 γὰρ
1450 1274 1558 1306 πάντως
1582 1274 1621 1307 τίς
1636 1273 1673 1302 ὢν
1699 1274 1773 1307 τίνος
1798 1274 1822 1293 ⁴⁶

1018 1317 1141 1355 ἠξιώθης,
1167 1318 1213 1347 καὶ
1228 1319 1398 1358 συσταλήσῃ,
1414 1318 1460 1347 καὶ
1479 1318 1638 1352 σπουδάσεις
1657 1322 1823 1358 θεραπεῦσαι

1018 1362 1063 1392 τὸν
1079 1362 1231 1403 εὐεργέτην.
1255 1359 1358 1396 Ἄλλως
1384 1374 1427 1399 τε,
1445 1363 1491 1391 καὶ
1509 1363 1597 1399 πάσης
1621 1365 1721 1404 ἀρετῆς
1742 1364 1823 1402 θεμέ-

1019 1409 1073 1440 λιος
1095 1410 1179 1437 τοῦτο·
1205 1407 1245 1437 διὸ
1264 1407 1310 1436 καὶ
1335 1409 1348 1436 ὁ
1374 1407 1472 1448 Κύριος
1496 1409 1548 1436 τῶν
1569 1411 1753 1448 μακαρισμῶν
1782 1410 1822 1437 ἐν-

1020 1455 1108 1482 τεῦθεν
1135 1452 1243 1493 ἤρξατο,
1264 1452 1418 1491 μακαρίζων
1440 1451 1501 1486 τοὺς
1525 1452 1650 1492 πτωχοὺς
1672 1454 1715 1493 τῷ
1740 1452 1822 1482 πνεύ-

1022 1509 1098 1536 ματι,
1117 1497 1177 1531 τοὺς
1199 1496 1407 1537 ταπεινόφρονας
1425 1496 1537 1533 δηλαδή.
1561 1509 1576 1525 (ι
1590 1497 1669 1527 Μετὰ
1691 1499 1786 1534 πάσης
1806 1509 1820 1527 ι

1022 1542 1064 1578 δὲ,
1081 1542 1156 1583 φησὶ,
1180 1553 1194 1571 (ι
1209 1541 1465 1583 ταπεινοφροσύνης,
1486 1553 1501 1571 α
1516 1541 1554 1580 μὴ
1569 1544 1616 1577 τῆς
1630 1543 1658 1571 ἐν
1673 1542 1702 1561 ’⁵⁷
1719 1542 1823 1583 ῥήμασι

1022 1587 1110 1626 μόνον,
1126 1586 1194 1616 ἀλλὰ
1210 1587 1256 1616 καὶ
1271 1589 1298 1617 ἐν
1310 1586 1462 1626 πράγμασι,
1475 1586 1521 1616 καὶ
1537 1587 1563 1616 ἓν
1580 1586 1718 1626 σχήματι,
1735 1588 1785 1616 καὶ
1801 1588 1826 1616 iv

1022 1631 1160 1671 φθέγματι·
1184 1631 1284 1670 καὶμὴ
1308 1632 1372 1671 πρὸς
1396 1633 1488 1660 τοῦτον
1515 1631 1572 1669 μὲν,
1593 1632 1658 1672 πρὸς
1678 1634 1777 1662 τοῦτον
1801 1632 1826 1662 δὲ

1023 1675 1061 1706 οὗ·
1077 1675 1146 1706 ἀλλὰ
1161 1676 1211 1705 κᾶν
1226 1676 1319 1716 μικρὸς
1333 1671 1362 1716 ᾗ,
1379 1675 1428 1706 κᾶν
1444 1675 1538 1715 μέγας.

1069 1778 1083 1795 ιι
1100 1766 1154 1796 Καὶ
1169 1765 1316 1807 πραότητος
1333 1766 1400 1804 μετὰ
1418 1765 1613 1806 μακροθυμίας.
1632 1776 1649 1795 3
1671 1765 1758 1797 Ἐστι
1778 1766 1826 1807 γὰρ

1024 1811 1146 1840 ταπεινὸν
1163 1811 1210 1849 μὲν
1227 1805 1305 1848 εἶναι,
1325 1810 1385 1844 ὀξὺν
1411 1810 1438 1839 δὲ
1461 1811 1506 1840 καὶ
1523 1810 1637 1850 ὀργίλον·
1663 1811 1726 1840 ἄλλ’
1752 1811 1827 1841 οὐδὲν

1024 1855 1116 1889 ὄοελος
1129 1856 1165 1887 ⁴⁸,
1410 1882 1413 1884 .

1042 1874 1056 1896 Υ
1069 1913 1081 1926 οι
1100 1877 1267 1940 ’λνεγεόμενοι
1291 1882 1414 1936 ἀλλήλων
1436 1901 1462 1930 ἐν
1481 1900 1584 1940 ἀγάπῃ.
1610 1915 1621 1927 ιι
1635 1900 1674 1931 Τί
1688 1901 1720 1930 τὸ
1737 1901 1829 1942 κέρδος

1026 1946 1072 1980 τῆς
1112 1945 1262 1985 πραότητος
1304 1945 1349 1974 καὶ
1384 1945 1587 1985 μακροθυμίας,
1631 1945 1763 1976 διδάσκει·
1800 1947 1827 1975 τό

1028 1984 1170 2030 ἀνέχεσθαι
1197 1989 1333 2025 ἀλλήλων.
1360 1984 1441 2026 Εἶτα,
1467 1989 1511 2018 ἵνα
1530 1990 1569 2028 μή
1594 2001 1635 2024 τις
1660 1990 1738 2030 εἴπῃο
1765 1992 1828 2024 Πῶς

1028 2035 1153 2072 ἀνέξομαι
1170 2037 1215 2064 τοῦ
1240 2033 1371 2070 πλησίον,
1390 2034 1497 2074 ὀργίλου
1519 2034 1566 2063 καὶ
1588 2034 1718 2074 ὑϐριστοῦ
1739 2036 1825 2071 ὄντοῆ

1029 2079 1146 2119 ἐπιφέρει
1167 2079 1213 2109 καὶ
1228 2078 1273 2108 τὸν
1287 2079 1395 2119 τρόπον,
1412 2078 1452 2108 ὅτι
1466 2092 1478 2105 ι
1496 2080 1522 2108 ἐν
1537 2079 1640 2119 ἀγάπῃ.
1657 2090 1673 2109 ιι
1697 2079 1765 2110 Ἐὰν
1780 2080 1826 2120 γὰρ

1028 2123 1077 2160 τὴν
1094 2124 1200 2164 ἀγάπην
1215 2124 1332 2164 ἔχωμεν,
1348 2123 1492 2162 ἀνεξόμεθα
1505 2123 1642 2160 ἀλλήλων.

1070 2225 1082 2238 κ
1098 2211 1297 2246 Σπουδάζοντες
1313 2215 1402 2251 τηρεῖν
1415 2210 1591 2252 τὴνξῦότητα
1607 2213 1652 2240 τοῦ
1672 2211 1828 2250 [Inopem

1030 2256 1057 2284 ἐν
1074 2257 1111 2296 τῷ
1138 2256 1279 2296 συνδέσμῳ
1303 2257 1351 2292 ἧς
1373 2255 1488 2296 εἰρήνης.
1512 2266 1528 2285 υ
1547 2254 1659 2295 Ὥσπερ
1675 2255 1730 2296 γὰρ
1749 2257 1776 2286 ἐν
1793 2257 1826 2295 τῷ

1030 2300 1136 2340 σώματι
1160 2301 1267 2340 πνεῦμά
1294 2301 1349 2330 ἐστι
1383 2300 1413 2330 τὸ
1442 2301 1531 2331 πάντα
1558 2299 1668 2340 συνέχον
1698 2301 1748 2331 καὶ
1776 2303 1827 2331 ἑνο-

1031 2348 1135 2386 ποιοῦν,
1159 2345 1209 2376 κᾶν
1235 2344 1349 2386 διάφορα
1368 2340 1418 2375 ὦσι
1433 2345 1524 2384 ξμέλη·
1552 2345 1622 2375 οὕτω
1652 2345 1701 2375 καὶ
1725 2347 1755 2375 ἐν
1780 2346 1827 2378 τοῖς

1031 2395 1133 2424 πιστοῖς
1152 2391 1182 2420 τὸ
1206 2390 1278 2429 ἅγιον
1294 2389 1408 2428 Πνεῦμᾶ
1423 2391 1505 2428 ἐστιν,
1537 2389 1603 2430 ὅπερ
1624 2392 1741 2420 ἑνοποιεῖ
1763 2390 1826 2420 πάν-

1030 2447 1089 2474 τας,
1105 2435 1154 2465 κᾶν
1179 2435 1292 2475 διάφορα
1308 2435 1413 2475 ἔχωμεν
1435 2435 1481 2464 καὶ
1502 2434 1565 2474 γένη
1590 2434 1635 2464 καὶ
1651 2435 1768 2475 τρόπους
1788 2435 1827 2464 καὶ

1032 2480 1241 2518 ἐπιτηδεύματα·
1265 2479 1312 2509 καὶ
1335 2479 1378 2509 διὰ
1401 2480 1495 2510 τούτου
1520 2483 1566 2509 τοῦ
1595 2479 1673 2519 ἁγίου
1702 2481 1829 2518 Πνεύμςι-

1031 2537 1074 2559 τος
1098 2525 1125 2554 ἓν
1154 2526 1233 2564 σῶμα
1259 2524 1398 2564 γινόμεθα.
1428 2525 1628 2562 Σπουδάσωμεν
1654 2519 1699 2553 οῦν
1733 2526 1827 2560 ταύτην

1032 2569 1078 2606 τὴν
1094 2570 1205 2606 ἑνότητα
1229 2571 1318 2610 τηρεῖν
1334 2569 1377 2599 διὰ
1400 2572 1446 2607 τῆς
1470 2569 1534 2610 πρὸς
1555 2569 1687 2604 ἀλλήλους
1711 2570 1825 2609 εἰρήνης.

1033 2617 1063 2646 Εἰ
1090 2614 1128 2654 μὴ
1153 2615 1203 2655 γὰρ
1230 2616 1274 2645 τὸν
1300 2614 1445 2653 σύνδεσμον
1473 2617 1519 2651 τῆς
1547 2614 1655 2654 ἀγάπης
1683 2613 1710 2634 ⁴⁹
1733 2615 1826 2655 ἔχομεν

878 2714 971 2744 Varia:
992 2715 1144 2744 lectiones.
1170 2716 1176 2746 ἒ

222 2765 244 2781 ⁸⁵
259 2764 463 2800 καταγλυχαίνων
477 2765 520 2792 τὸν
546 2764 624 2798 λόγον
643 2766 675 2800 τῇ
695 2763 769 2800 ἠθικῇ
791 2765 933 2800 παραινέσει
947 2772 967 2792 n

1064 2766 1163 2792 tionem
1177 2772 1255 2792 suam
1270 2765 1372 2793 dulcem
1392 2765 1493 2799 faciens
1516 2763 1613 2791 morali
1626 2762 1819 2791 adhortutimie.

185 2805 209 2824 ⁸⁶
227 2805 302 2832 τίνων
317 2813 345 2834 o.
383 2805 404 2822 ‘7
420 2805 444 2833 ἐν
456 2808 508 2838 τοῖς
521 2814 549 2835 ο.
587 2805 609 2824 ⁴⁸
623 2805 681 2832 ἀλλ’
695 2805 817 2833 ἀνοίκειον
829 2814 868 2835 m.

909 2804 931 2822 ‘9
944 2807 987 2839 τῆς
998 2804 1106 2843 ᾇληθοῦς
1120 2804 1219 2841 ἀγάπης
1233 2813 1271 2834 ω,

1750 141 1855 181 ιοεο⁴

972 223 998 255 Α
1012 212 1094 242 πύλαι
1108 212 1184 253 ᾄδουξ
1197 214 1226 243 οὗ
1250 214 1459 255 κατισχύσουσιν
1487 215 1595 255 αὐτῆς.Δ
1609 215 1704 246 Ὥστε
1733 216 1781 246 καὶ
1801 220 1817 253 ἡ

1870 110 1872 129 l

1870 208 1875 221 Υ
