1886 3082
35 201 99 229 1081

426 200 603 230 EXPOSITIO
622 201 655 229 IN
675 201 784 230 EPIST.
804 202 850 230 AD
870 201 948 231 COR.
969 217 1004 224 —
1023 203 1098 232 CAP.
1119 204 1186 232 VIII.

1608 207 1677 235 1082

33 265 79 294 καὶ
111 264 277 305 εἰρηνεύομεν
310 264 375 306 πρὸς
401 265 545 303 ἀλλήλους,
585 265 751 306 ἀπολίσομεν
776 265 824 302 τὴν
841 267 887 302 ΑΙ

918 266 940 294 ci
956 270 1060 296 mutuae
1073 267 1269 302 studuerimus,
1290 267 1437 303 unitatem,
1457 276 1542 305 quam
1558 269 1677 305 Spiritus

34 309 143 346 ἑνότητα
158 311 192 346 ἢν
209 310 240 339 τὸ
252 311 364 350 Πνεῦμα
383 310 495 341 δέδωκεν
509 311 590 349 ἡμῖν·
607 309 697 351 ὥσπερ
712 311 757 341 ἐὰν
770 311 827 340 διά-

32 366 124 388 στασις
144 355 254 395 γένηται
277 357 325 392 τῆς
353 355 459 395 χειρὸς,
482 355 500 391 ἢ
523 358 568 385 τοῦ
595 355 689 393 ποδὸς,
715 356 781 396 πρὸς
796 356 827 386 τὸ

32 399 122 429 λοιπὸν
137 401 234 438 σῶμα,
249 399 295 429 καὶ
307 401 470 430 διαχοπῶσιν
487 400 541 430 ἀπὸ
553 402 600 436 τῆς
622 401 687 441 πρὸς
701 400 735 429 τὰ
758 401 827 430 ἄλλα

33 444 101 482 μέλη
134 444 287 485 συνεχείας,
324 445 412 475 οὐκέτι
440 444 531 486 λοιπὸν
565 444 608 486 ὑφ’
631 445 669 474 ἑνὶ
695 443 826 484 πνεύματι

32 484 281 530 συγκρατοῧνταιδθ.
302 490 424 524 Σπουδῆς
452 484 496 519 οὖν
515 489 555 519 δεῖ
579 484 693 526 πολλης,
719 490 764 519 χαὶ
779 492 826 520 οὐχ

33 534 135 568 ἀπόνως
171 534 316 574 ἰσχύσαμεν
355 533 512 572 εἰρηνεύειν,
545 534 696 568 συνδέοντες
724 535 826 568 ἑαυτοῖς

33 578 161 614 ἀλλήλους
173 578 215 616 δί’,
236 578 280 608 ἵνα
296 578 356 608 ἔνθα
374 577 405 607 ἂν
422 580 436 607 ὃ
448 574 485 612 εἷς
506 579 634 619 φέρηται,
653 579 698 608 καὶ
713 581 727 609 ὁ
741 579 828 619 ἔτερος

32 623 198 664 συμφέρηται
221 623 342 664 (τοιοῦτοι
362 623 414 663 γὰρ
435 624 458 652 οἱ
482 623 699 663 συνδεδεμένοι),
716 624 762 654 καὶ
788 624 826 662 μὴ

32 668 274 710 κατεξουσιάζοντις
302 669 422 707 ἑαυτῶν,
443 668 489 698 καὶ
513 667 595 702 οὕτως
617 670 660 710 ὑφ’
681 669 718 697 ἑνὶ
743 669 828 698 Πνεύ-

33 724 99 751 ματι
113 708 195 751 ὦμεν.

79 768 93 786 ιι
107 757 157 787 *Εν
181 759 275 796 σῶμα,
297 758 342 787 καὶ
359 757 385 787 ἓν
401 760 517 796 πνεῦμα.
539 771 551 784 ι
574 759 636 797 Οὐχ
651 757 742 791 ἇπλως
757 757 827 797 ἀγά-

32 814 88 838 πην
115 804 230 839 ἐπιζητεῖ
256 805 271 832 ὃ
293 803 415 839 Παῦλος,
431 803 500 832 ἀλλὰ
517 802 566 841 τὴν
581 802 608 832 ἓν
631 804 709 840 σῶμα
726 802 827 836 πάντας

32 849 159 876 ποιοῦσαν
197 848 239 876 διὰ
266 847 315 883 τὴν
345 847 443 888 ἀκριϐῆ
469 847 532 886 πρὸς
563 847 694 883 ἀλλήλους
717 846 826 888 ἕνωσιν,

881 311 959 340 nobis
972 311 1058 345 dedit,
1082 312 1241 341 amittemus
1264 323 1270 341 :
1291 312 1529 350 quemadmodum
1547 313 1568 341 si
1592 313 1674 342 dissi-

879 356 955 385 dium
977 357 1024 385 ﬁat
1044 358 1115 386 inter
1133 366 1246 386 manum
1263 362 1310 386 aut
1329 358 1426 394 pedem
1448 357 1596 386 adversum
1610 359 1673 387 reli-

880 409 965 438 quum
983 410 1093 439 corpus,
1111 407 1139 431 et
1159 403 1356 431 abscindantur
1377 412 1392 431 a
1412 411 1536 431 connexu
1557 403 1591 432 ad
1611 403 1674 431 reli-

880 455 932 484 qua
955 449 1092 484 membra,
1114 456 1170 476 non
1195 457 1277 485 porro
1300 448 1427 485 deinceps
1447 449 1481 476 ab
1499 456 1556 476 uno
1575 448 1673 484 spiritu

880 493 1063 521 continentur.
1091 493 1178 521 Multa
1199 494 1279 529 igitur
1298 493 1439 521 sedulitate
1462 501 1531 528 opus
1548 497 1600 527 est,
1623 500 1674 521 nec

879 537 938 565 sine
961 537 1052 566 labore
1067 538 1217 574 poterimus
1237 545 1330 574 pacem
1356 537 1456 566 habere
1478 541 1672 566 connectentes

879 592 931 611 nos
952 584 1023 612 inter
1043 592 1104 619 nos,
1135 589 1165 612 ut
1185 592 1350 621 quocunque
1374 593 1444 612 unus
1468 584 1580 618 feratur,
1604 584 1672 612 alter

880 629 961 656 simul
984 629 1099 657 feratur.
1117 629 1208 663 (Tales
1222 629 1306 666 394
1330 630 1403 657 enim
1424 633 1489 657 sunt
1503 629 1519 657 ii
1537 628 1581 665 qni
1598 628 1673 657 colli-

880 674 935 709 gati
950 674 1022 709 sunt)
1036 682 1068 702 ac
1082 678 1244 711 potestatem
1256 675 1285 702 in
1304 682 1353 702 nos
1371 675 1446 711 ipsos
1462 682 1519 703 non
1532 673 1674 705 habentes,

881 723 964 754 utque
978 718 1029 747 hoc
1044 723 1124 754 pacto
1141 719 1193 747 sub
1208 727 1264 747 uno
1278 720 1378 755 Spiritu
1397 720 1494 747 simus.

916 765 1003 792 Vsns.
1014 767 1041 792 4.
1059 775 1071 787 ι
1088 765 1184 792 Unum
1199 772 1309 799 corpus.
1324 769 1349 791 et
1365 772 1435 792 unus
1448 765 1568 800 spiritus.
1585 775 1598 789 ν
1613 766 1675 792 Non

880 808 1040 844 simpliciter
1059 808 1223 837 charitatem
1240 809 1336 844 quaerit
1357 809 1465 842 Paulus,
1478 809 1524 837 sed
1537 817 1599 837 eam
1613 817 1675 845 qua:

881 861 978 881 omnes
999 862 1086 881 unum
1106 862 1204 890 corpus
1220 853 1313 886 faciat,
1335 858 1444 890 propter
1460 858 1586 882 exactam
1608 855 1677 882 inter

31 891 103 922 ὥστε
125 892 244 931 καθάπερ
267 891 336 930 μέλη
361 887 529 932 συμπάσχειν
547 891 687 928 ἀλλήλοις,
712 887 745 920 αὖ
766 903 828 935 ςυγ-
844 897 887 929 Β]

919 906 932 926 s
951 902 1048 926 mutuo
1076 899 1256 933 unionem,ut
1273 903 1403 935 tanquam
1419 899 1543 927 membra
1566 906 1678 935 compa-

31 937 144 977 χαίρειν.
175 949 190 965 ι
215 936 272 967 Καὶ
297 936 324 967 ἓν
349 939 468 976 πνεῦμα.
495 948 510 966 ι
529 938 626 971 Καλῶς
651 940 730 967 τοῦτο
755 932 827 974 εἶπε,

32 982 156 1012 δεικνύων
179 982 218 1011 ὅτι
236 981 289 1012 ἀπὸ
306 984 352 1011 τοῦ
375 977 441 1012 εἶναι
455 981 484 1011 ἓν
506 984 602 1021 σῶμα,
617 982 661 1011 καὶ
675 981 702 1011 ἓν
723 984 828 1021 πνεῦμα

30 1027 150 1056 ἔσονται·
161 1026 178 1063 ἢ
193 1027 233 1057 ὅτι
243 1026 312 1056 ἔστιν
323 1026 352 1056 ἓν
366 1029 444 1065 σῶμα
459 1022 525 1056 εἶναι
534 1050 542 1065 ,
559 1028 609 1067 οὔχ
622 1026 649 1055 ἓν
661 1026 688 1056 δὲ
704 1029 808 1066 πνεῦμα
820 1038 826 1046 ·

29 1071 124 1112 ὥσπερ
143 1071 167 1101 εί
193 1083 231 1105 τις
257 1073 396 1111 αἱρετικῶν
421 1071 494 1111 φίλος
528 1071 586 1109 εἴη,
617 1075 671 1105 τοῖς
699 1071 827 1111 δόγμασιν

30 1118 118 1146 αὐτῶν
134 1116 171 1155 μὴ
183 1116 451 1157 συμπεριφερόμενος.
470 1115 522 1152 Ἦ,
540 1116 580 1146 δτι
594 1116 645 1147 ⁶Εν
661 1118 765 1155 πνεῦμα
785 1116 828 1146 διὰ

29 1164 79 1197 τῆς
93 1161 205 1195 πίστεως
219 1160 357 1198 λαϐόντες,
373 1161 491 1201 ὀφείλετε
504 1163 635 1200 ὁμονοεῖν.
653 1160 691 1191 Ἢ
705 1163 826 1200 πνεῦμα,

30 1205 80 1241 τὴν
106 1206 309 1246 συμπροθυμίαν
316 1206 342 1225 ⁵³
358 1205 437 1246 φησὶ,
455 1207 501 1235 καὶ
523 1207 570 1242 τὴν
587 1206 754 1244 σύμπνοιαν,
771 1206 828 1236 ὥσ·-

29 1263 83 1291 περ
95 1251 126 1280 ἂν
142 1252 164 1280 εἰ
180 1251 267 1291 ἔλεγεν
281 1263 287 1270 ·
301 1249 351 1281 6Er
365 1252 444 1290 σῶμα
459 1250 506 1280 καὶ
522 1251 570 1290 μία
586 1251 670 1291 ψυχή.

76 1401 92 1417 α
108 1389 201 1424 Καθὼς
222 1389 267 1419 χαὶ
282 1390 410 1426 ἐκλήθητε
429 1391 457 1420 ἐν
473 1395 524 1431 μιᾷ
538 1389 625 1420 ἐλπίδι
648 1391 696 1426 τῆς
707 1390 828 1426 κλήσεως

30 1436 120 1473 ὑμῶν.
147 1447 159 1460 ι
174 1434 208 1465 Ὁ
223 1434 305 1470 Θεὸς,
322 1434 402 1475 φησὶν
414 1458 421 1471 ,
439 1436 507 1473 ὑμᾶς
528 1435 572 1464 ἐπὶ
593 1438 646 1468 τοῖς
661 1435 749 1468 αὐτοῖς
764 1435 827 1465 ἐκά-

29 1481 112 1517 λεσε,
138 1484 204 1509 πᾶσι
229 1479 298 1515 ζωὴν
323 1479 486 1519 ἐχαρίσατο,
513 1479 620 1509 πάντων
650 1479 744 1516 ἐπίσης
770 1480 826 1509 ἐστὶ

29 1523 153 1563 κεφαλὴ,
191 1524 292 1557 πάντας
317 1524 453 1564 συνήγειρε
495 1523 541 1553 καὶ
573 1524 742 1561 συνεκάθισε,
782 1525 827 1554 καὶ

884 943 995 976 tiamur,
1028 947 1056 971 et
1086 943 1316 980 congaudeamus.
1350 945 1386 971 Et
1413 951 1483 972 unus
1508 943 1630 980 spiritus.
1663 955 1675 968 υ

880 987 995 1015 Pulchre
1014 995 1080 1015 sane
1104 987 1156 1016 hoc
1181 987 1252 1016 dixit
1275 988 1421 1016 ostendens
1444 988 1518 1024 quod
1541 988 1564 1015 si
1587 995 1675 1016 unum

881 1039 980 1068 corpus
1000 1032 1066 1066 sint,
1089 1040 1161 1060 unus
1187 1032 1269 1060 etiam
1291 1033 1400 1068 spiritus
1416 1037 1506 1061 erunt.
1533 1032 1581 1061 Vel
1602 1031 1678 1068 quod

881 1077 968 1113 possit
987 1077 1101 1113 quidem
1127 1085 1214 1105 unum
1238 1085 1297 1105 esse
1321 1085 1430 1113 corpus,
1454 1077 1502 1106 sed
1528 1085 1582 1105 non
1608 1085 1679 1105 unus

881 1121 992 1158 spiritus
1007 1121 1258 1158 :quemadmodum
1275 1123 1298 1149 si
1319 1122 1381 1158 quis
1400 1122 1591 1150 haereticorum
1606 1122 1679 1149 ami-

881 1174 930 1195 cus
946 1166 992 1201 sit,
1013 1166 1189 1202 dogmatibus
1212 1174 1308 1194 eorum
1332 1175 1388 1194 non
1411 1175 1463 1195 una
1487 1167 1676 1195 circumactus.

881 1212 929 1239 Vel
959 1211 1023 1248 quia
1050 1219 1136 1239 linum
1163 1211 1289 1246 spiritum
1317 1220 1365 1247 per
1395 1212 1476 1240 ﬁdem
1507 1212 1678 1247 accipientes,

881 1256 986 1284 debetis
1010 1264 1069 1284 esse
1096 1255 1256 1284 concordes.
1287 1256 1335 1284 Vel
1357 1257 1497 1292 spiritum,
1518 1256 1680 1284 unanimem

881 1301 1125 1337 promptitudinem
1145 1301 1211 1329 dicit
1233 1305 1261 1329 et
1286 1301 1518 1337 conspirationem
1543 1311 1550 1328 :
1570 1300 1680 1337 perinde

882 1353 913 1373 ac
926 1345 948 1373 si
962 1346 1074 1380 diceret,
1093 1347 1189 1374 Unum
1205 1354 1305 1382 corpus
1319 1350 1346 1374 et
1360 1354 1414 1374 una
1428 1346 1529 1374 anima.

919 1402 930 1414 «ι
953 1390 1028 1418 Sicut
1041 1390 1128 1418 vocati
1143 1391 1208 1419 estis
1218 1391 1247 1419 in
1256 1399 1310 1419 una
1323 1398 1371 1427 spe
1382 1390 1531 1418 vocationis
1543 1394 1649 1418 vestrm.
1662 1400 1676 1416 »

883 1437 968 1470 Deus,
987 1435 1090 1471 inquit,
1105 1435 1139 1464 ad
1153 1435 1249 1464 eadem
1265 1443 1313 1463 vos
1330 1435 1429 1470 vocati,
1443 1435 1582 1463 lomnibus
1595 1435 1679 1463 vitam

882 1479 1004 1513 donavit,
1019 1480 1144 1508 omnium
1168 1489 1201 1508 ex
1223 1488 1303 1516 aequo
1325 1485 1367 1508 est
1381 1485 1473 1517 caput,
1486 1487 1583 1508 omnes
1597 1480 1680 1508 simul

881 1525 1008 1553 eu‘itavit
1028 1533 1132 1557 secum,
1155 1529 1183 1553 et
1193 1525 1341 1553 consedere
1367 1525 1441 1559 fecit,
1466 1533 1497 1552 ac
1518 1519 1680 1561 simpliciter

29 1569 125 1601 ἁπλῶς
139 1568 285 1607 ὁμοτίμωςέ
298 1568 399 1602 πάντας
423 1568 619 1608 προσελάϐετο,
647 1570 694 1599 xui
711 1569 746 1599 τὰ
762 1569 827 1600 αὐτὰ
843 1571 865 1603 C
881 1578 887 1597 ι

918 1570 978 1598 dem
991 1570 1095 1598 honore
1119 1578 1216 1598 omnes
1231 1571 1346 1606 excepit,
1362 1574 1442 1606 atque
1467 1569 1565 1598 eadem
1583 1577 1681 1598 omnes

28 1613 173 1651 ἐλπίζομεν
197 1613 302 1647 πάντες.
321 1613 458 1653 Ὀφείλετε
485 1609 529 1643 οὖν
553 1614 581 1643 ἓν
608 1609 736 1644 εἶναικαὶ
757 1613 827 1644 κατὰ

26 1657 79 1700 τὴν
107 1659 153 1694 τῆς
181 1657 286 1696 ἀγάπης
320 1658 441 1695 ἑνότητα.
477 1659 526 1689 Ἐν
541 1658 592 1700 γὰρ
618 1658 672 1693 τοῖς
710 1660 827 1700 οὐρανοῖς

23 1698 96 1738 ἶσοι,
111 1702 160 1732 κᾶν
175 1702 200 1722 ⁵³
212 1704 237 1732 ἔν
254 1705 287 1743 τῇ
301 1705 335 1742 γῇ
349 1703 533 1742 διεστήχαμεν.

75 1758 90 1776 (ι
101 1743 150 1781 Εἷς
164 1747 274 1787 Κύριος,
296 1748 345 1786 μία
359 1748 463 1786 πίστις,
478 1748 504 1778 ἓν
517 1748 667 1788 βάπτισμα.
682 1759 697 1778 ι)
716 1748 763 1784 Μὴ
776 1748 827 1790 γὰρ

24 1791 62 1822 σὺ
75 1791 124 1830 μὲν
151 1792 257 1831 μείζονα
281 1792 350 1832 ἔχεις
378 1792 490 1833 Κύριον,
514 1795 610 1827 ἐκεῖνος
634 1793 661 1823 δὲ
677 1793 805 1823 ἐλάττονα
819 1806 825 1813 ·

25 1838 68 1875 μὴ
93 1837 146 1877 γὰρ
161 1837 193 1866 σὺ
222 1838 269 1875 μὲν
291 1838 343 1867 ἀπὸ
370 1838 498 1875 πίστεως,
528 1839 625 1872 ἐκεῖνος
649 1838 677 1867 δὲ
701 1839 728 1872 ἐξ
745 1838 826 1877 ἔργων

24 1882 133 1918 ἐσώθη·
163 1881 200 1920 μὴ
227 1881 279 1922 γὰρ
291 1882 322 1912 σὺ
340 1881 399 1922 μὲν,
411 1882 464 1912 ἀπὸ
479 1885 526 1913 τοῦ
543 1882 726 1922 βαπτίσματος
746 1885 825 1919 ἠλευ-

23 1925 157 1966 οερώθης,
174 1927 271 1961 ἐκεῖνος
284 1927 311 1956 δὲ
323 1926 364 1956 οὔ.

71 1985 83 1997 ι
100 1967 148 2004 Εἷς
167 1972 234 2005 Θεὸς
247 1971 292 2001 καὶ
307 1972 402 2012 Πατὴρ
416 1971 522 2002 πάντων
531 1994 540 2008 ,
561 1973 574 2001 ὁ
589 1972 633 2001 ἐπὶ
646 1972 768 2010 πάντων,
781 1973 827 2002 καὶ

24 2017 73 2047 διὰ
95 2016 218 2053 πάντων,
244 2016 290 2046 καὶ
311 2017 336 2046 ἐν
361 2022 441 2047 πᾶσιν
462 2017 534 2056 ὑμῖν.
559 2028 574 2045 ι)
603 2017 763 2054 Τουτέστιν,
792 2018 827 2047 (Ο

25 2062 121 2093 ἐπάνω
141 2061 263 2097 πάντων,
287 2062 331 2091 καὶ
354 2063 397 2092 διὰ
421 2062 528 2092 πάντων
554 2064 648 2102 χωρῶν
669 2065 701 2102 τῇ
717 2063 827 2104 προνοίᾳ

24 2107 74 2136 καὶ
92 2106 236 2143 διοικήσει,
255 2106 300 2136 χαὶ
315 2108 342 2136 ἐν
357 2112 438 2136 πᾶσιν
461 2109 523 2146 ὑμῖν
539 2109 681 2138 κατοικῶν.
698 2108 825 2146 Σημείω-

24 2163 75 2181 σαι
91 2151 139 2190 δὲ,
163 2150 203 2181 ὅτι
218 2152 241 2180 οἳ
258 2151 306 2190 μὲν
331 2153 456 2191 eripe-riin
472 2152 534 2188 τὴν,
560 2165 572 2178 ι
592 2153 643 2181 Διὰ
654 2176 661 2188 ,
679 2167 690 2179 1
706 2153 826 2192 πρόθεσιν

25 2193 213 2235 ἀποκληροΰσι
228 2199 267 2237 τῷ
274 2198 347 2237 Υἱῷ,
360 2196 404 2226 καὶ
415 2197 465 2233 τὴν
476 2219 484 2233 ,
502 2211 514 2223 ιι
528 2197 584 2234 Ἐν,
600 2210 612 2223 ι
629 2199 666 2238 τῷ
679 2199 827 2238 Πνεύματι,
847 2194 872 2225 Ι)

935 2199 987 2226 Per
1019 2209 1032 2222 ι»
1062 2197 1187 2225 tribuunt
1211 2196 1295 2230 Filio;
1326 2208 1338 2220 e-

24 2244 64 2275 ὡς
92 2242 241 2271 ἐλάττωσιν
266 2241 440 2280 εἰσάγουσαν·
464 2245 508 2272 ν’ὖν
535 2241 562 2271 δὲ
588 2245 626 2282 τῷ
648 2243 735 2283 "arpi
762 2244 830 2283 εὑρί-

23 2298 141 2316 σκονται
154 2286 344 2326 προσκείμεναι
355 2298 362 2305 ο
375 2287 421 2316 οὐκ
437 2286 489 2327 ἄρα
504 2287 684 2321 ἐλαττώσεως.

74 2382 89 2400 (ι
105 2370 170 2402 Ἑνὶ
185 2371 212 2401 δὲ
235 2371 339 2412 ἑκάστῳ
361 2373 436 2409 ἡμῶν
452 2371 528 2408 ἐδόθη
543 2374 560 2408 ἡ
586 2371 683 2412 χάρις,
708 2372 779 2402 κατὰ
802 2373 832 2404 τὸ

24 2417 130 2455 μέτρον
146 2418 193 2452 τῆς
212 2417 312 2454 δωρεᾶς
338 2420 383 2446 τοῦ
402 2418 527 2456 Χριστοῦ.
543 2427 558 2446 n
578 2418 612 2446 Εἰ
632 2417 721 2446 πάντα
745 2417 830 2457 ἐστὶν,

22 2463 62 2495 ὡς
83 2460 188 2500 λέγεις,
206 2460 296 2497 κοινὰ,
316 2461 394 2490 πόθεν
414 2463 427 2490 ὁ
443 2462 514 2491 δεῖνα
539 2463 627 2500 μεῖζον
639 2484 646 2498 ,
665 2462 709 2491 καὶ
724 2463 739 2491 ὁ
760 2463 831 2492 δεῖνα

23 2506 142 2535 ἔλαττον
168 2505 224 2546 ἔχει
252 2506 391 2546 χάρισμα;
419 2508 497 2536 τοῦτο
519 2506 571 2546 γὰρ
595 2506 706 2543 αὐτοὺς,
726 2509 760 2540 ὡς
786 2508 832 2536 καὶ

24 2550 189 2591 Κορινθίους
219 2551 265 2581 καὶ
289 2550 401 2584 πολλοὺς
436 2551 549 2588 ἄλλους,
581 2553 616 2586 εἰς
650 2551 741 2590 φθόνον
771 2547 829 2591 ⁵ἦγε.

25 2595 111 2625 Atin
128 2591 175 2625 οὖν
191 2598 281 2632 τοῦτο,
306 2596 402 2636 φησὶν,
426 2596 466 2625 ὅτι
486 2596 592 2637 ἑκάστῳ
615 2597 691 2632 ἐδόθη
706 2596 736 2626 τὸ
751 2597 831 2637 λάρι-

22 2652 106 2679 σμα,
133 2642 170 2674 ὡς
185 2641 331 2681 ἐμέτρησεν
346 2643 359 2669 ὁ
383 2640 581 2680 δωρησάμενος.
603 2641 691 2671 Ὥστε
713 2641 771 2671 ἐπεὶ
784 2641 832 2681 μὲν

22 2685 118 2725 δωρεά
135 2686 225 2724 ἐστιν,
243 2686 350 2724 ἀγάπα,
374 2685 414 2714 ὅτι
437 2685 504 2720 ὅλως
528 2685 638 2720 ἔλαϐες·
658 2686 696 2724 μὴ
721 2686 772 2726 γὰρ
797 2689 832 2720 ὡς

22 2730 109 2772 χρέος
123 2741 168 2761 σοι
187 2729 302 2761 δέδοται.
324 2729 401 2761 Ἐπεὶ
417 2729 487 2760 δὲτὸ
502 2730 598 2772 μέτρον
619 2732 633 2762 ὁ
648 2730 716 2765 Θεὸς
735 2731 832 2772 ὥρισε,

881 1622 1032 1650 speramus.
1061 1615 1173 1643 Debetis
1200 1615 1283 1651 igitur
1309 1623 1394 1643 unum
1426 1622 1494 1646 esse,
1527 1615 1680 1642 secundum

881 1660 1021 1688 charitatis
1050 1660 1133 1688 etiam
1162 1660 1394 1695 coniunctionem.
1428 1661 1457 1687 In
1492 1659 1570 1688 caelis
1604 1660 1679 1687 enim

881 1704 1000 1740 aequales
1013 1705 1127 1738 erimus,
1143 1705 1248 1733 etiamsi
1272 1705 1299 1732 in
1323 1709 1395 1732 terra
1411 1705 1555 1733 dissimiles
1574 1711 1680 1732 sumus.

918 1750 1007 1777 Vens.
1025 1753 1051 1776 7.
1076 1761 1087 1773 α
1105 1751 1185 1777 Unus
1199 1750 1347 1782 Dominus,
1363 1757 1415 1777 una
1434 1749 1511 1782 ﬁdes,
1528 1757 1616 1776 unum
1631 1748 1683 1775 ba-

881 1794 990 1830 ptisma.
1018 1805 1030 1818 υ
1052 1795 1112 1821 Non
1135 1794 1206 1821 enim
1222 1798 1251 1821 tu
1265 1794 1401 1830 majorem
1418 1794 1500 1821 habes
1516 1793 1678 1827 Dominum,

881 1838 926 1865 ille
949 1846 1014 1866 vero
1041 1838 1190 1870 minorem;
1216 1846 1272 1866 non
1300 1843 1329 1866 tu
1357 1846 1390 1865 ex
1414 1837 1476 1870 lide,
1502 1837 1547 1864 ille
1568 1845 1631 1864 vero
1647 1845 1680 1865 ex

881 1883 1008 1918 operibus
1021 1891 1088 1910 εει-ιιι
1099 1887 1143 1910 tus
1161 1886 1202 1910 est
1219 1892 1225 1910 :
1249 1891 1305 1910 non
1327 1887 1358 1910 tu
1372 1890 1404 1910 ex
1431 1882 1590 1918 baptismate
1612 1881 1680 1910 liber

881 1927 970 1955 factus
984 1935 1024 1961 es,
1044 1927 1089 1955 ille
1107 1935 1170 1955 vero
1185 1935 1250 1955 non.

917 1973 1004 2001 Vsus.
1033 1976 1059 2000 6.
1082 1984 1094 1996 α
1119 1973 1200 2000 Unus
1219 1974 1294 2000 Dens
1317 1976 1345 2000 et
1367 1973 1445 2000 Pater
1471 1971 1609 2005 omnium,
1633 1972 1681 2007 qui

881 2025 963 2053 super
977 2017 1081 2051 omnia,
1104 2021 1131 2045 et
1147 2025 1194 2053 per
1208 2017 1314 2051 omnia,
1332 2022 1359 2045 et
1373 2017 1401 2044 in
1416 2017 1546 2044 omnibus
1560 2016 1647 2044 vobis.
1664 2028 1678 2040 ι»

883 2064 942 2091 Hoc
956 2067 1008 2096 est,
1025 2063 1076 2098 Qui
1087 2070 1169 2098 supra
1182 2062 1286 2096 omnia,
1302 2066 1330 2090 et
1341 2070 1387 2098 per
1401 2062 1495 2090 omnia
1512 2060 1681 2098 providentia

882 2112 909 2136 et
922 2108 1121 2144 gubernatione
1135 2111 1281 2141 commeat,
1303 2111 1329 2134 et
1344 2107 1371 2135 in
1392 2106 1523 2134 omnibus
1538 2106 1615 2134 vobis
1630 2105 1680 2133 ha-

883 2153 960 2181 bitat.
988 2153 1110 2181 Observa
1131 2156 1223 2180 autem
1239 2151 1315 2188 qoud
1334 2151 1437 2180 hwetici
1458 2151 1681 2187 praepositionem

1367 2198 1396 2223 In
1427 2207 1437 2220 ιι
1465 2204 1528 2224 vero
1556 2196 1682 2232 Spiritui,

885 2247 1016 2278 tanquam
1043 2241 1266 2270 imminutionem
1288 2240 1389 2268 inferat
1410 2251 1416 2268 :
1435 2241 1494 2276 jam
1516 2248 1581 2268 vero
1606 2241 1680 2268 Patri

884 2288 1016 2323 apposita:
1038 2286 1216 2315 inveniuntur
1245 2295 1251 2312 :
1281 2293 1338 2314 non
1367 2285 1448 2321 igitur
1478 2285 1683 2313 imminutionis

885 2336 960 2361 sunt.

921 2379 1008 2405 Vens.
1028 2381 1054 2404 7.
1080 2388 1092 2401 κ
1117 2376 1273 2412 Unicuique
1296 2380 1392 2403 autem
1418 2380 1546 2404 nostrum
1561 2375 1625 2404 data
1641 2380 1683 2404 est

886 2422 982 2458 gratia,
1008 2421 1160 2450 secundum
1183 2429 1340 2449 mensuram
1363 2421 1519 2449 donationis
1533 2421 1646 2449 Christi.
1666 2431 1680 2448 ιι

886 2468 914 2495 Si
936 2467 1040 2498 omnia.
1069 2467 1109 2494 uti
1136 2466 1214 2497 dicis.
1243 2470 1304 2494 sunt
1337 2466 1505 2503 communia,
1532 2465 1606 2494 unde
1631 2467 1683 2495 iste

886 2513 985 2549 majus,
1001 2517 1028 2540 et
1040 2512 1085 2540 ille
1097 2512 1191 2540 minus
1206 2511 1289 2539 habet
1308 2511 1430 2540 donum?
1445 2511 1498 2539 hoc
1510 2511 1582 2539 enim
1598 2511 1683 2546 ipsos,

887 2557 999 2593 perinde
1020 2565 1052 2585 ac
1077 2556 1236 2585 Corinthios
1261 2560 1288 2584 et
1307 2556 1376 2584 alios
1400 2556 1554 2592 plerosque,
1569 2555 1602 2583 ad
1616 2555 1684 2582 invi-

887 2601 961 2629 diam
988 2601 1122 2637 perduxit.
1138 2601 1251 2629 Diluens
1265 2601 1346 2637 igitur
1365 2600 1426 2635 hoc,
1444 2600 1532 2636 inquit
1549 2609 1556 2627 :
1572 2599 1684 2627 Unicui-

887 2653 939 2682 que
953 2645 1017 2673 data
1032 2650 1075 2673 est
1089 2646 1175 2681 gratia
1186 2649 1213 2673 et
1223 2645 1338 2680 donum,
1352 2644 1586 2681 quemadmodum
1602 2643 1684 2679 parti-

886 2693 930 2718 tus
952 2694 993 2718 est
1016 2690 1062 2726 qui
1087 2690 1177 2719 dedit.
1206 2690 1325 2719 Proinde
1347 2690 1410 2725 quia
1439 2689 1544 2717 donum
1570 2691 1622 2722 est,
1649 2687 1685 2716 sis

887 2740 1047 2771 contentus,
1070 2736 1201 2772 quoniam
1226 2736 1342 2764 omnino
1364 2734 1492 2770 accepisti
1512 2743 1519 2763 :
1539 2741 1595 2762 non
1609 2732 1682 2761 enim

731 2789 823 2820 Variae
847 2789 997 2823 lectiones.

63 2849 89 2867 "
103 2849 305 2887 συγχροτοΰνται
317 2856 345 2880 0.
383 2850 403 2869 ⁶¹
419 2849 522 2882 ἑαυτοὺς
537 2849 706 2886 άλλήλοιςιη.
744 2850 766 2867 ⁵³
780 2849 836 2885 ἴσην
850 2849 986 2887 προθυμίαν
997 2857 1024 2879 o.
1062 2848 1084 2867 ⁵³
1096 2848 1117 2877 εἰ
1132 2849 1173 2876 καὶ
1186 2857 1213 2878 ο.
