1886 3082
54 218 131 247 1085

504 217 680 246 EXPOSITIO
701 218 734 246 1N
754 218 860 246 EPIST.
878 218 925 246 AD
944 219 1062 246 EPHES.
1081 233 1117 239 —
1135 219 1210 247 CAP.
1231 219 1274 246 IV.

1634 221 1704 249 1088

51 292 99 316 νος
125 283 160 315 εἰς
174 281 222 318 τὴν
238 283 304 321 γῆν,
329 280 375 311 καὶ
391 280 476 311 Θανὼν
491 281 527 316 εἷς
551 281 596 310 τὸν
613 280 679 322 ᾅδην
691 293 698 300 ·
719 280 764 311 καὶ
779 284 793 312 ὁ
809 282 855 311 αὖ-
870 283 897 314 Α
912 290 914 317 1

945 289 1024 309 anum
1036 285 1078 308 est
1091 280 1166 317 quod
1178 289 1243 309 cum
1255 281 1282 308 in
1296 281 1422 317 supernis
1435 287 1517 315 esset,
1532 282 1705 311 descenderit

49 327 100 361 τός
117 328 173 357 ἐστι
188 326 235 357 καὶ
252 321 308 364 εἶς’,
324 327 372 357 οὒκ
382 326 460 360 ἄλλος
474 325 520 356 καὶ
535 321 624 360 ἄλλοςέ

99 428 112 440 ι
131 413 185 444 Καὶ
200 413 278 447 αὐτὸς
301 413 412 444 ἔδωκεν.
440 427 452 440 ι
469 412 656 454 Ἐμφαντικῶς
679 412 707 443 δὶ
734 408 792 443 εἷπε
810 412 857 451 τὸ,

57 473 69 484 -
92 458 189 493 Αὖτός.
224 472 237 485 ιι
264 457 301 489 ⁸0
328 458 380 499 γὰρ
410 457 488 495 οὕτω,
523 458 606 499 φησὶ,
645 458 858 498 προνοησάμενος

51 505 153 541 ἡμῶν,
168 503 214 533 καὶ
230 504 297 543 ὗπὲρ
316 504 394 542 ἡμῶν
416 503 453 541 μὴ
474 503 706 543 παραιτησάμενος
721 502 785 543 ἄχρι
810 503 856 532 καὶ

51 550 112 577 τῶν
131 547 286 588 κατωτέρων
303 550 391 589 μερῶν
406 549 554 584 κατελθεῖν,
571 549 621 587 οὐχ
634 548 723 582 ἅπλῶς
736 549 783 581 τὰς
797 548 856 577 δια-

51 592 142 630 νομὰς
157 595 210 622 τῶν
225 593 401 634 χαρισμάτων
417 592 553 634 ἐποίησεν,
579 592 647 622 ἀλλὰ
667 593 746 629 δῆλον
761 594 795 626 ὡς
810 603 854 622 σο-

52 639 114 677 φῶς
129 637 173 667 καὶ
184 637 368 678 συμφερόντως
379 637 414 667 ⁵9.
430 639 491 670 Πῶς
504 633 548 667 οὖν
561 638 665 676 ἀλγεῖς,
679 639 714 671 ὥς
722 638 769 666 οὐκ
783 637 856 667 εὐλό-

52 694 112 720 γως
127 684 174 717 τῆς
191 683 316 720 διανομῆς
329 682 490 721 γενομένηςς
503 682 633 721 Ἀλλαχοῦ
655 682 681 711 δὲ
697 681 727 711 1‘0
743 681 855 718 Πνεῦμα

53 738 125 766 φησι
154 726 300 765 διανέμειν·
322 738 336 756 (ι
351 727 398 757 Ἐν
413 722 435 756 δ’)
455 726 500 755 καὶ
515 728 584 765 ὗμᾶς
606 726 679 756 ἔθετο
694 726 723 756 τὸ
742 727 854 765 Πνεῦμα

53 772 88 800 τὸ
114 770 207 810 ἅγιον·
223 782 237 800 1)
257 773 323 808 καὶ,
337 785 349 798 ιι
365 772 458 802 Πάντα
470 773 568 811 ἐνεργεῖ
590 771 621 801 τὸ
640 771 667 800 ἓν
679 771 725 801 καὶ
744 770 775 800 τὸ
791 771 856 801 αὐτὸ

56 817 185 855 Πνεῦμα.
198 828 212 846 ι)
231 816 285 847 Καὶ
296 817 426 856 ἀλλαχοῦ,
439 816 482 845 τὸν
496 816 616 855 Πατέρα,
626 818 661 850 ὡς
673 817 714 855 τὸ,
734 827 748 844 α
757 814 855 846 Ἔθετο

52 863 69 890 ὁ
83 861 151 894 θεὸς
173 862 200 890 ἐν
275 861 426 900 Ἐκκλησία
451 862 555 900 πρῶτον
583 861 760 898 ἀποστόλους,
780 874 791 887 ιο
807 861 852 890 καὶ

51 906 89 934 τὰ
107 905 182 942 ἑξῆς·
205 905 251 935 καὶ
266 905 314 943 τὸ,
347 917 362 934 «
378 905 451 944 Ἐγὼ
467 905 612 945 ἐφύτευσα,
629 905 762 939 Ἀπολλὼς
787 905 853 935 ἱπό-

51 961 114 979 τισε
126 973 133 986 ,
156 951 200 980 καὶ
221 952 234 980 ὁ
249 950 318 984 Θεὸς
334 949 456 986 ηὔξανεν.
481 963 494 977 ι
513 949 646 980 Ἐνταῦθα
664 950 691 980 δὲ
719 950 764 980 τὸν
777 950 851 982 Υἱόν.

55 995 118 1024 Μία
131 995 181 1036 ἄρα
197 998 214 1032 ἡ
226 994 343 1036 ἐνέργεια
352 996 403 1024 τῶν
419 996 506 1036 τριῶν.

99 1094 110 1106 σι
137 1080 206 1114 Τοὺς
236 1080 284 1119 μὲν
314 1080 494 1117 ἀποστόλους,
527 1079 588 1114 τοὺς
617 1080 644 1110 δὲ
671 1081 818 1122 προφήτας,
843 1095 856 1108 ι

58 1127 168 1166 Πρῶτοι
180 1125 203 1154 οἳ
225 1125 385 1163 ἀπόστολοι,
401 1125 493 1161 ἐπειδὴ
511 1125 557 1155 καὶ
578 1120 746 1166 προφητείας
767 1120 853 1166 εἶχον-

54 1172 82 1200 oi
99 1170 127 1199 δὲ
142 1171 292 1210 προφῆται,
310 1172 335 1201 οἱ
351 1171 377 1200 ἐν
392 1172 425 1210 τῇ
449 1169 505 1211 Νέᾳ
524 1165 646 1208 δηλαδὴ,
664 1171 711 1201 οὔκ
722 1165 795 1211 εἶχον
803 1165 855 1201 καὶ

54 1215 219 1251 ἀποστολὴν.

98 1275 111 1287 ι
130 1262 155 1291 Τ
157 1260 200 1294 οὺς
221 1260 249 1290 δὲ
261 1260 458 1301 εὖαγγιλιστάς.
481 1274 494 1287 ν
516 1261 557 1292 Ἦ
571 1259 631 1294 τοὺς
645 1260 676 1290 τὸ
692 1261 853 1302 Εὖαγγέλιον

54 1305 345 1346 συγγραψαμένουςω,
374 1305 466 1341 ἢτοὺς
493 1305 532 1344 μὴ
548 1305 697 1345 περιιόντας
722 1305 771 1344 μὲν
786 1318 853 1336 παν-

53 1353 156 1390 ταχοῦ,
182 1349 428 1391 εὖαγγελιζομένους
441 1351 464 1380 δ’
485 1346 542 1388 οἶν,
565 1351 601 1384 ὡς
628 1349 780 1390 Πρίσκιλλα
807 1350 852 1380 καὶ

54 1395 182 1429 Ἀκύλας.

99 1455 111 1465 -ι
126 1439 194 1474 Τοὺς
210 1440 238 1470 δὲ
264 1439 394 1480 ποιμένας
414 1439 460 1470 καὶ
485 1439 667 1474 διδασκάλους.
685 1453 697 1467 ιι
720 1439 790 1475 Τοὺς
805 1440 853 1475 τὰς

55 1483 222 1521 Ἰίγκλησίας
260 1483 504 1525 ἐγκεχειρισμένους
535 1484 625 1525 λέγει,
653 1484 713 1519 τοὺς
741 1485 852 1515 ἐπισκό-

56 1541 136 1566 πους,
159 1525 212 1564 οἶος
230 1526 264 1567 ἧν
286 1530 429 1570 Τιμόθεος,
444 1529 524 1563 Τίτος
535 1552 543 1567 ,
558 1530 604 1560 καὶ
620 1530 644 1559 οἱ
658 1532 782 1561 τοιοῦτοι.
799 1530 852 1561 Δύ-

55 1586 135 1604 νασαι
151 1574 177 1604 δὲ
201 1574 330 1614 ποιμένας
354 1575 400 1605 καὶ
422 1573 482 1608 τοὺς
507 1574 701 1615 πρεσϐυτέρους
728 1577 774 1605 καὶ
793 1576 852 1606 ἐπι-

57 1619 169 1653 σκόπους
191 1622 296 1656 νοῆσαν
320 1619 496 1653 διδασκάλους
511 1619 553 1658 δὲ,
569 1620 615 1650 καὶ
629 1620 690 1654 τοὺς
703 1619 849 1655 διακόνους.

910 334 959 362 per
984 326 1201 354 incarnationem
1223 326 1251 353 in
1270 330 1383 360 terram,
1408 330 1436 354 et
1459 334 1507 362 per
1529 333 1648 356 mortem
1669 327 1703 356 ad

910 371 995 407 396
1010 370 1120 404 inferos,
1136 370 1266 407 idemque
1282 375 1309 398 et
1323 379 1403 404 unus,
1415 379 1471 398 non
1483 371 1614 400 diversus.

945 417 1037 444 Vsus.
1058 419 1100 443 ιι.
1125 428 1138 440 κ
1160 417 1195 443 Et
1214 415 1271 452 ipse
1295 415 1403 444 dedit.»
1430 416 1589 452 Emphatice
1612 421 1705 445 autem

910 460 988 495 dixit,
1005 470 1019 487 ιι
1035 462 1104 496 Ipse.
1122 472 1134 485 ι
1151 461 1205 496 Qui
1224 460 1298 488 enim
1313 460 1382 489 adeo
1398 461 1485 489 nostri
1503 469 1598 489 curam
1613 462 1707 497 gessit,

909 510 941 533 ut
963 514 1013 541 pro
1035 505 1113 533 nobis
1136 514 1192 533 non
1210 505 1343 534 recusarit
1364 513 1399 533 ne
1421 505 1457 533 ad
1473 505 1581 534 inﬁmas
1595 505 1707 542 quidem

909 554 992 578 terrae
1007 555 1098 586 partes
1113 549 1290 585 descendere,
1309 549 1383 578 haud
1400 549 1558 586 simpliciter
1577 550 1708 579 distribu-

909 594 998 623 tiones
1022 594 1159 622 donorum
1183 594 1258 628 fecit,
1273 602 1371 622 verum
1390 595 1503 630 planum
1517 599 1558 623 est
1573 594 1648 631 quod
1663 603 1706 622 sa-

909 639 1016 675 pienter
1045 643 1073 667 et
1095 639 1251 667 commode.
1276 638 1349 674 Quid
1369 639 1452 675 igitur
1475 639 1551 667 doles
1574 643 1707 675 tanquam

909 690 965 711 non
979 690 1059 719 requa
1073 683 1228 711 distributio
1241 682 1313 712 facta
1335 683 1392 711 sit?
1411 683 1473 711 Alio
1493 689 1586 712 autem
1603 684 1631 711 in
1646 683 1707 712 loco

909 727 1039 763 Spiritum
1054 727 1120 756 dicit
1135 727 1302 764 dispensare.
1322 740 1334 752 ιι
1360 729 1393 756 In
1419 736 1474 764 quo
1498 733 1525 756 et
1544 736 1596 756 nos
1617 729 1708 764 posuit

908 772 1023 808 Spiritus
1042 773 1163 801 sanetus’
1178 781 1186 801 :
1200 785 1213 798 ν
1234 777 1270 808 et,
1290 784 1301 797 -
1318 773 1415 801 Omnia
1438 777 1567 808 operatur
1588 781 1661 801 unus
1681 777 1710 801 et

908 816 983 844 idem
1003 817 1129 853 Spiritus.
1156 829 1170 842 ιι
1193 817 1268 845 Alias
1288 822 1316 846 et
1335 818 1405 854 patri
1430 817 1483 845 hoc
1507 818 1603 846 tribuit
1629 827 1636 846 :
1665 822 1706 852 ut,

909 873 921 885 α
942 862 1036 889 Posuit
1050 863 1125 889 Deus
1138 862 1166 890 in
1176 862 1314 890 Ecclesian
1325 863 1443 898 primum
1453 862 1565 899 quidem
1595 866 1708 898 aposto-

909 906 960 941 los,
979 918 993 932 ι
1006 910 1035 934 et
1049 914 1111 943 quin
1123 911 1288 943 sequuntur.
1300 908 1345 940 Et,
1363 918 1376 931 α
1393 909 1450 943 Ego
1464 907 1594 942 plantavi,
1608 906 1707 943 Apollo

872 943 896 975 Β
910 952 1017 988 rigavit,
1040 953 1117 980 Deus
1137 955 1230 979 autem
1257 951 1458 979 incrementum
1480 951 1557 980 dedit
1576 956 1599 979 σ.
1622 963 1635 977 ι
1655 952 1707 980 Hic

911 1001 1004 1024 autem
1013 996 1114 1025 Filium
1127 996 1345 1033 dispensatorem
1356 996 1432 1025 facit.
1448 997 1512 1025 Una
1527 996 1609 1033 igitur
1622 996 1706 1026 trium

911 1046 952 1069 est
966 1041 1098 1077 operatio.

948 1098 960 1111 ιι
987 1086 1130 1122 Quosdam
1150 1086 1262 1122 quidem
1283 1086 1431 1122 apostolos,
1458 1085 1593 1123 quosdam
1614 1090 1706 1114 autem

909 1131 1070 1167 prophetas.
1097 1142 1110 1156 ι
1129 1131 1212 1159 Primi
1238 1135 1303 1159 sunt
1324 1131 1458 1167 apostoli,
1482 1130 1706 1167 quandoquidem

909 1180 937 1204 et
951 1176 1108 1212 prophetias
1127 1175 1266 1204 habebant
1286 1184 1293 1202 :
1315 1175 1458 1211 prophetae
1470 1180 1574 1210 autem,
1591 1176 1619 1203 in
1629 1176 1707 1203 Novo

909 1220 1012 1248 scilicet
1036 1221 1224 1254 Testamento,
1257 1220 1441 1256 apostolauun
1471 1229 1527 1248 non
1558 1219 1705 1248 habebant.

946 1277 959 1290 ι
982 1265 1059 1293 Alios
1082 1273 1146 1293 vero
1170 1265 1361 1302 evnngelistas.
1384 1276 1398 1289 ι
1420 1265 1468 1292 Vel
1500 1273 1546 1293 eos
1570 1265 1617 1301 qui
1639 1273 1706 1293 con‘

908 1310 1077 1346 scripserunt
1107 1310 1262 1346 Evangelia,
1287 1310 1327 1337 vel
1356 1310 1402 1346 qui
1428 1318 1484 1338 non
1505 1310 1629 1346 undique
1652 1310 1707 1337 cir—

906 1355 1062 1389 cumierim,
1080 1355 1259 1391 Evangelium
1273 1359 1368 1383 tamen
1392 1354 1584 1390 praedicantes,
1611 1355 1706 1391 quales

907 1399 1028 1434 fuerunt,
1046 1399 1165 1427 Priscilla
1183 1404 1210 1427 et
1224 1400 1322 1436 Aquila
1338 1411 1365 1431 ιι.

945 1457 957 1469 ι
970 1444 1046 1473 Alios
1057 1449 1150 1472 autem
1165 1448 1289 1481 pastores
1302 1449 1330 1472 et
1344 1444 1482 1472 doctores.
1505 1456 1519 1470 ι
1535 1446 1590 1473 Eos
1605 1444 1705 1480 quibus

906 1489 1037 1518 Ecclesia;
1075 1493 1154 1517 erant
1194 1489 1349 1517 commissae
1386 1488 1521 1524 intelligit,
1563 1490 1707 1525 episcopos

907 1534 1021 1568 scilicet,
1037 1534 1132 1570 quales
1155 1538 1233 1562 erant
1253 1533 1425 1567 Timotheus,
1448 1534 1525 1561 Titus
1547 1538 1575 1562 et
1597 1533 1640 1562 alii
1653 1534 1707 1562 hu-

903 1578 1036 1615 jusmodi.
1061 1578 1166 1607 Poteris
1189 1583 1284 1606 autem
1306 1586 1356 1614 per
1378 1582 1510 1613 pastores,
1532 1578 1707 1614 presbyteros

907 1627 935 1652 et
955 1623 1098 1660 episcopos
1120 1623 1272 1659 intelligere
1293 1631 1300 1651 :
1322 1630 1371 1659 per
1394 1622 1524 1650 doctores
1536 1631 1618 1656 vero,
1634 1622 1707 1659 ipsos

57 1664 114 1694 Καὶ
138 1664 189 1704 γὰρ
226 1664 272 1694 καὶ
286 1661 368 1702 οὗτοιῖ
385 1664 418 1700 τὴ
447 1664 610 1705 καθαρτικὴν
630 1663 705 1699 τάξιν
731 1665 852 1706 ἔχοντες,
867 1677 890 1708 C
907 1677 914 1696 ι

945 1677 990 1696 am
1011 1667 1142 1696 diaconos
1163 1667 1288 1704 adeoque
1321 1667 1471 1695 ministros.
1497 1669 1607 1696 Etenim
1623 1672 1651 1696 et
1670 1668 1706 1696 illi

56 1708 100 1738 διὰ
113 1711 158 1739 τοῦ
171 1708 250 1749 λόγου
264 1709 420 1750 καθαίρουσι
434 1708 549 1744 πάντως.

98 1810 110 1821 α
127 1795 197 1837 Πρὸς
226 1796 271 1826 τὸν
300 1796 484 1836 καταρτισμὸν
512 1797 565 1826 τῶν
590 1796 693 1836 ἁγίων,
721 1798 743 1826 εἰ
780 1795 855 1836 ἔργον

56 1841 206 1878 διακονίας,
228 1842 264 1874 εἷς
278 1840 420 1880 οἰκοδομὴν
441 1844 485 1870 τοῦ
501 1841 623 1879 σώματος
638 1843 683 1871 τοῦ
698 1841 829 1881 Χριστοῦ.
844 1856 856 1868 ι

54 1885 141 1926 Ὁρᾷς
176 1886 207 1915 τὸ
233 1885 353 1925 ἀξίωμα;
384 1883 534 1923 Ἕκαστος,
569 1885 657 1926 φησὶ,
683 1886 853 1925 καταρτίζει,

55 1930 166 1964 ἕκαστος
190 1931 308 1961 διακονεῖ
328 1930 396 1971 πρὸς
420 1930 470 1966 τὴν
496 1930 638 1970 οἴκοδομὴν
654 1932 700 1960 τοῦ
731 1930 855 1969 σώματος

55 1978 103 2004 τοῦ
117 1976 250 2015 Χριστοῦ,
273 1975 332 2012 ἤτοι
347 1977 394 2012 τῆς
421 1975 594 2011 Ἐκκλησίας.
610 1973 696 2005 σ¹Ωστε
717 1976 743 2005 τί
766 1977 855 2015 ἀλγεῖς

57 2022 93 2053 ὡς
109 2020 218 2050 ἔλαττον
235 2020 357 2060 χάρισμα
377 2019 486 2055 λαϐών;
506 2019 560 2050 Καὶ
581 2020 633 2059 γὰρ
645 2020 691 2049 καὶ
708 2020 740 2049 σὺ
760 2033 772 2047 α
789 2021 854 2061 πρὸς

56 2065 99 2094 τὸν
115 2066 296 2105 καταρτισμὸν
319 2067 372 2095 τῶν
399 2065 493 2104 ἁγίων,
519 2075 534 2094 n
558 2064 699 2102 τουτέστι,
721 2065 787 2104 πρὸς
805 2065 852 2102 τὴν

55 2109 187 2150 ὠῖρίλειαν
198 2111 250 2140 τῶν
265 2112 366 2140 πιστῶν
379 2132 387 2146 ,
402 2110 448 2139 καὶ
465 2109 513 2145 τὴν
524 2109 658 2139 τελείωσιν
669 2110 692 2128 θ’
711 2111 851 2144 συντελεῖς.

53 2155 128 2194 Ὅρα
141 2151 185 2184 οὖν
198 2177 206 2191 ,
223 2154 260 2193 μὴ
275 2154 362 2184 λαϐὼν
373 2154 403 2184 τὸ
419 2154 555 2194 χάρισμα,
572 2153 617 2184 ἵνα
637 2154 732 2188 ἄλλους
747 2155 853 2185 οἰκοδο.

56 2201 122 2239 μῇς,
144 2195 200 2229 εἶτα
227 2201 256 2229 ἐκ
275 2201 321 2230 τοῦ
337 2203 438 2240 φθονεῖν
454 2203 508 2233 τοῖς
532 2201 634 2238 μεῖζοσι
647 2222 655 2238 ,
678 2199 788 2230 σεαυτὸν
801 2211 852 2229 κα-

54 2244 216 2285 ταστρέιξιῃς.
254 2243 387 2282 Ἔπειτα,
423 2246 445 2274 εἰ
486 2244 552 2284 πρὸς
579 2243 761 2284 καταρτισμὸν
800 2246 852 2274 τῶν

911 1713 1038 1741 ordinem
1059 1713 1191 1741 habentes
1207 1712 1385 1749 expurgandi,
1401 1720 1451 1749 per
1468 1712 1581 1741 verbum
1595 1712 1707 1741 omnino

911 1758 1006 1786 sordes
1022 1758 1132 1786 tollunt.

946 1804 1037 1831 Vnus.
1054 1805 1095 1830 12.
1116 1814 1128 1827 οι
1152 1802 1197 1830 Ad
1211 1802 1477 1830 consummationem
1492 1806 1663 1834 sanctorum,
1679 1801 1707 1829 in

910 1856 978 1884 opus
991 1847 1142 1880 ministerii,
1157 1847 1185 1874 in
1197 1846 1407 1874 aediﬁcationem
1422 1846 1543 1881 corporis
1565 1845 1676 1874 Christi.
1691 1857 1706 1870 ι

909 1892 991 1920 Vides
1034 1891 1214 1928 dignitatem?
1256 1891 1455 1926 Unusquisque
1495 1890 1633 1918 ministrat
1671 1891 1707 1918 ad

908 1937 1124 1965 exstructionem
1139 1936 1263 1972 corporis
1280 1935 1391 1970 Christi,
1407 1935 1463 1963 sive
1480 1935 1618 1963 Ecclesiae.
1634 1934 1707 1971 Quid

907 1981 999 2017 itaque
1022 1989 1094 2017 aegre
1121 1980 1189 2014 fers,
1215 1989 1267 2008 ceu
1297 1979 1388 2008 minus
1419 1979 1525 2007 donum
1551 1979 1707 2015 acceperis?

907 2027 978 2054 Nam
993 2030 1020 2054 et
1030 2030 1061 2054 ut
1074 2036 1086 2048 ιι
1103 2025 1138 2054 ad
1153 2025 1420 2053 consummationem
1433 2028 1603 2058 sanctorum,
1626 2035 1638 2048 ι
1652 2023 1707 2052 hoc

905 2075 956 2103 est,
981 2070 1016 2098 ad
1038 2069 1263 2098 commoditatem
1292 2069 1416 2097 ﬁdelium
1447 2073 1475 2096 et
1503 2068 1706 2104 perfectionem

906 2115 1077 2143 commodas.
1092 2115 1164 2143 Cave
1184 2114 1266 2151 igitur
1280 2122 1314 2142 ne
1343 2118 1455 2150 accepto
1480 2113 1554 2141 dono
1582 2118 1613 2142 ut
1636 2114 1706 2142 alios

904 2159 1034 2193 aediﬁces,
1057 2159 1175 2195 teipsum
1195 2158 1346 2194 majoribus
1366 2157 1515 2186 invidendo
1542 2158 1704 2186 subvertas.

906 2205 1051 2238 Praeterea,
1081 2204 1102 2232 si
1127 2204 1163 2231 ad
1191 2202 1459 2231 consummationem
1488 2202 1610 2230 ﬁdelium
1636 2202 1706 2230 alius

906 2250 1012 2285 accepit
1029 2249 1118 2285 majus
1142 2248 1258 2282 donum,
1282 2247 1373 2283 cogita
1399 2247 1474 2283 quod
1492 2247 1575 2283 ipsius
1595 2255 1706 2283 quoque

53 2291 155 2318 πιττῶν
179 2289 273 2319 ἔλαϐεν
289 2289 369 2323 ἄλλος
391 2289 421 2319 τὸ
441 2290 532 2328 μεῖζον
554 2288 692 2329 χάρισμα,
708 2288 790 2318 ἐννόει
812 2289 851 2318 ὅτι
866 2295 913 2331 Dl

945 2301 984 2321 IOI‘
1007 2297 1035 2321 et
1060 2293 1242 2321 ministerium
1271 2292 1361 2328 majus
1383 2296 1433 2326 est,
1459 2296 1487 2320 et
1508 2291 1543 2319 de
1567 2292 1625 2319 istis
1650 2299 1707 2320 am-

53 2334 99 2362 καὶ
117 2334 213 2372 μείζων
233 2337 247 2364 ὁ
259 2333 339 2368 κόπος
351 2333 396 2363 καὶ
417 2336 433 2370 ἡ
449 2333 569 2365 διακονία
581 2356 589 2370 ,
611 2333 682 2370 καὶὴ
697 2333 742 2363 ἐπὶ
754 2333 853 2368 τούτοις

52 2378 147 2415 εὖἏύνη
164 2380 270 2417 μείζων.
303 2378 403 2412 Ἄλλως
426 2379 471 2415 δὲ,
496 2380 552 2413 πῶς
579 2379 607 2408 οὖ
634 2378 776 2407 σατανικὸν
800 2379 851 2408 πά-

52 2427 96 2457 Θος
117 2424 218 2464 φθονεῖν
254 2425 292 2463 τῷ
319 2423 500 2464 καταρτίζοντι
537 2423 583 2452 καὶ
608 2424 790 2462 οἰκοδομοῦντι
824 2423 853 2453 τὸ

53 2470 134 2508 σῶμα
152 2469 290 2509 Χριστοῦ;
306 2467 426 2498 ἀντιθέου
440 2468 491 2508 γὰρ
505 2471 592 2499 τοῦτο.

94 2527 106 2541 ι
122 2513 213 2553 Μέχρι
231 2513 442 2553 καταντήσωμεν
465 2514 490 2542 οἱ
513 2513 609 2547 πάντες
624 2514 659 2547 εἷς
673 2512 722 2549 τὴν
742 2514 854 2551 ἑνότητα

52 2560 100 2594 τῆς
127 2557 258 2595 πίστεως,
294 2558 340 2588 καὶ
366 2559 413 2594 τῆς
443 2558 610 2597 ἐπιγνώσεως
637 2561 683 2588 τοῦ
713 2559 780 2588 Υἱοῧ
807 2560 854 2588 τοῦ

52 2603 136 2635 Θεοῦ.
158 2616 171 2630 ι
188 2603 279 2644 Μέχρι
303 2603 363 2633 τότε
377 2603 550 2643 ἐργάζεσθαι,
574 2603 658 2644 φησὶ,
681 2603 735 2643 χρὴ
750 2603 852 2638 πάντας

53 2647 114 2682 τοὺς
126 2648 249 2689 χάρισμα
265 2647 411 2685 λαϐόντας,
434 2648 479 2678 καὶ
493 2652 602 2689 κοπιᾷν,
623 2647 669 2677 καὶ
683 2648 831 2686 οἰκοδομεῖν
841 2671 849 2685 ,

53 2692 103 2727 ἕως
129 2688 159 2723 οὗ
187 2692 331 2734 φθάσωμεν
365 2693 401 2727 εἰς
438 2691 486 2729 τὴν
510 2691 620 2730 ἑνότητα
646 2695 695 2729 τ’ἤς
718 2692 850 2727 πίστεως.

908 2339 1023 2375 pliorem
1032 2338 1168 2366 rationem
1179 2337 1286 2366 reddet.
1294 2338 1395 2371 Porro,
1409 2336 1456 2373 qui
1468 2345 1524 2364 non
1537 2335 1706 2365 diabolieum

907 2388 988 2416 esset,
1003 2387 1030 2411 te
1044 2383 1083 2411 illi
1097 2382 1229 2417 invidere,
1247 2381 1293 2418 qui
1305 2382 1406 2410 Christi
1429 2390 1530 2418 corpus
1550 2381 1667 2410 absolvit
1681 2386 1709 2410 et

907 2428 1040 2456 aediﬁcat?
1063 2426 1139 2455 istud
1157 2427 1231 2456 enim
1250 2426 1371 2455 hominis
1393 2430 1435 2455 est
1459 2426 1507 2463 qui
1530 2427 1589 2454 Deo
1610 2426 1708 2455 adver-

909 2478 996 2502 satur.

944 2519 1032 2546 Vnus.
1057 2519 1100 2545 13.
1125 2528 1137 2541 ε
1154 2517 1250 2544 Donec
1267 2523 1445 2544 occurramus
1464 2524 1560 2544 omnes
1574 2516 1603 2543 in
1617 2515 1709 2543 unita-

909 2566 964 2590 tem
979 2561 1043 2590 iidei
1055 2566 1098 2590 est
1111 2561 1258 2599 agnitionis
1273 2561 1332 2589 Filii
1348 2561 1409 2589 Dei.
1436 2572 1447 2584 -
1457 2561 1593 2596 Eousque,
1608 2560 1707 2595 inquit,

908 2607 1014 2643 operari
1040 2611 1150 2643 oportet
1182 2613 1279 2634 omnes
1304 2606 1352 2642 qui
1388 2605 1461 2633 dona
1488 2607 1653 2640 acceperunt
1681 2607 1709 2631 et

905 2652 1030 2680 laborare
1041 2656 1068 2680 et
1081 2651 1228 2686 ediﬁcare,
1251 2650 1339 2678 donec
1356 2649 1560 2686 pervenerimus
1572 2647 1606 2675 ad
1619 2647 1708 2675 unita-

905 2702 962 2725 tem
987 2697 1070 2733 297
1101 2695 1166 2725 ﬁdei
1190 2695 1261 2724 :hoc
1275 2699 1327 2730 est,
1347 2702 1433 2731 usque
1447 2693 1516 2723 dum
1536 2693 1707 2721 demonstre~

88 2760 98 2779 ί
112 2762 176 2790 Act.
192 2767 246 2795 xx,
261 2763 307 2789 28.
344 2761 384 2789 81
400 2761 464 2790 Cor.
481 2768 537 2796 xu,
553 2763 598 2789 28.
637 2757 650 2777 ¹¹
667 2762 730 2791 Act.
743 2768 838 2795 xvm,
856 2763 883 2794 2,
901 2762 927 2788 3.

744 2810 838 2841 Variae
860 2810 1014 2841 lectiones.

87 2875 109 2893 ⁵ο
122 2874 199 2910 coeo;
213 2875 386 2911 συμφερόντως
400 2881 428 2904 o.
466 2875 488 2893 ‘°
500 2875 687 2911 συγγράψαντας
701 2883 738 2904 m.
778 2874 798 2892 “
812 2873 958 2908 τελειότητα
973 2881 1000 2901 o.
