1886 3082
51 153 122 178 1089

545 148 654 178 OSITIO
673 150 706 178 IN
725 148 832 178 EPIST.
852 148 898 178 AD
918 147 1038 178 EPHES.
1057 165 1091 169 —
1112 149 1186 178 CAP.

1631 151 1700 178 1090

48 213 182 250 πλησίον,
203 212 249 242 καὶ
263 211 362 250 μηκέτι
372 212 396 230 ⁸⁸
411 212 494 253 ψευδῆ
509 211 628 252 δόγματα
645 211 763 252 ἔχοντες,
779 211 847 251 μήτε

958 211 1124 248 proximum,
1149 218 1238 247 neque
1275 211 1403 247 dogmata
1434 210 1501 240 falsa
1533 211 1701 246 retinentes.

49 260 75 288 ἐν
94 256 234 297 ὑποκρίσει
264 259 358 292 ζῶντες
384 257 518 297 (ἐνταῦθα
540 257 591 298 γὰρ
616 258 687 286 δοκεῖ
719 258 765 287 καὶ
787 256 849 297 περὶ

13 312 15 315 ‘
50 302 109 342 βίου
130 302 219 335 αὐτοῖς
232 301 423 342 διαλέγεσθαι),
443 301 600 340 αὐξήσωμεν
615 303 652 335 εἰς
676 301 793 342 Χριστὸν
815 301 849 330 τὰ

50 347 141 376 πάντα
167 348 258 385 ἡμῶν,
285 346 371 376 τόντε
397 346 452 385 βίον
478 346 524 376 καὶ
551 346 585 376 τὰ
610 346 741 385 δόγματα.
772 347 850 386 Αὐτῷ

13 392 15 407 ⁵
51 390 102 431 γᾶρ
123 392 227 431 κεφαλῇ
251 391 306 421 ὄντι
340 391 479 431 ὀφείλομεν
505 391 700 432 προσαρμόζειν
728 391 762 420 τὰ
786 390 851 429 ἡμέ-

48 447 131 476 τερα,
155 435 199 465 ἵνα
224 435 307 475 μηδὲν
333 436 520 472 ἀκατάλληλον
537 436 658 476 φέρωμεν
672 435 718 465 καὶ
734 435 852 475 ἀνάρμο-

13 484 16 498 ί
51 493 111 510 στον
125 482 175 516 τῆς
202 481 337 520 κεφαλῆς,
363 480 434 510 ἀλλὰ
463 480 551 510 πάντα
575 480 639 520 πρὸς
667 479 745 510 αὐτὸν
770 480 851 514 αὐξά-

13 531 17 533 ’
50 537 149 564 νωμεν.

95 580 109 598 (ι
125 569 174 604 Ἐξ
201 564 230 599 οὗ
256 574 309 599 πᾶν
337 569 367 599 τὸ
394 571 474 608 σῶμα
501 569 778 610 συναρμολογούμενον
803 569 849 599 καὶ

50 614 279 653 συμϐιϐαζόμενον
306 613 348 644 διὰ
372 614 462 650 πάσης
490 614 558 655 ἁφῆς
586 617 633 650 τῆς
659 614 848 654 ἐπιχορηγίας,

13 675 16 678 ν
52 659 109 688 κατ’
134 659 269 700 ἐνέργειαν
303 660 330 688 ἐν
368 659 457 699 μέτρῳ
479 659 535 692 ἑνὸς
565 658 679 689 ἑκάστου
709 659 852 699 μέρους⁶⁵,

51 704 97 740 τὴν
119 703 232 740 αὔξησιν
253 706 298 734 τοῦ
327 703 451 742 σώματος
478 705 613 742 ποιεῖται,
643 704 680 737 εἰς
709 703 851 742 οἰκοδομὴν

13 756 16 761 ”
55 750 145 779 ἑαυτοῦ
163 749 190 778 ἐν
205 748 306 788 ἀγάπῃ.
333 760 348 777 ››
367 748 402 779 Ἣ
422 748 525 778 διάνοια
550 751 595 778 τοῦ
612 750 692 789 ῥητοῦ
722 749 850 788 τοιαύτη,

53 796 75 823 εἰ
96 793 142 823 καὶ
164 794 275 833 ἀσαφῶς
300 793 471 834 πέφρασται·
489 793 617 833 Καθάπερ
641 795 668 823 ἐν
692 795 730 833 τῷ
745 793 852 832 σώματι

904 264 993 292 neque
1014 257 1042 284 in
1062 255 1198 292 hypoerisi
1222 255 1342 284 viventes
1371 255 1425 289 (hic
1448 257 1523 284 enim
1549 257 1657 286 videtur
1675 261 1705 286 et

904 301 938 329 de
970 302 1025 329 vita
1044 301 1110 337 ipsis
1133 301 1213 329 verba
1229 300 1328 334 facere)
1351 308 1500 337 augeamus
1518 302 1699 331 inChristum

905 348 996 376 omnia
1022 353 1126 382 nostra,
1155 348 1241 376 vitam
1263 347 1394 376 nimirum
1417 352 1446 376 et
1468 347 1631 377 doctrinam.
1648 349 1702 386 Ipsi

905 393 989 427 enim,
1013 393 1060 429 qui
1087 396 1169 428 caput
1201 397 1252 425 est,
1273 391 1407 420 debemus
1438 392 1570 428 adaptare
1597 397 1702 427 nostra,

904 442 936 466 ut
959 437 1027 465 nihil
1058 445 1113 464 non
1140 436 1310 473 respondens
1333 440 1360 464 et
1391 437 1589 466 inconveniens
1618 438 1701 474 capiti

905 481 1030 510 feramus
1040 503 1048 515 .
1062 481 1111 510 sed
1126 482 1217 510 omnia
1232 489 1380 518 augeamus
1393 481 1428 509 ad
1444 481 1544 518 ipsum.

942 573 1031 600 Vens.
1055 574 1097 600 16.
1123 582 1135 595 ι
1161 573 1200 600 Ex
1217 579 1273 607 quo
1292 575 1382 599 totum
1404 579 1515 608 corpus,
1528 577 1703 608 compactum

907 621 934 645 et
945 624 1098 644 connexum
1121 624 1170 652 per
1195 624 1307 644 omnem
1332 616 1493 652 juncturam
1513 617 1704 646 subministra-

907 661 999 695 tionis,
1015 660 1168 689 secundum
1184 661 1372 697 operationem
1391 661 1420 688 in
1433 669 1563 690 mensura
1578 662 1703 691 uniuscu-

906 706 1006 742 jusque
1043 705 1170 740 membri,
1202 710 1382 742 augmentum
1417 706 1541 742 corporis
1574 706 1646 741 facit,
1668 706 1703 735 ad

907 751 1120 780 mditicationem
1131 751 1172 779 sui
1191 751 1276 787 ipsius
1296 751 1323 779 in
1341 751 1480 779 charitate.
1499 761 1513 778 »
1530 751 1619 787 Hujus
1651 751 1702 779 loci

906 803 1002 823 sensus
1024 795 1084 823 talis
1103 798 1154 828 est,
1167 794 1273 823 etiamsi
1286 795 1402 823 obscure
1416 795 1505 823 dictus
1519 795 1555 823 sit
1579 803 1586 822 :
1603 796 1704 830 Quem.

54 837 82 867 τὸ
97 840 206 876 πνεῦμα
220 838 249 867 τὸ
264 838 318 868 ἀπὸ
339 841 385 868 τοῦ
398 838 544 878 ἐγκεφάλου
564 837 725 868 καταϐαῖνον
746 837 789 866 διὰ
799 839 852 867 τῶν

944 840 1056 868 modum
1084 841 1112 868 in
1133 848 1248 876 corpore
1270 840 1390 876 spiritus,
1414 840 1460 876 qui
1490 848 1505 868 e
1526 840 1639 868 cerebro
1656 840 1703 868 de-

13 903 14 906 η
54 882 147 922 νεύρων
171 884 222 922 οὐχ
245 882 337 916 ἅπλῶς
363 882 455 912 δίδωσι
477 887 543 911 πᾶσι
567 887 620 917 τοῖς
640 881 786 920 μέλεσιτὴν
809 882 851 911 αἴ-

55 929 161 966 σθησιν,
190 927 260 957 ἀλλὰ
273 927 343 957 κατὰ
359 927 499 966 ἀναλογίαν
516 927 638 967 ἑκάστῳ,
654 928 692 967 τῷ
711 926 758 965 μὲν
773 926 853 957 πλέον

55 971 175 1006 δέξασθαι
193 972 346 1013 δυναμένῳ,
360 971 457 1008 πλέον,
477 973 515 1011 τῷ
531 971 558 1001 δὲ
575 971 700 1009 ἔλαττον,
721 971 830 1000 ἔλαττον
844 983 851 990 ο

56 1015 122 1045 οὕτω
138 1016 184 1046 καὶ
210 1018 225 1046 ὃ
240 1017 354 1056 Χριστὸς
371 1017 407 1049 εἷς
426 1015 471 1050 τὰς
481 1015 568 1057 ψυχὰς
588 1017 678 1054 ἡμῶν,
692 1015 787 1049 αἵτινές
802 1017 853 1045 εἰσι

58 1061 122 1097 μέλη
138 1062 235 1096 αὐτοῦ,
254 1065 369 1091 ποιεῖται
392 1060 440 1096 τὴν
457 1061 587 1100 χορηγίαν
602 1062 653 1089 τῶν
677 1060 854 1100 χαρισμάτων

58 1105 132 1134 αὐτοῦ
142 1127 150 1142 ,
164 1107 216 1145 οὐχ
232 1106 337 1142 ἁπλῶς,
353 1106 411 1135 ἀλλ’
430 1115 445 1134 (ι
464 1106 490 1134 ἐν
505 1105 595 1146 μέτρῳ
606 1105 662 1139 ἑνὸς
673 1105 785 1134 ἑκάστου
804 1105 853 1143 μέ-

57 1150 112 1182 λους
120 1172 128 1188 ,
149 1160 164 1178 ι
186 1149 333 1186 τουτέστιν,
346 1151 380 1184 ὡς
402 1149 512 1179 δύναται
526 1151 651 1190 χωρῆσαι
664 1150 776 1179 ἕκαστον
788 1161 794 1167 ⁸
807 1148 853 1178 καὶ

14 1218 16 1222 ,
57 1193 120 1223 οὕτω
139 1195 168 1224 τὸ
193 1196 272 1232 σῶμα
303 1195 373 1224 ἅπαν
398 1208 410 1221 ι
438 1194 486 1231 τὴν
515 1194 656 1233 οἰκοδομὴν
671 1194 716 1224 καὶ
743 1193 851 1230 αὔξησιν

58 1240 145 1268 ἑαυτοῦ
161 1239 275 1269 ποιεῖται
290 1240 316 1268 ἓν
342 1239 450 1278 ἀγάπῃ.
469 1252 481 1266 ι
496 1238 596 1272 Ἄλλως
611 1239 662 1279 γὰρ
683 1240 729 1268 οὐχ
745 1238 801 1268 ἔστι
811 1238 853 1268 δέ·

13 1307 17 1311 .
59 1283 147 1316 ξασθαι
187 1283 236 1319 τὴν
271 1283 400 1324 χορηγίαν
431 1285 478 1313 τοῦ
512 1283 611 1313 ἄνωθεν
647 1282 853 1317 καταϐαίνοντος

13 1353 17 1358 .
60 1329 208 1367 Πυεύματος
220 1352 228 1366 ,
247 1331 288 1369 ὑφ’
303 1325 332 1359 οἷ
350 1328 394 1358 καὶ
409 1328 609 1368 ζωογονούμεθα
626 1328 673 1369 καὶ
688 1327 799 1366 αὔξομεν
813 1328 850 1366 ⁸⁵,

13 1388 16 1403 ;
61 1373 126 1411 εἰμὴ
146 1374 189 1403 διὰ
213 1367 388 1413 τῆς-ἀγάπης
424 1373 607 1413 συνδεδεμένοι
631 1367 702 1411 ὦμεν
719 1372 764 1402 καὶ
782 1374 852 1408 ἡνω-

13 1440 15 1448 ν
61 1417 144 1455 μένοι,
170 1420 205 1452 ὡς
233 1417 260 1447 ἓν
283 1419 372 1456 σῶμα.
397 1417 507 1459 Ὥσπερ
535 1417 602 1458 γὰρ,
627 1418 649 1446 ti
675 1416 766 1456 τύχοι,
793 1416 853 1456 χεὶρ

13 1480 18 1491 2η
61 1463 255 1492 ἀποσπασθεῖσα
286 1465 332 1492 τοῦ
356 1462 499 1501 σώματος,
528 1464 557 1492 οὗ
573 1461 677 1496 δέξαιτο
702 1461 734 1490 ἂν
759 1461 790 1490 τὸ
813 1462 854 1489 αἰ-

13 1523 17 1537 :
63 1507 148 1543 σθητον
168 1511 292 1546 πνεῦμα,
317 1503 359 1537 οἶα
388 1509 435 1543 τῆς
459 1507 597 1547 συνεχείας
621 1506 851 1551 ἐποδιαιρεθεῖσα·
870 1539 891 1551 η

13 1568 17 1582 :
62 1551 124 1581 οὕτω
145 1552 189 1582 καὶ
222 1556 315 1592 ἡμεῖς,
342 1552 386 1582 ἐὰν
405 1551 443 1591 μὴ
466 1551 596 1588 ἡνωμέναι
621 1545 708 1590 ὦμεν,
732 1551 762 1580 οὐ
775 1550 852 1590 δεχό-
869 1540 892 1572 c

13 1624 18 1627 .
64 1599 124 1633 μεθα
135 1597 181 1633 τὴν
196 1598 252 1627 ἀπὸ
271 1599 318 1633 τῆς
333 1598 450 1638 κεφαλῆς
474 1599 549 1635 ἡμῶν
565 1600 610 1626 τοῦ
629 1597 748 1638 Χριστῷ
764 1606 852 1625 κατα-

13 1658 17 1672 :
64 1639 197 1672 ϐαίνουσαν
220 1645 267 1672 τοῦ
282 1635 439 1680 Πνεύματος
454 1641 545 1681 χάριν.
559 1641 610 1671 Διὰ
623 1643 701 1670 τοῦτο
715 1635 771 1670 εἶπε
782 1662 789 1675 ,
807 1639 852 1669 καὶ

64 1685 98 1714 ὅτι
112 1697 126 1714 τ
150 1687 188 1716 Τὸ
204 1688 286 1725 σῶμα
306 1686 584 1727 συναρμολογούμενον
610 1685 656 1715 καὶ
686 1683 852 1724 συμϐιϐαζό-

66 1742 139 1764 μενον
151 1742 157 1749 ·
170 1743 183 1760 ι)
198 1730 335 1762 τουτέστιν
344 1753 352 1768 ,
365 1732 415 1771 οὐχ
431 1730 521 1764 ἅπλῶς
535 1729 663 1770 κειμένων
678 1731 730 1759 τῶν
745 1730 832 1768 μελῶν
844 1753 850 1764 ,

13 1793 16 1806 τ
65 1774 185 1805 ἀλλὰκαὶ
211 1775 371 1814 ἡνωμένων,
397 1775 443 1805 καὶ
470 1775 582 1804 ἑκάστου
600 1775 642 1805 τὸν
665 1775 760 1804 οἰκεῖον
773 1773 851 1803 τόπον

68 1819 215 1859 ἐπέχοντος,
248 1819 293 1850 καὶ
327 1819 364 1857 μὴ
396 1819 638 1860 παρηρορωμένου,
679 1818 748 1858 μηδὲ
779 1818 853 1858 παρὰ

68 1865 154 1902 σχῆμα
168 1865 300 1904 κειμένου.
321 1864 390 1904 Παρ’
405 1867 469 1903 ἡμῖν
486 1864 534 1902 μὲν
546 1859 590 1893 οὖν
605 1865 703 1893 ἔστιτὸ
719 1874 853 1902 συναρμο-

65 1908 141 1946 λογιῖν
171 1909 282 1943 ἑαυτοὺς
308 1909 354 1938 καὶ
377 1909 553 1948 συμϐιϐάζειν
587 1908 630 1938 διὰ
656 1910 703 1944 τῆς
732 1908 850 1947 ἀγάπης·

67 1954 108 1980 τοῦ
121 1952 147 1982 δὲ
163 1953 304 1993 Χριστοῦ,
321 1956 367 1990 τ’ἤς
389 1954 506 1994 κεφαλῆς
525 1955 602 1991 ἡμῶν
621 1953 650 1982 τὸ
670 1955 774 1991 πνεῦμα
795 1953 854 1981 ἐπι-

70 1997 181 2027 στέλλειν
194 1999 230 2027 ⁸⁷.
250 1998 284 2029 '0
299 2003 350 2032 πᾶς
373 1994 416 2028 οὖν
442 1998 517 2037 λόγος
532 1998 592 2038 περὶ
614 1996 854 2037 ταπεινοφροσύνης

72 2041 113 2070 καὶ
127 2042 251 2078 ἑνώσεως.
269 2042 309 2074 Τὸ
321 2043 347 2073 δὲ
357 2065 365 2080 ,
385 2053 399 2071 (ι
415 2042 467 2073 Διὰ
484 2042 570 2079 πάσης
581 2042 650 2082 ἁφῆς
664 2044 710 2078 τῆς
726 2043 854 2081 ἐπιχορη-

70 2085 133 2125 γίας,
148 2098 160 2115 n
177 2090 253 2117 τοῦτο
269 2088 361 2123 δηλοῖ,
377 2086 416 2117 ὅτι
432 2087 462 2117 τὸ
482 2089 587 2126 πνεῦμα
601 2086 631 2116 τὸ
646 2087 699 2116 ἀπο
713 2088 759 2122 τῆς
773 2097 854 2126 κεφα-

69 2130 111 2165 λῆί
145 2133 364 2172 ἐποχετευόμενον
400 2131 446 2162 καὶ
485 2132 698 2172 χορηγούμενον,
741 2130 855 2160 ἅπτεται

71 2174 180 2207 πάντων.
198 2177 238 2207 Τὸ
252 2177 338 2206 τοίνυν
355 2178 433 2216 σῶμα
462 2175 534 2211 αὔξει
553 2176 600 2206 καὶ
619 2176 797 2214 οἰκοδομεῖται
812 2175 854 2204 διὰ

71 2221 112 2248 τοῦ
148 2221 295 2252 ἅπτεστθαι
332 2223 383 2252 τῶν
417 2222 505 2260 μελῶν
523 2220 570 2257 τὴν
608 2221 782 2261 ἐπιχορηγίαν
810 2223 855 2250 τοῦ

71 2263 229 2303 πνεύματος,
250 2266 296 2297 καὶ
309 2267 421 2306 ἐνεργεῖν
447 2267 473 2296 ἐν
503 2267 591 2299 αὐτοῖς
616 2265 712 2304 (τοῦτο
738 2265 789 2305 γάρ
802 2265 857 2294 ἐστι

71 2307 106 2343 τὸ,
124 2322 136 2335 ι
154 2311 222 2340 Κατ’
239 2310 372 2350 ἐνέργειαν
383 2310 412 2350 n)
422 2322 429 2329 ·
444 2309 462 2346 ἢ
474 2310 514 2340 ὅτι
527 2309 576 2347 τὴν
594 2309 727 2351 ἐνέργειαν
741 2313 794 2343 τοῖς
808 2308 857 2349 μέ-

70 2351 121 2382 λεσι
133 2354 162 2384 τὸ
175 2358 276 2394 πνεῦμα
291 2356 393 2386 δίδωσι.

109 2409 122 2425 (
137 2399 219 2430 Τοῦτο
236 2396 280 2430 οὖν
293 2399 363 2439 λέγω
375 2400 420 2429 καὶ
445 2399 616 2440 μαρτύρομαι
631 2399 657 2428 ἐν
676 2398 767 2440 Κυρίῳ
777 2421 786 2437 ,
798 2411 858 2437 μη-

72 2440 122 2470 κέτι
142 2444 210 2482 tua;
239 2449 414 2485 περιπατεῖν,
448 2444 535 2479 καθὼς
563 2444 659 2474 καὶτὰ
686 2444 766 2474 λοιπὰ
796 2444 856 2481 ἔθνη

73 2492 217 2525 περιπατεῖ,
241 2492 266 2520 ἐν
283 2488 445 2529 ματαιότητι
468 2493 512 2519 τοῦ
538 2489 594 2522 νοὸς
621 2491 718 2520 αὐτων.
742 2500 756 2517 »
773 2489 856 2519 Διδα-

73 2531 178 2574 ιξχάλου,
201 2535 230 2563 οὖ
258 2534 335 2572 μόνον
351 2535 380 2564 τὸ
392 2534 547 2574 παραινεῖν,
574 2534 642 2563 ἀλλὰ
668 2533 713 2563 καὶ
729 2533 758 2562 τὸ
775 2535 857 2574 ἐκφο-

75 2572 137 2619 ξεῐν,
151 2577 191 2608 διὰ
205 2580 249 2608 τοῦ
272 2579 318 2609 καὶ
341 2578 386 2608 τὸν
412 2579 481 2609 Θεὸν
503 2580 612 2619 ἐφιστᾷν
635 2580 688 2612 τοῖς
705 2579 854 2616 μαθηταῖς,

74 2616 155 2663 ὥξῖπερ
178 2622 221 2651 καὶ
235 2623 346 2653 ἐνταῦθα
374 2625 480 2655 Παῦλος
503 2624 584 2654 ποιεῖ.
605 2636 618 2650 ι
635 2622 815 2663 Μαρτύρομαι
839 2635 852 2649 υ

75 2660 135 2703 γὰρ,
151 2666 242 2707 φησὶν,
253 2669 322 2707 ὑμᾶς
337 2681 349 2695 σι
367 2669 394 2698 ἐν
412 2668 504 2709 Κυρίῳ
516 2680 522 2687 ·
542 2682 555 2695 »
570 2660 706 2707 τουτέστι,
723 2660 855 2707 Mdg-rupe

870 2203 896 2236 D

908 885 1015 913 scendit
1036 893 1085 921 per
1102 893 1211 920 nervos,
1234 893 1291 913 non
1315 885 1475 921 simpliciter
1498 885 1546 913 dat
1575 885 1703 913 omnibus

910 929 1044 957 membris
1059 937 1181 964 sensum,
1199 929 1246 958 sed
1264 929 1412 965 unicuique
1425 929 1578 957 secundum
1593 937 1706 966 propor-

909 974 1023 1007 tionem.
1054 974 1079 1002 ei
1110 974 1224 1010 quidem
1246 974 1320 1010 quod
1354 973 1431 1010 plura
1465 973 1587 1010 recipere
1613 977 1705 1010 potest

908 1019 995 1054 plura,
1017 1018 1091 1055 quod
1105 1027 1169 1047 vero
1179 1019 1280 1053 minus,
1296 1019 1388 1046 minus
1405 1029 1410 1046 :
1430 1017 1468 1045 sic
1487 1022 1516 1047 et
1533 1017 1657 1046 Christus
1675 1019 1703 1047 in

907 1065 1013 1092 animas
1040 1068 1146 1092 nostras
1179 1072 1241 1100 qua:
1269 1067 1333 1091 sunt
1365 1071 1488 1092 memura
1521 1063 1615 1099 ipsius,
1640 1063 1704 1092 facit

909 1108 1157 1145 suppeditationem
1182 1107 1377 1135 charismatum
1405 1116 1530 1142 suorum,
1553 1116 1611 1136 non
1640 1109 1706 1136 sim-

908 1154 1023 1190 pliciter,
1046 1152 1095 1181 sed
1112 1160 1162 1189 pro
1186 1159 1313 1180 mensura
1337 1152 1485 1188 cujuslibet
1509 1152 1637 1187 membri,
1652 1153 1704 1182 hoc

908 1203 951 1226 est
967 1198 1080 1234 perinde
1105 1202 1136 1226 ut
1159 1197 1302 1233 quodlibet
1331 1201 1421 1233 potest
1441 1205 1538 1233 capere
1562 1206 1569 1225 :
1598 1197 1704 1235 hacque

909 1243 1013 1271 ratione
1026 1247 1118 1270 totum
1137 1250 1237 1278 corpus
1255 1241 1473 1271 aedificationem
1486 1246 1514 1270 et
1524 1247 1703 1279 augmentum

909 1288 1036 1324 suiipsius
1050 1287 1116 1316 facit
1134 1287 1161 1315 in
1182 1287 1337 1315 dilectione.
1355 1287 1442 1316 Aliter
1464 1287 1538 1316 enim
1562 1296 1619 1316 non
1641 1289 1704 1316 licet

909 1333 1028 1368 recipere
1039 1331 1287 1368 suppeditationem
1314 1332 1502 1360 descendentis
1517 1332 1632 1369 desuper
1645 1333 1705 1370 Spi-

911 1378 991 1409 ritus,
1006 1385 1021 1405 a
1041 1385 1096 1413 quo
1118 1381 1146 1404 et
1165 1377 1335 1405 viviﬁcamur
1352 1381 1380 1405 et
1397 1377 1555 1412 crescimus,
1585 1378 1636 1405 nisi
1657 1386 1705 1414 per

909 1422 1084 1450 dilectionem
1110 1422 1225 1450 connexi
1243 1421 1388 1456 fuerimus,
1422 1426 1449 1449 et
1471 1422 1542 1450 uniti
1573 1427 1705 1460 tanquam

909 1475 995 1495 unum
1020 1475 1130 1502 corpus.
1158 1468 1197 1495 Ut
1221 1467 1304 1501 enim,
1337 1467 1455 1503 exempli
1480 1467 1577 1503 gratia,
1606 1476 1705 1497 manus

907 1519 922 1539 a
951 1519 1065 1548 corpore
1091 1511 1184 1539 avulsa
1210 1519 1266 1539 non
1286 1519 1367 1547 porro
1386 1512 1522 1548 receperit
1546 1512 1705 1541 sensibilem

907 1556 1043 1592 spiritum,
1058 1564 1091 1584 eo
1106 1556 1181 1592 quod
1195 1564 1210 1584 a
1226 1555 1405 1584 continuitate
1416 1555 1528 1584 diducta
1540 1561 1581 1585 est
1600 1565 1607 1583 :
1624 1558 1664 1585 sic
1679 1562 1707 1585 et

906 1609 966 1635 nos,
978 1601 1028 1628 nisi
1041 1601 1108 1629 uniti
1121 1600 1262 1636 fuerimus,
1273 1609 1327 1629 non
1336 1600 1482 1637 recipimus
1495 1609 1509 1629 a
1517 1601 1604 1638 capite
1610 1606 1705 1630 nostro

906 1646 1019 1674 Christo
1041 1645 1255 1674 descendentem
1275 1646 1393 1681 Spiritus
1419 1646 1550 1681 gratiam.
1574 1647 1704 1675 Proterea

906 1690 985 1725 dixit,
1001 1702 1014 1715 «ι
1026 1691 1133 1726 Corpus
1146 1694 1322 1726 compactum
1334 1694 1361 1718 et
1371 1697 1539 1725 connexum,
1555 1701 1568 1716 υ
1586 1690 1639 1719 hoc
1651 1695 1702 1725 est,

906 1743 964 1764 non
976 1735 1140 1771 simpliciter
1161 1735 1256 1771 positis
1270 1734 1416 1769 membris,
1430 1743 1526 1763 verum
1540 1735 1624 1763 etiam
1638 1744 1703 1764 con-

903 1780 1018 1816 junctis,
1033 1784 1061 1808 et
1071 1787 1239 1816 unoquoque
1258 1780 1398 1816 proprium
1415 1779 1507 1807 locum
1522 1779 1649 1812 habente,
1676 1785 1707 1808 ut

907 1825 1017 1853 nullum
1029 1824 1156 1852 luxatum
1170 1824 1215 1858 sit,
1232 1831 1321 1860 neque
1336 1827 1434 1858 praeter
1450 1822 1569 1852 formam
1584 1825 1701 1853 colloca-

907 1873 978 1898 tum.
990 1870 1021 1897 ln
1030 1869 1111 1897 nobis
1123 1868 1205 1904 igitur
1215 1873 1257 1896 est
1266 1869 1340 1904 ipsos
1350 1873 1508 1896 construere
1518 1873 1546 1896 et
1555 1877 1705 1905 coagmen-

908 1918 965 1942 tare
979 1921 1028 1950 per
1050 1913 1226 1942 dilectionem
1251 1923 1258 1940 :
1280 1913 1382 1941 Christi
1398 1921 1461 1941 vero
1484 1913 1580 1949 capitis
1604 1914 1702 1948 nostri,

907 1959 1035 1995 spiritum
1049 1958 1207 1986 immittere.
1224 1959 1310 1986 Totus
1335 1957 1416 1993 igitur
1441 1957 1484 1985 hic
1499 1965 1590 1986 sermo
1614 1962 1657 1986 est
1670 1959 1706 1986 de

908 2003 1064 2032 humilitate
1078 2007 1106 2031 et
1118 2002 1231 2031 unitate.
1246 2002 1326 2038 Quod
1353 2010 1417 2030 vero
1431 2003 1478 2037 ait,
1497 2012 1511 2029 ι(
1527 2004 1579 2031 Per
1592 2011 1706 2031 omnem

906 2048 1069 2085 juncturam
1105 2047 1376 2082 subministrationis,
1411 2059 1423 2072 ι»
1459 2047 1603 2076 denuntiat
1640 2048 1704 2083 hoc,

909 2092 985 2130 quod
1009 2093 1119 2129 spiritus
1144 2100 1160 2120 a
1184 2092 1271 2128 capite
1300 2091 1430 2120 adversus
1467 2096 1494 2120 et
1518 2092 1708 2128 suppeditatus

909 2138 1002 2166 omnia
1017 2138 1168 2173 contingat.
1185 2138 1290 2172 Corpus
1312 2137 1394 2172 igitur
1408 2137 1505 2165 crescit
1518 2141 1544 2165 et
1558 2137 1708 2165 aedificatur

909 2191 958 2220 per
973 2182 1025 2211 hoc
1038 2182 1114 2218 quod
1129 2182 1243 2218 spiritus
1261 2181 1446 2217 suppeditatio
1457 2181 1584 2210 membra
1599 2182 1708 2211 contin-

910 2231 967 2263 gat,
994 2231 1075 2263 atque
1100 2227 1128 2254 in
1151 2227 1191 2256 eis
1219 2230 1347 2262 operetur
1374 2226 1437 2260 (hoc
1468 2230 1510 2254 est
1533 2226 1608 2254 enim
1629 2226 1706 2260 illud,

912 2284 925 2296 ιι
947 2271 1106 2301 Secundum
1139 2271 1328 2308 operationem
1351 2272 1388 2305 ν),
1414 2270 1455 2299 vel
1485 2270 1559 2307 quod
1597 2271 1710 2307 spiritus

911 2317 1006 2346 tribuit
1020 2317 1207 2353 operationem
1225 2315 1368 2345 membris.

947 2403 1033 2439 399
1047 2403 1133 2432 Vsus.
1151 2405 1196 2431 17.
1216 2414 1227 2427 ιι
1244 2403 1304 2430 Iloc
1324 2401 1408 2438 igitur
1421 2400 1482 2430 dico
1498 2404 1525 2429 et
1537 2401 1668 2430 testiﬁcor
1682 2401 1710 2430 in

911 2448 1043 2483 Domino,
1069 2452 1100 2475 ut
1119 2447 1176 2484 jam
1195 2455 1254 2476 non
1274 2446 1429 2481 ambuletis,
1455 2446 1527 2475 sicut
1545 2449 1573 2474 et
1595 2447 1709 2483 reliquae

911 2498 1005 2529 gentes
1029 2492 1173 2521 ambulant
1198 2493 1226 2520 in
1249 2492 1368 2520 vanitate
1392 2499 1489 2520 sensus
1511 2491 1564 2520 sui.
1591 2503 1603 2517 ν
1633 2493 1708 2520 Prae-

912 2537 1029 2574 ceptoris
1041 2542 1084 2566 est
1101 2545 1156 2566 non
1174 2537 1263 2566 solum
1278 2536 1427 2571 adhortari,
1449 2544 1543 2565 verum
1557 2536 1638 2564 etiam
1653 2540 1708 2564 ter-

911 2590 982 2617 rere,
1009 2590 1058 2618 per
1083 2582 1136 2610 hoc
1169 2581 1244 2618 quod
1263 2583 1340 2610 Deus
1362 2580 1503 2616 discipulis
1515 2581 1597 2608 etiam
1638 2583 1709 2607 astet

909 2630 991 2662 atque
1017 2627 1120 2663 praesit,
1157 2625 1394 2662 quemadmodum
1424 2625 1470 2653 hic
1507 2624 1608 2653 Paulus
1638 2624 1706 2660 agit.

911 2684 923 2695 -
944 2672 1042 2700 Testor
1058 2681 1073 2698 »
1088 2671 1173 2705 enim,
1195 2670 1294 2707 inquit,
1310 2669 1388 2699 vobis
1405 2680 1418 2694 α
1435 2669 1462 2698 in
1473 2668 1605 2704 Domino,
1627 2679 1640 2693 »
1656 2667 1709 2696 hoc

765 2746 859 2775 Varia:
880 2745 1030 2776 lectiones.

108 2796 128 2815 ⁸⁸
140 2799 197 2836 μήτε
212 2810 237 2832 ο.
275 2803 298 2822 ⁸⁸
313 2803 401 2841 μέλους
416 2811 443 2833 ο.
486 2803 509 2821 ⁶⁶
521 2802 660 2840 αὖξάνομιν
676 2809 703 2831 o.
743 2801 853 2838 "jzmtél
