1886 3082
181 138 245 166 1091

176 251 207 272 ea
233 251 297 280 quae
311 243 390 272 vobis
417 243 531 272 dicenda
552 243 662 272 fuerint.
687 245 749 272 Non
765 243 839 272 dixit
865 248 968 278 autem,

176 290 218 318 Ne
241 296 326 325 porro
351 295 399 316 vos
426 287 573 316 ambulctis
593 287 829 324 quemadmodum
849 288 972 316 ambula-

176 333 258 367 batis,
280 340 315 361 ne
337 332 425 361 irritet
450 340 519 361 eos:
542 333 600 367 sed,
626 344 638 357 κ
655 333 835 369 Reliquarum
848 333 973 370 gentium

175 378 270 413 instar,
295 386 311 404 ν
333 377 432 414 inquit,
458 377 578 405 aliorum
603 377 730 414 exemplo
753 378 815 406 illos
838 378 974 414 castigans

173 425 202 451 et
215 421 357 451 erudiens.
373 423 406 450 In
422 421 540 450 vanitate
558 430 640 458 porro
652 422 751 450 mentis
771 422 973 450 circumambu~

175 467 277 501 labant,
294 470 323 495 et
341 466 405 503 quia
432 465 506 495 idola
533 467 668 502 colebant,
693 471 720 495 et
742 467 805 503 quia
827 466 975 495 affectibus

174 511 232 540 suis
252 510 444 545 inserviebam,
460 516 487 539 et
507 511 569 547 quia
594 511 691 540 mundi
711 512 877 540 vanitatibus
900 511 973 540 afﬁxi

175 560 264 586 erant.
289 556 359 592 Qua
381 555 442 585 ideo
467 556 574 584 vanitas
596 555 736 591 dicuntur,
764 564 796 585 eo
822 557 897 593 quod
923 565 974 585 nos

174 601 229 630 illis
250 609 320 630 vane
347 605 458 630 utamur
486 610 493 629 :
521 609 576 630 non
604 602 680 630 enim
704 610 753 630 sua
780 606 878 630 natura
905 609 974 630 vana

173 650 238 675 sunt
251 655 258 674 :
272 645 350 675 valde
365 653 483 683 namque
496 645 570 674 bona
587 650 651 674 sunt
665 647 782 675 condita.

209 693 299 720 Vens.
317 694 361 720 18.
378 703 389 715 ι
404 691 536 719 Tenebris
550 691 728 719 obscuratum
751 692 883 720 habentes
898 691 974 720 intel-

174 736 291 768 lectum,
309 735 454 764 abalienati
477 743 492 763 a
520 736 573 764 vita
599 736 660 764 Dei.
695 748 707 760 ι»
732 737 842 764 Lumen
862 736 973 773 quidem

177 780 287 810 lucebat
309 780 413 808 divina;
434 780 599 816 cognitionis
624 787 755 816 puraeque
790 781 852 809 vitae
877 789 884 808 :
921 781 973 816 ipsi

174 829 265 852 autem
285 824 499 853 obtenebrarunt
526 825 641 860 seipsos,
664 825 827 853 imbecillam
841 824 974 853 facientes

174 869 273 898 animae
285 869 505 905 perspicuitatem
515 877 561 905 per
573 869 718 905 caliginem
731 869 882 898 affectuum
893 878 973 898 mun-

175 914 365 950 danarumque
386 922 524 942 curarum.
550 913 676 942 Rhcuma
702 914 778 942 enim
803 914 932 949 multum,
946 919 973 943 et

175 958 324 987 difﬁculter
345 959 475 991 curabile,
499 963 565 986 sunt
585 958 702 987 affectus
725 963 753 987 et
776 959 972 988 sollicitudines

176 1003 327 1032 mundanae
349 1011 413 1040 quae
436 1007 558 1032 mentem
580 1004 749 1040 perturbant.
774 1005 920 1040 Propterea
944 1008 972 1032 et

173 1049 227 1076 vita
245 1048 307 1084 Dei,
329 1048 357 1076 id
379 1052 420 1076 est
434 1048 536 1083 divina,
557 1055 618 1084 qua:
635 1048 787 1077 secundum
804 1050 892 1077 Deum
917 1053 969 1083 est,

172 1093 318 1121 abalienati
333 1097 398 1121 sunt
411 1093 457 1129 qui
473 1093 511 1121 sic
521 1101 550 1120 se
563 1093 711 1121 habebant.
728 1093 884 1122 Rationalis
892 1094 971 1122 ‘enim

173 1137 227 1165 vita
248 1141 300 1171 est,
323 1137 466 1165 veritatem
489 1137 651 1173 intelligere.
674 1138 727 1172 Qui
748 1145 813 1166 vero
840 1137 877 1166 ad
900 1137 971 1166 hanc

172 1182 280 1218 caligat,
302 1181 399 1210 merito
422 1189 458 1210 ne
481 1181 546 1209 vivit
567 1181 693 1217 quidem,
719 1190 752 1210 eo
775 1181 849 1219 quod
872 1183 971 1211 veritas

174 1227 208 1255 sit
222 1226 376 1255 substantia
391 1230 419 1254 et
433 1226 525 1254 lumen
544 1226 670 1255 rationis.

213 1281 226 1297 α
246 1273 362 1307 Propter
383 1271 566 1308 ignorantiam
587 1279 649 1307 quae
667 1275 708 1300 est
720 1271 747 1299 in
769 1271 844 1308 ipsis,
861 1275 972 1308 propter

173 1317 325 1345 caecitatem
348 1316 438 1344 cordis
463 1316 594 1352 ipsorum,
625 1327 638 1341 ι
667 1316 694 1344 Si
727 1316 810 1353 igitur
830 1317 971 1353 ignorant,

173 1361 240 1397 quid
260 1369 307 1389 eos
326 1363 459 1389 accusas?
484 1361 614 1397 ignorans
639 1361 715 1389 enim
747 1361 889 1389 docendus
919 1366 970 1396 est,

173 1414 229 1434 nou
250 1405 429 1434 accusandus.
447 1406 533 1442 Atqui
548 1406 714 1442 ignorantia,
739 1406 839 1442 inquit,
863 1411 973 1442 propter

174 1451 325 1480 caecitatem
340 1450 373 1479 iis
386 1450 512 1483 accessit,
526 1450 552 1478 id
570 1455 611 1478 est
633 1454 744 1486 propter
766 1450 971 1486 stupiditatem;

174 1495 319 1532 stupiditas
325 1499 417 1523 autem
429 1503 462 1523 ex
471 1495 582 1523 illorum
597 1495 779 1530 propensione
788 1495 822 1523 ad
835 1495 971 1531 impuram

173 1541 268 1569 vitam.
285 1540 472 1576 Quamobrem
485 1539 698 1575 reprehensione
720 1539 794 1575 digni
810 1544 884 1567 sunt.
900 1540 970 1568 Audi

176 1586 287 1613 enimet
302 1592 365 1621 quae
378 1588 540 1620 sequuntur.

211 1631 300 1657 Vens.
324 1633 371 1658 19.
402 1640 415 1653 ι
442 1629 493 1664 Qui
514 1628 699 1664 desperantes,
724 1629 828 1664 seipsos
852 1629 973 1658 tradide-

175 1678 241 1702 runt
279 1673 468 1709 impudicitiae,
512 1673 538 1700 in
566 1673 754 1708 operationem
792 1674 973 1702 lmmuuditim

174 1718 266 1747 omnis
281 1726 344 1746 cum
363 1718 500 1746 aviditate.
533 1729 546 1741 η
561 1717 657 1745 Viden'
676 1726 707 1745 ex
729 1718 868 1746 voluntate
893 1723 973 1754 atque

175 1763 314 1800 proposito
337 1762 408 1791 hanc
432 1763 470 1791 eis
495 1762 687 1798 stupiditatem
714 1765 798 1792 esse?
828 1775 840 1788 ιι
870 1765 972 1800 Despe-

175 1812 267 1836 rantes
276 1820 288 1833 η
302 1807 387 1842 enim,
397 1807 495 1844 inquit,
508 1807 562 1835 hoc
575 1811 629 1840 est,
644 1815 742 1843 segnes
755 1807 835 1842 facti,
849 1808 972 1836 nolentes

174 1853 296 1882 laborare
321 1857 352 1882 ut
366 1853 505 1881 inveniant
518 1853 634 1887 bonum,
658 1853 733 1880 omni
755 1852 851 1881 dolore
865 1857 972 1882 tantum

174 1906 229 1927 non
251 1903 389 1933 vacantes,
422 1905 454 1927 ac
480 1897 563 1926 veluti
582 1898 617 1925 ad
641 1897 786 1925 stultitiam
805 1897 916 1932 redacti,
944 1906 973 1925 se

175 1944 227 1980 ipsi
246 1943 418 1972 tradiderunt
441 1942 618 1979 impudicitiae
643 1952 652 1970 :
673 1947 703 1971 ut
718 1942 785 1978 quid
800 1941 920 1970 faciant?
933 1944 973 1970 Ut

175 1992 321 2024 operentur
342 1987 533 2023 impuritatem
552 1986 645 2015 :hanc
668 1987 742 2014 enim
764 1986 883 2014 exercitii
904 1995 970 2014 con-

174 2033 298 2068 tinuique
313 2032 404 2068 operis
425 2032 485 2060 loco
511 2035 672 2068 posuerunt,
688 2039 737 2059 nec
761 2039 845 2059 unam
859 2031 971 2067 quidem

174 2077 233 2114 ejus
253 2076 382 2113 speciem,
407 2076 455 2105 sed
479 2076 666 2112 omnigenam.
690 2076 743 2111 Qui
767 2075 850 2112 igitur
872 2084 928 2104 non
943 2077 970 2104 in

174 2129 317 2151 summum
330 2125 470 2158 stuporem
484 2121 591 2149 venturi
614 2125 700 2155 erant,
718 2120 765 2157 qui
780 2120 883 2156 seipsos
895 2122 971 2149 omni

696 134 950 164 THEOPHYLACTI
971 133 1149 163 BULGARle
1169 132 1324 161 ARCHIEP.

178 203 232 235 est,
256 202 354 227 testem
381 198 533 227 Dominum
548 197 627 233 facio,
648 198 722 235 quod
737 207 792 227 non
813 199 976 227 occultarim
990 200 1016 233 Α

1071 211 1072 217 π
1095 197 1192 238 Κύριον
1208 198 1335 234 ποιοῦμαι
1350 195 1392 234 ⁸⁸,
1409 195 1453 238 ἔτι
1470 196 1519 225 οὐκ
1538 195 1750 236 ἀπεκρυψείμην
1776 195 1839 234 πρὸς

1027 244 1096 281 ὑμᾶς
1111 241 1128 271 ἃ
1140 236 1192 270 Ἴδεῐ
1207 242 1300 271 εἰπεῖν.
1324 241 1383 271 Οὔκ
1398 236 1455 270 εἶπε
1482 240 1522 278 δὲ,
1538 240 1651 277 Μηκέτι
1671 242 1748 279 ὓμᾶς
1763 252 1841 278 περε-

1026 291 1120 316 πατείν
1135 287 1171 319 ὥς
1186 289 1369 326 περιεπατεῐτε
1379 309 1386 321 ,
1400 284 1444 313 ἵνα
1460 285 1497 322 μὴ
1514 284 1603 324 πλήξῃ
1617 296 1624 303 ι
1635 285 1710 314 ἆλλᾶ
1721 306 1730 319 ,
1748 299 1759 309 ι
1779 286 1839 314 K1-

1027 331 1077 365 θὼς
1098 330 1144 361 καὶ
1165 330 1199 360 τὰ
1212 330 1294 360 λοιπὰ
1311 330 1390 366 ἔθνη,
1407 340 1421 358 n
1448 331 1487 370 τῷ
1509 330 1605 370 ἑτέρων
1629 330 1838 370 παραδείγματι

1027 376 1194 417 σωφρονίζων
1226 375 1331 409 αὖτοῦς.
1360 387 1375 404 ιι
1391 375 1438 405 Ἐν
1466 375 1625 412 ματαιότητι
1639 375 1668 404 δὲ
1690 378 1743 404 τοῦ
1754 375 1812 404 vi:
1824 388 1831 401 :

1027 421 1220 462 περιεπάτουν,
1244 419 1290 449 καὶ
1313 421 1349 453 ὡς
1369 419 1402 449 τὰ
1423 419 1518 449 εἴδωλα
1543 419 1707 458 σεϐόμενοι,
1742 422 1789 448 καὶ
1808 422 1839 448 (ἐ

1027 470 1081 500 τοῖς
1108 466 1204 496 πάθεσι
1232 464 1414 501 δουλεύοντες,
1439 464 1484 494 καὶ
1510 464 1565 498 τοῖς
1589 467 1636 494 τοῦ
1653 465 1765 503 κόσμου
1783 477 1837 501 gn—

1027 510 1110 544 ταίοις
1139 509 1357 550 πρ(κιήλι›.ιι.ι.ἐνειι⁶
1394 509 1411 538 ἃ
1448 507 1597 546 ματαιότης
1626 510 1773 547 λέγονται,
1805 510 1836 537 ἓξ

1027 555 1092 585 αὐτὸ
1118 558 1210 593 τοῦτο,
1236 554 1276 584 ὅτι
1303 557 1380 593 ἡμεῖς
1415 554 1503 588 αὐτοῖς
1526 554 1649 592 ματαίως
1683 554 1820 594 χρώχιετλε

1027 601 1057 629 οὗ
1070 600 1120 640 γὰρ
1134 602 1166 640 τῇ
1183 600 1284 629 ἑαυτῶν
1301 599 1378 640 φύσει
1400 599 1502 638 μάταιά
1524 600 1574 628 εἶσι
1585 611 1592 617 ·
1607 599 1683 628 καλὰ
1701 602 1759 638 γὰρ
1780 601 1836 626 ὶζπγ

1027 645 1197 680 ἐκτίσθησαν.

1073 703 1085 715 ι
1097 689 1299 728 Ἐσκοτισμένοι
1316 691 1348 729 τῇ
1375 688 1476 728 διανοίᾳ
1487 711 1495 726 ,
1510 688 1770 729 ἀπηλλοτριωμένοι
1795 691 1836 721 τῖς

1028 735 1098 770 ζωῆς
1118 737 1163 764 τοῦ
1188 736 1272 766 Θεοῦ.
1300 734 1341 764 Τὸ
1365 733 1414 772 μὲν
1437 735 1491 774 φῶς
1515 733 1621 772 ἔλαμπε
1648 735 1699 769 τῆς
1730 745 1762 762 τε
1784 737 1835 762 οεο-

1026 778 1140 816 γνωσίας
1170 779 1215 808 καὶ
1239 781 1285 808 τοῦ
1309 781 1426 818 καθαροῦ
1443 777 1519 818 βίου·
1544 778 1619 808 αὐτοὶ
1637 777 1667 808 δὲ
1691 778 1835 808 ἐσκέπασαν

1026 823 1146 859 ἑαυτοὺς,
1178 823 1284 857 ἀσθενὲς
1309 823 1467 859 ποιήσαντες
1492 823 1522 852 τὸ
1549 825 1595 859 τῆς
1619 825 1712 863 ψυχῆς
1746 824 1834 862 5:991-

1026 868 1098 897 τιχὸν
1114 868 1157 898 διὰ
1175 867 1223 903 τὴν
1246 868 1331 908 ἀχλὺν
1351 870 1404 897 τῶν
1427 869 1518 897 παθῶν
1544 868 1589 897 καὶ
1616 870 1672 897 τῶν
1698 870 1835 907 ﬁrmeterr»

1024 912 1179 952 φροντίδων.
1206 911 1310 952 Ῥεῦμα
1336 912 1388 952 γὰρ
1420 912 1487 942 πολὺ
1516 912 1562 942 καὶ
1585 912 1714 942 δυσίατόν
1729 913 1758 931 θ’
1788 914 1836 941 εἴτε

1024 957 1056 986 τά
1069 969 1098 987 τε
1120 958 1192 995 πάθη
1219 957 1265 987 καὶ
1289 959 1316 987 αἱ
1331 957 1459 997 μέριμναι
1484 960 1530 987 τοῦ
1545 957 1666 996 κόσμου,
1693 958 1833 986 ἐπιϐολαῖ-

1025 1013 1070 1031 σιι
1083 1001 1129 1038 τὴν
1145 1003 1273 1033 διάνοιαν.
1295 1003 1346 1031 Διὰ
1367 1004 1444 1032 τοῦτο
1461 1002 1507 1032 καὶ
1523 1005 1569 1038 τῆς
1586 1005 1633 1031 τοῦ
1651 1003 1731 1032 θεοῦ
1754 1004 1832 1036 (uti;

1025 1047 1039 1076 δ
1065 1048 1122 1077 ἐστι
1143 1048 1191 1083 τῆς
1213 1047 1284 1076 κατὰ
1310 1046 1395 1084 Θεὸν,
1413 1047 1674 1087 ἀπηλλοτριώθησαν
1692 1048 1715 1076 οἱ
1752 1046 1834 1079 οὕτως

1026 1091 1140 1132 ἔχοντες.
1168 1092 1225 1122 Τοῦ
1258 1093 1366 1131 λογικοῦ
1390 1090 1443 1132 γὰρ
1468 1091 1538 1128 ζωὴ,
1567 1093 1597 1121 τὸ
1623 1092 1674 1127 τὴν
1702 1092 1832 1127 ἆλήθειτι

1025 1137 1138 1165 νοεῖνθὸ
1165 1136 1192 1165 δὲ
1213 1136 1278 1176 πρὸς
1313 1136 1412 1172 ταύτην
1439 1136 1603 1176 τυφλωθεὶς,
1631 1136 1747 1169 εἰκότως
1776 1138 1832 1166 οὖὲὲ

1027 1183 1074 1219 ζῇ,
1098 1180 1141 1209 διὰ
1162 1181 1192 1209 τὸ
1217 1181 1265 1216 τὴν
1294 1180 1420 1216 ἀλήθειαν
1441 1176 1508 1210 εἶναι
1535 1181 1625 1210 οὗσίιιν
1645 1180 1691 1210 καὶ
1715 1183 1774 1221 φῶς
1789 1184 1831 1210 τῑῖ

1025 1225 1114 1264 λόγου.

1067 1283 1077 1296 π
1096 1269 1147 1300 Διὰ
1159 1269 1208 1306 τὴν
1225 1270 1334 1308 ἄγνοιαν
1352 1270 1400 1306 τὴν
1415 1265 1497 1300 οὖσαν
1517 1271 1618 1306 αὐτοῖς,
1635 1270 1680 1300 διὰ
1704 1271 1758 1306 τὴν
1776 1270 1831 1299 :15:-

1026 1326 1105 1353 ρωσιν
1121 1317 1166 1350 τῆς
1189 1316 1299 1355 καρδίας
1314 1316 1411 1346 αὐτῶν.
1439 1329 1451 1341 υ
1470 1316 1501 1345 Εἰ
1520 1310 1566 1344 οὖν
1582 1317 1726 1354 ἀγνοοῦσι,
1744 1316 1773 1344 τί
1788 1316 1831 1344 αὖ-

1025 1363 1079 1393 τοῖς
1095 1360 1230 1399 ἐγκαλεῖς
1248 1361 1292 1389 τὸν
1308 1359 1360 1399 γὰρ
1383 1360 1526 1398 ἀγνοοῦντα
1546 1361 1722 1389 διδάσκεσθαι
1740 1362 1783 1389 Ξεῖ
1796 1361 1829 1395 τ’,

1025 1406 1054 1434 οὖ
1084 1406 1301 1444 κατηγορεῖσθαι.
1330 1404 1401 1434 Ἀλλ’
1426 1407 1443 1440 ἡ
1470 1405 1581 1443 ἄγνοια,
1605 1405 1672 1444 φησὶ
1706 1404 1754 1434 διὰ
1785 1405 1830 1439 Ti]?

1026 1447 1150 1488 πώρωσιν
1175 1449 1263 1482 αὐτοῖς
1284 1448 1442 1488 ἐπεγένετο,
1466 1448 1482 1478 ὅ
1501 1451 1557 1479 ἐστι
1582 1449 1603 1474 7'
1626 1448 1668 1478 δὶὰ
1687 1449 1738 1484 τὴν
1756 1451 1833 1478 ἄναι-

1028 1493 1157 1529 σθησίαν·
1185 1496 1201 1529 ἧ
1226 1493 1254 1522 δὲ
1280 1493 1456 1529 ἀναισθησία,
1482 1495 1512 1522 ἐχ
1527 1495 1573 1529 τῆς
1596 1493 1660 1532 πρὸς
1689 1494 1735 1523 τὸν
1765 1494 1835 1522 ἀκά-

1028 1540 1122 1578 θαρτον
1143 1537 1198 1577 βίον
1222 1538 1363 1572 διαθέσεως
1393 1538 1523 1568 αὖτῶνΠ.
1549 1537 1638 1567 Ὥστε
1654 1539 1833 1577 ἐγκαλεῖσθαι

1029 1582 1105 1617 ἄξιοι.
1119 1580 1218 1612 Ἀκουε
1231 1583 1281 1622 γὰρ
1296 1582 1342 1611 καὶ
1355 1584 1407 1611 τῶν
1420 1582 1494 1619 ἑξῆς·

1074 1639 1088 1656 ι(
1116 1627 1220 1661 Οἵτινες
1255 1627 1440 1667 ἀπηλγηκότες
1466 1627 1574 1661 ἑαυτοὺς
1598 1627 1762 1667 παρέδωκαν

1029 1672 1155 1712 ἀσελγείᾳ
1166 1694 1174 1707 ,
1202 1673 1237 1706 εἷς
1252 1672 1377 1712 ἐργασίαν
1393 1672 1482 1707 πάσης
1504 1672 1668 1712 ἀκαθαρσίας
1682 1673 1710 1701 ἐν
1736 1675 1831 1702 πλεον-

1028 1716 1092 1756 εξίᾳ.
1111 1729 1125 1746 )›
1153 1717 1250 1757 Ὁρᾷς,
1278 1718 1318 1746 ὅτι
1342 1717 1372 1746 ἐκ
1398 1716 1576 1756 προαιρέσεως
1600 1718 1720 1752 αὖτοῖςῆ
1751 1719 1830 1747 ἄναι-

1029 1762 1144 1801 σθησία;
1168 1772 1182 1790 (ι
1199 1761 1396 1800 Ἀπηλγηκότες
1416 1774 1430 1790 ι)
1449 1761 1511 1801 γὰρ,
1532 1761 1750 1802 φηοὶιτουτὲστι
1763 1774 1831 1791 κατ-

1029 1806 1258 1847 εῤῥᾳθυμηκότες,
1277 1807 1322 1835 καὶ
1338 1806 1375 1844 μὴ
1399 1806 1516 1839 θέλοντες
1532 1808 1627 1845 καμεῖν
1640 1806 1708 1846 πρὸς
1724 1806 1774 1842 τὴν
1791 1807 1832 1836 :5-

1029 1863 1098 1891 ρεσιν
1109 1853 1155 1880 τοῦ
1170 1852 1264 1887 καλοῦ,
1280 1850 1326 1880 καὶ
1350 1851 1504 1890 ἀναλγήτως
1522 1851 1692 1887 διατεθέντες,
1710 1851 1759 1880 καὶ
1775 1847 1830 1882 οἷον

1028 1895 1226 1935 μεμωραμένοι,
1247 1906 1262 1924 α
1282 1895 1389 1929 ἑαυτοὺς
1415 1896 1576 1936 παρέδωκαν
1644 1896 1785 1936 ἀσελγείᾳ.
1810 1909 1825 1925 n

1025 1939 1085 1970 Ἵνα
1109 1940 1134 1969 τί
1157 1943 1283 1977 ﬂoridam;
1304 1939 1363 1971 Ἵνα
1389 1942 1549 1980 ἐργάζωνται
1572 1941 1619 1976 τὴν
1646 1941 1829 1981 ἀκαθαρσίαν·

1027 1984 1143 2024 μελέτην
1171 1984 1222 2024 γὰρ
1247 1985 1294 2014 καὶ
1319 1985 1397 2025 ἔργον
1424 1985 1540 2020 διηνεκὲς
1555 1986 1581 2004 ⁷³
1600 1985 1689 2015 ἔθεντο
1708 1985 1828 2022 ταύτην.

1026 2029 1072 2059 καὶ
1095 2030 1145 2070 οὐχ
1171 2029 1197 2058 ἓν
1219 2024 1295 2064 εἶδος,
1314 2029 1383 2059 ἀλλὰ
1409 2034 1508 2059 πᾶσαν.
1534 2031 1596 2063 Πῶς
1619 2025 1665 2059 οῦν
1684 2032 1734 2060 οὐκ
1749 2031 1827 2070 ἔμελ-

1025 2075 1070 2104 λον
1097 2075 1265 2110 ἀναισθητεῖν
1297 2075 1320 2103 οἱ
1350 2073 1457 2107 ἑαυτοὺς
1487 2074 1649 2114 παραδόντες
1674 2076 1825 2116 ἀκαθαρσίᾳ

1026 2119 1100 2160 πάσῃ
1113 2131 1121 2156 ;
1135 2118 1170 2149 C0
1185 2119 1237 2159 γὰρ
1262 2119 1409 2159 ἀκάθαρτος
1431 2119 1485 2158 βίος
1496 2141 1504 2155 ,
1520 2118 1566 2148 καὶ
1582 2119 1723 2159 δογμάτων
1741 2132 1825 2155 πονη-

173 2166 357 2196 immunditiei
383 2165 572 2195 tradiderunt?
608 2166 717 2194 Etenim
744 2165 888 2194 immunda
914 2166 969 2194 vita
988 2174 1013 2206 ι)

1071 2177 1082 2191 ν
1105 2163 1203 2202 αἴτιος,
1239 2164 1285 2193 καὶ
1315 2164 1411 2196 παντὸς
1450 2165 1534 2193 καλοῦ
1564 2164 1672 2202 ἄγνοιαν
1711 2167 1825 2202 ἐμποιεῖ.

173 2212 337 2249 dogmatum
357 2219 466 2248 quoque
485 2219 633 2248 pravorum
656 2210 742 2246 4.οο
763 2218 844 2239 causa
864 2215 916 2244 est,
941 2215 969 2239 et

173 2257 263 2286 omnis
279 2257 344 2286 boni
359 2257 543 2294 ignorantiam
566 2256 646 2292 parit.
669 2255 787 2291 Quando
813 2255 896 2292 igitur
917 2256 968 2283 alio

172 2302 201 2330 in
228 2303 289 2330 loco
311 2301 461 2336 audiveris,
492 2301 567 2337 quod
595 2302 671 2329 Deus
693 2300 839 2329 tradiderit
866 2308 913 2328 eos
940 2301 968 2328 iu

172 2346 319 2382 reprobam
339 2350 472 2380 mentem,
497 2345 670 2374 reminiscere
692 2345 775 2373 etiam
798 2344 880 2381 hujus
905 2346 969 2380 loci,

173 2395 256 2426 atque
274 2390 452 2427 compingens
471 2394 633 2426 utrumque,
659 2390 782 2426 intelligo
803 2389 878 2426 quod
898 2391 971 2418 Deus

171 2436 279 2465 dicatur
300 2435 406 2463 tradere
427 2443 474 2463 eos
500 2435 547 2470 qui
573 2435 678 2470 seipsos
706 2434 830 2469 tradunt,
856 2434 909 2462 hoc
930 2439 971 2463 est

171 2481 344 2517 permittere,
364 2487 471 2507 necnon
498 2479 659 2512 concedere,
691 2478 916 2515 quandoquidem
942 2487 971 2508 se

172 2526 271 2563 dignos
291 2525 344 2553 hoc
358 2524 490 2561 permissu
516 2524 648 2551 fecerunt.
675 2523 717 2551 Ad
733 2523 792 2552 haec
806 2530 871 2551 cum
892 2523 968 2557 dicit,

173 2582 187 2597 tt
207 2572 280 2600 Cum
300 2570 440 2604 aviditate,
468 2581 478 2595 ι
512 2569 695 2597 voluntariam
724 2568 763 2597 eis
781 2567 969 2605 stupiditatem

170 2616 266 2645 adesse
286 2619 411 2644 testatur.
441 2614 577 2643 Licuisset
601 2613 676 2641 enim
699 2613 738 2642 eis
759 2617 787 2642 et
800 2613 923 2650 pecuniis
943 2618 970 2642 et

170 2661 355 2698 voluptatibus
373 2660 514 2689 moderate
535 2659 589 2687 frui
613 2667 620 2686 :
648 2658 686 2686 illi
707 2666 771 2687 vero
785 2658 969 2695 intemperan-

1022 2211 1111 2238 Ὀταν
1125 2207 1212 2237 τοίνυν
1232 2209 1351 2248 ἀλλαχοῦ
1377 2207 1492 2247 ἀκούσῃς
1503 2230 1510 2244 ε
1528 2208 1569 2237 ὅτι
1586 2210 1599 2237 ὁ
1613 2208 1683 2242 θεὸς
1697 2209 1824 2250 παρέξω-

1022 2265 1067 2284 κεν
1082 2253 1117 2286 εἷς
1140 2252 1268 2285 ἀδόκιμον
1283 2256 1358 2289 νοῦν,
1389 2252 1510 2291 [Liui/mo
1529 2253 1573 2282 καὶ
1596 2253 1689 2282 τούτου
1710 2258 1758 2284 τοῦ
1774 2257 1824 2294 pr.-

1023 2301 1083 2337 τοῦ,
1103 2297 1148 2327 καὶ
1177 2297 1350 2336 συμϐιϐάζων
1372 2297 1526 2338 ἀμφότερα,
1559 2298 1612 2327 νόει
1636 2297 1678 2327 ὅτι
1692 2298 1756 2332 τοὺς
1776 2311 1826 2328 πτ-

1027 2342 1154 2384 ραδόντας
1177 2341 1285 2375 ἑαυτοὺς
1300 2345 1314 2371 ὁ
1335 2342 1403 2375 Θεὸς
1430 2342 1538 2381 λέγεται
1559 2343 1747 2383 παραδοῦναι,
1768 2344 1823 2373 ἀντὶ

1025 2390 1085 2424 τοῦ,
1115 2387 1349 2427 συγκεχωρηκέναι
1372 2386 1417 2416 καὶ
1446 2386 1718 2426 ἐγκαταλελοιπέναι,
1733 2389 1820 2424 ἐπειδὴ

1026 2432 1111 2467 ἀξίους
1141 2432 1249 2465 ἑαυτοὺς
1262 2432 1354 2460 τούτου
1382 2431 1519 2467 ἐποίησαν.
1548 2432 1600 2461 Καὶ
1617 2434 1655 2472 τῷ
1680 2434 1765 2462 εἰπεῖν
1784 2435 1820 2469 δὲ,

1028 2487 1042 2505 α
1060 2476 1108 2506 Ἐν
1123 2475 1273 2516 πλεονεξία,
1292 2489 1306 2504 n
1324 2476 1512 2515 προαιρετικὴν
1524 2475 1572 2511 τὴν
1589 2477 1765 2513 ἀναισθησίαν
1777 2479 1823 2507 αὖ-

1025 2525 1079 2554 τοῖς
1103 2521 1295 2560 προσματυρεῖ.
1322 2520 1402 2557 Ἰ-ΣΞῆν
1420 2521 1471 2561 γὰρ
1482 2521 1531 2557 ⁷³”,
1547 2520 1647 2561 φησιν,
1674 2523 1765 2556 αὐτοῖς
1779 2522 1820 2551 καὶ

1025 2565 1173 2607 χρημάτων
1202 2565 1247 2596 καὶ
1263 2567 1357 2602 ἧδονῆς
1385 2567 1410 2595 ἐν
1433 2568 1585 2606 συμμετρία
1610 2567 1777 2597 ἀπολαύειν·
1800 2569 1820 2596 οἱ

1024 2611 1052 2641 δὲ
1070 2611 1118 2646 τὴν
1131 2611 1260 2651 ἀμετρίαν
1277 2611 1394 2648 ἑλόμενοι
1413 2611 1439 2639 ἐν
1459 2616 1540 2640 πᾶσιν
1571 2612 1606 2645 εἰς
1623 2611 1750 2653 πώρωσιν
1771 2608 1818 2649 ἧλ-

1024 2658 1067 2685 θον
1083 2655 1130 2685 καὶ
1150 2655 1323 2692 ἀναισθησίαν
1339 2655 1436 2690 παντὸς
1448 2656 1558 2694 ἀγαθοῦ,

171 2706 239 2735 tiam
253 2706 393 2743 eligentes,
409 2705 439 2733 in
451 2704 579 2734 omnibus
598 2703 632 2732 ad
654 2703 808 2733 caecitatem
821 2708 966 2769 venarum,
982 2708 1010 2770 elt
1023 2704 1258 2746 insensibilitatem
1277 2704 1397 2741 cujusvis
1407 2704 1482 2733 boni.

895 2750 968 2770 arma
1001 2748 1141 2770 ectiones.

895 2750 968 2770 arma
990 2748 1056 2771 lecti
1060 2751 1141 2771 01163.

209 2782 230 2799 ⁵⁸
243 2782 348 2818 παράγω
361 2789 389 2810 o.

428 2781 449 2799 5°
461 2781 582 2808 δύσϐατον
595 2789 624 2810 ο.
661 2780 683 2797 ⁷ο
694 2779 743 2816 χρὴ
756 2788 785 2809 ο.
822 2780 842 2800 ⁷⁸
856 2780 913 2814 ἤτοι
925 2788 954 2810 o.
991 2781 1014 2798 τ’
1028 2780 1112 2813 αὺτοῖς
1125 2788 1154 2810 o.

1192 2781 1215 2798 ⁷³
1227 2781 1270 2809 διὰ
1280 2782 1370 2813 παντὸς
1387 2790 1423 2811 m.
1461 2781 1506 2800 '3‘
1522 2779 1566 2808 οὖν
1578 2790 1605 2810 ο,

1774 133 1839 160 1093

1883 812 1886 952 Ὺ

1884 1423 1886 1552 ι
