  <div class='ocr_page' id='page_1' title='image "/cluster/home/n/w/nwhite01/storage/ocr_20150623/124/njp.32101010942728/688.png"; bbox 0 0 1886 3082; ppageno 0'>
   <div class='ocr_carea' id='block_1_1' title="bbox 60 163 124 190">
    <p class='ocr_par' dir='ltr' id='par_1_1' title="bbox 60 163 124 190">
     <span class='ocr_line' id='line_1_1' title="bbox 60 163 124 190; baseline 0 0"><span class='ocrx_word' id='word_1_1' title='bbox 60 163 124 190; x_wconf 80' lang='grc'><strong>1093</strong></span> 
     </span>
    </p>
   </div>
   <div class='ocr_carea' id='block_1_2' title="bbox 96 223 886 264">
    <p class='ocr_par' dir='ltr' id='par_1_2' title="bbox 96 223 886 264">
     <span class='ocr_line' id='line_1_2' title="bbox 96 223 886 264; baseline 0.001 -12"><span class='ocrx_word' id='word_1_2' title='bbox 96 239 108 252; x_wconf 74' lang='grc' dir='ltr'><strong>α</strong></span> <span class='ocrx_word' id='word_1_3' title='bbox 133 225 225 264; x_wconf 85' lang='grc' dir='ltr'>Ὑμεῖς</span> <span class='ocrx_word' id='word_1_4' title='bbox 257 224 285 254; x_wconf 79' lang='grc' dir='ltr'><strong>δὲ</strong></span> <span class='ocrx_word' id='word_1_5' title='bbox 318 225 369 264; x_wconf 82' lang='grc' dir='ltr'><strong>οὖχ</strong></span> <span class='ocrx_word' id='word_1_6' title='bbox 397 223 480 257; x_wconf 70' lang='grc' dir='ltr'>οὕτως</span> <span class='ocrx_word' id='word_1_7' title='bbox 504 224 614 263; x_wconf 72' lang='grc' dir='ltr'>ἐμάθετε</span> <span class='ocrx_word' id='word_1_8' title='bbox 645 223 690 253; x_wconf 80' lang='grc' dir='ltr'><strong>τὸν</strong></span> <span class='ocrx_word' id='word_1_9' title='bbox 714 223 844 264; x_wconf 79' lang='grc' dir='ltr'>Χριστὸν,</span> <span class='ocrx_word' id='word_1_10' title='bbox 858 227 886 259; x_wconf 74' lang='grc' dir='ltr'><strong>Α</strong></span> 
     </span>
    </p>
   </div>
   <div class='ocr_carea' id='block_1_3' title="bbox 58 267 849 309">
    <p class='ocr_par' dir='ltr' id='par_1_3' title="bbox 58 267 849 309">
     <span class='ocr_line' id='line_1_3' title="bbox 58 267 849 309; baseline -0.003 -9"><span class='ocrx_word' id='word_1_11' title='bbox 58 269 118 309; x_wconf 80' lang='grc' dir='ltr'>εἴγε</span> <span class='ocrx_word' id='word_1_12' title='bbox 141 269 216 299; x_wconf 79' lang='grc' dir='ltr'>αὐτὸν</span> <span class='ocrx_word' id='word_1_13' title='bbox 241 268 373 305; x_wconf 75' lang='grc' dir='ltr'>ἠκούσατε</span> <span class='ocrx_word' id='word_1_14' title='bbox 383 292 391 306; x_wconf 87' lang='grc'><strong><em>,</em></strong></span> <span class='ocrx_word' id='word_1_15' title='bbox 407 269 462 308; x_wconf 66' lang='grc' dir='ltr'><strong>ξκαὶ</strong></span> <span class='ocrx_word' id='word_1_16' title='bbox 476 269 503 299; x_wconf 74' lang='grc' dir='ltr'>ἔν</span> <span class='ocrx_word' id='word_1_17' title='bbox 527 270 599 309; x_wconf 74' lang='grc' dir='ltr'>αὐτῷ</span> <span class='ocrx_word' id='word_1_18' title='bbox 613 267 769 308; x_wconf 73' lang='grc' dir='ltr'><strong>ἐδιδάχθητε</strong></span> <span class='ocrx_word' id='word_1_19' title='bbox 779 291 788 308; x_wconf 85' lang='lat'><strong>,</strong></span> <span class='ocrx_word' id='word_1_20' title='bbox 801 280 849 298; x_wconf 75' lang='lat' dir='ltr'><strong>xa-</strong></span> 
     </span>
    </p>
   </div>
   <div class='ocr_carea' id='block_1_4' title="bbox 58 313 851 354">
    <p class='ocr_par' dir='ltr' id='par_1_4' title="bbox 58 313 851 354">
     <span class='ocr_line' id='line_1_4' title="bbox 58 313 851 354; baseline -0.003 -10"><span class='ocrx_word' id='word_1_21' title='bbox 58 315 105 348; x_wconf 83' lang='grc' dir='ltr'><strong>θώς</strong></span> <span class='ocrx_word' id='word_1_22' title='bbox 126 315 196 344; x_wconf 76' lang='grc' dir='ltr'>ἐστιν</span> <span class='ocrx_word' id='word_1_23' title='bbox 222 313 333 349; x_wconf 75' lang='grc' dir='ltr'>ἀλήθεια</span> <span class='ocrx_word' id='word_1_24' title='bbox 357 315 383 343; x_wconf 75' lang='grc' dir='ltr'>ἐν</span> <span class='ocrx_word' id='word_1_25' title='bbox 413 315 451 354; x_wconf 80' lang='grc' dir='ltr'><strong>τῷ</strong></span> <span class='ocrx_word' id='word_1_26' title='bbox 475 313 584 352; x_wconf 73' lang='grc' dir='ltr'>Ἰησοῦ,</span> <span class='ocrx_word' id='word_1_27' title='bbox 616 313 760 343; x_wconf 78' lang='grc' dir='ltr'>ἀποθέσθαι</span> <span class='ocrx_word' id='word_1_28' title='bbox 781 314 851 351; x_wconf 71' lang='grc' dir='ltr'>ὑμᾶς</span> 
     </span>
    </p>
   </div>
   <div class='ocr_carea' id='block_1_5' title="bbox 58 357 850 400">
    <p class='ocr_par' dir='ltr' id='par_1_5' title="bbox 58 357 850 400">
     <span class='ocr_line' id='line_1_5' title="bbox 58 357 850 400; baseline -0.003 -12"><span class='ocrx_word' id='word_1_29' title='bbox 58 358 122 388; x_wconf 68' lang='grc' dir='ltr'>κατὰ</span> <span class='ocrx_word' id='word_1_30' title='bbox 140 359 188 395; x_wconf 86' lang='grc' dir='ltr'><strong>τήν</strong></span> <span class='ocrx_word' id='word_1_31' title='bbox 203 359 335 399; x_wconf 79' lang='grc' dir='ltr'>προτέραν</span> <span class='ocrx_word' id='word_1_32' title='bbox 352 357 520 400; x_wconf 76' lang='grc' dir='ltr'>ἀναστροφὴν</span> <span class='ocrx_word' id='word_1_33' title='bbox 546 358 591 387; x_wconf 79' lang='grc' dir='ltr'><strong>τὸν</strong></span> <span class='ocrx_word' id='word_1_34' title='bbox 620 358 735 388; x_wconf 81' lang='grc' dir='ltr'>παλαιὸν</span> <span class='ocrx_word' id='word_1_35' title='bbox 750 357 850 398; x_wconf 80' lang='grc' dir='ltr'>ἄνθρω-</span> 
     </span>
    </p>
   </div>
   <div class='ocr_carea' id='block_1_6' title="bbox 57 401 851 444">
    <p class='ocr_par' dir='ltr' id='par_1_6' title="bbox 57 401 851 444">
     <span class='ocr_line' id='line_1_6' title="bbox 57 401 851 444; baseline -0.001 -12"><span class='ocrx_word' id='word_1_36' title='bbox 57 415 113 434; x_wconf 81' lang='grc' dir='ltr'>πον.</span> <span class='ocrx_word' id='word_1_37' title='bbox 129 415 143 432; x_wconf 70' lang='grc' dir='ltr'><strong>ν</strong></span> <span class='ocrx_word' id='word_1_38' title='bbox 161 404 203 434; x_wconf 81' lang='grc' dir='ltr'><strong>Τὰ</strong></span> <span class='ocrx_word' id='word_1_39' title='bbox 215 404 263 442; x_wconf 83' lang='grc' dir='ltr'>μὲν</span> <span class='ocrx_word' id='word_1_40' title='bbox 279 405 340 440; x_wconf 76' lang='grc' dir='ltr'>ἔθνη</span> <span class='ocrx_word' id='word_1_41' title='bbox 350 403 403 422; x_wconf 76' lang='grc'><strong>⁷³“”</strong></span> <span class='ocrx_word' id='word_1_42' title='bbox 414 402 495 437; x_wconf 76' lang='grc' dir='ltr'>οὕτως</span> <span class='ocrx_word' id='word_1_43' title='bbox 507 403 576 444; x_wconf 75' lang='grc' dir='ltr'>ἔχει’</span> <span class='ocrx_word' id='word_1_44' title='bbox 589 417 601 429; x_wconf 74' lang='grc' dir='ltr'><strong>α</strong></span> <span class='ocrx_word' id='word_1_45' title='bbox 616 405 690 440; x_wconf 79' lang='grc' dir='ltr'>ὗμεῖς</span> <span class='ocrx_word' id='word_1_46' title='bbox 704 402 731 432; x_wconf 79' lang='grc' dir='ltr'><strong>δὲ</strong></span> <span class='ocrx_word' id='word_1_47' title='bbox 747 402 797 443; x_wconf 82' lang='grc' dir='ltr'><strong>οὔχ</strong></span> <span class='ocrx_word' id='word_1_48' title='bbox 806 401 851 432; x_wconf 74' lang='grc' dir='ltr'><strong>οὕ-</strong></span> 
     </span>
    </p>
   </div>
   <div class='ocr_carea' id='block_1_7' title="bbox 57 447 850 489">
    <p class='ocr_par' dir='ltr' id='par_1_7' title="bbox 57 447 850 489">
     <span class='ocr_line' id='line_1_7' title="bbox 57 447 850 489; baseline -0.001 -12"><span class='ocrx_word' id='word_1_49' title='bbox 57 460 104 482; x_wconf 83' lang='grc' dir='ltr'><strong>τως</strong></span> <span class='ocrx_word' id='word_1_50' title='bbox 125 448 235 487; x_wconf 74' lang='grc' dir='ltr'>εμάθετε</span> <span class='ocrx_word' id='word_1_51' title='bbox 253 448 297 478; x_wconf 79' lang='grc' dir='ltr'><strong>τὸν</strong></span> <span class='ocrx_word' id='word_1_52' title='bbox 312 448 445 489; x_wconf 82' lang='grc' dir='ltr'>Χριστὸν,</span> <span class='ocrx_word' id='word_1_53' title='bbox 466 447 536 487; x_wconf 80' lang='grc' dir='ltr'>εἴγε</span> <span class='ocrx_word' id='word_1_54' title='bbox 560 448 694 484; x_wconf 75' lang='grc' dir='ltr'>ἠκούσατε</span> <span class='ocrx_word' id='word_1_55' title='bbox 715 447 760 477; x_wconf 82' lang='grc' dir='ltr'><strong>τὸν</strong></span> <span class='ocrx_word' id='word_1_56' title='bbox 778 449 850 487; x_wconf 84' lang='grc' dir='ltr'>Χρι-</span> 
     </span>
    </p>
   </div>
   <div class='ocr_carea' id='block_1_8' title="bbox 57 491 850 534">
    <p class='ocr_par' dir='ltr' id='par_1_8' title="bbox 57 491 850 534">
     <span class='ocr_line' id='line_1_8' title="bbox 57 491 850 534; baseline -0.001 -12"><span class='ocrx_word' id='word_1_57' title='bbox 57 494 113 523; x_wconf 80' lang='grc' dir='ltr'>στὸν</span> <span class='ocrx_word' id='word_1_58' title='bbox 123 516 132 531; x_wconf 82' lang='grc'><strong>,</strong></span> <span class='ocrx_word' id='word_1_59' title='bbox 149 493 195 523; x_wconf 74' lang='grc' dir='ltr'>καὶ</span> <span class='ocrx_word' id='word_1_60' title='bbox 208 495 235 523; x_wconf 82' lang='grc' dir='ltr'>ἐν</span> <span class='ocrx_word' id='word_1_61' title='bbox 246 495 317 533; x_wconf 77' lang='grc' dir='ltr'>αὐτῷ</span> <span class='ocrx_word' id='word_1_62' title='bbox 331 494 489 534; x_wconf 69' lang='grc' dir='ltr'>ἒδιδάχθητι</span> <span class='ocrx_word' id='word_1_63' title='bbox 499 493 536 523; x_wconf 84' lang='grc'><strong>⁷⁴.</strong></span> <span class='ocrx_word' id='word_1_64' title='bbox 548 504 555 512; x_wconf 87' lang='grc'>·</span> <span class='ocrx_word' id='word_1_65' title='bbox 573 507 586 520; x_wconf 71' lang='grc' dir='ltr'><strong>η</strong></span> <span class='ocrx_word' id='word_1_66' title='bbox 603 492 739 523; x_wconf 81' lang='grc' dir='ltr'><strong>τουτέστιν</strong></span> <span class='ocrx_word' id='word_1_67' title='bbox 750 515 758 531; x_wconf 81' lang='grc'><em>,</em></span> <span class='ocrx_word' id='word_1_68' title='bbox 770 491 850 522; x_wconf 77' lang='grc' dir='ltr'>Ἐπεὶ</span> 
     </span>
    </p>
   </div>
   <div class='ocr_carea' id='block_1_9' title="bbox 58 536 850 579">
    <p class='ocr_par' dir='ltr' id='par_1_9' title="bbox 58 536 850 579">
     <span class='ocr_line' id='line_1_9' title="bbox 58 536 850 579; baseline -0.001 -13"><span class='ocrx_word' id='word_1_69' title='bbox 58 537 162 575; x_wconf 78' lang='grc' dir='ltr'><strong>ἐμάθετε</strong></span> <span class='ocrx_word' id='word_1_70' title='bbox 187 539 233 568; x_wconf 82' lang='grc' dir='ltr'><strong>τὸν</strong></span> <span class='ocrx_word' id='word_1_71' title='bbox 259 538 384 579; x_wconf 87' lang='grc' dir='ltr'>Χριστόν.</span> <span class='ocrx_word' id='word_1_72' title='bbox 415 538 456 568; x_wconf 86' lang='grc' dir='ltr'><strong>Οὖ</strong></span> <span class='ocrx_word' id='word_1_73' title='bbox 479 537 531 578; x_wconf 82' lang='grc' dir='ltr'><strong>γὰρ</strong></span> <span class='ocrx_word' id='word_1_74' title='bbox 557 537 751 578; x_wconf 73' lang='grc' dir='ltr'>ἀμφιϐάλλων,</span> <span class='ocrx_word' id='word_1_75' title='bbox 769 536 850 573; x_wconf 64' lang='lat' dir='ltr'><strong>{dm</strong></span> 
     </span>
    </p>
   </div>
   <div class='ocr_carea' id='block_1_10' title="bbox 58 581 851 623">
    <p class='ocr_par' dir='ltr' id='par_1_10' title="bbox 58 581 851 623">
     <span class='ocr_line' id='line_1_10' title="bbox 58 581 851 623; baseline -0.003 -11"><span class='ocrx_word' id='word_1_76' title='bbox 58 583 100 612; x_wconf 75' lang='grc' dir='ltr'>καὶ</span> <span class='ocrx_word' id='word_1_77' title='bbox 122 583 224 623; x_wconf 78' lang='grc' dir='ltr'>σφόδρα</span> <span class='ocrx_word' id='word_1_78' title='bbox 248 582 496 621; x_wconf 74' lang='grc' dir='ltr'>διαϐεϐαιούμενος,</span> <span class='ocrx_word' id='word_1_79' title='bbox 522 581 631 612; x_wconf 78' lang='grc' dir='ltr'><strong>οὔτω⁷⁵</strong></span> <span class='ocrx_word' id='word_1_80' title='bbox 660 581 737 622; x_wconf 68' lang='grc' dir='ltr'>φησί.</span> <span class='ocrx_word' id='word_1_81' title='bbox 761 583 851 612; x_wconf 71' lang='grc' dir='ltr'>Τοῦτο</span> 
     </span>
    </p>
   </div>
   <div class='ocr_carea' id='block_1_11' title="bbox 57 627 850 667">
    <p class='ocr_par' dir='ltr' id='par_1_11' title="bbox 57 627 850 667">
     <span class='ocr_line' id='line_1_11' title="bbox 57 627 850 667; baseline -0.004 -10"><span class='ocrx_word' id='word_1_82' title='bbox 57 627 104 667; x_wconf 82' lang='grc' dir='ltr'><strong>γάρ</strong></span> <span class='ocrx_word' id='word_1_83' title='bbox 119 628 174 657; x_wconf 76' lang='grc' dir='ltr'>ἔστι</span> <span class='ocrx_word' id='word_1_84' title='bbox 202 630 295 658; x_wconf 70' lang='grc' dir='ltr'>μαθεῖν</span> <span class='ocrx_word' id='word_1_85' title='bbox 319 627 365 657; x_wconf 77' lang='grc' dir='ltr'><strong>τὸν</strong></span> <span class='ocrx_word' id='word_1_86' title='bbox 382 628 518 666; x_wconf 82' lang='grc' dir='ltr'>Χριστὸν,</span> <span class='ocrx_word' id='word_1_87' title='bbox 544 627 574 656; x_wconf 77' lang='grc' dir='ltr'><strong>τὸ</strong></span> <span class='ocrx_word' id='word_1_88' title='bbox 600 628 683 667; x_wconf 82' lang='grc' dir='ltr'>ὀρθῶς</span> <span class='ocrx_word' id='word_1_89' title='bbox 708 629 797 666; x_wconf 71' lang='grc' dir='ltr'>βιοῦν·</span> <span class='ocrx_word' id='word_1_90' title='bbox 814 627 850 659; x_wconf 81' lang='grc' dir='ltr'>ὡς</span> 
     </span>
    </p>
   </div>
   <div class='ocr_carea' id='block_1_12' title="bbox 58 670 844 713">
    <p class='ocr_par' dir='ltr' id='par_1_12' title="bbox 58 670 844 713">
     <span class='ocr_line' id='line_1_12' title="bbox 58 670 844 713; baseline -0.006 -11"><span class='ocrx_word' id='word_1_91' title='bbox 58 671 111 711; x_wconf 75' lang='grc' dir='ltr'>ὅγε</span> <span class='ocrx_word' id='word_1_92' title='bbox 135 675 257 713; x_wconf 84' lang='grc' dir='ltr'>πονηρῶς</span> <span class='ocrx_word' id='word_1_93' title='bbox 287 674 338 708; x_wconf 86' lang='grc' dir='ltr'><strong>ζῶν</strong></span> <span class='ocrx_word' id='word_1_94' title='bbox 365 673 454 712; x_wconf 77' lang='grc' dir='ltr'>ἀγνοεῖ</span> <span class='ocrx_word' id='word_1_95' title='bbox 481 673 525 701; x_wconf 85' lang='grc' dir='ltr'><strong>τὸν</strong></span> <span class='ocrx_word' id='word_1_96' title='bbox 551 671 679 712; x_wconf 84' lang='grc' dir='ltr'>Χριστόν.</span> <span class='ocrx_word' id='word_1_97' title='bbox 699 685 711 698; x_wconf 75' lang='grc' dir='ltr'>ι</span> <span class='ocrx_word' id='word_1_98' title='bbox 736 670 806 702; x_wconf 80' lang='grc' dir='ltr'>Θεὸν</span> <span class='ocrx_word' id='word_1_99' title='bbox 830 681 844 698; x_wconf 81' lang='lat' dir='ltr'><strong>n</strong></span> 
     </span>
    </p>
   </div>
   <div class='ocr_carea' id='block_1_13' title="bbox 58 715 849 756">
    <p class='ocr_par' dir='ltr' id='par_1_13' title="bbox 58 715 849 756">
     <span class='ocr_line' id='line_1_13' title="bbox 58 715 849 756; baseline -0.001 -11"><span class='ocrx_word' id='word_1_100' title='bbox 58 716 120 756; x_wconf 71' lang='grc' dir='ltr'>γὰρ,</span> <span class='ocrx_word' id='word_1_101' title='bbox 137 718 237 756; x_wconf 77' lang='grc' dir='ltr'>φησὶν,</span> <span class='ocrx_word' id='word_1_102' title='bbox 255 727 269 746; x_wconf 92' lang='grc' dir='ltr'>(ι</span> <span class='ocrx_word' id='word_1_103' title='bbox 285 718 461 756; x_wconf 69' lang='grc' dir='ltr'><strong>ὁμολογοῦσιν</strong></span> <span class='ocrx_word' id='word_1_104' title='bbox 487 716 603 754; x_wconf 79' lang='grc' dir='ltr'>εἰδέναι,</span> <span class='ocrx_word' id='word_1_105' title='bbox 628 717 682 750; x_wconf 81' lang='grc' dir='ltr'>τοῖς</span> <span class='ocrx_word' id='word_1_106' title='bbox 709 715 737 745; x_wconf 80' lang='grc' dir='ltr'><strong>δὲ</strong></span> <span class='ocrx_word' id='word_1_107' title='bbox 764 715 849 755; x_wconf 77' lang='grc' dir='ltr'>ἔργοις</span> 
     </span>
    </p>
   </div>
   <div class='ocr_carea' id='block_1_14' title="bbox 59 759 850 801">
    <p class='ocr_par' dir='ltr' id='par_1_14' title="bbox 59 759 850 801">
     <span class='ocr_line' id='line_1_14' title="bbox 59 759 850 801; baseline -0.003 -11"><span class='ocrx_word' id='word_1_108' title='bbox 59 763 204 801; x_wconf 78' lang='grc' dir='ltr'>ἀρνοῦνται.</span> <span class='ocrx_word' id='word_1_109' title='bbox 224 776 237 789; x_wconf 77' lang='grc' dir='ltr'><strong>ι</strong></span> <span class='ocrx_word' id='word_1_110' title='bbox 250 763 290 793; x_wconf 82' lang='grc' dir='ltr'>Τὸ</span> <span class='ocrx_word' id='word_1_111' title='bbox 312 761 354 799; x_wconf 65' lang='grc' dir='ltr'><strong>δὲ,</strong></span> <span class='ocrx_word' id='word_1_112' title='bbox 384 773 398 790; x_wconf 75' lang='grc' dir='ltr'><strong>α</strong></span> <span class='ocrx_word' id='word_1_113' title='bbox 418 761 514 796; x_wconf 85' lang='grc' dir='ltr'>Καθώς</span> <span class='ocrx_word' id='word_1_114' title='bbox 530 762 601 791; x_wconf 81' lang='grc' dir='ltr'>ἐστιν</span> <span class='ocrx_word' id='word_1_115' title='bbox 616 761 737 798; x_wconf 75' lang='grc' dir='ltr'>ἀλήθεια,</span> <span class='ocrx_word' id='word_1_116' title='bbox 750 772 764 786; x_wconf 69' lang='grc' dir='ltr'><strong>ι</strong></span> <span class='ocrx_word' id='word_1_117' title='bbox 780 759 850 789; x_wconf 75' lang='grc' dir='ltr'>οὕτω</span> 
     </span>
    </p>
   </div>
   <div class='ocr_carea' id='block_1_15' title="bbox 59 804 850 847">
    <p class='ocr_par' dir='ltr' id='par_1_15' title="bbox 59 804 850 847">
     <span class='ocr_line' id='line_1_15' title="bbox 59 804 850 847; baseline -0.003 -12"><span class='ocrx_word' id='word_1_118' title='bbox 59 807 94 836; x_wconf 80' lang='grc' dir='ltr'>δεῖ</span> <span class='ocrx_word' id='word_1_119' title='bbox 106 808 201 842; x_wconf 80' lang='grc' dir='ltr'>νοῆσαι</span> <span class='ocrx_word' id='word_1_120' title='bbox 224 807 261 843; x_wconf 75' lang='lat'><strong>7°,</strong></span> <span class='ocrx_word' id='word_1_121' title='bbox 278 807 318 837; x_wconf 79' lang='grc' dir='ltr'><strong>ὅτι</strong></span> <span class='ocrx_word' id='word_1_122' title='bbox 331 807 393 847; x_wconf 75' lang='grc' dir='ltr'><strong>Οὐχ</strong></span> <span class='ocrx_word' id='word_1_123' title='bbox 415 806 506 847; x_wconf 80' lang='grc' dir='ltr'>ὥσπερ</span> <span class='ocrx_word' id='word_1_124' title='bbox 522 806 555 836; x_wconf 79' lang='grc' dir='ltr'><strong>τὰ</strong></span> <span class='ocrx_word' id='word_1_125' title='bbox 570 807 631 843; x_wconf 80' lang='grc' dir='ltr'>ἔθνη</span> <span class='ocrx_word' id='word_1_126' title='bbox 647 807 673 836; x_wconf 73' lang='grc' dir='ltr'>ἐν</span> <span class='ocrx_word' id='word_1_127' title='bbox 688 804 850 844; x_wconf 78' lang='grc' dir='ltr'>ματαιότητι</span> 
     </span>
    </p>
   </div>
   <div class='ocr_carea' id='block_1_16' title="bbox 59 851 848 890">
    <p class='ocr_par' dir='ltr' id='par_1_16' title="bbox 59 851 848 890">
     <span class='ocr_line' id='line_1_16' title="bbox 59 851 848 890; baseline -0.003 -11"><span class='ocrx_word' id='word_1_128' title='bbox 59 854 258 890; x_wconf 77' lang='grc' dir='ltr'>περιπατοῦσιν,</span> <span class='ocrx_word' id='word_1_129' title='bbox 286 851 355 882; x_wconf 73' lang='grc' dir='ltr'>οὕτω</span> <span class='ocrx_word' id='word_1_130' title='bbox 375 852 420 881; x_wconf 78' lang='grc' dir='ltr'><strong>καὶ</strong></span> <span class='ocrx_word' id='word_1_131' title='bbox 443 853 518 889; x_wconf 77' lang='grc' dir='ltr'>ῧμείς</span> <span class='ocrx_word' id='word_1_132' title='bbox 544 851 588 881; x_wconf 71' lang='grc' dir='ltr'><strong>ἰπὶ</strong></span> <span class='ocrx_word' id='word_1_133' title='bbox 611 851 664 884; x_wconf 80' lang='grc' dir='ltr'>τοῖς</span> <span class='ocrx_word' id='word_1_134' title='bbox 680 851 768 883; x_wconf 77' lang='grc' dir='ltr'>αὐτοῖς</span> <span class='ocrx_word' id='word_1_135' title='bbox 785 861 848 878; x_wconf 85' lang='grc' dir='ltr'>συν-</span> 
     </span>
    </p>
   </div>
   <div class='ocr_carea' id='block_1_17' title="bbox 58 893 850 937">
    <p class='ocr_par' dir='ltr' id='par_1_17' title="bbox 58 893 850 937">
     <span class='ocr_line' id='line_1_17' title="bbox 58 893 850 937; baseline -0.003 -13"><span class='ocrx_word' id='word_1_136' title='bbox 58 895 147 925; x_wconf 74' lang='grc' dir='ltr'>ἔθεσθε.</span> <span class='ocrx_word' id='word_1_137' title='bbox 171 897 215 926; x_wconf 84' lang='grc' dir='ltr'><strong>Οὐ</strong></span> <span class='ocrx_word' id='word_1_138' title='bbox 240 897 291 937; x_wconf 75' lang='grc' dir='ltr'><strong>γὰρ</strong></span> <span class='ocrx_word' id='word_1_139' title='bbox 325 896 472 935; x_wconf 76' lang='grc' dir='ltr'>ματαιότης</span> <span class='ocrx_word' id='word_1_140' title='bbox 499 895 533 926; x_wconf 82' lang='grc' dir='ltr'><strong>τὰ</strong></span> <span class='ocrx_word' id='word_1_141' title='bbox 559 898 604 926; x_wconf 74' lang='grc' dir='ltr'><strong>τοῦ</strong></span> <span class='ocrx_word' id='word_1_142' title='bbox 632 897 764 936; x_wconf 79' lang='grc' dir='ltr'>Χριστοῦ,</span> <span class='ocrx_word' id='word_1_143' title='bbox 791 893 850 922; x_wconf 79' lang='grc' dir='ltr'>ἀλλ’</span> 
     </span>
    </p>
   </div>
   <div class='ocr_carea' id='block_1_18' title="bbox 59 933 887 981">
    <p class='ocr_par' dir='ltr' id='par_1_18' title="bbox 59 933 887 981">
     <span class='ocr_line' id='line_1_18' title="bbox 59 933 887 981; baseline -0.002 -11"><span class='ocrx_word' id='word_1_144' title='bbox 59 941 178 978; x_wconf 76' lang='grc' dir='ltr'>ἀλήθεια,</span> <span class='ocrx_word' id='word_1_145' title='bbox 207 933 253 971; x_wconf 62' lang='grc' dir='ltr'>καί</span> <span class='ocrx_word' id='word_1_146' title='bbox 268 933 301 971; x_wconf 74' lang='grc' dir='ltr'>τὰ</span> <span class='ocrx_word' id='word_1_147' title='bbox 327 933 449 980; x_wconf 61' lang='grc' dir='ltr'>δόγματα</span> <span class='ocrx_word' id='word_1_148' title='bbox 470 940 516 971; x_wconf 76' lang='grc' dir='ltr'>καὶ</span> <span class='ocrx_word' id='word_1_149' title='bbox 545 943 559 971; x_wconf 85' lang='grc' dir='ltr'><strong>ὃ</strong></span> <span class='ocrx_word' id='word_1_150' title='bbox 587 933 709 981; x_wconf 40' lang='grc' dir='ltr'>βίοςίἪ</span> <span class='ocrx_word' id='word_1_151' title='bbox 731 938 780 978; x_wconf 81' lang='grc' dir='ltr'>μὲν</span> <span class='ocrx_word' id='word_1_152' title='bbox 795 937 847 978; x_wconf 86' lang='grc' dir='ltr'><strong>γὰρ</strong></span> <span class='ocrx_word' id='word_1_153' title='bbox 863 933 887 964; x_wconf 84' lang='grc' dir='ltr'><strong>Β</strong></span> 
     </span>
    </p>
   </div>
   <div class='ocr_carea' id='block_1_19' title="bbox 58 983 848 1025">
    <p class='ocr_par' dir='ltr' id='par_1_19' title="bbox 58 983 848 1025">
     <span class='ocr_line' id='line_1_19' title="bbox 58 983 848 1025; baseline -0.003 -12"><span class='ocrx_word' id='word_1_154' title='bbox 58 984 170 1023; x_wconf 75' lang='grc' dir='ltr'>ἁμαρτία</span> <span class='ocrx_word' id='word_1_155' title='bbox 199 986 307 1025; x_wconf 78' lang='grc' dir='ltr'>ψεῦδος,</span> <span class='ocrx_word' id='word_1_156' title='bbox 332 988 368 1020; x_wconf 86' lang='grc' dir='ltr'>ὡς</span> <span class='ocrx_word' id='word_1_157' title='bbox 392 985 589 1023; x_wconf 74' lang='grc' dir='ltr'>ἀνυπόστατος,</span> <span class='ocrx_word' id='word_1_158' title='bbox 620 985 665 1015; x_wconf 78' lang='grc' dir='ltr'><strong>καὶ</strong></span> <span class='ocrx_word' id='word_1_159' title='bbox 689 984 726 1023; x_wconf 81' lang='grc' dir='ltr'><strong>μὴ</strong></span> <span class='ocrx_word' id='word_1_160' title='bbox 750 983 848 1023; x_wconf 81' lang='grc' dir='ltr'>ἔχουσα</span> 
     </span>
    </p>
   </div>
   <div class='ocr_carea' id='block_1_20' title="bbox 57 1027 850 1070">
    <p class='ocr_par' dir='ltr' id='par_1_20' title="bbox 57 1027 850 1070">
     <span class='ocr_line' id='line_1_20' title="bbox 57 1027 850 1070; baseline -0.003 -12"><span class='ocrx_word' id='word_1_161' title='bbox 57 1029 138 1063; x_wconf 85' lang='grc' dir='ltr'>τέλος·</span> <span class='ocrx_word' id='word_1_162' title='bbox 153 1033 170 1066; x_wconf 88' lang='grc' dir='ltr'>ἡ</span> <span class='ocrx_word' id='word_1_163' title='bbox 188 1030 217 1059; x_wconf 76' lang='grc' dir='ltr'><strong>δὲ</strong></span> <span class='ocrx_word' id='word_1_164' title='bbox 233 1029 314 1070; x_wconf 70' lang='grc' dir='ltr'>ἀρετὴ</span> <span class='ocrx_word' id='word_1_165' title='bbox 337 1030 465 1069; x_wconf 77' lang='grc' dir='ltr'>ἀλήθεια,</span> <span class='ocrx_word' id='word_1_166' title='bbox 492 1031 528 1063; x_wconf 83' lang='grc' dir='ltr'>ὡς</span> <span class='ocrx_word' id='word_1_167' title='bbox 550 1031 686 1070; x_wconf 73' lang='grc' dir='ltr'>ὑφιστῶσα</span> <span class='ocrx_word' id='word_1_168' title='bbox 714 1027 761 1058; x_wconf 84' lang='grc' dir='ltr'><strong>καὶ</strong></span> <span class='ocrx_word' id='word_1_169' title='bbox 777 1027 850 1060; x_wconf 77' lang='grc' dir='ltr'>τέλος</span> 
     </span>
    </p>
   </div>
   <div class='ocr_carea' id='block_1_21' title="bbox 56 1072 851 1115">
    <p class='ocr_par' dir='ltr' id='par_1_21' title="bbox 56 1072 851 1115">
     <span class='ocr_line' id='line_1_21' title="bbox 56 1072 851 1115; baseline -0.004 -12"><span class='ocrx_word' id='word_1_170' title='bbox 56 1073 161 1114; x_wconf 70' lang='grc' dir='ltr'>ἔχουσα.</span> <span class='ocrx_word' id='word_1_171' title='bbox 173 1075 210 1105; x_wconf 88' lang='grc' dir='ltr'>Τί</span> <span class='ocrx_word' id='word_1_172' title='bbox 225 1076 252 1104; x_wconf 73' lang='grc' dir='ltr'><strong>δὲ</strong></span> <span class='ocrx_word' id='word_1_173' title='bbox 276 1075 449 1115; x_wconf 79' lang='grc' dir='ltr'>ἐδιδάχθητε,</span> <span class='ocrx_word' id='word_1_174' title='bbox 463 1075 509 1104; x_wconf 77' lang='grc' dir='ltr'><strong>καὶ</strong></span> <span class='ocrx_word' id='word_1_175' title='bbox 521 1074 547 1104; x_wconf 83' lang='grc' dir='ltr'><strong>τί</strong></span> <span class='ocrx_word' id='word_1_176' title='bbox 571 1076 640 1104; x_wconf 71' lang='grc' dir='ltr'>ἐστιν</span> <span class='ocrx_word' id='word_1_177' title='bbox 664 1076 681 1110; x_wconf 83' lang='grc' dir='ltr'>ἡ</span> <span class='ocrx_word' id='word_1_178' title='bbox 697 1072 766 1102; x_wconf 81' lang='grc' dir='ltr'>κατὰ</span> <span class='ocrx_word' id='word_1_179' title='bbox 781 1072 851 1113; x_wconf 82' lang='grc' dir='ltr'>Χρι-</span> 
     </span>
    </p>
   </div>
   <div class='ocr_carea' id='block_1_22' title="bbox 59 1116 850 1158">
    <p class='ocr_par' dir='ltr' id='par_1_22' title="bbox 59 1116 850 1158">
     <span class='ocr_line' id='line_1_22' title="bbox 59 1116 850 1158; baseline -0.003 -11"><span class='ocrx_word' id='word_1_180' title='bbox 59 1120 116 1148; x_wconf 83' lang='grc' dir='ltr'>στὸν</span> <span class='ocrx_word' id='word_1_181' title='bbox 134 1119 266 1156; x_wconf 79' lang='grc' dir='ltr'>ἀλήθεια;</span> <span class='ocrx_word' id='word_1_182' title='bbox 293 1120 335 1150; x_wconf 83' lang='grc' dir='ltr'>Τὸ</span> <span class='ocrx_word' id='word_1_183' title='bbox 360 1120 504 1150; x_wconf 71' lang='grc' dir='ltr'>ἀποθέσθαι</span> <span class='ocrx_word' id='word_1_184' title='bbox 529 1121 598 1158; x_wconf 71' lang='grc' dir='ltr'>ὑμᾶς</span> <span class='ocrx_word' id='word_1_185' title='bbox 610 1120 636 1139; x_wconf 72' lang='lat'><strong>77</strong></span> <span class='ocrx_word' id='word_1_186' title='bbox 662 1119 705 1149; x_wconf 83' lang='grc' dir='ltr'><strong>τὸν</strong></span> <span class='ocrx_word' id='word_1_187' title='bbox 735 1116 850 1147; x_wconf 81' lang='grc' dir='ltr'>παλαιὸν</span> 
     </span>
    </p>
   </div>
   <div class='ocr_carea' id='block_1_23' title="bbox 60 1163 851 1205">
    <p class='ocr_par' dir='ltr' id='par_1_23' title="bbox 60 1163 851 1205">
     <span class='ocr_line' id='line_1_23' title="bbox 60 1163 851 1205; baseline -0.004 -12"><span class='ocrx_word' id='word_1_188' title='bbox 60 1163 208 1203; x_wconf 69' lang='grc' dir='ltr'>ἄνθρωπον,</span> <span class='ocrx_word' id='word_1_189' title='bbox 238 1165 374 1204; x_wconf 79' lang='grc' dir='ltr'>τουτέστι,</span> <span class='ocrx_word' id='word_1_190' title='bbox 400 1166 445 1194; x_wconf 83' lang='grc' dir='ltr'><strong>τὸν</strong></span> <span class='ocrx_word' id='word_1_191' title='bbox 469 1166 517 1199; x_wconf 77' lang='grc' dir='ltr'>τ’ἧς</span> <span class='ocrx_word' id='word_1_192' title='bbox 533 1163 662 1205; x_wconf 79' lang='grc' dir='ltr'>προτέρας</span> <span class='ocrx_word' id='word_1_193' title='bbox 682 1163 851 1202; x_wconf 70' lang='grc' dir='ltr'>ἀναστροφῆς</span> 
     </span>
    </p>
   </div>
   <div class='ocr_carea' id='block_1_24' title="bbox 59 1209 719 1250">
    <p class='ocr_par' dir='ltr' id='par_1_24' title="bbox 59 1209 719 1250">
     <span class='ocr_line' id='line_1_24' title="bbox 59 1209 719 1250; baseline 0.002 -13"><span class='ocrx_word' id='word_1_194' title='bbox 59 1209 156 1246; x_wconf 82' lang='grc' dir='ltr'>τρόπον,</span> <span class='ocrx_word' id='word_1_195' title='bbox 163 1210 210 1238; x_wconf 74' lang='grc' dir='ltr'>καὶ</span> <span class='ocrx_word' id='word_1_196' title='bbox 223 1209 270 1245; x_wconf 75' lang='grc' dir='ltr'><strong>τὴν</strong></span> <span class='ocrx_word' id='word_1_197' title='bbox 284 1209 402 1239; x_wconf 76' lang='grc' dir='ltr'>παλαιὰν</span> <span class='ocrx_word' id='word_1_198' title='bbox 416 1209 486 1246; x_wconf 75' lang='grc' dir='ltr'>ζωὴν</span> <span class='ocrx_word' id='word_1_199' title='bbox 497 1209 542 1238; x_wconf 69' lang='grc' dir='ltr'>καὶ</span> <span class='ocrx_word' id='word_1_200' title='bbox 556 1210 719 1250; x_wconf 74' lang='grc' dir='ltr'>ἐφάμαρτον.</span> 
     </span>
    </p>
   </div>
   <div class='ocr_carea' id='block_1_25' title="bbox 496 160 1267 196">
    <p class='ocr_par' dir='ltr' id='par_1_25' title="bbox 496 160 1267 196">
     <span class='ocr_line' id='line_1_25' title="bbox 496 160 1267 196; baseline 0.004 -8"><span class='ocrx_word' id='word_1_201' title='bbox 496 161 672 189; x_wconf 82' lang='lat' dir='ltr'><strong>EXPOSITIO</strong></span> <span class='ocrx_word' id='word_1_202' title='bbox 692 161 724 188; x_wconf 77' lang='grc' dir='ltr'><strong>ΙΝ</strong></span> <span class='ocrx_word' id='word_1_203' title='bbox 744 160 848 189; x_wconf 83' lang='lat' dir='ltr'><strong>EPIST.</strong></span> <span class='ocrx_word' id='word_1_204' title='bbox 869 161 915 189; x_wconf 80' lang='lat' dir='ltr'><strong>AD</strong></span> <span class='ocrx_word' id='word_1_205' title='bbox 935 161 1053 190; x_wconf 80' lang='lat' dir='ltr'><strong>EPHES.</strong></span> <span class='ocrx_word' id='word_1_206' title='bbox 1071 178 1104 183; x_wconf 88' lang='lat'><strong>—-</strong></span> <span class='ocrx_word' id='word_1_207' title='bbox 1123 163 1199 196; x_wconf 70' lang='lat' dir='ltr'><strong>CAP.</strong></span> <span class='ocrx_word' id='word_1_208' title='bbox 1222 164 1267 191; x_wconf 90' lang='lat' dir='ltr'><strong>IV.</strong></span> 
     </span>
    </p>
   </div>
   <div class='ocr_carea' id='block_1_26' title="bbox 1628 165 1696 193">
    <p class='ocr_par' dir='ltr' id='par_1_26' title="bbox 1628 165 1696 193">
     <span class='ocr_line' id='line_1_26' title="bbox 1628 165 1696 193; baseline 0.015 -1"><span class='ocrx_word' id='word_1_209' title='bbox 1628 165 1696 193; x_wconf 64' lang='grc'><strong>1094</strong></span> 
     </span>
    </p>
   </div>
   <div class='ocr_carea' id='block_1_27' title="bbox 935 226 1695 256">
    <p class='ocr_par' dir='ltr' id='par_1_27' title="bbox 935 226 1695 256">
     <span class='ocr_line' id='line_1_27' title="bbox 935 226 1695 256; baseline 0.005 -4"><span class='ocrx_word' id='word_1_210' title='bbox 935 226 1023 253; x_wconf 82' lang='lat' dir='ltr'><strong>Vsus.</strong></span> <span class='ocrx_word' id='word_1_211' title='bbox 1050 229 1142 254; x_wconf 80' lang='lat'><strong>20—22.</strong></span> <span class='ocrx_word' id='word_1_212' title='bbox 1169 238 1181 250; x_wconf 78' lang='grc' dir='ltr'><strong>ιι</strong></span> <span class='ocrx_word' id='word_1_213' title='bbox 1221 228 1277 255; x_wconf 85' lang='lat' dir='ltr'><strong>Vos</strong></span> <span class='ocrx_word' id='word_1_214' title='bbox 1306 230 1396 254; x_wconf 89' lang='lat' dir='ltr'><strong>autem</strong></span> <span class='ocrx_word' id='word_1_215' title='bbox 1419 233 1473 255; x_wconf 91' lang='lat' dir='ltr'><strong>non</strong></span> <span class='ocrx_word' id='word_1_216' title='bbox 1495 227 1531 255; x_wconf 84' lang='lat' dir='ltr'><strong>ita</strong></span> <span class='ocrx_word' id='word_1_217' title='bbox 1560 226 1695 256; x_wconf 82' lang='lat' dir='ltr'><strong>didicistis</strong></span> 
     </span>
    </p>
   </div>
   <div class='ocr_carea' id='block_1_28' title="bbox 902 268 1693 308">
    <p class='ocr_par' dir='ltr' id='par_1_28' title="bbox 902 268 1693 308">
     <span class='ocr_line' id='line_1_28' title="bbox 902 268 1693 308; baseline 0.006 -12"><span class='ocrx_word' id='word_1_218' title='bbox 902 268 1041 297; x_wconf 82' lang='lat' dir='ltr'><strong>Christum</strong></span> <span class='ocrx_word' id='word_1_219' title='bbox 1060 280 1066 298; x_wconf 91' lang='lat'><strong>:</strong></span> <span class='ocrx_word' id='word_1_220' title='bbox 1091 270 1227 306; x_wconf 86' lang='lat' dir='ltr'><strong>siquidem</strong></span> <span class='ocrx_word' id='word_1_221' title='bbox 1247 270 1338 306; x_wconf 90' lang='lat' dir='ltr'><strong>ipsum</strong></span> <span class='ocrx_word' id='word_1_222' title='bbox 1359 270 1512 305; x_wconf 78' lang='lat' dir='ltr'><strong>audivistis,</strong></span> <span class='ocrx_word' id='word_1_223' title='bbox 1536 276 1563 300; x_wconf 91' lang='lat' dir='ltr'><strong>et</strong></span> <span class='ocrx_word' id='word_1_224' title='bbox 1581 273 1610 300; x_wconf 93' lang='lat' dir='ltr'><strong>in</strong></span> <span class='ocrx_word' id='word_1_225' title='bbox 1635 273 1693 308; x_wconf 92' lang='lat' dir='ltr'><strong>ipso</strong></span> 
     </span>
    </p>
   </div>
   <div class='ocr_carea' id='block_1_29' title="bbox 901 313 1696 352">
    <p class='ocr_par' dir='ltr' id='par_1_29' title="bbox 901 313 1696 352">
     <span class='ocr_line' id='line_1_29' title="bbox 901 313 1696 352; baseline 0.004 -11"><span class='ocrx_word' id='word_1_226' title='bbox 901 313 974 341; x_wconf 89' lang='lat' dir='ltr'><strong>docti</strong></span> <span class='ocrx_word' id='word_1_227' title='bbox 999 314 1074 348; x_wconf 80' lang='lat' dir='ltr'><strong>estis,</strong></span> <span class='ocrx_word' id='word_1_228' title='bbox 1098 315 1167 342; x_wconf 84' lang='lat' dir='ltr'><strong>sicut</strong></span> <span class='ocrx_word' id='word_1_229' title='bbox 1192 319 1234 343; x_wconf 86' lang='lat' dir='ltr'><strong>est</strong></span> <span class='ocrx_word' id='word_1_230' title='bbox 1249 315 1347 343; x_wconf 88' lang='lat' dir='ltr'><strong>veritas</strong></span> <span class='ocrx_word' id='word_1_231' title='bbox 1361 315 1389 343; x_wconf 92' lang='lat' dir='ltr'><strong>in</strong></span> <span class='ocrx_word' id='word_1_232' title='bbox 1404 316 1480 351; x_wconf 61' lang='grc' dir='ltr'>ἔθευ,</span> <span class='ocrx_word' id='word_1_233' title='bbox 1495 316 1632 352; x_wconf 82' lang='lat' dir='ltr'><strong>deponere</strong></span> <span class='ocrx_word' id='word_1_234' title='bbox 1648 326 1696 345; x_wconf 90' lang='lat' dir='ltr'><strong>vos</strong></span> 
     </span>
    </p>
   </div>
   <div class='ocr_carea' id='block_1_30' title="bbox 901 358 1696 395">
    <p class='ocr_par' dir='ltr' id='par_1_30' title="bbox 901 358 1696 395">
     <span class='ocr_line' id='line_1_30' title="bbox 901 358 1696 395; baseline 0.005 -9"><span class='ocrx_word' id='word_1_235' title='bbox 901 358 1052 386; x_wconf 85' lang='lat' dir='ltr'><strong>secundum</strong></span> <span class='ocrx_word' id='word_1_236' title='bbox 1070 359 1189 395; x_wconf 85' lang='lat' dir='ltr'><strong>priorem</strong></span> <span class='ocrx_word' id='word_1_237' title='bbox 1211 360 1446 388; x_wconf 86' lang='lat' dir='ltr'><strong>conversationem</strong></span> <span class='ocrx_word' id='word_1_238' title='bbox 1464 364 1583 388; x_wconf 86' lang='lat' dir='ltr'><strong>veterem</strong></span> <span class='ocrx_word' id='word_1_239' title='bbox 1603 361 1696 390; x_wconf 87' lang='lat' dir='ltr'><strong>homi-</strong></span> 
     </span>
    </p>
   </div>
   <div class='ocr_carea' id='block_1_31' title="bbox 901 404 1692 441">
    <p class='ocr_par' dir='ltr' id='par_1_31' title="bbox 901 404 1692 441">
     <span class='ocr_line' id='line_1_31' title="bbox 901 404 1692 441; baseline 0.004 -10"><span class='ocrx_word' id='word_1_240' title='bbox 901 411 977 431; x_wconf 86' lang='lat' dir='ltr'>nem.</span> <span class='ocrx_word' id='word_1_241' title='bbox 992 415 1005 428; x_wconf 73' lang='grc' dir='ltr'><strong>ι</strong></span> <span class='ocrx_word' id='word_1_242' title='bbox 1022 405 1126 433; x_wconf 85' lang='lat' dir='ltr'><strong>Gentes</strong></span> <span class='ocrx_word' id='word_1_243' title='bbox 1149 404 1263 441; x_wconf 87' lang='lat' dir='ltr'><strong>quidem</strong></span> <span class='ocrx_word' id='word_1_244' title='bbox 1278 405 1315 433; x_wconf 90' lang='lat' dir='ltr'><strong>sic</strong></span> <span class='ocrx_word' id='word_1_245' title='bbox 1335 413 1364 432; x_wconf 88' lang='lat' dir='ltr'><strong>se</strong></span> <span class='ocrx_word' id='word_1_246' title='bbox 1385 404 1495 439; x_wconf 83' lang='lat' dir='ltr'><strong>habent,</strong></span> <span class='ocrx_word' id='word_1_247' title='bbox 1522 413 1571 433; x_wconf 89' lang='lat' dir='ltr'><strong>vos</strong></span> <span class='ocrx_word' id='word_1_248' title='bbox 1599 410 1692 434; x_wconf 80' lang='lat' dir='ltr'><strong>autem</strong></span> 
     </span>
    </p>
   </div>
   <div class='ocr_carea' id='block_1_32' title="bbox 904 448 1695 486">
    <p class='ocr_par' dir='ltr' id='par_1_32' title="bbox 904 448 1695 486">
     <span class='ocr_line' id='line_1_32' title="bbox 904 448 1695 486; baseline 0.003 -10"><span class='ocrx_word' id='word_1_249' title='bbox 904 456 963 476; x_wconf 91' lang='lat' dir='ltr'><strong>non</strong></span> <span class='ocrx_word' id='word_1_250' title='bbox 992 449 1032 477; x_wconf 90' lang='lat' dir='ltr'><strong>sic</strong></span> <span class='ocrx_word' id='word_1_251' title='bbox 1060 448 1195 478; x_wconf 86' lang='lat' dir='ltr'><strong>didicistis</strong></span> <span class='ocrx_word' id='word_1_252' title='bbox 1208 449 1360 484; x_wconf 86' lang='lat' dir='ltr'><strong>Christum,</strong></span> <span class='ocrx_word' id='word_1_253' title='bbox 1387 449 1535 486; x_wconf 85' lang='lat' dir='ltr'><strong>siquidtem</strong></span> <span class='ocrx_word' id='word_1_254' title='bbox 1549 451 1695 479; x_wconf 81' lang='lat' dir='ltr'><strong>audivistis</strong></span> 
     </span>
    </p>
   </div>
   <div class='ocr_carea' id='block_1_33' title="bbox 901 492 1695 530">
    <p class='ocr_par' dir='ltr' id='par_1_33' title="bbox 901 492 1695 530">
     <span class='ocr_line' id='line_1_33' title="bbox 901 492 1695 530; baseline 0.004 -10"><span class='ocrx_word' id='word_1_255' title='bbox 901 492 1051 529; x_wconf 81' lang='lat' dir='ltr'><strong>Christum,</strong></span> <span class='ocrx_word' id='word_1_256' title='bbox 1079 498 1107 522; x_wconf 88' lang='lat' dir='ltr'><strong>et</strong></span> <span class='ocrx_word' id='word_1_257' title='bbox 1137 495 1165 522; x_wconf 90' lang='lat' dir='ltr'><strong>in</strong></span> <span class='ocrx_word' id='word_1_258' title='bbox 1198 494 1256 530; x_wconf 91' lang='lat' dir='ltr'><strong>ipso</strong></span> <span class='ocrx_word' id='word_1_259' title='bbox 1285 493 1400 522; x_wconf 85' lang='lat' dir='ltr'><strong>instituti</strong></span> <span class='ocrx_word' id='word_1_260' title='bbox 1415 494 1480 523; x_wconf 90' lang='lat' dir='ltr'><strong>estis</strong></span> <span class='ocrx_word' id='word_1_261' title='bbox 1517 504 1524 522; x_wconf 90' lang='lat'><strong>:</strong></span> <span class='ocrx_word' id='word_1_262' title='bbox 1557 494 1611 523; x_wconf 90' lang='lat' dir='ltr'><strong>hoc</strong></span> <span class='ocrx_word' id='word_1_263' title='bbox 1639 499 1695 529; x_wconf 89' lang='lat' dir='ltr'><strong>est,</strong></span> 
     </span>
    </p>
   </div>
   <div class='ocr_carea' id='block_1_34' title="bbox 900 538 1695 575">
    <p class='ocr_par' dir='ltr' id='par_1_34' title="bbox 900 538 1695 575">
     <span class='ocr_line' id='line_1_34' title="bbox 900 538 1695 575; baseline 0.003 -10"><span class='ocrx_word' id='word_1_264' title='bbox 900 538 1124 575; x_wconf 84' lang='lat' dir='ltr'><strong>quandoquidem</strong></span> <span class='ocrx_word' id='word_1_265' title='bbox 1133 539 1269 568; x_wconf 81' lang='lat' dir='ltr'><strong>didicistis</strong></span> <span class='ocrx_word' id='word_1_266' title='bbox 1283 539 1434 568; x_wconf 85' lang='lat' dir='ltr'><strong>Christum.</strong></span> <span class='ocrx_word' id='word_1_267' title='bbox 1453 541 1511 567; x_wconf 86' lang='lat' dir='ltr'><strong>Non</strong></span> <span class='ocrx_word' id='word_1_268' title='bbox 1526 540 1601 568; x_wconf 82' lang='lat' dir='ltr'><strong>enim</strong></span> <span class='ocrx_word' id='word_1_269' title='bbox 1617 539 1695 568; x_wconf 90' lang='lat' dir='ltr'><strong>dubi-</strong></span> 
     </span>
    </p>
   </div>
   <div class='ocr_carea' id='block_1_35' title="bbox 901 584 1698 620">
    <p class='ocr_par' dir='ltr' id='par_1_35' title="bbox 901 584 1698 620">
     <span class='ocr_line' id='line_1_35' title="bbox 901 584 1698 620; baseline 0.003 -9"><span class='ocrx_word' id='word_1_270' title='bbox 901 587 971 616; x_wconf 85' lang='lat' dir='ltr'><strong>tans,</strong></span> <span class='ocrx_word' id='word_1_271' title='bbox 987 588 1116 612; x_wconf 72' lang='lat' dir='ltr'><strong>caeterum</strong></span> <span class='ocrx_word' id='word_1_272' title='bbox 1133 584 1284 613; x_wconf 84' lang='lat' dir='ltr'><strong>admodum</strong></span> <span class='ocrx_word' id='word_1_273' title='bbox 1297 585 1420 612; x_wconf 88' lang='lat' dir='ltr'><strong>lirmatus</strong></span> <span class='ocrx_word' id='word_1_274' title='bbox 1437 589 1518 620; x_wconf 90' lang='lat' dir='ltr'><strong>atque</strong></span> <span class='ocrx_word' id='word_1_275' title='bbox 1533 589 1624 612; x_wconf 82' lang='lat' dir='ltr'><strong>certus</strong></span> <span class='ocrx_word' id='word_1_276' title='bbox 1640 584 1698 613; x_wconf 63' lang='lat' dir='ltr'><strong>hinc</strong></span> 
     </span>
    </p>
   </div>
   <div class='ocr_carea' id='block_1_36' title="bbox 901 627 1700 663">
    <p class='ocr_par' dir='ltr' id='par_1_36' title="bbox 901 627 1700 663">
     <span class='ocr_line' id='line_1_36' title="bbox 901 627 1700 663; baseline 0.003 -8"><span class='ocrx_word' id='word_1_277' title='bbox 901 627 977 655; x_wconf 83' lang='lat' dir='ltr'><strong>dicit.</strong></span> <span class='ocrx_word' id='word_1_278' title='bbox 1003 629 1071 656; x_wconf 84' lang='lat' dir='ltr'><strong>Nam</strong></span> <span class='ocrx_word' id='word_1_279' title='bbox 1105 633 1133 657; x_wconf 85' lang='lat' dir='ltr'><strong>et</strong></span> <span class='ocrx_word' id='word_1_280' title='bbox 1158 629 1211 657; x_wconf 91' lang='lat' dir='ltr'><strong>hoc</strong></span> <span class='ocrx_word' id='word_1_281' title='bbox 1234 634 1285 663; x_wconf 89' lang='lat' dir='ltr'><strong>est,</strong></span> <span class='ocrx_word' id='word_1_282' title='bbox 1318 629 1422 657; x_wconf 86' lang='lat' dir='ltr'><strong>discere</strong></span> <span class='ocrx_word' id='word_1_283' title='bbox 1447 629 1599 663; x_wconf 68' lang='lat' dir='ltr'><strong>Cill‘l3tlllll,</strong></span> <span class='ocrx_word' id='word_1_284' title='bbox 1627 635 1700 658; x_wconf 86' lang='lat' dir='ltr'><strong>recte</strong></span> 
     </span>
    </p>
   </div>
   <div class='ocr_carea' id='block_1_37' title="bbox 902 672 1699 711">
    <p class='ocr_par' dir='ltr' id='par_1_37' title="bbox 902 672 1699 711">
     <span class='ocr_line' id='line_1_37' title="bbox 902 672 1699 711; baseline 0.005 -12"><span class='ocrx_word' id='word_1_285' title='bbox 902 672 992 701; x_wconf 83' lang='lat' dir='ltr'><strong>vivere</strong></span> <span class='ocrx_word' id='word_1_286' title='bbox 1018 682 1024 700; x_wconf 90' lang='lat'><strong>:</strong></span> <span class='ocrx_word' id='word_1_287' title='bbox 1048 673 1159 710; x_wconf 84' lang='lat' dir='ltr'><strong>perinde</strong></span> <span class='ocrx_word' id='word_1_288' title='bbox 1182 682 1214 702; x_wconf 86' lang='lat' dir='ltr'><strong>ac</strong></span> <span class='ocrx_word' id='word_1_289' title='bbox 1240 674 1287 711; x_wconf 90' lang='lat' dir='ltr'><strong>qui</strong></span> <span class='ocrx_word' id='word_1_290' title='bbox 1307 674 1437 702; x_wconf 83' lang='lat' dir='ltr'><strong>scelerate</strong></span> <span class='ocrx_word' id='word_1_291' title='bbox 1461 674 1536 709; x_wconf 85' lang='lat' dir='ltr'><strong>vivit,</strong></span> <span class='ocrx_word' id='word_1_292' title='bbox 1558 674 1699 703; x_wconf 82' lang='lat' dir='ltr'><strong>Christum</strong></span> 
     </span>
    </p>
   </div>
   <div class='ocr_carea' id='block_1_38' title="bbox 901 716 1702 755">
    <p class='ocr_par' dir='ltr' id='par_1_38' title="bbox 901 716 1702 755">
     <span class='ocr_line' id='line_1_38' title="bbox 901 716 1702 755; baseline 0.004 -11"><span class='ocrx_word' id='word_1_293' title='bbox 901 716 1021 753; x_wconf 75' lang='lat' dir='ltr'><strong>ignorat.</strong></span> <span class='ocrx_word' id='word_1_294' title='bbox 1048 719 1139 746; x_wconf 92' lang='lat' dir='ltr'><strong>Deum</strong></span> <span class='ocrx_word' id='word_1_295' title='bbox 1176 730 1189 744; x_wconf 80' lang='grc' dir='ltr'>ι</span> <span class='ocrx_word' id='word_1_296' title='bbox 1222 719 1305 753; x_wconf 84' lang='lat' dir='ltr'><strong>enim,</strong></span> <span class='ocrx_word' id='word_1_297' title='bbox 1338 719 1438 755; x_wconf 79' lang='lat' dir='ltr'><strong>inquit,</strong></span> <span class='ocrx_word' id='word_1_298' title='bbox 1473 730 1485 744; x_wconf 77' lang='grc' dir='ltr'><strong>ι</strong></span> <span class='ocrx_word' id='word_1_299' title='bbox 1532 718 1702 748; x_wconf 82' lang='lat' dir='ltr'><strong>conﬁtentur</strong></span> 
     </span>
    </p>
   </div>
   <div class='ocr_carea' id='block_1_39' title="bbox 901 762 1697 799">
    <p class='ocr_par' dir='ltr' id='par_1_39' title="bbox 901 762 1697 799">
     <span class='ocr_line' id='line_1_39' title="bbox 901 762 1697 799; baseline 0.003 -9"><span class='ocrx_word' id='word_1_300' title='bbox 901 769 931 790; x_wconf 79' lang='lat' dir='ltr'><strong>se</strong></span> <span class='ocrx_word' id='word_1_301' title='bbox 954 770 1046 796; x_wconf 87' lang='lat' dir='ltr'><strong>nosse,</strong></span> <span class='ocrx_word' id='word_1_302' title='bbox 1074 762 1152 792; x_wconf 84' lang='lat' dir='ltr'><strong>factis</strong></span> <span class='ocrx_word' id='word_1_303' title='bbox 1174 767 1266 792; x_wconf 87' lang='lat' dir='ltr'><strong>autem</strong></span> <span class='ocrx_word' id='word_1_304' title='bbox 1287 768 1388 799; x_wconf 85' lang='lat' dir='ltr'><strong>negant</strong></span> <span class='ocrx_word' id='word_1_305' title='bbox 1408 762 1424 791; x_wconf 79' lang='grc'><strong>⁵.</strong></span> <span class='ocrx_word' id='word_1_306' title='bbox 1455 775 1467 789; x_wconf 79' lang='grc' dir='ltr'><strong><em>υ</em></strong></span> <span class='ocrx_word' id='word_1_307' title='bbox 1496 763 1576 799; x_wconf 88' lang='lat' dir='ltr'><strong>Quod</strong></span> <span class='ocrx_word' id='word_1_308' title='bbox 1603 769 1697 792; x_wconf 85' lang='lat' dir='ltr'><strong>autem</strong></span> 
     </span>
    </p>
   </div>
   <div class='ocr_carea' id='block_1_40' title="bbox 902 807 1699 845">
    <p class='ocr_par' dir='ltr' id='par_1_40' title="bbox 902 807 1699 845">
     <span class='ocr_line' id='line_1_40' title="bbox 902 807 1699 845; baseline 0.003 -11"><span class='ocrx_word' id='word_1_309' title='bbox 902 807 950 840; x_wconf 84' lang='lat' dir='ltr'><strong>ait,</strong></span> <span class='ocrx_word' id='word_1_310' title='bbox 966 818 978 831; x_wconf 75' lang='grc' dir='ltr'>οι</span> <span class='ocrx_word' id='word_1_311' title='bbox 999 807 1074 836; x_wconf 88' lang='lat' dir='ltr'><strong>Sicut</strong></span> <span class='ocrx_word' id='word_1_312' title='bbox 1086 812 1128 836; x_wconf 88' lang='lat' dir='ltr'><strong>est</strong></span> <span class='ocrx_word' id='word_1_313' title='bbox 1140 808 1248 842; x_wconf 78' lang='lat' dir='ltr'><strong>veritas,</strong></span> <span class='ocrx_word' id='word_1_314' title='bbox 1274 819 1287 833; x_wconf 72' lang='grc' dir='ltr'><strong>ι</strong></span> <span class='ocrx_word' id='word_1_315' title='bbox 1310 808 1350 836; x_wconf 83' lang='lat' dir='ltr'><strong>sic</strong></span> <span class='ocrx_word' id='word_1_316' title='bbox 1376 808 1520 845; x_wconf 78' lang='lat' dir='ltr'><strong>intelliges,</strong></span> <span class='ocrx_word' id='word_1_317' title='bbox 1538 808 1612 844; x_wconf 85' lang='lat' dir='ltr'><strong>quod</strong></span> <span class='ocrx_word' id='word_1_318' title='bbox 1636 811 1699 837; x_wconf 75' lang='lat' dir='ltr'><strong>Non</strong></span> 
     </span>
    </p>
   </div>
   <div class='ocr_carea' id='block_1_41' title="bbox 903 851 1699 888">
    <p class='ocr_par' dir='ltr' id='par_1_41' title="bbox 903 851 1699 888">
     <span class='ocr_line' id='line_1_41' title="bbox 903 851 1699 888; baseline 0.003 -9"><span class='ocrx_word' id='word_1_319' title='bbox 903 851 973 879; x_wconf 87' lang='lat' dir='ltr'><strong>sicut</strong></span> <span class='ocrx_word' id='word_1_320' title='bbox 993 856 1088 888; x_wconf 82' lang='lat' dir='ltr'><strong>gentes</strong></span> <span class='ocrx_word' id='word_1_321' title='bbox 1109 853 1135 880; x_wconf 93' lang='lat' dir='ltr'><strong>in</strong></span> <span class='ocrx_word' id='word_1_322' title='bbox 1161 853 1281 881; x_wconf 79' lang='lat' dir='ltr'><strong>vanitate</strong></span> <span class='ocrx_word' id='word_1_323' title='bbox 1309 853 1570 888; x_wconf 85' lang='lat' dir='ltr'><strong>circumambulant,</strong></span> <span class='ocrx_word' id='word_1_324' title='bbox 1595 854 1634 881; x_wconf 88' lang='lat' dir='ltr'><strong>sic</strong></span> <span class='ocrx_word' id='word_1_325' title='bbox 1657 858 1699 882; x_wconf 87' lang='lat' dir='ltr'><strong>cst</strong></span> 
     </span>
    </p>
   </div>
   <div class='ocr_carea' id='block_1_42' title="bbox 905 896 1697 934">
    <p class='ocr_par' dir='ltr' id='par_1_42' title="bbox 905 896 1697 934">
     <span class='ocr_line' id='line_1_42' title="bbox 905 896 1697 934; baseline 0.004 -11"><span class='ocrx_word' id='word_1_326' title='bbox 905 904 953 924; x_wconf 89' lang='lat' dir='ltr'><strong>vos</strong></span> <span class='ocrx_word' id='word_1_327' title='bbox 965 896 998 924; x_wconf 81' lang='lat' dir='ltr'><strong>ad</strong></span> <span class='ocrx_word' id='word_1_328' title='bbox 1009 897 1105 924; x_wconf 87' lang='lat' dir='ltr'><strong>eadem</strong></span> <span class='ocrx_word' id='word_1_329' title='bbox 1120 905 1186 925; x_wconf 84' lang='lat' dir='ltr'><strong>vana</strong></span> <span class='ocrx_word' id='word_1_330' title='bbox 1199 898 1263 925; x_wconf 88' lang='lat' dir='ltr'><strong>estis</strong></span> <span class='ocrx_word' id='word_1_331' title='bbox 1278 898 1424 934; x_wconf 85' lang='lat' dir='ltr'><strong>compositi</strong></span> <span class='ocrx_word' id='word_1_332' title='bbox 1438 902 1520 934; x_wconf 86' lang='lat' dir='ltr'><strong>atque</strong></span> <span class='ocrx_word' id='word_1_333' title='bbox 1535 899 1697 934; x_wconf 82' lang='lat' dir='ltr'><strong>comparati.</strong></span> 
     </span>
    </p>
   </div>
   <div class='ocr_carea' id='block_1_43' title="bbox 901 941 1698 978">
    <p class='ocr_par' dir='ltr' id='par_1_43' title="bbox 901 941 1698 978">
     <span class='ocr_line' id='line_1_43' title="bbox 901 941 1698 978; baseline 0.003 -10"><span class='ocrx_word' id='word_1_334' title='bbox 901 941 969 976; x_wconf 79' lang='lat' dir='ltr'><strong>Quae</strong></span> <span class='ocrx_word' id='word_1_335' title='bbox 985 941 1059 969; x_wconf 88' lang='lat' dir='ltr'><strong>enim</strong></span> <span class='ocrx_word' id='word_1_336' title='bbox 1086 941 1186 970; x_wconf 89' lang='lat' dir='ltr'><strong>Christi</strong></span> <span class='ocrx_word' id='word_1_337' title='bbox 1212 947 1286 977; x_wconf 90' lang='lat' dir='ltr'><strong>sunt,</strong></span> <span class='ocrx_word' id='word_1_338' title='bbox 1309 947 1369 970; x_wconf 89' lang='lat' dir='ltr'><strong>tum</strong></span> <span class='ocrx_word' id='word_1_339' title='bbox 1397 942 1536 978; x_wconf 82' lang='lat' dir='ltr'><strong>dogmata,</strong></span> <span class='ocrx_word' id='word_1_340' title='bbox 1558 946 1618 970; x_wconf 85' lang='lat' dir='ltr'><strong>tum</strong></span> <span class='ocrx_word' id='word_1_341' title='bbox 1634 943 1698 978; x_wconf 89' lang='lat' dir='ltr'><strong>vita,</strong></span> 
     </span>
    </p>
   </div>
   <div class='ocr_carea' id='block_1_44' title="bbox 903 986 1701 1020">
    <p class='ocr_par' dir='ltr' id='par_1_44' title="bbox 903 986 1701 1020">
     <span class='ocr_line' id='line_1_44' title="bbox 903 986 1701 1020; baseline 0.005 -8"><span class='ocrx_word' id='word_1_342' title='bbox 903 993 958 1013; x_wconf 89' lang='lat' dir='ltr'><strong>non</strong></span> <span class='ocrx_word' id='word_1_343' title='bbox 975 989 1039 1013; x_wconf 90' lang='lat' dir='ltr'><strong>sunt</strong></span> <span class='ocrx_word' id='word_1_344' title='bbox 1057 986 1174 1020; x_wconf 83' lang='lat' dir='ltr'><strong>vanitas,</strong></span> <span class='ocrx_word' id='word_1_345' title='bbox 1189 987 1236 1014; x_wconf 86' lang='lat' dir='ltr'><strong>sed</strong></span> <span class='ocrx_word' id='word_1_346' title='bbox 1258 987 1366 1015; x_wconf 89' lang='lat' dir='ltr'><strong>veritas.</strong></span> <span class='ocrx_word' id='word_1_347' title='bbox 1388 987 1532 1015; x_wconf 84' lang='lat' dir='ltr'><strong>Peccatum</strong></span> <span class='ocrx_word' id='word_1_348' title='bbox 1548 991 1641 1015; x_wconf 88' lang='lat' dir='ltr'><strong>autem</strong></span> <span class='ocrx_word' id='word_1_349' title='bbox 1659 993 1701 1016; x_wconf 85' lang='lat' dir='ltr'><strong>est</strong></span> 
     </span>
    </p>
   </div>
   <div class='ocr_carea' id='block_1_45' title="bbox 904 1030 1701 1067">
    <p class='ocr_par' dir='ltr' id='par_1_45' title="bbox 904 1030 1701 1067">
     <span class='ocr_line' id='line_1_45' title="bbox 904 1030 1701 1067; baseline 0.004 -10"><span class='ocrx_word' id='word_1_350' title='bbox 904 1030 1008 1057; x_wconf 85' lang='lat' dir='ltr'><strong>vanitas</strong></span> <span class='ocrx_word' id='word_1_351' title='bbox 1028 1034 1056 1058; x_wconf 92' lang='lat' dir='ltr'><strong>et</strong></span> <span class='ocrx_word' id='word_1_352' title='bbox 1075 1031 1258 1065; x_wconf 79' lang='lat' dir='ltr'><strong>mendacium,</strong></span> <span class='ocrx_word' id='word_1_353' title='bbox 1278 1035 1308 1059; x_wconf 91' lang='lat' dir='ltr'><strong>ut</strong></span> <span class='ocrx_word' id='word_1_354' title='bbox 1329 1031 1403 1067; x_wconf 89' lang='lat' dir='ltr'><strong>quod</strong></span> <span class='ocrx_word' id='word_1_355' title='bbox 1418 1031 1567 1059; x_wconf 84' lang='lat' dir='ltr'><strong>substantia</strong></span> <span class='ocrx_word' id='word_1_356' title='bbox 1588 1036 1617 1059; x_wconf 90' lang='lat' dir='ltr'><strong>et</strong></span> <span class='ocrx_word' id='word_1_357' title='bbox 1636 1032 1701 1061; x_wconf 86' lang='lat' dir='ltr'><strong>sub-</strong></span> 
     </span>
    </p>
   </div>
   <div class='ocr_carea' id='block_1_46' title="bbox 901 1074 1697 1112">
    <p class='ocr_par' dir='ltr' id='par_1_46' title="bbox 901 1074 1697 1112">
     <span class='ocr_line' id='line_1_46' title="bbox 901 1074 1697 1112; baseline 0.004 -10"><span class='ocrx_word' id='word_1_358' title='bbox 901 1074 977 1109; x_wconf 86' lang='lat' dir='ltr'><strong>jecto</strong></span> <span class='ocrx_word' id='word_1_359' title='bbox 988 1080 1088 1108; x_wconf 79' lang='lat' dir='ltr'><strong>careat,</strong></span> <span class='ocrx_word' id='word_1_360' title='bbox 1105 1084 1155 1104; x_wconf 82' lang='lat' dir='ltr'><strong>nec</strong></span> <span class='ocrx_word' id='word_1_361' title='bbox 1168 1075 1266 1104; x_wconf 83' lang='lat' dir='ltr'><strong>habeat</strong></span> <span class='ocrx_word' id='word_1_362' title='bbox 1280 1076 1486 1112; x_wconf 69' lang='lat' dir='ltr'><strong>perfectionem.</strong></span> <span class='ocrx_word' id='word_1_363' title='bbox 1503 1077 1596 1104; x_wconf 88' lang='lat' dir='ltr'><strong>Virtus</strong></span> <span class='ocrx_word' id='word_1_364' title='bbox 1604 1081 1697 1105; x_wconf 90' lang='lat' dir='ltr'><strong>autem</strong></span> 
     </span>
    </p>
   </div>
   <div class='ocr_carea' id='block_1_47' title="bbox 906 1119 1699 1157">
    <p class='ocr_par' dir='ltr' id='par_1_47' title="bbox 906 1119 1699 1157">
     <span class='ocr_line' id='line_1_47' title="bbox 906 1119 1699 1157; baseline 0.004 -11"><span class='ocrx_word' id='word_1_365' title='bbox 906 1119 1006 1147; x_wconf 83' lang='lat' dir='ltr'><strong>veritas</strong></span> <span class='ocrx_word' id='word_1_366' title='bbox 1037 1124 1086 1155; x_wconf 84' lang='lat' dir='ltr'><strong>est,</strong></span> <span class='ocrx_word' id='word_1_367' title='bbox 1125 1125 1154 1148; x_wconf 92' lang='lat' dir='ltr'><strong>ut</strong></span> <span class='ocrx_word' id='word_1_368' title='bbox 1187 1129 1248 1156; x_wconf 76' lang='lat' dir='ltr'><strong>qum</strong></span> <span class='ocrx_word' id='word_1_369' title='bbox 1279 1121 1417 1155; x_wconf 74' lang='lat' dir='ltr'><strong>subsistat,</strong></span> <span class='ocrx_word' id='word_1_370' title='bbox 1449 1126 1478 1149; x_wconf 90' lang='lat' dir='ltr'><strong>et</strong></span> <span class='ocrx_word' id='word_1_371' title='bbox 1503 1120 1699 1157; x_wconf 71' lang='lat' dir='ltr'><strong>perfectionem</strong></span> 
     </span>
    </p>
   </div>
   <div class='ocr_carea' id='block_1_48' title="bbox 905 1163 1701 1201">
    <p class='ocr_par' dir='ltr' id='par_1_48' title="bbox 905 1163 1701 1201">
     <span class='ocr_line' id='line_1_48' title="bbox 905 1163 1701 1201; baseline 0.003 -9"><span class='ocrx_word' id='word_1_372' title='bbox 905 1163 1043 1200; x_wconf 85' lang='lat' dir='ltr'><strong>ﬁnemque</strong></span> <span class='ocrx_word' id='word_1_373' title='bbox 1056 1165 1164 1193; x_wconf 86' lang='lat' dir='ltr'><strong>habeat.</strong></span> <span class='ocrx_word' id='word_1_374' title='bbox 1182 1165 1256 1201; x_wconf 88' lang='lat' dir='ltr'><strong>Quid</strong></span> <span class='ocrx_word' id='word_1_375' title='bbox 1267 1170 1359 1194; x_wconf 87' lang='lat' dir='ltr'><strong>autem</strong></span> <span class='ocrx_word' id='word_1_376' title='bbox 1366 1165 1440 1194; x_wconf 89' lang='lat' dir='ltr'><strong>docti</strong></span> <span class='ocrx_word' id='word_1_377' title='bbox 1450 1165 1533 1194; x_wconf 80' lang='lat' dir='ltr'><strong>estis?</strong></span> <span class='ocrx_word' id='word_1_378' title='bbox 1545 1170 1573 1193; x_wconf 83' lang='lat' dir='ltr'><strong>et</strong></span> <span class='ocrx_word' id='word_1_379' title='bbox 1586 1166 1649 1201; x_wconf 88' lang='lat' dir='ltr'><strong>quid</strong></span> <span class='ocrx_word' id='word_1_380' title='bbox 1660 1171 1701 1194; x_wconf 90' lang='lat' dir='ltr'><strong>est</strong></span> 
     </span>
    </p>
   </div>
   <div class='ocr_carea' id='block_1_49' title="bbox 906 1209 1701 1247">
    <p class='ocr_par' dir='ltr' id='par_1_49' title="bbox 906 1209 1701 1247">
     <span class='ocr_line' id='line_1_49' title="bbox 906 1209 1701 1247; baseline 0.004 -12"><span class='ocrx_word' id='word_1_381' title='bbox 906 1209 1006 1237; x_wconf 86' lang='lat' dir='ltr'><strong>veritas</strong></span> <span class='ocrx_word' id='word_1_382' title='bbox 1020 1209 1173 1238; x_wconf 81' lang='lat' dir='ltr'><strong>secundum</strong></span> <span class='ocrx_word' id='word_1_383' title='bbox 1188 1210 1347 1238; x_wconf 81' lang='lat' dir='ltr'><strong>Christum?</strong></span> <span class='ocrx_word' id='word_1_384' title='bbox 1363 1211 1511 1245; x_wconf 83' lang='lat' dir='ltr'><strong>Nimirum,</strong></span> <span class='ocrx_word' id='word_1_385' title='bbox 1527 1214 1557 1238; x_wconf 90' lang='lat' dir='ltr'><strong>ut</strong></span> <span class='ocrx_word' id='word_1_386' title='bbox 1571 1210 1701 1247; x_wconf 85' lang='lat' dir='ltr'><strong>abjiciatis</strong></span> 
     </span>
    </p>
   </div>
   <div class='ocr_carea' id='block_1_50' title="bbox 60 1253 1700 1294">
    <p class='ocr_par' dir='ltr' id='par_1_50' title="bbox 60 1253 1700 1294">
     <span class='ocr_line' id='line_1_50' title="bbox 60 1253 1700 1294; baseline -0.001 -9"><span class='ocrx_word' id='word_1_387' title='bbox 60 1262 171 1287; x_wconf 79' lang='lat' dir='ltr'><strong>veterem</strong></span> <span class='ocrx_word' id='word_1_388' title='bbox 203 1258 358 1292; x_wconf 86' lang='lat' dir='ltr'><strong>hominem,</strong></span> <span class='ocrx_word' id='word_1_389' title='bbox 387 1259 440 1287; x_wconf 87' lang='lat' dir='ltr'><strong>hoc</strong></span> <span class='ocrx_word' id='word_1_390' title='bbox 472 1263 525 1292; x_wconf 84' lang='lat' dir='ltr'><strong>est,</strong></span> <span class='ocrx_word' id='word_1_391' title='bbox 563 1258 662 1294; x_wconf 80' lang='lat' dir='ltr'><strong>prioris</strong></span> <span class='ocrx_word' id='word_1_392' title='bbox 694 1258 757 1285; x_wconf 71' lang='lat' dir='ltr'><strong>vita:</strong></span> <span class='ocrx_word' id='word_1_393' title='bbox 784 1253 1051 1290; x_wconf 79' lang='lat' dir='ltr'><strong>cmservationisque</strong></span> <span class='ocrx_word' id='word_1_394' title='bbox 1077 1263 1177 1289; x_wconf 77' lang='lat' dir='ltr'><strong>mores,</strong></span> <span class='ocrx_word' id='word_1_395' title='bbox 1206 1255 1330 1291; x_wconf 82' lang='lat' dir='ltr'><strong>adeoque</strong></span> <span class='ocrx_word' id='word_1_396' title='bbox 1354 1255 1554 1292; x_wconf 72' lang='lat' dir='ltr'><strong>prmcedentem</strong></span> <span class='ocrx_word' id='word_1_397' title='bbox 1592 1255 1700 1284; x_wconf 89' lang='lat' dir='ltr'><strong>vivendi</strong></span> 
     </span>
    </p>
   </div>
   <div class='ocr_carea' id='block_1_51' title="bbox 59 1303 505 1340">
    <p class='ocr_par' dir='ltr' id='par_1_51' title="bbox 59 1303 505 1340">
     <span class='ocr_line' id='line_1_51' title="bbox 59 1303 505 1340; baseline 0.004 -10"><span class='ocrx_word' id='word_1_398' title='bbox 59 1303 189 1332; x_wconf 84' lang='lat' dir='ltr'><strong>rationem</strong></span> <span class='ocrx_word' id='word_1_399' title='bbox 205 1304 326 1340; x_wconf 83' lang='lat' dir='ltr'><strong>peccatis</strong></span> <span class='ocrx_word' id='word_1_400' title='bbox 342 1303 505 1333; x_wconf 78' lang='lat' dir='ltr'><strong>obnoxiam.</strong></span> 
     </span>
    </p>
   </div>
   <div class='ocr_carea' id='block_1_52' title="bbox 99 1344 850 1389">
    <p class='ocr_par' dir='ltr' id='par_1_52' title="bbox 99 1344 850 1389">
     <span class='ocr_line' id='line_1_52' title="bbox 99 1344 850 1389; baseline 0 -10"><span class='ocrx_word' id='word_1_401' title='bbox 99 1361 110 1374; x_wconf 76' lang='grc' dir='ltr'>ι</span> <span class='ocrx_word' id='word_1_402' title='bbox 127 1348 181 1379; x_wconf 77' lang='grc' dir='ltr'><strong>Τὸν</strong></span> <span class='ocrx_word' id='word_1_403' title='bbox 207 1348 379 1389; x_wconf 79' lang='grc' dir='ltr'>φθειρόμενον</span> <span class='ocrx_word' id='word_1_404' title='bbox 401 1349 470 1379; x_wconf 74' lang='grc' dir='ltr'>κατὰ</span> <span class='ocrx_word' id='word_1_405' title='bbox 485 1349 533 1383; x_wconf 76' lang='grc' dir='ltr'><strong>τὰς</strong></span> <span class='ocrx_word' id='word_1_406' title='bbox 549 1348 687 1387; x_wconf 75' lang='grc' dir='ltr'>ἐπιθυμίας</span> <span class='ocrx_word' id='word_1_407' title='bbox 714 1349 760 1382; x_wconf 76' lang='grc' dir='ltr'><strong>τῆς</strong></span> <span class='ocrx_word' id='word_1_408' title='bbox 779 1344 850 1374; x_wconf 76' lang='grc' dir='ltr'>ἀπά-</span> 
     </span>
    </p>
   </div>
   <div class='ocr_carea' id='block_1_53' title="bbox 60 1391 849 1434">
    <p class='ocr_par' dir='ltr' id='par_1_53' title="bbox 60 1391 849 1434">
     <span class='ocr_line' id='line_1_53' title="bbox 60 1391 849 1434; baseline -0.008 -11"><span class='ocrx_word' id='word_1_409' title='bbox 60 1404 112 1429; x_wconf 83' lang='grc' dir='ltr'>της.</span> <span class='ocrx_word' id='word_1_410' title='bbox 131 1407 143 1419; x_wconf 76' lang='grc' dir='ltr'><strong>ι</strong></span> <span class='ocrx_word' id='word_1_411' title='bbox 161 1395 251 1434; x_wconf 82' lang='grc' dir='ltr'>Διχῶς</span> <span class='ocrx_word' id='word_1_412' title='bbox 274 1397 351 1423; x_wconf 73' lang='grc' dir='ltr'>τοῦτο</span> <span class='ocrx_word' id='word_1_413' title='bbox 371 1393 489 1429; x_wconf 83' lang='grc' dir='ltr'>νοήσεις·</span> <span class='ocrx_word' id='word_1_414' title='bbox 510 1393 527 1430; x_wconf 81' lang='grc' dir='ltr'>ἢ</span> <span class='ocrx_word' id='word_1_415' title='bbox 547 1393 587 1423; x_wconf 79' lang='grc' dir='ltr'><strong>ὅτι</strong></span> <span class='ocrx_word' id='word_1_416' title='bbox 609 1393 699 1433; x_wconf 82' lang='grc' dir='ltr'>ὥσπερ</span> <span class='ocrx_word' id='word_1_417' title='bbox 717 1393 745 1421; x_wconf 82' lang='grc' dir='ltr'>αἱ</span> <span class='ocrx_word' id='word_1_418' title='bbox 760 1391 849 1419; x_wconf 78' lang='grc' dir='ltr'>ἐπιθυ-</span> 
     </span>
    </p>
   </div>
   <div class='ocr_carea' id='block_1_54' title="bbox 61 1438 852 1479">
    <p class='ocr_par' dir='ltr' id='par_1_54' title="bbox 61 1438 852 1479">
     <span class='ocr_line' id='line_1_54' title="bbox 61 1438 852 1479; baseline -0.006 -11"><span class='ocrx_word' id='word_1_419' title='bbox 61 1438 114 1476; x_wconf 75' lang='grc' dir='ltr'>μίαι</span> <span class='ocrx_word' id='word_1_420' title='bbox 128 1438 297 1479; x_wconf 67' lang='grc' dir='ltr'>φθείρονται,</span> <span class='ocrx_word' id='word_1_421' title='bbox 321 1438 391 1468; x_wconf 83' lang='grc' dir='ltr'>οῧτω</span> <span class='ocrx_word' id='word_1_422' title='bbox 412 1440 458 1468; x_wconf 79' lang='grc' dir='ltr'>χαὶ</span> <span class='ocrx_word' id='word_1_423' title='bbox 474 1441 488 1468; x_wconf 85' lang='grc' dir='ltr'>ὁ</span> <span class='ocrx_word' id='word_1_424' title='bbox 506 1438 583 1472; x_wconf 80' lang='grc' dir='ltr'>αὐτὸς</span> <span class='ocrx_word' id='word_1_425' title='bbox 613 1438 760 1478; x_wconf 80' lang='grc' dir='ltr'>ἄνθρωπος,</span> <span class='ocrx_word' id='word_1_426' title='bbox 775 1446 852 1465; x_wconf 86' lang='grc' dir='ltr'>τουτ-</span> 
     </span>
    </p>
   </div>
   <div class='ocr_carea' id='block_1_55' title="bbox 59 1479 851 1524">
    <p class='ocr_par' dir='ltr' id='par_1_55' title="bbox 59 1479 851 1524">
     <span class='ocr_line' id='line_1_55' title="bbox 59 1479 851 1524; baseline -0.004 -13"><span class='ocrx_word' id='word_1_427' title='bbox 59 1482 124 1512; x_wconf 79' lang='grc' dir='ltr'>έστιν</span> <span class='ocrx_word' id='word_1_428' title='bbox 142 1486 156 1513; x_wconf 80' lang='grc' dir='ltr'>ὁ</span> <span class='ocrx_word' id='word_1_429' title='bbox 177 1483 325 1523; x_wconf 81' lang='grc' dir='ltr'>λογισμὸς,</span> <span class='ocrx_word' id='word_1_430' title='bbox 351 1483 496 1524; x_wconf 75' lang='grc' dir='ltr'>φθείρεται.</span> <span class='ocrx_word' id='word_1_431' title='bbox 525 1485 589 1518; x_wconf 82' lang='grc' dir='ltr'><strong>Πῶς</strong></span> <span class='ocrx_word' id='word_1_432' title='bbox 611 1483 639 1512; x_wconf 70' lang='grc' dir='ltr'>δὲ</span> <span class='ocrx_word' id='word_1_433' title='bbox 664 1484 691 1512; x_wconf 83' lang='grc' dir='ltr'>αἱ</span> <span class='ocrx_word' id='word_1_434' title='bbox 713 1479 851 1519; x_wconf 76' lang='grc' dir='ltr'>ἐπιθυμίαι</span> 
     </span>
    </p>
   </div>
   <div class='ocr_carea' id='block_1_56' title="bbox 59 1525 851 1568">
    <p class='ocr_par' dir='ltr' id='par_1_56' title="bbox 59 1525 851 1568">
     <span class='ocr_line' id='line_1_56' title="bbox 59 1525 851 1568; baseline 0.001 -11"><span class='ocrx_word' id='word_1_435' title='bbox 59 1527 220 1568; x_wconf 47' lang='lat' dir='ltr'><strong>podiam-rm;</strong></span> <span class='ocrx_word' id='word_1_436' title='bbox 241 1527 308 1559; x_wconf 81' lang='grc' dir='ltr'><strong>Ὀτι</strong></span> <span class='ocrx_word' id='word_1_437' title='bbox 333 1528 380 1558; x_wconf 76' lang='grc' dir='ltr'>καὶ</span> <span class='ocrx_word' id='word_1_438' title='bbox 408 1528 477 1568; x_wconf 77' lang='grc' dir='ltr'>νόσῳ</span> <span class='ocrx_word' id='word_1_439' title='bbox 489 1529 515 1548; x_wconf 78' lang='grc'><strong>⁷⁸</strong></span> <span class='ocrx_word' id='word_1_440' title='bbox 533 1529 563 1559; x_wconf 83' lang='grc' dir='ltr'>τὸ</span> <span class='ocrx_word' id='word_1_441' title='bbox 581 1528 677 1561; x_wconf 81' lang='grc' dir='ltr'>κάλλος</span> <span class='ocrx_word' id='word_1_442' title='bbox 694 1525 851 1567; x_wconf 68' lang='grc' dir='ltr'>μαραίνεται</span> 
     </span>
    </p>
   </div>
   <div class='ocr_carea' id='block_1_57' title="bbox 59 1571 889 1618">
    <p class='ocr_par' dir='ltr' id='par_1_57' title="bbox 59 1571 889 1618">
     <span class='ocr_line' id='line_1_57' title="bbox 59 1571 889 1618; baseline -0.001 -17"><span class='ocrx_word' id='word_1_443' title='bbox 59 1573 100 1601; x_wconf 75' lang='grc' dir='ltr'>καὶ</span> <span class='ocrx_word' id='word_1_444' title='bbox 112 1572 194 1614; x_wconf 73' lang='grc' dir='ltr'>γήρα,</span> <span class='ocrx_word' id='word_1_445' title='bbox 209 1573 256 1603; x_wconf 69' lang='grc' dir='ltr'>καὶ</span> <span class='ocrx_word' id='word_1_446' title='bbox 279 1575 297 1610; x_wconf 85' lang='grc' dir='ltr'><strong>ἡ</strong></span> <span class='ocrx_word' id='word_1_447' title='bbox 320 1572 396 1613; x_wconf 78' lang='grc' dir='ltr'>ἰσχὺς</span> <span class='ocrx_word' id='word_1_448' title='bbox 412 1572 554 1610; x_wconf 76' lang='grc' dir='ltr'>ὡσαύτως,</span> <span class='ocrx_word' id='word_1_449' title='bbox 571 1574 618 1603; x_wconf 74' lang='grc' dir='ltr'><strong>καὶ</strong></span> <span class='ocrx_word' id='word_1_450' title='bbox 646 1573 738 1605; x_wconf 81' lang='grc' dir='ltr'>ἁπλῶς</span> <span class='ocrx_word' id='word_1_451' title='bbox 760 1571 848 1618; x_wconf 68' lang='grc' dir='ltr'>πάντα</span> <span class='ocrx_word' id='word_1_452' title='bbox 866 1586 889 1618; x_wconf 80' lang='lat' dir='ltr'>c</span> 
     </span>
    </p>
   </div>
   <div class='ocr_carea' id='block_1_58' title="bbox 59 1615 849 1658">
    <p class='ocr_par' dir='ltr' id='par_1_58' title="bbox 59 1615 849 1658">
     <span class='ocr_line' id='line_1_58' title="bbox 59 1615 849 1658; baseline -0.001 -12"><span class='ocrx_word' id='word_1_453' title='bbox 59 1618 157 1658; x_wconf 81' lang='grc' dir='ltr'>θανάτῳ</span> <span class='ocrx_word' id='word_1_454' title='bbox 175 1618 208 1648; x_wconf 79' lang='grc' dir='ltr'><strong>τὸ</strong></span> <span class='ocrx_word' id='word_1_455' title='bbox 227 1619 376 1648; x_wconf 77' lang='grc' dir='ltr'>τελευταῖον</span> <span class='ocrx_word' id='word_1_456' title='bbox 399 1617 516 1649; x_wconf 83' lang='grc' dir='ltr'>λύονται.</span> <span class='ocrx_word' id='word_1_457' title='bbox 546 1630 559 1647; x_wconf 87' lang='grc' dir='ltr'><strong>ιι</strong></span> <span class='ocrx_word' id='word_1_458' title='bbox 578 1618 625 1648; x_wconf 88' lang='grc' dir='ltr'>Ἐν</span> <span class='ocrx_word' id='word_1_459' title='bbox 641 1617 728 1656; x_wconf 75' lang='grc' dir='ltr'>ἐκείνῃ</span> <span class='ocrx_word' id='word_1_460' title='bbox 747 1630 759 1642; x_wconf 68' lang='grc' dir='ltr'>ι»</span> <span class='ocrx_word' id='word_1_461' title='bbox 777 1615 829 1655; x_wconf 77' lang='grc' dir='ltr'><strong>γὰρ</strong></span> <span class='ocrx_word' id='word_1_462' title='bbox 841 1637 849 1652; x_wconf 90' lang='grc'>,</span> 
     </span>
    </p>
   </div>
   <div class='ocr_carea' id='block_1_59' title="bbox 59 1659 851 1704">
    <p class='ocr_par' dir='ltr' id='par_1_59' title="bbox 59 1659 851 1704">
     <span class='ocr_line' id='line_1_59' title="bbox 59 1659 851 1704; baseline -0.003 -13"><span class='ocrx_word' id='word_1_463' title='bbox 59 1662 131 1702; x_wconf 74' lang='grc' dir='ltr'>φησὶ,</span> <span class='ocrx_word' id='word_1_464' title='bbox 146 1676 159 1690; x_wconf 71' lang='grc' dir='ltr'><strong>α</strong></span> <span class='ocrx_word' id='word_1_465' title='bbox 233 1662 321 1703; x_wconf 75' lang='grc' dir='ltr'>ἡμέρᾳ</span> <span class='ocrx_word' id='word_1_466' title='bbox 336 1663 434 1697; x_wconf 82' lang='grc' dir='ltr'>πάντες</span> <span class='ocrx_word' id='word_1_467' title='bbox 459 1663 560 1692; x_wconf 76' lang='grc' dir='ltr'>ἀπολοῦ</span> <span class='ocrx_word' id='word_1_468' title='bbox 579 1674 624 1692; x_wconf 89' lang='grc' dir='ltr'><strong>ται</strong></span> <span class='ocrx_word' id='word_1_469' title='bbox 646 1663 669 1692; x_wconf 73' lang='grc' dir='ltr'>οἱ</span> <span class='ocrx_word' id='word_1_470' title='bbox 685 1659 851 1698; x_wconf 76' lang='grc' dir='ltr'>διαλογισμοὶ</span> 
     </span>
    </p>
   </div>
   <div class='ocr_carea' id='block_1_60' title="bbox 58 1705 851 1746">
    <p class='ocr_par' dir='ltr' id='par_1_60' title="bbox 58 1705 851 1746">
     <span class='ocr_line' id='line_1_60' title="bbox 58 1705 851 1746; baseline -0.004 -10"><span class='ocrx_word' id='word_1_471' title='bbox 58 1708 140 1737; x_wconf 74' lang='grc' dir='ltr'>αὐτοῦ.</span> <span class='ocrx_word' id='word_1_472' title='bbox 166 1718 182 1737; x_wconf 75' lang='grc' dir='ltr'><strong>α</strong></span> <span class='ocrx_word' id='word_1_473' title='bbox 197 1707 239 1737; x_wconf 83' lang='grc' dir='ltr'>Ἢ</span> <span class='ocrx_word' id='word_1_474' title='bbox 254 1707 295 1744; x_wconf 80' lang='grc' dir='ltr'>τὸ,</span> <span class='ocrx_word' id='word_1_475' title='bbox 315 1718 330 1738; x_wconf 76' lang='grc' dir='ltr'><strong>α</strong></span> <span class='ocrx_word' id='word_1_476' title='bbox 346 1707 425 1738; x_wconf 80' lang='grc' dir='ltr'>Κατὰ</span> <span class='ocrx_word' id='word_1_477' title='bbox 439 1706 485 1740; x_wconf 77' lang='grc' dir='ltr'><strong>τὰς</strong></span> <span class='ocrx_word' id='word_1_478' title='bbox 500 1706 657 1746; x_wconf 76' lang='grc' dir='ltr'>ἐπιθυμίας,</span> <span class='ocrx_word' id='word_1_479' title='bbox 676 1720 688 1734; x_wconf 77' lang='grc' dir='ltr'><strong>ν</strong></span> <span class='ocrx_word' id='word_1_480' title='bbox 708 1705 766 1735; x_wconf 76' lang='grc' dir='ltr'>ἀντὶ</span> <span class='ocrx_word' id='word_1_481' title='bbox 785 1707 831 1734; x_wconf 73' lang='grc' dir='ltr'><strong>τοῦ¹</strong></span> <span class='ocrx_word' id='word_1_482' title='bbox 842 1725 851 1740; x_wconf 90' lang='grc'><em>,</em></span> 
     </span>
    </p>
   </div>
   <div class='ocr_carea' id='block_1_61' title="bbox 59 1750 851 1792">
    <p class='ocr_par' dir='ltr' id='par_1_61' title="bbox 59 1750 851 1792">
     <span class='ocr_line' id='line_1_61' title="bbox 59 1750 851 1792; baseline -0.001 -13"><span class='ocrx_word' id='word_1_483' title='bbox 59 1751 105 1780; x_wconf 79' lang='grc' dir='ltr'><strong>ὑπὸ</strong></span> <span class='ocrx_word' id='word_1_484' title='bbox 126 1753 177 1782; x_wconf 78' lang='grc' dir='ltr'><strong>τῶν</strong></span> <span class='ocrx_word' id='word_1_485' title='bbox 200 1752 359 1791; x_wconf 71' lang='grc' dir='ltr'>ἐπιθυμιῶν.</span> <span class='ocrx_word' id='word_1_486' title='bbox 391 1752 446 1783; x_wconf 81' lang='grc' dir='ltr'><strong>Καὶ</strong></span> <span class='ocrx_word' id='word_1_487' title='bbox 462 1752 515 1792; x_wconf 82' lang='grc' dir='ltr'><strong>γὰρ</strong></span> <span class='ocrx_word' id='word_1_488' title='bbox 528 1753 579 1782; x_wconf 74' lang='grc' dir='ltr'><strong>ὑπὸ</strong></span> <span class='ocrx_word' id='word_1_489' title='bbox 602 1751 702 1782; x_wconf 82' lang='grc' dir='ltr'>τούτων</span> <span class='ocrx_word' id='word_1_490' title='bbox 718 1750 851 1790; x_wconf 77' lang='grc' dir='ltr'>φθείρεται</span> 
     </span>
    </p>
   </div>
   <div class='ocr_carea' id='block_1_62' title="bbox 57 1794 849 1838">
    <p class='ocr_par' dir='ltr' id='par_1_62' title="bbox 57 1794 849 1838">
     <span class='ocr_line' id='line_1_62' title="bbox 57 1794 849 1838; baseline -0.001 -14"><span class='ocrx_word' id='word_1_491' title='bbox 57 1796 187 1832; x_wconf 60' lang='lat' dir='ltr'><strong>animt;</strong></span> <span class='ocrx_word' id='word_1_492' title='bbox 201 1799 280 1838; x_wconf 75' lang='grc' dir='ltr'>ἡμῶν</span> <span class='ocrx_word' id='word_1_493' title='bbox 304 1797 440 1838; x_wconf 78' lang='grc' dir='ltr'>ἄνθρωπος</span> <span class='ocrx_word' id='word_1_494' title='bbox 451 1820 459 1835; x_wconf 88' lang='grc'><strong>,</strong></span> <span class='ocrx_word' id='word_1_495' title='bbox 477 1797 567 1838; x_wconf 80' lang='grc' dir='ltr'>ὥσπερ</span> <span class='ocrx_word' id='word_1_496' title='bbox 587 1797 617 1826; x_wconf 82' lang='grc' dir='ltr'><strong>τὸ</strong></span> <span class='ocrx_word' id='word_1_497' title='bbox 630 1798 699 1837; x_wconf 81' lang='grc' dir='ltr'>ἔριον</span> <span class='ocrx_word' id='word_1_498' title='bbox 715 1795 761 1824; x_wconf 78' lang='grc' dir='ltr'>καὶ</span> <span class='ocrx_word' id='word_1_499' title='bbox 776 1797 789 1824; x_wconf 82' lang='grc' dir='ltr'>ὁ</span> <span class='ocrx_word' id='word_1_500' title='bbox 806 1794 849 1824; x_wconf 82' lang='grc' dir='ltr'>σί-</span> 
     </span>
    </p>
   </div>
   <div class='ocr_carea' id='block_1_63' title="bbox 57 1837 847 1883">
    <p class='ocr_par' dir='ltr' id='par_1_63' title="bbox 57 1837 847 1883">
     <span class='ocr_line' id='line_1_63' title="bbox 57 1837 847 1883; baseline -0.01 -7"><span class='ocrx_word' id='word_1_501' title='bbox 57 1840 147 1881; x_wconf 80' lang='grc' dir='ltr'>δηρος,</span> <span class='ocrx_word' id='word_1_502' title='bbox 173 1841 218 1883; x_wconf 80' lang='grc' dir='ltr'><strong>ὑφ’</strong></span> <span class='ocrx_word' id='word_1_503' title='bbox 241 1837 278 1872; x_wconf 68' lang='grc' dir='ltr'><strong>ὧν</strong></span> <span class='ocrx_word' id='word_1_504' title='bbox 302 1837 443 1881; x_wconf 80' lang='grc' dir='ltr'>γεννῶσιν,</span> <span class='ocrx_word' id='word_1_505' title='bbox 467 1843 519 1872; x_wconf 74' lang='grc' dir='ltr'><strong>ὑπὸ</strong></span> <span class='ocrx_word' id='word_1_506' title='bbox 541 1841 641 1871; x_wconf 82' lang='grc' dir='ltr'>τούτων</span> <span class='ocrx_word' id='word_1_507' title='bbox 674 1841 847 1870; x_wconf 78' lang='grc' dir='ltr'>ἀπολοῦνται.</span> 
     </span>
    </p>
   </div>
   <div class='ocr_carea' id='block_1_64' title="bbox 57 1885 850 1928">
    <p class='ocr_par' dir='ltr' id='par_1_64' title="bbox 57 1885 850 1928">
     <span class='ocr_line' id='line_1_64' title="bbox 57 1885 850 1928; baseline -0.02 0"><span class='ocrx_word' id='word_1_508' title='bbox 57 1886 109 1915; x_wconf 67' lang='grc' dir='ltr'><strong>Καὶ</strong></span> <span class='ocrx_word' id='word_1_509' title='bbox 133 1887 185 1927; x_wconf 65' lang='grc' dir='ltr'>γὰρ</span> <span class='ocrx_word' id='word_1_510' title='bbox 205 1887 254 1917; x_wconf 56' lang='grc' dir='ltr'><strong>καὶ</strong></span> <span class='ocrx_word' id='word_1_511' title='bbox 280 1886 355 1924; x_wconf 77' lang='grc' dir='ltr'>δόξης</span> <span class='ocrx_word' id='word_1_512' title='bbox 379 1887 446 1928; x_wconf 80' lang='grc' dir='ltr'>ἔρως</span> <span class='ocrx_word' id='word_1_513' title='bbox 483 1886 615 1917; x_wconf 74' lang='grc' dir='ltr'>ἀπόλλυσι</span> <span class='ocrx_word' id='word_1_514' title='bbox 624 1909 633 1926; x_wconf 88' lang='lat'><strong>,</strong></span> <span class='ocrx_word' id='word_1_515' title='bbox 661 1885 706 1916; x_wconf 73' lang='grc' dir='ltr'>καὶ</span> <span class='ocrx_word' id='word_1_516' title='bbox 730 1886 850 1926; x_wconf 78' lang='grc' dir='ltr'>ψυχιχῶς</span> 
     </span>
    </p>
   </div>
   <div class='ocr_carea' id='block_1_65' title="bbox 58 1928 850 1970">
    <p class='ocr_par' dir='ltr' id='par_1_65' title="bbox 58 1928 850 1970">
     <span class='ocr_line' id='line_1_65' title="bbox 58 1928 850 1970; baseline -0.004 -10"><span class='ocrx_word' id='word_1_517' title='bbox 58 1929 102 1968; x_wconf 83' lang='grc' dir='ltr'>μὲν</span> <span class='ocrx_word' id='word_1_518' title='bbox 111 1931 232 1968; x_wconf 82' lang='grc' dir='ltr'>πάντως,</span> <span class='ocrx_word' id='word_1_519' title='bbox 256 1931 313 1961; x_wconf 73' lang='grc' dir='ltr'>ἔστι</span> <span class='ocrx_word' id='word_1_520' title='bbox 335 1932 358 1961; x_wconf 89' lang='grc' dir='ltr'><strong>δ’</strong></span> <span class='ocrx_word' id='word_1_521' title='bbox 370 1931 413 1962; x_wconf 76' lang='grc' dir='ltr'><strong>ὅτι</strong></span> <span class='ocrx_word' id='word_1_522' title='bbox 434 1931 480 1961; x_wconf 78' lang='grc' dir='ltr'>καὶ</span> <span class='ocrx_word' id='word_1_523' title='bbox 492 1933 653 1970; x_wconf 77' lang='grc' dir='ltr'>σωματικῶς</span> <span class='ocrx_word' id='word_1_524' title='bbox 664 1943 671 1950; x_wconf 92' lang='grc'>·</span> <span class='ocrx_word' id='word_1_525' title='bbox 685 1930 731 1960; x_wconf 75' lang='grc' dir='ltr'><strong>καὶ</strong></span> <span class='ocrx_word' id='word_1_526' title='bbox 755 1928 850 1965; x_wconf 78' lang='grc' dir='ltr'>ἡδοναὶ</span> 
     </span>
    </p>
   </div>
   <div class='ocr_carea' id='block_1_66' title="bbox 58 1973 848 2013">
    <p class='ocr_par' dir='ltr' id='par_1_66' title="bbox 58 1973 848 2013">
     <span class='ocr_line' id='line_1_66' title="bbox 58 1973 848 2013; baseline -0.001 -10"><span class='ocrx_word' id='word_1_527' title='bbox 58 1975 158 2013; x_wconf 75' lang='grc' dir='ltr'>ὁμοίως.</span> <span class='ocrx_word' id='word_1_528' title='bbox 192 1977 290 2010; x_wconf 79' lang='grc' dir='ltr'>Καλῶς</span> <span class='ocrx_word' id='word_1_529' title='bbox 317 1976 345 2006; x_wconf 66' lang='grc' dir='ltr'><strong>δὲ</strong></span> <span class='ocrx_word' id='word_1_530' title='bbox 362 1976 468 2013; x_wconf 73' lang='grc' dir='ltr'>ἀπάτην</span> <span class='ocrx_word' id='word_1_531' title='bbox 491 1977 601 2007; x_wconf 78' lang='grc' dir='ltr'>ἐκάλεσε</span> <span class='ocrx_word' id='word_1_532' title='bbox 625 1975 674 2012; x_wconf 80' lang='grc' dir='ltr'><strong>τήν</strong></span> <span class='ocrx_word' id='word_1_533' title='bbox 697 1976 727 2005; x_wconf 77' lang='grc' dir='ltr'>ἐκ</span> <span class='ocrx_word' id='word_1_534' title='bbox 749 1973 848 2004; x_wconf 87' lang='grc' dir='ltr'>τούτων</span> 
     </span>
    </p>
   </div>
   <div class='ocr_carea' id='block_1_67' title="bbox 58 2018 849 2062">
    <p class='ocr_par' dir='ltr' id='par_1_67' title="bbox 58 2018 849 2062">
     <span class='ocr_line' id='line_1_67' title="bbox 58 2018 849 2062; baseline -0.001 -13"><span class='ocrx_word' id='word_1_535' title='bbox 58 2020 159 2058; x_wconf 78' lang='grc' dir='ltr'>ἡδονήν.</span> <span class='ocrx_word' id='word_1_536' title='bbox 176 2020 334 2061; x_wconf 83' lang='grc' dir='ltr'>Ὑπόκρισις</span> <span class='ocrx_word' id='word_1_537' title='bbox 357 2022 408 2062; x_wconf 88' lang='grc' dir='ltr'><strong>γάρ</strong></span> <span class='ocrx_word' id='word_1_538' title='bbox 419 2022 475 2052; x_wconf 76' lang='grc' dir='ltr'>ἐστι</span> <span class='ocrx_word' id='word_1_539' title='bbox 506 2022 551 2051; x_wconf 72' lang='grc' dir='ltr'><strong>καὶ</strong></span> <span class='ocrx_word' id='word_1_540' title='bbox 574 2022 692 2062; x_wconf 19' lang='grc' dir='ltr'>ψεῦδοςέν</span> <span class='ocrx_word' id='word_1_541' title='bbox 711 2021 745 2053; x_wconf 85' lang='grc' dir='ltr'>ὥς</span> <span class='ocrx_word' id='word_1_542' title='bbox 766 2018 849 2055; x_wconf 86' lang='grc' dir='ltr'>ἡδονὴ</span> 
     </span>
    </p>
   </div>
   <div class='ocr_carea' id='block_1_68' title="bbox 58 2060 850 2108">
    <p class='ocr_par' dir='ltr' id='par_1_68' title="bbox 58 2060 850 2108">
     <span class='ocr_line' id='line_1_68' title="bbox 58 2060 850 2108; baseline 0 -14"><span class='ocrx_word' id='word_1_543' title='bbox 58 2063 102 2108; x_wconf 54' lang='grc' dir='ltr'>μὲν</span> <span class='ocrx_word' id='word_1_544' title='bbox 126 2060 346 2106; x_wconf 71' lang='grc' dir='ltr'>σχηματιζομένη</span> <span class='ocrx_word' id='word_1_545' title='bbox 354 2060 368 2104; x_wconf 19' lang='lat'><strong>,7</strong></span> <span class='ocrx_word' id='word_1_546' title='bbox 391 2060 484 2108; x_wconf 61' lang='lat' dir='ltr'><strong>impia</strong></span> <span class='ocrx_word' id='word_1_547' title='bbox 501 2066 528 2095; x_wconf 82' lang='grc' dir='ltr'><strong>δὲ</strong></span> <span class='ocrx_word' id='word_1_548' title='bbox 551 2060 643 2108; x_wconf 43' lang='grc' dir='ltr'>ὄντως--</span> <span class='ocrx_word' id='word_1_549' title='bbox 662 2060 738 2095; x_wconf 68' lang='grc' dir='ltr'>οὖσα.</span> <span class='ocrx_word' id='word_1_550' title='bbox 763 2065 850 2095; x_wconf 75' lang='grc' dir='ltr'>Τοῦτο</span> 
     </span>
    </p>
   </div>
   <div class='ocr_carea' id='block_1_69' title="bbox 57 2103 698 2152">
    <p class='ocr_par' dir='ltr' id='par_1_69' title="bbox 57 2103 698 2152">
     <span class='ocr_line' id='line_1_69' title="bbox 57 2103 698 2152; baseline 0.005 -14"><span class='ocrx_word' id='word_1_551' title='bbox 57 2103 99 2138; x_wconf 67' lang='grc' dir='ltr'><strong>οὖν</strong></span> <span class='ocrx_word' id='word_1_552' title='bbox 209 2133 217 2148; x_wconf 88' lang='grc'>,</span> <span class='ocrx_word' id='word_1_553' title='bbox 233 2111 264 2140; x_wconf 75' lang='grc' dir='ltr'><strong>τὸ</strong></span> <span class='ocrx_word' id='word_1_554' title='bbox 279 2103 344 2141; x_wconf 64' lang='grc' dir='ltr'>ἄλλο</span> <span class='ocrx_word' id='word_1_555' title='bbox 354 2103 502 2152; x_wconf 18' lang='grc' dir='ltr'>νφαινομένη</span> <span class='ocrx_word' id='word_1_556' title='bbox 513 2132 522 2149; x_wconf 84' lang='grc'><strong><em>,</em></strong></span> <span class='ocrx_word' id='word_1_557' title='bbox 540 2110 606 2141; x_wconf 78' lang='grc' dir='ltr'>ἄλλο</span> <span class='ocrx_word' id='word_1_558' title='bbox 620 2106 698 2141; x_wconf 76' lang='grc' dir='ltr'>εἶναι.</span> 
     </span>
    </p>
   </div>
   <div class='ocr_carea' id='block_1_70' title="bbox 941 1343 1699 1382">
    <p class='ocr_par' dir='ltr' id='par_1_70' title="bbox 941 1343 1699 1382">
     <span class='ocr_line' id='line_1_70' title="bbox 941 1343 1699 1382; baseline 0.003 -11"><span class='ocrx_word' id='word_1_559' title='bbox 941 1355 953 1367; x_wconf 79' lang='grc' dir='ltr'><strong>ι</strong></span> <span class='ocrx_word' id='word_1_560' title='bbox 976 1343 1029 1380; x_wconf 89' lang='lat' dir='ltr'><strong>Qui</strong></span> <span class='ocrx_word' id='word_1_561' title='bbox 1042 1346 1228 1382; x_wconf 83' lang='lat' dir='ltr'><strong>corrumpitur</strong></span> <span class='ocrx_word' id='word_1_562' title='bbox 1244 1345 1399 1374; x_wconf 83' lang='lat' dir='ltr'><strong>secundum</strong></span> <span class='ocrx_word' id='word_1_563' title='bbox 1414 1344 1550 1374; x_wconf 83' lang='lat' dir='ltr'><strong>desideria</strong></span> <span class='ocrx_word' id='word_1_564' title='bbox 1565 1346 1674 1374; x_wconf 84' lang='lat' dir='ltr'><strong>erroris.</strong></span> <span class='ocrx_word' id='word_1_565' title='bbox 1687 1358 1699 1370; x_wconf 76' lang='grc' dir='ltr'><strong>ν»</strong></span> 
     </span>
    </p>
   </div>
   <div class='ocr_carea' id='block_1_71' title="bbox 903 1387 1700 1427">
    <p class='ocr_par' dir='ltr' id='par_1_71' title="bbox 903 1387 1700 1427">
     <span class='ocr_line' id='line_1_71' title="bbox 903 1387 1700 1427; baseline 0.004 -12"><span class='ocrx_word' id='word_1_566' title='bbox 903 1387 1035 1416; x_wconf 80' lang='lat' dir='ltr'><strong>Bifariam</strong></span> <span class='ocrx_word' id='word_1_567' title='bbox 1058 1389 1111 1417; x_wconf 85' lang='lat' dir='ltr'><strong>hoc</strong></span> <span class='ocrx_word' id='word_1_568' title='bbox 1131 1390 1264 1426; x_wconf 79' lang='lat' dir='ltr'><strong>intelliges</strong></span> <span class='ocrx_word' id='word_1_569' title='bbox 1288 1399 1295 1418; x_wconf 90' lang='lat'><strong>:</strong></span> <span class='ocrx_word' id='word_1_570' title='bbox 1314 1390 1353 1418; x_wconf 88' lang='lat' dir='ltr'><strong>vel</strong></span> <span class='ocrx_word' id='word_1_571' title='bbox 1369 1389 1444 1426; x_wconf 89' lang='lat' dir='ltr'><strong>quod</strong></span> <span class='ocrx_word' id='word_1_572' title='bbox 1458 1398 1537 1427; x_wconf 68' lang='lat' dir='ltr'><strong>aeque</strong></span> <span class='ocrx_word' id='word_1_573' title='bbox 1551 1394 1581 1418; x_wconf 94' lang='lat' dir='ltr'><strong>ut</strong></span> <span class='ocrx_word' id='word_1_574' title='bbox 1596 1390 1700 1426; x_wconf 89' lang='lat' dir='ltr'><strong>cupidi-</strong></span> 
     </span>
    </p>
   </div>
   <div class='ocr_carea' id='block_1_72' title="bbox 904 1435 1703 1472">
    <p class='ocr_par' dir='ltr' id='par_1_72' title="bbox 904 1435 1703 1472">
     <span class='ocr_line' id='line_1_72' title="bbox 904 1435 1703 1472; baseline 0.004 -12"><span class='ocrx_word' id='word_1_575' title='bbox 904 1436 976 1460; x_wconf 77' lang='lat' dir='ltr'><strong>tates</strong></span> <span class='ocrx_word' id='word_1_576' title='bbox 1005 1439 1230 1470; x_wconf 82' lang='lat' dir='ltr'><strong>corrumpuntur,</strong></span> <span class='ocrx_word' id='word_1_577' title='bbox 1261 1435 1301 1463; x_wconf 89' lang='lat' dir='ltr'><strong>sic</strong></span> <span class='ocrx_word' id='word_1_578' title='bbox 1325 1439 1351 1463; x_wconf 88' lang='lat' dir='ltr'><strong>et</strong></span> <span class='ocrx_word' id='word_1_579' title='bbox 1381 1435 1437 1472; x_wconf 86' lang='lat' dir='ltr'><strong>ipse</strong></span> <span class='ocrx_word' id='word_1_580' title='bbox 1464 1435 1558 1470; x_wconf 89' lang='lat' dir='ltr'><strong>homo,</strong></span> <span class='ocrx_word' id='word_1_581' title='bbox 1587 1435 1639 1463; x_wconf 87' lang='lat' dir='ltr'><strong>hoc</strong></span> <span class='ocrx_word' id='word_1_582' title='bbox 1662 1440 1703 1463; x_wconf 82' lang='lat' dir='ltr'><strong>est</strong></span> 
     </span>
    </p>
   </div>
   <div class='ocr_carea' id='block_1_73' title="bbox 904 1477 1702 1517">
    <p class='ocr_par' dir='ltr' id='par_1_73' title="bbox 904 1477 1702 1517">
     <span class='ocr_line' id='line_1_73' title="bbox 904 1477 1702 1517; baseline 0.005 -13"><span class='ocrx_word' id='word_1_583' title='bbox 904 1477 1089 1511; x_wconf 85' lang='lat' dir='ltr'><strong>ratiocinatio,</strong></span> <span class='ocrx_word' id='word_1_584' title='bbox 1116 1479 1310 1516; x_wconf 86' lang='lat' dir='ltr'><strong>corrumpitur.</strong></span> <span class='ocrx_word' id='word_1_585' title='bbox 1338 1479 1484 1516; x_wconf 91' lang='lat' dir='ltr'><strong>Quomodo</strong></span> <span class='ocrx_word' id='word_1_586' title='bbox 1512 1484 1605 1508; x_wconf 86' lang='lat' dir='ltr'><strong>autem</strong></span> <span class='ocrx_word' id='word_1_587' title='bbox 1627 1480 1702 1517; x_wconf 90' lang='lat' dir='ltr'><strong>cupi-</strong></span> 
     </span>
    </p>
   </div>
   <div class='ocr_carea' id='block_1_74' title="bbox 905 1521 1702 1561">
    <p class='ocr_par' dir='ltr' id='par_1_74' title="bbox 905 1521 1702 1561">
     <span class='ocr_line' id='line_1_74' title="bbox 905 1521 1702 1561; baseline 0.005 -12"><span class='ocrx_word' id='word_1_588' title='bbox 905 1521 1007 1550; x_wconf 80' lang='lat' dir='ltr'><strong>ditates</strong></span> <span class='ocrx_word' id='word_1_589' title='bbox 1029 1525 1263 1560; x_wconf 80' lang='lat' dir='ltr'><strong>corrumpuntur?</strong></span> <span class='ocrx_word' id='word_1_590' title='bbox 1284 1526 1389 1561; x_wconf 87' lang='lat' dir='ltr'><strong>Nempe</strong></span> <span class='ocrx_word' id='word_1_591' title='bbox 1417 1529 1444 1553; x_wconf 91' lang='lat' dir='ltr'><strong>et</strong></span> <span class='ocrx_word' id='word_1_592' title='bbox 1460 1525 1558 1553; x_wconf 89' lang='lat' dir='ltr'><strong>morbo</strong></span> <span class='ocrx_word' id='word_1_593' title='bbox 1581 1530 1607 1553; x_wconf 90' lang='lat' dir='ltr'><strong>et</strong></span> <span class='ocrx_word' id='word_1_594' title='bbox 1627 1525 1702 1553; x_wconf 87' lang='lat' dir='ltr'><strong>senio</strong></span> 
     </span>
    </p>
   </div>
   <div class='ocr_carea' id='block_1_75' title="bbox 906 1567 1704 1604">
    <p class='ocr_par' dir='ltr' id='par_1_75' title="bbox 906 1567 1704 1604">
     <span class='ocr_line' id='line_1_75' title="bbox 906 1567 1704 1604; baseline 0.005 -10"><span class='ocrx_word' id='word_1_595' title='bbox 906 1567 1082 1602; x_wconf 88' lang='lat' dir='ltr'><strong>pulchritudo</strong></span> <span class='ocrx_word' id='word_1_596' title='bbox 1103 1569 1256 1604; x_wconf 88' lang='lat' dir='ltr'><strong>marcescit,</strong></span> <span class='ocrx_word' id='word_1_597' title='bbox 1271 1577 1302 1597; x_wconf 86' lang='lat' dir='ltr'><strong>ac</strong></span> <span class='ocrx_word' id='word_1_598' title='bbox 1326 1569 1411 1597; x_wconf 87' lang='lat' dir='ltr'><strong>robur</strong></span> <span class='ocrx_word' id='word_1_599' title='bbox 1432 1569 1509 1597; x_wconf 84' lang='lat' dir='ltr'><strong>virile</strong></span> <span class='ocrx_word' id='word_1_600' title='bbox 1532 1570 1704 1598; x_wconf 88' lang='lat' dir='ltr'><strong>consimilem</strong></span> 
     </span>
    </p>
   </div>
   <div class='ocr_carea' id='block_1_76' title="bbox 905 1612 1704 1650">
    <p class='ocr_par' dir='ltr' id='par_1_76' title="bbox 905 1612 1704 1650">
     <span class='ocr_line' id='line_1_76' title="bbox 905 1612 1704 1650; baseline 0.004 -11"><span class='ocrx_word' id='word_1_601' title='bbox 905 1612 941 1639; x_wconf 84' lang='lat' dir='ltr'><strong>ad</strong></span> <span class='ocrx_word' id='word_1_602' title='bbox 965 1612 1091 1647; x_wconf 88' lang='lat' dir='ltr'><strong>modum,</strong></span> <span class='ocrx_word' id='word_1_603' title='bbox 1113 1621 1144 1641; x_wconf 87' lang='lat' dir='ltr'><strong>ac</strong></span> <span class='ocrx_word' id='word_1_604' title='bbox 1170 1618 1259 1642; x_wconf 86' lang='lat' dir='ltr'><strong>morte</strong></span> <span class='ocrx_word' id='word_1_605' title='bbox 1282 1613 1394 1642; x_wconf 86' lang='lat' dir='ltr'><strong>tandem</strong></span> <span class='ocrx_word' id='word_1_606' title='bbox 1426 1615 1585 1650; x_wconf 84' lang='lat' dir='ltr'><strong>simpliciter</strong></span> <span class='ocrx_word' id='word_1_607' title='bbox 1610 1615 1704 1643; x_wconf 89' lang='lat' dir='ltr'><strong>omnia</strong></span> 
     </span>
    </p>
   </div>
   <div class='ocr_carea' id='block_1_77' title="bbox 904 1655 1705 1696">
    <p class='ocr_par' dir='ltr' id='par_1_77' title="bbox 904 1655 1705 1696">
     <span class='ocr_line' id='line_1_77' title="bbox 904 1655 1705 1696; baseline 0.004 -12"><span class='ocrx_word' id='word_1_608' title='bbox 904 1655 1099 1686; x_wconf 85' lang='lat' dir='ltr'><strong>dissolvuntur.</strong></span> <span class='ocrx_word' id='word_1_609' title='bbox 1124 1668 1137 1685; x_wconf 76' lang='grc' dir='ltr'>α</span> <span class='ocrx_word' id='word_1_610' title='bbox 1161 1660 1193 1686; x_wconf 88' lang='lat' dir='ltr'><strong>In</strong></span> <span class='ocrx_word' id='word_1_611' title='bbox 1207 1658 1252 1686; x_wconf 88' lang='lat' dir='ltr'><strong>illa</strong></span> <span class='ocrx_word' id='word_1_612' title='bbox 1265 1658 1338 1687; x_wconf 89' lang='lat' dir='ltr'><strong>enim</strong></span> <span class='ocrx_word' id='word_1_613' title='bbox 1357 1659 1413 1692; x_wconf 88' lang='lat' dir='ltr'><strong>die,</strong></span> <span class='ocrx_word' id='word_1_614' title='bbox 1428 1670 1441 1683; x_wconf 79' lang='grc' dir='ltr'><strong>ι</strong></span> <span class='ocrx_word' id='word_1_615' title='bbox 1458 1659 1560 1696; x_wconf 88' lang='lat' dir='ltr'><strong>inquit,</strong></span> <span class='ocrx_word' id='word_1_616' title='bbox 1575 1659 1705 1696; x_wconf 88' lang='lat' dir='ltr'><strong>peribunt</strong></span> 
     </span>
    </p>
   </div>
   <div class='ocr_carea' id='block_1_78' title="bbox 905 1702 1703 1739">
    <p class='ocr_par' dir='ltr' id='par_1_78' title="bbox 905 1702 1703 1739">
     <span class='ocr_line' id='line_1_78' title="bbox 905 1702 1703 1739; baseline 0.004 -10"><span class='ocrx_word' id='word_1_617' title='bbox 905 1709 1003 1730; x_wconf 91' lang='lat' dir='ltr'><strong>omnes</strong></span> <span class='ocrx_word' id='word_1_618' title='bbox 1026 1702 1207 1739; x_wconf 80' lang='lat' dir='ltr'><strong>cogitationes</strong></span> <span class='ocrx_word' id='word_1_619' title='bbox 1239 1704 1297 1739; x_wconf 81' lang='lat' dir='ltr'><strong>ejus</strong></span> <span class='ocrx_word' id='word_1_620' title='bbox 1328 1702 1348 1731; x_wconf 73' lang='lat' dir='ltr'><strong>J.</strong></span> <span class='ocrx_word' id='word_1_621' title='bbox 1380 1715 1392 1728; x_wconf 72' lang='grc' dir='ltr'><strong><em>π</em></strong></span> <span class='ocrx_word' id='word_1_622' title='bbox 1419 1704 1482 1738; x_wconf 87' lang='lat' dir='ltr'><strong>Vel,</strong></span> <span class='ocrx_word' id='word_1_623' title='bbox 1509 1713 1524 1730; x_wconf 80' lang='grc' dir='ltr'><strong>ιι</strong></span> <span class='ocrx_word' id='word_1_624' title='bbox 1546 1703 1703 1732; x_wconf 88' lang='lat' dir='ltr'><strong>Secundum</strong></span> 
     </span>
    </p>
   </div>
   <div class='ocr_carea' id='block_1_79' title="bbox 904 1747 1703 1785">
    <p class='ocr_par' dir='ltr' id='par_1_79' title="bbox 904 1747 1703 1785">
     <span class='ocr_line' id='line_1_79' title="bbox 904 1747 1703 1785; baseline 0.004 -11"><span class='ocrx_word' id='word_1_625' title='bbox 904 1747 1151 1783; x_wconf 87' lang='lat' dir='ltr'><strong>concupiscentias,</strong></span> <span class='ocrx_word' id='word_1_626' title='bbox 1173 1759 1185 1773; x_wconf 77' lang='grc' dir='ltr'><strong>ι</strong></span> <span class='ocrx_word' id='word_1_627' title='bbox 1213 1748 1293 1782; x_wconf 87' lang='lat' dir='ltr'><strong>dixit,</strong></span> <span class='ocrx_word' id='word_1_628' title='bbox 1315 1756 1375 1785; x_wconf 89' lang='lat' dir='ltr'><strong>pro,</strong></span> <span class='ocrx_word' id='word_1_629' title='bbox 1403 1757 1419 1777; x_wconf 89' lang='lat' dir='ltr'><strong>a</strong></span> <span class='ocrx_word' id='word_1_630' title='bbox 1438 1748 1667 1785; x_wconf 87' lang='lat' dir='ltr'><strong>concupiscentiis</strong></span> <span class='ocrx_word' id='word_1_631' title='bbox 1695 1758 1703 1776; x_wconf 87' lang='lat'><strong>:</strong></span> 
     </span>
    </p>
   </div>
   <div class='ocr_carea' id='block_1_80' title="bbox 904 1792 1702 1829">
    <p class='ocr_par' dir='ltr' id='par_1_80' title="bbox 904 1792 1702 1829">
     <span class='ocr_line' id='line_1_80' title="bbox 904 1792 1702 1829; baseline 0.004 -10"><span class='ocrx_word' id='word_1_632' title='bbox 904 1792 1006 1819; x_wconf 86' lang='lat' dir='ltr'><strong>etenim</strong></span> <span class='ocrx_word' id='word_1_633' title='bbox 1038 1792 1073 1820; x_wconf 91' lang='lat' dir='ltr'><strong>ab</strong></span> <span class='ocrx_word' id='word_1_634' title='bbox 1105 1792 1148 1820; x_wconf 91' lang='lat' dir='ltr'><strong>his</strong></span> <span class='ocrx_word' id='word_1_635' title='bbox 1169 1793 1356 1829; x_wconf 84' lang='lat' dir='ltr'><strong>corrumpitur</strong></span> <span class='ocrx_word' id='word_1_636' title='bbox 1385 1797 1461 1821; x_wconf 87' lang='lat' dir='ltr'><strong>vetus</strong></span> <span class='ocrx_word' id='word_1_637' title='bbox 1485 1797 1579 1822; x_wconf 88' lang='lat' dir='ltr'><strong>noster</strong></span> <span class='ocrx_word' id='word_1_638' title='bbox 1608 1793 1702 1828; x_wconf 83' lang='lat' dir='ltr'><strong>homo,</strong></span> 
     </span>
    </p>
   </div>
   <div class='ocr_carea' id='block_1_81' title="bbox 904 1836 1703 1875">
    <p class='ocr_par' dir='ltr' id='par_1_81' title="bbox 904 1836 1703 1875">
     <span class='ocr_line' id='line_1_81' title="bbox 904 1836 1703 1875; baseline 0.003 -11"><span class='ocrx_word' id='word_1_639' title='bbox 904 1836 1140 1872; x_wconf 85' lang='lat' dir='ltr'><strong>quemadmodum</strong></span> <span class='ocrx_word' id='word_1_640' title='bbox 1163 1839 1223 1867; x_wconf 82' lang='lat' dir='ltr'><strong>lana</strong></span> <span class='ocrx_word' id='word_1_641' title='bbox 1249 1842 1276 1866; x_wconf 90' lang='lat' dir='ltr'><strong>et</strong></span> <span class='ocrx_word' id='word_1_642' title='bbox 1290 1837 1397 1866; x_wconf 87' lang='lat' dir='ltr'><strong>ferrum</strong></span> <span class='ocrx_word' id='word_1_643' title='bbox 1421 1838 1455 1866; x_wconf 90' lang='lat' dir='ltr'><strong>ab</strong></span> <span class='ocrx_word' id='word_1_644' title='bbox 1477 1838 1512 1866; x_wconf 87' lang='lat' dir='ltr'><strong>iis</strong></span> <span class='ocrx_word' id='word_1_645' title='bbox 1537 1846 1598 1874; x_wconf 62' lang='lat' dir='ltr'><strong>quae</strong></span> <span class='ocrx_word' id='word_1_646' title='bbox 1622 1846 1703 1875; x_wconf 81' lang='lat' dir='ltr'><strong>gene-</strong></span> 
     </span>
    </p>
   </div>
   <div class='ocr_carea' id='block_1_82' title="bbox 904 1881 1703 1919">
    <p class='ocr_par' dir='ltr' id='par_1_82' title="bbox 904 1881 1703 1919">
     <span class='ocr_line' id='line_1_82' title="bbox 904 1881 1703 1919; baseline 0.003 -11"><span class='ocrx_word' id='word_1_647' title='bbox 904 1886 975 1914; x_wconf 88' lang='lat' dir='ltr'><strong>rant,</strong></span> <span class='ocrx_word' id='word_1_648' title='bbox 992 1881 1028 1909; x_wconf 87' lang='lat' dir='ltr'><strong>ad</strong></span> <span class='ocrx_word' id='word_1_649' title='bbox 1052 1881 1095 1909; x_wconf 87' lang='lat' dir='ltr'><strong>his</strong></span> <span class='ocrx_word' id='word_1_650' title='bbox 1117 1882 1202 1910; x_wconf 90' lang='lat' dir='ltr'><strong>etiam</strong></span> <span class='ocrx_word' id='word_1_651' title='bbox 1230 1887 1455 1919; x_wconf 88' lang='lat' dir='ltr'><strong>corrumpuntur.</strong></span> <span class='ocrx_word' id='word_1_652' title='bbox 1477 1884 1549 1911; x_wconf 88' lang='lat' dir='ltr'><strong>Nam</strong></span> <span class='ocrx_word' id='word_1_653' title='bbox 1564 1887 1593 1911; x_wconf 89' lang='lat' dir='ltr'><strong>et</strong></span> <span class='ocrx_word' id='word_1_654' title='bbox 1607 1883 1703 1919; x_wconf 65' lang='lat' dir='ltr'><strong>gloria;</strong></span> 
     </span>
    </p>
   </div>
   <div class='ocr_carea' id='block_1_83' title="bbox 903 1925 1699 1964">
    <p class='ocr_par' dir='ltr' id='par_1_83' title="bbox 903 1925 1699 1964">
     <span class='ocr_line' id='line_1_83' title="bbox 903 1925 1699 1964; baseline 0.004 -11"><span class='ocrx_word' id='word_1_655' title='bbox 903 1933 982 1954; x_wconf 87' lang='lat' dir='ltr'><strong>amor</strong></span> <span class='ocrx_word' id='word_1_656' title='bbox 991 1925 1090 1963; x_wconf 87' lang='lat' dir='ltr'><strong>perdit,</strong></span> <span class='ocrx_word' id='word_1_657' title='bbox 1101 1934 1159 1963; x_wconf 92' lang='lat' dir='ltr'><strong>quo</strong></span> <span class='ocrx_word' id='word_1_658' title='bbox 1172 1927 1207 1955; x_wconf 90' lang='lat' dir='ltr'><strong>ad</strong></span> <span class='ocrx_word' id='word_1_659' title='bbox 1221 1935 1254 1955; x_wconf 86' lang='lat' dir='ltr'><strong>an</strong></span> <span class='ocrx_word' id='word_1_660' title='bbox 1262 1927 1346 1955; x_wconf 87' lang='lat' dir='ltr'><strong>imam</strong></span> <span class='ocrx_word' id='word_1_661' title='bbox 1356 1928 1481 1960; x_wconf 91' lang='lat' dir='ltr'><strong>omnino,</strong></span> <span class='ocrx_word' id='word_1_662' title='bbox 1497 1935 1699 1964; x_wconf 88' lang='lat' dir='ltr'><strong>nonnunquam</strong></span> 
     </span>
    </p>
   </div>
   <div class='ocr_carea' id='block_1_84' title="bbox 904 1970 1704 2009">
    <p class='ocr_par' dir='ltr' id='par_1_84' title="bbox 904 1970 1704 2009">
     <span class='ocr_line' id='line_1_84' title="bbox 904 1970 1704 2009; baseline 0.003 -11"><span class='ocrx_word' id='word_1_663' title='bbox 904 1971 987 1999; x_wconf 85' lang='lat' dir='ltr'><strong>etiam</strong></span> <span class='ocrx_word' id='word_1_664' title='bbox 1003 1970 1095 2008; x_wconf 88' lang='lat' dir='ltr'><strong>quoad</strong></span> <span class='ocrx_word' id='word_1_665' title='bbox 1112 1980 1212 2008; x_wconf 85' lang='lat' dir='ltr'><strong>corpus</strong></span> <span class='ocrx_word' id='word_1_666' title='bbox 1228 1981 1234 2000; x_wconf 94' lang='lat'>:</span> <span class='ocrx_word' id='word_1_667' title='bbox 1258 1972 1341 2009; x_wconf 65' lang='grc'><strong>401</strong></span> <span class='ocrx_word' id='word_1_668' title='bbox 1363 1980 1395 2000; x_wconf 85' lang='lat' dir='ltr'><strong>ac</strong></span> <span class='ocrx_word' id='word_1_669' title='bbox 1409 1972 1563 2009; x_wconf 86' lang='lat' dir='ltr'><strong>voluptates</strong></span> <span class='ocrx_word' id='word_1_670' title='bbox 1577 1972 1704 2000; x_wconf 86' lang='lat' dir='ltr'><strong>similiter</strong></span> 
     </span>
    </p>
   </div>
   <div class='ocr_carea' id='block_1_85' title="bbox 903 2015 1704 2053">
    <p class='ocr_par' dir='ltr' id='par_1_85' title="bbox 903 2015 1704 2053">
     <span class='ocr_line' id='line_1_85' title="bbox 903 2015 1704 2053; baseline 0.002 -10"><span class='ocrx_word' id='word_1_671' title='bbox 903 2015 977 2044; x_wconf 88' lang='lat' dir='ltr'><strong>Belle</strong></span> <span class='ocrx_word' id='word_1_672' title='bbox 990 2021 1082 2044; x_wconf 89' lang='lat' dir='ltr'><strong>autem</strong></span> <span class='ocrx_word' id='word_1_673' title='bbox 1106 2024 1229 2045; x_wconf 88' lang='lat' dir='ltr'><strong>errorem</strong></span> <span class='ocrx_word' id='word_1_674' title='bbox 1254 2017 1359 2045; x_wconf 87' lang='lat' dir='ltr'><strong>vocavit</strong></span> <span class='ocrx_word' id='word_1_675' title='bbox 1378 2017 1547 2053; x_wconf 88' lang='lat' dir='ltr'><strong>voluptatem</strong></span> <span class='ocrx_word' id='word_1_676' title='bbox 1575 2025 1608 2046; x_wconf 89' lang='lat' dir='ltr'><strong>ex</strong></span> <span class='ocrx_word' id='word_1_677' title='bbox 1630 2017 1704 2046; x_wconf 89' lang='lat' dir='ltr'><strong>hisce</strong></span> 
     </span>
    </p>
   </div>
   <div class='ocr_carea' id='block_1_86' title="bbox 904 2061 1702 2096">
    <p class='ocr_par' dir='ltr' id='par_1_86' title="bbox 904 2061 1702 2096">
     <span class='ocr_line' id='line_1_86' title="bbox 904 2061 1702 2096; baseline 0.003 -8"><span class='ocrx_word' id='word_1_678' title='bbox 904 2065 1124 2096; x_wconf 86' lang='lat' dir='ltr'><strong>promanantem.</strong></span> <span class='ocrx_word' id='word_1_679' title='bbox 1154 2062 1244 2090; x_wconf 88' lang='lat' dir='ltr'><strong>Fucus</strong></span> <span class='ocrx_word' id='word_1_680' title='bbox 1269 2061 1345 2090; x_wconf 87' lang='lat' dir='ltr'><strong>enim</strong></span> <span class='ocrx_word' id='word_1_681' title='bbox 1377 2066 1428 2096; x_wconf 87' lang='lat' dir='ltr'><strong>est,</strong></span> <span class='ocrx_word' id='word_1_682' title='bbox 1456 2066 1484 2090; x_wconf 86' lang='lat' dir='ltr'><strong>et</strong></span> <span class='ocrx_word' id='word_1_683' title='bbox 1514 2061 1702 2096; x_wconf 84' lang='lat' dir='ltr'><strong>mendacium,</strong></span> 
     </span>
    </p>
   </div>
   <div class='ocr_carea' id='block_1_87' title="bbox 904 2105 1702 2144">
    <p class='ocr_par' dir='ltr' id='par_1_87' title="bbox 904 2105 1702 2144">
     <span class='ocr_line' id='line_1_87' title="bbox 904 2105 1702 2144; baseline 0.001 -11"><span class='ocrx_word' id='word_1_684' title='bbox 904 2105 1052 2142; x_wconf 82' lang='lat' dir='ltr'><strong>voluptatis</strong></span> <span class='ocrx_word' id='word_1_685' title='bbox 1065 2105 1178 2143; x_wconf 89' lang='lat' dir='ltr'><strong>quidem</strong></span> <span class='ocrx_word' id='word_1_686' title='bbox 1193 2107 1311 2143; x_wconf 86' lang='lat' dir='ltr'><strong>speciem</strong></span> <span class='ocrx_word' id='word_1_687' title='bbox 1331 2111 1358 2136; x_wconf 88' lang='lat' dir='ltr'><strong>et</strong></span> <span class='ocrx_word' id='word_1_688' title='bbox 1379 2107 1496 2144; x_wconf 84' lang='lat' dir='ltr'><strong>ﬁguram</strong></span> <span class='ocrx_word' id='word_1_689' title='bbox 1509 2106 1623 2141; x_wconf 85' lang='lat' dir='ltr'><strong>habens,</strong></span> <span class='ocrx_word' id='word_1_690' title='bbox 1639 2115 1702 2136; x_wconf 92' lang='lat' dir='ltr'><strong>cum</strong></span> 
     </span>
    </p>
   </div>
   <div class='ocr_carea' id='block_1_88' title="bbox 904 2150 1703 2188">
    <p class='ocr_par' dir='ltr' id='par_1_88' title="bbox 904 2150 1703 2188">
     <span class='ocr_line' id='line_1_88' title="bbox 904 2150 1703 2188; baseline 0.003 -10"><span class='ocrx_word' id='word_1_691' title='bbox 904 2150 993 2187; x_wconf 87' lang='lat' dir='ltr'><strong>reipsa</strong></span> <span class='ocrx_word' id='word_1_692' title='bbox 1012 2151 1081 2179; x_wconf 91' lang='lat' dir='ltr'><strong>nihil</strong></span> <span class='ocrx_word' id='word_1_693' title='bbox 1098 2151 1171 2180; x_wconf 88' lang='lat' dir='ltr'><strong>aliud</strong></span> <span class='ocrx_word' id='word_1_694' title='bbox 1190 2152 1225 2180; x_wconf 86' lang='lat' dir='ltr'><strong>sit</strong></span> <span class='ocrx_word' id='word_1_695' title='bbox 1241 2160 1325 2188; x_wconf 89' lang='lat' dir='ltr'><strong>quam</strong></span> <span class='ocrx_word' id='word_1_696' title='bbox 1343 2152 1533 2180; x_wconf 78' lang='lat' dir='ltr'><strong>amarulentia.</strong></span> <span class='ocrx_word' id='word_1_697' title='bbox 1550 2153 1618 2180; x_wconf 72' lang='lat' dir='ltr'><strong>Haec</strong></span> <span class='ocrx_word' id='word_1_698' title='bbox 1631 2151 1703 2180; x_wconf 90' lang='lat' dir='ltr'><strong>enim</strong></span> 
     </span>
    </p>
   </div>
   <div class='ocr_carea' id='block_1_89' title="bbox 866 2194 1540 2232">
    <p class='ocr_par' dir='ltr' id='par_1_89' title="bbox 866 2194 1540 2232">
     <span class='ocr_line' id='line_1_89' title="bbox 866 2194 1540 2232; baseline 0.001 -8"><span class='ocrx_word' id='word_1_699' title='bbox 866 2194 894 2228; x_wconf 75' lang='grc' dir='ltr'>ι)</span> <span class='ocrx_word' id='word_1_700' title='bbox 907 2199 948 2224; x_wconf 80' lang='grc' dir='ltr'><strong>εει</strong></span> <span class='ocrx_word' id='word_1_701' title='bbox 960 2195 1084 2232; x_wconf 89' lang='lat' dir='ltr'><strong>deceptio</strong></span> <span class='ocrx_word' id='word_1_702' title='bbox 1098 2196 1172 2225; x_wconf 89' lang='lat' dir='ltr'><strong>aliud</strong></span> <span class='ocrx_word' id='word_1_703' title='bbox 1191 2196 1287 2232; x_wconf 88' lang='lat' dir='ltr'><strong>videri,</strong></span> <span class='ocrx_word' id='word_1_704' title='bbox 1303 2196 1377 2225; x_wconf 84' lang='lat' dir='ltr'><strong>aliud</strong></span> <span class='ocrx_word' id='word_1_705' title='bbox 1388 2205 1453 2225; x_wconf 88' lang='lat' dir='ltr'><strong>vero</strong></span> <span class='ocrx_word' id='word_1_706' title='bbox 1471 2204 1540 2225; x_wconf 87' lang='lat' dir='ltr'><strong>esse.</strong></span> 
     </span>
    </p>
   </div>
   <div class='ocr_carea' id='block_1_90' title="bbox 97 2234 846 2276">
    <p class='ocr_par' dir='ltr' id='par_1_90' title="bbox 97 2234 846 2276">
     <span class='ocr_line' id='line_1_90' title="bbox 97 2234 846 2276; baseline 0.001 -13"><span class='ocrx_word' id='word_1_707' title='bbox 97 2244 111 2262; x_wconf 77' lang='grc' dir='ltr'><strong>ιι</strong></span> <span class='ocrx_word' id='word_1_708' title='bbox 125 2234 293 2265; x_wconf 76' lang='grc' dir='ltr'>Ἀνανεοῧσθε</span> <span class='ocrx_word' id='word_1_709' title='bbox 321 2234 348 2264; x_wconf 68' lang='grc' dir='ltr'><strong>δὲ</strong></span> <span class='ocrx_word' id='word_1_710' title='bbox 376 2236 415 2276; x_wconf 81' lang='grc' dir='ltr'><strong>τῷ</strong></span> <span class='ocrx_word' id='word_1_711' title='bbox 428 2234 559 2274; x_wconf 72' lang='grc' dir='ltr'>πνεύματι</span> <span class='ocrx_word' id='word_1_712' title='bbox 580 2237 625 2265; x_wconf 80' lang='grc' dir='ltr'><strong>τοῦ</strong></span> <span class='ocrx_word' id='word_1_713' title='bbox 657 2234 712 2268; x_wconf 76' lang='grc' dir='ltr'>νοὸς</span> <span class='ocrx_word' id='word_1_714' title='bbox 727 2235 812 2273; x_wconf 79' lang='grc' dir='ltr'>ὑμῶν.</span> <span class='ocrx_word' id='word_1_715' title='bbox 830 2247 846 2264; x_wconf 66' lang='grc' dir='ltr'><strong>ι</strong></span> 
     </span>
    </p>
   </div>
   <div class='ocr_carea' id='block_1_91' title="bbox 56 2276 849 2321">
    <p class='ocr_par' dir='ltr' id='par_1_91' title="bbox 56 2276 849 2321">
     <span class='ocr_line' id='line_1_91' title="bbox 56 2276 849 2321; baseline 0.001 -12"><span class='ocrx_word' id='word_1_716' title='bbox 56 2276 111 2308; x_wconf 81' lang='grc' dir='ltr'>Ἵνα</span> <span class='ocrx_word' id='word_1_717' title='bbox 123 2279 160 2318; x_wconf 83' lang='grc' dir='ltr'><strong>μή</strong></span> <span class='ocrx_word' id='word_1_718' title='bbox 179 2291 219 2314; x_wconf 84' lang='grc' dir='ltr'><strong>τις</strong></span> <span class='ocrx_word' id='word_1_719' title='bbox 238 2279 337 2320; x_wconf 88' lang='grc' dir='ltr'>νομίσῃ</span> <span class='ocrx_word' id='word_1_720' title='bbox 353 2279 394 2309; x_wconf 78' lang='grc' dir='ltr'>ὅτι</span> <span class='ocrx_word' id='word_1_721' title='bbox 419 2279 508 2321; x_wconf 70' lang='grc' dir='ltr'>ἕτερον</span> <span class='ocrx_word' id='word_1_722' title='bbox 530 2279 665 2320; x_wconf 76' lang='grc' dir='ltr'>ἐπεισάγει</span> <span class='ocrx_word' id='word_1_723' title='bbox 687 2279 826 2321; x_wconf 76' lang='grc' dir='ltr'>ἄνθρωπον</span> <span class='ocrx_word' id='word_1_724' title='bbox 840 2303 849 2321; x_wconf 80' lang='lat'><strong>,</strong></span> 
     </span>
    </p>
   </div>
   <div class='ocr_carea' id='block_1_92' title="bbox 55 2323 848 2366">
    <p class='ocr_par' dir='ltr' id='par_1_92' title="bbox 55 2323 848 2366">
     <span class='ocr_line' id='line_1_92' title="bbox 55 2323 848 2366; baseline 0.004 -13"><span class='ocrx_word' id='word_1_725' title='bbox 55 2323 146 2363; x_wconf 75' lang='grc' dir='ltr'>φησίν·</span> <span class='ocrx_word' id='word_1_726' title='bbox 164 2338 177 2351; x_wconf 76' lang='grc' dir='ltr'><strong>α</strong></span> <span class='ocrx_word' id='word_1_727' title='bbox 201 2324 388 2356; x_wconf 76' lang='grc' dir='ltr'>Ἀνανεοῢσθι·</span> <span class='ocrx_word' id='word_1_728' title='bbox 417 2336 431 2355; x_wconf 78' lang='grc' dir='ltr'>ι)</span> <span class='ocrx_word' id='word_1_729' title='bbox 467 2325 616 2363; x_wconf 80' lang='grc' dir='ltr'>τουτέστιν,</span> <span class='ocrx_word' id='word_1_730' title='bbox 640 2325 704 2356; x_wconf 70' lang='grc' dir='ltr'>αὐτὸ</span> <span class='ocrx_word' id='word_1_731' title='bbox 720 2325 750 2356; x_wconf 83' lang='grc' dir='ltr'><strong>τὸ</strong></span> <span class='ocrx_word' id='word_1_732' title='bbox 764 2337 848 2366; x_wconf 87' lang='grc' dir='ltr'>γεγη-</span> 
     </span>
    </p>
   </div>
   <div class='ocr_carea' id='block_1_93' title="bbox 56 2369 847 2407">
    <p class='ocr_par' dir='ltr' id='par_1_93' title="bbox 56 2369 847 2407">
     <span class='ocr_line' id='line_1_93' title="bbox 56 2369 847 2407; baseline 0.005 -10"><span class='ocrx_word' id='word_1_733' title='bbox 56 2369 130 2407; x_wconf 77' lang='grc' dir='ltr'>ρακὸς</span> <span class='ocrx_word' id='word_1_734' title='bbox 150 2371 305 2400; x_wconf 82' lang='grc' dir='ltr'>ἆνανεῶσαι</span> <span class='ocrx_word' id='word_1_735' title='bbox 320 2370 346 2389; x_wconf 66' lang='grc'><strong>⁷9</strong></span> <span class='ocrx_word' id='word_1_736' title='bbox 357 2371 404 2400; x_wconf 76' lang='grc' dir='ltr'><strong>καὶ</strong></span> <span class='ocrx_word' id='word_1_737' title='bbox 430 2371 537 2400; x_wconf 77' lang='grc' dir='ltr'>ἀλλοῖον</span> <span class='ocrx_word' id='word_1_738' title='bbox 565 2373 687 2407; x_wconf 79' lang='grc' dir='ltr'>ποιῆσαι.</span> <span class='ocrx_word' id='word_1_739' title='bbox 704 2369 793 2401; x_wconf 69' lang='lat' dir='ltr'><strong>&quot;an:</strong></span> <span class='ocrx_word' id='word_1_740' title='bbox 816 2371 847 2401; x_wconf 80' lang='grc' dir='ltr'><strong>τὸ</strong></span> 
     </span>
    </p>
   </div>
   <div class='ocr_carea' id='block_1_94' title="bbox 55 2413 848 2457">
    <p class='ocr_par' dir='ltr' id='par_1_94' title="bbox 55 2413 848 2457">
     <span class='ocr_line' id='line_1_94' title="bbox 55 2413 848 2457; baseline 0.006 -15"><span class='ocrx_word' id='word_1_741' title='bbox 55 2413 101 2451; x_wconf 75' lang='grc' dir='ltr'>μὲν</span> <span class='ocrx_word' id='word_1_742' title='bbox 111 2414 286 2454; x_wconf 69' lang='grc' dir='ltr'>ὕποιιείμινον</span> <span class='ocrx_word' id='word_1_743' title='bbox 308 2414 339 2444; x_wconf 77' lang='grc' dir='ltr'><strong>τὸ</strong></span> <span class='ocrx_word' id='word_1_744' title='bbox 362 2415 437 2455; x_wconf 77' lang='grc' dir='ltr'>αὐτὸ,</span> <span class='ocrx_word' id='word_1_745' title='bbox 456 2417 472 2452; x_wconf 87' lang='grc' dir='ltr'><strong>ἡ</strong></span> <span class='ocrx_word' id='word_1_746' title='bbox 489 2415 517 2445; x_wconf 67' lang='grc' dir='ltr'><strong>δὲ</strong></span> <span class='ocrx_word' id='word_1_747' title='bbox 543 2415 678 2457; x_wconf 75' lang='grc' dir='ltr'>μεταϐολὴ</span> <span class='ocrx_word' id='word_1_748' title='bbox 693 2437 702 2453; x_wconf 84' lang='grc'>,</span> <span class='ocrx_word' id='word_1_749' title='bbox 717 2418 763 2446; x_wconf 75' lang='grc' dir='ltr'><strong>τοῦ</strong></span> <span class='ocrx_word' id='word_1_750' title='bbox 787 2416 848 2457; x_wconf 86' lang='grc' dir='ltr'>τρό-</span> 
     </span>
    </p>
   </div>
   <div class='ocr_carea' id='block_1_95' title="bbox 54 2454 849 2501">
    <p class='ocr_par' dir='ltr' id='par_1_95' title="bbox 54 2454 849 2501">
     <span class='ocr_line' id='line_1_95' title="bbox 54 2454 849 2501; baseline 0.004 -13"><span class='ocrx_word' id='word_1_751' title='bbox 54 2469 102 2488; x_wconf 80' lang='grc' dir='ltr'><strong>πον</strong></span> <span class='ocrx_word' id='word_1_752' title='bbox 111 2459 166 2489; x_wconf 70' lang='grc' dir='ltr'>ἐστὶ</span> <span class='ocrx_word' id='word_1_753' title='bbox 179 2459 226 2490; x_wconf 75' lang='grc' dir='ltr'><strong>καὶ</strong></span> <span class='ocrx_word' id='word_1_754' title='bbox 239 2462 286 2497; x_wconf 75' lang='grc' dir='ltr'><strong>τῆς</strong></span> <span class='ocrx_word' id='word_1_755' title='bbox 299 2459 418 2500; x_wconf 84' lang='grc' dir='ltr'>γνώμης.</span> <span class='ocrx_word' id='word_1_756' title='bbox 430 2454 499 2494; x_wconf 79' lang='grc' dir='ltr'>Πῶς</span> <span class='ocrx_word' id='word_1_757' title='bbox 512 2461 536 2490; x_wconf 87' lang='grc' dir='ltr'><strong>δ’</strong></span> <span class='ocrx_word' id='word_1_758' title='bbox 552 2460 578 2480; x_wconf 83' lang='grc'><strong>⁸⁰</strong></span> <span class='ocrx_word' id='word_1_759' title='bbox 591 2460 623 2490; x_wconf 84' lang='grc' dir='ltr'><strong>ἂν</strong></span> <span class='ocrx_word' id='word_1_760' title='bbox 639 2454 765 2501; x_wconf 68' lang='grc' dir='ltr'>γένοιτοὴ</span> <span class='ocrx_word' id='word_1_761' title='bbox 779 2454 849 2491; x_wconf 79' lang='grc' dir='ltr'>ἀνα-</span> 
     </span>
    </p>
   </div>
   <div class='ocr_carea' id='block_1_96' title="bbox 55 2503 849 2546">
    <p class='ocr_par' dir='ltr' id='par_1_96' title="bbox 55 2503 849 2546">
     <span class='ocr_line' id='line_1_96' title="bbox 55 2503 849 2546; baseline 0.005 -14"><span class='ocrx_word' id='word_1_762' title='bbox 55 2503 157 2542; x_wconf 72' lang='grc' dir='ltr'>νέωσιςς</span> <span class='ocrx_word' id='word_1_763' title='bbox 185 2504 238 2535; x_wconf 80' lang='grc' dir='ltr'>Διὰ</span> <span class='ocrx_word' id='word_1_764' title='bbox 263 2507 310 2535; x_wconf 73' lang='grc' dir='ltr'><strong>τοῦ</strong></span> <span class='ocrx_word' id='word_1_765' title='bbox 334 2505 410 2545; x_wconf 75' lang='grc' dir='ltr'>ἁγίου</span> <span class='ocrx_word' id='word_1_766' title='bbox 438 2505 612 2544; x_wconf 81' lang='grc' dir='ltr'>Πνιύματος,</span> <span class='ocrx_word' id='word_1_767' title='bbox 640 2508 686 2536; x_wconf 83' lang='grc' dir='ltr'><strong>τοῦ</strong></span> <span class='ocrx_word' id='word_1_768' title='bbox 711 2507 738 2536; x_wconf 72' lang='grc' dir='ltr'>ἐν</span> <span class='ocrx_word' id='word_1_769' title='bbox 753 2507 791 2546; x_wconf 85' lang='grc' dir='ltr'><strong>τῷ</strong></span> <span class='ocrx_word' id='word_1_770' title='bbox 807 2505 849 2536; x_wconf 79' lang='grc' dir='ltr'><strong>νοῒ</strong></span> 
     </span>
    </p>
   </div>
   <div class='ocr_carea' id='block_1_97' title="bbox 55 2549 845 2592">
    <p class='ocr_par' dir='ltr' id='par_1_97' title="bbox 55 2549 845 2592">
     <span class='ocr_line' id='line_1_97' title="bbox 55 2549 845 2592; baseline 0.003 -14"><span class='ocrx_word' id='word_1_771' title='bbox 55 2549 126 2586; x_wconf 84' lang='grc' dir='ltr'>ἡμῶν</span> <span class='ocrx_word' id='word_1_772' title='bbox 153 2552 349 2585; x_wconf 74' lang='grc' dir='ltr'>κατοικοῦντος.</span> <span class='ocrx_word' id='word_1_773' title='bbox 378 2551 419 2582; x_wconf 83' lang='grc' dir='ltr'><strong>Τὸ</strong></span> <span class='ocrx_word' id='word_1_774' title='bbox 432 2550 483 2591; x_wconf 77' lang='grc' dir='ltr'><strong>γὰρ</strong></span> <span class='ocrx_word' id='word_1_775' title='bbox 511 2552 621 2590; x_wconf 79' lang='grc' dir='ltr'>Πνεῦμα</span> <span class='ocrx_word' id='word_1_776' title='bbox 650 2551 696 2581; x_wconf 77' lang='grc' dir='ltr'><strong>οὐκ</strong></span> <span class='ocrx_word' id='word_1_777' title='bbox 722 2551 845 2592; x_wconf 72' lang='grc' dir='ltr'>ἀνέχεται</span> 
     </span>
    </p>
   </div>
   <div class='ocr_carea' id='block_1_98' title="bbox 54 2595 844 2637">
    <p class='ocr_par' dir='ltr' id='par_1_98' title="bbox 54 2595 844 2637">
     <span class='ocr_line' id='line_1_98' title="bbox 54 2595 844 2637; baseline 0.005 -14"><span class='ocrx_word' id='word_1_778' title='bbox 54 2595 170 2625; x_wconf 79' lang='grc' dir='ltr'>παλαιῶν</span> <span class='ocrx_word' id='word_1_779' title='bbox 206 2595 339 2636; x_wconf 73' lang='grc' dir='ltr'>πράξεων.</span> <span class='ocrx_word' id='word_1_780' title='bbox 367 2595 406 2626; x_wconf 73' lang='grc'><strong>⁸0</strong></span> <span class='ocrx_word' id='word_1_781' title='bbox 436 2595 464 2625; x_wconf 78' lang='grc' dir='ltr'><strong>δὲ</strong></span> <span class='ocrx_word' id='word_1_782' title='bbox 491 2596 582 2637; x_wconf 81' lang='grc' dir='ltr'>λέγει,</span> <span class='ocrx_word' id='word_1_783' title='bbox 608 2596 724 2627; x_wconf 77' lang='grc' dir='ltr'>τοιοῦτόν</span> <span class='ocrx_word' id='word_1_784' title='bbox 753 2598 844 2628; x_wconf 77' lang='grc' dir='ltr'>ἐστιν·</span> 
     </span>
    </p>
   </div>
   <div class='ocr_carea' id='block_1_99' title="bbox 98 2672 558 2710">
    <p class='ocr_par' dir='ltr' id='par_1_99' title="bbox 98 2672 558 2710">
     <span class='ocr_line' id='line_1_99' title="bbox 98 2672 558 2710; baseline 0.002 -9"><span class='ocrx_word' id='word_1_785' title='bbox 98 2672 168 2701; x_wconf 66' lang='lat' dir='ltr'><strong>‘Tit.</strong></span> <span class='ocrx_word' id='word_1_786' title='bbox 180 2679 204 2708; x_wconf 79' lang='grc' dir='ltr'>ι,</span> <span class='ocrx_word' id='word_1_787' title='bbox 220 2675 264 2703; x_wconf 81' lang='lat'><strong>16.</strong></span> <span class='ocrx_word' id='word_1_788' title='bbox 313 2672 405 2702; x_wconf 71' lang='grc' dir='ltr'><strong>1Ριιιιι.</strong></span> <span class='ocrx_word' id='word_1_789' title='bbox 420 2680 511 2710; x_wconf 66' lang='lat' dir='ltr'><strong>cxnv,</strong></span> <span class='ocrx_word' id='word_1_790' title='bbox 527 2677 558 2702; x_wconf 81' lang='lat'><strong>4.</strong></span> 
     </span>
    </p>
   </div>
   <div class='ocr_carea' id='block_1_100' title="bbox 941 2240 1702 2278">
    <p class='ocr_par' dir='ltr' id='par_1_100' title="bbox 941 2240 1702 2278">
     <span class='ocr_line' id='line_1_100' title="bbox 941 2240 1702 2278; baseline 0.003 -10"><span class='ocrx_word' id='word_1_791' title='bbox 941 2240 1035 2269; x_wconf 74' lang='lat' dir='ltr'><strong>Vsus.</strong></span> <span class='ocrx_word' id='word_1_792' title='bbox 1049 2243 1093 2269; x_wconf 78' lang='lat'><strong>28.</strong></span> <span class='ocrx_word' id='word_1_793' title='bbox 1110 2252 1122 2265; x_wconf 73' lang='grc' dir='ltr'><strong>ιι</strong></span> <span class='ocrx_word' id='word_1_794' title='bbox 1141 2241 1324 2270; x_wconf 81' lang='lat' dir='ltr'><strong>Renovamini</strong></span> <span class='ocrx_word' id='word_1_795' title='bbox 1342 2241 1437 2278; x_wconf 90' lang='lat' dir='ltr'><strong>spiritu</strong></span> <span class='ocrx_word' id='word_1_796' title='bbox 1450 2241 1550 2270; x_wconf 90' lang='lat' dir='ltr'><strong>mentis</strong></span> <span class='ocrx_word' id='word_1_797' title='bbox 1563 2245 1670 2270; x_wconf 67' lang='lat' dir='ltr'><strong>vestras.</strong></span> <span class='ocrx_word' id='word_1_798' title='bbox 1688 2253 1702 2266; x_wconf 71' lang='grc' dir='ltr'><strong>ι</strong></span> 
     </span>
    </p>
   </div>
   <div class='ocr_carea' id='block_1_101' title="bbox 905 2285 1702 2322">
    <p class='ocr_par' dir='ltr' id='par_1_101' title="bbox 905 2285 1702 2322">
     <span class='ocr_line' id='line_1_101' title="bbox 905 2285 1702 2322; baseline 0.001 -9"><span class='ocrx_word' id='word_1_799' title='bbox 905 2286 946 2314; x_wconf 88' lang='lat' dir='ltr'><strong>Ne</strong></span> <span class='ocrx_word' id='word_1_800' title='bbox 968 2285 1028 2322; x_wconf 89' lang='lat' dir='ltr'><strong>quis</strong></span> <span class='ocrx_word' id='word_1_801' title='bbox 1053 2286 1190 2315; x_wconf 86' lang='lat' dir='ltr'><strong>existimet</strong></span> <span class='ocrx_word' id='word_1_802' title='bbox 1214 2286 1299 2314; x_wconf 86' lang='lat' dir='ltr'><strong>alium</strong></span> <span class='ocrx_word' id='word_1_803' title='bbox 1319 2286 1457 2315; x_wconf 86' lang='lat' dir='ltr'><strong>introduci</strong></span> <span class='ocrx_word' id='word_1_804' title='bbox 1480 2285 1633 2322; x_wconf 89' lang='lat' dir='ltr'><strong>hominem,</strong></span> <span class='ocrx_word' id='word_1_805' title='bbox 1655 2286 1702 2321; x_wconf 78' lang='lat' dir='ltr'><strong>ait,</strong></span> 
     </span>
    </p>
   </div>
   <div class='ocr_carea' id='block_1_102' title="bbox 907 2331 1702 2368">
    <p class='ocr_par' dir='ltr' id='par_1_102' title="bbox 907 2331 1702 2368">
     <span class='ocr_line' id='line_1_102' title="bbox 907 2331 1702 2368; baseline 0 -9"><span class='ocrx_word' id='word_1_806' title='bbox 907 2342 920 2355; x_wconf 77' lang='grc' dir='ltr'><strong>ιι</strong></span> <span class='ocrx_word' id='word_1_807' title='bbox 942 2331 1126 2359; x_wconf 80' lang='lat' dir='ltr'><strong>Renovamini</strong></span> <span class='ocrx_word' id='word_1_808' title='bbox 1147 2340 1154 2359; x_wconf 89' lang='lat'><strong>:</strong></span> <span class='ocrx_word' id='word_1_809' title='bbox 1175 2331 1227 2359; x_wconf 88' lang='lat' dir='ltr'><strong>hoc</strong></span> <span class='ocrx_word' id='word_1_810' title='bbox 1251 2336 1303 2366; x_wconf 82' lang='lat' dir='ltr'><strong>est,</strong></span> <span class='ocrx_word' id='word_1_811' title='bbox 1333 2331 1422 2368; x_wconf 91' lang='lat' dir='ltr'><strong>ipsum</strong></span> <span class='ocrx_word' id='word_1_812' title='bbox 1447 2331 1522 2368; x_wconf 91' lang='lat' dir='ltr'><strong>quod</strong></span> <span class='ocrx_word' id='word_1_813' title='bbox 1549 2331 1702 2367; x_wconf 82' lang='lat' dir='ltr'><strong>consenuit,</strong></span> 
     </span>
    </p>
   </div>
   <div class='ocr_carea' id='block_1_103' title="bbox 905 2375 1703 2413">
    <p class='ocr_par' dir='ltr' id='par_1_103' title="bbox 905 2375 1703 2413">
     <span class='ocr_line' id='line_1_103' title="bbox 905 2375 1703 2413; baseline 0.003 -10"><span class='ocrx_word' id='word_1_814' title='bbox 905 2376 1072 2410; x_wconf 69' lang='lat' dir='ltr'><strong>resuscitate,</strong></span> <span class='ocrx_word' id='word_1_815' title='bbox 1107 2379 1136 2404; x_wconf 89' lang='lat' dir='ltr'><strong>et</strong></span> <span class='ocrx_word' id='word_1_816' title='bbox 1170 2376 1244 2404; x_wconf 87' lang='lat' dir='ltr'><strong>aliud</strong></span> <span class='ocrx_word' id='word_1_817' title='bbox 1276 2375 1366 2404; x_wconf 80' lang='lat' dir='ltr'><strong>facite.</strong></span> <span class='ocrx_word' id='word_1_818' title='bbox 1400 2375 1517 2405; x_wconf 89' lang='lat' dir='ltr'><strong>Proinde</strong></span> <span class='ocrx_word' id='word_1_819' title='bbox 1547 2376 1703 2413; x_wconf 89' lang='lat' dir='ltr'><strong>subjectum</strong></span> 
     </span>
    </p>
   </div>
   <div class='ocr_carea' id='block_1_104' title="bbox 905 2420 1704 2458">
    <p class='ocr_par' dir='ltr' id='par_1_104' title="bbox 905 2420 1704 2458">
     <span class='ocr_line' id='line_1_104' title="bbox 905 2420 1704 2458; baseline 0 -9"><span class='ocrx_word' id='word_1_820' title='bbox 905 2420 1018 2458; x_wconf 87' lang='lat' dir='ltr'><strong>quidem</strong></span> <span class='ocrx_word' id='word_1_821' title='bbox 1037 2420 1110 2449; x_wconf 90' lang='lat' dir='ltr'><strong>idem</strong></span> <span class='ocrx_word' id='word_1_822' title='bbox 1124 2425 1175 2455; x_wconf 80' lang='lat' dir='ltr'><strong>est,</strong></span> <span class='ocrx_word' id='word_1_823' title='bbox 1193 2421 1361 2457; x_wconf 84' lang='lat' dir='ltr'><strong>permutatio</strong></span> <span class='ocrx_word' id='word_1_824' title='bbox 1376 2426 1468 2449; x_wconf 85' lang='lat' dir='ltr'><strong>autem</strong></span> <span class='ocrx_word' id='word_1_825' title='bbox 1482 2425 1523 2449; x_wconf 90' lang='lat' dir='ltr'><strong>est</strong></span> <span class='ocrx_word' id='word_1_826' title='bbox 1544 2429 1655 2450; x_wconf 89' lang='lat' dir='ltr'><strong>morum</strong></span> <span class='ocrx_word' id='word_1_827' title='bbox 1677 2425 1704 2449; x_wconf 90' lang='lat' dir='ltr'><strong>et</strong></span> 
     </span>
    </p>
   </div>
   <div class='ocr_carea' id='block_1_105' title="bbox 905 2465 1703 2502">
    <p class='ocr_par' dir='ltr' id='par_1_105' title="bbox 905 2465 1703 2502">
     <span class='ocr_line' id='line_1_105' title="bbox 905 2465 1703 2502; baseline 0 -8"><span class='ocrx_word' id='word_1_828' title='bbox 905 2465 1014 2494; x_wconf 87' lang='lat' dir='ltr'><strong>mentis.</strong></span> <span class='ocrx_word' id='word_1_829' title='bbox 1031 2468 1068 2495; x_wconf 88' lang='lat' dir='ltr'><strong>At</strong></span> <span class='ocrx_word' id='word_1_830' title='bbox 1082 2466 1129 2502; x_wconf 91' lang='lat' dir='ltr'><strong>qui</strong></span> <span class='ocrx_word' id='word_1_831' title='bbox 1153 2465 1201 2494; x_wconf 83' lang='lat' dir='ltr'><strong>ﬁat</strong></span> <span class='ocrx_word' id='word_1_832' title='bbox 1224 2466 1275 2494; x_wconf 90' lang='lat' dir='ltr'><strong>ista</strong></span> <span class='ocrx_word' id='word_1_833' title='bbox 1304 2466 1464 2494; x_wconf 80' lang='lat' dir='ltr'><strong>renovatio?</strong></span> <span class='ocrx_word' id='word_1_834' title='bbox 1492 2467 1544 2494; x_wconf 84' lang='lat' dir='ltr'><strong>Per</strong></span> <span class='ocrx_word' id='word_1_835' title='bbox 1569 2466 1703 2502; x_wconf 90' lang='lat' dir='ltr'><strong>Spiritum</strong></span> 
     </span>
    </p>
   </div>
   <div class='ocr_carea' id='block_1_106' title="bbox 903 2510 1701 2547">
    <p class='ocr_par' dir='ltr' id='par_1_106' title="bbox 903 2510 1701 2547">
     <span class='ocr_line' id='line_1_106' title="bbox 903 2510 1701 2547; baseline -0.001 -8"><span class='ocrx_word' id='word_1_836' title='bbox 903 2515 1045 2545; x_wconf 76' lang='lat' dir='ltr'><strong>sanctum,</strong></span> <span class='ocrx_word' id='word_1_837' title='bbox 1062 2511 1108 2547; x_wconf 91' lang='lat' dir='ltr'><strong>qui</strong></span> <span class='ocrx_word' id='word_1_838' title='bbox 1133 2510 1238 2539; x_wconf 85' lang='lat' dir='ltr'><strong>habitat</strong></span> <span class='ocrx_word' id='word_1_839' title='bbox 1263 2511 1292 2538; x_wconf 92' lang='lat' dir='ltr'><strong>in</strong></span> <span class='ocrx_word' id='word_1_840' title='bbox 1307 2515 1400 2540; x_wconf 86' lang='lat' dir='ltr'><strong>mente</strong></span> <span class='ocrx_word' id='word_1_841' title='bbox 1428 2515 1522 2539; x_wconf 84' lang='lat' dir='ltr'><strong>nostra</strong></span> <span class='ocrx_word' id='word_1_842' title='bbox 1551 2520 1558 2537; x_wconf 83' lang='lat'><strong>:</strong></span> <span class='ocrx_word' id='word_1_843' title='bbox 1584 2511 1701 2547; x_wconf 88' lang='lat' dir='ltr'><strong>Spiritus</strong></span> 
     </span>
    </p>
   </div>
   <div class='ocr_carea' id='block_1_107' title="bbox 903 2555 1704 2592">
    <p class='ocr_par' dir='ltr' id='par_1_107' title="bbox 903 2555 1704 2592">
     <span class='ocr_line' id='line_1_107' title="bbox 903 2555 1704 2592; baseline -0.002 -8"><span class='ocrx_word' id='word_1_844' title='bbox 903 2557 1047 2585; x_wconf 89' lang='lat' dir='ltr'><strong>enimnon</strong></span> <span class='ocrx_word' id='word_1_845' title='bbox 1066 2555 1181 2584; x_wconf 89' lang='lat' dir='ltr'><strong>sustinet</strong></span> <span class='ocrx_word' id='word_1_846' title='bbox 1209 2556 1300 2592; x_wconf 88' lang='lat' dir='ltr'><strong>priora</strong></span> <span class='ocrx_word' id='word_1_847' title='bbox 1324 2560 1350 2584; x_wconf 88' lang='lat' dir='ltr'><strong>et</strong></span> <span class='ocrx_word' id='word_1_848' title='bbox 1373 2560 1463 2584; x_wconf 87' lang='lat' dir='ltr'><strong>vetera</strong></span> <span class='ocrx_word' id='word_1_849' title='bbox 1483 2563 1575 2592; x_wconf 83' lang='lat' dir='ltr'><strong>opera.</strong></span> <span class='ocrx_word' id='word_1_850' title='bbox 1617 2556 1704 2583; x_wconf 88' lang='lat' dir='ltr'><strong>Porro</strong></span> 
     </span>
    </p>
   </div>
   <div class='ocr_carea' id='block_1_108' title="bbox 904 2599 1700 2640">
    <p class='ocr_par' dir='ltr' id='par_1_108' title="bbox 904 2599 1700 2640">
     <span class='ocr_line' id='line_1_108' title="bbox 904 2599 1700 2640; baseline -0.006 -9"><span class='ocrx_word' id='word_1_851' title='bbox 904 2601 979 2640; x_wconf 87' lang='lat' dir='ltr'><strong>quod</strong></span> <span class='ocrx_word' id='word_1_852' title='bbox 1000 2601 1046 2636; x_wconf 87' lang='lat' dir='ltr'><strong>ait,</strong></span> <span class='ocrx_word' id='word_1_853' title='bbox 1068 2606 1110 2630; x_wconf 89' lang='lat' dir='ltr'><strong>est</strong></span> <span class='ocrx_word' id='word_1_854' title='bbox 1133 2600 1291 2638; x_wconf 86' lang='lat' dir='ltr'><strong>hujusmodi</strong></span> <span class='ocrx_word' id='word_1_855' title='bbox 1323 2609 1330 2628; x_wconf 93' lang='lat'>:</span> <span class='ocrx_word' id='word_1_856' title='bbox 1365 2600 1545 2629; x_wconf 85' lang='lat' dir='ltr'><strong>Renovamini</strong></span> <span class='ocrx_word' id='word_1_857' title='bbox 1568 2599 1700 2635; x_wconf 87' lang='lat' dir='ltr'><strong>spirituali</strong></span> 
     </span>
    </p>
   </div>
   <div class='ocr_carea' id='block_1_109' title="bbox 771 2716 1036 2758">
    <p class='ocr_par' dir='ltr' id='par_1_109' title="bbox 771 2716 1036 2758">
     <span class='ocr_line' id='line_1_109' title="bbox 771 2716 1036 2758; baseline 0 -12"><span class='ocrx_word' id='word_1_858' title='bbox 771 2716 863 2749; x_wconf 83' lang='lat' dir='ltr'><strong>Variae</strong></span> <span class='ocrx_word' id='word_1_859' title='bbox 871 2756 874 2758; x_wconf 28' lang='grc' dir='ltr'><strong>η</strong></span> <span class='ocrx_word' id='word_1_860' title='bbox 883 2717 1036 2749; x_wconf 81' lang='lat' dir='ltr'><strong>lectiones.</strong></span> 
     </span>
    </p>
   </div>
   <div class='ocr_carea' id='block_1_110' title="bbox 89 2773 872 2813">
    <p class='ocr_par' dir='ltr' id='par_1_110' title="bbox 89 2773 872 2813">
     <span class='ocr_line' id='line_1_110' title="bbox 89 2773 872 2813; baseline 0.009 -12"><span class='ocrx_word' id='word_1_861' title='bbox 89 2773 144 2792; x_wconf 66' lang='lat'><strong>7’“</strong></span> <span class='ocrx_word' id='word_1_862' title='bbox 167 2774 212 2812; x_wconf 77' lang='grc' dir='ltr'>μὶν</span> <span class='ocrx_word' id='word_1_863' title='bbox 235 2775 330 2808; x_wconf 62' lang='grc' dir='ltr'>ἐθνικὸς</span> <span class='ocrx_word' id='word_1_864' title='bbox 357 2783 397 2805; x_wconf 87' lang='lat' dir='ltr'><strong>m.</strong></span> <span class='ocrx_word' id='word_1_865' title='bbox 435 2775 457 2794; x_wconf 78' lang='lat'><em>&quot;</em></span> <span class='ocrx_word' id='word_1_866' title='bbox 469 2775 544 2804; x_wconf 69' lang='grc' dir='ltr'>αδτδν</span> <span class='ocrx_word' id='word_1_867' title='bbox 573 2774 709 2811; x_wconf 76' lang='grc' dir='ltr'>ἠκούσατε·</span> <span class='ocrx_word' id='word_1_868' title='bbox 733 2779 872 2813; x_wconf 75' lang='grc' dir='ltr'>τουτέστιν,</span> 
     </span>
    </p>
   </div>
   <div class='ocr_carea' id='block_1_111' title="bbox 901 2772 1704 2818">
    <p class='ocr_par' dir='ltr' id='par_1_111' title="bbox 901 2772 1704 2818">
     <span class='ocr_line' id='line_1_111' title="bbox 901 2772 1704 2818; baseline -0.01 -12"><span class='ocrx_word' id='word_1_869' title='bbox 901 2777 1081 2818; x_wconf 56' lang='grc' dir='ltr'><strong>ἐπᾳιδὴξαῦτδν</strong></span> <span class='ocrx_word' id='word_1_870' title='bbox 1111 2775 1259 2812; x_wconf 77' lang='grc' dir='ltr'>ἐδιδάχθητε</span> <span class='ocrx_word' id='word_1_871' title='bbox 1282 2783 1309 2805; x_wconf 91' lang='lat' dir='ltr'><strong>o.</strong></span> <span class='ocrx_word' id='word_1_872' title='bbox 1348 2773 1369 2792; x_wconf 58' lang='grc' dir='ltr'><strong>’ἀί</strong></span> <span class='ocrx_word' id='word_1_873' title='bbox 1382 2774 1502 2812; x_wconf 75' lang='grc' dir='ltr'>τοῦτόΙο.</span> <span class='ocrx_word' id='word_1_874' title='bbox 1538 2773 1560 2791; x_wconf 79' lang='grc'><strong>⁷⁸</strong></span> <span class='ocrx_word' id='word_1_875' title='bbox 1572 2772 1663 2807; x_wconf 74' lang='grc' dir='ltr'>νοήσῃς</span> <span class='ocrx_word' id='word_1_876' title='bbox 1676 2779 1704 2800; x_wconf 91' lang='grc' dir='ltr'>ο.</span> 
     </span>
    </p>
   </div>
   <div class='ocr_carea' id='block_1_112' title="bbox 55 2813 906 2857">
    <p class='ocr_par' dir='ltr' id='par_1_112' title="bbox 55 2813 906 2857">
     <span class='ocr_line' id='line_1_112' title="bbox 55 2813 906 2857; baseline -0.009 -11"><span class='ocrx_word' id='word_1_877' title='bbox 55 2813 74 2831; x_wconf 75' lang='grc'><strong>⁷⁷</strong></span> <span class='ocrx_word' id='word_1_878' title='bbox 85 2813 149 2852; x_wconf 69' lang='grc' dir='ltr'>ἡμᾶς</span> <span class='ocrx_word' id='word_1_879' title='bbox 158 2823 187 2845; x_wconf 89' lang='grc' dir='ltr'>ο.</span> <span class='ocrx_word' id='word_1_880' title='bbox 225 2815 250 2836; x_wconf 80' lang='grc'><strong>⁷⁸</strong></span> <span class='ocrx_word' id='word_1_881' title='bbox 261 2816 303 2844; x_wconf 70' lang='grc' dir='ltr'><strong>καὶ</strong></span> <span class='ocrx_word' id='word_1_882' title='bbox 315 2816 363 2854; x_wconf 75' lang='grc' dir='ltr'><strong>γὰρ</strong></span> <span class='ocrx_word' id='word_1_883' title='bbox 376 2816 443 2855; x_wconf 75' lang='grc' dir='ltr'>νόσῳ</span> <span class='ocrx_word' id='word_1_884' title='bbox 453 2825 480 2847; x_wconf 91' lang='lat' dir='ltr'><strong>o.</strong></span> <span class='ocrx_word' id='word_1_885' title='bbox 520 2817 542 2835; x_wconf 87' lang='grc'><strong>⁷⁹</strong></span> <span class='ocrx_word' id='word_1_886' title='bbox 553 2817 701 2850; x_wconf 76' lang='grc' dir='ltr'>ἄναζωῶσαι</span> <span class='ocrx_word' id='word_1_887' title='bbox 713 2826 740 2848; x_wconf 83' lang='grc' dir='ltr'>ο,</span> <span class='ocrx_word' id='word_1_888' title='bbox 783 2819 807 2839; x_wconf 76' lang='lat' dir='ltr'><strong>eo</strong></span> <span class='ocrx_word' id='word_1_889' title='bbox 817 2819 872 2857; x_wconf 62' lang='grc' dir='ltr'><strong>ιμὲν</strong></span> <span class='ocrx_word' id='word_1_890' title='bbox 888 2827 906 2850; x_wconf 83' lang='grc' dir='ltr'><strong>ο</strong></span> 
     </span>
    </p>
   </div>
  </div>
