1886 3082
171 119 237 145 1095

674 116 929 145 THEOPHYLACTI
949 115 1128 144 BULGARI/E
1146 115 1302 144 ARCHIEP.

1766 117 1837 143 109%

166 179 342 208 renovatione
368 179 395 206 in
419 182 509 208 mente
531 184 631 213 vestra,
660 179 708 207 sed
733 188 789 207 non
816 179 961 216 corporali,

1064 181 1187 210 ανεοῦσθε
1201 178 1384 216 πνευματικὴν
1407 177 1553 209 ἀνανέωσιν
1575 179 1604 208 ἐν
1620 179 1661 218 τῷ
1673 177 1720 208 νοΐ
1738 179 1837 216 ὓμέη,

167 228 195 252 et
207 224 235 252 in
244 232 359 260 corpore
372 223 451 252 facta.

205 270 294 298 Vens.
315 272 359 297 24.
399 281 410 294 σ
443 271 479 297 Et
507 269 609 298 induite
638 277 741 298 novum
768 269 920 297 hominem.
948 280 960 292 ιτ

169 314 264 342 Viden‘
285 313 440 351 subjectum
459 314 531 342 idem
550 323 617 349 esse,
640 323 738 351 nempe
760 314 833 350 quod
856 307 977 342 exuitur.

168 363 196 387 et
211 359 349 387 induitur?
366 359 525 388 indumenta
551 365 643 388 autem
659 360 742 393 varia,
767 364 862 395 utpote
877 359 963 387 virtus

171 409 198 432 et
227 403 348 432 vitium?
368 406 408 433 Ut
429 405 501 433 enim
523 405 584 433 exui
605 409 631 432 et
642 404 729 437 indui,
750 404 828 432 facile
841 408 883 432 est
901 413 908 430 :
925 403 963 431 sic

170 453 198 477 et
213 449 308 477 vitium
327 454 355 477 et
376 449 470 484 virtus,
497 449 597 477 facilira
616 453 689 483 sunt,
714 449 735 477 si
766 449 890 477 velimus.
910 449 964 476 Cur

169 501 234 522 vero
260 494 401 522 hominem
413 494 531 531 appellat
562 494 668 528 vitium,
686 499 714 522 et
736 494 864 522 eumdem
880 493 964 521 virtu-

170 540 251 575 temf?
264 540 401 576 Quoniam
419 547 451 568 ex
477 539 604 575 operibus
616 543 729 567 notatur
748 539 832 567 homo
854 548 860 566 :
881 543 964 575 atque

169 583 229 612 haec
246 593 304 613 non
328 585 418 612 minus
441 592 525 620 quam
546 588 643 612 natura
668 583 790 612 indicant
811 583 964 616 hominem,

169 629 226 658 sive
243 629 330 658 bonus
348 630 404 657 sive
424 629 513 657 malus
534 629 578 656 sit.
595 629 690 657 Novus
709 628 793 664 igitur
808 627 891 655 homo
912 633 963 661 est,

174 674 223 710 qui
244 682 276 702 ex
301 674 461 710 baptismate
480 679 596 702 novatus
615 678 666 707 est,
695 673 742 709 qui
767 677 794 701 et
817 672 897 701 fortis
906 680 965 700 esse

173 717 263 753 debet,
278 719 335 747 sine
349 719 431 756 rugis,
448 723 476 746 et
494 727 574 747 sanus
601 727 606 746 :
629 717 687 746 hanc
709 718 781 746 enim
796 717 888 746 omnia
902 721 967 745 sunt

166 771 283 799 iuvenis.

208 862 221 875 -
241 850 293 885 Qui
313 849 467 879 secundum
488 851 578 878 Deum
603 853 709 878 creatus
729 852 769 877 est
784 848 810 876 in
821 848 924 885 justitia
937 851 964 877 et
981 850 1005 882 Β

170 895 315 923 sanctitate
341 894 476 922 veritatis.
503 906 514 918 υ
538 896 602 928 Iste,
623 894 721 930 inquit,
754 893 837 921 homo
858 898 966 921 creatus

169 944 220 974 est,
245 948 301 967 non
331 939 483 968 secundum
510 939 681 976 cupiditates,
707 938 755 966 sed
778 950 790 963 ‹‹
813 937 966 966 secundum

170 986 273 1019 Deum,
294 997 307 1009 ι
328 984 380 1012 hoc
393 988 434 1013 est
446 993 462 1012 a
485 985 542 1012 Deo
553 988 604 1017 est,
619 988 743 1012 creatura
758 983 818 1011 talis
833 991 895 1019 qua:
907 985 964 1011 Deo

169 1029 267 1066 placet,
286 1029 313 1057 in
336 1029 513 1065 baptismate,
534 1037 588 1057 non
604 1037 635 1056 ex
651 1036 721 1064 aqua
736 1033 762 1056 et
776 1033 858 1062 terra,
873 1028 919 1056 sed
935 1027 963 1055 in

165 1074 272 1110 justitia
295 1079 322 1102 et
340 1074 495 1102 sanctitate.
517 1075 583 1102 Haec
604 1074 677 1101 enim
706 1073 818 1109 hujusce
846 1073 964 1101 hominis

170 1123 235 1148 sunt
247 1119 409 1147 substantia.
425 1119 534 1147 Iustitia
550 1118 632 1154 igitur
645 1118 728 1146 virtus
741 1122 781 1145 est
795 1118 962 1152 universalis,

171 1163 408 1200 quemadmodum
440 1164 524 1192 etiam
554 1163 674 1191 solemus
698 1163 775 1190 illum
787 1163 896 1199 justum
919 1171 965 1199 ap-

175 1209 285 1246 pellare,
296 1208 342 1244 qui
356 1209 499 1245 inculpata:
512 1208 574 1236 vita:
586 1213 636 1235 est.
650 1207 805 1244 Quinetiam
819 1207 962 1242 Dominus,

174 1254 200 1290 «ξ
209 1253 278 1288 Nisi,
303 1265 315 1277 ιι
335 1253 430 1290 inquit,
455 1265 468 1278 ιι
495 1253 673 1281 abundaverit
684 1253 786 1289 justitia
803 1257 890 1281 vestra
907 1253 967 1288 plus

177 1306 261 1334 quam
283 1298 484 1326 Pharisaeorum
513 1305 538 1331 k;
565 1309 577 1321 υ
604 1305 718 1326 onmem
737 1297 811 1326 enim
838 1297 965 1325 virtutem

172 1343 217 1371 hic
238 1343 311 1372 dicit.
338 1344 476 1371 Sanctitas
499 1347 592 1371 autem
617 1343 719 1379 puritus
737 1347 787 1376 est,
804 1347 884 1378 atque
897 1342 966 1370 adeo

170 1389 274 1425 implen
313 1395 396 1416 omne
419 1387 555 1416 debitum.
596 1386 837 1422 Quemadmodum
875 1391 902 1415 et
934 1386 968 1415 de

171 1433 287 1461 mortuis
309 1433 481 1461 sanctitatem
508 1432 633 1466 dicimus,
657 1432 766 1468 quando
792 1431 891 1468 aliquis
917 1431 968 1460 de-

170 1477 238 1512 bita,
254 1478 310 1506 sive
331 1478 405 1513 justa
426 1477 458 1505 iis
481 1477 640 1513 persolverit
661 1487 666 1504 :
693 1482 729 1511 et,
757 1476 966 1512 Ἀςιωςιιιυσάμην⁹

1017 224 1076 254 ἀλλ’
1091 225 1119 254 οὐ
1129 223 1284 263 σωματικὴν
1295 224 1341 253 καὶ
1357 225 1384 253 ἐν
1395 223 1501 262 σώματι
1515 222 1672 262 γινομένην.

1063 280 1076 297 (ί
1091 268 1147 299 Καὶ
1172 268 1316 298 ἐνδύσασθε
1341 268 1385 298 τὸν
1400 269 1490 298 καινὸν
1520 269 1678 306 ἄνθρωπον.
1711 280 1728 295 τι
1748 266 1839 306 Ὁρᾷς

1019 313 1103 343 ὅτιτὸ
1130 312 1302 352 ὑποκείμενον
1322 313 1350 343 ἕν
1380 314 1452 352 ἐστι,
1471 313 1502 343 τὸ
1518 313 1683 352 ἐκδυόμενον
1711 313 1763 341 καὶ
1794 315 1836 341 ἐν·

1020 359 1159 397 δυόμενον·
1184 358 1219 388 τὰ
1245 359 1273 387 δὲ
1299 358 1434 397 ἐνδύματα
1466 358 1596 398 διάφορα,
1623 358 1795 393 τουτέστιν,
1819 360 1834 391 ἡ

1019 403 1100 434 κακία
1115 404 1161 432 καὶ
1193 406 1210 439 ἡ
1238 402 1336 443 ἀρετή;
1356 402 1467 442 ⁰¹Ωσπερ
1496 403 1547 442 γὰρ
1573 402 1604 432 τὸ
1631 402 1834 432 ἀποδύσασθαι

1019 449 1065 478 καὶ
1086 448 1244 478 ἐνδύσασθαι
1271 448 1377 489 ῥᾴδιον,
1391 448 1461 478 οὕτω
1474 447 1520 477 καὶ
1540 448 1624 477 κακία
1652 447 1703 476 καὶ
1727 447 1832 486 ἀρετὴ,

1019 493 1065 523 ἐὰν
1078 493 1242 531 θελήσωμεν.
1267 492 1318 523 Διὰ
1333 493 1359 522 τί
1383 493 1411 522 δὲ
1434 493 1571 532 ἄνθρωπον
1595 493 1677 521 καλεῖ
1705 491 1762 526 τὴν
1784 504 1833 520 iu-

1019 538 1079 568 κίαν
1091 561 1099 575 ,
1111 538 1156 568 καὶ
1177 537 1316 578 ἄνθρωπον
1332 537 1379 574 τὴν
1395 537 1507 577 ἁρετήν;
1525 535 1592 568 "Ou
1608 539 1642 566 ἐκ
1667 538 1726 566 τῶν
1747 536 1833 575 ἔργωα

1020 582 1245 623 χαρακτηρίζεται
1259 585 1272 612 ὁ
1288 583 1440 622 ἄνθρωπος,
1466 582 1511 612 καὶ
1531 584 1581 622 οὐχ
1614 578 1703 617 ἧττον
1728 582 1834 622 φύσεως

1020 632 1104 658 ταῦτα
1129 627 1274 657 δεικνύουσι
1299 627 1344 657 τὸν
1371 627 1527 667 ἄνθρωπον,
1552 629 1606 656 εἴτε
1630 627 1763 665 ἀγαθὸν,
1780 627 1832 655 εἴτε

1020 673 1145 713 πονηρόν,
1163 673 1262 706 Καινὸς
1276 667 1321 702 οὖν
1337 674 1490 712 ἄνθρωπος,
1513 674 1527 701 ὁ
1547 671 1644 713 νέοςιδ
1661 672 1695 700 ἐκ
1708 673 1761 701 τοῦ
1782 674 1830 710 βα-

1021 711 1188 756 πτίσματος,
1213 717 1240 751 ὃς
1266 717 1310 746 καὶ
1338 711 1442 758 ἰσχυρὸς
1473 716 1570 756 ὀφείλει
1597 711 1685 754 εἶναι,
1712 716 1764 745 καὶ

1023 763 1096 797 τίδας
1109 763 1148 802 μὴ
1170 763 1253 804 ἔχων,
1273 762 1320 791 καὶ
1335 762 1445 801 ὕγιεινός
1457 773 1464 780 ·
1490 764 1575 791 ταῦτα
1607 761 1663 801 γὰρ
1698 761 1795 790 πάντα
1806 760 1827 779 ⁵⁸

1020 807 1090 838 νέου.

1061 865 1077 881 α
1092 852 1146 884 Τὸν
1171 852 1242 882 κατὰ
1269 852 1338 883 Θεὸν
1363 851 1501 882 κτισθέντα
1529 852 1555 881 ἐν
1585 850 1756 890 δικαιοσύνῃ
1784 850 1830 880 καὶ

1019 898 1136 934 ὁσιότητι
1148 900 1195 934 τῆς
1210 897 1335 933 ἀληθείας
1349 898 1388 928 ⁸².
1404 910 1415 923 ι
1429 893 1515 930 Οἷτος
1528 919 1536 935 ,
1557 896 1639 937 φησὶν
1651 920 1660 934 ,
1689 898 1704 925 ὃ
1723 897 1829 935 ἄνθρω-

1019 955 1066 977 πος
1084 943 1205 979 ἐκτίσθη,
1229 943 1257 972 οὐ
1273 943 1344 972 κατὰ
1369 941 1416 975 τὰς
1430 941 1587 980 ἐπιθυμίας,
1613 940 1688 970 ἀλλὰ
1714 956 1728 968 ι
1758 941 1829 970 κατὰ

1019 988 1088 1018 Θεόν
1099 999 1106 1005 ·
1120 1000 1133 1016 ι
1152 987 1298 1023 τουτέστιν,
1319 987 1370 1016 ὑπὸ
1385 989 1456 1018 Θεοῦ
1479 987 1565 1016 κτίσιν
1589 981 1769 1023 τοιαύτην,ᾗ
1786 987 1829 1014 εὖ-

1018 1037 1168 1072 αρεστεῖται
1178 1032 1257 1068 Θεὸς,
1269 1033 1295 1062 ἓν
1355 1031 1530 1073 κολυμϐήθρα
1539 1054 1547 1067 ,
1562 1032 1611 1060 οὖκ
1622 1030 1650 1065 ἐξ
1667 1031 1771 1063 ὕδατος
1784 1032 1828 1059 καὶ

1018 1079 1084 1117 γῆς,
1102 1077 1160 1107 ἀλλ’
1178 1087 1192 1106 (ι
1206 1078 1232 1106 ἐν
1248 1077 1403 1116 δικαιοσύνῃ
1419 1076 1465 1106 καὶ
1481 1076 1612 1112 ὁσιότητι.
1631 1090 1642 1102 -
1657 1077 1764 1105 Ταῦτα
1776 1076 1827 1114 γὰρ

1019 1126 1035 1158 ἡ
1047 1122 1121 1153 οὐσία
1139 1125 1184 1152 τοῦ
1200 1121 1318 1152 τοιούτου
1347 1121 1496 1161 ἀνθρώπου.
1514 1121 1680 1156 Δικαιοσύνη
1705 1120 1760 1159 μὲν
1784 1117 1827 1150 οὖν

1019 1167 1090 1196 ἐστιν
1105 1170 1122 1203 ἡ
1137 1166 1249 1196 καθόλου
1265 1165 1344 1206 ἀρετὴ
1355 1188 1363 1202 ,
1386 1165 1478 1205 ὥσπερ
1500 1165 1545 1195 καὶ
1561 1165 1698 1204 εἰώθαμεν
1725 1166 1829 1195 δίκαιον

1019 1212 1156 1250 ὀνομάζειν
1179 1211 1223 1241 τὸν
1251 1212 1442 1246 ἀνεπίληπτον.
1460 1210 1514 1240 Καὶ
1546 1212 1560 1240 ὁ
1584 1209 1688 1250 Κύριος
1702 1221 1709 1228 ·
1730 1221 1747 1239 α
1763 1209 1829 1240 Ἐὰν

1021 1255 1058 1294 μὴ
1086 1255 1247 1296 περισσεύσῃ
1272 1258 1289 1291 ἡ
1305 1255 1460 1291 δικαιοσύνη
1478 1256 1551 1294 ὑμῶν
1570 1255 1664 1284 πλεῖον
1692 1256 1750 1284 τῶν
1765 1255 1828 1284 Φα-

1023 1301 1130 1340 ρισαίων
1144 1301 1170 1320 ⁸³
1181 1309 1188 1317 ⁶
1204 1313 1220 1329 ι)
1236 1299 1285 1337 τὴν
1304 1299 1356 1340 γὰρ
1368 1304 1458 1329 πᾶσαν
1481 1299 1578 1340 ἀρετὴν
1593 1300 1714 1329 ἐνταῦθά
1730 1311 1824 1339 φησιν.

1021 1345 1146 1381 (Οσιότης
1159 1346 1187 1375 δὲ
1210 1347 1227 1382 ἡ
1249 1344 1415 1385 καθαρότης,
1432 1344 1478 1374 καὶ
1501 1345 1531 1373 τὸ
1545 1345 1695 1384 πληρῶσαι
1716 1349 1773 1373 πᾶν
1796 1345 1825 1373 τὸ

1022 1390 1207 1430 ὀφειλόμενον·
1240 1390 1306 1420 καθὸ
1332 1389 1443 1429 λέγομεν
1471 1390 1517 1418 καὶ
1547 1389 1594 1418 ἐπὶ
1620 1390 1675 1418 τῶν
1706 1391 1826 1429 νεκρῶν,

1022 1435 1069 1470 τὴν
1097 1434 1192 1471 ὁσίαν,
1225 1434 1288 1464 ὅταν
1314 1446 1353 1467 τις
1382 1434 1415 1463 τὰ
1454 1433 1614 1474 ὀφειλόμενα
1656 1434 1702 1462 ἐπ’
1738 1434 1829 1466 αὐτοῖς

1024 1479 1184 1519 πληρώσῃ⁸⁴
1194 1502 1202 1516 ,
1217 1479 1262 1508 καὶ
1284 1478 1331 1516 τὸ,
1347 1478 1571 1519 Ἀφωσιωσάμην.
1595 1477 1679 1509 Ἐπεὶ
1696 1478 1726 1507 δὲ
1739 1480 1786 1508 καὶ
1802 1481 1828 1508 ἐν

171 1522 224 1550 hoc
237 1527 287 1557 est,
309 1521 499 1558 Expiationem
521 1521 580 1549 feci.
602 1521 670 1556 Quia
700 1529 763 1550 vero
781 1526 808 1550 et
833 1522 860 1549 in
879 1523 961 1549 Veter

1078 1525 1187 1565 Παλαιᾷ
1209 1524 1313 1563 ἐλέγετο
1337 1523 1512 1562 δικαιοσύνη,
1539 1523 1619 1562 φησὶν
1653 1522 1696 1552 ὅτι
1717 1523 1829 1554 Ἐκεὶνι

171 1569 346 1595 Testamento
363 1566 467 1602 justitia
492 1565 642 1599 dicebatur,
673 1566 744 1594 illam
770 1565 850 1602 hujus
885 1565 968 1594 fuisse

172 1612 286 1648 ﬁguram
305 1610 434 1639 affirmat.
471 1612 530 1647 Ego
549 1615 643 1638 autem
668 1610 716 1638 tibi
740 1610 773 1638 de
797 1610 919 1638 veritatis
942 1614 970 1638 et

171 1655 311 1692 Evangelii
335 1655 442 1692 justitia
473 1655 572 1691 loquor
608 1664 615 1682 :
641 1655 681 1682 vel
705 1654 732 1682 in
766 1654 968 1691 oppositionem

171 1700 282 1737 iustitiae
302 1699 448 1734 simulatae,
469 1700 603 1736 justitiam
631 1699 751 1728 veritatis
765 1699 840 1727 dixit.
855 1700 969 1728 Creatus

173 1749 215 1773 est
235 1743 344 1781 quidem
368 1744 452 1772 homo
479 1745 528 1772 iste
551 1744 577 1772 in
593 1743 754 1780 baptismate
777 1744 969 1780 perjustitiam

172 1794 201 1818 et
214 1790 384 1818 sanctitatem
405 1800 412 1817 ε
432 1794 541 1826 oportet
562 1794 654 1818 autem
677 1789 766 1826 ipsum
784 1794 812 1817 et
833 1798 907 1818 nunc
923 1798 971 1825 per

172 1836 257 1864 vitam
275 1839 303 1863 et
323 1843 405 1872 opera
428 1835 550 1863 induere.
575 1835 692 1870 Quando
719 1839 813 1863 autem
836 1835 971 1864 audiveris

172 1881 297 1917 induere,
321 1880 406 1917 402
426 1880 463 1908 ita
481 1880 600 1917 intellige
619 1885 649 1909 ut
667 1888 806 1916 nunquam
828 1879 970 1916 deponas;

172 1931 203 1955 ut
229 1934 263 1955 eo
293 1925 354 1954 loco
380 1936 386 1954 :
422 1925 547 1961 «:lnduit
578 1925 809 1959 maledictionem,
839 1929 970 1960 tanquam

171 1971 302 2008 pallium!
317 1979 326 1999 ε
344 1981 358 1995 ν
371 1974 399 1999 et
416 1982 428 1995 α
447 1969 682 1999 Amictuslumine
692 1981 726 1998 ιιι.
742 1982 753 1993 ιι
766 1969 968 1998 Consuevimus

171 2017 257 2045 etiam
270 2015 371 2050 dicere,
387 2015 438 2043 Hic
453 2014 530 2043 illum
546 2014 649 2043 induit.

206 2062 297 2089 Vens.
308 2062 353 2088 25.
366 2071 380 2085 (ι
394 2060 553 2094 Propterea,
565 2058 689 2095 deposito
705 2059 857 2094 mendacio,
874 2058 963 2095 loqui-

174 2106 242 2133 mini
279 2105 422 2133 veritatem
453 2105 623 2141 unsquisque
663 2110 725 2132 cum
757 2104 883 2140 proximo
910 2112 969 2138 suo,

1023 1573 1067 1600 τοῦ
1080 1569 1161 1599 τύπου
1186 1564 1267 1604 ἦσαν.
1287 1568 1361 1607 Ἐγὼ
1377 1569 1405 1598 δέ
1427 1580 1468 1598 σοι
1488 1567 1536 1604 τὴν
1562 1569 1612 1604 τῆς
1630 1568 1763 1604 ἀληθείας
1784 1569 1831 1598 καὶ

1023 1619 1068 1644 τοῦ
1090 1613 1252 1653 Εὖαγγελίου
1268 1614 1349 1653 φημί.
1366 1612 1403 1643 Ἦ
1431 1613 1495 1653 πρὸς
1510 1613 1720 1653 ἀντιδιαστολὴν
1736 1615 1785 1648 τῆς
1800 1615 1828 1642 ἐν

1024 1659 1144 1700 σχήματι
1166 1658 1211 1688 καὶ
1235 1652 1373 1699 ὑποκρίσει
1400 1652 1583 1700 δικαιοσύνηςΙ,
1611 1652 1671 1687 εἶπε
1702 1657 1754 1694 τὴν
1783 1660 1829 1693 τῆς

1024 1698 1162 1740 ἀληθείας.
1191 1702 1317 1739 Ἐκτίσθη
1334 1702 1381 1740 μὲν
1402 1698 1475 1736 οὗτος
1499 1705 1513 1732 ὁ
1530 1702 1670 1742 ἄνθρωπος
1686 1703 1714 1731 ἐν
1729 1705 1769 1742 τῷ
1781 1705 1828 1742 βα-

1024 1749 1154 1786 πτίσματι
1167 1747 1210 1777 διὰ
1225 1747 1401 1785 ξδικαιοσύνης
1416 1747 1463 1777 καὶ
1482 1747 1619 1783 ὁσιότητος
1633 1757 1639 1764 ⁸
1664 1747 1828 1777 ἐνδύσασθαι

1025 1793 1052 1822 δὲ
1078 1793 1157 1822 αὐτὸν
1176 1793 1215 1822 δεῖ
1232 1792 1277 1822 καὶ
1291 1794 1336 1822 νῦν
1362 1791 1406 1822 διὰ
1433 1794 1478 1821 τοῦ
1504 1792 1562 1831 βίου
1577 1793 1624 1821 καὶ
1649 1794 1704 1821 τῶν
1731 1792 1826 1832 ἔργων.

1024 1837 1113 1868 ’Όταν
1129 1838 1156 1867 δὲ
1170 1837 1285 1876 ἀκούσῃς
1300 1837 1345 1874 τὸ,
1370 1836 1539 1874 ἐνδύσασθαι,
1551 1837 1580 1866 τὸ
1603 1836 1742 1875 μηδέποτε
1760 1839 1828 1866 ἀπο-

1025 1882 1116 1912 θέσθαι
1138 1881 1189 1912 νόει
1207 1893 1214 1900 ο
1229 1883 1264 1915 ὥς
1276 1881 1324 1918 τὸ,
1341 1895 1353 1908 ι
1371 1881 1533 1912 Ἐνεδύσατο
1558 1882 1681 1922 κατάραν
1708 1884 1745 1915 ὡς
1760 1883 1826 1920 ἱμά-

1025 1938 1095 1956 τιονο
1111 1940 1124 1953 ιι
1136 1926 1193 1962 καὶ,
1214 1938 1229 1955 α
1245 1926 1280 1956 Ὁ
1297 1925 1520 1967 περιϐαλλόμενος
1538 1927 1603 1967 φῶς.
1625 1937 1640 1955 α
1655 1926 1710 1956 Καὶ
1726 1927 1824 1956 εἰώθα-

1026 1983 1073 2010 μεν
1085 1971 1182 2011 λέγειν.
1201 1970 1237 2001 Ὁ
1250 1972 1321 2000 δεῖνα
1339 1971 1382 2001 τὸν
1398 1971 1470 2000 δεῖνα
1487 1970 1638 2002 ἐνεδύσατο.

1068 2069 1083 2085 α
1100 2057 1148 2087 Διὸ
1159 2057 1317 2096 ἀποθέμενοι
1333 2056 1361 2086 τὸ
1375 2057 1485 2098 ψεῦδος,
1498 2058 1604 2087 λαλεῖτε
1620 2056 1749 2093 ἀλήθειαν
1764 2057 1826 2087 ἔκα-

1026 2113 1086 2135 στος
1100 2102 1168 2140 μετὰ
1189 2106 1235 2132 τοῦ
1262 2102 1376 2138 πλησίον
1397 2104 1494 2138 αὓτοῦ,
1521 2101 1561 2131 ὅτι
1593 2102 1671 2140 ἐσμὲν
1700 2102 1825 2138 ἀλλήλων

172 2151 301 2187 quoniam
316 2158 411 2179 sumus
438 2149 553 2178 invicem
577 2150 710 2178 membra.
739 2161 751 2174 ν
773 2151 842 2177 Cum
860 2157 961 2185 genera

1064 2148 1104 2182 λη.
1121 2160 1133 2173 υ
1147 2146 1250 2183 Εἰπὼν,
1265 2161 1276 2172 α
1290 2148 1345 2177 Τὸν
1354 2146 1466 2177 παλαιὸν
1475 2147 1626 2186 ἄνθρωπον,
1639 2161 1649 2171 ιι
1661 2148 1822 2183 καθολικῶς,

173 2197 223 2224 tim
238 2196 335 2225 veteris
357 2195 479 2225 hominis
499 2195 670 2223 mentionem
692 2194 810 2229 fecisset,
839 2194 972 2230 deinceps

172 2242 312 2278 speciatim
345 2249 393 2278 per
425 2245 515 2277 partes
544 2249 609 2269 eum
636 2240 774 2274 describit,
815 2247 848 2267 ac
882 2240 972 2275 primo

173 2287 347 2316 mendacium
373 2291 490 2320 resecat,
519 2285 593 2322 quod
620 2285 650 2312 fit
667 2285 738 2313 inter
758 2292 810 2312 nos
834 2283 972 2319 invicem;

173 2339 321 2366 causasque
334 2330 447 2359 adducit
460 2352 468 2362 ,
480 2330 551 2365 quod
564 2329 682 2366 proximi
694 2329 765 2357 inter
776 2337 826 2357 nos
835 2329 932 2362 simus,
947 2333 975 2356 et

175 2375 250 2412 quod
283 2375 375 2411 majus
417 2379 467 2409 est,
506 2374 696 2410 majoremque
730 2373 809 2402 nobis
841 2373 974 2410 pudorem

173 2420 320 2454 suffundit,
358 2419 431 2456 quod
463 2419 532 2447 alter
569 2419 679 2447 alterius
716 2419 841 2447 membra
873 2419 974 2453 simus;

175 2465 287 2503 perinde
302 2465 378 2501 quasi
398 2464 450 2492 hoc
474 2465 546 2493 dicat
573 2474 579 2492 :
606 2464 746 2500 Numquid
766 2464 861 2492 oculus
881 2463 976 2491 videns

175 2515 342 2539 venenatum
361 2509 471 2542 animal,
491 2508 623 2536 mentitur
645 2508 778 2536 adversus
797 2507 903 2543 pedem,
923 2516 972 2536 nee

175 2555 288 2592 eonjicit
297 2563 362 2584 eum
375 2555 405 2582 in
418 2554 514 2590 fugam
527 2553 595 2582 PVel
611 2561 674 2582 cum
690 2551 856 2589 profundam
870 2552 971 2581 fossam

175 2600 226 2630 sub
264 2600 361 2629 culmis
402 2607 433 2628 ac
465 2603 539 2627 terra
567 2598 689 2626 abditam
724 2605 770 2634 pes
814 2597 971 2633 explorarit,

211 2657 226 2676 κ
239 2659 340 2688 Matth.
359 2667 388 2693 v,
403 2662 429 2687 2.
467 2656 560 2687 lPsal.
578 2664 670 2693 cvm,
687 2659 731 2686 18.

779 2658 800 2673 ¹¹¹
809 2656 883 2686 Psal.
897 2664 966 2690 cm.
980 2659 1007 2686 l.

1025 2190 1116 2220 λοιπὸν
1143 2191 1188 2220 καὶ
1210 2191 1281 2221 κατὰ
1305 2191 1383 2233 μέρος
1405 2191 1483 2222 αὐτὸν
1501 2191 1664 2231 ὑπογράφει·
1683 2192 1732 2221 καὶ
1749 2194 1822 2231 πρῶ-

1026 2247 1070 2265 τον
1085 2235 1115 2266 τὸ
1140 2237 1235 2276 ψεῦδος
1261 2237 1406 2267 ἀποκόπτει
1422 2236 1452 2266 τὸ
1468 2235 1532 2277 πρὸς
1550 2237 1695 2272 ἀλλήλους·
1715 2237 1762 2266 καὶ
1778 2237 1822 2270 τὰς

1027 2281 1112 2314 αἰτίας
1139 2281 1251 2320 ἐπάγει,
1276 2280 1318 2311 ὅτι
1331 2293 1360 2311 τε
1385 2281 1499 2317 πλησίον
1524 2280 1604 2318 ἐσμὲν
1619 2281 1763 2319 ἀλλήλων,
1778 2282 1821 2311 καὶ

1029 2325 1058 2355 τὸ
1074 2327 1161 2364 μεῖζον
1187 2326 1233 2356 καὶ
1254 2325 1510 2367 ἐντριπτικώτερον,
1534 2327 1575 2355 ὅτι
1600 2325 1725 2362 ἀλλήλων
1755 2327 1821 2366 μέλη

1029 2370 1128 2408 ἐσμέν.
1157 2371 1192 2404 ὡς
1213 2370 1244 2399 ἂν
1260 2372 1283 2400 εἰ
1298 2373 1374 2401 τοῦτο
1396 2370 1498 2410 λέγων·
1521 2370 1568 2406 Μὴ
1596 2371 1734 2410 ὀρθαλμὸς
1761 2371 1822 2401 ἰδὼν

1030 2414 1118 2455 θηρίον
1135 2413 1261 2455 ψεύδεται
1276 2415 1342 2455 πρὸς
1357 2415 1400 2445 τὸν
1415 2415 1485 2445 πόδα
1495 2438 1504 2452 ,
1518 2415 1563 2445 καὶ
1584 2416 1613 2445 οὗ
1629 2416 1737 2446 δίδωσιν
1749 2417 1820 2456 αὐτῷ

1031 2464 1138 2500 φυγεῑν;
1157 2459 1195 2490 Ἦ
1211 2459 1273 2490 ὃταν
1293 2460 1396 2500 ὄρυγμα
1417 2460 1484 2500 βαθὺ
1499 2460 1549 2490 ὑπὸ
1572 2460 1701 2499 καλάμων
1717 2461 1765 2490 καὶ
1776 2463 1821 2500 γῆς

1026 2505 1249 2541 ὖποκαλύπτηται
1263 2504 1301 2542 ⁸⁵,
1329 2505 1374 2535 καὶ
1402 2505 1579 2544 δοκιμάζηται
1602 2505 1646 2534 διὰ
1659 2505 1685 2523 ⁸⁵
1709 2508 1755 2535 τοῦ
1770 2517 1816 2535 πο-

1026 2549 1078 2586 δὸς,
1099 2549 1137 2588 μὴ
1163 2549 1288 2590 ψεύδεται
1311 2551 1325 2579 ὁ
1341 2551 1420 2587 ποῖος,
1437 2549 1483 2579 καὶ
1498 2550 1546 2579 οὐκ
1560 2549 1725 2589 ἀπαγγέλλει
1743 2552 1782 2590 τῷ
1791 2552 1816 2580 ὀ-

1028 2595 1157 2635 φθαλμῷ,
1178 2593 1223 2624 ἵνα
1249 2594 1361 2635 ἑτέρωσε
1387 2594 1430 2634 ἴδῃ
1451 2593 1496 2625 καὶ
1521 2594 1585 2635 εὕρῃ
1606 2594 1739 2635 πάροδοη
1762 2595 1817 2636 fni

857 2737 868 2748 η
877 2709 973 2740 Variae
993 2709 1144 2742 lectiones.

209 2765 228 2783 ³³
244 2766 341 2797 πάντως
352 2773 379 2794 o.
416 2763 440 2782 "
453 2764 497 2792 καὶ
507 2762 609 2800 ἀληθείᾳ
623 2771 649 2792 ο.
689 2763 711 2782 ⁸³
724 2764 889 2801 γραμματέων
906 2771 932 2793 ο,
961 2763 994 2782 ’⁸⁵
1005 2757 1073 2800 αύτῷ
1087 2763 1175 2802 τελέσῃ
1190 2772 1221 2794 ο.
1262 2763 1496 2802 ’διεπικαλῦπτηται
1510 2773 1538 2794 o.
1576 2764 1598 2782 ⁸⁵
1609 2764 1658 2794 ὑπὸ
1671 2774 1698 2795 ο,

1884 801 1886 914 l
