1886 3082
46 159 54 185 l
60 157 106 185 097

450 154 626 184 EXPOSITIO
644 156 677 184 IN
696 156 799 184 EPIST.
820 157 866 184 AD
888 157 1005 187 EPHES.
1024 173 1061 180 —
1080 159 1156 188 CAP.
1176 160 1219 188 IV.

1602 163 1671 191 i098

43 219 123 251 ἁπλῶς
149 215 326 247 ἕπὶ⁷πάντων
356 216 387 246 τὸ
411 217 476 246 αὐτὸ
502 217 629 257 εὑρήσεις,
653 218 748 252 Οὕτως
774 213 818 248 οὖν
833 221 851 252 Α

911 220 1011 256 ιωᾳυὶἀ
1040 221 1172 249 mentitur
1200 230 1257 258 pes,
1288 230 1377 258 neque
1408 223 1488 251 oculo
1514 224 1668 259 denuntiat,

42 263 84 293 καὶ
105 265 178 300 ἡμεῖς
198 259 235 298 μὴ
258 260 414 300 ψευδώμεθα
440 262 505 302 πρὸς
531 262 555 282 ⁸⁷
583 263 723 299 ἀλλήλους·
752 263 820 302 μέλη

41 308 86 348 γάρ
100 309 176 345 ἐσμεν
189 305 244 339 ἑνὸς
265 305 388 344 σώματος
400 306 436 335 ⁸⁸.

80 454 92 471 (ι
110 441 270 481 Ὀργίζεσθε,
294 441 340 471 καὶ
357 441 394 480 μὴ
418 442 592 482 ἁμαρτάνετε.
609 458 620 470 ι
641 439 720 474 Εἴπω
742 456 756 473 (ι
771 446 819 482 Μὴ

39 487 162 528 ψεύδεσθε.
179 497 194 515 1)
213 486 293 517 Ἐπεὶ
312 482 356 516 οὖν
372 488 500 529 πολλάκις
511 489 564 517 ἀπὸ
579 489 688 529 ψεύδους
704 490 820 519 τίκτεται

40 527 106 573 ὂργὴ,
129 531 218 569 φησὶν,
242 532 281 561 δτι
299 531 388 562 Καλὸν
404 531 452 570 μὲν
468 527 500 568 ἦν
523 527 644 571 μηδόλως
663 534 819 573 ὀργίζεσθαι·

39 578 88 608 ἐπεὶ
111 577 136 606 δὲ
154 576 261 612 συνέϐη,
280 576 331 606 κᾶν
354 576 391 614 μὴ
412 577 477 617 πρὸς
499 578 632 618 ἁμαρτίαν
650 578 778 618 ἐξαχθῆτε
795 580 820 597 ⁸9

39 623 64 652 ἐκ
77 623 117 652 τοῦ
132 620 253 660 ἀμέτρως
267 621 422 661 χρήσασθαι
436 624 470 660 τῇ
494 622 569 662 ὀργῇ.
585 622 663 656 Τινὲς
683 623 710 652 δέ
727 636 819 663 φασιν,

37 666 72 696 ὅτι
91 666 136 704 μία
161 666 348 706 ἀναμάρτητος
371 667 447 706 ὀργὴ,
475 669 492 702 ἠ
516 668 580 707 πρὸς
605 667 665 702 τοὺς
694 668 820 707 δαίμονας

38 711 77 740 καὶ
98 710 128 739 τὰ
146 710 228 747 πάθη,
257 711 289 746 ἢν
318 711 463 750 εἰσηγεῖται
487 713 551 750 ἡμῖν
571 713 684 742 ἐνταῦθα
713 714 727 742 ὁ
755 715 820 748 θεῖος

38 754 189 788 Ἀπόστολος.

75 857 87 875 (ι
112 845 145 876 Ὁ
168 845 242 881 ἥλιος
274 846 312 884 μὴ
341 846 470 876 ἐπιδυέτω
498 846 542 876 ἐπὶ
575 848 613 887 τῷ
642 849 817 887 παροργισμῷ

38 892 110 929 ὑμῶν.
134 901 148 919 n
172 891 220 926 Μὴ
237 891 415 930 παραμενέτω
437 903 490 928 σοι,
520 892 610 931 φησὶν,
637 893 680 921 ἐπὶ
701 892 768 922 πολὺ
791 894 821 924 τὸ

37 935 120 972 πάθος,
137 936 203 972 μηδὲ
228 935 383 965 καταλιπὼν
405 938 472 974 ὓμᾶς
488 938 502 966 ὁ
522 936 596 972 ἥλιος
611 936 719 977 ἐχθροὺς
735 938 818 968 ἀπέλ-

36 982 73 1019 οῃ,
100 980 200 1018 μήποτε
236 980 281 1010 καὶ
312 980 405 1021 φανείη
433 980 546 1015 ἀναξίοις
581 982 744 1022 ἐπιλάμψας·
777 983 822 1012 καὶ

36 1024 94 1062 ἅμα.
108 1024 201 1063 μήπως
227 1028 244 1061 ἡ
265 1024 310 1059 νὺξ
333 1025 413 1054 πλέον
429 1024 567 1065 ἀνακαῦσῃ
582 1026 612 1055 τὸ
629 1029 682 1066 π’ῦρ
707 1027 750 1056 διὰ
770 1029 822 1057 τῶν

36 1071 129 1099 ἐννοιῶν
138 1093 146 1106 ,
161 1070 207 1099 καὶ
224 1069 367 1104 ἐπιϐουλὰς
381 1070 545 1110 συσκευάσῃ.

75 1171 85 1182 κ
101 1159 145 1194 Μὴ
161 1159 248 1188 δίδοτε
263 1160 342 1189 τόπον
357 1161 396 1199 τῷ
417 1160 544 1201 διαϐόλῳ.
566 1174 577 1187 ν
593 1160 635 1190 Τὸ
651 1161 784 1197 ἀλλήλους
795 1161 822 1180 ³ο

37 1203 165 1240 πολεμεῖν,
180 1204 260 1234 τοῦτό
274 1205 330 1234 ἐστι
347 1204 427 1234 τόπον
443 1204 542 1234 διδόναι
555 1207 593 1246 τῷ
609 1205 734 1246 διαϐόλῳ.
749 1204 822 1240 Ἕως

35 1246 80 1286 γὰρ
104 1248 134 1277 ἂν
159 1243 234 1287 ὦμεν
265 1248 400 1287 ἡνωμένοι
425 1249 470 1278 καὶ
505 1250 725 1289 πεπυκνιιιμένοι,
752 1251 824 1281 οὐδὲν

37 1291 160 1331 ἐπεισάγει
183 1296 238 1323 τῶν
253 1295 349 1323 ἑαυτοῦ
363 1296 473 1330 ἐκεῖνος,
499 1294 545 1324 ἅτε
571 1295 608 1333 μὴ
633 1295 761 1335 εὑρίσκων
778 1295 824 1325 τό-

36 1347 87 1364 πον·
110 1338 217 1368 ἐπειδὰν
244 1337 271 1367 δὲ
287 1338 350 1379 εὕρῃ
378 1338 518 1368 διάστασίν
544 1351 602 1368 τινα
629 1341 656 1368 ἐν
674 1343 752 1379 ἡμῖν,
767 1340 826 1370 τότε

37 1382 67 1413 ὡς
79 1381 155 1412 τόπον
171 1381 269 1423 εδρὼν,
295 1383 482 1423 παρεμϐάλλει
500 1383 546 1419 1τὴν
561 1384 680 1424 κεφαλὴν
695 1387 730 1419 ὡς
753 1385 823 1426 ὄφις,

37 1425 76 1454 καὶ
93 1431 136 1457 τοῦ
156 1429 254 1458 λοιποῦ
273 1427 362 1458 πάντα
385 1428 430 1458 τὸν
447 1428 525 1458 ὁλκὸν
546 1432 592 1459 τοῦ
619 1429 742 1468 σώματος
764 1441 824 1460 συν.

37 1470 174 1509 εῳέλκεται.

75 1574 85 1588 ι
102 1561 134 1592 ’0
149 1562 274 1593 κλέπτων
290 1562 387 1601 μηκέτι
411 1563 556 1593 κλεπτέτω.
576 1576 590 1592 ιι
608 1563 692 1605 Ὁρᾷς
707 1563 741 1593 τὰ
757 1564 826 1602 μέλη

40 1608 80 1634 τοῦ
98 1608 214 1636 παλαιοῦ
235 1608 385 1647 ἀνθρώπου.
409 1609 511 1649 ψεῦδος,
536 1610 711 1646 μνησικακία,
728 1610 827 1649 κλοπ-ἥς

36 1651 88 1679 Οὖκ
103 1647 161 1681 εἷπε
179 1652 207 1682 δὲ
219 1675 225 1686 ,
248 1647 443 1687 Κολαζέσθωγὸ
462 1653 601 1690 κλέπτων,
620 1653 700 1690 ἀλλὰ,
718 1647 826 1691 Στήτω,

35 1695 105 1735 φησὶ,
121 1699 166 1726 τοῦ
186 1699 284 1727 κακοῦ.
302 1697 407 1727 Ἐκεῖνο
430 1697 477 1735 μὲν
493 1698 545 1737 γὰρ
560 1700 613 1727 τῶν
630 1698 680 1732 ἔξω
703 1699 829 1734 δικαστη-

35 1739 106 1778 ρίων,
125 1744 203 1772 τοῦτο
227 1742 255 1770 δὲ
279 1743 326 1777 τῆς
347 1745 394 1772 τοῦ
421 1744 538 1782 Χριστοῦ
562 1743 744 1776 διδασκαλίας.
773 1745 829 1773 Ποῧ

34 1784 59 1813 δέ
82 1786 144 1815 εἰσιν
168 1787 192 1816 οἱ
206 1786 348 1825 λεγόμενοι
372 1788 502 1827 Καθαροὶ,
523 1788 546 1817 οἱ
562 1787 644 1827 ῥύπου
668 1788 766 1820 παντὸς
791 1790 829 1828 τῷ

34 1829 84 1858 ὄντι
101 1830 221 1871 πλήρεις,
239 1832 265 1860 οἱ
282 1831 331 1866 τὴν
353 1832 497 1869 μετάνοιαν
521 1833 703 1871 ἀναιροῦντεςς
721 1832 829 1862 Ἀκουέ-

35 1885 118 1903 τωσαν
142 1875 193 1916 γὰρ
218 1874 260 1904 ὅτι
285 1875 355 1905 ἔστιν
378 1877 565 1906 ἀποδύσασθαι
583 1876 613 1906 τὸ
640 1876 773 1916 ἔγκλημα,
800 1878 829 1906 οὗ

35 1918 107 1955 μόνον
133 1921 285 1956 ἀποστῆναι
304 1921 327 1939 ⁹¹
346 1923 391 1950 τοῦ
411 1921 616 1961 ἁμαρτήματος,
639 1921 708 1951 ἀλλὰ
732 1921 777 1951 καὶ
800 1923 830 1951 τὸ

36 1964 125 2002 ἀγαθόν
139 1976 164 1994 τι
180 1964 345 2005 ἐργάζεσθαι.
362 1965 455 1996 Ἄκουε
471 1964 522 2006 γὰρ
536 1968 582 1996 τοῦ
598 1965 667 2001 ἑξῆς·

70 2111 82 2124 ι
97 2099 212 2129 Μᾶλλον
230 2098 258 2129 δὲ
280 2099 411 2136 κοπιάτω,
427 2101 599 2140 ἐργαζόμενος
613 2100 644 2130 τὸ
659 2101 757 2140 ἀγαθὸν
773 2105 830 2134 ταῖς

33 2142 130 2181 χερσὶν,
143 2143 189 2172 ἵνα
205 2143 258 2184 ἔχῃ
276 2145 446 2182 μεταδιδόναι
468 2146 506 2185 τῷ
518 2144 610 2185 χρείαν
633 2145 733 2185 ἔχοντι.
750 2156 765 2174 ι)
789 2146 830 2176 Οὖ

32 2186 80 2226 γὰρ
101 2189 178 2227 ἀρκεῖ
202 2188 359 2218 παύσασθαι
378 2191 424 2224 τῆς
447 2189 594 2229 ἁμαρτίας,
617 2190 687 2219 ἀλλὰ
712 2190 758 2219 καὶ
782 2189 831 2226 τὴν

33 2231 150 2262 ἐναντίαν
181 2234 266 2269 αὐτῆς
296 2233 354 2263 ὁδὸν
385 2235 530 2272 μετελθεῖν.
569 2234 668 2274 Πρώην
699 2234 834 2275 εἰργάζετο

31 2276 59 2305 τὸ
74 2277 175 2314 κακόν;
190 2281 238 2308 νῦν
256 2279 406 2318 ἐργαζέσθω
427 2279 457 2308 τὸ
473 2279 579 2317 ἀγαθόν’
598 2279 643 2308 καὶ
658 2279 708 2319 οὐχ
732 2279 832 2316 ἁπλῶς,

32 2321 98 2350 ἀλλὰ
117 2322 188 2360 μετὰ
210 2323 302 2352 κόπου·
319 2323 376 2362 ἅμα
396 2324 454 2362 μὲν,
470 2323 514 2353 ἵνα
535 2324 666 2364 συντρίψῃ
688 2324 718 2354 τὸ
741 2325 831 2362 σῶμα,

31 2365 60 2394 τὸ
82 2366 146 2405 πρὶν
165 2367 222 2397 ἀπὸ
245 2369 293 2403 τῆς
318 2368 412 2408 ἀργίας
435 2368 468 2398 τὰ
489 2370 561 2398 κακὰ
587 2368 752 2407 μεμαθηκός·
778 2369 836 2408 ἅμα

33 2409 71 2446 δὲ,
97 2409 143 2439 ἵνα
165 2412 373 2452 δαψιλεστέρως
400 2413 450 2452 ἔχῃ
472 2413 532 2446 τοὺς
556 2415 604 2449 τῆς
630 2415 697 2448 ζωῆς
725 2413 837 2452 τρόπους

32 2454 76 2484 καὶ
93 2456 194 2495 πόρους
211 2456 250 2495 ⁸³,
267 2456 313 2486 καὶ
329 2458 464 2498 μεταδιδῷ
478 2457 524 2487 καὶ
535 2458 634 2494 ἄλλοις,
653 2459 709 2488 ἄνθ’
723 2453 760 2488 ὧν
774 2457 836 2498 πρὶν

32 2499 64 2544 τὰ
80 2502 135 2530 τῶν
152 2501 246 2531 ἄλλων
269 2503 406 2542 ὕφῃρεῖτο,
421 2505 465 2531 νῦν
481 2502 584 2542 ἑτέρους
608 2504 764 2544 εὐεργετῶν.
782 2505 839 2534 Βα-

33 2543 87 2580 ϐαὶ,
111 2547 170 2579 πῶς
196 2546 326 2586 ἀγγέλους
347 2547 418 2577 ποιεῖ
431 2547 461 2576 τὸ
482 2547 649 2587 Εὖαγγέλιον
663 2547 723 2582 τοὺς
745 2548 839 2588 σχεδὸν

34 2589 164 2628 δαίμονας
175 2591 183 2620 ε

77 2686 92 2705 α
110 2676 171 2710 Πᾶς
196 2676 276 2716 λόγος
297 2678 398 2718 σαπρὸς
424 2679 454 2708 ἐκ
478 2679 523 2707 τοῦ
546 2678 679 2717 στόματος
701 2679 776 2717 ἱμῶν
801 2678 840 2717 μὴ

875 270 905 294 ut
915 265 968 294 alio
980 266 1009 294 in
1026 266 1086 295 loco
1099 266 1248 302 conspiciat
1264 271 1347 303 atque
1368 267 1489 297 inveniat
1502 270 1670 298 transitum?

874 311 915 337 Ac
931 310 1089 347 simpliciter
1107 311 1135 338 in
1147 311 1273 338 omnibus
1289 311 1362 339 idem
1374 312 1495 341 invenies
1526 315 1606 343 Hunc
1628 314 1664 343 ad

874 355 990 383 modum
1020 360 1048 384 et
1077 364 1128 383 nos
1148 364 1204 384 non
1231 356 1408 391 mentiamur,
1439 366 1528 394 neque
1546 357 1671 388 fallamus

874 400 943 427 alter
959 402 1076 428 alterum
1092 411 1097 428 :
1111 401 1235 429 membra
1245 401 1318 429 enim
1330 409 1425 429 sumus
1438 403 1518 430 unius
1530 403 1666 439 corporis.

910 446 999 473 Vnus.
1025 448 1070 474 26.
1099 446 1286 478 «irascimini.
1306 450 1334 474 et
1348 455 1383 474 ne
1407 448 1534 482 peccetis.
1562 460 1574 472 ιι
1595 449 1672 476 Ilien-

873 489 982 518 (lacium
1010 491 1131 526 primum
1154 491 1248 524 vetuit,
1279 495 1307 519 et
1329 491 1391 526 quia
1413 499 1608 527 saapenumero
1638 501 1672 520 ex

874 534 1018 562 mendacio
1035 535 1075 562 ira
1089 535 1217 572 gignitur,
1242 535 1298 563 ait:
1318 536 1426 564 Bonum
1449 537 1561 572 quidem
1578 537 1672 566 fuisset

874 579 987 606 omnino
1014 587 1071 607 non
1100 579 1182 607 irasci
1213 587 1219 605 :
1247 580 1289 607 sin
1323 584 1416 608 autem
1449 581 1605 617 contigerit,
1637 581 1672 610 ad

874 628 1017 659 peccatum
1042 628 1136 652 tamen
1159 632 1192 652 ex
1210 624 1396 653 immoderato
1419 625 1468 654 irae
1493 634 1546 654 usu
1569 625 1672 656 deferri

873 668 967 696 nolite.
979 669 1110 696 Nonnulli
1136 673 1293 698 asseverant
1315 678 1401 698 unam
1427 679 1486 699 esse
1509 671 1581 700 iram
1610 679 1673 708 quin

873 721 928 741 non
945 718 1056 749 peccet;
1071 718 1165 750 utpote
1179 722 1241 750 quae
1255 715 1290 742 sit
1310 714 1458 744 adversum
1480 715 1624 745 demones
1645 721 1673 746 et

873 766 970 794 pravos
979 759 1062 786 animi
1070 763 1171 792 motus,
1182 759 1217 787 ad
1225 767 1308 796 quam
1323 768 1373 788 nos
1384 760 1436 788 hoc
1447 761 1476 789 in
1486 761 1548 790 loco
1560 762 1672 791 divinus

871 802 1034 831 adhortatur
1045 804 1202 839 Apostolus.

912 860 923 872 ις
941 848 985 876 Sol
1002 856 1059 876 non
1084 848 1192 876 occidat
1216 857 1298 885 super
1314 849 1484 878 iracundiam
1506 856 1637 880 vestram.
1656 863 1669 876 ν

875 893 916 920 Ne
941 897 1098 928 perseveret
1122 893 1196 929 apud
1220 898 1247 921 te
1275 893 1378 922 diutius
1404 902 1484 930 (equo
1521 895 1671 925 iracundiae

876 934 1001 969 affectus,
1022 943 1111 970 neque
1126 936 1165 963 sol
1178 944 1193 963 a
1207 936 1284 964 vobis
1297 936 1421 964 hostibus
1434 937 1546 966 relictus
1559 943 1586 966 et
1600 947 1671 966 non-

877 979 943 1007 dum
968 979 1149 1008 reconciliatis
1179 981 1268 1015 abeat,
1303 989 1339 1009 ne
1369 980 1440 1009 forte
1464 982 1557 1010 lumen
1596 983 1673 1011 vobis

876 1024 994 1061 indignis
1018 1024 1166 1060 praebuisse
1180 1024 1306 1053 videatur
1321 1035 1327 1052 :
1343 1025 1423 1053 simul
1438 1027 1530 1060 etiam,
1561 1035 1596 1056 ne
1616 1036 1672 1056 nox

878 1069 1069 1097 vehementius
1096 1069 1229 1098 accendat
1243 1069 1333 1106 ignem
1348 1078 1398 1107 per
1420 1071 1608 1108 cogitationes,
1633 1073 1673 1101 in-

874 1113 1009 1150 sidiasque
1018 1118 1105 1150 paret.

910 1160 999 1187 Vsns.
1020 1161 1062 1186 27.
1087 1170 1100 1183 ι
1117 1160 1157 1187 Ne
1170 1158 1240 1187 detis
1267 1159 1358 1188 locum
1375 1159 1496 1189 diabolo.
1523 1173 1536 1186 ν
1553 1163 1629 1190 Inter
1644 1171 1674 1191 se

876 1208 974 1231 mutuo
1003 1211 1138 1239 pugnare,
1165 1204 1239 1232 istud
1267 1209 1309 1232 est
1338 1205 1430 1233 locum
1458 1205 1525 1234 dare
1553 1206 1674 1236 diabolo.

881 1249 951 1276 Nam
979 1248 1112 1284 tantisper
1145 1248 1213 1276 dum
1245 1249 1349 1277 unitate
1375 1250 1515 1286 conjuncti
1542 1250 1675 1280 fuerimus

881 1297 963 1329 atque
980 1292 1152 1327 condensati,
1167 1293 1234 1321 nihil
1252 1293 1297 1322 ille
1307 1301 1422 1323 suorum
1454 1295 1600 1324 adversum
1625 1305 1677 1325 nos

880 1337 1040 1373 introducit,
1068 1346 1117 1366 ceu
1138 1347 1195 1366 non
1219 1338 1361 1367 inveniens
1388 1339 1491 1368 locum.
1516 1343 1555 1368 At
1580 1349 1677 1377 quam-

880 1382 1001 1418 primum
1027 1382 1251 1411 animadverterit
1282 1383 1481 1413 dissensionem
1511 1385 1583 1414 inter
1614 1394 1675 1422 nos,

880 1432 940 1455 tum
968 1435 1019 1455 ceu
1045 1428 1157 1456 invento
1185 1428 1256 1463 loco,
1281 1434 1365 1466 caput
1387 1438 1469 1458 suum
1497 1430 1679 1467 subintrojicit

881 1472 1016 1508 serpentis
1039 1471 1134 1507 instar,
1153 1481 1185 1500 ac
1211 1472 1340 1510 deinceps
1359 1482 1473 1503 omnem
1499 1476 1596 1512 reliqui
1615 1484 1678 1504 cor-

881 1516 956 1553 poris
972 1521 1092 1545 tractum
1107 1518 1247 1546 contrahit
1260 1526 1364 1547 secum.

916 1563 1002 1590 Vens.
1026 1565 1072 1590 28.
1090 1573 1102 1586 α
1116 1562 1168 1597 Qui
1182 1562 1334 1598 furabatur,
1357 1564 1415 1599 jam
1442 1573 1499 1594 non
1518 1565 1637 1594 furetur.
1665 1577 1678 1590 ι

882 1607 1086 1636 Animadvertis
1103 1607 1229 1636 membra
1244 1609 1344 1637 veteris
1359 1609 1487 1645 hominis,
1505 1610 1682 1639 mendacium

883 1657 959 1688 puta,
975 1651 1103 1680 vindicta
1122 1652 1313 1688 cupiditatem,
1336 1652 1439 1682 furtum
1472 1657 1484 1683 Ρ
1521 1656 1585 1684 Non
1613 1655 1682 1685 dixit

883 1702 985 1731 autem,
1016 1697 1151 1725 Puniatur
1171 1697 1217 1733 qui
1236 1696 1339 1726 furtum
1363 1697 1513 1728 committit
1542 1710 1548 1727 :
1571 1699 1631 1734 sed,
1657 1701 1683 1728 Α

883 1741 968 1776 malo,
994 1741 1094 1777 inquit,
1109 1741 1232 1770 desistat.
1249 1742 1320 1771 Illud
1337 1744 1412 1772 enim
1427 1744 1462 1772 ad
1476 1744 1568 1773 forum
1590 1750 1683 1774 exter-

885 1794 962 1820 num,
976 1786 1029 1814 hoc
1041 1791 1132 1814 autem
1146 1787 1181 1814 ad
1196 1786 1351 1816 doctrinam
1369 1788 1552 1817 Christianam
1565 1794 1681 1825 spectat.

883 1830 939 1859 Ubi
959 1835 1025 1858 sunt
1047 1835 1141 1858 autem
1169 1831 1216 1866 qui
1231 1830 1315 1867 403
1339 1832 1448 1860 Cathari
1462 1832 1602 1866 dicuntur,
1618 1842 1683 1862 cum

884 1882 978 1902 revera
999 1875 1075 1902 omni
1098 1874 1222 1902 sordium
1247 1883 1347 1911 genere
1384 1876 1439 1904 sint
1462 1876 1567 1910 referti,
1595 1878 1684 1914 paeni-

883 1919 998 1946 tentiam
1012 1918 1167 1947 auferentes
1178 1918 1319 1948 PAudiant
1329 1920 1403 1948 enim
1413 1920 1487 1957 quod
1496 1921 1576 1950 liceat
1582 1930 1684 1951 exuere

883 1972 993 1998 noxam,
1009 1968 1037 1992 et
1054 1972 1111 1992 non
1135 1963 1252 1992 soluma
1278 1969 1391 2001 peccato
1417 1965 1560 2001 desistere,
1582 1975 1683 1995 verum

885 2009 967 2036 etiam
997 2008 1063 2037 boni
1085 2008 1187 2045 aliquid
1209 2009 1325 2046 operari.
1347 2009 1421 2038 Audi
1437 2011 1512 2039 enim
1535 2011 1612 2048 quod
1637 2019 1683 2040 se-

883 2053 986 2090 quitur.

921 2110 934 2122 «
964 2098 1050 2135 Magis
1075 2103 1169 2128 autem
1191 2099 1298 2128 laboret
1319 2100 1460 2136 operando
1481 2101 1608 2130 manibus
1629 2101 1684 2130 suis

884 2143 960 2178 quod
974 2143 1079 2171 bonum
1098 2148 1148 2179 est,
1168 2148 1199 2172 ut
1210 2143 1310 2172 habeat
1331 2145 1403 2174 unde
1421 2146 1525 2175 tribuat
1539 2146 1686 2176 necessita~

885 2192 942 2216 tem
972 2188 1094 2224 patienti.
1126 2200 1138 2213 υ
1166 2189 1229 2217 Non
1259 2190 1333 2218 enim
1360 2191 1426 2219 satis
1462 2196 1504 2220 est
1527 2200 1542 2220 a
1571 2196 1685 2228 peccato

889 2233 1040 2269 quiescere,
1064 2233 1114 2261 sed
1134 2234 1269 2262 contraria
1299 2234 1323 2263 ei
1349 2235 1391 2263 via
1413 2240 1455 2264 est
1479 2236 1616 2272 adeunda,
1645 2237 1687 2266 di-

889 2285 999 2306 versum
1018 2278 1053 2305 ab
1066 2286 1099 2306 eo
1115 2278 1319 2307 conficiendum
1334 2279 1395 2308 iter.
1412 2282 1501 2309 Antea
1521 2281 1687 2317 operabatur

888 2323 1015 2350 malum?
1024 2323 1082 2358 jam
1097 2331 1171 2351 nunc
1185 2329 1315 2360 operetur
1328 2324 1433 2353 bonum
1447 2335 1453 2353 :
1473 2333 1565 2362 neque
1578 2325 1606 2355 id
1621 2328 1688 2355 sim-

889 2367 1005 2403 pliciter,
1035 2375 1132 2396 verum
1159 2376 1225 2396 cum
1252 2368 1357 2403 labore,
1386 2370 1489 2406 partim
1517 2370 1630 2406 quidem
1658 2376 1690 2400 ut

890 2416 1016 2440 conterat
1034 2419 1144 2448 corpus,
1159 2413 1236 2449 quod
1247 2418 1327 2441 antea
1348 2422 1381 2442 ex
1398 2419 1512 2451 torpore
1526 2416 1599 2444 mala
1618 2416 1688 2445 didi-

892 2461 967 2484 cerat
1007 2465 1015 2484 :
1048 2465 1115 2485 vero
1150 2461 1181 2485 ut
1216 2457 1347 2494 largiores
1375 2458 1475 2487 habeat
1505 2459 1569 2488 vitae
1598 2468 1690 2489 mores

893 2506 921 2529 et
932 2501 1085 2530 facultates.
1102 2502 1143 2530 Ac
1163 2502 1302 2538 impertiat
1317 2503 1400 2531 etiam
1420 2504 1488 2539 aliis,
1512 2504 1558 2533 ubi
1574 2506 1690 2534 antehac

892 2546 980 2574 aliena
990 2547 1156 2582 sublegerat,
1165 2547 1224 2582 jam
1234 2547 1294 2575 aliis
1303 2547 1513 2577 beneficentiam
1523 2549 1688 2577 exhibendo.

893 2592 970 2619 Deus
990 2592 1074 2619 bone!
1101 2596 1132 2619 ut
1146 2592 1324 2628 Evangelium
1346 2600 1394 2621 eos
1415 2593 1480 2622 facit
1500 2593 1621 2629 angelos,
1642 2593 1690 2630 qui

895 2635 951 2664 fere
964 2635 1106 2664 diemones
1116 2635 1240 2665 fuerant.

932 2681 1023 2709 Vans.
1040 2682 1084 2709 29.
1111 2692 1123 2705 α
1149 2681 1249 2710 Omnis
1268 2689 1359 2710 sermo
1382 2683 1473 2711 malus
1490 2690 1521 2711 ex
1535 2689 1583 2710 ore
1599 2685 1689 2709 vestro

753 2743 848 2772 Varia;
870 2741 1024 2772 lectiones.

71 2803 93 2821 ⁸⁷
108 2803 143 2834 εἰς
159 2811 186 2831 0.
230 2803 251 2821 ⁸⁸
265 2808 310 2832 10-3
324 2805 400 2832 αὐτοῦ
413 2806 528 2842 σώματος
541 2814 579 2834 In.
617 2805 638 2823 ⁸⁹
653 2805 796 2841 ἔξενεχθῆτε
812 2813 837 2834 0.

180 2849 304 2878 Ρλτκοι..
324 2851 378 2880 Gn.
399 2851 507 2879 CXXIV.

877 2804 899 2822 9°
913 2803 1034 2837 ἀλλήλοις
1046 2810 1072 2830 0.
1113 2803 1133 2822 ³⁸
1149 2804 1178 2832 τδ
1189 2803 1278 2838 στῆναι
1292 2813 1319 2834 o.
1357 2805 1379 2823 ³³
1392 2807 1435 2832 τοῦ
1446 2806 1500 2842 βίου
1515 2807 1598 2841 πόρους
1612 2811 1637 2831 ο.

1480 2853 1514 2880 35
