1886 3082
32 206 87 231 1101

449 202 622 230 EXPOSlTlO
644 202 675 228 1N
697 198 802 227 EPIST.
824 198 868 224 AD
889 199 1006 226 EI’llES.
1028 215 1061 218 —
1081 201 1155 228 CAP.
1177 202 1209 227 V.

1593 203 1662 230 1102

31 266 92 304 pirus,
109 263 150 293 καὶ
172 264 259 303 ἄφανῆ
284 263 328 293 καὶ
343 263 540 303 ἒνὸομυχοῖσαν
561 264 609 299 τὴν
627 263 721 293 κακίαν
744 265 806 291 ὑπο·
823 275 831 293 λ

910 270 954 290 em
968 262 1130 297 clanculum,
1148 263 1292 290 obscuram
1308 267 1336 291 et
1350 263 1517 292 reconditam
1528 265 1659 292 malitiam

29 312 160 348 τηροῦντες·
185 308 229 337 διὰ
258 310 335 338 τοῦτο
360 310 517 347 προσέθηκε,
550 321 564 338 α
591 308 645 339 Σὺν
670 308 743 347 πάσῃ
761 319 809 336 κα-

30 354 78 394 κίᾳ,
98 365 110 381 ν
126 353 253 391 τουτέστι,
268 353 314 383 καὶ
330 358 412 393 μικρᾷ
429 354 474 382 καὶ
491 354 606 394 μεγάλῃ.

66 410 78 426 ιι
94 397 194 428 Γίνεσθε
210 397 238 426 δὲ
255 399 290 431 εἷς
315 398 446 434 ἀλλήλους
469 400 592 438 χρηστοὶ,
618 398 808 437 εὔσπλαγχνοι,

30 443 182 483 χαριζόμενοι
207 443 320 475 ἑαυτοῖς.
344 453 359 471 ι)
390 442 469 472 Ἐπεὶ
493 442 520 472 δὲ
546 444 593 472 οὐκ
618 444 693 482 ἀρκεῖ
717 445 732 478 ἡ
757 443 808 470 τῶν

28 489 106 516 κακῶν
131 486 218 526 ἀποχή
245 487 310 526 πρὸς
328 487 358 516 τὸ
380 489 470 526 τυχεῖν
495 489 542 522 τ’ἧς
567 488 716 527 βασιλείας,
741 486 809 515 ἀλλὰ

29 532 61 560 δεῖ
81 530 121 560 καὶ
142 533 189 566 τῆς
212 533 264 560 τῶν
285 532 391 570 ἀγαθῶν
413 532 536 572 ἐργασίας
564 534 596 570 (εἰ
617 532 666 571 γὰρ
692 532 809 572 ἐλλείψο-

30 588 69 614 μεν
83 577 162 616 ἀγαθῇ
186 575 280 615 πράξει
301 576 325 612 ³,
342 577 378 609 εἰς
394 577 499 616 γέενναν
516 576 674 616 ριπτόμεθα,
698 577 747 605 κᾶν
773 576 810 614 μὴ

29 621 98 650 κακὸν
122 620 274 659 πράξαιμεν,
303 622 338 654 ὡς
367 621 445 656 δῆλον
477 622 530 650 ἀπὸ
560 623 665 650 πολλῶν
698 624 724 650 ἐν
759 625 811 653 τοῖς

30 665 184 703 Εὐαγγελίοις
233 665 275 694 διὰ
292 667 369 694 τοῦτο
383 667 397 694 ὁ
420 667 525 699 Παῦλος
547 665 580 694 τὰ
595 667 680 705 φαῦλα
702 665 810 696 ἀνελὼν,

30 710 66 737 ἐπὶ
86 709 131 744 τὴν
147 711 199 738 τῶν
215 710 320 748 ἀγαθῶν
339 710 465 749 ἐργασίαν
487 712 652 749 παρακαλεῖ,
675 711 721 739 καί
738 721 810 750 φησι·

33 769 42 781 ιι
58 755 156 785 Γίνεσθε
177 756 300 795 χρηστοὶ,
322 769 335 783 n
352 757 416 794 πρὸς
440 757 640 792 ἀντιδιαστολὴν
662 759 709 792 τῆς
723 757 811 795 ὁργῆς

33 812 43 828 ιι
58 799 242 840 εὔσπλαγχνοι,
268 811 282 829 ι)
307 800 372 840 πρὸς
399 800 599 836 ἀντιδιαστολῆν
626 804 672 836 τῆς
697 800 811 840 πικρίας·

33 845 219 885 «χαριζόμενοι
242 846 355 881 ἑαυτοῖς,
387 856 401 874 ι)
431 846 559 882 τουτέστι,
592 846 810 884 συγ-γνωμονικοὶ,

28 890 128 923 καὶτοῖς
150 890 348 930 ἁμαρτάνουσιν
374 891 504 930 ἀψιέντες,
528 890 591 930 πρὸς
614 890 831 932 ἀντιδιαστολήνγ

910 892 973 920 liam
996 892 1118 920 inclinati

27 936 67 970 τῆς
80 933 167 967 κακίας
181 935 227 963 καὶ
245 934 428 974 βλασφημίας.

63 990 75 1006 ιι
93 978 185 1012 Καθὼς
199 979 244 1008 καὶ
261 981 275 1008 ὁ
290 979 358 1013 θεὸς
376 979 521 1019 ἐχαρίσατο
540 982 603 1018 ἡμῖν
625 980 630 998 ⁵
657 981 682 1008 ἑν
704 981 811 1020 Χριστῷ

25 1023 111 1059 Ἰησοῦ.
127 1038 136 1049 ι
160 1023 274 1060 Ἐπειδὴ
290 1025 533 1064 δυσωπητικώτερα
547 1024 580 1053 τὰ
595 1025 811 1064 παραδείγματα,

26 1069 62 1096 τὸν
85 1067 150 1098 Θεὸν
171 1068 289 1108 παράγει
304 1070 339 1101 εἰς
366 1069 525 1108 ὑπόδειγμα.
554 1069 606 1098 Καὶ
626 1068 741 1104 ἠδύνατο
764 1068 812 1107 μὲν

27 1113 111 1149 εἰπεῖν,
134 1111 173 1141 ὅτι
201 1115 215 1141 ὁ
242 1113 309 1146 Θεὸς
335 1109 416 1142 εἶπεν·
447 1126 458 1139 ιι
489 1112 583 1153 Ἄφετε
609 1114 655 1143 καὶ
680 1115 812 1153 ἀφεθήσε-

26 1159 63 1185 σθε
77 1158 97 1175 δ’
114 1168 127 1185 ι
144 1157 217 1192 πλὴν
237 1158 296 1187 ἐπεὶ
318 1159 370 1191 τοῖς
387 1158 528 1195 μέλλουσιν
546 1159 687 1188 ἀπιστοῦσι
708 1158 811 1195 πολλοὶ,

25 1200 54 1229 τὰ
77 1203 254 1241 προγεγονότα
278 1202 394 1242 παράγει
420 1203 455 1235 εἰς
478 1203 508 1232 τὸ
536 1203 629 1241 μέσον,
654 1204 701 1232 καί
722 1215 810 1243 φησιν,

24 1246 78 1274 51H-
89 1248 122 1276 Ὁ
131 1248 200 1279 Θεὸς
212 1247 427 1286 ἐχαρίσατο-ἡμῖν
438 1248 461 1277 θ.
473 1259 487 1274 ι)
501 1248 578 1283 Πῶς,
589 1259 603 1276 α
613 1248 657 1277 Ἐν
669 1249 787 1288 Χριστῷ,
801 1262 811 1274 »μ

26 1291 146 1327 τουτέστι,
163 1292 233 1329 μετὰ
248 1294 295 1320 τοῦ
310 1292 431 1320 κινδύνου
455 1295 500 1321 τοῦ
516 1293 581 1322 Υἱοῦ
607 1293 688 1321 αὐτοῦ
707 1292 751 1321 καὶ
766 1295 812 1328 τῆς

26 1339 118 1375 σφαγῆς
141 1337 232 1367 αὐτοῦ,
260 1336 299 1367 Σὺ
325 1335 372 1374 μὲν
389 1336 439 1376 γὰρ
465 1337 527 1370 ἴσως
546 1336 687 1371 ἀκινδύνως
701 1337 810 1377 χαρίζῃ,

26 1380 111 1413 ἐκεῖνος
133 1381 160 1410 δὲ
177 1382 230 1421 οὐχ
254 1380 345 1414 οὕτως·
369 1381 414 1410 καὶ
439 1380 470 1410 σὺ
493 1381 541 1419 μὲν
565 1382 603 1421 τῷ
630 1382 735 1422 ἀδελφῷ
755 1393 812 1419 σου,

25 1425 112 1458 ἐκεῖνος
127 1425 152 1454 δὲ
169 1426 211 1455 σοὶ
225 1426 311 1465 ἐχθρῷ
326 1425 381 1455 ὄντι
397 1427 482 1464 ἀφῆκε
501 1425 546 1455 καὶ
566 1426 721 1466 ἐχαρίσατο.
737 1426 812 1464 ’Όρα

26 1469 58 1504 δὲ,
72 1472 124 1502 πῶς
147 1470 206 1499 ἀντὶ
222 1473 269 1499 τοῦ
286 1471 380 1507 εἰπεῖν,
404 1471 581 1510 Χαριζόμενοι
601 1471 735 1507 ἀλλήλοις,
755 1467 812 1501 εἶπε

861 306 1063 342 subservantes,
1079 312 1220 343 propterea
1234 308 1335 343 adjicit,
1358 319 1370 332 ιι
1395 309 1465 336 Cum
1479 309 1556 337 omni
1576 310 1653 337 mali-

862 351 911 384 tia,
927 362 941 377 ι)
958 351 1010 380 hoc
1024 357 1075 387 est,
1092 356 1119 380 et
1135 352 1242 380 modica
1257 357 1284 380 et
1298 361 1406 388 magna.

899 398 990 424 Vens.
1016 401 1061 425 32.
1079 409 1091 421 ιι
1107 399 1202 425 Estote
1217 402 1311 425 autem
1327 398 1443 426 invicem
1458 406 1563 432 comes,
1579 398 1662 426 mise-

863 441 995 475 ricordes,
1013 442 1200 470 condonantes
1215 442 1367 478 vobisipsis.
1394 455 1406 466 ιι
1428 442 1497 478 Quia
1525 451 1583 470 non
1596 443 1661 471 satis

864 491 905 514 est
922 494 937 514 a
962 487 1038 515 malis
1058 487 1194 515 abstinere
1226 492 1258 514 ut
1281 496 1397 523 regnum
1423 487 1586 523 assequeris,
1613 487 1661 515 sed

864 531 1002 559 bonorum
1026 540 1140 568 operum
1162 533 1282 568 peractio
1298 533 1379 560 etiam
1395 536 1436 560 est
1448 532 1602 560 necessaria
1629 532 1660 565 (si

865 576 937 603 enim
959 576 1062 604 bonum
1091 577 1198 612 operari
1218 577 1482 612 praetermiserimus,
1508 576 1539 604 in
1564 576 1663 612 gehen-

865 628 929 648 nam
954 621 1167 656 prazcipitamur,
1188 622 1296 650 etiamsi
1315 622 1419 649 malum
1433 629 1490 649 non
1503 629 1659 657 operemur,

867 669 896 692 ut
910 674 942 693 ex
954 666 1047 693 multis
1061 666 1200 702 Evangelii
1215 666 1416 702 locisliquet“);
1444 666 1517 695 hanc
1539 666 1575 694 ob
1602 674 1661 694 rem

867 712 976 746 Paulus,
991 713 1104 741 sublatis
1118 713 1206 747 malis,
1222 713 1257 742 ad
1269 714 1405 741 bonorum
1416 713 1602 748 operationem
1613 714 1661 741 ad-

867 756 1002 791 hortatur,
1021 770 1031 781 ιι
1052 760 1152 791 Εδῑοῑο,
1171 770 1183 783 n
1202 758 1335 794 inquiens,
1354 770 1366 782 ιι
1380 766 1484 792 comes,
1500 768 1512 784 ιι
1528 758 1562 786 ad
1578 767 1661 795 oppo-

867 802 991 830 sitionem
1016 803 1087 831 irin:
1113 803 1338 835 «misericordes,
1363 814 1377 827 »
1400 807 1431 830 ut
1451 807 1572 838 opponat
1587 811 1663 831 ama-

868 847 992 875 rulentize
1009 857 1015 874 2
1033 859 1046 871 ιι
1069 847 1254 876 condonantes
1271 848 1426 883 vobisipsis,
1442 857 1455 873 »
1474 847 1526 875 hoc
1551 853 1608 882 est,
1627 848 1662 876 ad

1151 902 1158 920 τ
1183 897 1211 920 et
1234 893 1409 928 peccantibus
1430 892 1610 927 dimittentes,
1634 897 1664 921 ut

866 942 985 973 opponat
996 937 1110 965 malitia:
1129 941 1157 965 et
1169 937 1356 973 blasphemiae.

905 993 918 1007 ιι
939 982 1014 1010 Sicut
1028 986 1055 1010 et
1076 984 1150 1010 Deus
1165 982 1277 1010 donavit
1291 982 1370 1010 nobis
1384 982 1410 1009 in
1426 982 1536 1010 Christo
1550 983 1626 1010 Jesu.
1649 994 1661 1006 ›ι

867 1027 1003 1062 Quoniam
1019 1027 1141 1062 exempla
1154 1027 1242 1063 magis
1255 1030 1376 1060 movent,
1394 1028 1482 1054 Deum
1498 1035 1546 1062 pro
1570 1035 1662 1054 exem-

868 1071 912 1106 plo
928 1071 1065 1107 producit.
1081 1072 1220 1099 Potuisset
1234 1071 1349 1107 quidem
1365 1071 1469 1106 dicere,
1496 1072 1569 1099 Deus
1582 1071 1662 1104 dixit,

869 1128 880 1140 ιι
912 1116 1060 1151 Dimittite,
1079 1120 1107 1144 et
1121 1116 1275 1144 dimittetur
1298 1116 1391 1144 vobis°
1408 1125 1415 1143 :
1438 1128 1451 1141 ιι
1472 1120 1664 1144 verumtamen

866 1161 930 1196 quia
950 1161 986 1189 de
1008 1161 1108 1189 futuris
1130 1161 1211 1189 rebus
1234 1161 1354 1197 plerique
1368 1161 1503 1195 dubitant,
1525 1169 1586 1196 qua:
1604 1161 1663 1198 jam

866 1210 928 1233 ante
950 1210 1087 1234 transacta
1106 1210 1179 1239 sunt,
1201 1206 1229 1234 in
1244 1205 1368 1234 medium
1395 1206 1510 1241 proruit,
1526 1205 1663 1241 inquiens,

869 1262 882 1274 ‹ι
915 1252 988 1278 Deus
1013 1251 1127 1278 donavit
1161 1250 1248 1278 nobis.
1276 1262 1287 1275 ιι
1309 1250 1472 1285 Quomodo?
1492 1252 1524 1277 ln
1542 1250 1662 1284 Christo,

867 1294 918 1322 hoc
932 1298 984 1326 est,
1006 1303 1069 1322 cum
1085 1295 1205 1330 periculo
1223 1295 1283 1322 Filii
1298 1295 1340 1322 sui
1362 1295 1580 1330 mactationeque
1592 1295 1661 1331 ejus.

866 1339 908 1367 'I‘u
925 1339 1041 1367 fortasse
1059 1340 1126 1368 citra
1153 1340 1304 1376 periculum
1328 1339 1431 1373 donas;
1457 1340 1501 1367 ille
1520 1347 1584 1367 vero
1608 1347 1664 1367 non

865 1384 926 1411 sic:
946 1389 1022 1412 actu
1041 1384 1155 1420 quidem
1175 1383 1255 1412 fratri
1275 1388 1338 1418 tuo;
1363 1384 1410 1412 ille
1433 1391 1497 1411 vero
1516 1383 1577 1418 tibi,
1599 1392 1664 1412 cum

869 1428 955 1456 hostis
980 1436 1063 1462 esses,
1085 1429 1192 1457 remisit
1213 1437 1246 1457 ac
1270 1428 1395 1456 donavit.
1425 1428 1548 1456 Observa
1572 1433 1665 1457 autem

847 1507 853 1515 ‘
867 1473 1006 1508 quomodo
1022 1481 1071 1508 pro
1092 1482 1125 1501 eo
1138 1473 1212 1510 quod
1227 1473 1337 1508 diceret,
1355 1473 1492 1501 donantes
1505 1473 1573 1501 alter
1586 1474 1666 1501 alteri

25 1514 57 1548 τὸ,
72 1525 84 1542 ι(
95 1513 224 1550 Ἱίαυτοῖς’
238 1526 252 1543 ι)
266 1515 389 1544 δεικνύων
401 1514 441 1544 ὅτι
453 1516 514 1544 ὅταν
528 1516 616 1549 ἄλλοις
628 1516 703 1545 ἄλλοι
715 1517 726 1535 ⁷
736 1528 813 1556 χαρι-

908 1518 975 1552 .erit,
994 1528 1008 1544 ι(
1022 1507 1107 1546 Vobis
1118 1507 1192 1554 ipsis,
1214 1528 1228 1543 »
1253 1517 1400 1546 ostendens
1416 1526 1463 1553 per
1475 1517 1538 1551 hoc,
1555 1517 1632 1553 quod
1643 1517 1666 1545 si

25 1558 134 1596 ζώμεθα,
160 1561 195 1593 εἷς
222 1561 294 1598 ἡμᾶς
317 1559 411 1592 αὐτοὺς
435 1559 483 1595 τὴν
509 1561 587 1600 χάριν
613 1563 738 1599 ’ποιοῦμεν
753 1561 814 1590 ἔκα-

25 1612 85 1635 στος.

301 1648 445 1678 ΚΕΦΑΛ.
471 1648 530 1678 ιθ.

58 1713 68 1724 η
92 1700 200 1730 Γίνεσθε
218 1695 263 1730 οὖν
279 1701 396 1740 μιμηταὶ
421 1703 466 1730 τοῦ
482 1703 564 1739 Θεοῦ,
589 1702 624 1734 ὥς
644 1702 722 1731 τέκνα
748 1705 814 1741 ἀγα-

24 1745 100 1779 πητοί.
117 1759 129 1772 ιι
145 1745 192 1779 Ὡς
209 1747 223 1775 ὁ
238 1746 376 1782 Δεσπότης
392 1758 420 1776 σε
446 1747 597 1785 ἠγάπησεν,
624 1747 764 1784 οἱγάπησον
782 1748 813 1777 σὺ

24 1789 59 1817 τὸν
74 1790 194 1830 ἀδελφὸν,
212 1791 258 1820 καὶ
273 1792 398 1828 ἐμιμήσω
419 1791 488 1820 Θεὸν
504 1791 573 1819 κατὰ
589 1791 621 1820 τὸ
635 1792 754 1822 δυνατόν.
773 1794 814 1822 Οὐ

24 1834 65 1873 γὰρ
91 1835 161 1864 ἔστιν
187 1836 301 1864 ἐνταῦθα
324 1835 416 1864 πενίαν
443 1835 625 1875 αἰτιάσασθαι,
646 1836 691 1866 καὶ
718 1838 813 1874 εἰπεῖν,

24 1877 54 1906 in
70 1878 133 1908 Ἐὰν
156 1879 265 1920 ἀφήσω,
281 1881 436 1917 ζημιοῦμοιι·
454 1880 514 1909 ἀλλ’
534 1880 598 1919 ἄφες
616 1882 653 1920 τῷ
671 1881 814 1910 πταίσαντι

24 1923 155 1957 ὶδαπάνως
187 1923 235 1952 καὶ
263 1923 396 1962 ἀζημίως,
424 1924 470 1952 καὶ
501 1924 646 1963 ἐκέρδησας
679 1926 762 1964 μέγα,
784 1926 814 1955 τὸ

24 1966 186 2004 ηιιμήσασθαι
205 1967 251 1997 τὸν
275 1968 354 1998 Θεόν.
371 1963 437 1998 Εἶτα
453 1968 499 1997 καὶ
525 1969 608 2004 ἄλλην
631 1969 644 1987 ⁸
660 1963 746 1999 αἰτίαν
773 1971 813 1999 εὖ·

24 2011 166 2052 γενεστέραν
193 2012 206 2030 9
236 2011 346 2048 τίθησιν.
375 2027 386 2038 ιι
418 2012 467 2046 Ὡς
491 2013 569 2042 τέχνα
599 2026 610 2039 ιι
635 2014 696 2053 γὰρ,
720 2015 810 2053 φησὶν,

24 2067 30 2078 ι
48 2057 182 2094 ἀγαπητά·
201 2071 214 2083 ι»
230 2058 359 2093 τουτέστι,
375 2057 430 2087 Καὶ
453 2058 537 2092 ἄλλην
557 2058 580 2075 ¹⁰
596 2059 714 2097 ἀνάγκην
737 2059 812 2099 ἔχετε

25 2104 152 2138 ιιμεῖσθαι
175 2101 222 2131 τὸν
251 2103 361 2141 Πατέρα
382 2104 455 2138 ὑμῶν
482 2102 518 2132 ⁴⁴.
537 2103 616 2132 Ἐπεὶ
633 2104 660 2131 δὲ
677 2103 706 2133 οὗ
727 2104 814 2134 πάντα

24 2145 49 2171 τὰ
62 2145 141 2174 τέκνα
158 2147 284 2184 μιμεῖται
298 2147 342 2175 τὸν
359 2147 471 2186 πατέρα,
487 2146 634 2187 προσέθηκε
649 2148 691 2184 τὸ,
706 2159 722 2177 (ι
738 2148 815 2189 Ἀγα-

24 2190 93 2224 πητά“
112 2203 125 2216 υ
143 2193 167 2220 οἱ
183 2190 239 2230 γὰρ
253 2194 364 2220 τοιοῦτοι
380 2190 438 2224 τοὺς
461 2191 579 2231 πατέρας
595 2195 749 2231 μιμοῦνται.

57 2245 70 2262 (ί
91 2235 144 2264 Καὶ
168 2236 342 2275 περιπατεῖτε
364 2236 391 2264 ἐν
407 2235 511 2275 ἀγάπῃ,
534 2237 620 2270 καθὼς
643 2238 687 2266 καὶ
711 2239 724 2266 ὁ
746 2240 813 2278 Χρι-

24 2278 71 2311 ττὸς
87 2279 112 2298 ¹²
127 2280 272 2318 ἠγάπησεν
285 2281 363 2317 ὑμᾶς,
380 2280 425 2308 καὶ
440 2280 593 2319 παρέδωκεν
615 2282 704 2311 ἑαυτὸν
728 2295 813 2320 προσ-

24 2324 94 2362 ξιορὰν
111 2325 158 2353 καὶ
175 2325 272 2353 θυσίαν
287 2326 325 2364 τῷ
348 2325 411 2364 Θεῷ
426 2326 460 2358 εἷς
474 2325 558 2363 ὀσμὴν
573 2326 694 2360 εὐωδίας.
712 2342 723 2354 υ
744 2327 814 2358 Ἰδοὺ

24 2369 31 2402 ᾗ
53 2368 160 2397 πάντων
181 2370 314 2402 ὑπόθεσις·
333 2369 431 2405 ταύτης
451 2369 502 2410 γὰρ
528 2370 622 2408 οὔσης,
652 2372 681 2400 οὖ
703 2373 815 2411 κραυγὴ,

24 2412 42 2439 ιῦ
62 2413 152 2450 θυμὸς,
167 2414 198 2443 οὐ
226 2413 395 2454 βλασφημία,
412 2412 483 2443 ἀλλᾶ
506 2416 593 2444 πάντα
616 2417 754 2456 ἀνῄρηται·
771 2417 809 2446 διὸ

24 2454 118 2497 ίστερον
138 2458 170 2488 τὸ
195 2458 340 2499 κεφάλαιον
365 2461 442 2488 τοῦτο
465 2459 563 2490 τέθεικε
581 2461 615 2491 ⁸³.
640 2454 767 2490 Διδάσκει
783 2462 810 2491 δὲ

24 2501 58 2529 uti
86 2503 166 2532 πόθεν
203 2504 347 2542 ἐγενόμεθα
371 2503 458 2533 τέκνα·
484 2504 524 2534 ὅτι
558 2507 588 2535 ἐκ
621 2507 667 2540 τῆς
693 2507 809 2544 ἀγάπης.

24 2546 115 2575 Ἂκοῧν
142 2548 281 2587 περιέπειν
312 2547 411 2584 ταύτην
441 2549 594 2589 ὀφείλομεν,
622 2551 658 2583 ὡς
685 2551 809 2590 πρόξενον

24 2591 155 2630 πενομένην
175 2594 226 2628 τῆς
248 2593 317 2626 θείας
342 2594 480 2627 υἱοθεσίας.
495 2593 603 2634 υΩσπερ
627 2595 677 2636 γὰρ
703 2599 812 2625 νοσοῦν-

52 2680 64 2691 ¹³
78 2676 182 2706 Matth.
199 2684 249 2711 ur,
265 2680 311 2704 25.
343 2684 354 2695 υ
369 2678 435 2706 Luc.
450 2686 494 2712 Vl,
511 2682 555 2706 37.

834 2191 858 2222 D
874 2197 975 2232 posuit,
1005 2208 1017 2221 ιι
1031 2196 1122 2224 dilecti
1142 2205 1149 2224 :

868 1562 951 1598 405
967 1563 1028 1590 aliis
1040 1563 1083 1590 alii
1104 1563 1248 1596 donemus,
1264 1563 1292 1590 in
1302 1571 1354 1590 nos
1379 1562 1453 1598 ipsos
1475 1562 1575 1598 singuli
1603 1570 1666 1598 gra-

868 1607 933 1635 tiam
949 1607 1145 1643 impendimus.

1178 1658 1298 1685 CAPUT
1309 1658 1342 1684 V.

903 1708 992 1734 Vens.
1013 1710 1035 1733 l.
1053 1718 1065 1730 ιι
1093 1708 1186 1734 Estote
1200 1714 1266 1743 ergo
1281 1706 1434 1733 imitatores
1452 1704 1513 1738 Dei,
1535 1704 1604 1732 sicut
1619 1705 1667 1732 lilii

867 1750 967 1778 dilecti.
986 1763 997 1774 υ
1011 1750 1259 1786 Quemadmodum
1272 1750 1408 1778 Dominus
1420 1754 1446 1777 te
1458 1749 1571 1783 dilexit,
1587 1749 1627 1777 sic
1638 1753 1668 1776 tu

867 1795 949 1830 dilige
969 1795 1090 1829 fratrem,
1108 1799 1172 1822 tum
1187 1795 1312 1822 imitatus
1326 1803 1354 1822 es
1370 1796 1459 1822 Deum
1476 1801 1526 1829 pro
1551 1793 1666 1821 viribus.

868 1841 929 1867 Non
943 1839 1005 1866 licet
1018 1839 1092 1867 enim
1106 1839 1148 1866 hic
1164 1843 1350 1875 paupertatem
1365 1838 1483 1871 causari,
1514 1845 1546 1865 ac
1565 1837 1667 1870 dicere,

869 1884 895 1911 Si
911 1884 1053 1918 remisero,
1080 1883 1218 1911 damnum
1235 1883 1321 1919 patior
1346 1892 1352 1910 2
1372 1881 1421 1910 sed
1440 1881 1479 1909 illi
1496 1882 1543 1917 qui
1561 1886 1667 1917 peccat,

868 1929 954 1964 gratis
965 1928 1118 1962 remitte,ac
1130 1928 1189 1956 sine
1198 1932 1309 1963 sumptu
1314 1931 1356 1963 ,et
1368 1927 1486 1954 lucratus
1496 1934 1525 1954 es
1535 1934 1666 1962 magnum

870 1973 1043 2007 thesaurum,
1058 1981 1159 2009 nempe
1173 1972 1249 2008 quod
1263 1974 1353 2000 Deum
1365 1971 1488 1999 imitatus
1502 1978 1541 1998 es.
1559 1970 1667 1998 Deinde

869 2021 897 2045 et
909 2018 989 2045 aliam
1000 2025 1113 2046 causam
1126 2017 1327 2054 praeolat-iorem
1341 2017 1418 2053 ponit
1433 2025 1439 2042 :
1458 2027 1470 2039 ιι
1487 2016 1565 2043 Sicut
1579 2015 1637 2048 ﬁlii,
1651 2025 1666 2041 »

870 2061 969 2098 inquit,
998 2074 1010 2086 ‹ι
1028 2062 1121 2090 dilecti
1144 2072 1151 2090 :
1182 2074 1194 2086 ν
1215 2061 1268 2089 hoc
1291 2065 1341 2094 est,
1368 2061 1451 2088 aliam
1474 2060 1668 2088 necessitatem

870 2107 984 2142 habetis,
999 2106 1125 2135 imitandi
1150 2106 1283 2134 nimirum
1305 2107 1415 2134 Patrem
1439 2109 1571 2133 vestrum.
1591 2105 1670 2139 Quo--

869 2153 943 2180 niam
957 2160 1022 2180 vero
1048 2160 1104 2180 non
1118 2159 1215 2179 omnes
1229 2150 1309 2178 liberi
1325 2150 1467 2178 imitantur
1486 2154 1604 2186 patrem,
1619 2157 1669 2185 ap-

1172 2205 1186 2222 »
1212 2195 1278 2223 tales
1297 2195 1369 2223 enim
1385 2199 1492 2230 patrem
1514 2194 1668 2221 imitantur.

906 2243 996 2270 Vens.
1015 2245 1042 2269 2.
1065 2252 1079 2266 ιι
1094 2242 1129 2268 Ει
1157 2239 1296 2268 ambulate
1314 2239 1342 2267 in
1366 2239 1526 2274 dilectione,
1546 2238 1618 2266 sicut
1642 2242 1670 2266 et

871 2285 995 2314 Christus
1009 2285 1104 2313 dilexit
1118 2292 1176 2319 vos,
1197 2288 1224 2312 ct
1238 2284 1350 2312 tradidit
1363 2283 1486 2319 seipsum
1500 2282 1669 2311 oblationem

871 2335 898 2358 et
912 2330 1032 2359 hostiam
1056 2331 1115 2358 Deo
1130 2330 1159 2357 in
1185 2328 1298 2357 odorem
1316 2329 1397 2356 bona:
1413 2328 1577 2364 fragrantia.
1597 2338 1610 2352 ι
1628 2328 1672 2354 En

878 2375 995 2403 )mnium
1006 2374 1216 2402 fundamentum
1226 2373 1352 2401 charitas.
1374 2372 1430 2401 Ubi
1446 2372 1519 2400 enim
1535 2372 1596 2400 haec
1616 2375 1670 2405 est,

868 2428 925 2448 non
939 2420 1054 2452 clamor,
1070 2427 1127 2447 non
1154 2419 1204 2453 ira,
1229 2426 1284 2446 non
1307 2417 1490 2453 blasphemia,
1509 2417 1558 2445 sed
1572 2416 1669 2444 omnia

868 2466 974 2494 sublata
989 2468 1055 2492 sunt
1077 2473 1085 2492 :
1106 2467 1249 2499 propterea
1273 2467 1413 2498 postremo
1435 2468 1573 2489 summam
1596 2460 1669 2488 hanc

869 2510 969 2547 posuit.
994 2512 1084 2538 Docet
1108 2512 1202 2536 autem
1223 2511 1252 2535 et;
1276 2507 1349 2535 unde
1374 2506 1440 2535 facti
1459 2506 1549 2534 simus
1573 2505 1668 2538 liberi,

869 2563 902 2582 ex
927 2554 1059 2582 charitate
1088 2553 1221 2581 videlicet.
1249 2552 1340 2586 Quare
1366 2551 1437 2579 hanc
1469 2549 1566 2578 sectari
1587 2549 1670 2577 debe-

869 2607 942 2634 mus,
966 2604 1097 2636 tanquam
1118 2607 1181 2627 eam
1207 2605 1269 2634 quae
1292 2597 1372 2626 nobis
1392 2595 1513 2633 praebeat
1539 2594 1669 2622 ﬁliorum.

716 2726 808 2756 Variae
835 2727 983 2756 lectiones.

51 2806 61 2820 ³
76 2805 172 2841 ἀγαθὴν
187 2807 274 2841 πρᾶξιν
292 2815 318 2834 ο.

358 2807 368 2824 ⁵
382 2807 440 2844 ὒμῗν
457 2816 480 2835 0.

24 2845 38 2862 κθ
54 2846 137 2878 ἄλλως
149 2855 177 2875 0.

221 2847 241 2863 “
254 2846 325 2883 ἡμῶν
341 2856 367 2876 ο.
408 2849 428 2865 ¹²
442 2848 501 2879 Θεὸς
579 2849 599 2866 ³³
614 2851 747 2884 προσέθηκε
765 2859 792 2880 ο.

521 2808 531 2824 ﬁ
546 2808 727 2843 ἀρεθήσεταιο.
767 2811 776 2827 θ
788 2811 848 2847 ὑμῖν
863 2819 889 2839 0.

928 2811 937 2827 7
948 2810 990 2838 ἐὰν
1002 2810 1078 2841 ἄλλος
1091 2810 1163 2846 ἄλλῳ
1175 2818 1202 2838 ο.
1233 2810 1244 2826 δ
1258 2809 1341 2839 ἄλλως
1356 2816 1382 2836 0.
1415 2808 1425 2824 θ
1443 2806 1615 2844 ἐναργεστέραν
1631 2814 1670 2834 ω.
