1886 3082
47 177 105 204 105
486 173 660 202 EXPOSITIO
681 175 713 202 1N
733 174 836 202 EPIST.
859 175 904 202 AD
924 175 1042 202 EPHES.
1067 190 1102 195 —
1121 177 1195 203 CAP.
1216 177 1248 203 V.
1618 182 1686 208 H06

36 238 195 278 ὶκάθαρτος,
220 236 237 272 ἢ
265 235 436 273 πλεονέκτης,
462 236 490 270 ὃς
522 237 592 266 ἐστιν
627 237 780 277 εἰδωλολάτε

940 245 977 271 )r,
992 241 1040 265 aut
1054 237 1225 272 immundus,
1238 243 1285 267 aut
1297 247 1406 270 avarus.
1423 240 1469 276 qui
1493 246 1535 269 est
1549 241 1684 272 idolorum

35 284 80 312 νῦκ
105 283 162 322 ἔχει
183 281 361 322 κληρονομίαν
387 283 414 311 ἐν
497 281 619 321 βασιλείᾳ
641 284 688 312 τοῦ
712 281 779 322 Χριο

939 289 986 316 :or,
993 289 1049 310 non
1059 282 1143 311 habet
1153 283 1377 312 haereditatemin
1386 292 1471 320 regno
1478 285 1576 314 Christi
1585 292 1611 315 et
1621 289 1683 316 Dei.

35 328 75 368 ιαὶ
102 328 187 357 Θεοῦ.
214 325 318 362 Μηδεὶς
344 328 412 364 ὑμᾶς
432 326 562 356 ἀπατάτω
587 330 672 360 κενοῖς
697 327 779 366 λόγοις

937 335 974 355 no
982 335 1030 355 vos
1039 326 1151 355 seducat
1163 327 1287 356 inanibus
1297 328 1540 357 verbis.nFuerunt
1548 331 1681 368 nonnulli1

34 366 124 402 Ὴσάν
148 383 226 408 τινες,
245 371 281 404 ὡς
300 372 398 408 ἔοικεν,
418 372 441 400 οἱ
457 371 577 410 λόγοντες
600 373 664 411 παρ’
688 371 778 412 Ἐφεσί

940 372 1053 406 videtur,
1069 372 1142 408 apud
1158 372 1304 408 Ephesios,
1320 374 1366 409 qui
1384 374 1509 402 dicerent
1522 376 1595 411 quod
1613 366 1684 404 Deus

34 416 68 446 ίτι
99 416 218 457 ᾠοϐῆσαι
243 416 324 445 θέλων
352 417 365 445 ὃ
389 416 469 452 Θεὸς,
496 419 580 446 ταῦτα
605 416 770 455 ἀπηγόρευσε

938 425 944 444 ε
961 417 1029 445 levia
1040 417 1224 453 prohibuerit,
1239 423 1268 446 ut
1283 418 1517 454 perterrefaceret.
1532 421 1598 455 Qum
1609 422 1682 448 enim

33 462 138 497 ,ὖτελῆ.
163 461 198 491 Τί
215 460 266 501 γὰρ
290 460 386 490 ἄτοπον
402 460 432 490 τὸ
447 461 546 496 εἰπεῖν,
572 461 665 500 Μωρὲ,
682 460 725 490 ἵνα
743 461 777 490 ἔν(

937 461 1038 490 urditas
1053 467 1095 489 est
1109 461 1211 496 dicere,
1232 463 1329 497 Stulte,
1344 468 1374 492 ut
1388 468 1530 500 propterea
1546 465 1681 500 quispiam

32 505 141 544 {exin-rut
156 505 248 545 γεέννῃ
273 507 286 534 δ
303 505 399 542 εἶπών;
417 507 473 539 πῶς
498 505 525 534 δὲ
549 506 564 534 ὁ
579 506 738 541 πλεονέκτης
755 505 776 534 εἰ

937 514 1014 534 enna:
1041 507 1180 534 obnoxius
1209 506 1274 534 ﬁat?
1305 509 1338 535 Et
1363 508 1503 544 quomodo
1525 516 1623 537 avarus
1641 514 1681 537 est

32 550 180 590 ιολάτρης;
201 549 317 582 Τούτους
344 545 389 579 οὖν
415 549 561 579 αἰνίττεται
586 551 600 578 ὁ
618 549 775 583 Ἀπόστολος

940 551 1024 578 olatra
1048 552 1060 578 ?
1081 552 1139 579 Hos
1150 551 1239 588 itaque
1266 556 1344 579 notat
1357 552 1409 580 hoc
1438 553 1497 581 loco
1520 555 1680 589 Apostolus,

31 595 108 631 ἴηλοῖ
133 595 160 624 δὲ
189 594 235 624 καὶ
260 596 278 630 ἡ
293 594 430 634 ἐπαγωγά·
447 609 460 620 ι
484 594 586 630 Μηδεὶς
608 596 676 632 ὑμᾶς
702 597 773 624 ἀπατ

936 595 958 623 ιὰ
970 599 998 622 et
1012 595 1097 623 illatio
1116 596 1237 624 indicat:
1255 607 1268 620 «ι
1292 598 1382 625 Nemo
1398 605 1447 625 vos
1469 597 1584 626 seducat
1598 599 1680 627 inani-

30 644 115 673 εενοῑς
137 638 235 678 λόγοις.
262 651 277 667 ν
297 639 377 669 Κτνοὶ
391 638 442 679 γὰρ
463 638 538 679 λόγοι
554 640 578 668 οἳ
592 639 752 679 πρόσκαιρον

956 638 1056 667 verbis.
1073 649 1086 665 n
1101 640 1193 668 lnania
1208 641 1281 668 enim
1294 641 1376 669 verba
1396 646 1470 677 sunt,
1484 650 1546 678 qua:
1567 643 1683 679 gratiam

30 696 67 713 »ιν
87 685 206 724 ἔχοντες,
219 683 268 713 ἐπὶ
290 684 317 713 δὲ
334 685 387 713 τῶν
401 683 485 724 ἔργων
501 684 632 724 ἄχρηστοι
655 684 774 722 δεικνύμι

943 684 1081 719 porariam
1100 683 1219 718 habent;
1240 685 1276 713 ad
1293 693 1375 722 opera
1404 694 1479 721 vero,
1507 687 1611 716 inutilia
1637 689 1684 716 de-

29 728 74 758 ιιαὶ
93 729 186 765 ἀπάτη
202 729 233 758 τὸ
251 731 360 757 τοιαῦτα
374 729 540 768 χαρίζεσθαι.
557 726 624 758 ιὈτι
638 728 689 767 γὰρ
704 731 717 757 ὁ
732 730 773 758 πλι

937 733 1075 756 nstrantur
1105 741 1110 758 :
1132 733 1228 766 estque
1251 730 1401 766 impostura
1416 731 1573 767 hujusmodi
1598 733 1681 761 verba

28 773 110 809 ἕκτης
140 773 342 813 εἰδωλολάτρης,
369 772 496 811 μάνθανε·
527 784 542 802 (ι
565 774 606 803 Οὖ
631 773 742 802 δύνασθε
766 777 772 799 l

935 781 983 802 zre.
1004 774 1084 809 Quod
1108 779 1203 802 autem
1225 783 1324 803 avarus
1343 776 1378 804 sit
1399 776 1554 812 idololatra,
1578 777 1652 806 disce
1675 789 1679 805 :

28 818 162 848 δουλεύειν
179 818 225 848 καὶ
240 820 400 858 Μαμμωνᾷ.
417 831 428 844 ι
448 817 563 854 Ἀπέστη
579 817 639 858 ἄρα
653 818 705 847 ἀπὸ
727 819 772 848 Θελ

940 827 976 846 on
991 819 1104 855 potestis
1115 821 1175 847 Deo
1187 820 1287 848 servire
1302 825 1330 848 et
1346 822 1514 850 lllammonae
1527 840 1548 858 ρ.
1562 833 1574 846 υ
1586 823 1682 850 Deﬁcit

27 863 200 902 πλεονέκτης,
220 862 338 892 δουλεύει
357 857 383 892 δὲ
408 864 519 903 χρυσῷ·
541 864 598 895 πῶς
617 857 662 892 οὖν
687 863 733 892 οὐκ
753 863 771 892 εἰ

937 871 975 899 μισ
993 871 1007 891 a
1024 865 1082 892 Deo
1105 871 1216 899 avarus,
1239 870 1267 892 et
1290 865 1403 893 inservit
1421 874 1488 894 auro
1514 876 1520 894 :
1538 868 1586 903 qui
1601 867 1681 903 igitur

27 890 246 947 ιὲἇᾶὲέἧξῗιῖῖ
255 890 475 946 saga-sta;
483 890 557 937 "oo;
566 890 697 943 "ea...
706 890 733 924 ὦ
747 890 771 936 ἐξ

936 918 939 935 ι
967 908 1049 937 fuerit
1067 909 1205 938 idolorum
1225 910 1330 938 cultor?
1355 912 1440 939 Porro
1461 911 1483 939 si
1508 890 1593 945 ἀίξαι,
1609 890 1680 940 ιἶλῑοι]

26 953 82 991 λον,
109 952 136 981 τί
151 955 244 990 τοῦτο;
259 952 329 982 Οὐδὲ
355 952 405 991 γὰρ
428 953 452 981 οἱ
476 952 638 992 ἀστειότεροι
655 954 708 981 τῶν
725 952 770 982 Ἑλ

934 953 952 980 ίὶ
969 953 1049 988 idola,
1070 954 1135 989 quid
1152 958 1212 982 tum
1238 956 1354 990 postea?
1381 962 1469 991 neque
1495 956 1569 984 enim
1592 957 1678 992 genti-

26 1009 74 1025 νων
92 996 212 1031 εἰδώλοις
233 998 390 1036 προσκυνεῖν
406 997 570 1036 ὡμολόγουν,
588 996 657 1026 ἀλλὰ
733 997 770 1027 Ἀ(

946 996 1107 1025 urbaniores
1124 1005 1153 1025 se
1182 997 1253 1026 idola
1277 997 1392 1026 adorare
1432 998 1598 1034 fatebantur,
1630 999 1677 1028 sed

25 1042 84 1081 δίτῃ
108 1042 202 1082 τυχὸν,
219 1041 265 1071 καὶ
288 1043 327 1082 τῷ
350 1040 433 1082 Ἄρει·
449 1044 535 1071 ταῦτα
560 1041 587 1070 δὲ
611 1041 694 1078 πάθη.
710 1043 769 1071 ’Λλλ

933 1049 1016 1069 ierem
1032 1041 1147 1070 fortasse
1157 1047 1185 1071 et
1195 1043 1311 1071 Martem
1327 1052 1333 1070 :
1347 1044 1397 1071 ista
1411 1048 1503 1072 autem
1517 1044 1677 1073 animorum

25 1087 120 1126 σράζει
142 1087 168 1104 ²⁰
187 1086 326 1126 πρόϐαταδ
342 1087 411 1116 ἀλλὰ
436 1086 588 1126 ἀνθρώπους
613 1086 659 1116 καὶ
678 1086 765 1127 ψυχὰς

933 1090 944 1113 t
957 1085 1081 1114 affectus.
1101 1088 1138 1115 At
1153 1095 1211 1115 non
1226 1091 1326 1115 mactat
1336 1095 1401 1116 oves
1415 1098 1421 1116 :
1443 1087 1568 1116 homines
1585 1093 1675 1117 tamen

24 1131 112 1170 γυιάς.
130 1132 168 1162 Οἱ
195 1130 328 1168 Ἕλληνες
354 1132 407 1164 τοῖς
429 1133 475 1160 τοῦ
492 1131 563 1161 Θεοῦ
585 1131 715 1169 κτίσμασι
735 1143 768 1171 πρ

931 1134 981 1158 :tat
995 1134 1022 1158 et
1040 1132 1147 1159 animas
1159 1132 1313 1160 rationales.
1333 1132 1457 1161 Gentiles
1472 1133 1523 1161 Dei
1538 1137 1675 1161 creaturas

24 1175 168 1212 εκῦνησαν,
205 1177 219 1204 ὁ
245 1175 273 1205 δὲ
302 1174 462 1211 πλεονέκτης
497 1177 534 1215 τῷ
568 1177 663 1205 ἑαυτοῦ
694 1177 768 1216 ποιήι

933 1175 1050 1203 rabant:
1071 1184 1168 1204 avarus
1183 1182 1274 1204 autem
1305 1185 1385 1204 suum
1409 1177 1493 1213 407
1520 1177 1604 1212 ipsius
1628 1177 1677 1214 ﬁg-

25 1225 179 1260 προσκυνεῖ.
207 1221 248 1251 Οὐ
272 1220 295 1238 ²¹
313 1220 364 1260 γὰρ
387 1221 402 1249 ὁ
424 1220 492 1254 Θεὸς
516 1219 666 1254 πλεονεξίαν
690 1221 765 1258 ἐποίη

926 1223 1001 1247 ntum
1019 1220 1053 1248 ad
1068 1226 1137 1248 orat.
1156 1222 1216 1249 Non
1230 1221 1303 1249 enim
1329 1223 1404 1249 Deus
1419 1222 1562 1249 avaritiam
1579 1222 1670 1250 condi-

24 1265 83 1294 ἀλλ’
98 1267 116 1301 ἡ
135 1265 250 1305 ἡμετέρα
266 1265 413 1300 ἀπληστία.
434 1260 524 1302 Οἶμαι
543 1265 571 1294 δὲ
585 1264 630 1294 τὸν
646 1266 754 1295 Παῦλον

945 1264 992 1291 sed
1012 1269 1104 1292 nostra
1120 1265 1316 1293 insatiabilitas.
1331 1266 1438 1302 Opinor
1447 1270 1540 1294 autem
1557 1267 1673 1294 Paulum

52 1312 67 1318 ι.-
151 1309 178 1320 ιι
231 1312 247 1319 ιι-
308 1310 316 1321 τ
351 1310 364 1318 ~
433 1309 440 1319 Ι
631 1309 640 1320 9
701 1312 706 1322 1

24 1321 67 1338 του
87 1309 178 1340 Δαϐιο
201 1321 280 1340 τουτο
295 1321 377 1339 ειπειν
394 1321 490 1349 τροπον
513 1310 611 1350 ἕτερον.
642 1311 752 1340 Εκεινου

930 1307 1020 1336 )avide
1040 1308 1093 1337 hoc
1107 1309 1209 1343 dicere,
1231 1310 1285 1338 alio
1305 1315 1397 1338 tamen
1422 1310 1516 1338 modo.
1532 1311 1582 1338 lllo
1603 1312 1674 1338 enim

25 1355 155 1392 λέγοντος,
178 1367 190 1379 ι
204 1355 248 1385 Τὰ
271 1353 367 1384 εἴδωλα
382 1356 435 1383 τῶν
456 1355 535 1384 ἐθνῶν
551 1353 675 1394 ἀργύριον
692 1355 737 1384 καὶ
758 1368 769 1395 γ

932 1357 1066 1387 :verante,
1098 1365 1110 1377 ιι
1140 1354 1289 1382 Simulacra
1318 1354 1450 1390 gentium,
1479 1359 1624 1391 argentum
1650 1361 1676 1383 et

26 1399 89 1435 σίον,
115 1412 128 1425 ι
155 1399 326 1439 ἀντιστρέψαι
350 1401 427 1428 τοῦτο
445 1398 515 1428 κατὰ
537 1398 585 1434 τὴν
607 1401 727 1438 μεγάλην
744 1401 770 1428 αἱ

931 1405 976 1425 um
987 1402 1001 1424 Ρ
1016 1400 1027 1413 ί
1046 1410 1058 1423 ι›
1076 1407 1082 1425 :
1096 1397 1153 1433 ipse
1163 1406 1212 1433 pro
1227 1406 1275 1426 sua
1289 1406 1388 1433 magna
1403 1398 1537 1434 sapientia
1551 1399 1675 1432 invertit,

26 1443 136 1484 σοφίαν,
160 1443 201 1473 ὅτι
224 1444 254 1473 τὸ
278 1442 403 1484 ἀργύριον
430 1443 476 1473 καὶ
502 1443 532 1473 τὸ
561 1444 686 1483 χρυσίον,
713 1444 770 1474 εἴδω

931 1447 1040 1476 ςρυῐυιῐι,
1058 1443 1195 1478 inquiens,
1219 1447 1245 1470 et
1260 1451 1357 1470 aurum
1375 1448 1439 1470 sunt
1453 1443 1535 1470 idola.
1557 1443 1675 1472 Proinde

25 1489 130 1518 Οὐκοῦν
153 1490 167 1517 ὁ
184 1488 318 1529 λατρεύων
335 1487 453 1529 ἀργυρίῳ
469 1488 515 1517 καὶ
540 1488 656 1529 χρυσίῳ,
682 1489 769 1518 εἷδωλε

939 1488 1007 1516 colit
1024 1491 1171 1523 argentum
1186 1492 1212 1515 et
1223 1495 1331 1521 aurum,
1357 1488 1471 1516 omnino
1481 1493 1523 1516 est
1536 1488 1673 1517 idolorum

25 1544 85 1573 τρης
99 1533 216 1567 πάντως.

840 1531 862 1544 υ
876 1531 974 1560 cultor.

67 1588 80 1606 (ι
93 1577 148 1608 Διὰ
170 1580 253 1608 ταῦτα
275 1577 328 1618 γὰρ
352 1577 460 1618 ἔρχεται
485 1580 502 1614 ἡ
525 1577 591 1618 ὀργή
617 1580 664 1607 τοῦ
684 1580 755 1608 Θεοῦ
775 1580 809 1608 ἐπ

930 1581 1025 1613 ropter
1043 1576 1102 1605 hac
1119 1577 1194 1604 enim
1213 1577 1287 1604 venit
1300 1577 1340 1604 ira
1364 1577 1416 1605 Dei
1440 1577 1469 1605 in
1490 1577 1562 1605 ﬁlios
1581 1577 1674 1606 inobe-

24 1622 78 1656 τοὺς
93 1622 165 1656 υἱοὺς
186 1625 232 1658 τῆς
245 1622 390 1656 ἀπειθείας,
408 1634 422 1651 »
439 1622 477 1653 Ἦ
493 1622 537 1652 διὰ
552 1622 601 1658 τὴν
616 1624 752 1663 πορνείαν,

928 1621 995 1650 Atiae.
1008 1633 1019 1646 υ
1031 1622 1079 1649 Vel
1093 1626 1204 1657 propter
1216 1621 1427 1650 fornicationem
1436 1626 1463 1650 et
1472 1621 1671 1658 impuritatem,

24 1666 68 1701 τήν
83 1667 261 1707 ἀκαθαρσίαν,
277 1666 323 1696 καὶ
345 1666 394 1703 τὴν
418 1667 647 1707 εἶδωλολατρείαν·
664 1668 682 1703 ἢ
698 1667 741 1697 διὰ
760 1681 768 1697 ·ι

930 1671 1041 1702 propter
1059 1666 1197 1694 idolorum
1224 1666 1370 1701 culturam,
1391 1667 1432 1694 vel
1447 1671 1560 1702 propter
1579 1666 1674 1702 hujus-

24 1712 155 1745 τοιούτους
190 1711 281 1751 λόγους
311 1713 363 1741 τῶν
402 1712 573 1742 ἀπατεώνων.
614 1711 760 1746 Ἀπειθείας

929 1710 947 1738 li
953 1711 1133 1746 deceptorum
1140 1719 1291 1739 sermones.
1302 1711 1499 1739 Inobedientizc
1505 1716 1596 1739 autem
1605 1712 1673 1740 ﬁlios

23 1756 99 1793 υἱοὺς,
116 1756 178 1790 τοὺς
202 1756 302 1797 σφόδρα
318 1758 443 1793 ἀπειθεῖς,
458 1756 517 1790 τοὺς
532 1759 570 1798 τῷ
593 1759 656 1798 Θεῷ
671 1758 767 1788 ἄπιστο

919 1755 940 1783 it
950 1755 1028 1783 valde
1052 1756 1249 1789 inobedientes,
1261 1764 1276 1783 a
1292 1757 1352 1784 Deo
1367 1756 1533 1791 deﬁcientes,
1556 1764 1589 1784 ac
1608 1762 1663 1785 tra-

22 1812 76 1839 τας,
95 1801 156 1835 τοὺς
172 1801 205 1830 τὰ
219 1803 329 1830 τοιαῦτα
345 1801 562 1841 δογματίζοντας.

549 1814 562 1834 ;,
871 1799 969 1827 dentes
981 1799 1138 1836 hujusmodi
1154 1800 1293 1836 dogmata.

65 1856 78 1874 (ι
100 1847 150 1881 Μὴ
174 1841 217 1875 οὖν
249 1845 352 1884 γίνεσθε
376 1846 542 1885 συμμέτοχοι
568 1848 665 1876 αὖτῶν-
688 1843 734 1882 ἧτε
766 1848 809 1887 γάε

923 1845 996 1872 Vens.
1021 1848 1047 1871 1.
1067 1854 1079 1870 ((
1100 1844 1190 1872 Nolite
1211 1852 1277 1880 ergo
1296 1843 1368 1871 efﬁci
1391 1844 1538 1880 participes
1561 1853 1667 1874 eorum.

22 1901 82 1920 ποτε
107 1891 212 1926 σκότος,
237 1892 282 1919 νῦν
303 1889 330 1919 δὲ
354 1892 408 1930 φῶς
434 1891 461 1920 ἐν
483 1890 618 1931 Κυρίῳ.)
646 1892 718 1921 Ἀλλ’
735 1893 766 1930 by

927 1889 961 1917 tis
974 1889 1047 1916 enim
1066 1888 1211 1924 aliquando
1229 1889 1359 1921 tenebrae,
1384 1896 1457 1916 nunc
1476 1893 1569 1917 autem
1583 1889 1629 1917 lux
1643 1890 1670 1917 in

22 1934 93 1974 φησὶ,
129 1935 168 1974 μὴ
199 1939 397 1975 συγκοινωνεῖτε
433 1930 533 1968 αὐτοῖς.
560 1930 629 1965 Εἶτα
660 1937 764 1975 ἀναμιμ

922 1934 1002 1961 mino.
1031 1945 1043 1957 ιι
1068 1936 1105 1961 At
1125 1941 1181 1965 vos,
1208 1933 1306 1969 inquit,
1335 1940 1370 1960 ne
1392 1933 1602 1962 communicetis
1619 1934 1666 1962 eis.

23 1990 76 2008 σκει
95 1979 120 1997 ²²
144 1979 239 2013 αὐτοὺς
256 1981 301 2016 τῆς
324 1979 453 2020 προτέρας
476 1979 582 2016 κακίας,
610 1980 703 2020 λέγων·
726 1980 767 2009 Ἐι

926 1977 979 2006 nde
987 1978 1088 2006 scelera
1094 1978 1185 2014 priora
1195 1978 1234 2006 eis
1243 1977 1278 2005 ad
1286 1978 1450 2006 memoriam
1460 1982 1579 2012 revocat,
1591 1979 1670 2015 Cogi«

23 2023 100 2058 ήσατε
120 2025 147 2055 τί
161 2020 221 2061 ἦτε,
238 2024 284 2054 καὶ
299 2023 326 2053 τί
345 2024 482 2064 γεγόνατε,
499 2025 544 2054 καὶ
570 2024 609 2054 ὅτι
628 2025 681 2055 ἀπὸ
697 2025 767 2055 σκότ(

924 2031 938 2055 r,
957 2023 1090 2059 inquiens,
1107 2022 1173 2058 quid
1192 2023 1283 2057 eratis,
1307 2026 1334 2050 et
1348 2022 1414 2059 quid
1430 2022 1493 2051 facti
1511 2023 1579 2058 sitis,
1596 2023 1668 2059 quod

23 2069 82 2107 φῶς.
99 2069 236 2109 Πρότερον
253 2069 279 2088 ³³
295 2068 343 2107 μὲν
358 2069 409 2109 γὰρ
425 2069 471 2098 καὶ
494 2069 564 2099 κατὰ
578 2070 612 2099 τὰ
636 2069 758 2109 δόγματα

924 2067 1019 2095 :nebris
1034 2067 1129 2095 lumen
1146 2067 1212 2095 facti
1231 2067 1301 2095 sitis.
1324 2067 1448 2095 Primum
1468 2067 1579 2104 quidem
1600 2072 1628 2095 et
1641 2069 1668 2096 in

22 2113 87 2142 κατὰ
102 2114 146 2143 τὸν
175 2114 230 2154 βίον
253 2113 345 2147 σκότος
371 2113 531 2154 αὐτόχρημα
563 2109 618 2150 ἦτε·
644 2117 688 2144 νῦν
712 2115 766 2154 se;

922 2112 1054 2147 ;matibus,
1075 2116 1103 2140 et
1127 2113 1155 2140 in
1173 2113 1235 2140 vitae
1250 2113 1465 2146 conversatione,
1492 2112 1614 2141 tenebrae
1638 2121 1666 2141 re

23 2158 86 2194 ἔστε,
100 2158 148 2189 ἅτε
163 2162 209 2188 καὶ
224 2158 294 2189 Θεὸν
310 2159 497 2198 ἐπεγνωκότες,
517 2159 562 2188 καὶ
576 2158 641 2198 ἔργα
657 2159 742 2200 φωτὸς
755 2173 767 2199 μ

918 2166 924 2184 ι
938 2157 1022 2185 eratis
1039 2167 1045 2184 :
1064 2165 1137 2185 nunc
1148 2165 1211 2185 vero
1226 2157 1317 2185 lumen
1329 2158 1404 2190 estis,
1421 2161 1515 2193 utpote
1530 2161 1558 2185 et
1572 2159 1662 2186 Deum

24 2201 110 2236 ιόντες.
133 2204 221 2234 Τοῦτο
245 2203 272 2232 δὲ
287 2203 393 2242 γέγονεν
421 2204 482 2242 ὑμῖν
508 2204 556 2232 οὐκ
580 2203 633 2233 ἀπὸ
648 2206 694 2240 τῆς
719 2205 768 2243 ὓμε

923 2206 1076 2236 noscentes,
1096 2207 1125 2230 et
1139 2211 1221 2238 opera
1243 2202 1309 2230 lucis
1330 2202 1470 2230 facientes.
1493 2204 1554 2230 Hoc
1575 2207 1667 2231 autem

24 2257 66 2285 ρας
87 2248 193 2287 ἀρετῆς,
220 2248 279 2276 ἀλλ’
304 2248 330 2276 ἒν
350 2248 454 2288 Κυρίῳ,
480 2247 600 2277 τουτέστι
617 2248 661 2277 διὰ
681 2251 729 2284 τῆς
744 2252 768 2279 οε

923 2247 981 2283 tigit
987 2247 1064 2275 vobis
1076 2255 1131 2275 non
1141 2255 1157 2274 a
1166 2251 1254 2275 vestra
1264 2247 1376 2279 virtute,
1385 2247 1432 2274 sed
1448 2259 1460 2270 α
1470 2247 1497 2274 in
1508 2247 1638 2281 Domino,
1654 2259 1666 2272 ιι

23 2290 131 2330 χάριτος.
158 2293 218 2323 Οὐκ
239 2287 283 2322 οὖν
309 2292 426 2332 ὀφείλετε
448 2296 502 2326 τοῖς
526 2293 590 2326 υἱοῖς
613 2296 659 2328 τῆς
681 2295 767 2323 ἀπειθε

930 2296 971 2320 est
983 2300 1031 2328 per
1045 2291 1166 2319 divinam
1176 2291 1370 2327 gratiamNon
1384 2291 1490 2320 debetis
1503 2291 1584 2328 igitur
1607 2291 1668 2320 ﬁliis

23 2339 160 2374 κοινωνεῖν,
187 2338 226 2378 ἐφ’
252 2336 295 2370 οὓς
318 2337 426 2377 ἔρχεται
448 2339 465 2372 ἡ
491 2336 567 2377 ὀργή·
593 2338 657 2367 ποτὲ
687 2338 738 2377 γὰρ
766 2352 767 2356 π

925 2336 1057 2365 iedientiac
1069 2341 1096 2364 et
1108 2336 1311 2365 incredulitatis
1321 2336 1541 2371 communicare,
1556 2337 1583 2364 in
1600 2344 1669 2374 quos

22 2383 128 2410 τοιοῦτοι
143 2381 189 2411 καὶ
204 2382 271 2417 ἄξιοι
295 2382 383 2421 ὀργῆς·
405 2385 450 2411 ν’ῠν
471 2381 499 2411 δὲ
525 2381 621 2412 οὐκέτι·
637 2382 674 2421 μὴ
694 2378 739 2413 οὖν
755 2395 766 2412 τ

922 2381 940 2408 it
951 2382 1000 2409 ira.
1023 2381 1169 2416 Quondam
1184 2381 1256 2409 enim
1270 2382 1354 2410 eratis
1368 2381 1436 2409 tales
1460 2381 1592 2418 dignique
1613 2382 1666 2416 ira,

23 2423 208 2465 λινδρομήσητε
224 2426 288 2466 πρὸς
309 2425 341 2455 τὸ
355 2425 457 2461 σκότος.

922 2434 942 2454 ιο
961 2430 1053 2454 autem
1078 2434 1134 2453 non
1147 2433 1229 2461 porro
1256 2436 1263 2454 :
1282 2434 1317 2454 ne
1337 2426 1418 2463 igitur
1434 2434 1530 2455 rursus
1550 2427 1666 2456 curratis

867 2471 902 2499 ad
921 2471 1056 2499 tenebras.

61 2515 73 2532 ι
89 2505 135 2540 Ὡς
148 2507 227 2536 τέκνα
249 2506 334 2548 φωτὸς
357 2511 538 2548 περιπατεῖτε.
557 2521 569 2534 ιι
591 2508 746 2546 Τουτέστιν,
767 2511 805 2539 εὖ-

921 2517 994 2544 ’sns.
1006 2519 1033 2544 8.
1043 2527 1055 2540 ει
1067 2517 1107 2544 Ut
1119 2515 1168 2544 ﬁlii
1179 2515 1248 2544 lucis
1258 2515 1406 2544 ambulate.
1416 2528 1427 2541 η
1439 2517 1500 2544 Hoc
1510 2516 1665 2550 estdecore,

24 2550 171 2597 ςλημόνως,
197 2551 241 2581 καὶ
265 2552 301 2585 ὣς
317 2551 395 2588 εἰκὸς,
411 2551 455 2581 τὸν
471 2553 497 2582 ἐν
521 2552 588 2597 φωτὶ
604 2556 766 2593 περιπατοῧν

919 2560 1143 2596 [uemadmodum
1154 2561 1232 2589 decet
1243 2568 1307 2588 eum
1320 2561 1366 2597 qui
1378 2561 1406 2589 in
1419 2561 1524 2589 lumine
1534 2561 1663 2588 ambulat.

24 2591 127 2646 ἓᾶλλον
151 2595 177 2624 δὲ
201 2596 352 2646 καὶ-ἄλλοις
368 2598 422 2636 φῶς
444 2591 600 2646 ᾗμᾶςγεῖναι
623 2591 768 2628 διακελεύει

923 2614 940 2633 n
957 2606 1049 2641 potius
1061 2605 1119 2633 aliis
1133 2606 1215 2633 etiam
1229 2614 1281 2633 nos
1295 2606 1386 2634 lumen
1400 2613 1459 2634 esse
1470 2605 1548 2641 jubet
1562 2614 1569 2632 :
1586 2604 1665 2632 lumi-

29 2636 59 2664 Ῑὸ
72 2638 121 2678 γὰρ
135 2642 180 2669 τοῦ
200 2641 284 2680 φωτὸς
297 2640 401 2680 τέκνον,
418 2641 524 2676 πάντως
540 2642 585 2671 καὶ
600 2642 664 2671 αὐτὸ
678 2644 741 2683 φῶς.

868 2649 910 2677 nis
924 2650 995 2677 enim
1011 2650 1083 2678 ﬁlius
1096 2650 1210 2678 omnino
1227 2654 1255 2678 et
1267 2651 1324 2686 ipse
1337 2650 1430 2678 lumcn
1449 2654 1501 2677 est.

63 2705 178 2735 PMatth.
194 2715 237 2742 vr,
251 2711 295 2736 14.
339 2708 374 2731 ει·
386 2708 459 2737 Psal.
475 2717 563 2744 CXIII,
582 2712 625 2737 l4.

714 2759 808 2789 Variae
831 2761 981 2791 lectiones.

58 2811 77 2828 ‘1
93 2813 188 2848 Παῦλος
204 2825 230 2846 0.
270 2817 292 2836 ¹⁸
307 2817 387 2853 λέγεις
397 2825 423 2846 ο.
463 2818 485 2834 ⁵¹⁹
496 2818 588 2852 ἕστησα
599 2827 626 2847 ο.
665 2820 686 2836 ³ο
700 2821 868 2856 σφαγιάζειο.
917 2822 937 2838 ²¹
957 2821 1012 2848 οὐδὲ
1027 2830 1052 2850 ο.
1094 2823 1114 2838 ²²
1135 2823 1178 2848 ἵνα
1198 2821 1373 2857 ἀναμιμνήσκῃ
1386 2829 1412 2849 0.
1452 2820 1473 2837 ’³
1485 2823 1581 2855 πρῶτον
1598 2826 1623 2847 ο.
