1886 3082
35 171 106 196 H09

35 232 154 268 δυσώδης
185 231 255 261 ἐστὶν
280 233 315 264 ὡς
344 232 358 260 6
383 230 491 270 νεκρὸς,
516 229 561 260 καὶ
588 230 774 269 ἀνενέργητος,
795 228 830 260 ὣς
845 229 868 258 Α

34 279 48 306 6
63 277 215 313 καθεύδων,
238 275 284 305 καὶ
310 275 475 315 ὀνειρώττει,
491 275 537 304 καὶ
556 275 717 315 φαντάζεται
733 273 766 302 τὰ
781 273 831 301 ἆν-

35 322 185 352 υπόστατα.
208 321 297 350 Ὅταν
321 316 366 350 οὖν
382 321 475 360 ίγερθῇ
497 332 536 353 τις
552 322 604 350 ἀπὸ
619 322 665 354 τῆς
683 318 831 358 ιὶιμιιιρτίας⁷

33 366 92 396 τότε
107 366 246 406 ἐπιφαύσει
268 367 341 405 αὐτῷ
365 367 378 394 6
404 366 530 404 Χριστὸς,
546 365 681 394 τουτέστιν
692 387 698 397 ,
713 363 829 400 ἐπιλάμ-

34 413 95 451 ψει,
119 410 211 449 ὥσπερ
237 410 282 440 καὶ
297 412 310 439 6
336 409 409 445 ἥλιος
438 410 491 442 τοῖς
515 409 541 444 ἐξ
565 409 647 438 ὕπνου
672 410 825 447 ἐγερθεῖσιν.

34 455 109 489 Ἕως
124 454 176 495 γὰρ
201 454 233 483 ἂν
249 458 276 484 ἐν
293 454 436 492 ἁμαρτίαις
463 454 536 491 ἐστὶ,
562 458 634 492 μισεῖ
653 452 683 482 τὸ
698 455 751 492 φῶς
763 477 768 484 ,
785 451 830 481 καὶ

35 502 81 529 οὐκ
93 500 202 540 ἔρχεται
217 500 281 539 πρὸς
299 500 364 529 αὐτό
379 499 414 528 ²⁹.
433 500 473 528 Οὐ
486 499 547 538 περὶ
565 499 682 528 ἀπίστων
698 498 725 527 δὲ
746 500 831 526 ταῦτα

35 545 114 583 μόνον
135 545 234 585 φησὶν,
265 544 333 573 ἀλλὰ
363 543 484 583 καὶπερὶ
507 546 620 574 πιστῶν.
646 543 739 584 Εὕροις
760 543 782 572 δ’
799 542 830 570 ἂν

35 589 161 630 διαφορὰν
181 592 228 618 τοῦ
249 601 277 618 τε
293 589 463 622 καθεύδοντος
481 589 526 618 καὶ
548 591 594 618 τοῦ
608 591 712 628 νεκροῦ.
733 587 832 617 Πολλοὶ

34 634 84 673 γὰρ
98 635 129 664 τὸ
148 634 229 663 κακὸν
255 633 302 672 μὲν
318 636 468 670 ποιοῦντες,
494 634 533 673 τῷ
561 633 736 674 πραττομένῳ
752 632 778 661 δὲ
803 633 831 661 οὐ

35 681 232 715 συναινοῧντες,
243 678 413 711 καθεύδοντες
427 678 458 707 ἂν
476 679 593 717 λεχθεῖεν
605 689 612 696 ’
628 677 653 707 οἳ
668 677 712 706 καὶ
728 676 832 716 ταχέως

36 724 228 757 διυπνίζονται”
252 723 316 763 πρὸς
332 722 375 756 οὓς
404 722 452 757 τὸ,
473 735 486 751 (ι
505 723 638 762 Ἐγειραι,
663 736 674 748 ιι
692 719 784 751 Ἄλλοι
804 722 831 750 δὲ

35 768 80 796 καὶ
93 771 198 797 ποιοῦσι
213 768 243 797 τὸ
265 768 364 803 κακὸν,
381 768 426 796 καὶ
451 771 654 807 συνηγοροῦσιν·
677 766 703 796 οἳ
719 768 764 796 καὶ
787 778 830 795 νε-

35 812 92 851 κροὶ
107 812 140 841 ἂν
158 813 328 850 ὄνομασθεῖεν
337 812 374 849 ³⁰,
394 814 430 846 ὡς
444 812 701 851 δυσανακλητότεροι
716 811 780 850 πρὸς
801 812 831 840 τὸ

475 166 650 195 EXPOSITIO
668 165 702 194 IN
723 164 824 192 EPIST.
847 164 892 190 AD
911 163 1028 190 EPHES.
1049 162 1181 193 -ὈΑΡ,
1201 163 1231 189 V.

1616 159 1684 186 lllO

884 233 947 253 sum
974 225 1052 253 dicit.
1078 226 1165 260 Eque
1191 231 1310 260 namque
1324 223 1403 251 virosi
1430 226 1472 250 est
1486 221 1578 250 odoris
1601 226 1683 258 atque

886 275 1021 301 mortuus,
1045 274 1073 297 et
1088 277 1185 296 vacans
1201 268 1313 303 perinde
1328 268 1449 301 actione,
1475 274 1506 294 ac
1524 266 1682 302 dormiens,

885 319 913 343 et
921 314 1027 342 somnia
1041 313 1125 345 videt,
1133 318 1160 341 et
1168 313 1336 347 imaginatur
1345 319 1377 340 ea
1387 319 1448 347 qua:
1457 319 1510 339 non
1521 311 1682 339 subsistunt.

885 360 955 387 Cum
970 359 1053 393 igitur
1065 358 1198 386 excitatus
1213 357 1294 385 fuerit
1307 356 1442 392 quispiam
1458 363 1473 383 a
1488 360 1610 391 peccato,
1622 359 1682 383 tum

886 404 992 431 illuscet
1008 404 1031 431 ei
1041 403 1175 432 Christus.
1187 402 1239 429 hoc
1249 405 1300 435 est,
1316 400 1438 436 fulgebit,
1453 401 1524 428 sicut
1538 400 1577 428 sol
1592 400 1625 428 iis
1639 400 1684 436 qui

885 456 899 476 e
914 456 1012 476 somno
1025 452 1089 476 sunt
1103 447 1220 475 excitati.
1236 445 1379 481 Tantisper
1402 445 1476 472 enim
1494 444 1561 472 dum
1577 445 1604 472 in
1620 452 1685 480 pec-

884 493 952 521 catis
964 498 1014 526 est,
1029 493 1087 520 odit
1106 493 1206 525 lucem,
1224 499 1275 519 nec
1291 491 1364 518 venit
1385 489 1419 517 ad
1442 490 1539 525 ipsam.
1571 491 1632 517 Non
1651 489 1685 517 de

886 537 1041 565 inﬁdelibus
1064 542 1157 565 autem
1179 536 1238 564 haec
1262 540 1371 563 tantum
1395 534 1470 567 dicit,
1488 542 1583 562 verum
1603 538 1631 562 et
1651 533 1685 562 de

885 582 1018 610 ﬁdelihus.
1035 582 1159 609 Invenias
1173 586 1265 609 autem
1286 580 1434 607 discrimen
1456 579 1528 606 inter
1547 578 1687 606 dormien-

885 631 940 654 tem
955 632 981 654 ιιι
994 631 1145 654 mortuum.
1163 626 1287 660 Plerique
1301 624 1374 652 enim
1389 624 1434 659 qui
1453 624 1556 651 malum
1575 623 1620 659 qui
1633 627 1686 651 lem

885 676 1007 706 patrant,
1033 675 1172 706 patratum
1196 674 1287 698 autem
1311 677 1368 697 non
1389 669 1591 704 comprobant,
1618 667 1684 696 dor-

886 717 1000 743 mir-mes
1015 715 1068 744 dici
1079 715 1199 751 possint,
1217 715 1264 752 qui
1278 718 1305 742 et
1319 713 1443 742 celeriter
1457 713 1614 741 excitantur
1627 721 1634 741 :
1650 713 1686 741 ad

886 769 955 796 quos
971 761 1088 796 pertinet
1101 761 1172 796 quod
1189 759 1264 793 dicit,
1281 771 1293 783 κ
1306 758 1430 794 Expergi.
1439 765 1512 786 cere.
1526 770 1538 782 ιι
1555 757 1685 786 Nonnulli

885 809 979 833 autem
991 804 1076 841 409
1089 809 1116 832 et
1131 804 1238 832 faciunt
1249 803 1362 837 malum,
1375 807 1403 830 et
1417 803 1628 838 patrocinentur
1639 802 1662 829 ei
1677 811 1684 830 :

35 847 145 895 ἀγαθόν.
170 847 267 896 ⁶σμως
292 857 337 886 καὶ
363 847 463 889 τούτοις
484 859 498 886 6
525 857 600 895 λόγος
626 847 712 897 iugo?
739 847 777 890 ib:
801 856 832 885 ἂν
852 858 912 893 ΒΨ

927 850 933 877 i
950 850 1051 877 mortui
1065 849 1117 877 dici
1132 853 1245 886 queant,
1269 852 1300 876 ut
1313 847 1360 883 qui
1377 847 1516 875 difﬁcilius
1529 847 1562 874 ad
1580 847 1684 875 bonum

35 903 178 931 ἀνασταῖεν
190 913 196 920 ·
211 903 240 932 οὐ
255 901 306 941 γὰρ
324 901 496 941 ἄπογνωστέα
513 902 639 942 ἡτρεπτὴ
656 902 740 942 φύσις,

77 1037 91 1055 ιι
108 1026 226 1057 Βλέπετε
243 1021 288 1056 οὖν
301 1050 310 1063 ,
323 1029 380 1061 πῶς
396 1027 514 1067 ἀκριϐῶς
535 1031 723 1067 περιπατεῖτε,
738 1025 775 1063 μὴ
796 1027 831 1060 ὡς

35 1071 144 1110 ἄσοφοι,
171 1073 230 1101 ἀλλ’
245 1073 278 1105 ὡς
304 1072 389 1110 σοφοί.
406 1085 420 1100 v
451 1073 504 1102 Καὶ
528 1073 565 1101 ἔτι
593 1071 640 1107 τὴν
664 1072 772 1111 πικρίαν
788 1070 832 1100 καὶ

35 1117 79 1151 τὴν
104 1117 187 1156 ὀργὴν
211 1117 378 1155 ἐκκαθαίρει,
406 1118 440 1149 ὡς
467 1116 497 1145 ἂν
519 1118 540 1146 εἰ
565 1117 651 1154 λέγων
671 1116 769 1154 αὖςοῖς,
793 1116 832 1145 ὅτι

36 1161 167 1200 Πρόεατά
195 1162 255 1190 ἐστε
282 1160 380 1198 μεταξὺ
408 1161 515 1197 λύκων,
553 1162 646 1190 πολλοὶ
674 1160 739 1201 πρὸς
763 1162 832 1196 ὑμᾶς

35 1205 218 1244 ἆγριαίνουσι,
253 1206 298 1234 καὶ
326 1207 350 1235 οἱ
379 1206 555 1235 οἰκειότατον
585 1206 710 1245 βλέπετε,
739 1205 832 1243 μηδενὶ

35 1250 98 1279 δῶτε
139 1251 260 1290 ἀφορμὴν
289 1250 402 1290 ἔχθραςο
429 1250 499 1286 πλὴν
514 1253 560 1285 τῆς
585 1252 715 1286 πίστεως,
741 1250 832 1289 μηδεὶς

35 1296 105 1332 ὑμῶν
118 1295 144 1313 3'
171 1295 257 1333 ἕτερόν
273 1307 297 1324 τι
325 1295 487 1335 ἐγκαλείτω,
511 1295 579 1324 ἀλλὰ
605 1295 651 1324 καὶ
679 1294 759 1332 τιμὴν
786 1295 831 1324 καὶ

35 1338 156 1372 ὑπακοὴν
171 1343 259 1369 πᾶσαν
280 1340 460 1369 ἐπιδείκνυσθε
470 1362 478 1375 ,
493 1339 553 1369 ἔνθα
576 1340 613 1378 μὴ
628 1342 643 1375 ἡ
659 1339 745 1372 πίστις
766 1341 830 1378 βλά-

35 1395 154 1420 πτηται,
171 1384 217 1413 καὶ
239 1385 391 1423 περιστεραὶ
409 1385 523 1423 γίνεσθε.
539 1386 628 1415 Τοῦτο
649 1384 700 1424 γὰρ
725 1385 830 1425 σοφίας,

35 1428 92 1463 ἤτοι
112 1428 284 1468 φρονήσεως,
311 1434 342 1458 τὸ
369 1433 458 1468 τηρεῖν
484 1429 594 1463 ἑαυτοὺς
623 1429 830 1465 ἀνεπιλήπτους,

36 1473 135 1511 μηδένα
148 1475 337 1512 ἀμυνομένους.
851 1492 873 1524 C

77 1571 90 1584 α
107 1557 346 1598 Ἔξαγοραζόμενοι
381 1559 426 1588 τὸν
455 1559 556 1598 καιρόν.
579 1569 594 1588 ι)
627 1560 667 1589 Οὖ
699 1560 833 1593 ποικίλους

37 1605 106 1641 ἡμᾶς
119 1598 188 1632 εἶναι
211 1604 341 1639 διδάσκει,
368 1605 428 1633 ἀλλ’
449 1605 551 1639 ἐπειδὴ,
568 1603 664 1644 φησὶν,
687 1605 735 1633 οὖκ
761 1606 831 1634 ἔστιν

37 1648 161 1687 ὑμέτερος
175 1649 188 1676 6
207 1649 298 1686 καιρὸς
309 1670 317 1684 ,
333 1648 402 1678 ἀλλὰ
428 1649 551 1688 πάροικοί
564 1651 622 1678 ἐστε
633 1671 640 1684 ,
657 1649 701 1678 καὶ
717 1649 832 1688 παρεπί-

38 1694 131 1729 δημοι,
149 1693 196 1722 καὶ
222 1694 371 1733 ἀλλότριοι,
387 1692 424 1731 μὴ
448 1695 550 1729 ζητεῖτε
571 1693 652 1731 τιμὴν
675 1694 720 1722 καὶ
738 1693 829 1731 δοξαν,

38 1738 102 1774 μηδὲ
130 1737 276 1772 ἐκδίκησιν,
299 1738 369 1767 ἀλλὰ
384 1737 472 1767 πάντα
489 1738 595 1778 φέρετε,
619 1739 668 1766 κᾶν
683 1737 767 1778 τούτῳ
787 1738 831 1767 τὸν

37 1782 125 1820 καιρὸν
150 1782 318 1822 ἐξαγοράζετε
331 1795 337 1801 -
352 1783 440 1812 πάντα
463 1784 608 1812 κατάθεσθε
630 1782 679 1811 ὅσα
695 1781 727 1811 ἂν
749 1783 831 1811 Θέλω-

37 1838 85 1856 σιν.
104 1826 216 1866 Ὥσπερ
232 1826 302 1860 εἴτις
317 1829 452 1862 πλούσιος,
467 1829 534 1867 ὁρῶν
547 1840 618 1861 τινας
633 1827 753 1860 ἐπιόντας
763 1827 831 1857 ὥστε

37 1872 111 1901 αὐτὸν
139 1873 256 1908 ἀνελεῖν,
287 1873 373 1902 πάντα
394 1873 473 1902 δώσει
499 1872 545 1901 καὶ
573 1872 699 1906 ἐξελεῖται
725 1872 834 1902 ἑαυτόν·

37 1916 103 1945 οὕτω
116 1915 164 1946 καὶ
179 1918 254 1953 ὓμεῖς
269 1916 356 1946 πάντα
375 1917 449 1954 δότε,
470 1919 506 1950 ὥς
528 1917 557 1945 τὸ
572 1918 714 1957 κεφάλαιον
732 1918 832 1947 διασώ-

37 1964 131 1991 σασθαι
144 1983 153 1998 ,
167 1961 215 1997 τὴν
227 1961 315 2001 πίστιν
326 1961 405 2001 λέγω.

79 2019 90 2031 α
106 2004 176 2036 Ὅτι
197 2007 225 2035 αἱ
242 2000 343 2045 ’ἡμέραι
357 2000 471 2045 πονηραί
495 2007 573 2037 εἰσιν,
593 2018 607 2036 )›
624 2008 664 2037 Οὖ
679 2007 726 2043 τὴν
742 2007 832 2037 οὐσίαν

38 2051 86 2079 τῶν
111 2052 221 2089 ἡμερῶν
237 2050 393 2092 διαβάλλει·
419 2051 493 2092 οὖσία
519 2052 571 2092 γὰρ
596 2053 697 2092 ἡμέρας
723 2052 752 2081 τὸ
781 2055 833 2092 (θῶς

37 2096 130 2135 τυχὸν,
155 2096 202 2125 καὶ
228 2096 255 2124 αἱ
279 2091 365 2134 ὧραι·
394 2095 433 2129 τίς
450 2091 493 2126 οὖν
520 2097 635 2136 πονηρία
658 2098 684 2126 ἐν
714 2097 830 2133 τούτοιςς

38 2141 103 2169 ἀλλὰ
119 2141 165 2169 διὰ
180 2139 213 2169 τὰ
237 2142 264 2170 ἐν
282 2144 340 2173 ταῖς
362 2141 475 2181 ἡμέραις
490 2141 633 2179 γινόμενα,
655 2142 702 2176 τὰς
733 2142 834 2180 ἡμέρας

37 2185 104 2214 δοκεῖ
129 2185 282 2214 διαϐάλλειν
294 2197 301 2204 υ
317 2185 436 2225 καθάπερ
463 2187 590 2223 εἰώθαμεν
607 2187 692 2225 λέγειν
703 2198 709 2205 ·
737 2186 830 2221 Κακὴν
845 2184 870 2216 D

38 2230 136 2269 ἡμέραν
154 2231 295 2269 διήγαγον,
311 2230 354 2258 διὰ
369 2229 402 2259 τὰ
418 2231 444 2259 ἐν
458 2230 542 2269 ταύτῃ
560 2230 700 2268 συμϐάντα
717 2231 830 2268 δηλαδὴ,

38 2274 52 2302 ἃ
67 2274 128 2314 παρ’
145 2275 289 2314 ἀνθρώπων
309 2277 432 2314 πονηρῶν
449 2274 552 2314 ἐγένετο
564 2275 599 2310 ³³,
615 2277 644 2304 οὗ
660 2275 734 2315 παρὰ
748 2277 829 2306 Θεοῦ.

38 2319 86 2348 Διὰ
109 2321 188 2348 τοῦτο
213 2319 298 2348 τοίνυν
320 2321 349 2348 αἱ
371 2319 472 2359 ἡμέραι
501 2320 614 2359 πονηραὶ
635 2319 771 2360 λέγονται,
799 2323 832 2353 ὡς

37 2363 164 2403 πονηροὺς
189 2364 340 2403 ἀνθρώπους
363 2364 471 2404 ἔχουσαι
499 2365 525 2393 ἐν
550 2366 642 2398 αὐταῖς
661 2367 831 2405 κρατοῦντας.

79 2461 93 2477 ιι
105 2449 158 2479 Διὰ
172 2451 249 2478 τοῦτο
264 2448 301 2487 μὴ
316 2449 419 2489 γίνεσθε
434 2449 560 2490 ἄφρονες,
579 2450 648 2480 ἀλλὰ
664 2450 793 2484 συνιέντες
808 2451 835 2480 τί

38 2492 67 2522 τὸ
90 2494 195 2531 θέλημα
210 2496 256 2523 τοῦ
280 2497 362 2526 Θεοῦ,
379 2505 394 2523 ι)
420 2494 548 2530 Ἐπειδὴ,
570 2495 660 2534 φησίν,
676 2497 702 2524 αἱ
734 2496 834 2535 ἡμέραι

39 2538 166 2578 πονηροὺς
205 2539 356 2576 ἀνθρώπους
384 2539 505 2579 ἔχουσιν,
543 2541 618 2577 ὑμεῖς
651 2541 686 2572 ὡς
712 2541 833 2580 φρόνιμοι

40 2583 162 2612 σπεύδετε
192 2584 325 2622 μηδεμίαν
351 2586 437 2617 αὐτοῖς
463 2584 586 2624 ἀφορμὴν
611 2585 726 2613 διδόναι’
757 2589 834 2615 τοῦτο

41 2626 89 2666 γὰρ
103 2627 132 2657 τὸ
143 2628 245 2667 θέλημα
267 2632 312 2658 τοῦ
327 2629 416 2665 Θεοῦ,
443 2629 473 2658 τὸ
488 2631 514 2658 ἐν
535 2633 616 2658 πᾶσιν
641 2629 834 2664 ἀνεπιλήπτους

42 2673 146 2706 ἑαυτοὺς
163 2677 266 2713 τηρεῖν,
290 2674 357 2711 μετὰ
371 2676 416 2703 τοῦ
433 2673 478 2703 καὶ
503 2673 552 2709 τὴν
573 2674 662 2702 πίστιν
680 2674 830 2714 φυλάττειν.

887 893 1009 921 revocari
1021 897 1131 930 queant.
1144 895 1273 921 Attamen
1282 896 1310 920 et
1320 891 1362 919 his
1376 891 1490 919 verbum
1505 891 1643 924 inclamat,
1654 894 1686 918 ut

887 943 1001 973 surgant
1024 948 1030 965 :
1047 945 1104 966 non
1125 937 1200 965 enim
1221 935 1423 972 deSperandum
1442 940 1483 964 est
1504 935 1539 964 de
1561 935 1684 963 mutabili

886 987 994 1012 natura.

924 1030 1016 1057 Vens.
1037 1032 1079 1058 l5.
1100 1040 1113 1053 α
1129 1028 1228 1057 Videte
1242 1028 1333 1064 itaque
1344 1027 1484 1064 quomodo
1496 1032 1574 1056 caute
1584 1027 1683 1056 ambu-

887 1073 960 1108 letis,
982 1082 1036 1102 non
1056 1074 1132 1110 quasi
1147 1073 1322 1109 insipientes,
1338 1073 1387 1100 sed
1402 1072 1485 1100 veluti
1500 1073 1645 1105 sapientes.
1670 1084 1682 1097 ιι

887 1119 1104 1146 Amarulentiam
1130 1118 1222 1146 adhuc
1253 1118 1377 1153 iramque
1403 1121 1545 1153 expurgat,
1575 1117 1685 1153 perinde

886 1163 964 1198 quasi
980 1163 1052 1191 dicat
1064 1163 1112 1195 eis,
1128 1164 1200 1191 Oves
1215 1163 1281 1190 estis
1291 1162 1319 1190 in
1337 1163 1465 1198 luporum
1481 1161 1589 1195 medio,
1604 1162 1684 1190 multi

885 1215 949 1243 erga
966 1216 1012 1235 vos
1028 1208 1112 1235 feroci
1125 1211 1191 1235 sunt
1203 1207 1305 1240 animo,
1320 1207 1366 1243 qui
1381 1206 1464 1234 etiam
1480 1206 1685 1235 familiarissimi

887 1252 1012 1280 videntur
1024 1263 1030 1280 ε
1043 1252 1133 1280 videte
1148 1256 1241 1279 autem
1254 1260 1288 1279 ne
1298 1251 1417 1286 cuipiam
1430 1250 1502 1278 detis
1511 1251 1685 1280 occasionem

886 1296 1035 1325 inimicitia:
1047 1305 1054 1324 :
1066 1297 1116 1324 nisi
1129 1296 1190 1324 ﬁdei
1200 1303 1291 1329 causa,
1301 1304 1384 1324 nemo
1393 1304 1440 1323 vos
1450 1295 1476 1323 in
1488 1295 1543 1324 alio
1555 1296 1684 1332 quopiam

886 1346 1006 1375 accuset,
1029 1346 1161 1369 caeterum
1181 1346 1209 1369 et
1223 1341 1355 1368 honorem
1375 1345 1401 1368 et
1423 1348 1535 1368 omnem
1550 1340 1685 1369 obedien-

886 1386 952 1413 tiam
972 1391 1109 1421 prwstate,
1133 1386 1180 1414 ubi
1201 1385 1268 1413 ﬁdes
1291 1393 1347 1413 non
1370 1385 1558 1419 labefactetur,
1583 1393 1615 1413 ac
1636 1394 1683 1414 co-

886 1431 1043 1459 lumbarum
1069 1438 1118 1458 vos
1141 1438 1218 1458 more
1245 1430 1354 1467 geratis.
1379 1430 1524 1465 Sapientiae
1545 1430 1620 1458 enim
1642 1435 1685 1458 est

886 1479 966 1510 atque
982 1475 1145 1510 prudentiae,
1158 1483 1267 1502 servare
1282 1475 1405 1510 vosipsos
1415 1475 1682 1510 irreprehensibiles,

888 1520 1024 1548 neminem
1038 1520 1209 1549 ulciscentes.

921 1566 1011 1594 Vens.
1030 1568 1072 1593 16.
1091 1577 1104 1589 ι
1128 1565 1303 1593 Redimentes
1325 1568 1445 1600 tempus.
1474 1575 1486 1588 ι
1508 1564 1572 1592 Non
1595 1565 1685 1593 varios

885 1618 936 1638 nos
951 1618 1010 1638 esse
1024 1610 1115 1644 docet,
1128 1617 1223 1637 verum
1234 1609 1295 1646 quia
1309 1613 1419 1645 tempus
1433 1617 1488 1637 non
1497 1614 1539 1637 est
1552 1614 1684 1644 vestrum,

886 1655 933 1682 sed
955 1655 1067 1682 advenae
1090 1655 1165 1688 estis,
1181 1658 1208 1682 et
1231 1653 1378 1690 peregrini,
1394 1658 1421 1681 et
1434 1653 1530 1688 exteri,
1551 1662 1587 1682 ne
1611 1661 1686 1690 quae-

885 1699 952 1727 ratis
978 1699 1112 1727 honorem
1143 1704 1171 1727 et
1194 1699 1309 1735 gloriam
1345 1706 1434 1734 neque
1463 1698 1608 1733 ultionem,
1635 1699 1684 1727 sed

885 1744 977 1772 omnia
993 1743 1073 1778 ferte,
1089 1748 1172 1780 atque
1186 1744 1214 1771 in
1233 1744 1286 1771 hoc
1301 1748 1411 1779 tempus
1429 1743 1556 1771 redimite
1570 1753 1576 1770 :
1589 1744 1685 1772 omnia

883 1789 964 1816 etiam
977 1796 1040 1824 qua
1053 1789 1203 1821 voluerint,
1220 1788 1380 1824 permitilte.
1397 1788 1642 1824 Quemadmodum
1661 1789 1684 1816 si

884 1833 946 1869 quis
976 1835 1122 1868 opulentus
1143 1833 1231 1860 videat
1262 1833 1367 1868 aliquos
1400 1833 1558 1860 invadentes
1595 1840 1624 1860 se
1655 1837 1686 1860 ut

885 1878 977 1913 ipsum
998 1877 1173 1911 interﬁciant,
1197 1877 1290 1905 omnia
1305 1876 1383 1904 dabit
1396 1884 1480 1912 seque
1501 1876 1589 1912 ipsum
1613 1877 1684 1904 redi-

885 1927 943 1950 met
959 1933 965 1949 :
983 1922 1057 1950 hunc
1075 1922 1109 1950 ad
1125 1921 1237 1949 modum
1253 1925 1281 1949 et
1295 1929 1344 1949 vos
1360 1921 1452 1949 omnia
1469 1920 1543 1955 date,
1558 1925 1589 1949 ut
1602 1925 1684 1956 caput

886 1971 913 1994 et
924 1974 1063 1995 summam
1075 1967 1252 1999 conservetis,
1264 1973 1363 2001 nempe
1373 1964 1467 1993 ﬁdem.

923 2023 936 2036 α
951 2010 1087 2047 Quoniam
1103 2010 1161 2038 dies
1185 2010 1250 2038 mali
1271 2015 1344 2038 sunt.
1365 2021 1378 2034 ι
1393 2010 1455 2038 Non
1469 2009 1577 2038 dierum
1593 2017 1684 2039 essen-

885 2056 953 2084 tiam
975 2054 1163 2090 reprehendit,
1187 2055 1315 2087 (essentia
1334 2055 1408 2082 enim
1425 2053 1479 2082 dici
1495 2054 1539 2082 lux
1561 2059 1603 2082 est
1623 2054 1684 2083 for-

886 2100 975 2134 tassis,
992 2104 1019 2127 et
1041 2100 1140 2128 horae:
1163 2107 1226 2136 quae
1239 2100 1322 2132 igitur
1340 2099 1367 2126 in
1391 2099 1464 2127 hisce
1488 2098 1589 2127 malitia
1615 2102 1685 2134 est?)

887 2145 934 2172 sed
949 2149 1061 2181 propter
1075 2153 1106 2171 ea
1127 2152 1190 2180 qua:
1205 2145 1232 2172 in
1246 2143 1344 2171 diebus
1359 2143 1440 2178 ﬁunt,
1455 2143 1567 2172 easdem
1578 2144 1686 2172 videtur

886 2190 1010 2217 incusare
1027 2198 1034 2216 :
1051 2189 1165 2224 perinde
1185 2197 1216 2216 ac
1231 2189 1350 2216 solemus
1364 2187 1474 2223 dicere,
1489 2189 1594 2216 Malum
1611 2188 1686 2217 diem

886 2234 1014 2270 transegi,
1036 2238 1149 2270 propter
1167 2241 1199 2261 ea
1217 2233 1348 2260 nimirum
1361 2241 1423 2269 quae
1438 2233 1466 2260 in
1488 2233 1548 2268 ipso
1561 2233 1686 2270 contige—

887 2283 962 2312 runt,
979 2285 1040 2314 quae
1055 2277 1090 2305 ab
1109 2277 1266 2305 hominibus
1291 2277 1379 2313 pravis
1397 2276 1470 2305 facta
1493 2281 1570 2311 sunt,
1591 2285 1647 2305 non
1669 2286 1686 2306 a

890 2325 958 2350 Deo.
986 2324 1132 2358 Propterea
1160 2322 1241 2358 igitur
1265 2320 1324 2349 dies
1347 2322 1423 2358 pravi
1449 2321 1589 2357 dicuntur,
1624 2325 1686 2350 tan-

890 2376 971 2404 quam
991 2368 1137 2396 sceleratos
1153 2367 1280 2396 homines
1302 2367 1332 2395 in
1356 2367 1408 2395 illis
1429 2365 1605 2396 dominantes
1635 2367 1687 2396 ha-

889 2413 981 2441 beant.

926 2459 1014 2486 Vsns.
1030 2460 1073 2485 11.
1092 2468 1104 2482 ιι
1118 2458 1268 2493 Propterea
1282 2464 1338 2485 non
1353 2456 1410 2485 sitis
1424 2455 1623 2493 imprudentes,
1638 2456 1687 2485 sed

888 2502 1069 2538 intelligentes
1091 2510 1153 2538 qua:
1176 2503 1211 2530 sit
1236 2503 1364 2530 voluntas
1391 2502 1452 2530 Dei.
1479 2513 1489 2526 ο
1520 2503 1588 2538 Quia
1618 2500 1686 2535 dies,

889 2547 986 2582 inquit,
1001 2554 1099 2581 pravos
1114 2546 1240 2574 homines
1255 2547 1381 2581 habeant,
1400 2554 1449 2574 vos
1463 2546 1551 2574 instar
1565 2545 1687 2582 pruden-

888 2591 957 2619 tium
972 2591 1035 2619 date
1051 2600 1174 2627 operam,
1197 2600 1231 2619 ne
1251 2591 1334 2620 ullam
1355 2591 1393 2619 eis
1412 2591 1585 2620 occasionem
1605 2588 1687 2617 detis.

889 2637 956 2664 Haec
986 2636 1060 2664 enim
1085 2641 1126 2664 est
1146 2637 1275 2664 voluntas
1299 2635 1363 2669 Dei,
1385 2639 1416 2663 ut
1440 2643 1488 2663 vos
1507 2635 1534 2662 in
1555 2633 1682 2662 omnibus

889 2680 1041 2716 inculpatos
1054 2680 1127 2708 salva
1147 2680 1202 2708 ﬁde
1218 2680 1394 2708 conservetis.

730 2754 826 2784 Variae
847 2755 995 2786 lectiones.

77 2810 98 2826 ’9
108 2810 137 2837 τὶ)
146 2814 194 2846 ςσῶς
207 2820 233 2840 0.
270 2812 292 2828 3"
307 2813 447 2848 νομισθεῖεν
462 2821 489 2840 Ο.
527 2812 547 2830 ³¹
565 2812 624 2848 iani»
638 2821 664 2841 ο.

703 2814 724 2829 Ἠ
737 2814 849 2849 γίνονται
862 2821 890 2842 ο.
