1886 3082
210 173 276 201 HM

244 236 334 263 Vens.
349 237 391 263 18.
405 246 418 259 α
434 236 470 263 Et
478 236 562 264 nolite
575 236 704 264 inebriari
715 236 790 265 vino.
803 248 817 262 ι
829 237 902 265 Iram
914 236 1005 264 adhuc
1019 239 1046 270 Α

209 279 320 314 corrigit
339 288 346 306 :
371 287 437 308 nam
452 284 481 308 et
499 280 552 308 vini
569 279 751 309 immoderata
770 281 844 317 potio
859 282 1006 310 iracundos

210 323 275 353 facit
295 331 326 352 ac
354 325 525 353 temerarios.
560 324 641 360 Quod
675 330 767 354 autem
793 326 1006 355 immoderatum

211 378 294 399 usum
309 370 430 404 damnet,
445 370 557 406 planum
578 375 620 398 est
637 379 670 399 ex
691 379 734 406 eo,
757 371 832 408 quod
850 379 907 399 non
928 372 1004 405 dixit,

210 416 251 444 Ne
273 415 356 443 bibite
382 426 387 442 :
410 414 469 449 sed,
497 427 510 439 ι
532 415 574 443 Ne
593 415 777 444 inebriamini.
797 428 809 440 η
834 416 1007 444 Temuleutia

210 464 304 488 autem
324 464 366 487 est
388 459 422 487 ab
436 467 563 493 excessu;
577 468 643 488 nam
660 461 755 488 vinum
777 460 920 489 moderate
934 469 1007 488 sum-

210 509 290 541 ptum
309 509 338 532 et
355 504 499 532 sanitatem
514 504 597 532 efﬁcit
609 504 731 541 (perinde
752 513 783 533 ac
795 505 851 542 ipse
867 506 949 534 etiam
971 505 1008 534 ait

210 549 246 577 ad
262 549 437 577 Timotheum
445 551 465 582 τ)
481 553 508 577 et
520 549 654 582 laetitiam,
670 554 701 578 ut
721 550 804 578 David
817 551 855 578 ait
866 557 885 578 ι.
901 551 1008 578 Rursus

211 593 350 629 Scriptura
361 595 398 622 ait
412 603 419 621 :
431 595 440 613 ι
456 605 468 618 ιι
482 595 551 622 Date
561 594 658 622 vinum
672 595 860 630 maerentibus,
876 603 907 623 ac
918 596 1007 623 ebrie-

209 643 298 668 tatem
318 651 330 664 ι
357 640 412 668 sive
429 639 617 676 profusionem
639 652 651 665 «ι
677 640 841 669 dolentibus.
864 653 876 665 ιι
900 641 1009 669 Frontis

209 684 284 712 enim
298 685 472 720 asperitatem
488 684 573 721 410
597 689 624 713 et
645 685 758 713 nebulas
777 684 900 713 dissolvit
923 694 930 713 :
947 693 1008 721 pro-

209 732 302 764 pterea
317 733 344 757 et
355 736 470 765 corpora
485 733 580 757 nostra
602 731 677 757 Deus
694 728 836 757 moderata
853 734 880 758 et
894 738 1008 766 propor-

210 772 348 802 tionabilia
380 773 461 808 fecit,
487 777 517 801 ut
540 773 631 808 paucis
661 775 718 802 sint
745 778 885 810 contenta,
922 779 950 803 et
974 775 1009 804 ad

209 819 324 846 alteram
343 817 427 846 vitam
447 817 583 846 festinent.

247 874 259 887 ιι
277 865 307 891 ln
323 870 377 899 quo
396 867 437 891 est
454 863 542 891 luxus.
560 875 571 888 ο
588 864 649 892 Hoc
663 868 704 892 est
718 864 915 892 immoderatus
929 873 1004 893 usus.
1025 871 1048 903 Β

211 908 273 936 Non
300 908 372 936 enim
395 913 496 942 servm,
522 908 571 936 sed
597 909 686 944 perdit
706 917 762 937 non
789 917 890 945 corpus
910 911 1013 951 solum1

210 953 257 980 sed
277 957 305 980 et
318 953 437 981 animam
453 963 460 981 :
477 953 537 981 haec
549 953 622 981 enim
636 957 677 981 est
691 953 788 987 asotia,
806 953 834 982 id
854 958 896 982 est
918 955 1015 994 luxus,

211 998 267 1026 sive
290 997 408 1026 luxuria.
430 998 481 1026 Vel
504 997 612 1024 ἀσωτίαν
636 998 715 1034 juxta
740 998 814 1035 vulgi
834 999 1014 1027 consuetudi-

211 1050 277 1071 nem
292 1051 342 1079 pro
356 1042 466 1072 libidine
480 1044 579 1079 accipit
596 1053 603 1071 :
627 1052 660 1072 ex
675 1043 834 1072 temulentia
846 1045 919 1072 enim
931 1044 1013 1073 libido

211 1088 340 1116 nascitur.

247 1133 336 1161 Vnns.
369 1135 403 1161 19
429 1143 441 1157 ι
469 1133 520 1161 Sed
547 1133 700 1169 implemini
728 1134 840 1170 Spiritu,
869 1134 1013 1170 loquentes

209 1178 353 1214 vobisipsis
367 1178 395 1205 in
421 1177 543 1214 psalmis,
565 1182 592 1205 et
615 1178 737 1214 hymnis,
762 1183 789 1206 et
804 1179 919 1206 canticis
932 1179 1012 1214 spiri-

209 1223 337 1257 tualibus,
363 1226 505 1250 cantantes
527 1227 555 1250 et
578 1223 722 1258 psallentes
751 1223 779 1250 in
806 1223 890 1251 corde
920 1228 1009 1251 vestro

209 1269 343 1296 Domino.
365 1279 378 1292 ν
403 1267 460 1301 Vis,
482 1267 584 1303 inquit,
606 1267 712 1295 laetari?
728 1268 801 1304 Fuge
817 1268 869 1295 vini
886 1268 1010 1304 repletio-

210 1323 286 1348 nem,
297 1319 324 1342 et
332 1315 436 1350 Spiritu
445 1319 540 1342 sancto
550 1315 689 1350 impleare.
701 1315 763 1342 Hoc
777 1319 870 1342 autem
881 1314 1009 1343 obveniet

209 1360 269 1394 tibi,
295 1360 316 1388 si
333 1360 451 1396 psallere
471 1359 607 1388 didiceris.
633 1360 782 1388 Psallentes
808 1360 882 1388 enim
907 1360 1007 1396 Spiritu

210 1409 303 1432 sancto
317 1403 475 1440 implentur,
499 1404 614 1440 perinde
630 1411 662 1432 ac
681 1404 698 1431 ii
714 1403 763 1440 qui
783 1403 922 1432 satanicas
943 1411 1008 1431 can-

209 1450 307 1477 tilenas
343 1449 501 1483 concinunt,
542 1449 638 1484 Spiritu
666 1449 811 1477 immundo
847 1448 1006 1485 implentur.

209 1495 327 1523 Psallere
344 1499 436 1523 autem
457 1494 485 1521 in
506 1493 598 1529 corde,
620 1494 672 1521 hoc
690 1499 741 1529 est,
758 1502 823 1522 cum
843 1494 955 1522 scientia
979 1498 1006 1522 et
1024 1522 1043 1532 η

209 1538 293 1566 corde
304 1546 360 1566 non
369 1538 423 1566 huc
433 1538 497 1565 illuc
506 1542 638 1566 versante.
655 1539 708 1574 Qui
718 1538 792 1565 enim
806 1539 899 1566 animo
914 1538 1006 1566 obser-

209 1585 256 1608 vat
265 1581 328 1616 quid
341 1582 444 1617 psallat,
456 1581 501 1609 ille
510 1581 595 1609 corde
605 1582 706 1617 psallit.
722 1581 851 1617 Expende
861 1582 905 1609 hic
915 1586 1007 1609 autem

208 1625 282 1660 quod
297 1629 441 1661 postquam
464 1626 585 1653 animam
612 1626 646 1653 ab
674 1626 853 1653 amarulentia
892 1626 1005 1661 aliisque

209 1669 353 1698 aﬂ'ectibus
377 1671 467 1706 pravis
500 1672 667 1706 purgaverit,
692 1671 935 1708 misericordesque
958 1679 1009 1700 nos

209 1713 316 1750 fecerit,
332 1719 359 1743 et
380 1715 415 1743 ad
430 1715 641 1744 condonandum
661 1716 805 1752 proclives,
821 1721 881 1744 tum
905 1716 1009 1752 Spiritu

210 1764 306 1787 sancto
329 1760 437 1796 impleri
455 1768 507 1788 nos
521 1760 691 1789 adhortatur.
707 1761 767 1788 Non
783 1761 858 1788 enim
877 1761 1007 1797 simplici-

210 1809 254 1833 ter
276 1805 374 1840 veniet,
400 1805 447 1833 sed
470 1805 596 1841 implebit
615 1805 697 1833 corda
718 1810 820 1833 nostra.
837 1807 905 1834 Cum
920 1806 1010 1842 itaque

210 1854 320 1878 tantum
341 1851 437 1879 lumen
450 1850 481 1878 in
501 1851 580 1879 nobis
592 1850 685 1886 fuerit,
702 1850 806 1887 reliqua
820 1851 906 1878 virtus
925 1851 1010 1879 facilis

209 1899 238 1923 et
250 1895 329 1930 plana
341 1895 402 1923 erit.

246 1942 338 1969 Vrsas.
355 1944 399 1969 20.
419 1952 431 1965 ι
442 1941 551 1969 Gratias
565 1945 676 1976 agentes
689 1948 798 1977 semper
809 1949 858 1977 pro
869 1941 1007 1974 omnibus,

209 1987 238 2014 in
247 1986 362 2014 nomine
370 1986 482 2013 Domini
489 1986 577 2013 nostri
586 1986 651 2012 Jesu
662 1985 773 2020 Christi,
788 1987 846 2013 Deo
856 1990 883 2013 et
894 1986 976 2013 Patri.
995 1997 1008 2010 ι-

209 2030 341 2065 Semper;
361 2037 416 2057 non
431 2030 520 2057 solum
544 2029 572 2057 in
594 2029 797 2065 tranquillitate,
813 2037 909 2057 verum
925 2030 1009 2058 etiam

209 2075 237 2102 in
251 2073 418 2102 maeroribus
432 2083 439 2102 :
455 2082 505 2102 nec
520 2082 569 2110 pro
589 2073 668 2101 bonis
683 2078 800 2108 tantum,
820 2082 917 2102 verum
931 2075 1010 2102 etiam

210 2126 260 2154 pro
282 2118 428 2146 tristibus:
452 2123 479 2146 et
493 2127 543 2155 pro
567 2118 598 2146 iis
621 2119 703 2146 rebus
727 2127 796 2155 quas
821 2119 956 2154 novimus,
983 2124 1014 2148 et

209 2171 277 2200 quas
291 2171 348 2192 non
369 2163 499 2192 novimus
524 2173 531 2192 :
554 2171 603 2200 per
624 2171 721 2192 omnes
747 2163 823 2191 enim
843 2164 914 2192 bene
931 2163 1011 2192 nobis

727 173 986 202 THEOPHYLACT]
1006 173 1184 202 BULGARl/E
1202 173 1359 201 ARCHIEP.

1782 179 1825 205 liii

1104 247 1120 266 α
1134 236 1189 267 Καὶ
1210 236 1248 275 μὴ
1271 236 1434 275 μεθύσκεσθε
1449 237 1521 277 οἴνῳ.
1536 249 1550 267 »
1574 237 1634 267 Καὶ
1651 237 1690 266 ἔτι
1711 237 1756 273 τὴν
1771 239 1825 278 ὀργὴ

1060 281 1166 316 κολάζει
1182 293 1189 300 ·
1219 281 1264 311 καὶ
1293 281 1343 322 γὰρ
1370 283 1415 310 τοῦ
1446 281 1517 311 οἴνου
1541 284 1558 317 ἡ
1595 281 1712 321 ἀμετρία
1739 284 1826 322 ὀργίλους

1061 328 1133 356 ποιεῖ
1152 326 1197 355 καὶ
1211 329 1330 366 θρασεῖς.
1351 324 1417 356 ⁶Οτι
1439 326 1467 355 δὲ
1480 326 1508 346 ³³
1523 327 1569 362 τὴν
1587 326 1717 366 ἀμετρίαν
1738 328 1826 363 κολαζει,

1061 371 1154 406 δῆλον·
1170 371 1200 400 οὗ
1211 371 1262 410 γὰρ
1275 366 1350 409 εἷπε,
1374 370 1420 407 Μὴ
1436 372 1542 407 πίνετε,
1569 371 1660 406 ἀλλὰ,
1686 383 1700 400 (ι
1718 373 1760 407 Μὴ
1774 374 1826 410 μεθᾷ-

1062 418 1165 445 σκεσθε.
1181 429 1194 442 ι
1217 416 1294 451 Μέθη
1317 415 1345 445 δὲ
1365 415 1392 450 ἐξ
1414 416 1558 455 ἀμετρίας·
1577 416 1639 445 ἐπεί
1652 428 1683 455 γε
1706 417 1827 455 συμμέτρως

1061 460 1200 499 πινόμενος
1213 462 1227 489 ὃ
1240 455 1324 496 οἶνος,
1347 461 1394 489 καὶ
1408 460 1497 498 ὑγείαν
1519 461 1629 499 ἐμποιεῖ
1644 462 1689 499 (ὡς
1703 456 1767 494 οὗτος
1778 463 1828 494 αὐτός

1062 517 1141 545 φησιν
1157 506 1184 534 ἐν
1251 504 1275 522 ³⁴
1291 505 1355 545 πρὸς
1367 505 1525 544 Τιμόθεον),
1540 505 1586 534 καὶ
1603 506 1772 545 εὐφροσύνην,
1789 508 1828 538 ὡςέ

1063 547 1147 579 Δαυῒδ
1164 550 1302 590 μαρτυρεῖ.
1325 550 1379 580 Καὶ
1406 550 1486 580 πάλιν
1511 553 1528 585 ἡ
1543 549 1658 590 Γραφή·
1676 561 1690 578 ε
1704 550 1762 580 Δότε
1782 546 1828 580 οἶνον

1062 598 1115 627 τοῖς
1131 596 1157 624 ἐν
1171 594 1336 630 λύπαις,κσιὶ
1354 597 1450 633 μέθην,
1469 607 1482 623 ι
1499 595 1557 631 ἤτοι
1574 596 1701 634 διάχυσιν
1712 617 1720 631 ,
1739 606 1750 623 ι
1763 597 1828 627 mea

1063 639 1175 674 ὀδύναις.
1204 651 1218 668 ιι
1249 639 1289 670 Τὸ
1312 639 1363 678 γὰρ
1387 638 1474 679 τραχὺ
1501 640 1547 668 καὶ
1567 639 1696 679 συννεφὲς
1705 639 1727 657 ³⁵
1748 639 1827 670 διαλύει.

1063 684 1114 714 Διὰ
1136 687 1213 714 τοῦτο
1242 684 1287 713 καὶ
1308 683 1405 717 ὁΘεὸς
1430 683 1573 723 σύμμετρα
1596 685 1677 721 ἡμῶν
1700 683 1731 713 τὰ
1750 684 1827 721 statim

1064 729 1203 765 ἐποίησεν,
1223 728 1292 758 ὥστε
1313 728 1409 767 ὀλίγοις
1433 728 1588 768 ἀρκεῖσθαι,
1617 728 1665 757 καὶ
1688 728 1748 768 πρὸς
1765 729 1827 767 ἑτέραν

1062 775 1131 809 ζωὴν
1147 773 1306 813 ἐπείγεσθαι.

1109 874 1123 892 ιι
1136 862 1182 893 Ἐν
1197 858 1219 903 ᾧ
1233 863 1304 892 ἐστιν
1320 862 1432 892 ἀσωτία.
1449 874 1463 892 ι
1474 862 1624 893 Τουτέστιν
1635 885 1644 898 ,
1658 862 1763 901 ἄμετρος
1781 863 1828 901 γρῆ-

1067 920 1116 940 σις.
1129 908 1170 938 Οὐ
1185 907 1236 947 γὰρ
1251 907 1345 944 σώζει,
1371 907 1429 937 ἀλλ’
1444 908 1590 937 ἀπόλλυσιν
1604 930 1613 943 ,
1629 908 1660 937 οὗ
1681 907 1710 936 τὸ
1723 908 1787 945 σῶμα
1798 907 1829 944 μό-

1066 964 1126 991 νον,
1141 952 1211 982 ἀλλὰ
1223 953 1268 982 καὶ
1282 953 1330 988 τὴν
1346 952 1445 993 ψυχήν.
1464 952 1520 982 Καὶ
1535 952 1617 982 τοῦτό
1632 953 1702 982 ἐστιν
1717 954 1732 987 ἡ
1746 952 1828 980 nimii.

1065 997 1103 1027 Ἢ
1131 996 1247 1027 ἀσωτίαν
1270 999 1382 1027 ἐνταῦθα
1408 996 1477 1026 κατὰ
1506 997 1554 1033 τὴν
1587 999 1644 1026 τῶν
1666 997 1767 1025 ἰδιωτῶν
1786 1007 1828 1024 συν-

1064 1043 1154 1078 ήθειαν
1166 1065 1174 1078 ,
1202 1043 1250 1078 τὴν
1267 1043 1413 1072 ἀκολασίαν
1437 1042 1526 1082 φησίν.
1551 1042 1605 1072 Ἐκ
1619 1042 1672 1081 γὰρ
1695 1044 1737 1077 τῆς
1750 1041 1827 1080 #9751".

1064 1086 1196 1116 ἀκολασία
1209 1087 1338 1117 τίκτεται.

1108 1143 1122 1160 α
1138 1132 1217 1162 Ἀλλὰ
1236 1133 1388 1170 πληροῦσθε
1414 1132 1441 1161 ἐν
1458 1130 1619 1170 Πνεῦματι,
1638 1132 1768 1163 λαλοῦντες
1785 1131 1827 1158 ἑαυ-

1061 1180 1114 1210 τοῖς
1129 1178 1260 1216 ψαλμοῖς,
1287 1176 1333 1206 καὶ
1356 1175 1463 1214 ὕμνοις,
1480 1177 1526 1206 καὶ
1548 1177 1633 1217 ᾠδαῖς
1657 1176 1827 1213 πνευματικοὶ,

1061 1220 1185 1261 ᾅδοντες,
1224 1222 1269 1251 καὶ
1298 1221 1444 1261 ψάλλοντες
1471 1222 1497 1250 ἐν
1534 1223 1568 1260 τῇ
1599 1222 1697 1261 καρδίᾳ
1723 1221 1783 1258 ὗμιῶν

1063 1266 1164 1306 Κυρίῳ.
1191 1278 1205 1295 n
1236 1266 1345 1302 Βούλει,
1371 1267 1468 1306 φησὶν,
1485 1266 1692 1306 εὖφραίνεσθαις
1716 1267 1783 1305 φεῦγε
1797 1262 1828 1298 τὴν

1060 1312 1112 1340 ἀπὸ
1126 1314 1171 1340 τοῦ
1183 1310 1252 1340 οἴνου
1268 1312 1407 1350 πλήρωσιν
1417 1335 1425 1347 ,
1452 1312 1498 1340 καὶ
1519 1310 1634 1347 θέλησον
1654 1312 1800 1351 πληροῦσθαι
1811 1309 1826 1336 ἐν

1060 1356 1198 1394 Πνεύματι
1215 1356 1292 1395 ἆγίῳ.
1313 1357 1399 1385 Τοῦτο
1421 1356 1448 1384 δὲ
1464 1355 1613 1395 ἔσταιξσοι,
1633 1356 1679 1385 ἐὰν
1697 1355 1772 1394 μάθῃς
1781 1353 1828 1393 ψέλ-

1058 1401 1123 1430 λειν.
1163 1401 1199 1431 Οἱ
1233 1401 1378 1441 ψάλλοντες
1401 1400 1453 1440 γὰρ
1501 1400 1662 1438 Πνεύματος
1696 1400 1826 1438 πληροῦντιι

1057 1446 1150 1485 ἁγίου,
1172 1445 1263 1485 ὥσπερ
1277 1447 1300 1474 οἱ
1320 1445 1424 1485 ᾄδοντες
1443 1445 1491 1478 τὰς
1516 1445 1664 1479 σατανικὰς
1677 1445 1755 1486 ᾠδὰς,
1772 1442 1828 1471 πνεύ-

1061 1503 1143 1529 ματος
1166 1491 1324 1530 ἀκαθάρτου.
1354 1490 1479 1520 Ψάλλειν
1495 1490 1522 1520 δὲ
1549 1492 1575 1520 ἐν
1659 1489 1762 1529 καρδία,
1778 1486 1828 1516 τοῦτ’

1062 1536 1132 1571 ἔστι,
1149 1534 1218 1573 μετὰ
1241 1533 1386 1570 συνέσεως,
1413 1535 1459 1564 καὶ
1483 1534 1520 1572 μὴ
1538 1534 1706 1575 ῥεμϐομένης
1725 1535 1764 1567 τ’ἦς
1785 1541 1829 1568 κιρ·

1063 1581 1130 1614 δίας.
1146 1580 1179 1610 Ὁ
1201 1581 1251 1620 γὰρ
1278 1580 1432 1620 προσέχων,
1457 1581 1553 1613 ἐκεῖνος
1578 1583 1606 1610 ἐν
1634 1579 1726 1619 καρδία
1749 1577 1827 1617 ψάλλει-

1061 1624 1136 1664 ¹¹Ορα
1151 1623 1198 1663 δὲ,
1227 1624 1266 1654 ὅτι
1282 1624 1352 1662 μετὰ
1367 1623 1397 1653 τὸ
1413 1624 1556 1664 καθαρίσαι
1579 1623 1628 1659 τὴν
1645 1623 1728 1664 ψυχὴν
1744 1620 1787 1650 ἀπὸ
1797 1630 1828 1647 πι-

1062 1670 1137 1710 κρίας
1147 1667 1173 1688 ³⁵
1197 1669 1242 1698 καὶ
1269 1671 1322 1698 τῶν
1345 1668 1434 1698 ἄλλων
1458 1670 1568 1705 παθῶν,
1592 1670 1640 1699 καὶ
1665 1666 1828 1705 εὖσπλάγχνσυς

1063 1717 1172 1750 ποιῆσαι
1194 1714 1240 1743 καὶ
1262 1713 1507 1754 συγγνωμονικοὺς,
1533 1714 1593 1743 τότε
1606 1713 1655 1749 τὴν
1679 1714 1708 1742 ἐκ
1724 1709 1827 1754 τοῧνᾶτίνυ

1063 1759 1220 1797 Πνεύματος
1234 1758 1372 1798 πλήρωσιν
1387 1760 1451 1796 ἡμῖν
1467 1760 1618 1798 ὑφηγεῖται.
1641 1758 1681 1788 Οὖ
1698 1755 1744 1795 γὰρ
1762 1753 1828 1782 ἅπλῶς

1064 1802 1252 1838 ἐπελεύσεται,
1284 1802 1354 1832 ἀλλὰ
1383 1802 1522 1842 πληρώσει
1547 1802 1597 1838 τὴν
1634 1801 1738 1842 καρδίαν
1763 1798 1826 1834 ἡμῶν·

1063 1848 1196 1878 Τοσούτου
1215 1847 1241 1876 δὲ
1257 1849 1284 1876 ἐν
1308 1849 1373 1885 ἡμῖν
1389 1841 1461 1881 ὄντος
1480 1846 1579 1887 φωτὸς,
1602 1847 1681 1888 ῥᾳδία
1697 1844 1738 1875 καὶ
1751 1841 1828 1872 εὔκολα

1064 1892 1139 1922 ἔσται
1149 1893 1195 1922 καὶ
1208 1895 1224 1928 ἡ
1238 1892 1318 1927 λοιπὴ
1334 1892 1428 1932 ἀρετή.

1110 1948 1123 1966 (ι
1142 1938 1372 1976 Εὐχαριστοῧντες
1399 1936 1513 1965 πάντοτε
1540 1936 1609 1977 ὑπὲρ
1635 1936 1750 1970 πάντων,
1772 1933 1792 1961 ἐν
1804 1931 1828 1977 τῷ

1065 1982 1174 2020 ὀνόματι
1189 1984 1234 2011 τοῦ
1247 1981 1344 2021 Κυρίου
1358 1983 1434 2018 ἡμῶν
1449 1981 1537 2017 Ἰησοῦ
1545 1982 1666 2021 Χριστοῦ
1674 2003 1682 2016 ,
1693 1981 1728 2019 τῷ
1738 1978 1789 2015 Θεῷ

1066 2019 1164 2067 Παντρί,
1177 2040 1246 2053 ι-ι
1258 2019 1378 2056 Ποὶντοτι
1384 2026 1409 2050 ³7
1419 2038 1426 2045 ·
1436 2037 1451 2055 ))
1465 2026 1494 2055 οὗ
1505 2026 1556 2066 γὰρ
1564 2019 1590 2055 ἐν
1601 2026 1688 2055 ἀνέσει
1695 2019 1828 2067 tamen???

1066 2072 1110 2102 καὶ
1124 2062 1150 2102 έν
1162 2070 1274 2107 λύπαις,
1289 2071 1334 2100 καὶ
1349 2072 1400 2111 οὐχ
1419 2070 1484 2110 ὑπὲρ
1568 2062 1827 2111 ἆγαθῶνγμόνον,λάλλᾶ

1065 2117 1111 2146 καὶ
1123 2118 1174 2146 τῶν
1185 2117 1323 2156 λυπηρῶν,
1332 2109 1421 2145 xuii-5v
1433 2109 1506 2155 [μὲν]
1518 2115 1594 2153 ἴσμεν
1602 2138 1610 2152 ,
1619 2115 1665 2145 καὶ
1674 2110 1708 2144 ὧν
1718 2109 1826 2146 οὖκίσμεν-

1069 2162 1123 2192 Καὶ
1137 2161 1188 2200 γὰρ
1204 2160 1247 2190 διὰ
1269 2160 1375 2190 πάντων
1400 2159 1620 2200 εὖεργετούμεθα,
1644 2158 1692 2190 κᾶν
1710 2157 1825 2200 ἀγνοῶμεν-

209 2196 250 2243 fit,
266 2209 372 2238 etiamsi
390 2196 564 2246 ignoremus:
577 2209 648 2237 Sunt
671 2214 766 2237 autem
789 2209 884 2245 gratiae
898 2209 1008 2244 agenda!

1067 2196 1247 2245 Εὖχαριστέον
1257 2204 1282 2224 ³⁸
1293 2205 1321 2234 δὲ
1336 2207 1375 2245 τῷ
1391 2196 1480 2245 Πατρὶ
1498 2216 1514 2234 α
1529 2196 1556 2234 ἐν
1571 2196 1682 2242 ὀνόματι
1700 2206 1741 2232 τοῦ

209 2256 269 2283 Deo
281 2255 354 2283 Patri
371 2264 386 2281 α
405 2255 433 2283 in
447 2255 562 2284 nomine
586 2254 698 2282 Domini
721 2255 809 2283 nostri
826 2256 901 2288 Jesu,
922 2264 936 2281 »
954 2254 1007 2283 hoc

209 2303 260 2334 est,
276 2304 307 2327 ut
322 2300 588 2328 simulnominemus
600 2299 753 2327 Dominum
767 2300 878 2333 JeSum,
894 2304 921 2328 et
934 2307 1007 2327 assu-

209 2352 319 2372 mamus
332 2345 432 2380 ipsum,
444 2353 493 2373 ceu
510 2345 690 2374 mediatorem
705 2352 767 2372 cum
783 2345 931 2380 bonorum,
947 2349 1007 2373 tum

209 2389 293 2425 ipsius
313 2389 464 2425 gratiarum
485 2389 612 2417 actionis.

245 2434 336 2461 Vens.
352 2436 396 2461 21.
413 2444 426 2457 α
439 2433 558 2469 Subjecti
573 2434 641 2461 alter
659 2434 740 2462 alteri
755 2434 783 2462 in
798 2435 897 2463 timore
913 2435 975 2462 Dei.
993 2446 1005 2459 »

209 2479 250 2506 En
263 2485 357 2506 rursus
370 2477 511 2505 charitatis
526 2478 699 2506 mentionem
715 2479 779 2506 facit
799 2489 805 2508 :
822 2487 854 2508 ex
868 2479 919 2507 hac
931 2480 1007 2508 enim

209 2527 251 2551 est
280 2522 413 2557 subjectio
436 2527 534 2550 mutua
561 2527 590 2550 et
611 2522 778 2557 obedientia;
808 2531 866 2551 non
896 2528 1008 2560 propter

209 2568 380 2598 mundanam
388 2574 470 2604 quam
473 2567 600 2603 piamaut
608 2567 759 2595 humanam
766 2567 1004 2602 commoditatem,

244 2667 360 2696 'ITim.
374 2674 405 2702 v,
420 2668 463 2694 23.
501 2666 591 2695 'Psal.
608 2672 678 2701 cur,
706 2669 748 2695 ιε.
785 2668 1031 2700 ‘Prov.xxxr,6.

1062 2252 1137 2289 ἡμῶν
1149 2250 1253 2287 Ἰησοῦ,
1273 2261 1288 2279 ι)
1315 2250 1466 2284 τουτέστιν,
1488 2249 1666 2286 ὀνομάζοντες
1680 2247 1722 2277 καὶ
1741 2245 1776 2273 τὸν
1788 2242 1825 2272 Κυ-

1063 2307 1116 2334 ριον
1133 2295 1251 2331 Ἰησοῦν,
1276 2295 1321 2324 καὶ
1337 2294 1649 2334 ουμπαραλαμϐοίνοντες
1664 2292 1730 2334 [καὶ]
1746 2288 1824 2338 αὖτὸῖι

1060 2343 1095 2373 ὡς
1112 2340 1222 2379 μεσίτην
1247 2339 1309 2369 ὄντα
1331 2339 1377 2370 καὶ
1406 2341 1458 2368 τῶν
1481 2341 1601 2378 ἀγαθῶν,
1633 2339 1677 2369 καὶ
1702 2337 1772 2370 αὖτῆς
1789 2337 1822 2365 τῆς

1061 2384 1239 2425 εὐχαριστίας.
1774 2421 1803 2429 ω
1814 2419 1817 2429 γ

1106 2421 1365 2467 σ’Ὑποτασσόμενοι
1380 2427 1504 2464 ἀλλήλοις
1519 2430 1545 2458 ἐν
1560 2429 1634 2469 φόϐῳ
1652 2429 1728 2458 Θεοῦ.
1745 2435 1757 2453 η

1061 2475 1142 2504 πάλιν
1163 2477 1180 2511 ἡ
1204 2466 1305 2513 ἀγάπη.
1338 2474 1390 2503 Ἐκ
1416 2473 1515 2509 ταύτης
1537 2466 1588 2513 γάρ
1643 2472 1704 2512 πρὸς
1723 2466 1824 2513 ἀλλήλθτξ(

1062 2518 1198 2558 ὗποταγή·
1222 2520 1250 2548 οὗ
1268 2518 1312 2547 διά
1330 2529 1356 2547 τι
1375 2518 1503 2557 κοσμικὸν
1519 2517 1536 2554 ἢ
1558 2517 1728 2557 ἀνθρώπινον,
1742 2509 1821 2558 me

1062 2563 1145 2604 φόϐῳ,
1154 2554 1248 2604 ’[φησὶ,
1259 2563 1312 2603 τοῦ]
1329 2563 1408 2593 Θεοῦ.
1424 2554 1459 2593 Οἱ
1471 2563 1522 2603 γὰρ
1535 2562 1578 2592 διὰ
1589 2554 1658 2593 Θεὸν
1667 2554 1819 2593 ὑποτασσόμε-

900 2742 994 2772 Variae
1014 2742 1168 2772 lectiones.

242 2827 265 2844 ³⁸
276 2827 324 2864 γὰρ
338 2835 364 2855 0.
404 2827 425 2844 ³⁵
440 2828 492 2859 τοῖς
504 2836 531 2857 ο.
569 2827 591 2846 ³⁵
605 2829 731 2865 γνοφῶδες
744 2836 783 2857 m.
822 2828 844 2844 ³⁸
855 2828 939 2859 κακίας
954 2835 982 2857 ο.
1019 2827 1041 2845 ³⁷
1055 2828 1171 2862 πάντοτε,
1186 2826 1262 2863 ἤγουν
1278 2827 1395 2860 διηνεκῶς
1408 2834 1448 2855 m.
1488 2826 1511 2843 ³⁸
1535 2826 1675 2862 εὖχαριστεῗ
1683 2831 1705 2852 ο.
