1886 3082
26 195 109 221 1113

478 192 654 221 EXPOSITIO
673 193 706 220 ΙΝ
725 192 830 220 EPIST.
850 193 897 221 AD
916 193 1033 221 EPHES.
1056 209 1086 214 —
1106 195 1181 223 CAP.
1201 196 1234 223 V.

1619 199 1688 226 1114

23 267 77 284 νοι
95 255 237 292 ἀλλήλοις,
251 256 376 286 οὐδέποτε
387 255 688 292 σκανδαλισθήσονταιῆ
708 255 829 292 διαλυθή-
853 258 879 289 Α
896 263 923 284 ea

919 260 1026 284 etei-um
1040 257 1069 284 in
1084 257 1183 286 timore
1202 257 1258 286 Dei.
1274 259 1326 294 Qui
1338 259 1413 288 enim
1426 260 1476 288 Dei
1491 261 1602 289 nomine
1621 261 1690 291 obe—

24 311 130 330 σονται
141 323 149 337 ,
164 303 279 330 τοιοῦτον
299 301 444 340 σύνδεσμον
455 301 567 341 ἔχοντες.

81 402 96 420 (ι
113 392 148 421 Αἱ
162 392 299 432 γυναῖκες,
324 393 376 425 τοῖς
401 391 473 425 ἰδίοις
496 391 622 431 ἀνδράσιν
637 392 833 429 ὑποτάσσεσθε,

21 436 71 469 ὡς
95 437 135 476 τῷ
166 437 269 477 Κυρίῳ.
289 448 303 465 ι
321 438 381 476 Οὐχ
395 437 487 470 ἅπλῶς
511 437 556 466 καὶ
584 437 642 473 εἷκῆ
667 436 768 472 πολλὴν
787 437 835 473 τὴν

22 480 158 516 σπουδὴν
174 486 290 511 ποιεῖται
308 483 322 511 6
338 483 443 515 Παῦλος
464 480 528 521 ὑπὲρ
544 483 592 517 τῆς
616 482 757 520 συζυγίας,
774 483 834 512 ἀλλ’

23 525 130 562 ἐπειδὴ
164 526 210 555 καὶ
239 528 253 555 6
279 526 348 560 Θεὸς
379 526 478 562 ταύτης
510 526 537 560 ἐξ
573 527 660 567 ἀρχῆς
683 526 833 568 ἐφρόντισεν

24 570 229 609 ὓπερϐολικῶς.
255 572 304 611 Τῷ
335 570 387 611 γὰρ
415 571 500 610 Ἀδὰμ
516 570 564 607 τὴν
594 571 709 612 ἀδελφὴν
733 573 832 610 αὐτοῦ,

24 615 140 652 μᾶλλον
170 615 197 645 δὲ
223 615 272 652 τὴν
289 615 439 656 θυγατέρα,
456 616 502 645 καὶ
526 616 553 645 τί
574 616 660 655 λέγω;
677 617 725 653 τὴν
746 616 833 656 σάρκα

24 658 84 695 τὴν
111 661 191 689 αὐτοῦ
215 660 328 696 ἥνωσεν.
355 656 422 691 Εἶτα
452 660 642 697 πληθυνθέντος
657 663 702 690 τοῦ
725 662 832 701 γένους,

23 704 79 732 καὶ
93 703 244 744 περαιτέρω
259 705 303 735 τὸν
318 705 404 745 γάμον
420 704 560 742 ἐξέτεινεν,
576 705 619 735 ἵνα
642 705 680 744 μὴ
700 705 749 741 τὴν
764 706 834 745 ἀγά-

23 760 88 784 πην
117 751 243 789 συστείλῃ
267 751 303 784 εἰς
320 750 414 788 μόνους
431 749 490 783 τοὺς
515 755 658 790 συγγενεῖς.
677 750 731 780 Καὶ
746 753 759 781 ὁ
775 753 830 791 βίος

27 794 64 835 δὲ
83 796 162 833 ἡμῶν
187 794 230 824 διὰ
252 797 304 824 τῶν
331 797 458 834 συζυγῶν
486 800 669 835 συγκροτεῖται
679 795 713 825 ³⁸.
742 796 833 832 Φησὶν

26 833 96 876 οὖν,
115 839 154 869 ὅτι
170 853 183 865 α
204 841 240 870 Αἱ
255 844 392 880 γυναῖκες,
410 840 590 870 ὑποτάσσεσθε
603 842 656 874 τοῖς
665 841 801 880 ἀνδράσιν.
821 854 833 868 ι»

26 883 105 914 Ἐὰν
118 884 170 923 γὰρ
187 886 212 914 ἐν
228 885 337 926 ὁμονοία
359 888 376 921 ἡ
405 885 515 924 συζυγία
541 881 571 925 ᾖ,
597 886 646 915 καὶ
666 887 758 919 παῖδες
772 886 832 926 τρέ-

892 300 987 335 diunt,
1006 309 1149 338 nunquam
1169 302 1344 331 oﬂ‘endentur
1363 307 1410 331 aut
1422 303 1609 334 dissolventur
1623 314 1688 336 cum

889 346 973 374 talem
988 355 1089 375 nexum
1104 347 1258 376 habuerint.

925 392 1008 419 Vsus.
1021 394 1066 420 22.
1084 403 1097 416 α
1112 393 1232 426 Uxores,
1245 393 1352 421 maritis
1368 394 1485 430 prapriis
1499 394 1616 424 subditae
1630 396 1690 425 sitis

888 436 971 464 veluti
986 437 1117 464 Domino.
1133 449 1145 461 υ
1161 438 1223 465 Non
1238 437 1395 474 simpliciter
1409 446 1440 466 ac
1454 443 1558 467 temere
1567 440 1688 470 multum

888 481 1037 517 seduloque
1049 481 1156 510 laborat
1167 483 1268 511 Paulus
1283 490 1333 519 pro
1345 483 1468 520 conjugii
1481 484 1626 520 ﬁrmitate,
1639 485 1688 515 sed

888 526 952 562 quia
974 528 1049 555 Deus
1063 527 1148 556 etiam
1167 535 1182 555 a
1201 527 1337 564 principio
1351 528 1435 564 hujus
1447 529 1581 558 eximiam
1593 538 1688 559 curam

887 571 980 606 gessit.
1000 571 1110 600 Adamo
1125 572 1201 600 enim
1220 580 1346 601 sororem
1365 580 1455 607 suam,
1473 573 1529 601 imo
1542 575 1635 610 potius
1651 575 1687 603 ti-

888 616 966 651 liam,
981 621 1007 645 et
1021 616 1089 653 quid
1103 617 1181 645 dico?
1195 625 1306 645 carnem
1319 618 1407 654 ipsius
1420 619 1566 654 copulavit.
1581 620 1688 648 Deinde

887 661 1067 698 multiplicato
1089 669 1199 698 genere,
1220 663 1303 690 latius
1317 663 1529 691 matrimonium
1550 663 1685 698 extendit,

887 705 969 742 511
985 715 1020 734 ne
1034 706 1211 735 dilectionem
1223 707 1257 735 ad
1271 707 1344 736 solos
1354 712 1488 744 cognatos
1501 708 1686 738 contraheret.

886 751 972 778 Porro
1002 750 1058 779 vita
1094 755 1187 779 nostra
1215 759 1262 787 per
1287 752 1415 788 conjugia
1438 752 1605 781 continetur.
1640 754 1688 782 Ait

887 803 952 832 ergo
969 804 976 823 :
994 807 1007 819 ιι
1023 796 1139 831 Uxores,
1168 796 1298 832 subjectae
1312 800 1398 824 estote
1421 797 1529 825 maritis
1543 797 1649 826 vestris.
1672 810 1685 823 1

887 839 916 867 Si
943 840 1016 868 enim
1038 841 1066 868 in
1088 841 1234 869 concordia
1261 841 1468 870 matrimonium
1493 841 1585 876 fuerit,
1609 844 1686 878 pueri

887 884 956 912 bene
976 885 1138 920 educantur,
1162 890 1190 914 et
1214 885 1307 914 famuli
1334 885 1461 914 ordinate
1489 894 1548 915 sese
1573 887 1684 921 habent,

26 940 130 968 φονται
155 931 242 963 καλῶς
253 953 261 968 ,
276 930 322 959 καὶ
346 930 447 960 οἰκέται
465 931 638 967 εὐτακτοῧσι,
665 932 712 960 καὶ
730 930 832 970 πάντα,
846 922 871 954 Β
885 928 923 957 ad‘

922 937 1009 966 eoque
1028 934 1126 958 cuncta
1150 935 1208 958 tam
1235 931 1389 958 vicinorum
1418 939 1501 967 quam
1533 932 1684 960 amicorum

25 974 78 1002 xui
100 973 134 1002 τὰ
160 977 212 1004 τῶν
237 975 380 1013 γειτόνων,
407 975 505 1005 καὶτὰ
521 977 573 1004 τῶν
598 975 697 1014 φίλων,
713 971 742 1005 εὖ
765 975 831 1016 ἔχει.

24 1019 180 1048 Δουλεύιτε
195 1019 221 1048 δὲ
237 1021 272 1053 ὡς
289 1021 326 1059 τῷ
341 1019 440 1060 Κυρίῳ.
467 1021 529 1053 Πῶς
543 1015 585 1049 οἷν
607 1021 725 1060 ἀλλαχοῦ
737 1015 833 1061 γέγρα-

24 1075 116 1092 πται·
132 1077 144 1090 α
160 1062 206 1094 Ἂν
223 1065 261 1103 μή
283 1076 321 1098 τις
338 1065 504 1101 ἀποτάξηται
529 1065 656 1104 γυναικὶ,
676 1065 722 1094 καὶ
738 1065 830 1105 [γυνὴ]

25 1109 126 1148 ἀνδρὶ,
147 1110 176 1138 οὖ
197 1109 308 1138 δύναταί
323 1121 367 1147 μοι
390 1109 560 1146 ἀκολουθεῖν;
580 1124 591 1136 ιι
618 1111 650 1139 Εἰ
666 1109 717 1150 γὰρ
742 1112 777 1144 ὡς
794 1113 832 1150 τῷ

26 1152 128 1193 Κυρίῳ
154 1152 284 1183 δουλεύειν
298 1153 369 1194 χρὴ,
392 1156 449 1187 πῶς
470 1154 542 1193 λέγει
557 1155 611 1183 δεῖν
638 1155 832 1194 ἀφίστασθαι⁴⁰

24 1198 73 1227 διὰ
87 1198 134 1227 τὸν
150 1198 262 1238 Κύριονς
278 1197 343 1228 Ὅτι
354 1198 395 1234 τὸ,
409 1210 423 1228 (ί
437 1198 500 1235 Ὧς,
512 1210 526 1228 ν
539 1199 567 1228 οὐ
578 1199 684 1232 πάντως
695 1200 832 1240 πάνταχοῧ

23 1241 167 1279 ἰσοτιμίας
181 1242 263 1271 ἐστίν.
279 1242 329 1279 Ἦ,
349 1242 389 1272 ὅτι
409 1256 421 1270 α
437 1242 638 1273 (Υποτάσσεσθε
653 1255 667 1273 ι)
685 1245 779 1274 εἰδυῖαι
791 1245 831 1274 ὅτι

25 1289 68 1326 τῷ
85 1288 153 1327 Θεῷ
178 1287 328 1317 δουλεύετε·
356 1288 505 1324 τουτέστιν,
537 1289 560 1317 εἰ
586 1288 687 1327 καὶμὴ
718 1289 762 1318 διὰ
786 1289 830 1318 τὸν

24 1332 116 1372 ἄνδρα
130 1333 353 1371 προηγουμένως,
376 1333 446 1363 ἀλλά
460 1345 490 1372 γε
514 1333 557 1362 διὰ
573 1333 617 1362 τὸν
633 1335 731 1373 Κυριον
742 1333 777 1363 ⁸⁸,
798 1335 830 1364 Εἰ

23 1377 81 1416 γὰρ
107 1379 168 1417 ὁτῇ
192 1377 241 1412 ἔξω
268 1379 338 1418 ἀρχῇ
355 1378 572 1416 ἀντιταττόμενος
604 1380 635 1418 τῇ
657 1381 703 1408 τοῦ
733 1378 831 1419 Κυρίου

23 1421 148 1461 δίαταγῇ
167 1422 325 1459 ἆνθέστηκε’
341 1423 432 1462 πολλῷ
451 1424 554 1460 μᾶλλον
571 1425 587 1459 ἡ
605 1424 644 1463 τῷ
668 1423 743 1463 ἀνδρὶ
758 1424 830 1453 ἀντι-

22 1466 191 1504 ταττομένη.
203 1464 291 1496 Ὥστε
317 1467 347 1496 ἐκ
368 1469 415 1496 τοῦ
443 1467 559 1497 ἐναντίου
583 1471 600 1504 ἡ
630 1468 828 1507 ὑποταττομένη

22 1512 64 1550 τῷ
77 1511 172 1551 Κυρίῳ
188 1511 377 1541 ὓποτάσσεται.

888 979 951 1002 sunt
981 975 1009 1002 in
1036 974 1107 1002 felici
1134 979 1218 1003 statu.
1248 975 1353 1003 Servite
1379 980 1471 1004 autem
1490 976 1528 1004 eis
1551 980 1685 1012 tanquam

886 1019 1019 1047 Domino.
1035 1019 1122 1055 Ecqui
1137 1019 1199 1048 alibi
1212 1020 1347 1056 scriptum
1359 1024 1401 1048 est
1417 1031 1423 1049 :
1442 1032 1455 1044 ιι
1471 1021 1530 1049 Nisi
1547 1021 1610 1057 quis
1619 1022 1684 1049 reli-

887 1064 978 1099 querit
991 1072 1107 1092 uxorem
1121 1069 1148 1093 et
1168 1065 1270 1099 virum,
1286 1073 1343 1093 non
1357 1065 1458 1100 poterit
1470 1073 1516 1093 me
1529 1067 1605 1102 sequi
1619 1067 1654 1094 υἷ’
1670 1078 1682 1091 ιι

886 1109 956 1136 Nam
971 1108 993 1136 si
1005 1113 1138 1145 tanquam
1152 1110 1274 1138 Domino
1288 1109 1464 1138 serviendum
1479 1114 1532 1145 est,
1545 1111 1685 1146 quomodo

885 1152 1082 1182 discedendum
1093 1161 1152 1182 esse
1164 1154 1230 1182 dicit
1239 1159 1351 1191 propter
1363 1156 1537 1183 Dominum?
1546 1156 1683 1190 Quoniam

885 1198 1062 1233 adverbium,
1094 1211 1107 1224 α
1130 1199 1230 1233 Veluti,
1258 1211 1270 1224 υ
1296 1207 1355 1228 non
1382 1204 1424 1228 est
1449 1201 1553 1236 ubique
1572 1201 1685 1236 aequalis

885 1242 999 1271 honoris
1018 1248 1093 1271 nota.
1110 1245 1159 1272 Vel
1183 1244 1302 1272 subditae
1327 1245 1395 1280 sitis,
1426 1245 1474 1280 ait,
1502 1255 1516 1271 «
1530 1245 1653 1274 Scientes
1669 1257 1683 1270 ν

884 1287 959 1324 quod
973 1288 1096 1316 serviati
1119 1289 1178 1316 Deo
1199 1300 1205 1318 :
1221 1289 1275 1318 hoc
1294 1294 1346 1321 est.
1362 1290 1384 1318 si
1397 1298 1454 1318 non
1470 1294 1581 1326 propter
1595 1290 1682 1319 virum

885 1333 1032 1368 imprimis,
1049 1338 1158 1369 propter
1173 1335 1326 1362 Dominum
1339 1339 1444 1362 tamen.
1469 1336 1541 1363 Nam
1562 1335 1585 1363 si
1601 1335 1624 1364 is
1636 1337 1683 1372 qui

885 1377 1014 1405 exteriori
1045 1379 1174 1413 potestati
1197 1379 1311 1413 resistit,
1333 1379 1488 1408 Dominicm
1517 1379 1683 1408 ordinationi

883 1422 995 1457 resistit,
1020 1422 1109 1450 multo
1135 1423 1221 1459 magis
1242 1431 1303 1459 quae
1323 1424 1424 1452 marito
1447 1432 1498 1452 suo
1523 1425 1680 1453 reluctatur.

882 1468 977 1503 Itaque
1004 1475 1019 1496 e
1043 1467 1192 1502 contrario,
1218 1476 1281 1504 quae
1308 1469 1406 1497 marito
1431 1469 1537 1503 obedit,
1559 1470 1682 1498 Domino

883 1511 986 1540 obedit.

70 1566 86 1583 α
99 1553 168 1586 Ὅτι
187 1557 200 1585 6
215 1556 282 1594 ἀνήρ
306 1558 363 1586 ἐστι
381 1556 484 1597 κεφαλὴ
502 1559 549 1592 τῆς
563 1557 703 1597 γυναικὸς,
725 1559 760 1591 ὡς
783 1562 828 1588 καὶ
843 1559 866 1591 C
919 1557 923 1562 ’

919 1557 1010 1585 Vsns.
1021 1560 1065 1585 23.
1081 1569 1094 1581 «
1106 1557 1244 1593 Quoniam
1257 1558 1298 1586 vir
1307 1562 1390 1594 caput
1403 1562 1444 1586 est
1457 1559 1591 1594 mulieris,
1611 1559 1683 1587 sicut

22 1602 37 1629 ὁ
53 1599 176 1640 Χριστὸς
203 1601 306 1641 κεφαλὴ
331 1601 574 1639 τῆςἘκκλησίας,
599 1602 646 1632 καὶ
668 1602 745 1636 αὐτός
773 1605 828 1633 ἐστι

24 1644 121 1684 σωτὴρ
147 1647 194 1674 τοῦ
221 1645 355 1684 σώματος.
384 1657 398 1674 ι
423 1646 486 1676 Ἀπὸ
508 1647 643 1686 λογισμῶν
668 1652 778 1688 συνιστᾷ
799 1647 828 1678 τὸ

23 1691 82 1719 δεῖν
111 1690 308 1720 ὑποτάσσεσθαι
337 1690 384 1724 τὰς
407 1692 546 1730 γυναῖκας,
582 1691 628 1720 καὶ
652 1693 699 1727 τῆς
725 1692 829 1731 ἀγάπης

21 1734 156 1764 ὑπόθεσιν
175 1734 222 1764 καὶ
238 1735 362 1776 ἀφορμὴν
385 1735 488 1772 τίθησι,
504 1737 534 1765 τὸ
555 1735 600 1765 τὸν
619 1736 666 1774 μὲν
685 1735 766 1776 ἄνδρα
779 1737 828 1772 τὴν

21 1779 146 1819 ἀρχικῆν
182 1780 228 1809 καὶ
261 1780 440 1820 προνοητικὴν
472 1780 545 1814 τάξιν
573 1780 678 1820 ἐπέχειν
704 1781 826 1821 (κεφαλὴ

21 1824 78 1863 γάρ
96 1825 170 1862 ἐστι,
186 1824 268 1864 φησὶ,
294 1825 340 1854 καὶ
370 1825 496 1865 σωτήρ)’
523 1824 571 1860 τὴν
597 1825 624 1854 δὲ
643 1830 756 1864 γυναῖκα
779 1826 827 1864 τὴν

19 1869 222 1904 ὕποτακτιχήν·
250 1872 328 1907 σῶμα
353 1870 405 1910 γάρ
417 1871 500 1900 ἐστιν.
524 1869 633 1909 υΩσπερ
654 1870 699 1899 καὶ
726 1872 739 1899 6
757 1872 825 1910 Χρι-

20 1915 86 1947 στὸς
100 1915 148 1949 τῆς
172 1913 336 1950 Ἐκκλησίας
354 1914 389 1943 ὢν
417 1914 534 1955 κεφαλὴ,
561 1915 710 1955 προνοεῖται
731 1915 827 1951 ταύτης

19 1959 67 1987 καὶ
87 1958 178 1992 σώζει·
197 1958 265 1989 οὕτω
279 1959 366 1989 τοίνυν
394 1959 440 1989 καὶ
463 1961 477 1988 6
490 1958 574 2000 ἀνὴρ,
603 1959 693 1999 σωτὴρ
708 1962 753 1989 τοῦ
770 1961 827 1990 σώ-

20 2014 112 2040 ματος
132 2004 229 2039 αὐτοῦ,
250 2004 370 2034 τουτέστι
394 2006 442 2040 τῆς
456 2004 590 2043 γυναικός.
610 2005 690 2041 Πῶς,
717 2000 827 2034 οῧν”οὖκ

18 2048 126 2087 ὀφείλει
148 2048 340 2079 ὑποτάσσεσθαι
425 2049 528 2089 κεφαλῇ
545 2048 575 2078 τὸ
597 2050 687 2087 σῶμα,
713 2051 745 2089 τῇ
762 2062 826 2090 προ-

18 2092 155 2132 νοουμένη
169 2093 215 2122 καὶ
229 2095 350 2133 σωζούσῃ
361 2105 368 2130 ;

60 2152 76 2163 κ
99 2137 172 2167 Ἀλλ’
180 2137 269 2178 ὥσπερ
280 2140 296 2174 ἡ
309 2138 458 2174 Ἐκκλησία
465 2138 644 2168 ὑποτάσσεται
653 2141 690 2179 τῷ
700 2140 807 2180 Χριστῷ
815 2163 822 2177 ,

17 2182 95 2212 οὕτω
108 2182 154 2211 καὶ
168 2184 196 2211 αἱ
211 2183 331 2223 γυναῖκες
353 2187 407 2216 τοῖς
424 2183 498 2217 ἰδίοις
513 2184 638 2224 ἀνδράσιν
656 2185 682 2212 ἐν
695 2184 788 2215 παντί.
804 2195 817 2213 ι)
840 2193 865 2224 D

18 2226 166 2257 Ἐντεῦθεν
203 2228 312 2268 μαθήσῃ
343 2228 548 2269 σαφέστερον,ὃ
578 2228 702 2268 ἀνωτέρω
734 2225 823 2266 εἶπεν,

14 2271 54 2300 ὅτι
80 2282 97 2300 α
110 2270 309 2302 Ὑποτάσσεσθε
337 2275 390 2306 τοῖς
413 2272 538 2313 ἀνδράσιν
551 2296 558 2308 ,
574 2275 608 2306 ὡς
626 2274 664 2313 τῷ
684 2274 788 2314 Κυρίῳ.
810 2286 823 2302 n

16 2315 104 2346 Ἐπεὶ
142 2316 194 2355 γὰρ
231 2317 364 2357 ὀφείλουσι
394 2319 514 2357 γυναῖκες
543 2318 742 2348 ὑποτάσσεσθαι
770 2323 824 2353 τοῖς

15 2360 160 2402 ἀνδράσὶν,
172 2362 206 2394 ὡς
221 2363 238 2397 ἡ
255 2361 404 2398 Ἐκκλησία
419 2364 458 2403 τῷ
472 2363 584 2402 Χριστῷ
596 2385 604 2399 ,
620 2365 636 2398 ἡ
658 2363 684 2392 δὲ
700 2363 821 2401 Ἐκκλη-

14 2406 57 2436 σία
89 2406 135 2434 xui
162 2407 284 2444 γυναῖκές
307 2408 388 2436 εἰσιν·
411 2408 444 2440 ὡς
466 2410 505 2447 τῷ
521 2408 632 2449 Χριστῷ
648 2408 700 2447 ἄρα
721 2410 760 2438 τῶ
772 2409 822 2437 ἀν-

15 2451 56 2490 δρὶ
93 2450 270 2480 ὗποτάσσεθαι
294 2451 392 2491 ὀφείλει
420 2453 436 2487 ἡ
462 2452 540 2490 γυνή.
569 2454 632 2485 Πῶς
656 2452 703 2491 θές
720 2448 773 2492 ἆραι
796 2455 824 2483 ἐν

13 2494 102 2524 παντὶ
120 2494 229 2535 [καιρῷ]
246 2495 347 2525 κελεύει
369 2495 579 2533 ὗποτάσσεσθαι;
605 2492 657 2536 ἆρα
683 2497 757 2537 [γὰρ]
776 2497 821 2527 καὶ

17 2540 88 2569 ὅταν
115 2540 151 2572 εἷς
176 2539 300 2569 ἀπιστίαν
325 2542 429 2580 συνωθῇ
454 2543 468 2570 ὁ
493 2540 576 2579 ἀνήρ;
605 2540 677 2570 Ἀλλ’
703 2542 736 2570 οὐ
760 2542 821 2581 περὶ

18 2585 145 2614 ἀπίστων
158 2584 258 2624 ἀνδρῶν
282 2586 296 2614 6
321 2585 395 2624 λόγος
417 2587 462 2615 ν’ῢν
477 2587 513 2625 τῷ
535 2585 650 2626 Παύλῳ,
668 2584 737 2614 ἀλλὰ
759 2585 821 2626 περὶ

17 2630 143 2665 πιστῶν,
157 2628 221 2669 πρὸς
234 2627 277 2662 οὕς
291 2629 392 2665 δηλαδὴ
403 2628 449 2658 καὶ
464 2628 585 2669 ἔγραφεν.

51 2719 66 2731 π
80 2713 152 2741 Luc.
166 2721 230 2747 xxv,
244 2715 292 2741 26.

882 1605 910 1630 et
930 1601 1057 1630 Christus
1070 1606 1111 1630 est
1133 1607 1216 1638 caput
1235 1603 1376 1637 Ecclesiae,
1395 1607 1422 1631 et
1436 1603 1492 1639 ipse
1505 1607 1547 1631 est
1560 1608 1683 1632 servator

882 1647 1016 1682 corporis.
1027 1658 1039 1671 ν
1051 1647 1216 1675 Rationibus
1226 1647 1372 1676 conﬁrmat
1382 1648 1457 1684 quod
1465 1653 1574 1684 oportet
1583 1657 1683 1677 uxores

882 1692 1017 1728 subjectae
1038 1700 1105 1726 esse,
1121 1692 1330 1729 dilectionisque
1347 1698 1542 1729 argumentum
1561 1698 1589 1722 et
1602 1702 1683 1722 occa-

881 1737 988 1765 sionem
1001 1737 1078 1772 ponit
1093 1745 1126 1765 ex
1144 1737 1196 1765 hoc
1212 1737 1286 1774 quod
1312 1738 1428 1766 maritus
1441 1739 1553 1767 rectoris
1567 1743 1595 1767 et
1617 1747 1682 1775 pro-

882 1782 1012 1817 spectoris
1036 1782 1128 1810 locum
1152 1782 1272 1810 obtineat
1292 1786 1384 1819 (caput
1409 1783 1482 1811 enim
1502 1787 1554 1816 est,
1578 1784 1624 1818 ait,
1654 1789 1682 1812 et

881 1829 1023 1860 servator),
1049 1835 1119 1855 uxor
1146 1835 1211 1854 vero
1233 1827 1334 1855 subditi
1361 1828 1469 1861 locum;
1491 1835 1590 1863 corpus
1607 1827 1680 1855 enim

881 1875 932 1898 est.
953 1871 1196 1906 Quemadmodum
1211 1875 1238 1898 et
1252 1871 1387 1905 Christus,
1409 1879 1472 1899 cum
1494 1872 1529 1899 sit
1552 1871 1681 1899 Ecclesiae

882 1920 973 1951 caput,
999 1916 1058 1952 ejus
1075 1923 1170 1943 curam
1191 1916 1272 1951 gerit,
1298 1923 1414 1951 eamque
1442 1919 1531 1944 servat
1557 1925 1564 1944 :
1590 1916 1629 1944 sic
1653 1920 1680 1944 et

882 1960 997 1988 maritus
1022 1964 1145 1988 servator
1167 1961 1209 1987 sui
1233 1965 1275 1988 est
1298 1960 1431 1996 corporis,
1452 1960 1505 1988 hoc
1520 1964 1561 1988 est
1575 1961 1679 1988 uxoris.

882 2004 1030 2040 Quomodo
1042 2005 1125 2040 igitur
1134 2012 1191 2033 non
1203 2004 1286 2033 debet
1302 2005 1382 2033 subdi
1395 2005 1476 2041 capiti
1489 2013 1598 2042 corpus,
1616 2013 1679 2033 cum

882 2057 977 2077 curam
992 2049 1050 2085 ejus
1065 2053 1151 2085 gerat,
1166 2049 1285 2085 illudque
1302 2050 1414 2078 servet?

913 2136 1002 2163 Vnus.
1021 2137 1065 2162 24.
1082 2146 1095 2158 «
1111 2134 1166 2164 Sed
1181 2135 1253 2162 sicut
1266 2135 1386 2163 Ecclesia
1399 2136 1544 2172 subjicitur
1558 2135 1678 2171 Christo,

881 2179 919 2208 sic
939 2183 967 2208 et
986 2187 1084 2208 uxores
1103 2180 1161 2208 suis
1175 2180 1281 2207 maritis
1301 2180 1330 2208 in
1350 2181 1458 2217 quovis.
1477 2192 1489 2205 υ
1507 2181 1579 2209 Hinc
1593 2181 1679 2209 disces

880 2225 1003 2261 apertius
1024 2225 1098 2261 quod
1117 2225 1191 2253 dixit
1213 2233 1307 2261 supra,
1327 2234 1341 2251 «
1354 2225 1548 2261 Obtemperate
1563 2226 1680 2262 propriis

880 2269 986 2297 maritis
1005 2273 1135 2305 tanquam
1154 2270 1284 2297 Domino.
1310 2281 1324 2295 ιι
1349 2269 1579 2306 Quandoquidem
1604 2271 1679 2298 enim

880 2324 981 2345 uxores
1002 2316 1103 2345 debent
1125 2316 1206 2345 subdi
1228 2316 1342 2351 maritis,
1364 2321 1394 2345 ut
1412 2317 1532 2345 Ecclesia
1554 2316 1677 2352 Christo,

879 2362 1003 2390 Ecclesia
1016 2367 1112 2391 autem
1130 2366 1158 2390 et
1172 2362 1302 2390 mulieres
1324 2366 1405 2397 sunt;
1419 2366 1553 2399 tanquam
1566 2362 1679 2391 Christo

880 2406 963 2443 igitur
980 2407 1080 2443 conjux
1095 2407 1194 2435 marito
1208 2406 1289 2435 subdi
1302 2406 1396 2434 debet.
1423 2407 1569 2442 Quomodo
1593 2408 1679 2436 vero?

879 2453 952 2480 Num
969 2452 996 2480 in
1018 2452 1094 2479 omni
1105 2451 1186 2488 jubet
1205 2451 1306 2480 subdi?
1321 2453 1396 2480 Num
1411 2452 1521 2488 quando
1540 2451 1576 2480 ad
1591 2452 1679 2480 incre-

879 2497 1022 2527 dulitatem
1043 2503 1104 2524 eam
1126 2496 1294 2533 compulerit
1316 2497 1448 2524 maritus?
1463 2497 1547 2533 Atqui
1564 2497 1600 2525 de
1615 2496 1679 2524 inﬁ-

878 2541 983 2570 delibus
997 2549 1070 2569 nunc
1089 2549 1144 2569 non
1158 2541 1280 2577 loquitur
1293 2541 1408 2576 Paulus,
1421 2541 1468 2570 sed
1487 2541 1521 2570 de
1541 2540 1675 2574 ﬁdelibus,

879 2585 913 2613 ad
926 2593 994 2621 quos
1004 2586 1105 2613 scilicet
1119 2585 1264 2614 scribebat.

710 2794 712 2798 .
723 2767 820 2798 Variae
842 2768 994 2798 lectiones.

63 2853 85 2870 39
97 2851 241 2879 συνίσταται
252 2859 291 2880 m.
310 2851 332 2869 ‘°
345 2851 424 2889 λέγιις
436 2853 474 2879 ὅτι
486 2852 585 2890 δεῖ-ἀφ.
598 2861 625 2881 0.
664 2853 682 2870 "
700 2853 761 2880 Θεόν
778 2861 803 2882 0.
