1886 3082
47 168 109 194 1117

480 166 658 195 EXPOSITIO
678 167 711 194 ΙΝ
730 167 832 195 EPIST.
853 167 898 195 AD
918 167 1035 195 EPHES.
1055 182 1091 188 —
1105 167 1183 196 CAP.
1204 169 1236 195 V.

1609 171 1678 198 1118

45 230 98 258 σίαν
116 227 202 267 σχέσις
224 228 319 265 μείζων
336 229 405 258 ἐστὶν
462 229 653 268 ὕποδείγματος
673 229 748 268 λόγος
771 229 826 269 ¹⁶⁸),
845 232 871 263 Α
885 230 898 257 h

924 237 938 257 c
950 231 1075 266 exemplo
1088 230 1221 266 majorem
1234 234 1311 264 esse),
1323 239 1418 259 verum
1427 236 1559 268 tanquam
1568 231 1682 260 vicinius

44 274 96 302 ἀλλ’
110 275 143 306 ὡς
165 273 303 312 ἐγγύτερον
316 273 361 302 καὶ
375 273 542 313 οἰκειότερον.
565 273 624 304 Ἵνα
647 273 697 313 γὰρ
721 273 759 312 μὴ
779 274 829 314 ἔχῃ

12 314 16 316 “
44 330 77 350 τις
98 318 193 356 λέγειν,
219 317 258 346 ὅτι
283 318 379 351 ἐκεῖνος
403 318 471 352 Θεὸς
496 314 544 355 ἦν,
574 318 619 348 καὶ
643 318 734 349 ἑαυτὸν
757 331 830 359 παρ-

44 363 141 392 έδωκεν·
159 362 280 401 ἑτέρωθεν
297 363 361 399 ἡμῖν
374 362 422 398 τὴν
440 363 559 402 ἀνάγκην
576 363 724 403 ἐφίστησιν.
742 364 831 404 Ὀφεί-

44 409 110 436 λουσι
126 406 193 446 γὰρ,
210 407 289 447 φησὶν
300 430 308 443 ,
329 408 450 447 ἀγαπᾷν·
469 408 603 438 τουτέστιν
614 430 623 444 ,
640 409 670 437 οὐ
684 409 759 448 χάρις
775 409 830 438 ἐστὶ

12 486 16 488 _
43 452 68 481 τὸ
82 456 144 491 πρᾶγ
152 463 205 489 μα,
228 451 286 480 ἀλλ’
302 452 393 492 ὀφειλὴ
409 453 455 482 καὶ
476 452 595 491 ἀνάγκηι
617 455 696 492 σῶμα
712 454 763 491 γάρ
782 453 829 483 σού

43 497 106 525 ἐστιν
130 497 147 531 ἡ
170 495 244 534 γυνή.
267 496 308 526 Τὸ
323 497 371 535 μὲν
390 492 435 526 οὖν
459 500 505 526 τοῦ
530 497 646 536 Χριστοῦ
666 498 830 537 ὑπόδειγμα,

12 575 15 577 _
43 541 68 569 οὐ
81 540 121 569 διὰ
135 539 164 569 τὸ
181 541 233 570 δεῖν
250 543 356 582 ἀγαπᾷν
380 542 477 578 μόνον,
498 543 568 572 ἀλλὰ
585 542 631 571 καὶ
655 542 698 571 διὰ
721 542 751 572 τὸ
767 544 829 583 ῥυθ-

12 620 15 623 _
43 585 120 623 μίζειν
143 585 304 625 παρέλαϐεν.
334 598 349 613 ιι
373 585 434 616 Ἵνα
452 598 466 615 ιι
490 585 551 626 γὰρ,
576 586 676 627 φησὶν,
698 598 711 616 α
733 583 830 627 ᾗᾶγία

42 629 82 658 καὶ
106 629 227 668 ἄμωμος.
243 644 256 656 r
279 630 320 660 Τὸ
338 630 366 660 δὲ
389 633 436 666 τῆς
463 631 579 672 σαρκὸς,
607 632 650 660 διὰ
673 631 703 661 τὸ
724 633 830 672 ἀγαπᾷν

66 674 71 683 ι

42 686 110 713 μονον
113 698 119 706 .

79 731 92 747 tt
108 718 141 749 Ὀ
166 720 279 759 ἀγαπῶν
298 719 346 757 τὴν
363 722 476 760 γυναῖκα
502 721 583 751 αὑτοῦ
606 721 700 751 ἑαυτὸν
727 722 830 762 ἀγαπᾷ.

41 764 127 798 Οὐδεὶς
148 764 202 804 γάρ
224 777 289 794 ποτε
306 765 355 801 τὴν
381 767 475 795 ἑαυτοῦ
498 767 586 806 σάρκα
606 766 749 804 ἐμίσησεν,
773 767 831 797 ἀλλ’

41 808 150 848 ἐκτρέφει
180 809 224 838 καὶ
249 810 342 839 θάλπει
367 811 466 848 αὐτὴν,
500 811 587 844 καθὼς
610 811 655 840 καὶ
678 813 692 840 ὁ
716 813 832 850 Χριστὸς

39 853 80 888 τὴν
93 853 271 889 Ἐκκλησίαν.
291 866 304 882 »
322 854 380 890 Τὴν
396 855 598 893 ἐπιτεταμένην,
613 855 693 895 φησὶ,
708 856 753 885 καὶ
771 857 830 885 ἐπι-

40 899 222 935 μεμελημένην
252 899 394 939 θεραπείαν
431 899 573 939 προσφέρει
605 904 657 932 πᾶς
683 902 715 940 τῇ
743 901 830 940 σαρκί·

39 941 100 971 ὥστε
123 943 171 971 καὶ
191 942 223 971 σὺ
288 943 403 982 γυναικί,
430 945 517 974 Πάλιν
533 945 559 973 δὲ
580 946 617 984 τῷ
638 945 745 984 Χριστῷ
762 951 830 985 χρᾶ-

39 998 78 1015 ται
102 987 164 1026 πρὸς
189 988 354 1027 ὑπόδειγμα,
383 989 507 1018 δεικνύων
536 988 576 1018 ὅτι
606 989 652 1018 καὶ
680 991 694 1018 ὃ
721 990 834 1029 Χριστὸς

39 1033 104 1069 ἡμᾶς
118 1034 152 1064 ὥς
167 1032 268 1062 οἰκείαν
284 1034 365 1062 αὐτοῦ
381 1033 467 1073 σάρκα
480 1034 629 1072 ἠγάπησεν.

80 1075 168 1106 «υΟτι
192 1077 260 1115 μέλη
285 1078 363 1116 ἐσμὲν
387 1081 434 1107 τοῦ
450 1078 575 1117 σώματος
592 1081 681 1108 αὐτοῦ.
707 1090 721 1108 ι)
746 1080 832 1109 Τουτ-

38 1121 103 1159 Eon,
122 1123 284 1159 γνησιότητα
300 1123 482 1163 πολλῆνζπρὸς
498 1123 576 1153 αὐτὸν
587 1124 694 1164 ἔχομεν.

76 1220 89 1235 ι(
106 1209 156 1238 Ἐκ
171 1210 221 1244 τῆς
236 1208 332 1249 σαρκὸς
351 1211 447 1245 αὐτοῦ,
473 1209 518 1239 καὶ
543 1211 572 1239 ἐκ
593 1212 645 1240 τῶν
668 1210 766 1240 ὀστέων
782 1212 831 1240 αὖ-

36 1255 87 1283 τοῧ.
106 1267 116 1279 ι
134 1253 200 1283 Ἀπὸ
216 1254 266 1293 γὰρ
288 1257 335 1289 τῆς
356 1256 488 1294 ἡμετέρας
513 1255 618 1294 γέγονεν
644 1254 725 1292 ὕλης,
742 1255 832 1296 ὥσπερ

37 1298 78 1326 καὶ
93 1300 109 1332 ἡ
126 1298 184 1328 Εὔα
201 1299 232 1327 ἐκ
246 1299 329 1338 [τῆς]
343 1302 387 1328 τοῦ
408 1299 505 1337 Ἀδάμ.
526 1300 579 1329 Καὶ
597 1299 688 1340 ὥσπερ
704 1302 756 1330 ἐκεῖ
772 1313 833 1330 τοσ-

37 1342 99 1379 αύτη
116 1343 228 1382 ἐγγύτης
253 1343 340 1378 ἐστὶν,
357 1344 426 1372 οὕτω
446 1344 492 1373 καὶ
509 1345 548 1384 ἐφ’
565 1347 652 1382 ἡμῶν.
674 1346 725 1374 Καὶ
747 1345 833 1379 ἄλλως

37 1386 61 1415 δὲ
85 1389 113 1416 ἐκ
134 1390 182 1422 τῆς
206 1387 301 1427 σαρκὸς
324 1389 404 1417 αὐτοῦ
421 1390 519 1427 ἐσμεν,
537 1390 582 1418 καὶ
608 1391 637 1418 ἐκ
660 1392 710 1418 τῶν
735 1391 833 1419 ὀστέων

35 1432 130 1470 αὖτοῧ,
153 1432 195 1461 ὅτι
211 1445 240 1462 τε
261 1432 352 1472 ὥσπερ
368 1435 465 1466 ἐκεῖνος
489 1435 518 1463 ἐκ
535 1433 690 1472 Πνεύματος
706 1435 832 1473 γεγέννη-

35 1487 76 1505 ται
92 1476 153 1506 ἄνευ
169 1477 310 1510 συνουσίας
324 1489 331 1495 ·
347 1476 416 1507 οὕτω
438 1477 484 1506 καὶ
498 1481 575 1516 ἡμεῖς
590 1479 616 1508 ἐν
641 1479 679 1518 τῷ
702 1479 805 1519 λουτρῷ
822 1490 829 1497 ·
846 1496 869 1524 G

35 1521 76 1549 καὶ
104 1521 144 1551 ὅτι
174 1522 372 1560 μεταλαϐόντες
401 1524 454 1551 τῶν
487 1522 655 1562 μυστηρίων,
682 1524 712 1552 ἐκ
739 1524 829 1554 τούτου

35 1565 124 1599 εὐθέως
142 1567 168 1585 ⁴⁹
197 1567 449 1603 μεταπλαττόμεθα.
483 1567 632 1597 Συνελόντα
663 1565 706 1598 οὖν
734 1570 834 1605 εἰπεῖν,

33 1611 106 1639 τοῦτό
132 1622 232 1652 φησιν,
249 1611 288 1641 ὅτι
310 1612 358 1647 τὴν
382 1612 466 1652 ἄκραν
494 1613 643 1647 οἰκειότητα
667 1612 731 1652 πρὸς
755 1614 833 1643 αὐτὸν

34 1656 138 1694 ἔχομεν.
158 1657 213 1685 Καὶ
237 1656 288 1696 γὰρ
311 1656 356 1685 καὶ
377 1656 447 1685 κατὰ
461 1657 491 1686 τὸ
505 1655 638 1695 ὁρώμενον
663 1657 833 1694 ἐκοινώνησεν

32 1701 93 1736 ἡμῖν
119 1701 220 1740 σαρκὸς
239 1701 285 1729 καὶ
311 1700 422 1738 αἵματος
439 1713 445 1719 ·
469 1701 515 1730 καὶ
533 1701 602 1730 κατὰ
625 1701 656 1731 τὸ
676 1702 830 1741 νοούμενον,

33 1744 112 1778 αἴτιος
130 1748 178 1781 τῆς
193 1747 376 1781 πνευματικῆς
400 1745 575 1779 ἀναπλάσεως
591 1749 656 1784 ἡμῖν
680 1747 782 1785 ἐγένετο
797 1748 832 1784 δί’,

30 1787 118 1829 ὥσπερ
134 1790 181 1818 καὶ
197 1791 213 1818 ὃ
227 1789 311 1828 Ἀδὰμ
327 1792 359 1828 τῇ
377 1790 435 1830 Εὔα
450 1792 496 1825 τῆς
510 1791 640 1824 πλάσεως.

73 1848 85 1860 «ι
113 1834 186 1864 Ἀντὶ
214 1834 308 1864 τούτου
332 1834 489 1874 καταλείῴει
509 1835 644 1873 ἄνθρωπος
664 1836 707 1866 τὸν
730 1836 832 1876 πατέρα

30 1879 109 1908 aurei]
124 1879 170 1908 καὶ
188 1878 239 1913 τὴν
263 1878 386 1919 μητέρα.Ι
412 1881 458 1908 καὶ
480 1880 746 1920 προσκολληθήσεται
768 1882 832 1921 πρὸς

29 1923 75 1958 τὴν
91 1928 212 1962 γυναῖκα
235 1925 330 1960 αὑτοῦ,
356 1924 402 1953 καὶ
419 1925 524 1954 ἔσονται
548 1926 571 1954 οἱ
588 1924 610 1943 ⁵¹
629 1925 674 1954 δύο
688 1926 724 1959 εἷς
745 1927 831 1966 σάρκα

30 1967 101 2005 μίαν.
124 1979 139 1997 (ι
155 1967 229 1998 Ἰδοὺ
251 1969 296 1998 καὶ
308 1969 396 2009 ἕτερον
409 1970 543 2007 δικαίωμα
556 1992 565 2007 ,
581 1968 622 1998 ὅτι
641 1969 686 1999 καὶ
702 1970 762 2004 τοὺς
775 1983 832 2009 γεν-

30 2013 196 2051 νησαμένους
211 2026 250 2046 τις
260 2014 347 2053 ἀφεὶς,
360 2014 444 2055 ἐκείνῃ
465 2014 748 2055 [προσκολληθήσεται
763 2016 829 2055 καὶ]

31 2058 228 2095 συμπλέκεται.
245 2059 297 2088 Καὶ
308 2060 355 2088 οὖκ
365 2054 432 2095 εἷπε,
444 2054 614 2095 Συνοικήσει,
627 2059 707 2095 ἀλλὰ,
716 2074 728 2085 ιι
742 2054 830 2099 “pos:

30 2103 239 2140 κολληθήσεται,
254 2117 266 2129 ιι
285 2104 332 2138 τὴν
345 2105 526 2133 ἀδιάσπαστον
535 2104 561 2123 ⁵²
572 2104 666 2133 ἕνωσιν
681 2105 777 2139 δηλῶν.
791 2106 830 2135 Τὸ

885 279 912 303 et
935 274 1024 310 magis
1042 274 1183 302 familiare.
1210 276 1251 303 Ne
1278 275 1340 311 quis
1361 276 1434 304 enim
1455 276 1575 312 objiciat,
1606 277 1682 304 Deus

886 324 943 347 erat
967 320 1021 353 ille,
1036 324 1065 347 et
1084 327 1132 355 pro
1148 319 1228 347 nobis
1242 327 1301 347 sese
1314 319 1424 347 tradidit
1440 329 1447 348 :
1470 321 1579 348 aliunde
1601 321 1680 348 nobis

885 365 1074 392 necessitatem
1087 365 1123 392 ob
1133 365 1228 392 oculos
1239 365 1346 392 statuit.
1362 365 1470 392 Debent
1483 364 1569 399 enim,
1581 365 1679 400 inquit,

884 409 1004 445 diligere,
1021 409 1048 437 id
1060 413 1111 443 est,
1128 417 1171 436 res
1186 409 1241 444 ipsa
1255 408 1338 444 413
1359 417 1413 436 non
1426 413 1468 436 est
1487 409 1582 445 gratia,
1601 413 1686 438 caete-

885 462 948 481 rum
961 453 1086 481 debitum
1100 457 1141 481 est
1151 457 1177 480 et
1184 454 1329 480 necessitas
1341 462 1347 480 :
1359 461 1425 480 nam
1443 461 1513 480 uxor
1530 457 1573 481 est
1584 461 1683 489 corpus

885 502 974 526 tuum.
991 498 1090 526 Christi
1113 498 1203 534 itaque
1221 497 1379 533 exemplum
1398 505 1455 525 non
1478 497 1513 525 ob
1531 498 1620 525 solam
1640 498 1682 526 di-

885 543 1029 571 lectionem
1042 542 1199 578 assumpsit,
1215 550 1312 570 verum
1325 542 1407 570 etiam
1422 546 1453 570 ut;
1467 550 1559 570 mores
1573 547 1683 570 nostros

886 592 1072 624 componeret.
1096 589 1176 621 Nam,
1194 599 1206 612 ιι
1224 588 1264 615 Ut
1285 591 1379 614 sancta
1399 587 1448 621 sit,
1476 598 1489 612 ν
1505 587 1602 623 inquit,
1625 599 1638 611 α
1657 591 1684 615 et

886 633 1098 660 immaculata.»
1111 631 1195 667 Quod
1209 639 1272 660 vero
1281 631 1316 660 de
1327 639 1409 660 carne
1421 630 1535 668 profert,
1549 631 1585 660 ob
1595 631 1682 660 solam

885 676 1062 705 dilectionem
1073 681 1123 704 est.

923 734 936 746 «ι
949 723 1035 750 Vens.
1045 725 1090 755 28,
1100 725 1145 750 29.
1161 733 1172 746 α
1183 721 1236 758 Qui
1245 721 1452 758 diligituxorem
1461 729 1549 756 suam,
1561 722 1683 758 seipsum

886 766 973 803 dilgit.
996 767 1085 794 Nemo
1116 767 1188 794 enim
1214 775 1336 803 unquam
1360 774 1439 794 suam
1467 766 1550 802 ipsius
1573 774 1684 794 carnem

886 811 948 839 odio
975 811 1086 846 habuit,
1110 811 1157 839 sed
1181 812 1269 839 nutrit
1295 816 1323 839 et
1349 810 1425 839 fovet
1458 819 1530 845 eam,
1560 811 1630 839 sicut
1655 815 1683 839 et

886 856 1009 884 Christus
1024 856 1183 884 Ecclesium.
1203 867 1214 880 η
1232 857 1382 890 Intensam,
1400 856 1498 892 inquit,
1521 859 1548 883 et
1560 855 1684 884 sedulam

887 909 981 928 curam
1003 900 1189 936 unusquisque
1208 900 1283 929 carni
1309 907 1365 928 suae
1380 900 1492 928 adhibet
1512 910 1518 927 :
1542 900 1633 936 itaque
1657 904 1685 928 et

886 949 915 974 tu
928 945 1014 973 uxori.
1030 947 1136 973 Rursus
1149 950 1242 973 autem
1253 945 1361 972 Christo
1375 953 1424 980 pro
1441 945 1568 980 exemplo
1584 944 1687 978 utitur,

888 990 1034 1018 ostendens
1053 989 1130 1026 quod
1145 994 1172 1018 et
1191 989 1316 1017 Christus
1336 997 1387 1017 nos
1400 997 1451 1017 ceu
1466 989 1609 1026 propriam
1623 997 1683 1018 car-

887 1043 951 1063 nem
965 1043 1046 1062 suam
1060 1035 1165 1063 dilexit.

923 1081 1010 1108 Vens.
1026 1083 1070 1108 30.
1085 1092 1097 1103 «ι
1111 1080 1181 1115 Quia
1193 1079 1320 1108 membra
1334 1087 1431 1107 sumus
1445 1079 1571 1115 corporis
1583 1079 1650 1116 ejus.
1670 1091 1683 1104 υ

888 1125 949 1153 Hoc
976 1129 1027 1160 est,
1059 1125 1210 1160 plurimum
1240 1124 1321 1152 nobis
1353 1132 1418 1152 cum
1450 1132 1483 1152 eo
1515 1125 1686 1161 cognationis

888 1171 939 1196 est.

925 1224 937 1237 α
962 1214 1003 1241 De
1023 1221 1106 1241 carne
1122 1214 1214 1249 ipsius,
1231 1217 1259 1242 et
1272 1222 1304 1242 ex
1316 1213 1424 1242 ossibus
1437 1213 1506 1250 ejus.
1521 1224 1534 1238 υ
1553 1214 1575 1242 Α
1590 1217 1685 1242 nostra

887 1258 960 1285 enim
976 1258 1091 1286 materia
1105 1258 1194 1286 factus
1204 1263 1256 1293 est,
1271 1263 1302 1287 ut
1316 1260 1370 1286 Eva
1384 1267 1416 1286 ex
1428 1258 1528 1286 Adam.
1546 1259 1579 1286 Et
1589 1267 1687 1295 quem-

887 1301 1038 1330 admodum
1062 1302 1117 1330 illic
1130 1307 1171 1330 est
1191 1311 1291 1339 magna
1321 1303 1519 1339 propinquitas,
1551 1303 1587 1330 ita
1611 1302 1686 1330 inter

887 1355 945 1374 nos.
957 1348 1060 1374 Sumus
1070 1351 1161 1374 autem
1173 1352 1201 1374 et
1213 1348 1291 1375 aliter
1301 1347 1334 1375 de
1349 1355 1432 1375 carne
1445 1347 1516 1382 eius,
1535 1351 1563 1375 et
1578 1347 1685 1375 ossibus

888 1392 1065 1427 ejus,nempe
1084 1397 1115 1419 ut
1132 1392 1178 1419 ille
1195 1401 1226 1419 ex
1247 1393 1348 1427 Spiritu
1364 1397 1447 1420 natus
1466 1396 1507 1420 est
1523 1392 1590 1420 citra
1606 1399 1685 1420 com-

887 1437 1042 1464 mistionem
1064 1437 1159 1470 maris,
1181 1437 1222 1464 sic
1236 1441 1264 1464 et
1277 1445 1328 1464 nos
1344 1437 1372 1464 in
1388 1437 1496 1464 lavacro
1514 1445 1520 1464 :
1535 1441 1594 1464 tum
1610 1436 1685 1473 quod

887 1489 937 1509 nos
958 1481 1108 1516 assumptis
1130 1482 1270 1518 mysteriis
1295 1481 1425 1509 divinitus
1444 1480 1686 1509 transformamur.

886 1528 977 1562 Atque
992 1530 1022 1554 ut
1033 1527 1193 1554 summatim
1208 1526 1309 1560 dicam,
1327 1525 1381 1553 hoc
1398 1525 1437 1553 ait
1452 1534 1459 1553 :
1482 1526 1600 1553 maxima
1622 1534 1686 1553 cum

888 1579 921 1599 eo
954 1571 1036 1598 nobis
1056 1570 1228 1598 familiaritas
1253 1570 1406 1598 intercedit.
1439 1571 1511 1598 Nam
1543 1570 1688 1598 visibiliter

888 1615 1103 1643 communicavit
1116 1615 1260 1642 nobiscum
1276 1623 1359 1643 carne
1373 1619 1401 1642 et
1421 1614 1556 1650 sanguine
1571 1623 1578 1641 :
1595 1614 1688 1641 invisi-

888 1660 980 1688 biliter
1000 1665 1094 1688 autem
1117 1664 1212 1687 auctor
1234 1660 1314 1688 nobis
1339 1659 1487 1694 spiritualis
1513 1658 1688 1687 reformatio-

888 1704 931 1732 nis
953 1704 1064 1738 exstitit,
1091 1703 1161 1732 sicut
1182 1709 1210 1732 et
1229 1704 1321 1732 Adam
1344 1705 1410 1731 Evaa
1436 1703 1580 1731 creationis
1603 1710 1685 1731 causa

887 1747 950 1776 fuit.

923 1840 1011 1867 Vsus.
1036 1841 1080 1866 31.
1098 1850 1111 1863 ιι
1128 1841 1242 1874 Propter
1256 1837 1309 1865 hoc
1330 1838 1465 1874 relinquet
1479 1837 1565 1866 homo
1580 1842 1686 1874 patrem

886 1891 969 1911 suum
984 1888 1011 1911 et
1025 1888 1153 1918 matrem,
1170 1888 1197 1910 ct
1207 1883 1361 1910 adhaerebit
1374 1883 1452 1910 uxori
1467 1890 1534 1914 sua).
1551 1887 1686 1919 eruntque

885 1930 940 1958 duo
955 1930 983 1957 in
998 1938 1111 1958 carnem
1124 1938 1219 1957 unam.
1236 1940 1249 1954 η
1270 1931 1339 1957 Ecce
1353 1930 1470 1957 alterum
1487 1937 1577 1958 causa:
1594 1929 1684 1958 ﬁrma-

885 1980 1021 2007 mentum,
1035 1982 1147 2009 nempe,
1163 1974 1321 2010 parentibus
1337 1973 1395 2001 suis
1418 1974 1556 2010 quispiam
1572 1974 1684 2008 relictis,

884 2019 921 2046 illi
934 2019 1116 2046 connectitur.
1132 2020 1189 2046 Nec
1211 2018 1290 2050 dixit,
1307 2018 1495 2052 Cohabitabit,
1519 2018 1583 2050 sed.
1600 2030 1612 2042 ιι
1629 2021 1687 2053 Ag-

885 2064 1073 2100 glutinabitnr,
1105 2075 1117 2087 ιι
1141 2063 1274 2090 unionem
1299 2062 1494 2091 indivisibilcm
1522 2062 1688 2099 signiﬁcans.

886 2110 944 2136 Hoc
959 2113 1062 2142 autem,
1085 2120 1097 2132 ει
1114 2109 1144 2135 In
1159 2115 1269 2136 carnem
1287 2116 1383 2141 unam,
1399 2117 1412 2133 »
1430 2108 1562 2144 accipitur
1575 2107 1686 2143 quidem

29 2146 64 2183 δὲ,
81 2161 92 2173 ιι
109 2149 158 2182 Εἰς
172 2149 261 2186 σάρκα
277 2148 351 2185 μίαν,
363 2163 373 2175 υ
390 2148 589 2187 ἐκλαμϐάνεται
610 2148 658 2186 μὲν
677 2150 721 2178 καὶ
741 2151 832 2184 ἁπλῶς
846 2156 875 2187 Ι)
887 2162 898 2181 s

924 2153 1046 2188 npliciter
1070 2155 1163 2189 (atque
1188 2153 1224 2180 ita
1252 2161 1368 2189 magnus
1396 2152 1441 2180 ille
1466 2153 1595 2188 Joannes)
1626 2161 1687 2188 pro,

28 2191 109 2225 οὕτως
124 2195 138 2222 ὁ
157 2193 245 2231 μέγας
261 2192 385 2229 Ἰωάννης
400 2194 457 2222 ἀντὶ
473 2195 518 2222 τοῦ
539 2192 668 2223 Ἔσονται
684 2195 732 2231 μία
751 2195 830 2234 σάρξι

29 2237 177 2266 αἰνίττεται
200 2237 227 2266 δὲ
243 2238 287 2266 καί
302 2249 327 2267 τι
345 2237 452 2277 ἕτερον,
465 2238 510 2267 καὶ
526 2237 565 2266 ὅτι
577 2238 682 2267 ἔσονται
699 2239 722 2268 οἱ
738 2240 782 2269 δύο
797 2241 833 2272 εἰς

27 2281 55 2309 τὸ
70 2282 242 2310 ἀποτελέσαι
258 2282 319 2319 μίαν
334 2282 431 2321 σάρκα,
445 2282 475 2312 τὸ
488 2282 577 2311 τέκνον
593 2283 706 2319 δηλαδή.

70 2337 84 2353 (ι
101 2327 140 2355 Τὸ
159 2326 308 2366 μυστήριον
325 2331 402 2356 τοῦτο
427 2327 496 2366 μέγα
513 2327 583 2356 ἐστίν
597 2339 603 2346 ·
621 2328 672 2366 ἐγὼ
689 2327 715 2356 δὲ
737 2328 806 2367 λέγω
823 2339 829 2346 ”

25 2370 59 2402 εἷς
81 2371 204 2409 Χριστὸν
230 2372 275 2399 καὶ
299 2372 334 2404 εἰς
359 2370 406 2406 τὴν
433 2371 610 2407 ³Εκκλησίαν.
642 2386 654 2397 ι»
684 2373 828 2410 Τουτέστι,

25 2414 92 2453 μέγα
110 2426 136 2444 τι
153 2415 202 2444 καὶ
220 2415 371 2453 θαυμαστὸν
392 2415 499 2454 ᾐνίξατο
515 2418 529 2445 ὁ
546 2415 676 2455 μακάριος
698 2419 826 2453 Μωϋσῆς.

96 2459 155 2488 ὄντι
188 2458 243 2499 γὰρ
270 2460 431 2499 μυστήριον,
458 2461 489 2490 τὸ
514 2460 573 2494 τοὺς
599 2463 828 2500 γεννησαμένυυς,

21 2504 80 2536 τοὺς
118 2504 376 2544 ταλαιπωρηθέντας
406 2504 447 2533 ἐπ’
482 2506 571 2544 αὐτῷ,
598 2505 658 2539 τοὺς
694 2506 829 2546 εὐεργετή-

22 2559 121 2582 σαντας
139 2550 275 2589 ἀφεῖναι,
294 2551 339 2578 καὶ
361 2550 592 2589 προσκολληθῆναι
607 2550 671 2589 πρὸς
686 2550 732 2586 τὴν
750 2551 833 2588 μηδέ-

21 2603 84 2622 ποτε
101 2596 270 2632 θεσιθεῖσκπιν⁷
295 2593 362 2630 μηδὲ
382 2594 607 2633 προκατάρξασάν
628 2606 696 2628 τινος
720 2597 831 2634 ἀγαθοῦ.

23 2638 102 2675 Μέγα
141 2638 232 2670 ὅντως
262 2640 420 2679 μυστήριον,
444 2641 510 2672 τέως
536 2639 626 2677 μέντοι
653 2641 688 2673 εἰς
717 2641 833 2679 Χριστὸν

21 2682 232 2721 ἐκλαμϐάνιται
255 2685 318 2723 παρ’
334 2684 398 2722 ἐμοῦ
419 2686 506 2721 τοῦτο,
523 2684 618 2722 φησὶν,
636 2684 661 2703 ⁵³
675 2686 710 2717 ὡς
734 2697 840 2725 προφη-

888 2200 974 2226 Erunt
989 2206 1053 2226 caro
1068 2206 1131 2226 una.
1149 2197 1290 2234 Signiﬁcat
1301 2202 1393 2225 autem
1409 2201 1436 2224 et
1446 2197 1517 2224 aliud
1531 2196 1662 2232 quiddam
1680 2207 1686 2224 :

887 2250 951 2269 nam
968 2246 1048 2270 erunt
1059 2242 1125 2276 duo,
1140 2246 1171 2269 ut
1185 2241 1327 2277 perﬁciant
1338 2248 1451 2269 carnem
1464 2248 1559 2273 unam,
1579 2240 1685 2276 prolem

887 2286 1023 2314 videlicet.

921 2333 1012 2359 Vsns.
1027 2334 1071 2359 32.
1085 2343 1097 2355 α
1110 2332 1319 2359 Sacramentum
1333 2330 1388 2359 hoc
1406 2338 1538 2368 magnum
1552 2334 1610 2365 est;
1621 2329 1685 2358 dico

884 2381 978 2404 autem
999 2384 1060 2412 ego,
1082 2376 1109 2404 in
1128 2377 1236 2404 Christo
1258 2380 1285 2404 et
1302 2377 1431 2405 Ecclesia.
1457 2388 1469 2400 ν
1487 2377 1547 2404 Hoc
1559 2380 1611 2410 est,
1628 2385 1687 2404 ma-

884 2429 968 2456 gnum
977 2421 1108 2457 quiddam
1121 2425 1148 2449 et
1156 2420 1353 2449 admirandum
1362 2421 1442 2449 divus
1449 2422 1542 2448 Moses
1551 2420 1686 2449 indicavit-

884 2468 988 2494 Revera
1003 2466 1075 2493 enim
1091 2466 1252 2503 mysterium
1271 2470 1322 2500 est,
1346 2470 1376 2494 ut
1401 2474 1449 2494 eos
1469 2465 1515 2502 qui
1531 2466 1619 2502 ipsum
1642 2474 1688 2502 ge-

884 2511 1006 2545 nuerint,
1017 2512 1063 2546 qui
1074 2511 1110 2538 ob
1122 2512 1213 2547 ipsum
1225 2512 1325 2539 multas
1338 2519 1477 2539 aerumnas
1489 2511 1560 2547 passi
1576 2510 1687 2544 fuerint,

889 2557 990 2592 quique
1012 2557 1041 2584 in
1069 2557 1159 2592 ipsum
1183 2557 1326 2584 innumera
1357 2556 1486 2584 beneﬁcia
1511 2555 1685 2588 contulerint,

889 2601 996 2629 deserat
1010 2601 1154 2637 quispiam,
1170 2606 1197 2629 et
1210 2601 1393 2636 agglutinetur
1406 2601 1428 2628 ei
1448 2608 1529 2636 quam
1547 2607 1685 2634 nunquam

888 2650 952 2674 ante
973 2646 1157 2682 conspexerit.
1173 2654 1265 2682 neque
1288 2646 1439 2682 quidquam
1459 2643 1524 2672 boni
1549 2648 1629 2671 antea
1652 2643 1686 2678 sit

894 2698 966 2718 orsa.
981 2691 1080 2726 Ingens
1104 2699 1198 2719 revera
1227 2690 1281 2718 hoc
1300 2690 1464 2726 mysterium
1487 2690 1545 2722 est,
1575 2687 1684 2716 interim

731 2735 830 2763 Variae
855 2735 1004 2766 lectiones.

56 2777 78 2792 ⁵⁸
95 2777 131 2808 εἰς
146 2775 322 2812 ὓποδείγματα
335 2777 414 2812 λόγου
428 2785 455 2805 ο.
496 2777 518 2794 "9
540 2777 626 2809 ἔνθέως
639 2786 667 2806 ο.
705 2778 727 2794 ⁵ο

20 2817 106 2850 φησὶν,
122 2817 178 2853 ἐγὼ
194 2824 225 2844 0.

754 2779 842 2815 γέγονε
864 2788 890 2807 ο.

931 2780 949 2796 ⁵¹
971 2780 996 2806 αἱ
1011 2787 1039 2807 0.
1077 2780 1098 2796 52
1118 2779 1267 2806 ἀδιάστατον
1286 2788 1310 2807 0.
1349 2779 1371 2795 ⁵³
1390 2778 1578 2813 ἐκλαμϐάνομαι
1597 2779 1681 2808 τοῦτο,
