1886 3082
237 185 305 212 1119

736 183 995 211 THEOPHYLACTI
1014 182 1192 210 BULGARI/E
1211 183 1366 211 ARCHIEP.

1792 186 1835 212 ll?!I

232 250 327 275 tamen
342 246 376 274 ad
395 246 551 280 Christum,
566 246 673 282 inquit,
689 246 775 282 414
789 254 840 282 ego
860 246 913 274 hoc
925 245 1020 274 refero.

1081 248 1160 279 τικῶς
1174 246 1234 286 περὶ
1259 247 1339 276 αὐτοῦ
1360 245 1464 286 λεχθέν.
1486 246 1540 277 Καὶ
1563 246 1618 287 γὰρ
1635 246 1680 276 καὶ
1701 247 1769 279 αὐτὸς
1782 247 1835 286 ﬁgis.-

235 295 368 328 tanquam
388 291 546 328 prophetice
569 291 603 320 de
619 299 652 320 eo
666 291 769 320 dictum
782 295 863 319 esset.
876 290 986 318 Etenim
1006 294 1035 318 et

234 337 290 374 ipse
306 337 410 366 dimisit
431 341 549 374 patrem,
565 345 622 365 non
644 337 723 365 locali
742 337 873 370 transitu,
895 336 942 364 sed
962 343 1030 364 con-

231 381 367 410 descensu
385 380 420 410 ad
441 389 565 415 carnem,
594 381 721 416 venitque
748 380 784 409 ad
807 388 949 416 sponsam,
969 387 1031 416 qua:

231 427 321 463 ipsum
342 434 486 462 nunquam
505 429 660 462 agnoverat,
678 425 823 461 factusque
841 429 883 452 est
896 425 1029 460 eumipsa

231 479 302 499 unus
320 471 443 506 spiritus.
462 482 475 495 α
499 471 551 505 Qui
574 470 651 499 enim
684 470 806 498 Domino
834 470 1027 506 agglutinatur,

230 523 301 543 unus
321 515 433 552 spiritus
457 519 499 544 est
517 519 538 542 '.
556 526 569 540 ι
592 516 682 550 Quare
708 514 792 551 igitur
817 514 1027 542 matrimonium

230 560 364 596 culpatur,
395 560 442 588 ubi
470 560 570 588 Paulus
592 560 683 596 ipsum
711 567 760 596 pro
784 559 904 595 mysterii
928 559 1026 587 Christi

229 605 357 640 exemplo
383 604 520 641 producit,
551 605 713 642 mysterium
750 604 792 632 vel
823 607 1025 633 sacramentum

230 650 400 678 nominans?

263 696 355 723 Vnus.
365 698 408 723 33.
425 706 438 719 α
452 695 651 723 Verumtamen
665 698 692 722 et
707 702 756 722 vos
768 694 867 730 singuli
880 694 1024 730 unusquis-

228 747 281 776 que
302 747 418 768 uxorem
442 747 522 768 suam
543 739 613 767 sicut
627 739 746 775 seipsum
769 739 873 775 diligat.
901 751 914 764 ι
929 739 1023 775 Atqui,

228 785 328 820 inquit,
349 784 456 812 etiamsi
479 785 624 821 allegorice
639 784 699 812 liaac
723 784 888 820 acceperim,
912 787 1024 820 propter

227 837 341 857 uxorem
354 833 446 857 tamen
461 829 533 857 dicta
556 833 621 858 sunt
644 839 650 857 :
674 836 765 865 neque
780 828 909 865 allegoria
932 828 1023 856 mariti

227 882 291 910 erga
313 882 429 903 uxorem
448 873 648 908 habitudinem,
661 881 722 910 quae
746 877 786 902 est
804 873 956 902 secundum
981 873 1024 901 lit.

226 923 324 953 teram,
345 919 465 947 invertit.
487 919 575 947 Debet
595 919 669 947 enim
697 919 884 955 unusquisque
908 926 1023 946 uxorem

226 971 304 992 suam
312 963 428 1000 diligere
439 971 472 992 ac
484 963 588 997 fovere,
605 963 680 991 haud
694 971 773 992 secus
783 971 868 999 quam
888 963 1021 999 seipsum.

225 1009 282 1037 Nec
294 1007 362 1036 mihi
374 1008 458 1043 dicas,
474 1010 554 1036 Hunc
568 1013 595 1036 et
613 1008 686 1036 hunc
703 1007 840 1036 defectum
855 1007 937 1036 habet
954 1015 1024 1035 uxor

226 1061 287 1081 mea
300 1062 306 1081 :
323 1061 388 1081 nam
401 1057 427 1081 et
441 1057 472 1081 tu
487 1054 516 1081 in
524 1060 604 1081 carne
617 1057 663 1080 tua
677 1052 802 1081 defectus
818 1052 912 1086 habes,
927 1053 1023 1086 veluti,

225 1106 338 1127 manum
363 1098 504 1132 mutilam,
526 1098 626 1134 pedem
647 1097 787 1132 claudum,
812 1098 924 1126 oculum
956 1100 1024 1125 stra-

225 1143 316 1171 bum:
338 1143 396 1172 haec
418 1151 484 1172 vero
507 1151 565 1172 non
590 1142 738 1176 abscindis,
761 1142 809 1170 sed
833 1142 931 1178 majori
957 1149 1023 1170 cura

224 1187 350 1224 dignaris.

262 1244 274 1257 α
292 1233 372 1261 Uxor
389 1237 480 1261 autem
497 1237 527 1261 ut
539 1237 642 1261 metuat
656 1232 757 1260 virum.
770 1243 782 1256 ι
796 1233 864 1268 Quia
880 1231 1023 1268 mqualitas

222 1278 335 1306 honoris
357 1278 518 1307 seditionem
541 1285 742 1314 nonnunquam
767 1278 850 1314 parit,
874 1281 1021 1314 propterea

223 1323 353 1351 timorem
368 1323 481 1357 inducit,
497 1327 528 1351 ut
545 1331 617 1351 unus
639 1323 676 1351 sit
697 1323 868 1359 principatus
887 1322 930 1350 vir
952 1322 1019 1357 ipse.

223 1369 329 1396 Metum
353 1372 444 1397 autem
465 1368 509 1396 hic
537 1368 673 1397 intensam
697 1368 876 1396 reverentiam
896 1372 923 1395 et
937 1367 1021 1395 animi

223 1413 442 1442 contractionem
456 1412 533 1446 dicit,
558 1413 604 1449 qui
627 1413 755 1441 homines
778 1413 911 1448 ingenuos
931 1411 1021 1446 decet,

222 1465 278 1485 non
300 1458 436 1486 servilem.
458 1459 497 1486 Ex
517 1457 674 1492 huiusmodi
694 1461 770 1485 metu
782 1457 891 1485 dilectio
905 1464 1019 1492 compa-

223 1501 344 1537 rabitur;
360 1502 471 1538 ipsaque
488 1510 583 1530 rursus
602 1506 708 1530 metum
723 1506 751 1530 et
764 1502 944 1530 reverentiam
954 1509 1019 1529 con-

1086 291 1130 320 τὸν
1153 292 1273 331 πατέρα,
1298 291 1328 320 οὗ
1350 293 1448 332 τοπικῇ
1473 291 1638 332 μεταϐάσει,
1662 292 1726 321 ἀλλὰ
1797 304 1835 331 ago;

1086 335 1134 372 τὴν
1157 336 1242 375 σάρκα
1265 336 1480 375 συγκαταϐάσει,
1506 335 1552 365 καὶ
1574 331 1640 372 ἦλθε
1659 336 1719 376 πρὸς
1736 335 1776 371 τὴν
1788 336 1835 373 νύμ-

1086 392 1152 420 φην,
1178 382 1227 416 τὴν
1248 381 1361 410 πάντοτε
1385 381 1463 410 αὐτὸν
1489 379 1676 420 ἆγνοήσασαν,
1702 380 1743 409 καὶ
1766 380 1834 419 ἐγένετι

1085 427 1152 465 αὐτῇ
1169 427 1204 459 εἰς
1228 428 1334 464 πνεῦμα
1356 426 1394 456 ἕν.
1416 436 1430 454 ι(
1451 425 1484 455 Ὁ
1502 425 1552 465 γὰρ
1577 425 1736 463 κολλώμενος
1752 426 1781 465 τῷ
1801 427 1834 454 κν.

1085 471 1132 510 ρίῳ
1147 470 1176 500 ἒν
1191 471 1296 508 πνεῦμά
1311 471 1376 499 ἐστι.
1396 482 1410 499 ι
1437 471 1500 503 Πῶς
1525 465 1569 499 οἶν
1596 469 1758 505 διαϐέϐληται
1777 471 1832 507 67i-

1083 527 1149 553 μος,
1174 515 1239 545 ὅπου
1255 526 1284 554 γε
1300 516 1408 549 Παῦλος
1423 516 1459 548 εἷς
1482 514 1633 554 ὑπόδειγμα
1653 518 1736 544 τοῦτον

1082 563 1127 589 τοῦ
1154 560 1223 590 κατὰ
1244 559 1358 601 Χριστὸν
1375 559 1540 600 μυστηρίου,
1557 560 1604 589 καὶ
1632 558 1707 589 αὐτὸν
1730 559 1830 598 μυστήρια

1080 606 1232 644 ὀνομάζων;

1126 706 1139 723 (ι
1155 695 1230 730 Πλὴν
1253 695 1299 724 καὶ
1319 696 1394 733 ὓμεῖς
1409 696 1432 725 οἳ
1451 697 1509 725 καθ’
1525 695 1572 725 ἕνα
1592 695 1702 728 ἕκαστος
1715 694 1755 729 τὴν
1769 695 1829 723 ἑαλπί

1079 744 1192 779 γυναῖκα
1207 739 1288 774 οὕτως
1310 741 1430 779 ἀγαπᾶτε
1452 742 1488 773 ὡς
1505 740 1609 769 ἑαυτόν.
1632 751 1646 769 ιι
1666 738 1751 777 Πλὴν,
1766 739 1829 778 ρητὶ-ιν

1080 785 1102 813 εἰ
1121 785 1166 814 καὶ
1190 785 1372 824 ἀλληγορικῶς
1396 787 1481 814 ταῦτα
1505 783 1672 823 ἐξελαϐόμην
1687 784 1721 819 5‘,
1735 784 1788 820 ὅμως
1803 783 1830 810 ui

1079 828 1123 858 διὰ
1157 829 1205 865 τὴν
1231 833 1344 868 γυναῖκα
1372 829 1509 870 εἴρηνται,
1546 829 1594 859 καὶ
1619 829 1667 858 οὐκ
1689 827 1827 867 ἀνατρέπειῆ

1081 873 1226 913 ἀλληγορία
1241 873 1290 910 τὴν
1309 873 1380 903 κατὰ
1403 874 1432 904 τὸ
1456 874 1570 914 γράμμα
1596 874 1686 913 σχέσιν
1696 875 1748 912 ςιτοῦ
1771 871 1829 909 mox

1079 918 1143 958 πρὸς
1159 918 1206 954 τὴν
1220 922 1345 958 γυναῖκα.
1371 918 1490 959 Ὀφείλει
1505 919 1556 958 γὰρ
1573 918 1689 959 [φησὶν]
1703 917 1790 948 ἕκαστος
1801 915 1827 947 riu

1079 967 1192 1001 γυναῖκα
1207 965 1332 1004 ἀγαπᾷν,
1353 965 1399 992 καὶ
1422 963 1551 1000 θάλπειν,
1574 965 1612 996 ὥς
1628 962 1723 992 ἑαυτόν.
1748 961 1789 990 Καὶ
1807 961 1828 996 μή

1081 1019 1126 1046 μοι
1152 1007 1231 1047 λέγε,
1257 1007 1297 1037 ὅτι
1321 1008 1380 1038 τόδε
1403 1008 1449 1037 καὶ
1473 1008 1533 1037 τόδε
1555 1007 1586 1036 τὸ
1613 1009 1743 1044 ἐλάττωμα
1762 1005 1800 1044 ἔχει
1819 1007 1827 1038 ἦ

1078 1052 1144 1093 γυνή
1161 1065 1168 1071 ·
1184 1052 1292 1093 καὶγὰρ
1309 1054 1336 1083 ἔν
1408 1052 1487 1092 σαρκί
1510 1065 1557 1082 σου
1585 1052 1751 1090 ἐλαττώματα
1771 1050 1828 1088 illa,

1078 1092 1131 1126 οἶον
1142 1121 1150 1136 ,
1166 1092 1373 1138 χεῖρανκυλλήν,
1388 1098 1457 1127 πόδα
1476 1097 1581 1137 χωλὸν,
1607 1095 1734 1137 ὀφθαλμὸν
1745 1094 1829 1131 Marga-

1078 1153 1126 1182 φον
1141 1155 1147 1161 ·
1164 1143 1224 1172 ἀλλ’
1237 1143 1284 1172 οὐκ
1301 1143 1438 1176 ἐκκόπτεις
1459 1146 1543 1172 ταῦτα
1554 1166 1562 1180 ,
1577 1142 1695 1174 πλείονος
1718 1141 1740 1169 δὲ
1760 1140 1827 1178 umis

1078 1187 1230 1226 ἐπιμελείας
1245 1187 1336 1221 ἀξιοῖς.

1117 1246 1129 1258 α
1143 1231 1179 1262 Ἣ
1194 1232 1221 1261 δὲ
1231 1232 1297 1272 γυνή
1309 1231 1353 1261 ἵνα
1367 1231 1482 1270 φοϐῆται
1493 1232 1537 1261 τὸν
1549 1232 1643 1272 ἄνδρα.
1655 1246 1666 1257 ι
1682 1230 1774 1264 Ἐπειδὴ
1786 1229 1827 1256 ἀκι-

1076 1277 1223 1307 ταστασίαν
1246 1279 1319 1307 ποιεῖ
1341 1279 1358 1312 ἡ
1376 1276 1513 1314 ἰσοτιμία,
1540 1276 1585 1306 διὰ
1616 1279 1691 1306 τοῦτο
1716 1276 1752 1304 τὸν
1774 1272 1827 1312 φάίθν

1076 1321 1192 1360 εἰσάγει,
1210 1321 1254 1351 ἵνα
1273 1321 1322 1360 μία
1344 1321 1414 1361 ἀρχὴ
1470 1323 1484 1351 ὁ
1504 1321 1581 1361 ἀνήρ.
1600 1321 1689 1352 Φόϐον
1708 1319 1732 1349 δὲ
1751 1319 1826 1347 Em?“

1075 1365 1124 1401 τὴν
1146 1365 1336 1404 ἐπιτεταμένην
1362 1365 1501 1395 εὐλάϐειαν
1525 1366 1571 1395 καὶ
1596 1365 1720 1400 συστολὴν
1733 1363 1787 1400 λέγει
1801 1361 1827 1396 ⁵³,

1075 1410 1120 1439 τὸν
1143 1411 1286 1450 ἐλευθέροις
1311 1410 1463 1450 πρέποντα,
1479 1411 1508 1440 οὖ
1529 1410 1573 1440 τὸν
1603 1410 1726 1440 δουλικόν.
1750 1406 1788 1436 Ἐκ
1799 1407 1826 1433 πῖ

1073 1455 1190 1485 τοιούτου
1212 1455 1294 1495 φόϐου
1319 1455 1365 1484 καὶ
1388 1457 1404 1491 ἡ
1425 1454 1517 1494 ἆγοίπη
1533 1454 1779 1495 συγκροτηθήσεταιι
1799 1452 1826 1478 υἱ

1074 1499 1140 1535 αὐτὴ
1163 1501 1244 1530 πάλιν
1265 1500 1343 1529 αὐτὸν
1367 1502 1554 1540 συγκροτήσει.
1579 1499 1720 1539 Ἀγαπήσει
1741 1497 1778 1535 μὲν
1795 1495 1826 1532 γᾶἓ
1851 1519 1852 1529 ι

222 1547 334 1574 ciliabit.
352 1547 454 1583 Diliget
465 1547 538 1574 enim
551 1547 652 1582 conjux
666 1546 765 1580 virum,
782 1550 915 1582 tanquam
929 1553 1020 1573 mem-

1079 1547 1095 1580 ἡ
1111 1544 1177 1583 γυνὴ
1205 1545 1251 1574 τὸν
1267 1544 1365 1585 ἄνδρα,
1381 1546 1418 1578 ὡς
1441 1545 1520 1592 μέλ,ος
1531 1557 1537 1563 ⁸
1562 1544 1734 1586 φοϐηθήσεται
1749 1540 1826 1587 δὲ,ἦτνι

223 1591 318 1622 brum;
331 1595 437 1618 metuet
456 1594 549 1619 autem
561 1599 609 1618 seu
618 1590 774 1624 honorabit,
787 1595 915 1626 tanquam
929 1595 1019 1625 caput.

222 1634 295 1670 Quid
308 1641 372 1661 vero
389 1635 410 1662 si
424 1642 478 1662 non
495 1638 598 1662 metuat
614 1634 733 1662 mulier?
754 1636 797 1662 Tu
818 1639 911 1662 tamen
926 1633 1018 1669 dilige,

222 1683 324 1714 tuoque
341 1679 434 1707 ofﬁcio
457 1679 578 1714 fungere.
596 1679 726 1707 Similiter
745 1683 773 1707 et
787 1680 896 1714 mulier,
913 1679 1019 1707 etiamsi

221 1731 278 1751 non
289 1723 425 1759 diligatur,
439 1727 543 1751 metuat
555 1727 657 1751 tamen.
675 1723 869 1752 Animadverte
879 1723 1019 1760 quomodo

223 1768 317 1796 multis
350 1768 438 1796 verbis
463 1767 695 1796 demonstraverit
724 1776 756 1796 ac
788 1773 946 1804 persecutus
973 1768 1018 1802 sit,

221 1813 361 1850 quomodo
387 1821 401 1841 a
424 1813 526 1841 marito
552 1814 589 1841 sit
602 1813 741 1850 diligenda
757 1814 923 1850 eonjux.De
943 1817 1018 1841 metu

211 1862 314 1895 autem
328 1866 384 1886 non
397 1857 511 1893 perinde
525 1857 613 1886 multa
635 1857 717 1886 tradit
730 1866 737 1886 :
750 1857 927 1886 dilectionem
943 1858 1017 1885 enim

219 1903 321 1938 primas
340 1902 464 1931 obtinere
482 1902 579 1930 voluit.
596 1902 705 1930 Etenim
727 1903 829 1938 conjux
851 1908 927 1931 metu
948 1902 1017 1931 dile—

218 1947 317 1976 ctionis
331 1952 455 1975 metuere
467 1947 600 1975 maritum
614 1947 704 1981 debet,
720 1948 757 1975 uti
773 1947 879 1976 dictum
896 1952 948 1980 est,
961 1955 1017 1976 non

220 2000 253 2020 eo
274 1992 320 2028 qui
343 1991 423 2020 faciat
444 1996 564 2019 tremere
591 1999 623 2019 ac
644 2000 754 2028 pavere,
783 2000 815 2019 ex
839 2000 894 2028 quo
919 1992 1016 2021 odium

219 2036 311 2072 potius
328 2035 448 2064 nascitur
472 2036 542 2064 :sed
560 2036 610 2070 ita,
635 2040 666 2064 ut
690 2044 746 2064 non
764 2036 944 2071 contradicat,
960 2045 1016 2065 non

217 2081 351 2116 insurgat,
368 2080 518 2116 primatum
532 2088 590 2109 non
615 2080 727 2108 ambiat.
742 2082 801 2109 Etsi
816 2081 890 2109 enim
905 2089 959 2109 una
979 2082 1016 2109 sit

217 2133 290 2159 caro,
316 2128 343 2152 et
368 2125 553 2161 principatum
575 2125 674 2153 habeat
699 2126 782 2153 etiam
805 2126 873 2162 ipsa,
898 2134 1015 2162 eamque

217 2170 252 2198 ob
267 2170 414 2204 rationem,
430 2170 563 2206 aequalem
571 2170 735 2206 dignitatem
750 2179 757 2198 :
771 2178 868 2198 verum
879 2171 1016 2199 secundus

217 2220 258 2243 est
271 2215 430 2244 dominatus
441 2215 549 2250 mulier,
566 2215 683 2244 maritus
702 2220 795 2244 autem
820 2215 903 2244 habet
913 2216 1013 2252 aliquid
1031 2228 1055 2260 Β

218 2260 345 2297 amplius.

527 2307 646 2334 CAPUT
660 2307 707 2335 VI.

250 2358 341 2385 Vnus.
368 2362 390 2386 1.
418 2369 430 2381 α
455 2357 527 2392 Filii,
549 2357 661 2386 obedite
686 2359 848 2394 parentibus
865 2358 963 2387 vestris
984 2358 1011 2386 in

212 2401 344 2429 Domino.
355 2413 368 2425 ν
378 2402 620 2439 Quemadmodum
630 2403 675 2438 qui
684 2411 783 2440 corpus
791 2403 876 2440 ﬁngit,
888 2404 1008 2440 primum

215 2445 328 2483 quidem
342 2451 434 2482 caput,
454 2446 554 2474 deinde
571 2447 685 2482 collum,
701 2453 842 2485 postremo
856 2449 939 2484 pedes
953 2448 1010 2477 for-

215 2495 275 2519 mat
304 2499 311 2519 :
337 2491 376 2518 sic
399 2495 426 2519 et
454 2491 552 2519 Paulus
580 2491 647 2520 dixit
676 2492 711 2520 de
743 2493 835 2520 mariti
855 2493 1012 2529 principatu

214 2536 315 2572 primo,
333 2535 432 2564 deinde
456 2535 491 2564 de
505 2536 597 2564 uxoris
611 2536 754 2565 dominatu
763 2537 860 2571 altero,
880 2537 1010 2574 deinceps

213 2580 249 2609 de
266 2580 349 2609 tertio
364 2580 525 2617 principatu,
538 2581 584 2616 qui
595 2585 637 2609 est
651 2580 735 2617 415
751 2581 912 2616 liberorum,
925 2583 1008 2611 verba

212 2625 298 2654 facit:
314 2625 421 2654 mulieri
432 2625 505 2653 enim
516 2626 590 2653 solus
605 2626 719 2654 maritus
729 2625 899 2661 dominatur,
916 2627 1011 2656 liberis

213 2675 306 2699 autem
327 2675 355 2698 et
373 2679 452 2699 uxor.
469 2669 586 2699 Obedite
608 2671 701 2708 igitur,
717 2671 816 2707 inquit,
840 2672 1010 2709 parentibus,

252 2755 264 2768 ιι
276 2752 288 2778 1
302 2750 367 2780 Cor.
382 2753 491 2786 vr,_l7.

1078 1589 1200 1628 τιμήσει,
1215 1591 1251 1623 ὡς
1265 1583 1396 1630 κεφαλήν.
1413 1589 1448 1620 Τί
1469 1585 1513 1619 οὖν
1528 1583 1613 1628 ἄν’μὴ
1629 1588 1732 1630 φοϐῆται
1745 1588 1757 1621 ἡ
1771 1583 1825 1630 γυνῇς

1076 1634 1116 1664 Σὺ
1130 1634 1221 1673 ἀγάπα
1231 1658 1238 1671 ,
1250 1635 1280 1664 τὸ
1294 1638 1392 1664 σαυτοῦ
1404 1634 1472 1664 ποίει
1488 1646 1495 1652 ·
1515 1634 1614 1672 ὁμοίως
1629 1634 1672 1664 καὶ
1688 1635 1703 1668 ἡ
1715 1630 1768 1670 γυνὴ
1778 1653 1784 1664 ι
1795 1628 1825 1656 ἡ*

1076 1679 1113 1718 μὴ
1131 1680 1285 1718 ἀγαπᾶται,
1308 1679 1379 1716 ὅμως
1401 1678 1428 1708 δὲ
1448 1678 1591 1720 φοϐείσθω.
1620 1678 1689 1718 Ὅρα
1707 1676 1745 1712 δὲ,
1765 1673 1825 1720 ὅτι

1075 1723 1139 1762 μὲν,
1155 1717 1211 1757 πῶς
1234 1724 1274 1753 δεῖ
1294 1725 1401 1764 ἀγαπᾷν
1418 1717 1462 1754 τὸν
1483 1723 1566 1763 ἄνδρα
1591 1724 1640 1760 τὴν
1660 1717 1779 1762 γυναῖκα,
1800 1717 1824 1764 ξιξ

1073 1770 1179 1798 πολλῶν
1196 1768 1276 1802 ἔδειξε
1289 1781 1296 1787 ·
1311 1768 1341 1797 τὸ
1354 1762 1382 1797 δέ
1395 1771 1441 1798 τοῦ
1456 1762 1538 1809 φόϐου
1559 1769 1649 1799 οὐκέτι
1671 1765 1790 1809 πλατύνει,
1801 1762 1823 1789 δτι

1073 1816 1152 1842 τοῦτο
1186 1813 1305 1851 μάλιστα
1327 1813 1452 1852 βούλεται
1476 1817 1601 1852 κρατεῖν,
1629 1813 1659 1842 τὸ
1679 1813 1721 1846 τ’ἦς
1742 1808 1823 1847 ἀγάπης-

1075 1858 1130 1888 Καὶ
1145 1857 1196 1897 γὰρ
1211 1857 1257 1887 καὶ
1280 1860 1296 1893 ἡ
1390 1880 1398 1894 ,
1422 1859 1458 1891 ὡς
1479 1857 1581 1897 εἴρηται
1591 1880 1599 1894 ,
1627 1857 1668 1887 τὸν
1688 1857 1714 1885 ἐκ
1730 1855 1768 1889 τῆς
1779 1851 1823 1897 ἀγέ-

1073 1914 1125 1938 πης
1137 1894 1217 1942 ιρόέον
1236 1894 1375 1942 φοϐεῖσθαι
1392 1894 1509 1942 ὀφείλει,
1529 1902 1590 1942 οὐχὶ
1610 1902 1654 1932 τὸν
1666 1901 1773 1930 ποιοῦντα
1784 1894 1823 1942 τρέ-

1073 1941 1205 1986 μειννκαὶ
1231 1941 1363 1983 δεδιέναι,
1397 1941 1424 1981 ἐξ
1449 1942 1479 1976 οὗ
1505 1941 1582 1985 μῖσος
1608 1947 1719 1976 τίκτεται
1740 1941 1822 1988 tim”;

1073 1992 1132 2021 ἀλλ’
1149 1991 1218 2022 ὥστε
1236 1992 1273 2030 μὴ
1297 1991 1442 2031 ἀντιλέγειν
1453 2015 1461 2028 ,
1477 1991 1546 2030 μηδὲ
1562 1991 1754 2023 ἐπανίστασθαι,
1769 1984 1796 2024 μὴ

1070 2039 1122 2066 τῶν
1138 2037 1272 2075 πρωτείων
1289 2037 1362 2077 ἐρᾷν.
1389 2037 1423 2066 Εἰ
1439 2037 1490 2077 γὰρ
1511 2037 1556 2066 καὶ
1572 2036 1622 2075 μία
1647 2034 1706 2074 σάρξ
1726 2033 1822 2078 gannit}!
1848 2048 1849 2075 γ

1073 2080 1157 2121 ἀρχὴν
1183 2081 1238 2120 ἔχει
1262 2081 1307 2110 καὶ
1330 2081 1397 2117 αὐτὴ
1420 2081 1538 2119 ἰσότιμον
1557 2081 1583 2100 ⁵⁷
1598 2080 1666 2110 κατὰ
1679 2071 1820 2122 remotam?

1071 2119 1125 2155 ut
1142 2119 1251 2166 δευτέρα
1274 2125 1347 2166 ἀρχή
1373 2127 1444 2156 ἐστιν
1469 2129 1486 2162 ἡ
1508 2125 1590 2165 γυνὴ,
1608 2125 1653 2155 καὶ
1668 2122 1738 2153 πλέον
1759 2119 1821 2158 ἔχειδ

1071 2170 1149 2210 ἀνήρ.

1364 2300 1510 2332 ΚΕΦΑΛ.
1533 2300 1585 2339 ς’.

1109 2367 1124 2383 ιι
1149 2355 1194 2385 Τὰ
1216 2354 1311 2394 τέκνα,
1335 2355 1483 2384 ὖπακούετε
1509 2358 1563 2388 τοῖς
1588 2356 1700 2394 γονεῦσιν
1726 2348 1782 2386 ὑμῶν
1801 2342 1817 2393 ἐν

1069 2400 1169 2441 Κυρίῳ.
1187 2412 1201 2428 ιι
1229 2398 1356 2439 Καθάπερ
1371 2411 1409 2433 τις
1424 2401 1503 2438 σῶμα
1524 2398 1659 2441 πλάττωχ,
1682 2395 1768 2441 πριῗζτον

1066 2438 1118 2481 τὴν
1137 2438 1272 2485 κεφαλὴν,
1300 2444 1392 2473 ἔπειτα
1413 2444 1457 2473 τὸν
1482 2443 1598 2484 αὐχένα,
1624 2438 1681 2485 εἶτα
1703 2438 1812 2485 relati-1‘1“:

1066 2488 1124 2522 τοὺς
1139 2489 1220 2523 πόδας
1237 2489 1355 2524 τίθησιν·
1372 2488 1442 2518 οὕτω
1464 2488 1510 2518 καὶ
1532 2488 1640 2521 Παῦλος
1660 2480 1710 2515 εἷπε
1723 2480 1770 2518 περὶ

1067 2534 1159 2574 ἀνδρὸς
1180 2535 1227 2570 τῆς
1248 2533 1358 2573 πρώτης
1380 2534 1482 2573 ἀρχῆς»
1499 2527 1557 2562 εἶπε
1583 2531 1623 2572 [Ῐ-
1649 2526 1716 2566 εἶτα]
1730 2524 1764 2577 “5
1775 2530 1812 2577 πῗῖ

1066 2581 1113 2614 τῆς
1131 2578 1252 2617 γυναικὸς
1271 2579 1319 2614 τῆς
1335 2578 1456 2617 δευτέρας
1472 2578 1556 2617 ἀρχῆς
1570 2588 1577 2595 ”
1601 2577 1668 2616 λέγει
1679 2577 1717 2603 ν’ὖν
1729 2574 1763 2599 χιιι
1774 2574 1813 2601 περι

1066 2626 1113 2660 τῆς
1129 2616 1218 2663 τρίτης
1241 2623 1341 2663 ἀρχῆς,
1357 2623 1409 2651 τῶν
1426 2621 1535 2651 τέκνων.
1556 2623 1615 2657 Τῆς
1634 2620 1678 2660 μὲν
1699 2616 1740 2663 γὰρ
1751 2619 1812 2659 τυν²ξ’

1066 2662 1223 2709 κὸςηὸνάνὴρ
1241 2662 1318 2707 μόνος
1334 2666 1429 2707 ἄρχει,
1444 2668 1496 2696 τῶν
1519 2665 1546 2696 δὲ
1567 2666 1667 2696 παίδων
1681 2662 1743 2695 καὶῆ
1760 2664 1809 2695 γυνη-

898 2788 1194 2829 :Variaeglectionesj

254 2832 275 2849 ⁸⁸
291 2831 381 2866 ἐνόησα
397 2839 435 2860 m.
476 2832 498 2849 ⁵⁵
512 2833 564 2859 νόει
577 2840 603 2861 ο.
643 2832 665 2849 ³⁸
681 2823 742 2869 μηδὲ
755 2840 781 2860 ο.
823 2833 842 2849 ω
860 2832 982 2868 ἰσοτιμίαν
994 2823 1022 2861 οἶ
