1886 3082
72 181 142 210 1121

69 291 139 331 ρίῳ,
153 302 168 319 ν
191 290 342 326 τουτέστιν,
363 291 427 321 ὅταν
445 288 514 318 κατὰ
542 288 640 329 Κύριον
660 283 725 327 ᾖτὰ
740 287 873 327 προστάγ-

68 347 150 372 ματα
166 335 192 354 ⁵⁸
208 347 214 353 ·
234 335 292 364 ἐπεὶ
311 335 357 365 ἐὰν
379 335 415 368 εἷς
431 333 554 364 ἀσέϐειαν
576 335 680 373 συνωοῇ
697 334 710 361 ὁ
730 332 834 372 πατὴρ,
855 332 872 368 ἢ

69 381 201 419 βούλεται
226 382 375 420 προστῆσαι
397 379 445 415 τὴν
469 378 601 418 θυγατέρα
615 399 623 414 ,
650 376 667 408 ἢ
691 377 805 416 αἰσχρὰν
831 377 873 405 τέ-

66 437 142 465 χνην
157 424 259 459 διδάξαι
274 425 318 454 τὸν
333 425 405 462 υἱὸν,
422 425 451 453 οὖ
471 423 540 453 κατὰ
563 422 660 464 Κύριόν
679 421 776 452 ἔστιτὸ
791 421 873 461 πρόσ-

13 482 18 485 ·
67 482 184 510 ταγμα,
202 469 259 499 οὐδὲ
275 468 418 500 ὑπακούειν
434 470 485 499 δεῖ.

121 515 235 545 «Τοῦτο
249 514 301 554 γάρ
317 516 372 544 ἐστι
397 514 509 543 δίκαιον.
527 512 605 550 Τίμα
628 512 673 541 τὸν
697 511 800 551 πατέρα
825 522 872 540 σου

67 559 121 589 καὶ
143 559 191 596 τὴν
215 559 318 599 μητέρα
344 571 406 598 σου,
431 558 488 594 ἥτις
515 557 585 588 ἐστὶν
611 557 702 592 ἐντολὴ
727 556 820 596 πρώτη
847 556 874 584 ἐν

68 605 247 645 ἐπαγγελίαις
277 604 314 634 ⁵9.
340 615 354 633 ιδ
386 604 440 634 Καὶ
469 601 546 643 φύσει
564 602 665 631 δίκαιόν
690 603 763 637 ἔστι,
791 601 874 639 φησὶ,

68 653 169 686 τοῦτο,
187 650 233 679 καὶ
260 649 312 679 ὑπὸ
336 651 382 678 τοῦ
409 647 490 687 νόμου
520 647 726 688 προστάσσεται.
754 647 817 679 Πῶς
847 646 874 674 δέ

69 706 171 735 φησιν,
194 694 236 724 ὅτι
261 693 355 734 πρώτη
380 692 471 728 ἐντολή
497 693 553 722 ἐστι
577 694 653 721 τοῦτο
673 691 716 728 ⁶⁰;
735 691 793 720 Οὐκ
819 690 874 719 ἔστι

68 739 147 779 γάρ’
173 739 242 769 ἀλλὰ
267 739 317 775 τὸ,
345 750 360 766 α
375 739 416 768 Οὐ
442 737 590 778 φονεύσεις·
613 737 654 766 Oi:
679 735 838 776 μοιχεύσεις.
858 746 871 762 )›

69 784 146 814 Ἀλλ’
173 784 238 824 δρα,
266 784 293 813 τί
320 783 483 823 προσέθηκεν
504 793 511 800 ·
541 795 552 808 ιι
581 781 629 811 Ἐν
655 779 832 820 ἐπαγγελίαις.
855 790 869 808 ))

68 830 196 859 Ἐκεῑναι
220 829 270 869 γὰρ
299 829 325 857 αἱ
357 829 462 868 πρῶται
490 827 537 856 οὐκ
570 826 676 866 ἔχουσιν
714 825 874 864 ἐπαγγελίας

69 874 121 904 καὶ
143 873 308 913 ἀντιμισθίας
320 885 326 892 ·
350 871 533 912 ἀναχωρήσεις
551 872 603 911 γάρ
619 874 669 901 εἰσι
691 871 780 899 κακῶν
794 892 802 907 ,
826 870 873 899 οὐκ

68 921 182 958 ἀγαθῶν
210 918 345 958 ἐργασίαν
372 917 454 950 οὐδεὶς
480 915 507 945 δὲ
534 916 623 955 μισθὸς
649 917 687 956 τῷ
715 917 761 945 τοῦ
788 916 872 944 κακοῦ

69 962 249 1004 ἀπεχομένῳ.
265 962 341 999 Αὕτη
365 961 410 998 δὲ,
425 961 516 996 ἐπειδὴ
532 963 631 1000 ἀγαθοῦ
654 959 781 999 ἐργασίαν
803 959 870 1004 ἔχει,

67 1008 169 1049 πρώτη
197 1008 243 1037 καὶ
275 1007 433 1046 ἐπαγγελίαν
461 1005 578 1040 ἐδέξατο.
609 1003 762 1044 Θαυμαστὴ
800 1003 827 1049 δὲ
855 1005 872 1038 ἡ

68 1053 157 1088 τάξις.
174 1052 286 1089 Ἐπειδὴ
310 1053 361 1092 γὰρ
380 1052 504 1090 ἀπήγαγε
526 1052 578 1079 τῶν
605 1051 727 1089 πονηρῶν
752 1048 872 1089 πράξεων

68 1100 86 1126 ὃ
113 1097 255 1136 νομοθέτης
278 1096 338 1130 τοὺς
364 1096 533 1135 ἀνθρώπους,
560 1095 664 1133 μέλλων
687 1096 722 1127 εἷς
747 1094 795 1129 τὴν
820 1094 871 1122 τῶν

68 1144 180 1181 ἀγαθῶν
195 1141 322 1182 ἐργασίαν
340 1140 494 1180 ἐμϐιϐάζειν
507 1164 514 1177 ,
535 1140 644 1180 πρώτην
669 1138 808 1172 διετάξατο
823 1137 871 1173 τὴν

69 1188 111 1220 εἷς
126 1187 185 1220 τοὺς
198 1186 290 1226 γονέας
306 1186 398 1223 τιμήν.
422 1184 535 1220 Ἐπειδὴ
555 1184 606 1224 γὰρ
622 1183 695 1213 αὐτοὶ
718 1183 786 1222 μετὰ
802 1182 871 1213 Θεὸν

69 1233 177 1271 πρῶτοι
191 1230 326 1271 εὐεργέται
350 1233 428 1268 ἡμῖν,
446 1229 493 1259 ἅτε
513 1232 558 1259 τοῦ
583 1231 629 1269 ζῇν
652 1228 751 1265 αἴτιοι,
767 1228 874 1261 εἰκότως

69 1278 178 1316 πρῶτοι
192 1278 244 1306 τῶν
259 1274 395 1315 ἡμετέρων
415 1274 595 1304 ἀπολαύσειαν
614 1276 735 1314 καρπῶν.

119 1415 133 1432 α
150 1402 209 1434 Ἵνα
227 1398 254 1433 εἷ
270 1414 311 1432 σοι
332 1402 461 1442 γένηται,
480 1401 524 1430 καὶ
547 1401 594 1440 ἔσῃ
617 1399 807 1441 μακροχρόνιος
828 1398 872 1428 ἐπὶ

71 1450 124 1484 τῆς
140 1451 197 1487 γῆς.
212 1460 226 1477 ι)
247 1446 319 1487 ⁶ορα
335 1448 372 1484 θ’,
391 1449 446 1480 πῶς
463 1447 492 1476 οὗ
505 1446 596 1486 μακρὰ
613 1447 724 1475 ἐνταῦθα
738 1444 810 1484 λέγει
826 1443 872 1474 καὶ

72 1492 181 1529 πολλὰ,
195 1493 242 1522 ἅτε
256 1492 292 1531 μὴ
310 1491 462 1530 δυναμένων
475 1493 527 1521 τῶν
543 1491 645 1520 παίδων
668 1491 763 1530 μακρῷ
783 1500 872 1529 παρα-

70 1539 236 1573 κολουθῆσαι
251 1537 277 1555 ⁶²
301 1537 383 1577 λόγῳ.
405 1536 506 1569 Ἄλλως
528 1548 556 1565 τε
581 1538 625 1565 τοῦ
644 1535 735 1572 ἀνδρὸς
756 1533 802 1564 καὶ
825 1535 872 1569 τῆς

71 1582 198 1623 γυναικὸς
221 1581 415 1622 ῥυθμισθέντων
441 1580 508 1610 κατὰ
532 1580 590 1613 τοὺς
611 1579 706 1618 νόμους
728 1579 771 1611 οὓς
794 1578 872 1612 αὐτὸς

70 1628 179 1668 φθάσας
200 1626 304 1663 ἔθηκεν,
321 1628 350 1656 οὖ
365 1627 465 1656 πολλοῦ
479 1626 602 1664 καμάτου
617 1625 650 1655 τὰ
666 1624 760 1654 παιδία
775 1623 873 1654 ὑποτά-

72 1667 131 1707 ξαι.
155 1671 225 1701 Ἀλλ’
248 1671 307 1701 οὐδὲ
331 1671 391 1710 περὶ
422 1673 468 1706 τῆς
493 1670 629 1710 βασιλείας
657 1668 825 1708 διαλέγεται,
854 1667 872 1704 ἤ

69 1727 144 1750 τινος
166 1718 216 1745 τῶν
231 1716 356 1756 ὑψηλῶν,
376 1715 445 1744 ἀλλὰ
468 1715 485 1744 ἃ
500 1714 617 1753 μάλιστα
740 1713 874 1750 νηπιώδης

70 1762 187 1791 οἰκοῦσαι
209 1762 281 1796 ζητεῖ
297 1760 340 1796 ⁵³,
364 1763 449 1790 ταῦτα
471 1759 558 1796 τίθησι
573 1771 580 1778 ο
603 1759 667 1798 πρὸς
689 1758 740 1799 γὰρ
765 1757 874 1794 νηπίους

71 1807 150 1846 αὐτῷ
165 1807 179 1834 ὁ
193 1805 279 1844 λόγος.
304 1805 341 1835 Τί
365 1804 392 1834 δὲ
412 1805 539 1843 ἡδύτερον
553 1805 631 1834 παισὶ
653 1807 698 1834 τοῦ
722 1813 873 1844 μακροχρο-

70 1853 175 1887 viam;
199 1850 257 1880 ἐπεὶ
281 1850 326 1880 καὶ
341 1851 394 1883 τοῖς
409 1850 548 1883 Ἰουδαίοις
560 1871 569 1887 ,
585 1851 621 1882 ὡς
639 1848 740 1884 νηπίοις
753 1871 761 1884 ,
788 1850 873 1876 ταῦτα

69 1896 250 1934 ἐνομοθετήθη
262 1918 270 1933 ,
287 1895 325 1934 μὴ
344 1895 499 1934 δυναμένοις
513 1894 682 1934 τελειοτέρων
699 1893 816 1923 ἀκούειν.

117 1999 130 2011 σ
146 1986 200 2016 Καὶ
216 1986 238 2015 οἱ
251 1984 378 2026 πατέρες,
395 1984 432 2023 μὴ
442 1985 612 2025 παροργίζετε
624 1983 657 2014 τὰ
673 1983 751 2013 τέκνα
767 1984 851 2022 ὑμῶν.
861 1996 873 2008 ι

72 2031 138 2060 Οὐκ
160 2026 248 2067 εἶπεν,
267 2030 419 2069 Ἀγαπᾶτε’
445 2033 521 2060 τοῦτο
541 2028 635 2062 αὐτοὺς
648 2029 672 2048 θ’
696 2031 713 2064 ἡ
729 2028 804 2068 φύσις
828 2028 874 2056 καὶ

70 2075 187 2108 ἄκοντας
202 2076 309 2104 ἀπαιτεῖ
323 2087 329 2093 ·
345 2074 426 2112 ἀλλὰ,
447 2086 462 2102 ιι
487 2074 534 2110 Μὴ
550 2073 724 2113 παροργίζετε
740 2085 746 2092 ’
762 2085 775 2102 ι)
795 2084 873 2102 τουτη

69 2119 145 2156 έστι,
161 2119 207 2156 Μὴ
224 2119 390 2159 ἀποκλήρους
413 2119 458 2148 καὶ
480 2120 683 2158 ἀποκηρύκτους
695 2118 811 2153 ποιεῖτε,
827 2116 872 2146 καὶ

72 2166 206 2203 φορτικῶς
223 2166 310 2197 αὐτοῖς
336 2164 484 2200 ἐπίκεισθε,
505 2165 556 2203 οὐχ
574 2165 609 2196 ὡς
633 2163 794 2202 ἐλευθέροις,
812 2162 873 2191 ἀλλ’

70 2210 110 2241 ὡς
125 2209 298 2249 ἀνδραπόδοις
310 2231 318 2247 ,
330 2208 375 2238 καὶ
390 2208 430 2238 ἀεὶ
448 2208 513 2248 πρὸς
527 2207 621 2242 αὖτοὺς
635 2207 831 2247 δυσχεραίνετε.

122 2304 137 2322 (ι
157 2294 227 2324 Ἀλλ’
250 2293 388 2334 ἐκτρέφετε
412 2292 478 2323 αὐτὰ
500 2294 527 2322 ἓν
554 2292 663 2334 παιδείᾳ
686 2292 732 2322 καὶ
754 2291 874 2332 νουθεσίᾳ

70 2338 185 2378 Κυρίου.
200 2352 212 2366 ι
228 2339 292 2368 Ἐπὶ
313 2338 362 2374 τὴν
382 2338 469 2378 ἀρχὴν
494 2338 540 2367 καὶ
563 2338 651 2368 αἰτίαν
672 2339 719 2374 τῆς
740 2339 875 2376 ὑποταγῆς

71 2383 167 2422 ἀνάγει
180 2383 217 2421 ³⁵,
234 2383 280 2413 καὶ
295 2383 411 2413 ’δείκνυσι
424 2383 478 2417 τοῖς
500 2384 619 2423 πατράσι
631 2405 639 2419 ,
657 2384 714 2416 πῶς
726 2382 874 2418 πειθηνίους

69 2427 134 2461 τοὺς
161 2429 258 2462 παῖδας
280 2427 446 2464 ποιήσουσιν,
492 2427 560 2459 Ἐὰν
582 2427 634 2468 γὰρ
659 2427 752 2467 θέλῃς,
779 2427 857 2467 φησὶν
865 2450 873 2464 ,

71 2472 216 2502 ὑπακούειν
251 2485 297 2503 σου
322 2473 382 2507 τοὺς
410 2474 522 2511 παῖδας²
555 2472 666 2513 ἔκτρεφε
697 2472 792 2506 αὐτοὺς
820 2475 874 2505 τοῖς

70 2517 152 2551 θείοις
176 2518 278 2557 λέγως’
302 2517 347 2547 καὶ
368 2517 405 2556 μὴ
427 2518 504 2557 εἴπῃς
527 2516 568 2547 ὅτι
592 2517 756 2556 μοναζόντων
774 2516 829 2546 ἐστὶ
844 2516 874 2545 τὸ

70 2561 266 2601 ἀναγινώσκειν
281 2561 328 2595 τὰς
343 2562 455 2602 [θείας]
472 2563 591 2603 Γραφάς.
609 2562 714 2596 Παντὸς
734 2561 785 2602 γὰρ
801 2562 873 2600 Χρι-

71 2609 183 2638 στιανοῧ
201 2607 278 2636 τοῦτό
292 2607 356 2644 ἐστι,
379 2607 424 2636 καὶ
446 2608 564 2647 μάλιστα
584 2609 637 2637 τῶν
652 2608 797 2646 κοσμικῶν,
820 2607 874 2646 ὅσῳ

70 2651 120 2681 καὶ
142 2651 260 2685 πλείονος
284 2651 405 2692 βοηθείας
427 2652 550 2688 δέονται,
575 2653 612 2686 ὡς
632 2653 659 2681 ἐν
676 2651 748 2692 ζάλῳ
768 2651 873 2691 [ζάλῃ,

71 2696 151 2737 σάλῳ
161 2697 191 2738 Ρ]
219 2696 302 2731 ὄντες.
319 2695 405 2726 Ὥστε
429 2695 496 2737 ὑπὲρ
520 2699 566 2726 σοῦ
591 2697 693 2737 γίνεται
718 2697 749 2726 τὸ
770 2695 873 2726 ἀκούειν

531 180 703 209 EXPOSITIO
723 181 754 208 IN
774 180 879 208 EPIST.
901 180 946 208 Al)
965 179 1082 208 EPHES.
1103 194 1137 200 —
1156 180 1232 207 CAP.
1254 181 1298 207 VI.

68 244 244 276 Ἱ”πακούετε
260 241 317 282 οὖν,
339 245 404 285 φησὶ
416 267 424 283 ,
442 245 493 279 τοῖς
515 246 633 282 γονεῦσιν
644 243 730 285 ,ἀλλ’
744 258 755 269 ι
767 243 793 272 ἐν
812 245 869 272 Κυ-
888 248 912 278 Α

963 241 1006 270 du
1029 242 1057 269 in
1085 241 1206 270 Domino
1230 251 1236 269 :

1655 179 1724 207 H22

1267 253 1279 266 η
1297 241 1348 270 Ιιοο
1372 245 1422 275 est,
1438 241 1549 278 quando
1571 241 1723 270 secundum

925 287 1077 314 Dominum
1104 285 1219 320 fuerint,
1243 294 1304 322 qua:
1328 286 1405 314 vobis
1427 286 1571 314 mandant.
1600 288 1672 315 Nam
1700 286 1723 314 si

925 335 1004 367 pater
1018 330 1053 359 ad
1066 331 1237 367 impietatem
1251 335 1279 358 te
1294 330 1451 366 compellat,
1465 335 1512 359 aut
1526 331 1611 359 ﬁliam
1625 331 1726 367 prosti-

925 380 1003 404 tuere
1016 376 1090 410 velit,
1105 379 1152 403 aut
1165 379 1273 412 turpem
1284 379 1372 403 artem
1386 375 1484 403 docere
1496 375 1596 408 ﬁlium,
1610 383 1666 403 non
1681 379 1726 404 est

925 420 1077 448 secundum
1104 420 1259 448 Dominum
1274 419 1436 448 mandatum
1460 419 1524 454 hoc,
1551 428 1643 456 neque
1657 420 1722 449 obe-

926 465 1056 493 dicndum
1072 469 1123 494 est.

962 511 1054 538 Vsus.
1076 513 1102 545 1,
1113 513 1139 538 2,
1163 522 1174 535 ι
1191 511 1252 538 Hoc
1266 510 1340 538 enim
1355 510 1465 547 justum
1477 514 1527 538 est.
1543 510 1659 538 Honora
1676 519 1725 547 pa-

926 559 997 583 trem
1011 560 1089 583 tuum
1104 559 1131 583 et
1145 560 1261 583 matrem
1275 559 1352 583 tuam
1374 564 1381 583 :
1397 554 1473 592 quod
1496 559 1539 583 est
1560 555 1724 583 mandatum

927 599 1046 635 primum
1055 600 1084 627 in
1097 599 1289 636 promissione.
1310 611 1323 624 ιι
1340 601 1364 627 Α
1378 603 1476 628 natura
1491 599 1542 627 hoc
1553 599 1660 635 justum
1673 604 1724 633 est,

926 644 1023 680 inquit,
1033 648 1094 672 tum
1101 644 1199 680 etlege
1210 648 1322 672 cautum
1337 648 1389 672 est.
1402 644 1549 679 Quomodo
1564 648 1657 672 autem
1673 644 1727 673 hoc

927 688 1049 724 primum
1063 688 1226 717 mandatum
1240 689 1320 723 dixit,
1335 697 1400 717 cum
1422 697 1478 717 non
1494 689 1544 717 sit?
1565 689 1634 718 illud
1648 689 1725 717 enim

928 733 1018 769 potius
1032 733 1152 769 primum
1167 738 1210 762 est
1230 743 1236 761 :
1253 745 1266 758 α
1282 735 1344 762 Non
1358 733 1475 769 occides,
1491 735 1553 762 Non
1567 733 1727 762 moechabe-

928 778 976 806 ris.
995 791 1006 802 ιι
1024 780 1062 806 At
1076 779 1149 806 enim
1169 779 1231 807 vide
1246 778 1313 814 quid
1328 778 1465 815 adjecerit,
1482 790 1494 803 ‹‹
1516 780 1545 806 1η
1561 779 1722 814 promissio-

927 831 973 850 ne.
999 835 1012 848 ι
1034 824 1126 851 Prima
1141 824 1213 851 enim
1241 823 1286 851 illa
1300 831 1355 851 non
1371 823 1473 851 habent
1487 824 1685 860 promissiones
1699 830 1726 852 et

927 867 1083 896 mercedem
1094 868 1254 904 adjunctam
1278 876 1284 894 :
1300 872 1363 896 sunt
1374 868 1447 896 enim
1467 875 1482 895 a
1497 868 1576 895 malis
1590 867 1726 896 discessus

889 903 912 935 Β
925 912 1052 948 quidam,
1075 903 1135 940 non
1155 913 1294 940 bonorum
1315 913 1501 948 operationes;
1523 920 1606 941 nemo
1628 919 1724 941 autem

888 1562 910 1594 C

928 957 974 985 dat
994 957 1148 986 mercedem
1170 958 1194 985 ei
1214 958 1262 993 qui
1277 965 1292 985 a
1315 957 1388 985 malo
1410 957 1538 986 abstinet.
1555 958 1618 986 Hoc
1631 961 1726 986 autem

928 1001 1102 1034 mandatum,
1117 1002 1247 1038 quoniam
1270 1002 1334 1030 boni
1347 1001 1535 1039 operationem
1555 1002 1648 1037 habet,
1673 1003 1727 1038 pri-

928 1055 1007 1075 mum
1033 1046 1115 1075 etiam
1141 1047 1353 1082 promissionem
1386 1047 1501 1083 accepit.
1537 1047 1727 1076 Admirandus

927 1096 1018 1119 autem
1035 1091 1104 1120 ordo
1116 1096 1166 1120 est.
1179 1093 1250 1121 Cum
1266 1092 1340 1120 enim
1353 1099 1369 1120 a
1382 1092 1472 1128 pravis
1494 1092 1622 1128 operibus
1648 1092 1728 1129 legis-

928 1136 998 1164 lator
1032 1136 1158 1165 homines
1188 1136 1357 1171 abduxisset,
1393 1137 1576 1173 perducturus
1604 1145 1652 1166 eos
1690 1137 1726 1166 ad

928 1180 1066 1209 bonorum
1076 1181 1278 1216 operationem,
1287 1181 1410 1217 primum
1419 1189 1484 1218 erga
1499 1186 1626 1217 parentes
1639 1182 1674 1210 ho
1681 1191 1727 1212 no-

927 1233 987 1254 rem
1010 1226 1151 1254 constituit
1163 1230 1243 1261 atque
1264 1226 1388 1254 sancivit.
1405 1226 1634 1263 Quandoquidem
1649 1228 1726 1256 enim

926 1269 965 1298 illi
979 1270 1058 1298 nobis
1066 1271 1149 1307 primi
1164 1275 1227 1306 post
1237 1272 1328 1298 Deum
1336 1270 1523 1299 benefactores
1538 1276 1614 1306 sunt,
1626 1272 1725 1308 quippe

927 1315 988 1351 quia
1006 1316 1068 1344 vita:
1091 1320 1226 1350 auctores,
1250 1324 1306 1344 non
1321 1315 1464 1344 immerito
1479 1316 1559 1352 primi
1583 1321 1658 1351 sunt,
1678 1318 1725 1354 qui

926 1364 1088 1389 nostrorum
1099 1360 1239 1388 fructuum
1258 1360 1445 1389 emolumenta
1467 1361 1585 1397 capiant.

962 1406 1055 1434 Vsus.
1077 1409 1102 1433 3.
1119 1417 1131 1429 ι
1148 1407 1188 1434 Ut
1200 1405 1269 1433 bene
1279 1405 1326 1434 tibi
1339 1406 1384 1441 sit,
1396 1410 1424 1434 et
1440 1406 1477 1434 sis
1491 1406 1630 1443 longmvus
1645 1415 1728 1444 super

927 1453 1040 1477 terram.
1057 1461 1069 1474 ιι
1097 1449 1229 1486 Expende
1244 1449 1289 1478 hic
1301 1454 1392 1479 tecum
1408 1451 1561 1488 ,quomodo
1576 1460 1632 1480 non
1647 1453 1726 1489 longa

926 1494 1000 1522 dicat
1015 1498 1043 1522 et
1056 1494 1152 1528 multa,
1169 1494 1302 1531 quoniam
1311 1496 1386 1531 pueri
1400 1504 1456 1524 non
1467 1496 1571 1532 possint
1589 1497 1727 1533 prolixum

925 1546 1083 1567 sermonem
1098 1539 1215 1575 assequi.
1229 1540 1363 1568 Praeterea
1374 1541 1472 1569 marito
1480 1545 1508 1570 et
1518 1541 1636 1578 conjuge
1649 1542 1727 1578 juxta

933 1591 1007 1619 eges,
1033 1591 1101 1620 quas
1128 1584 1192 1620 ipsis
1216 1584 1293 1620 prius
1319 1585 1412 1620 posuit
1438 1585 1574 1620 formatis,
1597 1594 1654 1615 non
1679 1591 1722 1615 est

927 1628 1019 1665 magni
1029 1628 1133 1656 laboris
1147 1636 1247 1665 pueros
1269 1629 1337 1665 ipsis
1351 1629 1497 1666 subjicere.
1513 1631 1619 1659 Verum
1638 1639 1726 1667 neque

926 1672 960 1700 de
976 1681 1061 1709 regno
1076 1672 1120 1701 hic
1132 1672 1252 1707 disserit,
1266 1681 1354 1710 neque
1374 1673 1409 1702 de
1429 1674 1510 1703 rebus
1529 1675 1695 1704 sublimibus
1719 1686 1725 1703 :

926 1726 1021 1745 verum
1054 1726 1116 1754 quae
1146 1717 1323 1754 potissimum
1353 1718 1447 1747 anima
1473 1719 1605 1748 infantilis
1632 1720 1728 1749 audire

926 1762 1071 1796 desiderat,
1091 1762 1150 1790 hac
1174 1763 1275 1799 ponit:
1298 1762 1332 1791 ad
1347 1763 1470 1791 infantes
1485 1763 1561 1792 enim
1589 1764 1613 1792 ei
1635 1773 1727 1793 sermo

926 1811 975 1835 est.
988 1806 1059 1843 Quid
1073 1810 1167 1835 autem
1178 1806 1328 1843 jucundius
1342 1808 1446 1843 pueris,
1461 1816 1546 1844 quam
1560 1808 1606 1837 diu
1618 1809 1728 1837 vivere?

926 1851 1150 1887 quandoquidem
1169 1855 1196 1879 et
1206 1851 1320 1885 Judzeis,
1341 1855 1472 1887 tanquam
1488 1851 1652 1886 infantibus,
1668 1853 1728 1882 haec

926 1895 986 1931 lege
1009 1900 1074 1924 sunt
1095 1896 1211 1930 sancita,
1226 1895 1273 1932 qui
1288 1895 1450 1932 perfectiora
1476 1896 1570 1925 audire
1596 1905 1653 1925 non
1675 1906 1726 1934 po-

926 1944 1048 1968 tuerunt.

962 1986 1052 2014 Vens.
1067 1987 1095 2013 4.
1114 1995 1127 2009 α
1143 1986 1178 2013 Et
1199 1989 1299 2022 patres,
1316 1985 1403 2015 nolite
1419 1985 1454 2014 ad
1475 1986 1646 2015 iracundiam
1661 1995 1726 2024 pro-

928 2038 1027 2058 vocare
1050 2030 1122 2058 ﬁlios
1144 2034 1258 2059 vestros.
1285 2043 1299 2056 ν
1319 2032 1383 2059 Non
1405 2031 1484 2066 dixit,
1509 2031 1620 2068 Diligite
1641 2042 1648 2061 :
1674 2032 1727 2061 hoc

928 2075 1002 2103 enim
1016 2079 1112 2103 natura
1128 2075 1163 2102 ab
1176 2076 1244 2112 ipsis
1266 2076 1305 2104 vel
1320 2076 1412 2104 invitis
1430 2077 1568 2112 postulat:
1581 2076 1640 2111 sed,
1655 2088 1668 2102 α
1686 2078 1728 2105 Ne

928 2120 962 2148 ad
978 2121 1048 2148 iram
1073 2121 1229 2156 provocetis
1245 2131 1251 2148 :
1269 2132 1280 2144 ιι
1304 2121 1358 2148 hoc
1369 2124 1420 2154 est,
1435 2129 1491 2149 non
1506 2121 1664 2150 exhaeredes
1679 2130 1726 2150 eos

927 2164 1044 2200 faciatis,
1066 2173 1155 2201 neque
1178 2165 1309 2193 abdicetis
1331 2173 1390 2199 eos,
1407 2173 1495 2202 neque
1522 2173 1654 2194 onerosos
1678 2175 1727 2195 vos

929 2209 982 2237 illis
1003 2209 1166 2244 cxhibeatis,
1181 2218 1233 2238 ceu
1246 2218 1301 2238 non
1324 2210 1382 2238 sint
1405 2210 1494 2244 liberi,
1517 2210 1565 2238 sed
1589 2211 1725 2247 mancipia

888 2241 913 2273 D
931 2262 1089 2290 semperque
1097 2241 1244 2290 erga-ipsos
1255 2263 1329 2291 aegro
1341 2254 1400 2282 sitis
1409 2241 1510 2283 animo.

967 2311 979 2324 «
1008 2300 1061 2328 Sed
1091 2299 1205 2328 educate
1221 2300 1311 2328 eosin
1335 2300 1478 2336 disciplina
1504 2304 1532 2329 et
1545 2299 1722 2337 correptione

929 2343 1051 2372 Domini.
1070 2355 1082 2368 ι›
1098 2343 1142 2372 Ad
1160 2344 1327 2380 principium
1339 2344 1461 2381 adeoque
1471 2352 1584 2373 causam
1595 2345 1728 2374 obedien-

929 2389 976 2417 tim
986 2388 1117 2421 ascendit,
1125 2393 1247 2417 monstra
1251 2393 1317 2426 tque
1324 2389 1486 2426 parentibus
1493 2398 1612 2426 quanam
1617 2390 1728 2419 ratione

929 2433 1088 2462 obedientes
1101 2433 1171 2462 ﬁlios
1194 2433 1306 2462 faciant.
1328 2435 1357 2462 Si
1370 2435 1454 2469 enim,
1471 2435 1571 2472 inquit,
1590 2434 1677 2471 416
1687 2436 1729 2464 vis

928 2477 1041 2506 obedire
1053 2483 1116 2506 tuos
1127 2478 1208 2512 ﬁlios,
1227 2479 1339 2507 institue
1352 2487 1400 2507 eos
1413 2479 1513 2508 divinis
1528 2479 1705 2508 sermonibus
1719 2501 1726 2515 ,

927 2531 1016 2559 neque
1027 2523 1109 2558 dicas,
1128 2523 1327 2552 monachorum
1346 2524 1542 2553 tantummodo
1565 2533 1622 2553 esse
1638 2525 1727 2560 legere

927 2568 1080 2604 Scripturas
1096 2578 1104 2596 :
1125 2567 1271 2605 cujuslibet
1283 2569 1358 2597 enim
1372 2569 1517 2598 Christiani
1537 2573 1590 2603 est,
1606 2568 1726 2597 maxime

929 2621 1027 2640 eorum
1042 2613 1086 2649 qui
1103 2613 1130 2641 in
1143 2613 1248 2642 mundo
1271 2618 1422 2647 versantur,
1441 2617 1544 2650 quanto
1558 2613 1661 2649 majore
1675 2613 1726 2649 ipsi

928 2657 1031 2686 auxilio
1045 2657 1178 2694 indigent,
1191 2666 1242 2686 ceu
1255 2658 1283 2686 in
1297 2662 1460 2694 tempestate
1470 2661 1591 2694 agentes.
1604 2657 1726 2686 Proinde

928 2709 978 2737 pro
996 2706 1026 2730 te
1048 2706 1090 2730 est
1104 2701 1179 2738 quod
1191 2701 1303 2730 audiant
1322 2702 1399 2730 liberi
1415 2702 1584 2737 Scripturam
1605 2711 1611 2729 :
1632 2701 1726 2730 dicent

773 2745 869 2775 Varia:
891 2745 1041 2777 lectiones.

110 2786 134 2803 ⁵⁸
155 2786 362 2822 προσταττόμενα
375 2794 402 2814 ο.
441 2785 463 2803 ⁸⁸
478 2785 617 2822 ἐπαγγελίᾳ
631 2793 660 2814 ο.

72 2827 125 2863 γὰρ
146 2826 233 2858 αὖτοὺς
246 2834 288 2856 m.
324 2827 346 2844 θ⁶
358 2826 452 2861 ἀνῆλθε
465 2834 492 2854 0.

705 2784 727 2802 ⁸ο
742 2785 803 2819 αὕτη
819 2793 845 2815 o.
884 2785 903 2802 ⁶¹
926 2787 982 2822 ὁρᾶς
1004 2794 1031 2816 o.
1070 2786 1091 2804 θ’
1103 2787 1180 2814 παντὶ
1193 2786 1361 2820 ἀκολουθῆσαι
1374 2795 1401 2815 o.
1440 2787 1462 2804 ⁸³
1478 2796 1537 2814 ποτε
1548 2795 1575 2816 o.
1614 2787 1635 2805 σθ
1652 2788 1725 2814 τοῦτο
