1886 3082
210 195 276 221 H23

729 193 985 221 THEOPHYLACTI
1006 192 1183 220 BULGARL—E
1202 192 1358 220 ARCHIEP.
1786 194 1831 219 liii

208 256 281 284 enim
300 256 395 284 illinc:
414 268 426 280 α
452 258 564 284 Honora
595 259 702 292 patrem
730 260 812 284 tuum
835 259 861 283 et
885 260 1000 284 matrem

1063 254 1156 288 αὐτοὺς
1175 257 1221 290 τ’ἧς
1235 256 1352 295 Γραφῆς·
1368 254 1532 292 μαθήσονται
1553 254 1604 294 γὰρ
1621 255 1721 283 ἐκεῖθεν
1732 265 1738 271 ·
1755 267 1765 280 ι
1778 255 1831 291 Tia:

207 305 295 329 tuam.
313 313 326 325 ν
346 303 422 329 Itane
436 301 585 336 gentilibus
601 300 773 329 sermonibus
796 300 896 328 educas
916 300 1003 328 tilium

206 349 296 379 tuum,
311 353 344 373 ex
364 346 466 382 quibus
479 346 593 380 pessima
615 353 731 382 quasque
746 345 893 380 docentur,
905 345 1004 373 divinis

206 394 299 418 autem
311 390 484 418 sermonibus
496 398 552 418 non
573 391 658 418 item?

242 478 330 505 VEBS.
355 480 381 504 5.
399 489 411 502 ιι
427 477 514 510 Servi,
529 477 637 505 obedite
653 476 775 504 dominis
800 475 964 504 carnalibus.
989 486 1002 502 »

207 522 275 557 Quia
294 526 321 550 et
341 529 483 550 servorum
499 523 583 550 virtus
597 521 632 550 ad
651 521 760 550 familiae
779 522 1003 550 constitutionem

208 567 326 603 pertinet
339 575 455 603 eamque
476 567 591 602 perficit,
615 574 650 594 ne
668 566 738 594 hanc
764 566 877 601 quidem
897 570 1003 601 partem

208 611 319 648 negligit
339 619 345 638 :
371 611 418 640 scd
442 612 475 639 ad
493 611 563 639 hanc
579 615 718 647 postremo
729 611 812 644 venit,
833 611 1003 647 quandoqui-

207 656 273 684 dem
300 661 328 684 et
353 656 486 692 dignitate
505 661 643 692 postrema
662 656 706 683 sit.
724 657 785 683 Non
808 664 890 692 porro
910 660 1002 683 autem

207 700 281 729 hisce
299 706 430 737 tanquam
453 701 571 737 parvulis
593 705 622 729 et
640 700 789 728 infantibus
813 700 932 734 disserit,
956 699 1004 728 sed

206 749 337 782 tanquam
367 746 470 773 adultis
495 750 524 773 et
543 749 741 774 consummata
771 745 871 777 aetatis,
893 745 1004 780 perinde

205 799 238 818 ac
251 791 276 818 in
295 799 426 826 procursu
441 790 703 818 demonstrabimus.
726 789 860 817 Dominos
881 790 1004 817 carnales

204 835 332 863 dominos
344 836 526 871 temporarias
538 839 625 863 vocat.
645 835 743 863 Statim
759 834 832 862 enim
848 842 896 862 eos
910 842 1006 862 conso-

204 879 288 914 latur,
303 880 498 916 temporariam
514 879 593 907 istam
605 880 765 907 servitutem
780 887 839 907 esse
854 878 1004 907 ostendens

203 929 230 952 et
244 933 304 961 qua:
314 933 376 953 cum
386 933 469 953 carne
481 925 563 952 simul
577 925 751 952 dissolvatur.

242 979 255 996 ιι
267 970 336 998 Cum
351 970 454 997 timore
472 977 504 998 ac
519 973 652 1004 tremore,
678 969 705 997 in
730 969 901 1005 simplicitate
911 968 1002 996 cordis

204 1015 297 1048 vestri,
312 1014 385 1042 sicut
406 1014 525 1043 Christo.
551 1026 564 1039 ν
580 1016 622 1042 De
646 1014 762 1042 muliere
785 1014 866 1041 verba
889 1013 1000 1046 faciens,

203 1059 365 1095 simpliciter
379 1059 459 1090 dixit,
471 1064 501 1087 ut
515 1059 647 1087 maritum
661 1063 766 1086 metuat
781 1068 787 1086 :
802 1058 846 1086 hic
859 1066 924 1086 vero
938 1066 1002 1086 cum

203 1104 419 1139 exaggeratione.
436 1105 554 1132 Tremor
574 1104 648 1132 enim
676 1108 718 1131 est
739 1103 844 1130 timoris
872 1103 1001 1131 iutcnsio.

204 1149 285 1177 Uxor
306 1149 381 1176 enim
406 1149 508 1176 marito
534 1157 583 1184 par
605 1153 657 1180 est.
684 1148 859 1184 ejusdemque
880 1156 945 1176 cum
969 1156 1001 1176 eo

205 1193 327 1227 honoris,
342 1198 370 1221 et
382 1193 463 1221 libera
482 1198 524 1221 est
540 1202 546 1221 :
562 1193 633 1221 servi
654 1197 746 1221 autem
771 1201 828 1220 non
848 1197 912 1220 sunt
929 1192 1002 1229 ejus-

203 1237 266 1266 dem
299 1238 421 1266 honoris.
454 1238 587 1274 Quamvis
614 1238 686 1266 enim
717 1237 814 1266 fratres
846 1236 1002 1265 secundum

201 1282 340 1311 Christum
363 1288 443 1317 sunt;
464 1291 529 1311 cum
551 1287 647 1310 tamen
663 1282 763 1310 liberos
779 1281 897 1310 alterum
920 1281 1000 1309 alteri

200 1327 311 1356 obedire
337 1328 466 1363 pracipit.
490 1327 613 1364 adeoque
639 1335 754 1355 uxorem
777 1327 887 1358 marito.
913 1326 1001 1354 multo

204 1373 293 1409 magis
307 1381 399 1401 servos
413 1373 537 1401 dominis
552 1381 648 1409 parere
658 1372 724 1400 vult.
741 1373 838 1408 Neque
852 1372 928 1399 enim
943 1371 1002 1399 haec

202 1425 245 1446 res
258 1418 366 1454 generis
386 1417 539 1446 obscuritas
553 1422 604 1452 est,
629 1417 676 1445 sed
693 1418 780 1452 prima
796 1417 886 1452 potius
901 1417 1001 1444 nobili-

204 1466 255 1497 tas,
281 1463 388 1491 novisse
420 1471 449 1491 se
485 1462 629 1491 moderate
666 1470 769 1498 gerere,
795 1465 877 1498 atque
905 1461 1002 1489 cedere

202 1507 338 1544 proximo.
353 1508 421 1542 Quia
440 1515 504 1535 vero
523 1515 581 1534 non
603 1507 679 1543 pauci
702 1506 832 1534 dominos
853 1514 918 1534 suos
941 1514 1001 1534 me-

202 1556 294 1586 tuunt,
308 1560 364 1580 non
373 1560 406 1579 ex
416 1551 605 1579 benevolentia
617 1555 722 1584 tamen,
734 1550 781 1578 sed
795 1550 904 1585 quando
920 1551 1003 1578 latere

202 1601 313 1632 queant,
332 1595 444 1624 insidias
466 1596 506 1624 eis
527 1600 648 1629 struunt,
674 1600 702 1623 et
725 1594 912 1622 fraudulenter
938 1603 1002 1623 cum

1059 300 1102 328 τὸν
1131 299 1235 339 πατέρα
1262 311 1323 336 σου,
1351 299 1397 328 καὶ
1423 299 1471 334 τὴν
1495 299 1599 338 μητέρα
1633 311 1694 329 σου.
1724 312 1735 324 -
1770 299 1831 333 Eia,

1061 345 1229 380 Ἑλληνικοῖς
1253 345 1301 383 μὲν
1326 344 1413 383 λόγοις
1443 344 1649 383 συνανατρέφεις
1679 343 1723 373 τὸν
1756 344 1831 379 παῖδα,

1059 389 1084 423 ἐξ
1109 385 1145 418 ὧν
1170 390 1258 419 πάντα
1281 389 1315 419 τὰ
1339 389 1461 429 χείριστα
1486 389 1660 427 διδάσκεται,
1687 391 1740 422 τοῖς
1762 389 1785 418 δὲ
1802 392 1831 417 ποῖ

1058 436 1129 464 Θεοῦ
1144 435 1230 464 οὐκέτι
1239 447 1247 471 ;

1098 492 1110 506 σι
1125 480 1160 509 Οἱ
1174 480 1275 514 δοῦλοι,
1291 478 1437 508 ὑπακούετε
1457 483 1509 512 τοῖς
1523 479 1593 508 κατὰ
1609 478 1701 518 σάρκα
1715 478 1807 518 κυρίοις,
1820 490 1828 505 ι

1058 522 1171 559 Ἐπειδὴ
1188 523 1233 553 καὶ
1252 525 1334 559 ἡτῶν
1359 525 1469 553 οἰκετῶν
1494 523 1576 563 ἀρετὴ
1601 524 1641 556 εἷς
1665 523 1784 552 σύστασιν
1802 525 1831 557 ri;

1058 568 1141 601 οἰκίας
1154 567 1179 586 ⁶⁶
1201 569 1338 604 συντελεῖ,
1363 567 1422 598 οὐδὲ
1441 568 1534 597 τούτου
1558 571 1604 598 τοῦ
1631 568 1726 608 μέρους
1746 568 1829 605 ἀμελεῖ-

1059 613 1117 642 ἀλλ’
1144 613 1250 653 ἔρχεται
1278 613 1323 642 καὶ
1355 613 1398 642 ἐπὶ
1422 615 1498 642 τοῦτο
1531 613 1668 652 ἔσχατον,
1697 613 1778 647 ἐπειδὴ
1800 624 1829 640 xz:

1058 656 1171 697 ἔσχατόν
1197 659 1254 687 ἐστι
1278 660 1316 698 τῷ
1343 657 1484 695 ἀξιώματι.
1520 658 1622 688 Οὐκέτι
1648 657 1676 686 δὲ
1703 657 1788 689 τουτοιζ
1806 658 1828 687 ὡς

1058 703 1171 736 παιδίοις
1193 703 1298 738 νηπίοις
1323 702 1493 740 διαλέγεται,
1520 703 1579 731 ἀλλ’
1602 704 1640 735 ὡς
1656 702 1829 734 τελείοις,κτῦὲ

1059 749 1194 788 προϊόντες
1219 747 1348 785 δείξομεν.
1388 747 1467 776 Κατὰ
1495 747 1583 787 σάρκα
1613 748 1642 776 δὲ
1669 746 1774 784 κυρίοις,
1794 749 1828 776 τοῖς

1058 792 1228 832 προσκαίροις
1250 792 1342 832 φησίν.
1361 791 1447 824 Εὐθὺς
1463 791 1515 831 γὰρ
1530 794 1730 831 παραμυθεῖται
1743 790 1828 822 αὐτοὺς,

1058 837 1219 876 πρόσκαιρον
1249 836 1385 871 ὑποδείξας
1412 836 1461 872 τὴν
1486 837 1625 873 δουλείαν,
1655 836 1701 866 καὶ
1724 838 1754 875 τῇ
1774 834 1828 873 σαρκὶ

1059 882 1324 922 συγκαταλυομένην.

1105 980 1119 998 ιι
1135 968 1210 999 Μετὰ
1226 968 1307 1009 φόϐου
1329 968 1374 998 καὶ
1390 968 1489 1008 τρόμου
1499 991 1508 1006 ,
1525 970 1550 998 ἐν
1574 967 1709 1002 ἁπλότητι
1725 968 1767 1000 τῖς
1783 977 1829 1002 κιρ-

1057 1013 1114 1047 δίας
1136 1016 1209 1052 ὓμῶν
1221 1036 1230 1049 ,
1245 1015 1280 1046 ὣς
1300 1014 1338 1052 τῷ
1360 1014 1480 1052 Χριστῷ.
1498 1026 1509 1039 ι
1525 1012 1592 1042 Ἐπὶ
1617 1011 1667 1050 μὲν
1683 1013 1728 1046 σιῆς
1739 1010 1830 1049 mm.-

1057 1058 1148 1091 ἁπλῶς
1162 1054 1245 1094 εἶπεν,
1263 1070 1276 1087 α
1291 1056 1352 1088 Ἵνα
1367 1057 1482 1098 φοϐῆται
1496 1058 1544 1098 τὸν.
1553 1057 1641 1097 ἄνδρα
1657 1068 1664 1075 ι
1678 1069 1691 1083 ιι
1709 1054 1830 1084 ἐνταῦθα

1058 1105 1116 1142 μετ’
1143 1103 1299 1136 ἐπιτάσεως.
1316 1103 1351 1133 “Ο
1371 1102 1422 1142 γὰρ
1444 1095 1544 1142 τρόμος·
1567 1102 1691 1134 ἐπίτασις
1708 1099 1787 1140 φόϐου.
1807 1098 1828 1128 Ἦ

1058 1148 1105 1186 μὲν
1132 1147 1183 1188 γὰρ
1208 1148 1293 1186 γυνὴ,
1320 1148 1448 1187 ὁμότιμος
1470 1148 1510 1187 τῷ
1537 1147 1613 1186 ἀνδρὶ
1639 1146 1686 1175 καὶ
1715 1144 1828 1183 ε’λευθέρν

1057 1195 1080 1222 οἱ
1108 1193 1136 1222 δὲ
1165 1193 1267 1229 δοῖὶλοι,
1298 1195 1327 1222 οὐ
1357 1195 1404 1228 τῆς
1430 1193 1510 1228 αὐτῆς
1538 1194 1632 1229 τιμῆς.
1676 1191 1707 1220 Εἴ
1734 1189 1778 1228 γὰρ
1799 1200 1827 1216 κα

1057 1237 1164 1278 ἀδελφοὶ
1188 1237 1257 1267 κατὰ
1279 1237 1396 1277 Χριστόν
1423 1238 1505 1271 εἰσιν,
1530 1236 1591 1266 ἀλλ’
1616 1235 1708 1270 ἐπειδὴ
1733 1235 1773 1264 καὶ
1789 1233 1828 1263 τοὺς

1056 1283 1204 1321 ἐλευθέρους
1225 1282 1350 1317 ἀλλήλοις
1375 1282 1573 1311 ὑποτάσσεσθαι
1596 1280 1714 1314 κελεύει,
1736 1278 1776 1307 καὶ
1798 1277 1828 1310 τῖεν

1056 1328 1169 1366 γυναῖκα
1184 1328 1222 1366 τῷ
1243 1327 1331 1366 ἀνδρὶ,
1355 1327 1447 1365 πολλῷ
1470 1327 1570 1364 μᾶλλον
1592 1325 1654 1359 τοὺς
1680 1324 1775 1355 δούλους
1793 1326 1829 1353 τοῖς

1056 1373 1164 1412 κυρίοις.
1179 1371 1250 1400 Οὐδὲ
1273 1371 1324 1410 γὰρ
1346 1371 1483 1410 δυσγένεια
1505 1370 1535 1400 τὸ
1551 1370 1668 1410 πρᾶγμά
1684 1370 1765 1403 ἐστιν,
1780 1365 1829 1394 ἀλλᾶ

1057 1417 1158 1454 μᾶλλον
1182 1416 1276 1455 πρώτη
1295 1415 1431 1454 εὐγένεια,
1454 1415 1484 1444 τὸ
1508 1415 1605 1444 εἰδέναι
1631 1414 1772 1453 μετριάζειν
1780 1411 1828 1447 ,καὶ

1059 1460 1124 1501 [τὸ]
1141 1461 1219 1490 εἴκειν
1240 1463 1278 1500 τῷ
1301 1460 1425 1496 πλησίον.
1453 1459 1532 1490 Ἐπεὶ
1555 1460 1583 1488 δὲ
1598 1458 1695 1488 πολλοὶ
1715 1456 1830 1501 φοϐοῦνται

1057 1505 1104 1544 μὲν
1128 1505 1186 1539 τοὺς
1215 1505 1359 1540 δεσπότας,
1386 1506 1434 1534 οὐκ
1455 1504 1482 1538 ἐξ
1506 1503 1609 1537 εὐνοίας
1635 1503 1683 1539 δὲ,
1708 1502 1763 1530 ἀλλ’
1785 1498 1828 1528 ὄττι

1055 1551 1180 1585 λάθωσιν,
1196 1549 1410 1579 ἐπιϐουλεύουσιν
1434 1550 1522 1582 αὐτοῖς
1537 1548 1584 1578 καὶ
1599 1549 1787 1587 κακουργοῦσι,
1800 1545 1830 1573 διὰ

1055 1598 1133 1625 τοῦτο
1148 1594 1318 1634 προστίθησιν
1332 1605 1339 1612 ·
1358 1606 1373 1624 (ι
1394 1594 1441 1624 Ἐν
1459 1593 1591 1629 ἁπλότητι
1606 1592 1733 1634 καρδίας¹
1750 1603 1761 1616 ι
1775 1590 1829 1618 dm-

202 1641 242 1668 eis
256 1645 353 1677 agunt;
370 1640 443 1674 ideo,
469 1652 482 1664 ι
499 1642 530 1668 In
542 1639 715 1676 simplicitate
729 1639 830 1671 cordis,
852 1651 864 1663 υ
877 1639 1000 1676 apponit,

1060 1642 1108 1680 ρῶν
1124 1639 1171 1675 τὴν
1186 1640 1358 1679 κακουργίαν.

203 1684 417 1713 fraudulentiam
433 1685 541 1713 tollens.

237 1731 325 1758 Vens.
345 1733 372 1758 6.
395 1742 407 1754 α
428 1730 490 1758 Non
506 1729 541 1758 ad
559 1729 671 1758 oculum
685 1729 841 1764 servientes,
857 1730 934 1766 quasi
948 1729 999 1758 ho-

202 1775 323 1803 minibus
339 1775 488 1811 placentes.
512 1787 524 1799 ιι
542 1775 603 1803 Hoc
617 1779 667 1809 est,
683 1783 739 1802 non
754 1778 861 1802 tantum
879 1783 1001 1811 praesen-

201 1821 275 1848 tibus
288 1819 409 1848 dominis
425 1824 452 1848 et
470 1819 636 1854 videntibus,
659 1818 707 1848 sed
720 1819 878 1848 absentibus
893 1827 1001 1856 quoque

201 1865 300 1894 eodem
321 1865 404 1894 modo
418 1865 524 1893 servite.

238 1923 251 1934 ιι
268 1910 321 1939 Sed
341 1915 372 1938 ut
395 1910 464 1938 servi
480 1910 594 1939 Christi.
620 1922 632 1933 ιι
654 1909 708 1945 Qui
728 1909 820 1945 itaque
843 1909 1001 1937 hominibus

201 1955 302 1990 placet,
328 1963 384 1982 non
407 1960 449 1983 est
470 1962 564 1982 servus
587 1954 700 1988 Christi,
722 1958 753 1981 ut
778 1958 805 1981 et
825 1954 853 1981 in
875 1954 928 1981 alio
941 1953 1001 1981 loco

199 2000 276 2033 dicit,
294 2009 300 2028 :
322 2011 335 2024 ‹ι
351 2000 378 2028 Si
388 1999 547 2028 hominibus
562 1999 710 2035 placerem,
726 1998 828 2027 Christi
836 2006 931 2027 servus
944 2006 1000 2026 non

200 2053 289 2073 essem
303 2050 325 2071 '.
343 2056 356 2068 υ

239 2099 253 2115 ι(
274 2089 413 2117 Facientes
437 2089 605 2117 voluntatem
618 2089 671 2116 Dei
693 2097 723 2116 ex
736 2088 829 2116 animo
851 2096 915 2115 cum
927 2088 999 2116 bona

200 2133 350 2161 voluntate.
368 2143 382 2159 »
395 2133 462 2169 Quia
472 2137 564 2169 potest
577 2133 674 2169 aliquis
687 2133 715 2160 in
723 2132 896 2168 simplicitate
910 2132 1001 2160 cordis

200 2183 227 2206 et
238 2178 307 2206 citra
320 2178 415 2206 dolum
429 2178 540 2212 servire,
562 2186 613 2205 nec
628 2182 722 2205 tamen
742 2177 871 2205 omnibus
885 2176 998 2210 viribus,

198 2223 245 2252 sed
256 2228 361 2252 certum
376 2223 570 2252 tantummodo
585 2227 613 2251 et
625 2222 770 2251 definitum
784 2230 852 2257 opus
875 2221 999 2258 persequi

199 2273 227 2297 et
243 2268 370 2306 perﬁcere
389 2279 395 2296 :

199 2322 257 2347 mo,
273 2325 285 2337 ιι
301 2308 353 2341 hoc
367 2317 418 2346 est,
434 2314 499 2341 totis
513 2313 617 2340 viribus
631 2317 657 2340 et
664 2312 750 2340 animi
761 2311 977 2348 promptitudine
989 2321 995 2339 :

198 2357 266 2391 imo,
290 2368 303 2382 η
333 2366 397 2385 cum
426 2357 616 2385 benevolentia
646 2357 749 2390 etiam,
780 2356 833 2385 hoc
858 2360 899 2384 est
925 2356 998 2383 ultro

198 2406 226 2430 et
240 2405 348 2437 sponte,
372 2410 429 2430 non
449 2402 482 2429 vi.
503 2403 564 2429 Hoc
580 2401 665 2429 modo
686 2402 826 2429 servitutis
841 2400 998 2438 ignobilitas

196 2446 314 2480 tollitur,
339 2447 363 2474 si
387 2446 542 2474 voluntario
568 2445 674 2474 bonum
705 2446 805 2474 faciant
832 2445 912 2479 servi,
940 2453 997 2473 non

197 2495 382 2526 exspectantes
416 2491 607 2518 necessitatem
638 2494 666 2518 et
691 2490 787 2525 ﬂagra.
821 2490 997 2518 Voluntatem

196 2540 290 2565 autem
302 2536 353 2564 Dei
363 2535 404 2563 vel
415 2535 601 2563 obedientiam
615 2538 709 2562 vocate
722 2534 791 2569 (vult
805 2534 879 2562 enim
892 2535 996 2562 bonam

196 2590 289 2610 rerum
299 2580 524 2609 constitutionem
537 2584 564 2608 et
578 2579 704 2607 ordinem
718 2581 812 2612 Deus),
828 2579 880 2613 vel,
895 2580 927 2606 In
941 2579 996 2606 illis

196 2627 305 2655 obedite
316 2626 440 2654 dominis
459 2625 563 2658 vestris,
581 2625 608 2652 in
617 2623 716 2660 quibus
730 2625 806 2651 Deus
822 2631 871 2651 vos
885 2631 994 2651 morem

197 2672 254 2700 vult
272 2680 377 2708 gerere.
393 2672 521 2699 Fortasse
545 2669 628 2705 enini,
647 2673 678 2697 ut
691 2673 718 2697 et
731 2668 766 2697 de
781 2668 873 2697 liberis
887 2668 994 2696 dictum

231 2738 244 2751 '
260 2732 354 2762 Galat.
368 2739 391 2767 ι,
407 2735 449 2760 10.

1097 1735 1109 1748 ι(
1127 1720 1173 1758 Μὴ
1195 1722 1253 1750 κατ’
1270 1720 1510 1762 ὀφθαλμοδουλείαν
1523 1743 1531 1756 ,
1548 1721 1585 1752 ὡς
1602 1718 1810 1760 ἀνθρωπάρεσκοι.
1821 1729 1828 1738 ι

1056 1767 1203 1802 Τουτέστι,
1229 1766 1266 1804 μὴ
1299 1765 1377 1805 μόνον
1403 1765 1541 1804 παρόντοιν
1565 1766 1619 1794 τῶν
1646 1763 1773 1794 δεσποτῶν
1797 1760 1828 1789 καὶ

1055 1811 1176 1851 ὁρώντων
1189 1834 1198 1848 ,
1227 1811 1297 1840 ἀλλὰ
1325 1810 1371 1840 καὶ
1405 1809 1541 1847 ἀπόντων,
1568 1809 1653 1843 οὕτως
1679 1809 1760 1840 αὐτοῖς
1785 1806 1827 1834 ὢν·
1860 1815 1861 1818 ‘

1056 1857 1154 1886 λεύετε.

1097 1912 1111 1929 ιι
1129 1900 1201 1931 Ἀλλ’
1224 1903 1258 1934 ὥς
1275 1901 1361 1930 δοῦλοι
1388 1903 1434 1930 τοῦ
1462 1901 1592 1940 Χριστοῦ.
1625 1910 1640 1928 n
1669 1899 1703 1928 Ὁ
1729 1899 1827 1935 ἀνθρωτ-

1055 1945 1164 1985 άρεσκος
1178 1947 1207 1976 οὗ
1223 1946 1312 1978 δοῦλος
1334 1947 1379 1974 τοῦ
1399 1946 1531 1984 Χριστοῦ,
1548 1943 1640 1984 ὥσπερ
1664 1943 1710 1972 καὶ
1733 1941 1826 1978 ἀλλαχῶ

1055 1991 1124 2029 λέγει
1138 2003 1144 2009 ·
1163 2003 1178 2020 (ι
1196 1992 1230 2020 Εἰ
1244 1989 1391 2030 ἀνθρώποις
1411 1989 1524 2031 ἤρεσκον
1534 2013 1543 2026 ,
1569 1990 1686 2029 Χριστοῦ
1701 1987 1782 2017 δοῦλος
1793 1985 1827 2013 οὐκ

1056 2035 1087 2065 ἂν
1102 2035 1185 2074 ἤμην.
1206 2047 1220 2063 ι

1098 2072 1279 2113 summm
1303 2079 1332 2109 τὸ
1348 2080 1451 2118 θέλημα
1475 2083 1520 2109 τοῦ
1539 2080 1611 2109 Θεοῦ
1636 2079 1665 2107 ἐκ
1690 2077 1770 2117 ψυχῆς
1784 2072 1826 2110 μετ’

1055 2125 1155 2159 εὐνοίας
1169 2126 1207 2156 (⁵⁷.
1223 2137 1237 2155 )›
1258 2124 1371 2160 Ἐπειδὴ
1393 2124 1448 2154 ἔστι
1468 2124 1516 2162 μὲν
1541 2125 1567 2153 ἐν
1593 2122 1724 2157 ἁπλότητι
1742 2117 1825 2162 impiis:

1054 2171 1099 2199 mi
1122 2170 1222 2204 ἀδόλως
1239 2169 1381 2204 δουλεύειν,
1407 2169 1445 2207 μὴ
1471 2169 1563 2207 μέντοι
1584 2180 1615 2206 γε
1684 2165 1753 2204 πάσῃ
1764 2161 1824 2207 δυιές

1055 2227 1118 2253 μει,
1135 2214 1204 2244 ἀλλὰ
1225 2214 1302 2252 μόνον
1326 2215 1357 2244 τὸ
1381 2213 1564 2253 ἀφωρισμένον
1588 2212 1673 2242 ποιεῖν
1694 2210 1764 2249 ἔργον
1779 2204 1825 2253 ’δέ

421 2269 491 2296 hanc
505 2268 541 2296 ob
559 2276 620 2296 rem
637 2267 750 2303 apponit
760 2253 830 2302 jam,
849 2278 862 2291 (ι
875 2253 927 2294 Ἐκ
941 2253 1000 2294 ani-

1060 2263 1132 2289 τοῐῖτο
1146 2260 1304 2300 προστίθησι
1318 2262 1363 2289 νῦν
1375 2282 1382 2296 ,
1397 2272 1410 2286 α
1423 2260 1474 2288 Ἐκ
1487 2259 1583 2298 ψυχῆς,
1599 2271 1611 2283 ιι
1627 2255 1766 2289 τουτέστιν,
1776 2253 1823 2302 Exi"

1052 2305 1140 2340 πάσης
1165 2307 1212 2340 τῆς
1249 2304 1385 2343 δυνάμεως
1418 2303 1465 2332 καὶ
1493 2302 1660 2342 προθυμίας·
1688 2298 1752 2328 ἀλλὰ
1776 2294 1823 2343 καὶ.

1055 2362 1069 2377 ιι
1087 2351 1154 2380 Μετ’
1168 2349 1285 2386 εὐνοίας,
1307 2361 1322 2378 ›)
1340 2348 1480 2384 τουτέστι,
1508 2347 1577 2386 μετὰ
1600 2346 1688 2381 πάσης
1711 2341 1818 2379 ἀποδοχῗε

1051 2395 1098 2424 καὶ
1116 2394 1291 2433 αὐθαιρέτως,
1311 2392 1348 2432 μὴ
1364 2393 1418 2422 ἀπὸ
1433 2392 1502 2432 βίας.
1521 2391 1601 2422 Οὕτω
1623 2390 1668 2419 καὶ
1681 2391 1698 2424 ἡ
1714 2385 1822 2434 δυσγένῇ1

1051 2441 1098 2475 τῆς
1128 2429 1246 2472 δουλείας
1278 2429 1470 2479 περιαιρεῖται,
1499 2436 1545 2466 ἐὰν
1582 2435 1684 2466 ἑκόντες
1709 2431 1736 2479 τὸ
1761 2429 1819 2477 “ibi

1051 2486 1161 2514 ποιῶσιν
1176 2485 1199 2513 οἱ
1223 2485 1328 2522 δοῦλοι,
1353 2482 1399 2512 καὶ
1414 2482 1451 2520 μὴ
1476 2480 1650 2520 περιμένωσιν
1666 2477 1774 2515 ἀνάγκην
1790 2482 1821 2522 iw

1053 2529 1195 2569 μάστιγας.
1228 2528 1344 2567 Θέλημα
1381 2526 1409 2556 δὲ
1437 2528 1526 2565 Θεοῦ,
1556 2525 1573 2560 ἢ
1602 2525 1632 2553 τὸ
1657 2519 1822 2571 ὑποτάσσεοὲῗι

1051 2561 1209 2613 (miro,de
1225 2561 1332 2602 θέλειηὸ
1355 2571 1441 2608 Θεὸς,
1457 2571 1506 2605 τὴν
1519 2561 1644 2603 γεῦταξίαν
1655 2568 1677 2606 ),
1691 2565 1725 2613 ᾗ,
1742 2564 1775 2613 5:!
1788 2561 1820 2613 ΕΞ(

1051 2619 1138 2648 ἐκεῖνα
1161 2618 1359 2654 ὑποτάσσεσθε,
1381 2618 1405 2646 οἱ
1431 2616 1536 2654 δοῦλοι,
1558 2619 1611 2646 τοῖς
1637 2611 1731 2652 κυρίοις
1751 2607 1780 2654 δέ,
1794 2607 1820 2633 εῖί

1051 2663 1067 2692 ἃ
1080 2664 1148 2692 θέλει
1165 2665 1179 2692 ὁ
1194 2662 1271 2695 Θεός.
1285 2652 1374 2701 Τυχδν
1393 2659 1456 2701 γὰρ,
1470 2652 1535 2700 ὅπερ
1556 2658 1602 2688 καὶ
1619 2657 1661 2688 ἐπὶ
1682 2657 1731 2685 τῶν
1745 2652 1818 2682 τέκνων

898 2788 992 2817 Variae
1025 2787 1174 2816 lectiones.

236 2846 258 2863 ⁸⁵³
269 2844 410 2879 οἰκονομίας
419 2852 445 2874 ο.
490 2845 510 2862 ⁵³
525 2844 650 2881 εὐμενείας
660 2852 686 2872 0.
727 2843 749 2861 ⁵⁸
764 2842 826 2879 μετὰ
841 2850 866 2871 ο.

907 2841 928 2858 “9
950 2841 1078 2870 δεσπόταις
1091 2848 1117 2868 0.
