1886 3082
21 173 103 200 H25

488 175 662 204 EXPOSITIO
682 176 713 203 IN
735 175 836 203 ΕΡΙὸΊῖ
857 176 903 203 AD
923 177 1043 205 EPHES.
1064 192 1099 197 —
1118 178 1193 205 CAP.
1213 178 1257 220 Vl.

1613 177 1680 204 H26

17 234 150 274 εἴρηται,
174 237 210 269 εἰς
229 236 329 276 αἰσχροί
348 249 407 265 τινα
430 240 590 268 συνωθοῦσιν
605 238 631 255 ⁷⁰
647 239 671 267 οἱ
686 238 826 274 δεσπόται,
842 241 866 271 Α

920 248 934 273 ;,
967 239 1002 266 ad
1028 239 1115 275 turpia
1138 239 1265 276 quaedam
1296 238 1460 274 compellant
1487 238 1603 272 domini,
1639 239 1680 266 vel

19 278 33 288 έ

16 280 36 313 ἢ
68 281 108 314 εἰς
137 280 262 310 ἀσέϐειαν
276 305 282 316 ,
307 280 384 312 ἅτινα
407 283 455 312 οὐχ
475 282 526 312 εἰσὶ
549 285 594 312 τοῦ
619 282 688 312 Θείου
710 283 829 322 θελήμα-

14 335 81 357 τος.

66 383 81 395 α
90 371 263 404 Δουλεύοντες
274 371 332 410 [ὡς]
342 373 380 411 τῷ
398 371 506 412 Κυρίῳ,
520 372 566 402 καὶ
578 373 626 401 οὐχ
641 373 797 412 ἀνθρώποις.
819 386 830 398 ι

19 414 118 447 Αὐτὸς
133 415 185 454 γὰρ
211 417 370 456 ἀναδέχεται
396 415 443 451 τὴν
468 418 533 456 πρὸς
556 417 614 450 τοὺς
638 417 767 450 δεσπότας
787 418 831 446 εὖ·

14 462 217 498 γνωμοσύνην,
240 463 276 494 ὡς
296 461 318 479 “
338 462 383 490 καὶ
407 461 455 497 τὴν
483 462 605 496 εὐταξίαν
630 463 807 502 νομοθετήσας
823 474 830 482 ’

13 505 70 533 καὶ
96 506 110 533 ὁ
135 504 172 543 μὴ
187 505 288 540 τούτοις
307 508 342 540 ὣς
363 506 416 547 χρὴ
442 506 589 544 δουλεύων,
615 509 654 548 τῷ
675 507 736 548 θείῳ
757 507 831 547 νόμῳ

16 549 198 580 ἀνθίσταται.

69 606 89 623 (ι
107 595 229 634 Εἰδότες,
252 595 292 625 ὅτι
313 596 327 626 ὃ
349 597 394 626 ἐάν
416 609 441 626 τι
460 597 570 631 ἕκαστος
593 598 694 637 ποιήσῃ
715 597 831 637 ἀγαθὸν,

14 642 108 668 τοῦτο
122 640 254 677 κομιεῖται
277 640 352 679 παρὰ
366 644 414 670 τοῦ
436 641 549 681 Κυρίου,
572 642 624 672 εἴτε
649 644 755 677 δοῦλος,
777 644 831 672 εἴτε

15 684 175 723 ἐλεύθερος.
194 696 208 713 ι)
241 685 354 722 Ἐπειδὴ
384 686 452 720 εἰκὸς
487 682 520 722 ἦν
548 687 658 720 πολλοὺς
686 687 831 723 δεσπότας,

17 726 168 764 Ἐλληνας
190 729 266 763 ὄντας
290 730 334 759 καὶ
359 731 501 767 ἀπίστους,
517 732 600 769 μηδὲν
623 732 722 768 ἀγαθὸν
747 736 830 761 ποιεῖν

18 777 85 806 τοῖς
101 774 188 806 καλῶς
203 774 372 804 δουλεύουσιν
392 776 504 809 εἶχέταις
517 798 526 812 ,
542 776 632 816 φησὶν,
658 776 699 805 ὅτι
718 776 775 806 Κᾶν
793 776 830 813 μὴ

18 817 106 856 παρὰ
123 820 170 847 τοῦ
182 819 250 848 κατὰ
263 830 351 858 σαρχα
364 819 390 837 ⁷²
407 820 534 850 δεσπότου
549 821 634 860 λάϐῃς
649 820 695 854 τὰς
707 821 831 858 ἀμοιϐὰς,

18 863 107 901 παρὰ
134 865 178 892 τοῦ
204 864 312 894 πάντων
336 864 472 894 Δεσπότου
498 866 616 905 ἓκδέχου.
642 866 776 896 Ἐνταῦθα
804 866 831 895 δὲ

17 906 149 943 ἔδειξεν,
175 909 214 938 ὅτι
230 910 265 942 ὥς
290 909 460 949 τελειοτέροις
485 911 573 944 αὐτοῖς
595 911 762 950 διαλέγεται,
786 911 831 940 χαὶ

18 953 80 991 οὐχ
104 953 140 985 ὥς
158 957 211 986 τοῖς
231 953 334 984 παισίν.
359 953 488 988 Ἐκείνοις
513 955 560 993 μὲν
587 955 639 995 γὰρ
664 955 712 990 τὴν
728 956 771 985 ἐπὶ
786 958 834 994 γῆς

19 994 200 1035 μακροζωίαν
226 997 380 1038 προέτεινε,
405 998 512 1033 τούτους
542 1000 570 1029 δὲ
593 994 658 1040 πρὸς
683 1000 714 1030 τὸ
737 999 834 1039 μέλλον

18 1052 64 1070 πα
70 1041 192 1082 ρέτιεμψε
198 1065 204 1072 .
417 1060 422 1061 ν

68 1099 82 1112 α
99 1086 153 1116 Καὶ
166 1088 189 1116 οἱ
203 1086 288 1128 κύριοι
298 1110 306 1124 ,
319 1087 353 1118 τὰ
370 1087 438 1117 αὐτὰ
451 1094 551 1118 ποιεῖτε
567 1089 632 1129 πρὸς
647 1089 751 1123 αὐτούς.
767 1103 779 1116 ν
794 1107 834 1113 -

19 1144 32 1157 ι
50 1130 103 1160 Τὰ
119 1131 199 1162 αὐτά.
215 1145 226 1158 υ
251 1134 340 1169 Ποῖα,
358 1133 424 1163 Μετ’
448 1134 548 1167 εὐνοίας
569 1134 719 1171 δουλεύετε,
734 1135 780 1164 καὶ
796 1135 832 1174 μὴ

19 1178 61 1209 ὡς
91 1177 327 1215 ἀνθρωπάρεσκοι,
353 1177 423 1207 ἀλλὰ
451 1178 520 1215 μετὰ
542 1179 623 1219 φόϐου
648 1179 694 1208 καὶ
716 1180 831 1219 τρόμου,

18 1223 75 1249 τοῦ
102 1221 167 1260 πρὸς
188 1222 257 1252 Θεὸν
274 1222 389 1258 δηλαδή.
418 1223 474 1252 Κᾶν
493 1223 546 1262 γὰρ
561 1223 694 1258 αὐτολεξεὶ
718 1226 766 1254 οὐκ
790 1219 832 1253 ei—

16 1277 75 1294 πεν
93 1289 99 1299 ,
126 1265 197 1303 ὅμως
221 1270 304 1296 ταῦτα
329 1267 464 1306 βούλεται.
482 1267 607 1297 Δουλεύει
626 1268 676 1307 γὰρ
699 1269 744 1298 καὶ
759 1271 772 1298 ὁ
788 1270 830 1299 δε-

17 1310 132 1344 σπότης
147 1313 184 1349 τῷ
198 1311 296 1350 δούλῳ,
314 1313 449 1350 μεριμνῶν
471 1314 537 1352 ὑπὲρ
561 1315 640 1342 αὐτοῦ
653 1335 661 1349 ,
678 1313 724 1343 καὶ
744 1313 830 1343 πάντα

16 1355 57 1384 τὰ
93 1355 210 1394 χρειώδη
239 1357 364 1396 παρέχων
392 1356 430 1393 7³,
455 1357 501 1385 χαὶ
531 1359 638 1394 ἁπλῶς,
674 1359 831 1397 ἀνεχόμενος

18 1401 127 1434 αὐτοῦ,
147 1401 192 1429 καὶ
216 1401 438 1438 συγκαταϐαίνων
465 1402 553 1441 αὐτῷ,
581 1402 626 1431 καὶ
648 1402 663 1431 ὅ
685 1414 749 1442 φησι
775 1405 830 1433 Σο-

18 1442 140 1483 λομὼν,
157 1445 425 1485 συμπεριφερόμενος.
444 1444 536 1475 Ἄκουε
552 1449 603 1486 γὰρ
627 1447 673 1476 χαὶ
696 1449 748 1476 τῶν
764 1448 832 1484 ἑξῆς,-

72 1500 90 1517 α
109 1488 232 1522 Ἁνιέντες
247 1490 295 1524 τὴν
319 1490 440 1525 ἀπειλήν.
461 1501 475 1519 n
504 1491 563 1520 Οὐχ
591 1486 681 1526 εἶπεν,
709 1491 832 1527 Ἀνιέντες

885 283 918 312 da
958 284 1139 320 impietatem,
1180 291 1242 320 quae
1273 291 1329 311 non
1363 287 1429 311 sunt
1446 283 1545 312 divina;
1583 283 1681 312 volun-

885 329 959 357 tatis.

919 375 1009 402 Vsus.
1024 377 1051 401 7.
1069 386 1082 398 «
1108 373 1260 402 Servientes
1276 373 1406 406 Domino,
1423 377 1451 401 et
1473 381 1530 400 non
1557 373 1681 401 homini-

886 419 946 446 bus.
965 431 978 444 ιι
991 420 1052 454 Ipse
1062 418 1134 446 enim
1144 418 1315 454 recipiteam.
1328 425 1411 454 quam
1423 417 1545 445 dominis
1554 418 1685 446 exhibent

886 464 1092 499 gratitudinem,
1115 463 1215 499 quippe
1226 463 1274 499 qui
1292 463 1397 490 bonum
1412 462 1440 490 in
1454 462 1537 490 rebus
1558 463 1684 491 ordinem

886 509 944 545 lege
958 509 1088 536 sanxerit.
1107 510 1140 535 Et
1154 508 1200 544 qui
1215 507 1291 536 hisce
1310 515 1366 536 non
1385 507 1513 542 inservit,
1528 511 1559 536 ut
1571 515 1621 543 par
1632 512 1684 542 est,

887 553 985 582 divinae
1001 553 1050 589 legi
1065 554 1178 581 resistit.

921 600 1008 626 Vnus.
1026 601 1052 626 8.
1068 610 1080 623 α
1097 598 1218 626 Scientes
1232 599 1306 634 quod
1328 598 1525 635 unusquisque,
1541 597 1683 634 quodcun-

887 651 939 678 que
966 643 1062 671 fecerit
1083 643 1196 678 bouum,
1221 643 1275 671 hoc
1296 643 1408 679 recipiet
1430 651 1445 671 a
1473 643 1605 677 Domino,
1629 643 1685 671 sive

887 696 992 722 servus,
1008 688 1066 716 sive
1091 688 1171 716 liher.
1192 700 1203 712 υ
1226 688 1295 723 Quia
1315 688 1462 716 verisimile
1483 692 1554 720 erat,
1583 688 1686 716 multos

887 733 1019 760 dominos
1031 733 1145 769 gentiles
1156 737 1183 760 et
1200 732 1325 760 inﬁdeles
1338 732 1404 760 nihil
1420 733 1483 760 boni
1498 733 1686 768 impertituros

886 778 969 806 servis
985 778 1033 814 qui
1054 777 1172 805 ﬁdeliter
1197 777 1371 811 inservirent,
1395 777 1520 811 Etiamsi,
1542 778 1641 813 inquit,
1669 785 1685 804 a

886 823 999 851 domino
1009 822 1159 850 secundum
1175 831 1288 850 carnem
1307 822 1415 850 nullam
1428 822 1684 857 compensationem

886 867 967 901 feras,
1001 867 1036 895 ab
1068 867 1257 895 uniVersorum
1281 871 1371 894 tamen
1402 867 1522 894 Domino
1547 870 1682 901 exspecta.

887 913 937 940 Hic
960 917 1054 940 autem
1076 912 1197 940 ostendit
1218 911 1291 947 quod
1314 911 1389 939 velut
1412 911 1621 947 perfectioribus
1644 911 1684 939 eis

889 958 1027 992 loquatur,
1052 961 1080 984 et
1102 965 1157 984 non
1182 956 1263 984 veluti
1290 956 1390 992 pueris.
1413 956 1469 983 Illis
1496 956 1569 983 enim
1594 954 1641 983 diu
1656 955 1684 983 in

888 1002 970 1030 terris
985 1003 1067 1029 vitam
1083 1001 1244 1029 duraturam
1268 1000 1449 1037 proponebat,
1478 1000 1529 1029 bos
1542 1004 1635 1028 autem
1649 999 1684 1028 ad

889 1047 1009 1075 futuram
1028 1047 1111 1075 vitam
1132 1046 1250 1074 remisit.

924 1093 1010 1120 Vnus.
1026 1095 1053 1120 9.
1074 1102 1086 1114 α
1105 1093 1142 1119 Et
1160 1099 1218 1123 vos,
1233 1091 1349 1123 domini,
1364 1090 1459 1119 eadem
1467 1090 1638 1118 faciteillis.»
1649 1106 1684 1110 —

890 1149 902 1161 ιι
921 1137 1034 1165 Eadem.
1052 1148 1064 1161 ν
1078 1136 1192 1172 Qualia?
1211 1137 1253 1164 Ut
1267 1144 1332 1163 cum
1351 1135 1537 1164 benevolentia
1549 1135 1683 1169 serviatis,

888 1186 915 1210 et
941 1190 999 1210 non
1022 1186 1152 1218 tanquam
1181 1180 1341 1208 hominibus
1369 1181 1517 1216 placentes,
1543 1180 1592 1208 sed
1621 1188 1684 1208 cum

888 1228 985 1255 timore
1008 1235 1040 1255 ac
1061 1231 1189 1260 tremore,
1208 1233 1271 1262 erga
1287 1227 1378 1253 Deum
1393 1225 1527 1253 videlicet.
1540 1225 1599 1253 Etsi
1611 1225 1684 1252 enim

888 1273 1022 1300 verbatim
1035 1280 1091 1300 non
1104 1271 1212 1302 dixerit.
1227 1275 1348 1298 attamen
1363 1271 1412 1298 isla
1424 1270 1494 1298 vult.
1514 1270 1600 1298 Servii
1610 1269 1684 1297 enim

887 1316 1016 1344 dominus
1044 1324 1135 1349 servo,
1152 1323 1249 1343 curam
1274 1315 1332 1351 ejus
1363 1322 1471 1351 gerens,
1501 1315 1647 1350 omniaque
1660 1313 1684 1342 ei

884 1362 1035 1389 necessaria
1049 1361 1183 1396 praebens,
1194 1368 1226 1387 ac
1237 1359 1408 1395 simpliciter.
1437 1366 1502 1386 eum
1534 1358 1683 1392 sustinens,

887 1406 966 1441 eique
992 1406 1164 1438 condonans,
1186 1409 1213 1432 et
1228 1403 1303 1440 quod
1329 1404 1368 1431 ait
1395 1404 1538 1437 Salomon,
1562 1411 1626 1431 cum
1652 1411 1684 1431 eo

886 1450 965 1478 simul
978 1458 1037 1478 sese
1055 1450 1255 1485 circumagens.
1272 1448 1342 1476 Audi
1359 1448 1431 1476 enim
1446 1456 1508 1484 quae
1521 1452 1682 1484 sequuntur.

924 1508 936 1520 ιι
946 1495 1130 1523 Remittentes
1138 1495 1237 1522 minas.
1251 1505 1263 1517 ν
1275 1494 1337 1520 Non
1351 1493 1426 1526 dixit,
1441 1493 1621 1520 Remittentes
1639 1492 1686 1519 ﬂa-

17 1533 77 1568 τῆν
97 1534 233 1573 μάστιγα,
250 1534 329 1570 ἀλλὰ,
344 1535 396 1564 Καὶ
412 1535 493 1570 αὐτὴν
511 1550 522 1560 ι
537 1535 584 1570 τὴν
599 1535 723 1572 ἀπειλήν.
741 1551 752 1561 ιι
767 1539 836 1568 Πολ·
851 1543 866 1574 ί

920 1548 976 1574 um,
993 1539 1040 1567 sed
1049 1540 1129 1567 etiam
1140 1539 1213 1574 ipsas
1225 1550 1237 1562 ιι
1255 1537 1353 1565 minas.
1370 1549 1383 1561 ν
1395 1537 1482 1564 Multo
1491 1537 1577 1573 magis
1593 1537 1687 1572 itaque

16 1579 65 1617 λῷ
88 1581 150 1617 γοῦν
175 1581 274 1615 μᾶλλον
296 1580 344 1614 τήν
365 1579 510 1618 τιμωρίαν·
537 1580 670 1618 τουτέστι,
697 1582 775 1618 Μηδὲ
802 1585 828 1613 ἐν

16 1623 88 1656 ταῖς
102 1623 223 1657 ἀπειλαῖς
239 1624 326 1664 βαρεῖς
342 1625 474 1663 φαίνεσθε.

70 1679 87 1696 α
107 1668 212 1701 Εἷδότες
234 1668 274 1696 ὅτι
289 1669 333 1697 χαὶ
353 1670 427 1705 ὑμῶν
450 1670 535 1698 αὐτῶν
555 1671 582 1710 ὁγ
596 1669 691 1710 Κύριός
713 1672 785 1701 ἔστιν
801 1673 828 1702 ἐν

16 1718 81 1745 τοῖς
94 1713 222 1752 οὐρανοῖς.
239 1727 250 1739 λι
268 1712 360 1753 νΟρα,
378 1715 434 1746 πῶς
449 1714 532 1754 φοϐεῖ.
547 1729 558 1742 τι
575 1709 614 1757 ἓνῼ,
630 1709 719 1755 μέτρῳ
736 1730 746 1742 .
762 1721 825 1756 γὰρ,

18 1758 106 1796 φησὶ,
123 1770 134 1782 ι
147 1762 265 1797 μτρεῖς,
286 1759 540 1798 ἀντιμετρηθήσεταί
556 1770 611 1789 σοι·
626 1773 637 1785 ιι
662 1760 698 1794 ιιὴ
713 1761 828 1801 ἀκούσῃς

16 1802 71 1831 καὶ
87 1801 121 1831 σύ
135 1812 142 1820 ·
157 1816 168 1828 ι
187 1802 289 1841 Πονηρὲ
314 1803 406 1839 δοῦλε,
424 1808 513 1832 πᾶσαν
535 1805 583 1839 τὴν
605 1804 712 1844 ὀφειλὴν
737 1807 828 1846 ἀφῆκά

16 1858 78 1884 σοι,
94 1847 143 1876 οὐκ
158 1847 209 1876 ἔδει
221 1847 265 1876 καὶ
279 1846 309 1876 σὲ
327 1848 436 1884 ἐλεῆσαι
449 1848 492 1878 τὸν
509 1848 648 1878 σύνδουλόν
664 1860 727 1887 σου,

64 1947 80 1960 ι
103 1933 155 1964 Καὶ
176 1935 388 1975 προσωποληψία
413 1936 460 1964 οὐχ
482 1935 539 1964 ἔστι
562 1936 626 1974 παρ’
643 1937 726 1976 αὐτῷ.
746 1948 760 1965 ν
780 1937 827 1973 Μὴ

15 1977 142 2017 νομίσῃς
153 2000 161 2013 ,
177 1980 270 2018 φησὶν,
292 1979 331 2008 ὅτι
351 1981 396 2009 ἐὰν
414 1979 518 2015 ἀπηνὴς
533 1980 582 2018 ἔσῃ
597 1982 635 2019 τῷ
651 1980 737 2020 δούλῳ
748 2004 756 2020 ,
780 1983 828 2010 οὐκ.

16 2023 192 2062 ἐξετασθήσῃ
216 2023 289 2063 παρὰ
315 2027 359 2054 τοῦ
387 2027 459 2055 Θεοῦ
483 2025 526 2054 διὰ
551 2025 582 2054 τὸ
606 2027 652 2054 τοῦ
684 2025 828 2064 προσώπου

19 2068 143 2100 εὐτελές.
169 2069 264 2098 Ἰὀιῖίτα
281 2068 333 2108 γὰρ
356 2071 407 2098 τῶν
431 2068 481 2103 ἔξω
503 2069 591 2107 νόμων
609 2070 736 2110 διαφορὰς
757 2070 827 2100 εἰδό-

17 2124 80 2142 των
107 2112 237 2150 εὐγενείας
262 2114 308 2142 χαὶ
324 2114 441 2148 δουλείας
465 2114 501 2135 ⁷⁴θ
527 2114 673 2154 ἀνθρώπων
698 2115 749 2154 γάρ
778 2115 829 2144 εἰσι

16 2157 116 2190 νόμοι.
144 2157 274 2199 Ἐνταῗιθα
295 2158 341 2188 καὶ
430 2158 476 2199 δὲ]
501 2160 551 2199 οὐχ
568 2160 665 2195 οὕτως,
689 2160 760 2188 ἀλλὰ
783 2160 829 2188 χαὶ

883 1584 1048 1621 supplicium
1067 1593 1073 1611 :
1087 1584 1138 1611 hoc
1148 1587 1199 1618 est,
1215 1584 1313 1619 Neque
1325 1582 1355 1610 in
1367 1582 1434 1618 ipsis
1451 1582 1531 1610 minis
1549 1589 1646 1618 graves
1658 1584 1686 1608 et

884 1630 993 1658 onerosi
1009 1628 1169 1657 videamini.

922 1686 935 1699 α
957 1674 1078 1702 Scienles
1105 1673 1181 1709 quod
1195 1677 1222 1701 et
1239 1672 1323 1701 vestri
1345 1672 1472 1708 ipsorum
1492 1672 1631 1700 Dominus
1644 1676 1685 1699 est

884 1720 911 1748 in
923 1720 1015 1748 caelis.
1040 1730 1053 1743 ι
1078 1718 1273 1746 Animadverte
1297 1717 1438 1754 quomodo
1465 1716 1681 1753 perterrefaciat.

885 1778 898 1790 ‹ι
925 1767 985 1801 Qua
1004 1771 1130 1792 mensura
1147 1775 1159 1787 ια
1177 1763 1264 1794 enim,
1279 1762 1379 1798 inquit,
1399 1773 1412 1786 ιι
1430 1761 1564 1793 metieris,
1576 1769 1684 1790 remen-

883 1810 1021 1838 surabitur
1033 1808 1081 1835 tibi
1097 1817 1103 1836 :
1120 1821 1131 1832 ι
1146 1816 1180 1835 ne
1195 1807 1291 1835 audias
1306 1810 1333 1833 et
1348 1811 1377 1834 tu
1395 1817 1401 1833 :
1420 1817 1432 1830 ι
1452 1807 1532 1834 Serve
1551 1813 1683 1841 nequam,

884 1860 955 1880 onne
975 1851 1096 1879 debitum
1121 1850 1214 1878 remisi
1237 1849 1300 1883 tibi,
1321 1857 1415 1877 nonne
1439 1849 1586 1885 oportebat
1605 1853 1634 1876 et
1647 1854 1684 1878 te-

883 1897 1005 1925 misereri
1023 1895 1147 1924 conservi
1161 1896 1241 1923 tui‘?
1256 1907 1269 1920 η

919 1955 932 1967 «ι
951 1944 983 1970 Et
996 1949 1173 1977 personarum
1187 1941 1310 1977 acceptio
1328 1950 1384 1970 non
1400 1945 1442 1969 est
1465 1941 1541 1978 apud
1565 1948 1639 1969 eum.
1666 1952 1679 1965 ν

884 1989 924 2015 Ne
938 1987 1088 2018 existimes,
1105 1986 1201 2022 inquit,
1221 1986 1243 2014 si
1267 1986 1384 2014 immitis
1403 1986 1440 2014 sis
1455 1993 1535 2014 servo
1547 1990 1608 2019 tuo,
1623 1987 1682 2014 Do-

885 2033 988 2061 minum
1012 2033 1084 2060 istuc
1105 2032 1162 2064 abs,
1178 2036 1205 2060 te
1220 2040 1276 2060 non
1289 2032 1485 2068 inquisitnrum
1500 2031 1536 2059 ob
1559 2038 1682 2067 personae

883 2076 1180 2112 contemptibilitatem.
1204 2077 1271 2104 Haec
1296 2076 1368 2103 enim
1396 2074 1563 2103 exteriorum
1591 2075 1683 2111 legum

882 2126 955 2156 sunt,
972 2129 1035 2157 quae
1060 2121 1170 2149 novisse
1185 2121 1274 2149 solent
1297 2120 1448 2148 discrimen
1473 2119 1545 2147 inter
1560 2118 1682 2155 ingenui-

883 2171 969 2194 tatem
985 2171 1012 2194 et
1033 2167 1193 2194 servitutem
1218 2165 1389 2194 :hominum
1421 2165 1496 2192 enim
1521 2164 1594 2200 leges
1608 2168 1682 2191 sunt.

18 2201 108 2234 αὐτὸς
123 2201 212 2234 δοῦλος
226 2198 249 2231 εἶ
268 2205 313 2231 τοῦ
329 2205 408 2232 αὐτοῦ
430 2198 545 2243 κυρίου,
560 2203 610 2232 κᾶν
626 2205 662 2236 εἰς
684 2204 827 2242 ὁμόδουλον
844 2210 866 2240 1]

922 2216 1040 2239 cautem
1056 2211 1094 2238 sic
1116 2218 1171 2238 non
1200 2210 1245 2244 ﬁt;
1266 2218 1358 2238 verum
1378 2213 1404 2237 et
1416 2214 1446 2237 tu
1464 2210 1521 2245 ipse
1546 2216 1642 2237 servus
1654 2215 1684 2236 es

18 2246 220 2285 αὖστηρεύων·
237 2247 294 2277 ἐπεὶ
316 2247 373 2277 οὐδὲ
400 2248 426 2282 ἐξ
449 2251 534 2288 ἀρχῆς
559 2248 677 2278 δουλείαν
705 2249 829 2284 ἐποίησεν

18 2294 33 2320 6
51 2290 144 2324 Θεὸς,
161 2292 220 2320 ἀλλ’
235 2294 252 2327 ἡ
267 2291 422 2326 πλεονεξία,
440 2295 474 2325 ὡς
494 2294 538 2322 ἐπὶ
555 2294 607 2321 τῶν
628 2293 809 2332 αἰχμαλώτων
823 2305 830 2311 ·

17 2337 71 2365 καὶ
89 2337 108 2370 ἡ
125 2335 188 2375 πρὸς
202 2335 260 2369 τοὺς
278 2337 396 2376 πατέρας
420 2336 507 2376 ὕϐρις,
523 2339 557 2371 ὡς
582 2337 624 2366 ἐπὶ
639 2341 684 2367 τοῦ
708 2338 830 2369 Χαναάν.

19 2380 109 2415 Πλὴν
122 2381 144 2409 εἷ
157 2381 201 2409 καὶ
217 2381 254 2418 μὴ
270 2382 320 2410 ὑπὸ
341 2383 413 2411 Θεοῦ
430 2382 535 2421 γέγονεν
549 2405 557 2420 ,
573 2382 645 2420 ὅμως
660 2382 709 2418 τὴν
728 2384 829 2412 ὑποτα-

16 2426 75 2464 γὴν
93 2424 162 2458 Θεὸς
187 2426 338 2462 νομοθετεῖ,
353 2426 396 2455 διὰ
420 2427 469 2463 τὴν
485 2426 625 2464 εὐταξίαν,
651 2427 698 2456 καὶ
722 2427 766 2458 ἵνα
792 2428 830 2467 μὴ

18 2469 154 2509 αἱμάτων
169 2471 183 2499 ὁ
198 2469 253 2510 βίος
265 2471 346 2511 γέμῃ.

67 2623 85 2638 α
103 2610 145 2640 Τὸ
159 2611 268 2646 λοιπον,
292 2611 401 2653 ἀδελφοί
421 2622 487 2650 μου,
513 2612 707 2650 ἐνδυναμοῦσθε
728 2613 754 2641 ἐν
772 2613 828 2642 Κυ-

17 2656 72 2696 ρίῳ
84 2678 92 2692 ,
108 2655 155 2685 καὶ
170 2657 196 2685 ἐν
211 2658 250 2696 τῷ
265 2657 356 2696 κράτει
372 2658 420 2693 τῆς
442 2657 533 2697 ἰσχύος
554 2658 645 2688 αὐτοῦ.
666 2669 679 2686 ι)
703 2656 827 2697 Στρατό-

61 2745 76 2758 ⁸
90 2740 192 2769 Matth.
208 2747 269 2776 vn,
282 2743 310 2769 2.
347 2746 360 2764 ι
375 2742 474 2770 Matth.
493 2750 583 2777 xvm,
601 2745 646 2771 32.

886 2256 1008 2291 ejusdem
1024 2256 1145 2283 Domini.
1160 2255 1223 2283 licet
1237 2255 1263 2282 in
1277 2262 1442 2282 conservum
1458 2253 1544 2290 418
1558 2257 1683 2281 austerus

885 2301 929 2329 sis.
954 2302 1024 2328 Nam
1050 2309 1065 2328 a
1086 2300 1220 2336 principio
1247 2301 1322 2327 Deus
1346 2299 1475 2327 servilem
1497 2297 1683 2326 conditionem

885 2346 965 2373 istam
978 2353 1035 2373 non
1064 2345 1174 2379 creavit,
1199 2344 1248 2373 sed
1262 2344 1384 2378 avaritia,
1400 2347 1432 2372 ut
1455 2343 1481 2372 in
1494 2343 1611 2379 captivis
1626 2351 1633 2370 :
1654 2345 1684 2370 et

884 2390 994 2427 injuria,
1017 2398 1070 2426 qua
1091 2394 1179 2425 patres
1209 2394 1237 2418 et
1263 2390 1379 2425 majores
1402 2387 1565 2422 affecerunt,
1598 2391 1629 2416 ut
1654 2387 1682 2415 in

885 2436 1014 2463 Chanaan
1029 2434 1153 2470 contigit.
1180 2435 1295 2462 Etiamsi
1317 2438 1412 2462 autem
1444 2442 1460 2462 a
1480 2435 1541 2462 Deo
1568 2440 1625 2460 nou
1645 2432 1682 2460 sit

885 2480 1004 2515 condita,
1041 2479 1238 2516 subjectionem
1268 2483 1363 2507 tamen
1401 2481 1478 2507 Deus
1522 2477 1620 2512 sancit,
1647 2477 1683 2504 ob

884 2524 996 2553 felicem
1017 2524 1153 2561 politiam,
1168 2528 1196 2552 et
1210 2532 1245 2552 ne
1270 2524 1327 2552 vita
1342 2523 1464 2552 humana
1486 2522 1620 2560 sanguine
1636 2528 1682 2549 re-

882 2570 998 2606 pleatur.

917 2616 1010 2643 Vnus.
1035 2618 1079 2643 10.
1097 2625 1111 2639 ι
1137 2614 1218 2649 Quod
1233 2618 1366 2651 superest,
1381 2613 1481 2642 fratres
1493 2612 1559 2647 mei,
1573 2611 1682 2640 confor-

881 2660 978 2688 tamini
991 2660 1024 2695 in
1045 2660 1179 2694 Domino,
1200 2659 1266 2688 etin
1282 2659 1401 2696 potentia
1437 2657 1544 2687 roboris
1566 2657 1633 2693 ejus.
1665 2667 1678 2680 ιι

728 2779 827 2809 Varia:
849 2777 996 2807 lectiones.

59 2829 84 2846 τί)
110 2830 237 2864 βάζουσιν
247 2838 286 2859 m.
325 2831 344 2848 τι
360 2831 374 2858 ὁ
387 2839 414 2860 ο.
453 2831 474 2849 7³
486 2834 602 2867 σαρκικοῧ
617 2840 644 2862 ο.

682 2831 704 2849 ⁷³
715 2832 824 2867 πορίζων
837 2839 864 2861 0.

902 2831 924 2847 7"
936 2830 1034 2858 δούλων
1047 2839 1072 2859 ο.
