1886 3082
21 167 65 194 ['29

20 227 160 267 ιουρανίων.
185 227 225 257 Τὸ
240 227 311 267 γὰρ,
339 240 350 254 ι
368 228 409 265 ἓν,
427 241 439 254 ι
455 228 513 258 οἷντλ⁵
538 230 598 264 τοῦ,
623 227 704 267 ὑπὲρ,
730 226 786 255 ἔστι
800 226 828 257 Α

20 274 38 302 ιὶ
53 275 110 309 τοῦ,
133 272 191 302 διοί-
213 272 279 302 ὡσεὶ
294 271 381 311 ἔλεγε·
408 273 459 303 Διὰ
483 273 516 302 τὰ
542 272 686 312 ἐπουράνια
710 273 788 302 πολε-

20 322 108 357 οὖμεν,
120 317 165 347 καὶ
180 316 223 346 διὰ
237 319 313 346 τοῦτο
326 316 415 357 νήφειν
430 317 495 358 χρή.

38 419 50 436 tr
66 406 116 437 Διὰ
131 410 206 437 τοῦτο
222 406 366 437 ἀνελάϐετε
388 407 436 442 τὴν
461 407 611 437 πανοπλίαν
637 409 683 438 τοῖ’)
699 408 787 445 Θεοῦ,

22 465 36 481 α
57 453 182 488 δυνηθῆτε
204 453 358 487 ἀντιστῆναι
378 453 405 481 ἐν
422 454 454 491 τῇ
472 451 559 492 ἡμέρᾳ
577 454 608 492 τῇ
633 457 748 492 πονηρᾷ.
772 465 785 482 n

20 497 151 534 ουτέστιν,
177 498 203 526 ἐν
220 498 257 536 τῷ
273 497 383 536 παρόντι
399 498 475 526 αἰῶνι
486 497 528 524 ⁷9.
543 499 634 527 τοῦτον
650 497 701 537 γὰρ
716 497 789 535 ἡμέ-

20 555 43 571 ιν
62 541 178 582 πονηράν
193 553 287 581 φησιν,
304 542 356 571 ἀπὸ
369 544 422 572 τῶν
436 542 462 570 ἐν
485 542 557 582 αὐτῷ
576 542 722 580 γινομένων
739 554 788 572 κα-

20 589 57 616 ὖν.
74 588 276 626 Παραμυθεῖται
303 586 329 615 δὲ
356 586 402 616 καὶ
430 586 482 615 ἀπὸ
507 589 554 616 τοῦ
579 586 661 620 δεῖξαι
687 587 788 626 βραχὺν

20 643 55 659 ντα
79 631 123 660 τὸν
136 633 180 660 τοῦ
204 630 321 668 πολέμου
349 631 450 670 καιρόν.
469 630 522 660 Διὰ
538 631 589 671 γὰρ
615 633 663 660 τοῦ
685 631 788 671 ἡμέραν

22 676 88 712 πεῖν,
102 676 134 706 τὸ
147 674 233 716 βραχὺ
249 675 374 711 ἐδήλωσε.

38 735 48 746 ι
63 721 115 751 Καὶ
143 720 249 749 ἅπαντα
270 720 499 760 κατεργασάμενοι
521 722 624 757 crint.
641 735 653 747 υ
667 721 790 752 "An-avra:

20 765 130 802 itit-den,
156 765 200 794 καὶ
222 765 269 798 τὰς
288 765 403 799 ἀτόπους
432 766 571 804 ἐπιθυμίας
589 766 791 806 κατεργασάμε-

20 822 49 846 )ι,
63 809 181 839 τουτέστι
195 809 480 849 καταπολεμήσαντες,
499 810 662 844 καθελόντες.
678 811 790 847 Ἐπειδὴ

40 855 131 884 πολλοὶ
145 854 213 893 μετὰ
226 855 255 883 τὸ
268 857 376 890 νικῆσαι
389 854 498 892 ἔπεσον,
513 855 578 895 φησί
590 867 596 874 ·
612 867 627 884 (ι
643 857 754 891 Στῆναι.
773 867 788 883 τι

20 900 45 928 κεῖ
59 899 107 938 γὰρ
133 898 202 934 μετὰ
216 899 264 934 τὴν
280 899 355 934 νίκην
378 899 509 936 στάσεως,
531 899 574 928 ἴνα
591 901 628 938 μὴ
651 902 664 929 ὁ
680 900 791 936 νικηθεὶς
804 905 828 936 Β

22 945 73 974 άλιν
85 943 302 983 ἀναμαχέσηται,
321 945 353 973 Εἰ
366 944 416 984 γὰρ
436 944 641 985 ῥαθυμήσομεν,
666 945 792 981 ἀναζήσει

22 989 98 1022 άντως
112 990 126 1017 ὁ
149 988 289 1028 νεκρωθεὶς
302 989 328 1007 ⁸ο
342 988 441 1028 ἐχθρός.
456 988 530 1029 Ὅρα
558 989 602 1027 δὲ,
622 988 661 1019 ὅτι
683 989 791 1018 δυνατὸν

20 1034 28 1062 5
49 1034 262 1072 κατεργάσασθαι
288 1033 333 1062 καὶ
362 1035 475 1070 στῆναι,
509 1033 553 1063 καὶ
581 1035 628 1063 οὐκ
654 1033 791 1074 ὀφείλομεν

20 1078 84 1106 οιπὸν
115 1078 260 1118 ῥᾳθυμεῖν,
298 1078 520 1118 προφασιζόμενοι
557 1079 598 1108 ὅτι
634 1078 739 1108 δυνατοὶ
768 1080 791 1108 οἱ

20 1122 92 1162 ίθροί.
119 1122 175 1152 Καὶ
191 1122 242 1162 γὰρ
259 1122 496 1161 ἐνεδυναμώθημεν
507 1146 515 1160 ,
542 1123 586 1152 καὶ
604 1123 729 1159 τοιαύτην
745 1123 790 1153 τέ-

21 1179 62 1202 νην
79 1166 258 1206 ἐδιδάχθημεν
271 1167 293 1184 ⁸¹
307 1191 315 1206 ,
337 1167 406 1197 ὥστε
428 1167 475 1197 καὶ
488 1167 553 1207 πρὸς
568 1167 693 1206 δαίμονας
712 1168 791 1197 δύνα-

20 1214 58 1240 οαι
71 1212 196 1241 παλαίειν
210 1223 215 1229 ·
231 1213 333 1250 μᾶλλον
351 1212 378 1241 δὲ
401 1212 460 1242 οὐδὲ
475 1212 598 1242 παλαίειν
608 1235 616 1248 ,
640 1213 699 1241 ἀλλ’
711 1213 792 1246 οὕτως

20 1251 62 1285 ῗναι
77 1256 185 1297 φοϐεροὶ
209 1258 262 1290 τοῖς
285 1256 408 1296 δαίμοσι,
428 1257 471 1287 διὰ
493 1257 541 1293 τὴν
567 1259 613 1287 τοῦ
634 1258 793 1290 ἐνοικοῦντος

20 1303 99 1338 νὴμῐν
125 1301 252 1341 δύναμιν,
283 1301 351 1331 ὥστε
377 1301 444 1340 μηδὲ
469 1302 556 1338 πάλης
579 1302 695 1340 δεῖσθαι,
723 1302 792 1331 ἀλλὰ

20 1348 86 1375 ατεῖν
101 1346 194 1376 ἐπάνω
212 1346 295 1387 ὄφεων
321 1346 366 1375 καὶ
388 1347 532 1387 σκορπίων.
555 1348 650 1377 Ταῦτα
678 1347 705 1376 δὲ
722 1347 792 1386 λέγει

20 1392 119 1430 Ιαῗρλος,
147 1390 240 1426 ἐπειδὴ
262 1391 355 1420 πολλοὶ
370 1387 437 1427 ἦσαν
463 1393 486 1421 οἱ
502 1391 675 1430 ἀντικείμενοι
691 1393 791 1428 αὐτοῖς,

20 1436 125 1465 ιδάσχων
148 1435 189 1464 ὅτι
211 1436 236 1465 οἱ
265 1436 387 1472 δαίμονες
412 1438 477 1474 ἡμῖν
505 1437 651 1475 πολεμοῦσι
679 1436 722 1466 διὰ
740 1437 791 1475 μέ-

20 1493 51 1508 ων
72 1481 158 1509 αὐτῶν
170 1480 207 1511 ⁸²,
229 1469 318 1510 "ﬂare
336 1480 372 1518 μὴ
394 1469 449 1514 τοῖς
472 1469 618 1520 ἀνθρώποις
643 1469 792 1522 ὀργίζεσθε,
807 1469 831 1502 c

20 1524 63 1553 λλὰ
76 1525 139 1566 πρὸς
154 1524 215 1558 τοὺς
229 1525 356 1564 δαίμονας
371 1525 578 1566 αὖστηρεύεσθε.

41 1674 49 1683 η
67 1661 150 1696 Στῆτε
174 1655 218 1689 οὖν
242 1660 452 1699 περιζωσάμενοι
475 1660 523 1697 τὴν
552 1661 634 1701 ὀσφὺν
662 1663 737 1700 ὑμῶν
767 1663 793 1691 ἐν

22 1705 115 1744 inrisio}.
134 1718 146 1730 ι
169 1704 216 1734 Ἐν
238 1709 292 1738 τοῖς
313 1709 444 1738 τακτικοῖς
470 1705 574 1745 πρῶτόν
599 1707 654 1735 ἐστι
673 1706 704 1736 τὸ
725 1707 793 1737 εἰδέ-

20 1760 40 1777 κι
55 1749 162 1778 ἑστάναι
179 1751 264 1782 καλῶς
277 1761 284 1768 ο
305 1749 348 1779 διὰ
367 1753 444 1779 τοῦτο
458 1751 567 1783 Παῦλος
584 1750 645 1789 περὶ
660 1753 706 1786 τῆς
722 1752 791 1780 στοί-

20 1805 60 1826 εως
77 1795 203 1834 παραινεῖ
216 1793 324 1833 [λέγων]
341 1796 460 1834 πρῶτον,
472 1796 564 1824 στάσιν
578 1796 697 1824 ἀπαιτῶν
714 1796 794 1826 εὔτα-

20 1850 74 1874 τον,
103 1839 148 1867 καὶ
176 1838 349 1877 στρατιώταις
377 1839 544 1878 πρέπουσαν,
573 1839 618 1869 καὶ
641 1840 732 1880 ὀρθήν.
759 1840 794 1871 εΟ

20 1882 47 1923 ἄρ
69 1884 106 1923 τῷ
134 1883 192 1912 ὄντι
220 1882 302 1916 ἑστὼς
335 1883 408 1923 ὀρθὸς
433 1883 562 1921 ἕστηκεν,
588 1886 635 1914 οὐκ
661 1886 792 1915 ἐπικλινό-

20 1929 73 1961 κενός
83 1928 108 1945 ⁸³
123 1939 192 1958 τινιθ
213 1928 249 1961 ὣς
259 1927 273 1956 ὅ
284 1939 314 1967 γε
326 1929 363 1967 μὴ
376 1927 459 1962 ἑστὼς
484 1928 542 1958 οὐδὲ
557 1929 630 1968 ὀρθός
642 1930 724 1958 ἐστιν·
740 1925 792 1960 οἷον

27 1972 132 2011 Ini-(ver,
159 1973 174 2001 ὁ
195 1972 408 2012 φιλοχρήματος,
434 1975 583 2014 δτρυφῶν,
610 1975 660 2013 οὐχ
685 1973 793 2004 ἵσταται

20 2018 83 2052 >οος,
99 2016 169 2046 ἀλλὰ
185 2017 317 2048 κέκλιται.
342 2017 419 2047 Μετὰ
436 2017 464 2046 δὲ
488 2018 535 2054 τὴν
561 2018 652 2048 στάσιν
682 2018 792 2052 ζώννυσι

20 2060 42 2088 ὸν
65 2061 230 2101 στρατιώτην
253 2063 352 2098 νοητῶς
366 2062 471 2095 πάντως
489 2062 531 2098 3i,
559 2063 605 2092 καὶ
627 2063 792 2103 περισφίγγει

20 2106 40 2133 ὃν
53 2106 204 2147 διαῤῥέοντα
221 2105 247 2126 ³⁵
274 2106 320 2135 καὶ
342 2107 587 2147 διακεχαλασμένον
615 2112 673 2141 ταῖς
700 2110 793 2137 ἐπιου-

23 2149 85 2188 ίαις,
100 2150 272 2180 ἀναστέλλων
293 2151 336 2180 διὰ
352 2153 398 2187 τῆς
413 2152 505 2187 ζώνης.
524 2152 626 2192 Ὀσφὺν
641 2152 668 2181 δὲ
684 2153 796 2182 ἐνταῦθά
810 2152 834 2184 D

20 2206 61 2229 ηπι
76 2195 123 2231 τὴν
136 2197 184 2231 τῆς
198 2196 286 2235 ψυχῆς
301 2195 403 2225 εὔτονον
420 2196 465 2225 καὶ
481 2196 511 2225 τὸ
526 2201 578 2226 πᾶν
596 2197 792 2232 διαϐαστάζου-

20 2250 45 2267 αν
63 2239 185 2278 δύναμιν.
202 2239 251 2273 Ὡς
271 2240 322 2280 γὰρ
341 2242 356 2276 ἡ
384 2240 475 2280 τρόπις
490 2241 532 2271 ἐπὶ
553 2243 603 2270 τῶν
626 2244 712 2281 νηῶν,
725 2243 794 2272 οὕτω

20 2282 41 2312 πὶ
55 2284 98 2313 ἐπὶ
113 2287 160 2314 τοῦ
186 2284 282 2321 ζώουῆ
305 2284 399 2325 ὀσφὺς,
416 2280 469 2315 οἶόν
492 2298 532 2319 τις
557 2286 687 2323 θεμέλιος.
711 2286 794 2317 ⁸¹Οθεν

20 2327 42 2355 πὶ
56 2329 185 2363 πολλάκις
211 2329 356 2368 καμόντες,
382 2329 430 2363 τὰς
449 2334 541 2370 χεῖρας
558 2331 599 2359 ἐπ’
611 2331 693 2367 αὐτὴν
709 2331 794 2366 θέντες

26 2371 209 2412 αϐαστάζομεν
237 2373 355 2407 ἑαυτούς.
385 2374 466 2404 Οὕτω
493 2375 539 2404 καὶ
563 2377 579 2411 ἡ
610 2376 693 2412 νοητὴ
715 2376 795 2417 ὀσφὺς

20 2428 66 2455 (ει,
87 2417 120 2454 ἣν
135 2418 238 2449 κελεύει
259 2418 380 2453 ζωννύειν
400 2419 426 2448 ἐν
442 2420 553 2460 ἀληθείᾳ
564 2443 571 2456 ,
586 2423 619 2461 τῇ
635 2433 663 2450 τε
678 2421 746 2451 κατὰ
762 2421 794 2450 τὰ

20 2461 134 2500 έγματα,
163 2463 253 2503 καὶῆ
268 2463 337 2492 κατὰ
354 2464 398 2493 τὸν
416 2464 482 2503 βίον.
505 2466 599 2498 Οὐδεὶς
614 2465 664 2506 γὰρ
679 2468 731 2495 τῶν
755 2467 796 2496 αἷ-

20 2508 106 2536 ετικῶν
124 2507 255 2542 ζώννυται
283 2508 311 2537 ἔν
326 2508 452 2550 ἀληθείᾳ,
482 2509 551 2538 ἀλλὰ
571 2510 645 2539 κάτω
672 2510 796 2550 σύρονται

21 2551 57 2589 cpi
71 2550 119 2587 τὴν
133 2555 203 2592 γῆν,
225 2553 299 2582 οὐδὲν
322 2553 421 2594 ὑψηλὸν
443 2555 536 2590 νοῆσαι
558 2554 714 2594 δυνάμενοι,
737 2555 797 2585 ἀλλ’

20 2596 168 2639 νθρωπίνοις
192 2598 328 2637 λογισμοῖς
345 2598 390 2627 καὶ
415 2598 489 2628 κάτω
505 2600 659 2639 συρομένοις
685 2600 719 2629 τὰ
736 2602 793 2630 θεῖα

20 2638 171 2675 Ξετάζοντες.
195 2641 276 2672 Ἀλλὰ
292 2642 338 2672 καὶ
361 2643 384 2672 οἳ
406 2643 475 2673 κατὰ
489 2638 545 2672 τὸνγ
559 2644 615 2684 βίον
642 2645 794 2686 σφαλλόμε-

20 2694 54 2721 ot,
75 2685 121 2715 καὶ
202 2687 291 2728 ἀπάτῃ
319 2689 365 2717 τοῦ
388 2688 707 2730 κόσμουιπροσέχοντες,
735 2689 794 2719 οὐδὲ

420 163 594 193 EXPOSITIO
613 164 645 192 IN
665 163 770 191 EPIST.
791 162 836 190 AD
856 162 974 189 El‘llES.
993 175 1029 182 —
1047 162 1122 190 CAP.
1144 163 1185 190 ΧΙ,

1572 164 1636 190 H30

843 225 999 253 cmlestibus
1021 233 1065 254 res
1094 224 1192 260 agitur.
1214 225 1377 260 Przepositio
1392 225 1466 253 enim
1482 237 1494 249 α
1516 225 1543 253 in
1566 237 1579 249 υ
1596 229 1637 253 est

842 278 901 306 pro,
926 278 1017 306 super,
1050 269 1102 303 vel,
1127 272 1247 305 propter:
1272 273 1302 296 ut
1326 270 1362 297 sit
1387 270 1545 298 sententia:
1571 271 1637 298 Pro-

843 319 902 350 pter
915 315 1036 343 coelestia
1056 314 1256 350 belligeramus,
1286 313 1403 350 ideoque
1425 314 1535 350 vigilare
1555 323 1636 351 opor-

842 364 890 387 tet.

875 406 966 436 Vens,
991 408 1032 432 13.
1059 416 1071 428 τι
1089 406 1237 440 Propterea
1257 403 1372 439 accipite
1386 408 1555 431 armaturam
1571 404 1632 439 Dei,

843 454 873 477 ut
891 449 1000 485 possitis
1015 449 1143 478 resistere
1156 449 1185 476 in
1205 448 1249 476 die
1263 448 1347 477 malo.
1370 460 1383 472 ν
1401 449 1461 476 Hoc
1474 452 1516 476 est
1530 448 1557 475 in
1570 456 1638 484 prae-

843 495 914 523 senti
933 495 1034 523 saeculo
1055 505 1061 522 ι
1084 495 1136 522 hoc
1159 494 1232 522 enim
1258 493 1332 522 diem
1352 494 1456 522 malum
1478 494 1606 530 appellat,
1623 502 1637 521 a

842 539 920 568 malis
933 540 1065 567 nimirum
1084 547 1146 576 qua)
1160 539 1186 566 in
1201 539 1258 575 ipso
1273 538 1352 566 ﬁunt.
1367 538 1533 567 Consolatur
1547 543 1639 566 autem

843 593 890 620 per
904 584 966 618 hoc,
987 584 1060 620 quod
1084 583 1210 612 ostendat
1236 583 1318 611 breve
1333 583 1484 611 admodum
1505 591 1564 610 esse
1577 583 1639 610 belli

842 633 974 665 tempus:
994 636 1058 658 cum
1077 629 1151 656 enim
1174 628 1249 656 diem
1273 628 1353 662 dixit,
1379 628 1541 656 brevitatem
1565 628 1640 656 indi-

843 675 921 702 cavit.

878 740 890 752 κ
903 729 938 756 Et
951 728 1083 756 omnibus
1094 727 1226 756 confectis
1236 732 1316 756 stare.
1330 738 1343 753 ››
1357 727 1494 756 Omnibus
1508 727 1640 755 nimirum

843 773 989 801 affectibus
1015 777 1043 801 et
1066 773 1156 808 pravis
1178 773 1373 808 cupiditatibus
1392 772 1536 806 confectis,
1559 772 1586 800 id
1600 776 1642 799 est

842 817 995 851 debellatis,
1023 818 1129 846 ablatis.
1157 817 1387 853 Quoudoquidem
1421 825 1485 845 vero
1519 817 1642 852 plerique

845 866 906 898 post
918 862 1061 890 victoriam
1079 861 1248 896 ceciderunt,
1263 873 1275 885 ‹ι
1297 863 1383 895 Stare,
1404 874 1415 886 »
1435 861 1549 890 addidit.
1559 863 1642 896 iOpus

847 911 887 934 est
899 907 971 934 enim
986 911 1046 943 post
1060 906 1204 934 victoriam
1213 907 1298 934 etiam
1309 906 1493 939 consistentia,
1512 915 1545 934 ne
1556 906 1643 934 victus

849 959 939 979 rursus
951 951 984 979 ad
996 951 1212 987 oppugnandum
1232 950 1363 986 insurgat.
1381 951 1407 979 Si
1423 951 1495 979 enim
1518 951 1554 978 ad
1583 954 1642 978 tor-

848 1004 941 1031 porem
965 995 1032 1032 lapsi
1063 995 1207 1029 fuerimus,
1242 995 1383 1023 reviviscet
1409 996 1514 1023 occisus
1544 995 1640 1023 hostis.

846 1041 965 1069 Observa
989 1044 1082 1068 autem
1106 1039 1180 1076 quod
1212 1039 1337 1076 possibile
1370 1044 1411 1068 est
1436 1044 1467 1067 ut
1498 1040 1644 1067 vincamus

845 1090 927 1121 atque
949 1085 1141 1119 consistamus,
1168 1088 1196 1112 et
1217 1092 1272 1112 non
1294 1084 1426 1112 debemus
1449 1084 1476 1112 in
1502 1089 1644 1121 posterum

846 1138 903 1158 esse
923 1129 1043 1164 desides,
1074 1133 1254 1166 praetexentes
1282 1128 1411 1157 fortiores
1445 1136 1504 1157 esse
1540 1129 1643 1163 hostes,

847 1183 931 1211 quam
945 1175 1044 1210 quibus
1064 1175 1189 1202 resistere
1202 1182 1347 1210 queamus.
1364 1173 1473 1202 Etenim
1493 1173 1645 1202 confortati

846 1227 950 1253 sumus,
971 1227 1003 1246 ac
1018 1219 1092 1247 docti
1107 1227 1203 1247 sumns
1215 1219 1295 1246 talem
1310 1222 1408 1252 artem,
1424 1222 1455 1245 ut
1473 1222 1501 1246 et
1513 1218 1647 1246 adversus

846 1264 988 1292 dannones
1001 1264 1095 1291 luctari
1111 1271 1244 1299 queamus
1261 1274 1266 1290 :
1280 1263 1336 1290 imo
1351 1271 1408 1290 non
1421 1263 1513 1290 solum
1528 1263 1627 1291 luctari
1639 1284 1646 1296 ,

847 1317 940 1336 verum
953 1308 1035 1337 etiam
1055 1312 1134 1336 tanto
1147 1307 1245 1336 terrori
1260 1315 1319 1335 esse
1332 1307 1520 1340 daemonibus,
1536 1312 1647 1343 propter

846 1353 904 1387 eius
918 1353 964 1389 qui
986 1353 1015 1380 in
1030 1352 1109 1380 nobis
1130 1352 1236 1380 habitat
1254 1352 1388 1387 virtutem,
1404 1356 1435 1380 ut
1450 1360 1485 1380 ne
1501 1352 1575 1380 lucta
1591 1353 1647 1388 qui-

847 1398 908 1425 dem
925 1405 992 1433 opus
1016 1397 1061 1431 sit,
1083 1397 1130 1426 sed
1145 1404 1227 1433 supra
1249 1401 1390 1432 serpentes
1411 1401 1439 1425 et
1453 1397 1574 1433 scorpios
1589 1406 1648 1432 gra-

846 1442 967 1476 diamur,
994 1449 1096 1477 eosque
1131 1441 1332 1469 conculcemus.
1367 1442 1433 1469 Haec
1462 1445 1556 1469 autem
1581 1441 1649 1469 dicit

850 1487 958 1519 Paulus,
973 1494 1005 1514 eo
1018 1485 1094 1522 quod
1110 1486 1188 1513 multi
1204 1489 1296 1514 essent
1323 1489 1493 1521 opponentes
1507 1493 1564 1513 sese
1579 1486 1646 1518 illis;

848 1531 948 1560 docens
963 1531 1037 1567 quod
1049 1530 1192 1558 daemones
1205 1530 1349 1558 nobiscum
1373 1530 1482 1558 illorum
1495 1530 1646 1558 interventu

849 1576 988 1604 dimicent.
1006 1576 1100 1610 Itaque
1115 1574 1276 1603 hominibus
1295 1583 1329 1602 ne
1348 1574 1508 1609 irascimini,
1523 1574 1571 1603 sed
1590 1574 1648 1602 da:—

849 1620 975 1648 monibus
989 1620 1178 1648 austeritatem
1193 1624 1315 1647 vestram
1334 1619 1469 1647 exhibete.

883 1667 972 1693 Vens.
986 1668 1015 1692 M
1030 1676 1042 1689 ‹‹
1057 1666 1130 1691 State
1142 1672 1208 1700 ergo
1219 1663 1409 1692 circumciucti
1422 1664 1533 1692 lumbos
1546 1668 1650 1692 vestros

848 1710 873 1737 in
890 1710 1012 1738 veritate.
1028 1721 1040 1733 ι·
1067 1711 1095 1736 ln
1116 1708 1197 1737 rebus
1216 1709 1320 1736 bellicis
1342 1709 1462 1744 primum
1481 1713 1522 1736 cst
1541 1709 1647 1736 novisse

847 1755 915 1782 bene
948 1759 1030 1782 stare.
1058 1755 1206 1790 Propterea
1240 1754 1341 1781 Paulus
1370 1754 1498 1781 stationis
1528 1754 1649 1790 primum

847 1799 984 1832 meminit,
999 1803 1025 1826 ct
1045 1799 1078 1826 ad
1103 1806 1165 1826 eam
1180 1798 1355 1831 adhortatur,
1369 1799 1519 1826 stationem
1539 1799 1650 1834 exigens

848 1843 933 1879 probe
964 1842 1131 1875 ordinatam,
1162 1841 1349 1877 militibusque
1379 1841 1587 1869 convenientem
1619 1845 1648 1870 et

847 1892 975 1916 erectam.
999 1887 1051 1921 Qui
1076 1886 1149 1914 enim
1172 1893 1265 1914 revera
1286 1889 1349 1918 stat,
1378 1889 1485 1912 erectus
1503 1889 1565 1919 stat,
1588 1893 1645 1913 non

847 1932 965 1961 innitens
988 1931 1128 1967 cuipiam;
1157 1929 1392 1966 quemadmodum
1408 1930 1430 1957 is
1453 1929 1499 1966 qui
1512 1938 1567 1957 non
1582 1934 1646 1965 stat,

847 1985 933 2013 neque
950 1981 1040 2004 rectus
1063 1980 1104 2004 est
1126 1986 1132 2004 :
1154 1980 1185 2003 ut
1209 1975 1334 2007 lascivus,
1350 1974 1566 2010 etpeeuniarum
1577 1982 1647 2003 ama-

848 2027 901 2055 tor,
921 2026 948 2050 et
961 2021 1008 2057 qui
1020 2021 1050 2048 in
1065 2020 1169 2048 deliciis
1183 2023 1314 2053 versatur,
1332 2027 1388 2047 nou
1406 2023 1459 2047 stat
1482 2023 1573 2047 rectus
1599 2019 1649 2048 sed

847 2066 964 2094 inﬂexus
978 2070 1028 2094 est.
1050 2065 1154 2093 Edocta
1176 2064 1302 2097 statione,
1315 2064 1400 2099 cingit
1415 2063 1512 2092 deinde
1527 2063 1645 2092 militem

847 2111 1023 2147 spiritualiter
1038 2110 1164 2144 omnino,
1186 2117 1216 2137 ac
1229 2108 1419 2144 circumcingit
1432 2107 1607 2136 difﬂuentem
1621 2114 1649 2137 et

849 2156 972 2184 solutum
991 2156 1017 2183 in
1038 2154 1276 2191 concupiscentiis,
1313 2161 1359 2189 per
1392 2153 1477 2189 420
1508 2153 1647 2189 cingulum

849 2201 988 2229 cohibens.
1005 2200 1129 2228 Lumbos
1149 2203 1241 2227 autem
1263 2198 1309 2226 hic
1333 2198 1402 2226 dicit
1422 2198 1520 2225 anima:
1538 2197 1648 2226 fortitu-

848 2246 939 2274 dinem
954 2249 981 2273 et
1002 2244 1154 2280 potentiam
1175 2243 1210 2271 ad
1222 2243 1315 2271 omnia
1335 2240 1491 2271 ferendum.
1508 2243 1647 2278 Quemad-

848 2290 964 2318 modum
979 2289 1053 2318 enim
1068 2288 1158 2316 carina
1176 2291 1218 2315 est
1238 2287 1266 2315 in
1284 2287 1408 2322 navibus,
1431 2286 1467 2315 ita
1488 2286 1516 2314 in
1536 2286 1645 2314 animali

849 2335 970 2369 lumbus,
991 2334 1074 2362 veluti
1091 2333 1224 2361 nimirum
1242 2331 1453 2360 fundamentum
1475 2331 1615 2368 quoddam
1638 2341 1645 2358 :

847 2380 920 2408 unde
935 2384 962 2407 et
973 2386 1163 2415 szepenumero
1179 2376 1290 2410 defessi,
1305 2377 1431 2404 manibus
1444 2384 1526 2412 super
1542 2376 1646 2404 lumbis

850 2424 993 2461 impositis,
1015 2431 1066 2451 nos
1092 2423 1167 2459 ipsos
1192 2421 1355 2457 baiulamus.
1376 2422 1459 2449 Hunc
1474 2421 1510 2449 ad
1530 2421 1648 2449 modum

847 2469 994 2506 spiritualis
1006 2468 1118 2496 lumbus
1137 2466 1229 2501 habet,
1253 2474 1338 2503 quem
1352 2466 1380 2494 in
1398 2466 1515 2494 veritate
1527 2466 1647 2494 circum-

849 2515 957 2551 cingere
972 2513 1104 2550 praecipit,
1130 2519 1192 2549 quae
1209 2519 1273 2539 cum
1294 2511 1323 2539 in
1342 2511 1517 2547 dogmatibus
1545 2515 1605 2539 tum
1622 2511 1650 2538 in

850 2559 904 2587 vita
918 2559 1045 2586 reniteat.
1066 2558 1156 2585 Nemo
1173 2556 1245 2584 enim
1266 2555 1463 2584 hmreticornm
1486 2555 1605 2591 cingitur
1621 2555 1650 2582 in

850 2604 974 2638 veritate,
995 2602 1044 2631 sed
1067 2601 1138 2630 infra
1162 2601 1190 2629 in
1212 2604 1315 2629 terram
1341 2605 1452 2636 repunt,
1475 2600 1543 2628 nihil
1565 2599 1651 2626 altum

849 2649 999 2684 intelligere
1017 2647 1150 2680 valentes,
1173 2645 1219 2674 sed
1246 2645 1379 2673 humanis
1397 2643 1608 2681 cogitationibus
1626 2647 1653 2671 et

850 2693 928 2722 humi
942 2692 1099 2728 repentibus
1119 2690 1211 2720 divina
1233 2690 1419 2726 explorantes.
1445 2689 1582 2717 Prmterea
1602 2688 1651 2723 qui

708 2739 803 2769 Varia:
825 2740 976 2769 lectiones.

35 2776 148 2819 7°_*°“P‘?’
160 2786 190 2807 ο·
228 2779 250 2797 ³ο
262 2782 367 2814 νικηθεὶς
382 2790 409 2810 0-
447 2782 467 2799 ⁸¹
478 2782 626 2819 ἐνεδύθημεν
643 2792 671 2812 ο.
709 2783 742 2819 3';
753 2784 815 2811 εἰσιν
828 2784 853 2811 οἱ
868 2783 1033 2818 ἀντικείμενοι
1046 2781 1129 2812 αὐτοῖς
1143 2780 1185 2807 καὶ
1201 2778 1474 2815 πολεμοΰντεςῖαὖτοῖς
1487 2777 1529 2804 διὰ
1545 2787 1571 2814 μ.
1589 2787 1614 2805 α.
1624 2785 1650 2805 ο.

20 2815 28 2832 ¹
43 2817 120 2845 οὐκέτι
139 2819 194 2845 κλι.
210 2826 236 2848 0.
274 2821 298 2840 ⁸⁵
311 2822 386 2848 πάλιν
395 2830 422 2851 ο.

144 2864 265 2893 ΡΑτιιοῑ..
283 2866 332 2894 Gn.
352 2867 461 2896 CXXIV.

462 2823 486 2842 ⁸⁵
506 2823 535 2850 τὸ
547 2823 659 2860 διαῤῥέον
674 2833 702 2852 ο.

1462 2865 1496 2891 36
