  <div class='ocr_page' id='page_1' title='image "/cluster/home/n/w/nwhite01/storage/ocr_20150623/124/njp.32101010942728/707.png"; bbox 0 0 1886 3082; ppageno 0'>
   <div class='ocr_carea' id='block_1_1' title="bbox 252 172 314 197">
    <p class='ocr_par' dir='ltr' id='par_1_1' title="bbox 252 172 314 197">
     <span class='ocr_line' id='line_1_1' title="bbox 252 172 314 197; baseline -0.032 0"><span class='ocrx_word' id='word_1_1' title='bbox 252 172 314 197; x_wconf 80' lang='lat' dir='ltr'><strong>H3!</strong></span> 
     </span>
    </p>
   </div>
   <div class='ocr_carea' id='block_1_2' title="bbox 740 167 1864 204">
    <p class='ocr_par' dir='ltr' id='par_1_2' title="bbox 740 167 1864 204">
     <span class='ocr_line' id='line_1_2' title="bbox 740 167 1864 204; baseline -0.006 -6"><span class='ocrx_word' id='word_1_2' title='bbox 740 170 1008 204; x_wconf 57' lang='lat' dir='ltr'><strong>&#39;l‘llliUl&#39;llYLACTh</strong></span> <span class='ocrx_word' id='word_1_3' title='bbox 1021 169 1199 196; x_wconf 66' lang='lat' dir='ltr'><strong>lll&#39;l.GARl.E</strong></span> <span class='ocrx_word' id='word_1_4' title='bbox 1219 167 1376 195; x_wconf 76' lang='lat' dir='ltr'><strong>ARCHIEP.</strong></span> <span class='ocrx_word' id='word_1_5' title='bbox 1836 168 1864 191; x_wconf 79' lang='lat' dir='ltr'><strong>l&#39;:</strong></span> 
     </span>
    </p>
   </div>
   <div class='ocr_carea' id='block_1_3' title="bbox 248 227 1025 268">
    <p class='ocr_par' dir='ltr' id='par_1_3' title="bbox 248 231 1025 268">
     <span class='ocr_line' id='line_1_3' title="bbox 248 231 1025 268; baseline 0 -10"><span class='ocrx_word' id='word_1_6' title='bbox 248 232 275 259; x_wconf 92' lang='lat' dir='ltr'><strong>in</strong></span> <span class='ocrx_word' id='word_1_7' title='bbox 292 231 354 259; x_wconf 73' lang='lat' dir='ltr'><strong>vitae</strong></span> <span class='ocrx_word' id='word_1_8' title='bbox 377 239 434 259; x_wconf 72' lang='lat' dir='ltr'><strong>sum</strong></span> <span class='ocrx_word' id='word_1_9' title='bbox 453 232 580 260; x_wconf 88' lang='lat' dir='ltr'><strong>moribus</strong></span> <span class='ocrx_word' id='word_1_10' title='bbox 599 236 709 268; x_wconf 87' lang='lat' dir='ltr'><strong>nutant,</strong></span> <span class='ocrx_word' id='word_1_11' title='bbox 721 232 873 268; x_wconf 87' lang='lat' dir='ltr'><strong>mundique</strong></span> <span class='ocrx_word' id='word_1_12' title='bbox 884 233 1025 268; x_wconf 68' lang='lat' dir='ltr'><strong>impostur;</strong></span> 
     </span>
    </p>
   </div>
   <div class='ocr_carea' id='block_1_4' title="bbox 1100 227 1873 268">
    <p class='ocr_par' dir='ltr' id='par_1_4' title="bbox 1100 227 1873 267">
     <span class='ocr_line' id='line_1_4' title="bbox 1100 227 1873 267; baseline -0.006 -7"><span class='ocrx_word' id='word_1_13' title='bbox 1100 227 1166 260; x_wconf 63' lang='grc' dir='ltr'>οἶτοι</span> <span class='ocrx_word' id='word_1_14' title='bbox 1189 230 1330 265; x_wconf 76' lang='grc' dir='ltr'>ζώννυνται</span> <span class='ocrx_word' id='word_1_15' title='bbox 1355 230 1381 258; x_wconf 80' lang='grc' dir='ltr'><strong>ἐν</strong></span> <span class='ocrx_word' id='word_1_16' title='bbox 1399 227 1525 267; x_wconf 66' lang='grc' dir='ltr'>ἀληθείᾳ,</span> <span class='ocrx_word' id='word_1_17' title='bbox 1542 227 1613 256; x_wconf 72' lang='grc' dir='ltr'>ἀλλὰ</span> <span class='ocrx_word' id='word_1_18' title='bbox 1634 227 1716 256; x_wconf 70' lang='grc' dir='ltr'>κάτω</span> <span class='ocrx_word' id='word_1_19' title='bbox 1735 228 1873 266; x_wconf 50' lang='lat' dir='ltr'><strong>atq-alatu-</strong></span> 
     </span>
    </p>
   </div>
   <div class='ocr_carea' id='block_1_5' title="bbox 245 276 1045 314">
    <p class='ocr_par' dir='ltr' id='par_1_5' title="bbox 245 276 1045 314">
     <span class='ocr_line' id='line_1_5' title="bbox 245 276 1045 314; baseline 0 -11"><span class='ocrx_word' id='word_1_20' title='bbox 245 276 376 304; x_wconf 81' lang='lat' dir='ltr'><strong>adliibent</strong></span> <span class='ocrx_word' id='word_1_21' title='bbox 390 276 528 309; x_wconf 90' lang='lat' dir='ltr'><strong>animum,</strong></span> <span class='ocrx_word' id='word_1_22' title='bbox 544 285 578 304; x_wconf 89' lang='lat' dir='ltr'><strong>ne</strong></span> <span class='ocrx_word' id='word_1_23' title='bbox 593 277 636 305; x_wconf 91' lang='lat' dir='ltr'><strong>isti</strong></span> <span class='ocrx_word' id='word_1_24' title='bbox 644 277 757 314; x_wconf 87' lang='lat' dir='ltr'><strong>quidem</strong></span> <span class='ocrx_word' id='word_1_25' title='bbox 773 278 923 313; x_wconf 85' lang='lat' dir='ltr'><strong>cinguntur</strong></span> <span class='ocrx_word' id='word_1_26' title='bbox 936 277 962 304; x_wconf 93' lang='lat' dir='ltr'><strong>in</strong></span> <span class='ocrx_word' id='word_1_27' title='bbox 973 277 1045 304; x_wconf 85' lang='lat' dir='ltr'><strong>veri-</strong></span> 
     </span>
    </p>
   </div>
   <div class='ocr_carea' id='block_1_6' title="bbox 246 320 1042 354">
    <p class='ocr_par' dir='ltr' id='par_1_6' title="bbox 246 320 1042 354">
     <span class='ocr_line' id='line_1_6' title="bbox 246 320 1042 354; baseline 0 -6"><span class='ocrx_word' id='word_1_28' title='bbox 246 325 313 354; x_wconf 88' lang='lat' dir='ltr'><strong>tate,</strong></span> <span class='ocrx_word' id='word_1_29' title='bbox 329 320 377 349; x_wconf 90' lang='lat' dir='ltr'><strong>sed</strong></span> <span class='ocrx_word' id='word_1_30' title='bbox 394 321 466 349; x_wconf 86' lang='lat' dir='ltr'><strong>infra</strong></span> <span class='ocrx_word' id='word_1_31' title='bbox 481 321 594 350; x_wconf 83' lang='lat' dir='ltr'><strong>demissi</strong></span> <span class='ocrx_word' id='word_1_32' title='bbox 608 322 759 350; x_wconf 82' lang='lat' dir='ltr'><strong>mendaciis</strong></span> <span class='ocrx_word' id='word_1_33' title='bbox 784 322 899 350; x_wconf 84' lang='lat' dir='ltr'><strong>inhiant.</strong></span> <span class='ocrx_word' id='word_1_34' title='bbox 921 323 959 349; x_wconf 80' lang='lat' dir='ltr'><strong>At</strong></span> <span class='ocrx_word' id='word_1_35' title='bbox 977 329 1042 349; x_wconf 89' lang='lat' dir='ltr'><strong>vcro</strong></span> 
     </span>
    </p>
   </div>
   <div class='ocr_carea' id='block_1_7' title="bbox 245 365 1042 403">
    <p class='ocr_par' dir='ltr' id='par_1_7' title="bbox 245 365 1042 403">
     <span class='ocr_line' id='line_1_7' title="bbox 245 365 1042 403; baseline 0 -10"><span class='ocrx_word' id='word_1_36' title='bbox 245 373 296 394; x_wconf 93' lang='lat' dir='ltr'><strong>nos</strong></span> <span class='ocrx_word' id='word_1_37' title='bbox 313 365 366 394; x_wconf 90' lang='lat' dir='ltr'><strong>hoc</strong></span> <span class='ocrx_word' id='word_1_38' title='bbox 382 369 462 401; x_wconf 84' lang='lat' dir='ltr'><strong>pacto</strong></span> <span class='ocrx_word' id='word_1_39' title='bbox 477 374 532 394; x_wconf 91' lang='lat' dir='ltr'><strong>non</strong></span> <span class='ocrx_word' id='word_1_40' title='bbox 554 370 664 402; x_wconf 77' lang='lat' dir='ltr'><strong>oportet</strong></span> <span class='ocrx_word' id='word_1_41' title='bbox 680 375 771 403; x_wconf 83' lang='lat' dir='ltr'><strong>agere,</strong></span> <span class='ocrx_word' id='word_1_42' title='bbox 797 371 929 395; x_wconf 63' lang='lat' dir='ltr'><strong>caeterum</strong></span> <span class='ocrx_word' id='word_1_43' title='bbox 949 366 1042 394; x_wconf 83' lang='lat' dir='ltr'><strong>omnia</strong></span> 
     </span>
    </p>
   </div>
   <div class='ocr_carea' id='block_1_8' title="bbox 246 410 1044 448">
    <p class='ocr_par' dir='ltr' id='par_1_8' title="bbox 246 410 1044 448">
     <span class='ocr_line' id='line_1_8' title="bbox 246 410 1044 448; baseline 0.001 -11"><span class='ocrx_word' id='word_1_44' title='bbox 246 410 396 446; x_wconf 76' lang='lat' dir='ltr'><strong>transigere</strong></span> <span class='ocrx_word' id='word_1_45' title='bbox 414 410 443 438; x_wconf 89' lang='lat' dir='ltr'><strong>in</strong></span> <span class='ocrx_word' id='word_1_46' title='bbox 458 410 570 439; x_wconf 79' lang='lat' dir='ltr'><strong>veritate</strong></span> <span class='ocrx_word' id='word_1_47' title='bbox 592 420 600 439; x_wconf 89' lang='lat'><strong>:</strong></span> <span class='ocrx_word' id='word_1_48' title='bbox 627 415 709 448; x_wconf 87' lang='lat' dir='ltr'><strong>atque</strong></span> <span class='ocrx_word' id='word_1_49' title='bbox 729 412 753 440; x_wconf 89' lang='lat' dir='ltr'><strong>si</strong></span> <span class='ocrx_word' id='word_1_50' title='bbox 771 411 896 440; x_wconf 81' lang='lat' dir='ltr'><strong>doctrina</strong></span> <span class='ocrx_word' id='word_1_51' title='bbox 910 411 1005 446; x_wconf 84' lang='lat' dir='ltr'><strong>fuerit,</strong></span> <span class='ocrx_word' id='word_1_52' title='bbox 1016 411 1044 438; x_wconf 92' lang='lat' dir='ltr'><strong>iu</strong></span> 
     </span>
    </p>
   </div>
   <div class='ocr_carea' id='block_1_9' title="bbox 245 455 1043 492">
    <p class='ocr_par' dir='ltr' id='par_1_9' title="bbox 245 455 1043 492">
     <span class='ocr_line' id='line_1_9' title="bbox 245 455 1043 492; baseline -0.001 -8"><span class='ocrx_word' id='word_1_53' title='bbox 245 463 277 484; x_wconf 89' lang='lat' dir='ltr'><strong>ea</strong></span> <span class='ocrx_word' id='word_1_54' title='bbox 289 463 384 484; x_wconf 85' lang='lat' dir='ltr'><strong>verum</strong></span> <span class='ocrx_word' id='word_1_55' title='bbox 397 455 559 492; x_wconf 86' lang='lat' dir='ltr'><strong>inquirere&#39;:</strong></span> <span class='ocrx_word' id='word_1_56' title='bbox 579 464 611 484; x_wconf 84' lang='lat' dir='ltr'><strong>ac</strong></span> <span class='ocrx_word' id='word_1_57' title='bbox 632 456 654 484; x_wconf 85' lang='lat' dir='ltr'><strong>si</strong></span> <span class='ocrx_word' id='word_1_58' title='bbox 668 456 737 490; x_wconf 90' lang='lat' dir='ltr'><strong>vita,</strong></span> <span class='ocrx_word' id='word_1_59' title='bbox 755 457 902 484; x_wconf 87' lang='lat' dir='ltr'><strong>similliter.</strong></span> <span class='ocrx_word' id='word_1_60' title='bbox 929 457 1043 491; x_wconf 84' lang='lat' dir='ltr'><strong>Insuper</strong></span> 
     </span>
    </p>
   </div>
   <div class='ocr_carea' id='block_1_10' title="bbox 247 498 1044 537">
    <p class='ocr_par' dir='ltr' id='par_1_10' title="bbox 247 498 1044 537">
     <span class='ocr_line' id='line_1_10' title="bbox 247 498 1044 537; baseline 0.001 -10"><span class='ocrx_word' id='word_1_61' title='bbox 247 500 336 528; x_wconf 88' lang='lat' dir='ltr'><strong>omnis</strong></span> <span class='ocrx_word' id='word_1_62' title='bbox 348 498 404 528; x_wconf 85' lang='lat' dir='ltr'><strong>fuci</strong></span> <span class='ocrx_word' id='word_1_63' title='bbox 420 499 531 536; x_wconf 89' lang='lat' dir='ltr'><strong>dolique</strong></span> <span class='ocrx_word' id='word_1_64' title='bbox 545 504 653 536; x_wconf 81' lang='lat' dir='ltr'><strong>oportet</strong></span> <span class='ocrx_word' id='word_1_65' title='bbox 665 509 716 528; x_wconf 91' lang='lat' dir='ltr'><strong>nos</strong></span> <span class='ocrx_word' id='word_1_66' title='bbox 731 505 856 537; x_wconf 82' lang='lat' dir='ltr'><strong>expertes</strong></span> <span class='ocrx_word' id='word_1_67' title='bbox 871 508 938 534; x_wconf 84' lang='lat' dir='ltr'><strong>esse,</strong></span> <span class='ocrx_word' id='word_1_68' title='bbox 954 508 1044 536; x_wconf 87' lang='lat' dir='ltr'><strong>neque</strong></span> 
     </span>
    </p>
   </div>
   <div class='ocr_carea' id='block_1_11' title="bbox 247 543 1043 581">
    <p class='ocr_par' dir='ltr' id='par_1_11' title="bbox 247 543 1043 581">
     <span class='ocr_line' id='line_1_11' title="bbox 247 543 1043 581; baseline 0.001 -9"><span class='ocrx_word' id='word_1_69' title='bbox 247 545 366 572; x_wconf 85' lang='lat' dir='ltr'><strong>invicem</strong></span> <span class='ocrx_word' id='word_1_70' title='bbox 387 543 457 572; x_wconf 90' lang='lat' dir='ltr'><strong>inter</strong></span> <span class='ocrx_word' id='word_1_71' title='bbox 478 553 529 573; x_wconf 90' lang='lat' dir='ltr'><strong>nos</strong></span> <span class='ocrx_word' id='word_1_72' title='bbox 547 545 669 573; x_wconf 87' lang='lat' dir='ltr'><strong>mentiri.</strong></span> <span class='ocrx_word' id='word_1_73' title='bbox 692 545 771 581; x_wconf 89' lang='lat' dir='ltr'><strong>Quod</strong></span> <span class='ocrx_word' id='word_1_74' title='bbox 786 545 808 573; x_wconf 90' lang='lat' dir='ltr'><strong>si</strong></span> <span class='ocrx_word' id='word_1_75' title='bbox 824 545 894 573; x_wconf 88' lang='lat' dir='ltr'><strong>hanc</strong></span> <span class='ocrx_word' id='word_1_76' title='bbox 910 545 945 573; x_wconf 86' lang='lat' dir='ltr'><strong>ad</strong></span> <span class='ocrx_word' id='word_1_77' title='bbox 960 547 1043 574; x_wconf 85' lang='lat' dir='ltr'><strong>ratio-</strong></span> 
     </span>
    </p>
   </div>
   <div class='ocr_carea' id='block_1_12' title="bbox 248 589 1042 626">
    <p class='ocr_par' dir='ltr' id='par_1_12' title="bbox 248 589 1042 626">
     <span class='ocr_line' id='line_1_12' title="bbox 248 589 1042 626; baseline 0.001 -9"><span class='ocrx_word' id='word_1_78' title='bbox 248 597 312 617; x_wconf 90' lang='lat' dir='ltr'><strong>ncm</strong></span> <span class='ocrx_word' id='word_1_79' title='bbox 335 589 463 617; x_wconf 82' lang='lat' dir='ltr'><strong>succincti</strong></span> <span class='ocrx_word' id='word_1_80' title='bbox 494 589 635 625; x_wconf 82' lang='lat' dir='ltr'><strong>fuerimus,</strong></span> <span class='ocrx_word' id='word_1_81' title='bbox 664 595 724 618; x_wconf 92' lang='lat' dir='ltr'><strong>tum</strong></span> <span class='ocrx_word' id='word_1_82' title='bbox 749 598 858 619; x_wconf 90' lang='lat' dir='ltr'><strong>currere</strong></span> <span class='ocrx_word' id='word_1_83' title='bbox 883 591 1042 626; x_wconf 83' lang='lat' dir='ltr'><strong>poterimus.</strong></span> 
     </span>
    </p>
   </div>
   <div class='ocr_carea' id='block_1_13' title="bbox 249 634 1044 672">
    <p class='ocr_par' dir='ltr' id='par_1_13' title="bbox 249 634 1044 672">
     <span class='ocr_line' id='line_1_13' title="bbox 249 634 1044 672; baseline 0.001 -10"><span class='ocrx_word' id='word_1_84' title='bbox 249 635 302 662; x_wconf 85' lang='lat' dir='ltr'><strong>Per</strong></span> <span class='ocrx_word' id='word_1_85' title='bbox 315 634 468 662; x_wconf 87' lang='lat' dir='ltr'><strong>cincturam</strong></span> <span class='ocrx_word' id='word_1_86' title='bbox 491 634 608 672; x_wconf 88' lang='lat' dir='ltr'><strong>denique</strong></span> <span class='ocrx_word' id='word_1_87' title='bbox 632 635 713 664; x_wconf 85' lang='lat' dir='ltr'><strong>istam</strong></span> <span class='ocrx_word' id='word_1_88' title='bbox 733 635 855 663; x_wconf 83' lang='lat' dir='ltr'><strong>ostendit</strong></span> <span class='ocrx_word' id='word_1_89' title='bbox 869 643 920 663; x_wconf 91' lang='lat' dir='ltr'><strong>nos</strong></span> <span class='ocrx_word' id='word_1_90' title='bbox 935 643 1044 671; x_wconf 86' lang='lat' dir='ltr'><strong>semper</strong></span> 
     </span>
    </p>
   </div>
   <div class='ocr_carea' id='block_1_14' title="bbox 248 679 1043 716">
    <p class='ocr_par' dir='ltr' id='par_1_14' title="bbox 248 679 1043 716">
     <span class='ocr_line' id='line_1_14' title="bbox 248 679 1043 716; baseline 0.003 -10"><span class='ocrx_word' id='word_1_91' title='bbox 248 682 368 707; x_wconf 88' lang='lat' dir='ltr'><strong>armatos</strong></span> <span class='ocrx_word' id='word_1_92' title='bbox 396 687 456 707; x_wconf 76' lang='lat' dir='ltr'><strong>eSSe</strong></span> <span class='ocrx_word' id='word_1_93' title='bbox 485 679 596 714; x_wconf 86' lang='lat' dir='ltr'><strong>debere,</strong></span> <span class='ocrx_word' id='word_1_94' title='bbox 612 680 726 716; x_wconf 89' lang='lat' dir='ltr'><strong>perinde</strong></span> <span class='ocrx_word' id='word_1_95' title='bbox 749 688 781 708; x_wconf 91' lang='lat' dir='ltr'><strong>ac</strong></span> <span class='ocrx_word' id='word_1_96' title='bbox 808 680 896 708; x_wconf 90' lang='lat' dir='ltr'><strong>David</strong></span> <span class='ocrx_word' id='word_1_97' title='bbox 921 680 1010 716; x_wconf 86' lang='lat' dir='ltr'><strong>inquit</strong></span> <span class='ocrx_word' id='word_1_98' title='bbox 1035 689 1043 708; x_wconf 87' lang='lat'><strong><em>:</em></strong></span> 
     </span>
    </p>
   </div>
   <div class='ocr_carea' id='block_1_15' title="bbox 250 724 1044 761">
    <p class='ocr_par' dir='ltr' id='par_1_15' title="bbox 250 724 1044 761">
     <span class='ocr_line' id='line_1_15' title="bbox 250 724 1044 761; baseline 0.001 -10"><span class='ocrx_word' id='word_1_99' title='bbox 250 733 264 750; x_wconf 80' lang='grc' dir='ltr'>(ι</span> <span class='ocrx_word' id='word_1_100' title='bbox 280 724 355 752; x_wconf 88' lang='lat' dir='ltr'><strong>Sicut</strong></span> <span class='ocrx_word' id='word_1_101' title='bbox 363 731 431 752; x_wconf 86' lang='lat' dir='ltr'><strong>zona</strong></span> <span class='ocrx_word' id='word_1_102' title='bbox 441 731 494 760; x_wconf 91' lang='lat' dir='ltr'><strong>qua</strong></span> <span class='ocrx_word' id='word_1_103' title='bbox 507 732 615 760; x_wconf 84' lang='lat' dir='ltr'><strong>semper</strong></span> <span class='ocrx_word' id='word_1_104' title='bbox 625 725 850 761; x_wconf 88' lang='lat' dir='ltr'><strong>circumcingitur</strong></span> <span class='ocrx_word' id='word_1_105' title='bbox 862 731 886 752; x_wconf 89' lang='lat' dir='ltr'><strong>h.</strong></span> <span class='ocrx_word' id='word_1_106' title='bbox 904 735 917 750; x_wconf 74' lang='grc' dir='ltr'><strong>ι</strong></span> <span class='ocrx_word' id='word_1_107' title='bbox 930 725 1044 760; x_wconf 82' lang='lat' dir='ltr'><strong>Semper</strong></span> 
     </span>
    </p>
   </div>
   <div class='ocr_carea' id='block_1_16' title="bbox 248 768 1043 806">
    <p class='ocr_par' dir='ltr' id='par_1_16' title="bbox 248 768 1043 806">
     <span class='ocr_line' id='line_1_16' title="bbox 248 768 1043 806; baseline 0.003 -10"><span class='ocrx_word' id='word_1_108' title='bbox 248 768 322 797; x_wconf 92' lang='lat' dir='ltr'><strong>enim</strong></span> <span class='ocrx_word' id='word_1_109' title='bbox 333 768 478 796; x_wconf 79' lang='lat' dir='ltr'><strong>adversum</strong></span> <span class='ocrx_word' id='word_1_110' title='bbox 487 777 538 797; x_wconf 83' lang='lat' dir='ltr'><strong>nos</strong></span> <span class='ocrx_word' id='word_1_111' title='bbox 547 769 648 797; x_wconf 85' lang='lat' dir='ltr'><strong>bellum</strong></span> <span class='ocrx_word' id='word_1_112' title='bbox 659 770 773 806; x_wconf 79' lang='lat' dir='ltr'><strong>geritur.</strong></span> <span class='ocrx_word' id='word_1_113' title='bbox 787 770 938 806; x_wconf 82' lang='lat' dir='ltr'><strong>Gregorius</strong></span> <span class='ocrx_word' id='word_1_114' title='bbox 951 774 1043 798; x_wconf 87' lang='lat' dir='ltr'><strong>autem</strong></span> 
     </span>
    </p>
   </div>
   <div class='ocr_carea' id='block_1_17' title="bbox 247 813 1044 850">
    <p class='ocr_par' dir='ltr' id='par_1_17' title="bbox 247 813 1044 850">
     <span class='ocr_line' id='line_1_17' title="bbox 247 813 1044 850; baseline 0.003 -10"><span class='ocrx_word' id='word_1_115' title='bbox 247 813 402 849; x_wconf 86' lang='lat' dir='ltr'><strong>Theologus</strong></span> <span class='ocrx_word' id='word_1_116' title='bbox 428 821 476 850; x_wconf 90' lang='lat' dir='ltr'><strong>per</strong></span> <span class='ocrx_word' id='word_1_117' title='bbox 503 814 630 842; x_wconf 90' lang='lat' dir='ltr'><strong>lumbum</strong></span> <span class='ocrx_word' id='word_1_118' title='bbox 651 815 901 850; x_wconf 82' lang='lat' dir='ltr'><strong>concupiscentiam</strong></span> <span class='ocrx_word' id='word_1_119' title='bbox 919 814 1044 850; x_wconf 82' lang='lat' dir='ltr'><strong>intelligit</strong></span> 
     </span>
    </p>
   </div>
   <div class='ocr_carea' id='block_1_18' title="bbox 249 857 1043 895">
    <p class='ocr_par' dir='ltr' id='par_1_18' title="bbox 249 857 1043 895">
     <span class='ocr_line' id='line_1_18' title="bbox 249 857 1043 895; baseline 0.003 -10"><span class='ocrx_word' id='word_1_120' title='bbox 249 858 287 893; x_wconf 92' lang='lat' dir='ltr'><strong>(iu</strong></span> <span class='ocrx_word' id='word_1_121' title='bbox 301 857 402 886; x_wconf 89' lang='lat' dir='ltr'><strong>lumbis</strong></span> <span class='ocrx_word' id='word_1_122' title='bbox 424 857 497 886; x_wconf 87' lang='lat' dir='ltr'><strong>enim</strong></span> <span class='ocrx_word' id='word_1_123' title='bbox 521 866 601 886; x_wconf 84' lang='lat' dir='ltr'><strong>renes</strong></span> <span class='ocrx_word' id='word_1_124' title='bbox 626 863 701 893; x_wconf 89' lang='lat' dir='ltr'><strong>sunt,</strong></span> <span class='ocrx_word' id='word_1_125' title='bbox 715 859 762 895; x_wconf 89' lang='lat' dir='ltr'><strong>qui</strong></span> <span class='ocrx_word' id='word_1_126' title='bbox 778 859 805 887; x_wconf 91' lang='lat' dir='ltr'><strong>in</strong></span> <span class='ocrx_word' id='word_1_127' title='bbox 821 859 962 895; x_wconf 86' lang='lat' dir='ltr'><strong>Scriptura</strong></span> <span class='ocrx_word' id='word_1_128' title='bbox 977 868 1043 887; x_wconf 88' lang='lat' dir='ltr'><strong>con-</strong></span> 
     </span>
    </p>
   </div>
   <div class='ocr_carea' id='block_1_19' title="bbox 246 902 1042 939">
    <p class='ocr_par' dir='ltr' id='par_1_19' title="bbox 246 902 1042 939">
     <span class='ocr_line' id='line_1_19' title="bbox 246 902 1042 939; baseline 0.001 -9"><span class='ocrx_word' id='word_1_129' title='bbox 246 902 420 938; x_wconf 72' lang='lat' dir='ltr'><strong>cupiscentia:</strong></span> <span class='ocrx_word' id='word_1_130' title='bbox 433 902 591 939; x_wconf 88' lang='lat' dir='ltr'><strong>symbolum</strong></span> <span class='ocrx_word' id='word_1_131' title='bbox 605 906 689 937; x_wconf 85' lang='lat' dir='ltr'><strong>sunt).</strong></span> <span class='ocrx_word' id='word_1_132' title='bbox 705 912 752 939; x_wconf 86' lang='lat' dir='ltr'><strong>per</strong></span> <span class='ocrx_word' id='word_1_133' title='bbox 775 903 916 931; x_wconf 79' lang='lat' dir='ltr'><strong>veritatem</strong></span> <span class='ocrx_word' id='word_1_134' title='bbox 940 909 1042 938; x_wconf 82' lang='lat' dir='ltr'><strong>autem,</strong></span> 
     </span>
    </p>
   </div>
   <div class='ocr_carea' id='block_1_20' title="bbox 246 947 1044 984">
    <p class='ocr_par' dir='ltr' id='par_1_20' title="bbox 246 947 1044 984">
     <span class='ocr_line' id='line_1_20' title="bbox 246 947 1044 984; baseline 0.003 -10"><span class='ocrx_word' id='word_1_135' title='bbox 246 947 516 982; x_wconf 84' lang='lat' dir='ltr'><strong>contemplationem.</strong></span> <span class='ocrx_word' id='word_1_136' title='bbox 532 948 639 976; x_wconf 83' lang='lat' dir='ltr'><strong>Asserit</strong></span> <span class='ocrx_word' id='word_1_137' title='bbox 651 956 717 984; x_wconf 85' lang='lat' dir='ltr'><strong>ergo</strong></span> <span class='ocrx_word' id='word_1_138' title='bbox 731 948 804 984; x_wconf 91' lang='lat' dir='ltr'><strong>quod</strong></span> <span class='ocrx_word' id='word_1_139' title='bbox 820 949 920 976; x_wconf 86' lang='lat' dir='ltr'><strong>Paulus</strong></span> <span class='ocrx_word' id='word_1_140' title='bbox 933 956 1044 976; x_wconf 88' lang='lat' dir='ltr'><strong>omnem</strong></span> 
     </span>
    </p>
   </div>
   <div class='ocr_carea' id='block_1_21' title="bbox 247 992 1045 1028">
    <p class='ocr_par' dir='ltr' id='par_1_21' title="bbox 247 992 1045 1028">
     <span class='ocr_line' id='line_1_21' title="bbox 247 992 1045 1028; baseline 0.003 -9"><span class='ocrx_word' id='word_1_141' title='bbox 247 992 492 1028; x_wconf 85' lang='lat' dir='ltr'><strong>concupiscentiam</strong></span> <span class='ocrx_word' id='word_1_142' title='bbox 514 997 638 1020; x_wconf 88' lang='lat' dir='ltr'><strong>nostram</strong></span> <span class='ocrx_word' id='word_1_143' title='bbox 656 993 887 1028; x_wconf 87' lang='lat' dir='ltr'><strong>contemplatione</strong></span> <span class='ocrx_word' id='word_1_144' title='bbox 908 997 935 1021; x_wconf 92' lang='lat' dir='ltr'><strong>et</strong></span> <span class='ocrx_word' id='word_1_145' title='bbox 955 995 1045 1022; x_wconf 85' lang='lat' dir='ltr'><strong>consi-</strong></span> 
     </span>
    </p>
   </div>
   <div class='ocr_carea' id='block_1_22' title="bbox 246 1035 1042 1073">
    <p class='ocr_par' dir='ltr' id='par_1_22' title="bbox 246 1035 1042 1073">
     <span class='ocr_line' id='line_1_22' title="bbox 246 1035 1042 1073; baseline 0.003 -9"><span class='ocrx_word' id='word_1_146' title='bbox 246 1035 388 1064; x_wconf 82' lang='lat' dir='ltr'><strong>deratione</strong></span> <span class='ocrx_word' id='word_1_147' title='bbox 413 1037 462 1064; x_wconf 91' lang='lat' dir='ltr'><strong>Dei</strong></span> <span class='ocrx_word' id='word_1_148' title='bbox 486 1037 704 1073; x_wconf 85' lang='lat' dir='ltr'><strong>circumcingere</strong></span> <span class='ocrx_word' id='word_1_149' title='bbox 725 1037 862 1066; x_wconf 85' lang='lat' dir='ltr'><strong>hortetur.</strong></span> <span class='ocrx_word' id='word_1_150' title='bbox 891 1038 944 1073; x_wconf 87' lang='lat' dir='ltr'><strong>Qui</strong></span> <span class='ocrx_word' id='word_1_151' title='bbox 967 1039 1042 1066; x_wconf 89' lang='lat' dir='ltr'><strong>enim</strong></span> 
     </span>
    </p>
   </div>
   <div class='ocr_carea' id='block_1_23' title="bbox 1095 272 1865 315">
    <p class='ocr_par' dir='ltr' id='par_1_23' title="bbox 1095 272 1865 315">
     <span class='ocr_line' id='line_1_23' title="bbox 1095 272 1865 315; baseline -0.006 -10"><span class='ocrx_word' id='word_1_152' title='bbox 1095 288 1134 305; x_wconf 82' lang='grc' dir='ltr'><strong>νοι</strong></span> <span class='ocrx_word' id='word_1_153' title='bbox 1149 280 1202 308; x_wconf 86' lang='grc' dir='ltr'>τοῖς</span> <span class='ocrx_word' id='word_1_154' title='bbox 1215 274 1322 315; x_wconf 73' lang='grc' dir='ltr'>ψευδέσι</span> <span class='ocrx_word' id='word_1_155' title='bbox 1338 273 1563 314; x_wconf 74' lang='grc' dir='ltr'>προσκεχήνασιν.</span> <span class='ocrx_word' id='word_1_156' title='bbox 1588 272 1661 302; x_wconf 71' lang='grc' dir='ltr'>Ἀλλ’</span> <span class='ocrx_word' id='word_1_157' title='bbox 1681 273 1737 311; x_wconf 59' lang='grc' dir='ltr'><strong>οὖι</strong></span> <span class='ocrx_word' id='word_1_158' title='bbox 1753 275 1820 309; x_wconf 76' lang='grc' dir='ltr'>ἡμῖς</span> <span class='ocrx_word' id='word_1_159' title='bbox 1832 274 1865 300; x_wconf 65' lang='lat' dir='ltr'><strong>alr</strong></span> 
     </span>
    </p>
   </div>
   <div class='ocr_carea' id='block_1_24' title="bbox 1097 317 1871 360">
    <p class='ocr_par' dir='ltr' id='par_1_24' title="bbox 1097 317 1871 360">
     <span class='ocr_line' id='line_1_24' title="bbox 1097 317 1871 360; baseline -0.008 -11"><span class='ocrx_word' id='word_1_160' title='bbox 1097 321 1136 349; x_wconf 81' lang='grc' dir='ltr'><strong>δεῖ</strong></span> <span class='ocrx_word' id='word_1_161' title='bbox 1161 320 1245 360; x_wconf 77' lang='grc' dir='ltr'>ἔχειν,</span> <span class='ocrx_word' id='word_1_162' title='bbox 1275 318 1344 348; x_wconf 75' lang='grc' dir='ltr'>ἀλλὰ</span> <span class='ocrx_word' id='word_1_163' title='bbox 1378 318 1465 347; x_wconf 80' lang='grc' dir='ltr'>πάντα</span> <span class='ocrx_word' id='word_1_164' title='bbox 1494 317 1614 356; x_wconf 75' lang='grc' dir='ltr'><strong>μετιέναι</strong></span> <span class='ocrx_word' id='word_1_165' title='bbox 1640 318 1669 346; x_wconf 83' lang='grc' dir='ltr'>ἓν</span> <span class='ocrx_word' id='word_1_166' title='bbox 1699 317 1829 355; x_wconf 65' lang='grc' dir='ltr'>ἀληθείᾳ·</span> <span class='ocrx_word' id='word_1_167' title='bbox 1847 320 1871 344; x_wconf 70' lang='grc' dir='ltr'>ιὲι</span> 
     </span>
    </p>
   </div>
   <div class='ocr_carea' id='block_1_25' title="bbox 1097 362 1868 403">
    <p class='ocr_par' dir='ltr' id='par_1_25' title="bbox 1097 362 1868 403">
     <span class='ocr_line' id='line_1_25' title="bbox 1097 362 1868 403; baseline -0.006 -9"><span class='ocrx_word' id='word_1_168' title='bbox 1097 365 1184 403; x_wconf 69' lang='grc' dir='ltr'>δόγμα</span> <span class='ocrx_word' id='word_1_169' title='bbox 1215 365 1274 402; x_wconf 84' lang='grc' dir='ltr'>εἴη,</span> <span class='ocrx_word' id='word_1_170' title='bbox 1301 364 1330 393; x_wconf 73' lang='grc' dir='ltr'><strong>τὸ</strong></span> <span class='ocrx_word' id='word_1_171' title='bbox 1358 362 1453 398; x_wconf 80' lang='grc' dir='ltr'>ἀληθὲς</span> <span class='ocrx_word' id='word_1_172' title='bbox 1479 365 1584 399; x_wconf 81' lang='grc' dir='ltr'><strong>ζητεῖν,</strong></span> <span class='ocrx_word' id='word_1_173' title='bbox 1612 362 1665 391; x_wconf 74' lang='grc' dir='ltr'><strong>κᾶν</strong></span> <span class='ocrx_word' id='word_1_174' title='bbox 1701 362 1776 400; x_wconf 80' lang='grc' dir='ltr'>βίος,</span> <span class='ocrx_word' id='word_1_175' title='bbox 1798 363 1868 398; x_wconf 47' lang='grc' dir='ltr'>ὁμοίω</span> 
     </span>
    </p>
   </div>
   <div class='ocr_carea' id='block_1_26' title="bbox 1097 407 1872 447">
    <p class='ocr_par' dir='ltr' id='par_1_26' title="bbox 1097 407 1872 447">
     <span class='ocr_line' id='line_1_26' title="bbox 1097 407 1872 447; baseline -0.006 -8"><span class='ocrx_word' id='word_1_176' title='bbox 1097 409 1177 439; x_wconf 77' lang='grc' dir='ltr'>Ἀλλὰ</span> <span class='ocrx_word' id='word_1_177' title='bbox 1200 409 1246 438; x_wconf 80' lang='grc' dir='ltr'><strong>καὶ</strong></span> <span class='ocrx_word' id='word_1_178' title='bbox 1271 408 1450 446; x_wconf 78' lang='grc' dir='ltr'>ἄνυποκρίτως</span> <span class='ocrx_word' id='word_1_179' title='bbox 1474 407 1543 447; x_wconf 74' lang='grc' dir='ltr'>ἔχειν</span> <span class='ocrx_word' id='word_1_180' title='bbox 1572 407 1618 436; x_wconf 81' lang='grc' dir='ltr'><strong>καὶ</strong></span> <span class='ocrx_word' id='word_1_181' title='bbox 1644 407 1777 447; x_wconf 69' lang='grc' dir='ltr'>ἀδόλως,</span> <span class='ocrx_word' id='word_1_182' title='bbox 1796 408 1834 435; x_wconf 70' lang='lat' dir='ltr'><strong>iui</strong></span> <span class='ocrx_word' id='word_1_183' title='bbox 1856 421 1872 434; x_wconf 60' lang='grc' dir='ltr'><strong>,ν</strong></span> 
     </span>
    </p>
   </div>
   <div class='ocr_carea' id='block_1_27' title="bbox 1096 446 1873 495">
    <p class='ocr_par' dir='ltr' id='par_1_27' title="bbox 1096 446 1873 495">
     <span class='ocr_line' id='line_1_27' title="bbox 1096 446 1873 495; baseline -0.006 -11"><span class='ocrx_word' id='word_1_184' title='bbox 1096 454 1238 495; x_wconf 81' lang='grc' dir='ltr'>ψεύδεσθαι</span> <span class='ocrx_word' id='word_1_185' title='bbox 1263 453 1328 493; x_wconf 80' lang='grc' dir='ltr'>πρὸς</span> <span class='ocrx_word' id='word_1_186' title='bbox 1343 453 1483 488; x_wconf 72' lang='grc' dir='ltr'>ἀλλήλους.</span> <span class='ocrx_word' id='word_1_187' title='bbox 1501 446 1566 482; x_wconf 74' lang='grc' dir='ltr'><strong>Ἔὰν</strong></span> <span class='ocrx_word' id='word_1_188' title='bbox 1582 451 1671 485; x_wconf 77' lang='grc' dir='ltr'>οὕτως</span> <span class='ocrx_word' id='word_1_189' title='bbox 1695 446 1771 490; x_wconf 71' lang='grc' dir='ltr'>ὦμεν</span> <span class='ocrx_word' id='word_1_190' title='bbox 1789 452 1873 485; x_wconf 40' lang='lat' dir='ltr'><strong>Elaﬁus</strong></span> 
     </span>
    </p>
   </div>
   <div class='ocr_carea' id='block_1_28' title="bbox 1097 497 1874 538">
    <p class='ocr_par' dir='ltr' id='par_1_28' title="bbox 1097 497 1874 538">
     <span class='ocr_line' id='line_1_28' title="bbox 1097 497 1874 538; baseline -0.008 -9"><span class='ocrx_word' id='word_1_191' title='bbox 1097 512 1152 536; x_wconf 90' lang='grc' dir='ltr'>νοι,</span> <span class='ocrx_word' id='word_1_192' title='bbox 1170 499 1337 537; x_wconf 72' lang='grc' dir='ltr'><strong>δυνησόμεθα</strong></span> <span class='ocrx_word' id='word_1_193' title='bbox 1357 498 1403 528; x_wconf 79' lang='grc' dir='ltr'><strong>καὶ</strong></span> <span class='ocrx_word' id='word_1_194' title='bbox 1421 497 1538 538; x_wconf 80' lang='grc' dir='ltr'>τρέχειν.</span> <span class='ocrx_word' id='word_1_195' title='bbox 1557 497 1608 527; x_wconf 80' lang='grc' dir='ltr'>Διὰ</span> <span class='ocrx_word' id='word_1_196' title='bbox 1624 497 1653 526; x_wconf 88' lang='grc' dir='ltr'>δὲ</span> <span class='ocrx_word' id='word_1_197' title='bbox 1682 499 1734 526; x_wconf 70' lang='grc' dir='ltr'><strong>τοῦ</strong></span> <span class='ocrx_word' id='word_1_198' title='bbox 1750 497 1847 530; x_wconf 62' lang='grc' dir='ltr'>ἐζΜιι</span> <span class='ocrx_word' id='word_1_199' title='bbox 1859 509 1874 523; x_wconf 83' lang='lat'><strong>::</strong></span> 
     </span>
    </p>
   </div>
   <div class='ocr_carea' id='block_1_29' title="bbox 1098 540 1874 582">
    <p class='ocr_par' dir='ltr' id='par_1_29' title="bbox 1098 540 1874 582">
     <span class='ocr_line' id='line_1_29' title="bbox 1098 540 1874 582; baseline -0.005 -8"><span class='ocrx_word' id='word_1_200' title='bbox 1098 545 1137 574; x_wconf 75' lang='grc' dir='ltr'>ἀεὶ</span> <span class='ocrx_word' id='word_1_201' title='bbox 1153 546 1206 574; x_wconf 81' lang='grc' dir='ltr'>δεῖν</span> <span class='ocrx_word' id='word_1_202' title='bbox 1221 546 1292 582; x_wconf 80' lang='grc' dir='ltr'>ἡμᾶς</span> <span class='ocrx_word' id='word_1_203' title='bbox 1307 542 1438 572; x_wconf 74' lang='grc' dir='ltr'><strong>ὡπλίσθαι</strong></span> <span class='ocrx_word' id='word_1_204' title='bbox 1455 543 1529 578; x_wconf 84' lang='grc' dir='ltr'>δηλοῖ</span> <span class='ocrx_word' id='word_1_205' title='bbox 1543 542 1587 578; x_wconf 73' lang='grc'><strong>⁸⁵,</strong></span> <span class='ocrx_word' id='word_1_206' title='bbox 1603 544 1639 575; x_wconf 88' lang='grc' dir='ltr'><strong>ὡς</strong></span> <span class='ocrx_word' id='word_1_207' title='bbox 1656 541 1709 571; x_wconf 79' lang='grc' dir='ltr'>καὶ</span> <span class='ocrx_word' id='word_1_208' title='bbox 1726 543 1740 570; x_wconf 77' lang='grc' dir='ltr'><strong>ὃ</strong></span> <span class='ocrx_word' id='word_1_209' title='bbox 1756 540 1830 570; x_wconf 65' lang='lat' dir='ltr'><strong>Anii</strong></span> <span class='ocrx_word' id='word_1_210' title='bbox 1847 543 1874 570; x_wconf 67' lang='grc' dir='ltr'>λε-</span> 
     </span>
    </p>
   </div>
   <div class='ocr_carea' id='block_1_30' title="bbox 1097 586 1871 628">
    <p class='ocr_par' dir='ltr' id='par_1_30' title="bbox 1097 586 1871 628">
     <span class='ocr_line' id='line_1_30' title="bbox 1097 586 1871 628; baseline -0.006 -10"><span class='ocrx_word' id='word_1_211' title='bbox 1097 601 1153 628; x_wconf 86' lang='grc' dir='ltr'>γει·</span> <span class='ocrx_word' id='word_1_212' title='bbox 1174 603 1185 616; x_wconf 78' lang='grc' dir='ltr'><strong>ι</strong></span> <span class='ocrx_word' id='word_1_213' title='bbox 1200 589 1277 618; x_wconf 81' lang='grc' dir='ltr'>Ὡσεὶ</span> <span class='ocrx_word' id='word_1_214' title='bbox 1300 588 1325 607; x_wconf 82' lang='grc'>⁸⁷</span> <span class='ocrx_word' id='word_1_215' title='bbox 1341 587 1410 623; x_wconf 82' lang='grc' dir='ltr'>ζώνη</span> <span class='ocrx_word' id='word_1_216' title='bbox 1428 587 1459 623; x_wconf 81' lang='grc' dir='ltr'>ἣν</span> <span class='ocrx_word' id='word_1_217' title='bbox 1484 586 1627 620; x_wconf 73' lang='grc' dir='ltr'>διαπαντὸς</span> <span class='ocrx_word' id='word_1_218' title='bbox 1651 586 1849 626; x_wconf 66' lang='grc' dir='ltr'>περιζώννυτςιι·</span> <span class='ocrx_word' id='word_1_219' title='bbox 1867 601 1871 610; x_wconf 89' lang='grc' dir='ltr'><strong>ι</strong></span> 
     </span>
    </p>
   </div>
   <div class='ocr_carea' id='block_1_31' title="bbox 1098 631 1871 674">
    <p class='ocr_par' dir='ltr' id='par_1_31' title="bbox 1098 631 1871 674">
     <span class='ocr_line' id='line_1_31' title="bbox 1098 631 1871 674; baseline -0.006 -11"><span class='ocrx_word' id='word_1_220' title='bbox 1098 635 1138 664; x_wconf 72' lang='grc' dir='ltr'>ἀεὶ</span> <span class='ocrx_word' id='word_1_221' title='bbox 1160 634 1211 674; x_wconf 84' lang='grc' dir='ltr'><strong>γὰρ</strong></span> <span class='ocrx_word' id='word_1_222' title='bbox 1237 632 1436 672; x_wconf 82' lang='grc' dir='ltr'>πολεμούμεθα.</span> <span class='ocrx_word' id='word_1_223' title='bbox 1472 631 1506 662; x_wconf 86' lang='grc' dir='ltr'>Ὁ</span> <span class='ocrx_word' id='word_1_224' title='bbox 1535 631 1561 660; x_wconf 80' lang='grc' dir='ltr'>δὲ</span> <span class='ocrx_word' id='word_1_225' title='bbox 1592 631 1736 670; x_wconf 83' lang='grc' dir='ltr'>Θεολόγος</span> <span class='ocrx_word' id='word_1_226' title='bbox 1764 632 1784 661; x_wconf 89' lang='grc' dir='ltr'><strong><em>Γ</em></strong></span> <span class='ocrx_word' id='word_1_227' title='bbox 1786 632 1871 671; x_wconf 59' lang='grc' dir='ltr'>ρητέξιπ</span> 
     </span>
    </p>
   </div>
   <div class='ocr_carea' id='block_1_32' title="bbox 1097 675 1871 718">
    <p class='ocr_par' dir='ltr' id='par_1_32' title="bbox 1097 675 1871 718">
     <span class='ocr_line' id='line_1_32' title="bbox 1097 675 1871 718; baseline -0.013 -9"><span class='ocrx_word' id='word_1_228' title='bbox 1097 678 1179 718; x_wconf 61' lang='grc' dir='ltr'>ὀσφὺν</span> <span class='ocrx_word' id='word_1_229' title='bbox 1207 680 1282 717; x_wconf 80' lang='grc' dir='ltr'>ἡμῶν</span> <span class='ocrx_word' id='word_1_230' title='bbox 1311 682 1364 707; x_wconf 86' lang='grc' dir='ltr'>νοεῖ</span> <span class='ocrx_word' id='word_1_231' title='bbox 1376 677 1401 695; x_wconf 69' lang='lat'><strong>93</strong></span> <span class='ocrx_word' id='word_1_232' title='bbox 1427 677 1458 706; x_wconf 75' lang='grc' dir='ltr'><strong>τὸ</strong></span> <span class='ocrx_word' id='word_1_233' title='bbox 1484 675 1677 714; x_wconf 73' lang='grc' dir='ltr'>ἐπιθυμητικὸν</span> <span class='ocrx_word' id='word_1_234' title='bbox 1715 677 1763 714; x_wconf 74' lang='grc' dir='ltr'>(ἐν</span> <span class='ocrx_word' id='word_1_235' title='bbox 1791 676 1833 715; x_wconf 62' lang='grc' dir='ltr'><strong>γὰρ</strong></span> <span class='ocrx_word' id='word_1_236' title='bbox 1854 678 1871 701; x_wconf 74' lang='grc' dir='ltr'>τ;</span> 
     </span>
    </p>
   </div>
   <div class='ocr_carea' id='block_1_33' title="bbox 1098 719 1872 765">
    <p class='ocr_par' dir='ltr' id='par_1_33' title="bbox 1098 719 1872 765">
     <span class='ocr_line' id='line_1_33' title="bbox 1098 719 1872 765; baseline -0.005 -13"><span class='ocrx_word' id='word_1_237' title='bbox 1098 723 1176 762; x_wconf 73' lang='grc' dir='ltr'>ὀσφύϊ</span> <span class='ocrx_word' id='word_1_238' title='bbox 1190 724 1212 752; x_wconf 81' lang='grc' dir='ltr'>οἷ</span> <span class='ocrx_word' id='word_1_239' title='bbox 1226 722 1315 763; x_wconf 65' lang='grc' dir='ltr'>νεφροὶ</span> <span class='ocrx_word' id='word_1_240' title='bbox 1327 745 1335 759; x_wconf 84' lang='grc'><strong>,</strong></span> <span class='ocrx_word' id='word_1_241' title='bbox 1364 721 1389 750; x_wconf 86' lang='grc' dir='ltr'>οἳ</span> <span class='ocrx_word' id='word_1_242' title='bbox 1401 723 1446 751; x_wconf 65' lang='grc' dir='ltr'><strong>τοῦ</strong></span> <span class='ocrx_word' id='word_1_243' title='bbox 1467 721 1659 759; x_wconf 69' lang='grc' dir='ltr'><strong>ἐπιθυμητικοῦ</strong></span> <span class='ocrx_word' id='word_1_244' title='bbox 1678 720 1812 759; x_wconf 72' lang='grc' dir='ltr'>σύμϐολον</span> <span class='ocrx_word' id='word_1_245' title='bbox 1825 719 1872 765; x_wconf 57' lang='grc' dir='ltr'>πξρι</span> 
     </span>
    </p>
   </div>
   <div class='ocr_carea' id='block_1_34' title="bbox 1098 766 1873 808">
    <p class='ocr_par' dir='ltr' id='par_1_34' title="bbox 1098 766 1873 808">
     <span class='ocr_line' id='line_1_34' title="bbox 1098 766 1873 808; baseline -0.008 -10"><span class='ocrx_word' id='word_1_246' title='bbox 1098 771 1130 808; x_wconf 85' lang='grc' dir='ltr'><strong>τῇ</strong></span> <span class='ocrx_word' id='word_1_247' title='bbox 1148 768 1252 808; x_wconf 70' lang='grc' dir='ltr'>Γραφῇ)</span> <span class='ocrx_word' id='word_1_248' title='bbox 1265 779 1271 786; x_wconf 74' lang='grc'><em>’</em></span> <span class='ocrx_word' id='word_1_249' title='bbox 1287 767 1412 803; x_wconf 73' lang='grc' dir='ltr'>ἀλήθειαν</span> <span class='ocrx_word' id='word_1_250' title='bbox 1428 766 1476 805; x_wconf 83' lang='grc' dir='ltr'>δὲ,</span> <span class='ocrx_word' id='word_1_251' title='bbox 1492 766 1523 795; x_wconf 85' lang='grc' dir='ltr'><strong>τὸ</strong></span> <span class='ocrx_word' id='word_1_252' title='bbox 1538 766 1718 805; x_wconf 81' lang='grc' dir='ltr'>θεωρητικόν.</span> <span class='ocrx_word' id='word_1_253' title='bbox 1737 767 1820 800; x_wconf 74' lang='grc' dir='ltr'>Φησὶν</span> <span class='ocrx_word' id='word_1_254' title='bbox 1832 768 1873 793; x_wconf 49' lang='lat' dir='ltr'><strong>ea,</strong></span> 
     </span>
    </p>
   </div>
   <div class='ocr_carea' id='block_1_35' title="bbox 1059 810 1872 858">
    <p class='ocr_par' dir='ltr' id='par_1_35' title="bbox 1059 810 1872 858">
     <span class='ocr_line' id='line_1_35' title="bbox 1059 810 1872 858; baseline -0.005 -16"><span class='ocrx_word' id='word_1_255' title='bbox 1059 827 1082 858; x_wconf 79' lang='grc' dir='ltr'><strong>Β</strong></span> <span class='ocrx_word' id='word_1_256' title='bbox 1098 812 1139 842; x_wconf 76' lang='grc' dir='ltr'><strong>ὅτι</strong></span> <span class='ocrx_word' id='word_1_257' title='bbox 1154 813 1279 852; x_wconf 81' lang='grc' dir='ltr'>παραινεῖ</span> <span class='ocrx_word' id='word_1_258' title='bbox 1296 812 1402 845; x_wconf 79' lang='grc' dir='ltr'>Παῦλος</span> <span class='ocrx_word' id='word_1_259' title='bbox 1417 816 1508 841; x_wconf 74' lang='grc' dir='ltr'>πᾶσαν</span> <span class='ocrx_word' id='word_1_260' title='bbox 1528 810 1576 846; x_wconf 86' lang='grc' dir='ltr'><strong>τὴν</strong></span> <span class='ocrx_word' id='word_1_261' title='bbox 1590 810 1741 848; x_wconf 74' lang='grc' dir='ltr'>ἐπιθυμίαν</span> 
     </span>
    </p>
   </div>
   <div class='ocr_carea' id='block_1_36' title="bbox 1100 854 1872 898">
    <p class='ocr_par' dir='ltr' id='par_1_36' title="bbox 1100 854 1872 898">
     <span class='ocr_line' id='line_1_36' title="bbox 1100 854 1872 898; baseline -0.004 -12"><span class='ocrx_word' id='word_1_262' title='bbox 1100 857 1231 898; x_wconf 68' lang='grc' dir='ltr'>ρισςρίγξαι</span> <span class='ocrx_word' id='word_1_263' title='bbox 1308 856 1405 896; x_wconf 73' lang='grc' dir='ltr'>θεωρίᾳ</span> <span class='ocrx_word' id='word_1_264' title='bbox 1426 855 1473 885; x_wconf 64' lang='grc' dir='ltr'>καὶ</span> <span class='ocrx_word' id='word_1_265' title='bbox 1499 855 1660 891; x_wconf 74' lang='grc' dir='ltr'>κατανοήσει</span> <span class='ocrx_word' id='word_1_266' title='bbox 1690 858 1739 884; x_wconf 78' lang='grc' dir='ltr'><strong>τοῦ</strong></span> <span class='ocrx_word' id='word_1_267' title='bbox 1762 856 1834 884; x_wconf 75' lang='grc' dir='ltr'>Θεοῦ.</span> <span class='ocrx_word' id='word_1_268' title='bbox 1852 854 1872 883; x_wconf 82' lang='grc' dir='ltr'>Ὀ</span> 
     </span>
    </p>
   </div>
   <div class='ocr_carea' id='block_1_37' title="bbox 1098 899 1871 941">
    <p class='ocr_par' dir='ltr' id='par_1_37' title="bbox 1098 899 1871 941">
     <span class='ocr_line' id='line_1_37' title="bbox 1098 899 1871 941; baseline -0.008 -10"><span class='ocrx_word' id='word_1_269' title='bbox 1098 902 1149 941; x_wconf 78' lang='grc' dir='ltr'><strong>γὰρ</strong></span> <span class='ocrx_word' id='word_1_270' title='bbox 1163 902 1232 931; x_wconf 61' lang='grc' dir='ltr'>Θεὸν</span> <span class='ocrx_word' id='word_1_271' title='bbox 1248 903 1351 940; x_wconf 80' lang='grc' dir='ltr'>θεωρῶν</span> <span class='ocrx_word' id='word_1_272' title='bbox 1363 924 1371 936; x_wconf 88' lang='grc'><strong>,</strong></span> <span class='ocrx_word' id='word_1_273' title='bbox 1398 900 1443 930; x_wconf 77' lang='grc' dir='ltr'><strong>καὶ</strong></span> <span class='ocrx_word' id='word_1_274' title='bbox 1462 900 1617 938; x_wconf 71' lang='grc' dir='ltr'>ἐνηδόμενος</span> <span class='ocrx_word' id='word_1_275' title='bbox 1642 899 1751 939; x_wconf 83' lang='grc' dir='ltr'>τούτῳ,</span> <span class='ocrx_word' id='word_1_276' title='bbox 1774 901 1805 931; x_wconf 76' lang='grc' dir='ltr'>ὡς</span> <span class='ocrx_word' id='word_1_277' title='bbox 1819 900 1871 927; x_wconf 60' lang='grc' dir='ltr'>ἔπι..</span> 
     </span>
    </p>
   </div>
   <div class='ocr_carea' id='block_1_38' title="bbox 1098 944 1863 986">
    <p class='ocr_par' dir='ltr' id='par_1_38' title="bbox 1098 944 1863 986">
     <span class='ocr_line' id='line_1_38' title="bbox 1098 944 1863 986; baseline -0.004 -11"><span class='ocrx_word' id='word_1_278' title='bbox 1098 947 1221 986; x_wconf 75' lang='grc' dir='ltr'>ἐραστῷ,</span> <span class='ocrx_word' id='word_1_279' title='bbox 1239 947 1296 985; x_wconf 57' lang='grc' dir='ltr'>,οὐκ</span> <span class='ocrx_word' id='word_1_280' title='bbox 1322 944 1354 974; x_wconf 81' lang='grc' dir='ltr'><strong>ἂν</strong></span> <span class='ocrx_word' id='word_1_281' title='bbox 1377 946 1463 975; x_wconf 76' lang='grc' dir='ltr'>ἐάσειε</span> <span class='ocrx_word' id='word_1_282' title='bbox 1489 944 1538 979; x_wconf 78' lang='grc' dir='ltr'><strong>τὴν</strong></span> <span class='ocrx_word' id='word_1_283' title='bbox 1565 944 1714 981; x_wconf 75' lang='grc' dir='ltr'><strong>ἐπιθυμίαν</strong></span> <span class='ocrx_word' id='word_1_284' title='bbox 1737 945 1811 973; x_wconf 67' lang='grc' dir='ltr'>αὐτοῦ</span> <span class='ocrx_word' id='word_1_285' title='bbox 1823 944 1863 972; x_wconf 60' lang='lat' dir='ltr'><strong>xi:</strong></span> 
     </span>
    </p>
   </div>
   <div class='ocr_carea' id='block_1_39' title="bbox 1098 988 1707 1031">
    <p class='ocr_par' dir='ltr' id='par_1_39' title="bbox 1098 988 1707 1031">
     <span class='ocr_line' id='line_1_39' title="bbox 1098 988 1707 1031; baseline -0.003 -11"><span class='ocrx_word' id='word_1_286' title='bbox 1098 990 1347 1031; x_wconf 60' lang='grc' dir='ltr'>χαλασθῆναιξλκαὶ</span> <span class='ocrx_word' id='word_1_287' title='bbox 1360 989 1546 1030; x_wconf 63' lang='grc' dir='ltr'>συρῆναιξπερὶ</span> <span class='ocrx_word' id='word_1_288' title='bbox 1562 988 1595 1018; x_wconf 75' lang='grc' dir='ltr'><strong>τὰ</strong></span> <span class='ocrx_word' id='word_1_289' title='bbox 1609 989 1707 1027; x_wconf 77' lang='grc' dir='ltr'>γήϊνα.</span> 
     </span>
    </p>
   </div>
   <div class='ocr_carea' id='block_1_40' title="bbox 1068 1038 1871 1075">
    <p class='ocr_par' dir='ltr' id='par_1_40' title="bbox 1068 1038 1871 1075">
     <span class='ocr_line' id='line_1_40' title="bbox 1068 1038 1871 1075; baseline -0.005 -8"><span class='ocrx_word' id='word_1_290' title='bbox 1068 1041 1154 1068; x_wconf 85' lang='lat' dir='ltr'><strong>Deum</strong></span> <span class='ocrx_word' id='word_1_291' title='bbox 1171 1039 1406 1075; x_wconf 88' lang='lat' dir='ltr'><strong>_contemp|atur,</strong></span> <span class='ocrx_word' id='word_1_292' title='bbox 1436 1046 1524 1075; x_wconf 86' lang='lat' dir='ltr'><strong>eoque</strong></span> <span class='ocrx_word' id='word_1_293' title='bbox 1546 1038 1709 1066; x_wconf 85' lang='lat' dir='ltr'><strong>oblectatur</strong></span> <span class='ocrx_word' id='word_1_294' title='bbox 1733 1045 1783 1066; x_wconf 87' lang='lat' dir='ltr'><strong>ceu</strong></span> <span class='ocrx_word' id='word_1_295' title='bbox 1806 1045 1871 1065; x_wconf 76' lang='lat' dir='ltr'><strong>rem;</strong></span> 
     </span>
    </p>
   </div>
   <div class='ocr_carea' id='block_1_41' title="bbox 247 1081 1453 1115">
    <p class='ocr_par' dir='ltr' id='par_1_41' title="bbox 247 1081 1453 1115">
     <span class='ocr_line' id='line_1_41' title="bbox 247 1081 1453 1115; baseline 0.002 -7"><span class='ocrx_word' id='word_1_296' title='bbox 247 1081 368 1115; x_wconf 86' lang='lat' dir='ltr'><strong>amabili,</strong></span> <span class='ocrx_word' id='word_1_297' title='bbox 386 1081 551 1109; x_wconf 85' lang='lat' dir='ltr'><strong>desiderium</strong></span> <span class='ocrx_word' id='word_1_298' title='bbox 575 1089 657 1110; x_wconf 91' lang='lat' dir='ltr'><strong>suum</strong></span> <span class='ocrx_word' id='word_1_299' title='bbox 682 1081 751 1110; x_wconf 83' lang='lat' dir='ltr'><strong>infra</strong></span> <span class='ocrx_word' id='word_1_300' title='bbox 774 1082 880 1110; x_wconf 86' lang='lat' dir='ltr'><strong>demitti</strong></span> <span class='ocrx_word' id='word_1_301' title='bbox 905 1086 933 1110; x_wconf 89' lang='lat' dir='ltr'><strong>et</strong></span> <span class='ocrx_word' id='word_1_302' title='bbox 943 1082 1047 1111; x_wconf 87' lang='lat' dir='ltr'><strong>circum</strong></span> <span class='ocrx_word' id='word_1_303' title='bbox 1063 1084 1198 1113; x_wconf 79' lang='lat' dir='ltr'><strong>terrestria</strong></span> <span class='ocrx_word' id='word_1_304' title='bbox 1213 1084 1285 1112; x_wconf 87' lang='lat' dir='ltr'><strong>trahi</strong></span> <span class='ocrx_word' id='word_1_305' title='bbox 1301 1092 1358 1112; x_wconf 88' lang='lat' dir='ltr'><strong>non</strong></span> <span class='ocrx_word' id='word_1_306' title='bbox 1373 1083 1453 1111; x_wconf 85' lang='lat' dir='ltr'><strong>sinet.</strong></span> 
     </span>
    </p>
   </div>
   <div class='ocr_carea' id='block_1_42' title="bbox 285 1125 1045 1163">
    <p class='ocr_par' dir='ltr' id='par_1_42' title="bbox 285 1125 1045 1163">
     <span class='ocr_line' id='line_1_42' title="bbox 285 1125 1045 1163; baseline 0.003 -10"><span class='ocrx_word' id='word_1_307' title='bbox 285 1137 299 1150; x_wconf 73' lang='grc' dir='ltr'><strong>ιι</strong></span> <span class='ocrx_word' id='word_1_308' title='bbox 330 1126 365 1153; x_wconf 86' lang='lat' dir='ltr'><strong>Et</strong></span> <span class='ocrx_word' id='word_1_309' title='bbox 389 1125 477 1154; x_wconf 92' lang='lat' dir='ltr'><strong>induti</strong></span> <span class='ocrx_word' id='word_1_310' title='bbox 502 1126 614 1154; x_wconf 88' lang='lat' dir='ltr'><strong>loricam</strong></span> <span class='ocrx_word' id='word_1_311' title='bbox 635 1126 758 1163; x_wconf 75' lang='lat' dir='ltr'><strong>justitiaz.</strong></span> <span class='ocrx_word' id='word_1_312' title='bbox 785 1139 797 1151; x_wconf 73' lang='grc' dir='ltr'>ι»</span> <span class='ocrx_word' id='word_1_313' title='bbox 822 1127 965 1155; x_wconf 81' lang='lat' dir='ltr'><strong>Justitiam</strong></span> <span class='ocrx_word' id='word_1_314' title='bbox 993 1127 1045 1161; x_wconf 88' lang='lat' dir='ltr'><strong>hic,</strong></span> 
     </span>
    </p>
   </div>
   <div class='ocr_carea' id='block_1_43' title="bbox 248 1170 1044 1208">
    <p class='ocr_par' dir='ltr' id='par_1_43' title="bbox 248 1170 1044 1208">
     <span class='ocr_line' id='line_1_43' title="bbox 248 1170 1044 1208; baseline 0.003 -10"><span class='ocrx_word' id='word_1_315' title='bbox 248 1170 451 1205; x_wconf 74' lang='lat' dir='ltr'><strong>universaliter]</strong></span> <span class='ocrx_word' id='word_1_316' title='bbox 469 1171 554 1198; x_wconf 85' lang='lat' dir='ltr'><strong>vitam</strong></span> <span class='ocrx_word' id='word_1_317' title='bbox 590 1171 736 1199; x_wconf 87' lang='lat' dir='ltr'><strong>virtutibus</strong></span> <span class='ocrx_word' id='word_1_318' title='bbox 770 1176 909 1208; x_wconf 87' lang='lat' dir='ltr'><strong>comptam</strong></span> <span class='ocrx_word' id='word_1_319' title='bbox 941 1172 1008 1200; x_wconf 84' lang='lat' dir='ltr'><strong>dicit</strong></span> <span class='ocrx_word' id='word_1_320' title='bbox 1038 1182 1044 1201; x_wconf 89' lang='lat'>:</span> 
     </span>
    </p>
   </div>
   <div class='ocr_carea' id='block_1_44' title="bbox 247 1215 1045 1253">
    <p class='ocr_par' dir='ltr' id='par_1_44' title="bbox 247 1215 1045 1253">
     <span class='ocr_line' id='line_1_44' title="bbox 247 1215 1045 1253; baseline 0.001 -10"><span class='ocrx_word' id='word_1_321' title='bbox 247 1215 359 1251; x_wconf 85' lang='lat' dir='ltr'><strong>perinde</strong></span> <span class='ocrx_word' id='word_1_322' title='bbox 376 1215 451 1251; x_wconf 91' lang='lat' dir='ltr'><strong>quasi</strong></span> <span class='ocrx_word' id='word_1_323' title='bbox 463 1215 546 1248; x_wconf 77' lang='lat' dir='ltr'><strong>dicat.</strong></span> <span class='ocrx_word' id='word_1_324' title='bbox 560 1216 658 1244; x_wconf 85' lang='lat' dir='ltr'><strong>muniti</strong></span> <span class='ocrx_word' id='word_1_325' title='bbox 672 1216 745 1244; x_wconf 88' lang='lat' dir='ltr'><strong>circa</strong></span> <span class='ocrx_word' id='word_1_326' title='bbox 761 1221 856 1252; x_wconf 89' lang='lat' dir='ltr'><strong>pectus</strong></span> <span class='ocrx_word' id='word_1_327' title='bbox 875 1217 958 1252; x_wconf 86' lang='lat' dir='ltr'><strong>justis</strong></span> <span class='ocrx_word' id='word_1_328' title='bbox 979 1225 1045 1253; x_wconf 88' lang='lat' dir='ltr'><strong>ope-</strong></span> 
     </span>
    </p>
   </div>
   <div class='ocr_carea' id='block_1_45' title="bbox 247 1259 1044 1289">
    <p class='ocr_par' dir='ltr' id='par_1_45' title="bbox 247 1259 1044 1289">
     <span class='ocr_line' id='line_1_45' title="bbox 247 1259 1044 1289; baseline 0.003 -2"><span class='ocrx_word' id='word_1_329' title='bbox 247 1259 332 1288; x_wconf 87' lang='lat' dir='ltr'><strong>ribus.</strong></span> <span class='ocrx_word' id='word_1_330' title='bbox 355 1261 396 1287; x_wconf 91' lang='lat' dir='ltr'><strong>Ut</strong></span> <span class='ocrx_word' id='word_1_331' title='bbox 418 1260 493 1288; x_wconf 90' lang='lat' dir='ltr'><strong>enim</strong></span> <span class='ocrx_word' id='word_1_332' title='bbox 515 1260 598 1288; x_wconf 88' lang='lat' dir='ltr'><strong>lorica</strong></span> <span class='ocrx_word' id='word_1_333' title='bbox 622 1260 762 1289; x_wconf 88' lang='lat' dir='ltr'><strong>hominem</strong></span> <span class='ocrx_word' id='word_1_334' title='bbox 777 1265 921 1289; x_wconf 88' lang='lat' dir='ltr'><strong>conservat</strong></span> <span class='ocrx_word' id='word_1_335' title='bbox 932 1269 967 1289; x_wconf 89' lang='lat' dir='ltr'><strong>ne</strong></span> <span class='ocrx_word' id='word_1_336' title='bbox 982 1270 1044 1289; x_wconf 87' lang='lat' dir='ltr'><strong>sau-</strong></span> 
     </span>
    </p>
   </div>
   <div class='ocr_carea' id='block_1_46' title="bbox 247 1304 1045 1342">
    <p class='ocr_par' dir='ltr' id='par_1_46' title="bbox 247 1304 1045 1342">
     <span class='ocr_line' id='line_1_46' title="bbox 247 1304 1045 1342; baseline 0.003 -10"><span class='ocrx_word' id='word_1_337' title='bbox 247 1304 343 1339; x_wconf 88' lang='lat' dir='ltr'><strong>cietur,</strong></span> <span class='ocrx_word' id='word_1_338' title='bbox 358 1304 398 1332; x_wconf 89' lang='lat' dir='ltr'><strong>sic</strong></span> <span class='ocrx_word' id='word_1_339' title='bbox 411 1309 439 1332; x_wconf 86' lang='lat' dir='ltr'><strong>et</strong></span> <span class='ocrx_word' id='word_1_340' title='bbox 449 1304 555 1341; x_wconf 85' lang='lat' dir='ltr'><strong>justitia</strong></span> <span class='ocrx_word' id='word_1_341' title='bbox 570 1309 711 1334; x_wconf 84' lang='lat' dir='ltr'><strong>conservat</strong></span> <span class='ocrx_word' id='word_1_342' title='bbox 732 1314 808 1340; x_wconf 91' lang='lat' dir='ltr'><strong>cum,</strong></span> <span class='ocrx_word' id='word_1_343' title='bbox 830 1306 877 1342; x_wconf 88' lang='lat' dir='ltr'><strong>qui</strong></span> <span class='ocrx_word' id='word_1_344' title='bbox 900 1315 929 1334; x_wconf 88' lang='lat' dir='ltr'><strong>ea</strong></span> <span class='ocrx_word' id='word_1_345' title='bbox 952 1307 1045 1334; x_wconf 91' lang='lat' dir='ltr'><strong>muni-</strong></span> 
     </span>
    </p>
   </div>
   <div class='ocr_carea' id='block_1_47' title="bbox 249 1352 302 1377">
    <p class='ocr_par' dir='ltr' id='par_1_47' title="bbox 249 1352 302 1377">
     <span class='ocr_line' id='line_1_47' title="bbox 249 1352 302 1377; baseline -0.019 0"><span class='ocrx_word' id='word_1_346' title='bbox 249 1352 302 1377; x_wconf 89' lang='lat' dir='ltr'><strong>tur.</strong></span> 
     </span>
    </p>
   </div>
   <div class='ocr_carea' id='block_1_48' title="bbox 284 1395 1078 1432">
    <p class='ocr_par' dir='ltr' id='par_1_48' title="bbox 284 1395 1078 1432">
     <span class='ocr_line' id='line_1_48' title="bbox 284 1395 1078 1432; baseline 0.001 -9"><span class='ocrx_word' id='word_1_347' title='bbox 284 1396 372 1424; x_wconf 74' lang='lat' dir='ltr'><strong>Vnus.</strong></span> <span class='ocrx_word' id='word_1_348' title='bbox 402 1398 444 1422; x_wconf 87' lang='lat'><strong>15.</strong></span> <span class='ocrx_word' id='word_1_349' title='bbox 461 1406 474 1419; x_wconf 79' lang='grc' dir='ltr'><strong><em>α</em></strong></span> <span class='ocrx_word' id='word_1_350' title='bbox 496 1395 531 1423; x_wconf 88' lang='lat' dir='ltr'><strong>Et</strong></span> <span class='ocrx_word' id='word_1_351' title='bbox 550 1395 660 1423; x_wconf 86' lang='lat' dir='ltr'><strong>calceati</strong></span> <span class='ocrx_word' id='word_1_352' title='bbox 685 1395 769 1431; x_wconf 89' lang='lat' dir='ltr'><strong>pedes</strong></span> <span class='ocrx_word' id='word_1_353' title='bbox 790 1395 818 1423; x_wconf 94' lang='lat' dir='ltr'><strong>in</strong></span> <span class='ocrx_word' id='word_1_354' title='bbox 840 1396 1042 1432; x_wconf 63' lang='lat' dir='ltr'><strong>praaparatione</strong></span> <span class='ocrx_word' id='word_1_355' title='bbox 1055 1400 1078 1432; x_wconf 73' lang='grc' dir='ltr'>ο</span> 
     </span>
    </p>
   </div>
   <div class='ocr_carea' id='block_1_49' title="bbox 248 1443 1040 1480">
    <p class='ocr_par' dir='ltr' id='par_1_49' title="bbox 248 1443 1040 1480">
     <span class='ocr_line' id='line_1_49' title="bbox 248 1443 1040 1480; baseline 0.001 -9"><span class='ocrx_word' id='word_1_356' title='bbox 248 1443 382 1480; x_wconf 77' lang='lat' dir='ltr'><strong>Evangelii</strong></span> <span class='ocrx_word' id='word_1_357' title='bbox 409 1443 495 1479; x_wconf 89' lang='lat' dir='ltr'><strong>pacis.</strong></span> <span class='ocrx_word' id='word_1_358' title='bbox 522 1455 534 1468; x_wconf 74' lang='grc' dir='ltr'><strong>ιι</strong></span> <span class='ocrx_word' id='word_1_359' title='bbox 558 1443 675 1472; x_wconf 86' lang='lat' dir='ltr'><strong>Pulchre</strong></span> <span class='ocrx_word' id='word_1_360' title='bbox 697 1443 779 1472; x_wconf 84' lang='lat' dir='ltr'><strong>nobis</strong></span> <span class='ocrx_word' id='word_1_361' title='bbox 810 1443 911 1471; x_wconf 86' lang='lat' dir='ltr'><strong>tibialia</strong></span> <span class='ocrx_word' id='word_1_362' title='bbox 941 1443 1040 1472; x_wconf 90' lang='lat' dir='ltr'><strong>induit.</strong></span> 
     </span>
    </p>
   </div>
   <div class='ocr_carea' id='block_1_50' title="bbox 248 1487 1044 1524">
    <p class='ocr_par' dir='ltr' id='par_1_50' title="bbox 248 1487 1044 1524">
     <span class='ocr_line' id='line_1_50' title="bbox 248 1487 1044 1524; baseline 0 -8"><span class='ocrx_word' id='word_1_363' title='bbox 248 1489 296 1517; x_wconf 88' lang='lat' dir='ltr'><strong>Vel</strong></span> <span class='ocrx_word' id='word_1_364' title='bbox 309 1488 391 1524; x_wconf 81' lang='lat' dir='ltr'><strong>igitur</strong></span> <span class='ocrx_word' id='word_1_365' title='bbox 403 1487 456 1516; x_wconf 91' lang='lat' dir='ltr'><strong>hoc</strong></span> <span class='ocrx_word' id='word_1_366' title='bbox 471 1487 546 1523; x_wconf 88' lang='lat' dir='ltr'><strong>dicit,</strong></span> <span class='ocrx_word' id='word_1_367' title='bbox 563 1488 638 1524; x_wconf 89' lang='lat' dir='ltr'><strong>quod</strong></span> <span class='ocrx_word' id='word_1_368' title='bbox 662 1493 789 1524; x_wconf 87' lang='lat' dir='ltr'><strong>oporteat</strong></span> <span class='ocrx_word' id='word_1_369' title='bbox 811 1496 862 1516; x_wconf 90' lang='lat' dir='ltr'><strong>nos</strong></span> <span class='ocrx_word' id='word_1_370' title='bbox 876 1493 1044 1524; x_wconf 65' lang='lat' dir='ltr'><strong>praeparatos</strong></span> 
     </span>
    </p>
   </div>
   <div class='ocr_carea' id='block_1_51' title="bbox 247 1532 1044 1570">
    <p class='ocr_par' dir='ltr' id='par_1_51' title="bbox 247 1532 1044 1570">
     <span class='ocr_line' id='line_1_51' title="bbox 247 1532 1044 1570; baseline 0 -9"><span class='ocrx_word' id='word_1_371' title='bbox 247 1541 306 1561; x_wconf 91' lang='lat' dir='ltr'><strong>esse</strong></span> <span class='ocrx_word' id='word_1_372' title='bbox 319 1532 355 1561; x_wconf 88' lang='lat' dir='ltr'><strong>ad</strong></span> <span class='ocrx_word' id='word_1_373' title='bbox 371 1533 551 1568; x_wconf 83' lang='lat' dir='ltr'><strong>Evangelium</strong></span> <span class='ocrx_word' id='word_1_374' title='bbox 565 1532 771 1569; x_wconf 74' lang='lat' dir='ltr'><strong>praedicandum</strong></span> <span class='ocrx_word' id='word_1_375' title='bbox 799 1533 1044 1570; x_wconf 83' lang='lat' dir='ltr'><strong>promulgandnm-</strong></span> 
     </span>
    </p>
   </div>
   <div class='ocr_carea' id='block_1_52' title="bbox 245 1576 1042 1614">
    <p class='ocr_par' dir='ltr' id='par_1_52' title="bbox 245 1576 1042 1614">
     <span class='ocr_line' id='line_1_52' title="bbox 245 1576 1042 1614; baseline 0 -9"><span class='ocrx_word' id='word_1_376' title='bbox 245 1585 308 1614; x_wconf 88' lang='lat' dir='ltr'><strong>que.</strong></span> <span class='ocrx_word' id='word_1_377' title='bbox 323 1588 337 1602; x_wconf 76' lang='grc' dir='ltr'><strong>ι</strong></span> <span class='ocrx_word' id='word_1_378' title='bbox 350 1576 472 1613; x_wconf 86' lang='lat' dir='ltr'><strong>Speciosi</strong></span> <span class='ocrx_word' id='word_1_379' title='bbox 490 1589 503 1601; x_wconf 79' lang='grc' dir='ltr'><strong>υ</strong></span> <span class='ocrx_word' id='word_1_380' title='bbox 519 1577 594 1604; x_wconf 91' lang='lat' dir='ltr'><strong>enim</strong></span> <span class='ocrx_word' id='word_1_381' title='bbox 608 1589 619 1600; x_wconf 79' lang='grc' dir='ltr'><strong>ιι</strong></span> <span class='ocrx_word' id='word_1_382' title='bbox 636 1577 731 1612; x_wconf 87' lang='lat' dir='ltr'><strong>pedes,</strong></span> <span class='ocrx_word' id='word_1_383' title='bbox 747 1587 761 1602; x_wconf 82' lang='lat'><strong>»</strong></span> <span class='ocrx_word' id='word_1_384' title='bbox 780 1577 879 1612; x_wconf 82' lang='lat' dir='ltr'><strong>inquit,</strong></span> <span class='ocrx_word' id='word_1_385' title='bbox 896 1589 908 1601; x_wconf 77' lang='grc' dir='ltr'>ει</span> <span class='ocrx_word' id='word_1_386' title='bbox 925 1585 1042 1613; x_wconf 88' lang='lat' dir='ltr'><strong>evange-</strong></span> 
     </span>
    </p>
   </div>
   <div class='ocr_carea' id='block_1_53' title="bbox 245 1622 1044 1659">
    <p class='ocr_par' dir='ltr' id='par_1_53' title="bbox 245 1622 1044 1659">
     <span class='ocr_line' id='line_1_53' title="bbox 245 1622 1044 1659; baseline 0.001 -9"><span class='ocrx_word' id='word_1_387' title='bbox 245 1622 388 1650; x_wconf 86' lang='lat' dir='ltr'><strong>lizantium</strong></span> <span class='ocrx_word' id='word_1_388' title='bbox 399 1629 498 1657; x_wconf 90' lang='lat' dir='ltr'><strong>pacem</strong></span> <span class='ocrx_word' id='word_1_389' title='bbox 512 1627 532 1648; x_wconf 75' lang='grc' dir='ltr'>ε.</span> <span class='ocrx_word' id='word_1_390' title='bbox 543 1633 556 1646; x_wconf 65' lang='grc' dir='ltr'><strong>ν</strong></span> <span class='ocrx_word' id='word_1_391' title='bbox 574 1622 689 1658; x_wconf 86' lang='lat' dir='ltr'><strong>Velquia</strong></span> <span class='ocrx_word' id='word_1_392' title='bbox 703 1626 828 1658; x_wconf 88' lang='lat' dir='ltr'><strong>oporteat</strong></span> <span class='ocrx_word' id='word_1_393' title='bbox 837 1630 888 1650; x_wconf 92' lang='lat' dir='ltr'><strong>nos</strong></span> <span class='ocrx_word' id='word_1_394' title='bbox 900 1627 1044 1659; x_wconf 86' lang='lat' dir='ltr'><strong>promptos</strong></span> 
     </span>
    </p>
   </div>
   <div class='ocr_carea' id='block_1_54' title="bbox 246 1666 1043 1702">
    <p class='ocr_par' dir='ltr' id='par_1_54' title="bbox 246 1666 1043 1702">
     <span class='ocr_line' id='line_1_54' title="bbox 246 1666 1043 1702; baseline 0.001 -7"><span class='ocrx_word' id='word_1_395' title='bbox 246 1675 307 1695; x_wconf 88' lang='lat' dir='ltr'><strong>esse</strong></span> <span class='ocrx_word' id='word_1_396' title='bbox 329 1667 363 1694; x_wconf 93' lang='lat' dir='ltr'><strong>ad</strong></span> <span class='ocrx_word' id='word_1_397' title='bbox 387 1666 500 1701; x_wconf 81' lang='lat' dir='ltr'><strong>exitum,</strong></span> <span class='ocrx_word' id='word_1_398' title='bbox 525 1666 675 1694; x_wconf 87' lang='lat' dir='ltr'><strong>secundum</strong></span> <span class='ocrx_word' id='word_1_399' title='bbox 699 1667 874 1702; x_wconf 72' lang='lat' dir='ltr'><strong>Evangelium</strong></span> <span class='ocrx_word' id='word_1_400' title='bbox 895 1667 1010 1696; x_wconf 91' lang='lat' dir='ltr'><strong>vivendo</strong></span> <span class='ocrx_word' id='word_1_401' title='bbox 1036 1677 1043 1696; x_wconf 88' lang='lat'><strong>:</strong></span> 
     </span>
    </p>
   </div>
   <div class='ocr_carea' id='block_1_55' title="bbox 246 1711 1040 1748">
    <p class='ocr_par' dir='ltr' id='par_1_55' title="bbox 246 1711 1040 1748">
     <span class='ocr_line' id='line_1_55' title="bbox 246 1711 1040 1748; baseline 0.003 -9"><span class='ocrx_word' id='word_1_402' title='bbox 246 1711 329 1748; x_wconf 88' lang='lat' dir='ltr'><strong>pedes</strong></span> <span class='ocrx_word' id='word_1_403' title='bbox 347 1711 420 1738; x_wconf 91' lang='lat' dir='ltr'><strong>enim</strong></span> <span class='ocrx_word' id='word_1_404' title='bbox 435 1715 498 1739; x_wconf 90' lang='lat' dir='ltr'><strong>snnt</strong></span> <span class='ocrx_word' id='word_1_405' title='bbox 517 1711 579 1739; x_wconf 67' lang='lat' dir='ltr'><strong>vitae</strong></span> <span class='ocrx_word' id='word_1_406' title='bbox 598 1711 766 1747; x_wconf 91' lang='lat' dir='ltr'><strong>symbolum.</strong></span> <span class='ocrx_word' id='word_1_407' title='bbox 786 1713 932 1748; x_wconf 85' lang='lat' dir='ltr'><strong>Propterea</strong></span> <span class='ocrx_word' id='word_1_408' title='bbox 951 1712 1017 1740; x_wconf 86' lang='lat' dir='ltr'><strong>dicit</strong></span> <span class='ocrx_word' id='word_1_409' title='bbox 1035 1723 1040 1741; x_wconf 89' lang='lat'>:</span> 
     </span>
    </p>
   </div>
   <div class='ocr_carea' id='block_1_56' title="bbox 248 1754 1042 1792">
    <p class='ocr_par' dir='ltr' id='par_1_56' title="bbox 248 1754 1042 1792">
     <span class='ocr_line' id='line_1_56' title="bbox 248 1754 1042 1792; baseline 0.003 -9"><span class='ocrx_word' id='word_1_410' title='bbox 248 1767 261 1780; x_wconf 73' lang='grc' dir='ltr'>αι</span> <span class='ocrx_word' id='word_1_411' title='bbox 277 1754 425 1790; x_wconf 87' lang='lat' dir='ltr'><strong>Quomodo</strong></span> <span class='ocrx_word' id='word_1_412' title='bbox 437 1759 534 1784; x_wconf 82' lang='lat' dir='ltr'><strong>exacto</strong></span> <span class='ocrx_word' id='word_1_413' title='bbox 547 1755 693 1784; x_wconf 84' lang='lat' dir='ltr'><strong>ambuletis</strong></span> <span class='ocrx_word' id='word_1_414' title='bbox 707 1754 731 1783; x_wconf 74' lang='grc' dir='ltr'><strong>τι.</strong></span> <span class='ocrx_word' id='word_1_415' title='bbox 750 1766 763 1780; x_wconf 73' lang='grc' dir='ltr'><strong><em>ι</em></strong></span> <span class='ocrx_word' id='word_1_416' title='bbox 775 1757 939 1792; x_wconf 73' lang='lat' dir='ltr'><strong>Prazparatio</strong></span> <span class='ocrx_word' id='word_1_417' title='bbox 951 1761 1042 1785; x_wconf 87' lang='lat' dir='ltr'><strong>autem</strong></span> 
     </span>
    </p>
   </div>
   <div class='ocr_carea' id='block_1_57' title="bbox 247 1800 1043 1837">
    <p class='ocr_par' dir='ltr' id='par_1_57' title="bbox 247 1800 1043 1837">
     <span class='ocr_line' id='line_1_57' title="bbox 247 1800 1043 1837; baseline 0.003 -9"><span class='ocrx_word' id='word_1_418' title='bbox 247 1800 385 1837; x_wconf 81' lang='lat' dir='ltr'><strong>Evangelii</strong></span> <span class='ocrx_word' id='word_1_419' title='bbox 408 1804 474 1828; x_wconf 87' lang='lat' dir='ltr'><strong>sunt</strong></span> <span class='ocrx_word' id='word_1_420' title='bbox 493 1808 578 1836; x_wconf 89' lang='lat' dir='ltr'><strong>opera</strong></span> <span class='ocrx_word' id='word_1_421' title='bbox 603 1800 674 1828; x_wconf 92' lang='lat' dir='ltr'><strong>bona</strong></span> <span class='ocrx_word' id='word_1_422' title='bbox 698 1800 798 1836; x_wconf 90' lang='lat' dir='ltr'><strong>quibus</strong></span> <span class='ocrx_word' id='word_1_423' title='bbox 823 1801 881 1836; x_wconf 90' lang='lat' dir='ltr'><strong>ipse</strong></span> <span class='ocrx_word' id='word_1_424' title='bbox 905 1802 1043 1830; x_wconf 88' lang='lat' dir='ltr'><strong>Dominus</strong></span> 
     </span>
    </p>
   </div>
   <div class='ocr_carea' id='block_1_58' title="bbox 245 1845 1041 1882">
    <p class='ocr_par' dir='ltr' id='par_1_58' title="bbox 245 1845 1041 1882">
     <span class='ocr_line' id='line_1_58' title="bbox 245 1845 1041 1882; baseline 0 -9"><span class='ocrx_word' id='word_1_425' title='bbox 245 1845 369 1880; x_wconf 90' lang='lat' dir='ltr'><strong>attendit,</strong></span> <span class='ocrx_word' id='word_1_426' title='bbox 392 1845 430 1873; x_wconf 83' lang='lat' dir='ltr'><strong>uti</strong></span> <span class='ocrx_word' id='word_1_427' title='bbox 445 1845 549 1873; x_wconf 92' lang='lat' dir='ltr'><strong>dictum</strong></span> <span class='ocrx_word' id='word_1_428' title='bbox 574 1849 616 1873; x_wconf 87' lang='lat' dir='ltr'><strong>est</strong></span> <span class='ocrx_word' id='word_1_429' title='bbox 637 1855 644 1873; x_wconf 88' lang='lat'>:</span> <span class='ocrx_word' id='word_1_430' title='bbox 668 1857 682 1870; x_wconf 72' lang='grc' dir='ltr'><strong>ι</strong></span> <span class='ocrx_word' id='word_1_431' title='bbox 705 1846 938 1882; x_wconf 67' lang='lat' dir='ltr'><strong>Praeparationem</strong></span> <span class='ocrx_word' id='word_1_432' title='bbox 952 1846 1041 1875; x_wconf 84' lang='lat' dir='ltr'><strong>cordis</strong></span> 
     </span>
    </p>
   </div>
   <div class='ocr_carea' id='block_1_59' title="bbox 246 1890 1040 1927">
    <p class='ocr_par' dir='ltr' id='par_1_59' title="bbox 246 1890 1040 1927">
     <span class='ocr_line' id='line_1_59' title="bbox 246 1890 1040 1927; baseline 0.001 -9"><span class='ocrx_word' id='word_1_433' title='bbox 246 1891 371 1927; x_wconf 89' lang='lat' dir='ltr'><strong>ipsorum</strong></span> <span class='ocrx_word' id='word_1_434' title='bbox 384 1890 490 1919; x_wconf 83' lang='lat' dir='ltr'><strong>audivit</strong></span> <span class='ocrx_word' id='word_1_435' title='bbox 504 1890 577 1918; x_wconf 89' lang='lat' dir='ltr'><strong>auris</strong></span> <span class='ocrx_word' id='word_1_436' title='bbox 591 1894 637 1918; x_wconf 90' lang='lat' dir='ltr'><strong>tua</strong></span> <span class='ocrx_word' id='word_1_437' title='bbox 650 1891 672 1919; x_wconf 68' lang='grc'><strong>⁸.</strong></span> <span class='ocrx_word' id='word_1_438' title='bbox 689 1902 702 1914; x_wconf 75' lang='grc' dir='ltr'>ι»</span> <span class='ocrx_word' id='word_1_439' title='bbox 720 1891 950 1919; x_wconf 64' lang='grc' dir='ltr'><strong>ΡτᾶεοῙίιτθθυῖοηι</strong></span> <span class='ocrx_word' id='word_1_440' title='bbox 961 1891 1040 1925; x_wconf 82' lang='lat' dir='ltr'><strong>dixit,</strong></span> 
     </span>
    </p>
   </div>
   <div class='ocr_carea' id='block_1_60' title="bbox 248 1934 1039 1972">
    <p class='ocr_par' dir='ltr' id='par_1_60' title="bbox 248 1934 1039 1972">
     <span class='ocr_line' id='line_1_60' title="bbox 248 1934 1039 1972; baseline 0 -9"><span class='ocrx_word' id='word_1_441' title='bbox 248 1936 356 1971; x_wconf 83' lang='lat' dir='ltr'><strong>«pacis.</strong></span> <span class='ocrx_word' id='word_1_442' title='bbox 373 1947 386 1959; x_wconf 77' lang='grc' dir='ltr'>ι»</span> <span class='ocrx_word' id='word_1_443' title='bbox 400 1934 634 1970; x_wconf 86' lang='lat' dir='ltr'><strong>Quandoquidem</strong></span> <span class='ocrx_word' id='word_1_444' title='bbox 642 1935 717 1962; x_wconf 90' lang='lat' dir='ltr'><strong>enim</strong></span> <span class='ocrx_word' id='word_1_445' title='bbox 727 1934 789 1962; x_wconf 88' lang='lat' dir='ltr'><strong>belli</strong></span> <span class='ocrx_word' id='word_1_446' title='bbox 801 1935 1039 1972; x_wconf 52' lang='lat' dir='ltr'><strong>pugnmqnekﬂl</strong></span> 
     </span>
    </p>
   </div>
   <div class='ocr_carea' id='block_1_61' title="bbox 246 1979 1042 2015">
    <p class='ocr_par' dir='ltr' id='par_1_61' title="bbox 246 1979 1042 2015">
     <span class='ocr_line' id='line_1_61' title="bbox 246 1979 1042 2015; baseline 0 -7"><span class='ocrx_word' id='word_1_447' title='bbox 246 1979 577 2015; x_wconf 82' lang='lat' dir='ltr'><strong>meminit,ostenditquod</strong></span> <span class='ocrx_word' id='word_1_448' title='bbox 582 1979 857 2007; x_wconf 72' lang='lat' dir='ltr'><strong>adversusdaamones</strong></span> <span class='ocrx_word' id='word_1_449' title='bbox 865 1980 1042 2015; x_wconf 86' lang='lat' dir='ltr'><strong>pugnandum</strong></span> 
     </span>
    </p>
   </div>
   <div class='ocr_carea' id='block_1_62' title="bbox 245 2024 1041 2060">
    <p class='ocr_par' dir='ltr' id='par_1_62' title="bbox 245 2024 1041 2060">
     <span class='ocr_line' id='line_1_62' title="bbox 245 2024 1041 2060; baseline 0 -8"><span class='ocrx_word' id='word_1_450' title='bbox 245 2025 291 2059; x_wconf 87' lang='lat' dir='ltr'><strong>sit,</strong></span> <span class='ocrx_word' id='word_1_451' title='bbox 304 2032 360 2052; x_wconf 90' lang='lat' dir='ltr'><strong>non</strong></span> <span class='ocrx_word' id='word_1_452' title='bbox 379 2024 508 2052; x_wconf 87' lang='lat' dir='ltr'><strong>adversus</strong></span> <span class='ocrx_word' id='word_1_453' title='bbox 524 2024 650 2052; x_wconf 87' lang='lat' dir='ltr'><strong>homines</strong></span> <span class='ocrx_word' id='word_1_454' title='bbox 665 2033 672 2051; x_wconf 91' lang='lat'><strong>:</strong></span> <span class='ocrx_word' id='word_1_455' title='bbox 690 2024 764 2060; x_wconf 87' lang='lat' dir='ltr'><strong>pacis</strong></span> <span class='ocrx_word' id='word_1_456' title='bbox 777 2025 850 2052; x_wconf 90' lang='lat' dir='ltr'><strong>enim</strong></span> <span class='ocrx_word' id='word_1_457' title='bbox 867 2029 908 2053; x_wconf 89' lang='lat' dir='ltr'><strong>est</strong></span> <span class='ocrx_word' id='word_1_458' title='bbox 920 2026 1041 2060; x_wconf 86' lang='lat' dir='ltr'><strong>Evange-</strong></span> 
     </span>
    </p>
   </div>
   <div class='ocr_carea' id='block_1_63' title="bbox 247 2068 1038 2105">
    <p class='ocr_par' dir='ltr' id='par_1_63' title="bbox 247 2068 1038 2105">
     <span class='ocr_line' id='line_1_63' title="bbox 247 2068 1038 2105; baseline 0 -8"><span class='ocrx_word' id='word_1_459' title='bbox 247 2069 313 2097; x_wconf 91' lang='lat' dir='ltr'><strong>lium</strong></span> <span class='ocrx_word' id='word_1_460' title='bbox 330 2078 336 2096; x_wconf 86' lang='lat'><strong>:</strong></span> <span class='ocrx_word' id='word_1_461' title='bbox 355 2072 384 2096; x_wconf 89' lang='lat' dir='ltr'><strong>et</strong></span> <span class='ocrx_word' id='word_1_462' title='bbox 401 2069 476 2104; x_wconf 87' lang='lat' dir='ltr'><strong>quod</strong></span> <span class='ocrx_word' id='word_1_463' title='bbox 497 2069 518 2096; x_wconf 90' lang='lat' dir='ltr'><strong>si</strong></span> <span class='ocrx_word' id='word_1_464' title='bbox 536 2073 631 2096; x_wconf 90' lang='lat' dir='ltr'><strong>contra</strong></span> <span class='ocrx_word' id='word_1_465' title='bbox 649 2068 788 2097; x_wconf 74' lang='lat' dir='ltr'><strong>daemones</strong></span> <span class='ocrx_word' id='word_1_466' title='bbox 812 2077 977 2105; x_wconf 83' lang='lat' dir='ltr'><strong>pugnemus,</strong></span> <span class='ocrx_word' id='word_1_467' title='bbox 994 2078 1038 2105; x_wconf 90' lang='lat' dir='ltr'><strong>pa-</strong></span> 
     </span>
    </p>
   </div>
   <div class='ocr_carea' id='block_1_64' title="bbox 246 2113 1038 2150">
    <p class='ocr_par' dir='ltr' id='par_1_64' title="bbox 246 2113 1038 2150">
     <span class='ocr_line' id='line_1_64' title="bbox 246 2113 1038 2150; baseline 0.001 -9"><span class='ocrx_word' id='word_1_468' title='bbox 246 2121 305 2142; x_wconf 87' lang='lat' dir='ltr'><strong>cem</strong></span> <span class='ocrx_word' id='word_1_469' title='bbox 325 2113 459 2141; x_wconf 88' lang='lat' dir='ltr'><strong>habemus</strong></span> <span class='ocrx_word' id='word_1_470' title='bbox 487 2114 560 2149; x_wconf 86' lang='lat' dir='ltr'><strong>apud</strong></span> <span class='ocrx_word' id='word_1_471' title='bbox 587 2115 686 2148; x_wconf 84' lang='lat' dir='ltr'><strong>Deum,</strong></span> <span class='ocrx_word' id='word_1_472' title='bbox 715 2113 847 2142; x_wconf 86' lang='lat' dir='ltr'><strong>adversus</strong></span> <span class='ocrx_word' id='word_1_473' title='bbox 878 2122 961 2150; x_wconf 90' lang='lat' dir='ltr'><strong>quem</strong></span> <span class='ocrx_word' id='word_1_474' title='bbox 983 2122 1038 2142; x_wconf 92' lang='lat' dir='ltr'><strong>non</strong></span> 
     </span>
    </p>
   </div>
   <div class='ocr_carea' id='block_1_65' title="bbox 246 2157 1036 2195">
    <p class='ocr_par' dir='ltr' id='par_1_65' title="bbox 246 2157 1036 2195">
     <span class='ocr_line' id='line_1_65' title="bbox 246 2157 1036 2195; baseline -0.001 -9"><span class='ocrx_word' id='word_1_475' title='bbox 246 2162 355 2195; x_wconf 89' lang='lat' dir='ltr'><strong>oportet</strong></span> <span class='ocrx_word' id='word_1_476' title='bbox 372 2166 422 2186; x_wconf 89' lang='lat' dir='ltr'><strong>nos</strong></span> <span class='ocrx_word' id='word_1_477' title='bbox 446 2157 537 2186; x_wconf 88' lang='lat' dir='ltr'><strong>denuo</strong></span> <span class='ocrx_word' id='word_1_478' title='bbox 558 2158 708 2186; x_wconf 86' lang='lat' dir='ltr'><strong>conﬂictari</strong></span> <span class='ocrx_word' id='word_1_479' title='bbox 730 2158 905 2187; x_wconf 86' lang='lat' dir='ltr'><strong>dissolvendo</strong></span> <span class='ocrx_word' id='word_1_480' title='bbox 931 2166 1036 2194; x_wconf 88' lang='lat' dir='ltr'><strong>pacem.</strong></span> 
     </span>
    </p>
   </div>
   <div class='ocr_carea' id='block_1_66' title="bbox 246 2203 1038 2240">
    <p class='ocr_par' dir='ltr' id='par_1_66' title="bbox 246 2203 1038 2240">
     <span class='ocr_line' id='line_1_66' title="bbox 246 2203 1038 2240; baseline 0.001 -8"><span class='ocrx_word' id='word_1_481' title='bbox 246 2206 332 2233; x_wconf 89' lang='lat' dir='ltr'><strong>Porro</strong></span> <span class='ocrx_word' id='word_1_482' title='bbox 350 2203 446 2232; x_wconf 71' lang='lat' dir='ltr'><strong>laetum</strong></span> <span class='ocrx_word' id='word_1_483' title='bbox 466 2204 593 2232; x_wconf 92' lang='lat' dir='ltr'><strong>nuntium</strong></span> <span class='ocrx_word' id='word_1_484' title='bbox 613 2208 665 2238; x_wconf 85' lang='lat' dir='ltr'><strong>est,</strong></span> <span class='ocrx_word' id='word_1_485' title='bbox 680 2203 794 2231; x_wconf 88' lang='lat' dir='ltr'><strong>victoria</strong></span> <span class='ocrx_word' id='word_1_486' title='bbox 806 2203 865 2239; x_wconf 82' lang='lat' dir='ltr'><strong>jam</strong></span> <span class='ocrx_word' id='word_1_487' title='bbox 880 2208 956 2240; x_wconf 89' lang='lat' dir='ltr'><strong>parta</strong></span> <span class='ocrx_word' id='word_1_488' title='bbox 976 2209 1038 2233; x_wconf 90' lang='lat' dir='ltr'><strong>est:</strong></span> 
     </span>
    </p>
   </div>
   <div class='ocr_carea' id='block_1_67' title="bbox 244 2249 558 2285">
    <p class='ocr_par' dir='ltr' id='par_1_67' title="bbox 244 2249 558 2285">
     <span class='ocr_line' id='line_1_67' title="bbox 244 2249 558 2285; baseline 0 -8"><span class='ocrx_word' id='word_1_489' title='bbox 244 2257 278 2278; x_wconf 92' lang='lat' dir='ltr'><strong>ne</strong></span> <span class='ocrx_word' id='word_1_490' title='bbox 293 2249 378 2285; x_wconf 86' lang='lat' dir='ltr'><strong>igitur</strong></span> <span class='ocrx_word' id='word_1_491' title='bbox 388 2253 558 2277; x_wconf 87' lang='lat' dir='ltr'><strong>metuamus.</strong></span> 
     </span>
    </p>
   </div>
   <div class='ocr_carea' id='block_1_68' title="bbox 281 2293 1037 2322">
    <p class='ocr_par' dir='ltr' id='par_1_68' title="bbox 281 2293 1037 2322">
     <span class='ocr_line' id='line_1_68' title="bbox 281 2293 1037 2322; baseline -0.005 0"><span class='ocrx_word' id='word_1_492' title='bbox 281 2295 423 2322; x_wconf 75' lang='lat' dir='ltr'><strong>Vens.16.</strong></span> <span class='ocrx_word' id='word_1_493' title='bbox 435 2295 487 2322; x_wconf 70' lang='lat' dir='ltr'><strong>«In</strong></span> <span class='ocrx_word' id='word_1_494' title='bbox 493 2293 624 2322; x_wconf 87' lang='lat' dir='ltr'><strong>omnibus</strong></span> <span class='ocrx_word' id='word_1_495' title='bbox 631 2297 802 2322; x_wconf 89' lang='lat' dir='ltr'><strong>assumentes</strong></span> <span class='ocrx_word' id='word_1_496' title='bbox 814 2297 924 2322; x_wconf 87' lang='lat' dir='ltr'><strong>scutum</strong></span> <span class='ocrx_word' id='word_1_497' title='bbox 936 2293 1008 2322; x_wconf 85' lang='lat' dir='ltr'><strong>ﬁdei.</strong></span> <span class='ocrx_word' id='word_1_498' title='bbox 1024 2304 1037 2320; x_wconf 70' lang='lat' dir='ltr'><strong>n</strong></span> 
     </span>
    </p>
   </div>
   <div class='ocr_carea' id='block_1_69' title="bbox 247 2338 1040 2375">
    <p class='ocr_par' dir='ltr' id='par_1_69' title="bbox 247 2338 1040 2375">
     <span class='ocr_line' id='line_1_69' title="bbox 247 2338 1040 2375; baseline 0 -9"><span class='ocrx_word' id='word_1_499' title='bbox 247 2339 307 2366; x_wconf 84' lang='lat' dir='ltr'><strong>Hoc</strong></span> <span class='ocrx_word' id='word_1_500' title='bbox 329 2342 370 2367; x_wconf 93' lang='lat' dir='ltr'><strong>est</strong></span> <span class='ocrx_word' id='word_1_501' title='bbox 394 2349 408 2362; x_wconf 79' lang='grc' dir='ltr'>α</span> <span class='ocrx_word' id='word_1_502' title='bbox 431 2340 462 2366; x_wconf 86' lang='lat' dir='ltr'><strong>In</strong></span> <span class='ocrx_word' id='word_1_503' title='bbox 483 2338 623 2372; x_wconf 82' lang='lat' dir='ltr'><strong>omnibus,</strong></span> <span class='ocrx_word' id='word_1_504' title='bbox 642 2349 655 2363; x_wconf 73' lang='grc' dir='ltr'>ι»</span> <span class='ocrx_word' id='word_1_505' title='bbox 668 2346 769 2375; x_wconf 89' lang='lat' dir='ltr'><strong>nempe</strong></span> <span class='ocrx_word' id='word_1_506' title='bbox 788 2346 849 2374; x_wconf 86' lang='lat' dir='ltr'><strong>pro,</strong></span> <span class='ocrx_word' id='word_1_507' title='bbox 865 2339 893 2366; x_wconf 91' lang='lat' dir='ltr'><strong>in</strong></span> <span class='ocrx_word' id='word_1_508' title='bbox 917 2338 1040 2372; x_wconf 85' lang='lat' dir='ltr'><strong>veritate,</strong></span> 
     </span>
    </p>
   </div>
   <div class='ocr_carea' id='block_1_70' title="bbox 246 2382 1041 2420">
    <p class='ocr_par' dir='ltr' id='par_1_70' title="bbox 246 2382 1041 2420">
     <span class='ocr_line' id='line_1_70' title="bbox 246 2382 1041 2420; baseline -0.001 -9"><span class='ocrx_word' id='word_1_509' title='bbox 246 2382 347 2418; x_wconf 86' lang='lat' dir='ltr'><strong>iustitia</strong></span> <span class='ocrx_word' id='word_1_510' title='bbox 367 2386 397 2411; x_wconf 89' lang='lat' dir='ltr'><strong>et</strong></span> <span class='ocrx_word' id='word_1_511' title='bbox 411 2383 608 2418; x_wconf 72' lang='lat' dir='ltr'><strong>praeparatione</strong></span> <span class='ocrx_word' id='word_1_512' title='bbox 618 2383 755 2420; x_wconf 86' lang='lat' dir='ltr'><strong>Evangelii</strong></span> <span class='ocrx_word' id='word_1_513' title='bbox 770 2393 776 2411; x_wconf 95' lang='lat'>:</span> <span class='ocrx_word' id='word_1_514' title='bbox 794 2383 853 2412; x_wconf 65' lang='lat' dir='ltr'><strong>haec</strong></span> <span class='ocrx_word' id='word_1_515' title='bbox 861 2383 934 2411; x_wconf 90' lang='lat' dir='ltr'><strong>enim</strong></span> <span class='ocrx_word' id='word_1_516' title='bbox 948 2383 1041 2411; x_wconf 90' lang='lat' dir='ltr'><strong>omnia</strong></span> 
     </span>
    </p>
   </div>
   <div class='ocr_carea' id='block_1_71' title="bbox 247 2427 1043 2465">
    <p class='ocr_par' dir='ltr' id='par_1_71' title="bbox 247 2427 1043 2465">
     <span class='ocr_line' id='line_1_71' title="bbox 247 2427 1043 2465; baseline 0 -10"><span class='ocrx_word' id='word_1_517' title='bbox 247 2427 300 2455; x_wconf 85' lang='lat' dir='ltr'><strong>ﬁde</strong></span> <span class='ocrx_word' id='word_1_518' title='bbox 312 2427 443 2462; x_wconf 86' lang='lat' dir='ltr'><strong>indigent.</strong></span> <span class='ocrx_word' id='word_1_519' title='bbox 464 2429 526 2455; x_wconf 88' lang='lat' dir='ltr'><strong>Non</strong></span> <span class='ocrx_word' id='word_1_520' title='bbox 544 2432 638 2456; x_wconf 83' lang='lat' dir='ltr'><strong>autem</strong></span> <span class='ocrx_word' id='word_1_521' title='bbox 660 2428 705 2456; x_wconf 88' lang='lat' dir='ltr'><strong>hic</strong></span> <span class='ocrx_word' id='word_1_522' title='bbox 720 2436 790 2456; x_wconf 68' lang='lat' dir='ltr'><strong>verae</strong></span> <span class='ocrx_word' id='word_1_523' title='bbox 809 2428 950 2465; x_wconf 85' lang='lat' dir='ltr'><strong>religionis</strong></span> <span class='ocrx_word' id='word_1_524' title='bbox 966 2428 1043 2464; x_wconf 87' lang='lat' dir='ltr'><strong>agni-</strong></span> 
     </span>
    </p>
   </div>
   <div class='ocr_carea' id='block_1_72' title="bbox 245 2471 1046 2509">
    <p class='ocr_par' dir='ltr' id='par_1_72' title="bbox 245 2471 1046 2509">
     <span class='ocr_line' id='line_1_72' title="bbox 245 2471 1046 2509; baseline 0.001 -10"><span class='ocrx_word' id='word_1_525' title='bbox 245 2472 350 2500; x_wconf 89' lang='lat' dir='ltr'><strong>tionem</strong></span> <span class='ocrx_word' id='word_1_526' title='bbox 364 2471 450 2500; x_wconf 84' lang='lat' dir='ltr'><strong>ﬁdem</strong></span> <span class='ocrx_word' id='word_1_527' title='bbox 463 2472 542 2505; x_wconf 87' lang='lat' dir='ltr'><strong>dicit,</strong></span> <span class='ocrx_word' id='word_1_528' title='bbox 558 2473 605 2501; x_wconf 88' lang='lat' dir='ltr'><strong>sed</strong></span> <span class='ocrx_word' id='word_1_529' title='bbox 621 2471 816 2507; x_wconf 86' lang='lat' dir='ltr'><strong>indubitatam,</strong></span> <span class='ocrx_word' id='word_1_530' title='bbox 827 2481 889 2509; x_wconf 70' lang='lat' dir='ltr'><strong>qum</strong></span> <span class='ocrx_word' id='word_1_531' title='bbox 901 2473 936 2501; x_wconf 89' lang='lat' dir='ltr'><strong>de</strong></span> <span class='ocrx_word' id='word_1_532' title='bbox 946 2472 1046 2501; x_wconf 85' lang='lat' dir='ltr'><strong>futuris</strong></span> 
     </span>
    </p>
   </div>
   <div class='ocr_carea' id='block_1_73' title="bbox 244 2516 1042 2553">
    <p class='ocr_par' dir='ltr' id='par_1_73' title="bbox 244 2516 1042 2553">
     <span class='ocr_line' id='line_1_73' title="bbox 244 2516 1042 2553; baseline 0 -8"><span class='ocrx_word' id='word_1_533' title='bbox 244 2517 355 2545; x_wconf 87' lang='lat' dir='ltr'><strong>credere</strong></span> <span class='ocrx_word' id='word_1_534' title='bbox 372 2516 487 2553; x_wconf 86' lang='lat' dir='ltr'><strong>perinde</strong></span> <span class='ocrx_word' id='word_1_535' title='bbox 508 2516 599 2550; x_wconf 85' lang='lat' dir='ltr'><strong>faciat,</strong></span> <span class='ocrx_word' id='word_1_536' title='bbox 628 2521 761 2552; x_wconf 87' lang='lat' dir='ltr'><strong>tanquam</strong></span> <span class='ocrx_word' id='word_1_537' title='bbox 785 2518 840 2545; x_wconf 89' lang='lat' dir='ltr'><strong>sint</strong></span> <span class='ocrx_word' id='word_1_538' title='bbox 861 2518 1005 2553; x_wconf 80' lang='lat' dir='ltr'><strong>przcsentia</strong></span> <span class='ocrx_word' id='word_1_539' title='bbox 1035 2528 1042 2545; x_wconf 87' lang='lat'><strong>:</strong></span> 
     </span>
    </p>
   </div>
   <div class='ocr_carea' id='block_1_74' title="bbox 246 2561 1042 2599">
    <p class='ocr_par' dir='ltr' id='par_1_74' title="bbox 246 2561 1042 2599">
     <span class='ocr_line' id='line_1_74' title="bbox 246 2561 1042 2599; baseline 0 -9"><span class='ocrx_word' id='word_1_540' title='bbox 246 2570 309 2598; x_wconf 67' lang='lat' dir='ltr'><strong>qum</strong></span> <span class='ocrx_word' id='word_1_541' title='bbox 323 2566 351 2590; x_wconf 91' lang='lat' dir='ltr'><strong>et</strong></span> <span class='ocrx_word' id='word_1_542' title='bbox 373 2561 505 2590; x_wconf 90' lang='lat' dir='ltr'><strong>miracula</strong></span> <span class='ocrx_word' id='word_1_543' title='bbox 527 2561 659 2597; x_wconf 82' lang='lat' dir='ltr'><strong>perﬁciat.</strong></span> <span class='ocrx_word' id='word_1_544' title='bbox 683 2569 745 2597; x_wconf 80' lang='lat' dir='ltr'><strong>quae</strong></span> <span class='ocrx_word' id='word_1_545' title='bbox 770 2562 805 2589; x_wconf 88' lang='lat' dir='ltr'><strong>sit</strong></span> <span class='ocrx_word' id='word_1_546' title='bbox 825 2562 893 2590; x_wconf 89' lang='lat' dir='ltr'><strong>adeo</strong></span> <span class='ocrx_word' id='word_1_547' title='bbox 919 2563 1003 2599; x_wconf 84' lang='lat' dir='ltr'><strong>ignita</strong></span> <span class='ocrx_word' id='word_1_548' title='bbox 1015 2568 1042 2591; x_wconf 84' lang='lat' dir='ltr'><strong>et</strong></span> 
     </span>
    </p>
   </div>
   <div class='ocr_carea' id='block_1_75' title="bbox 245 2605 1041 2641">
    <p class='ocr_par' dir='ltr' id='par_1_75' title="bbox 245 2605 1041 2641">
     <span class='ocr_line' id='line_1_75' title="bbox 245 2605 1041 2641; baseline 0 -5"><span class='ocrx_word' id='word_1_549' title='bbox 245 2607 363 2641; x_wconf 74' lang='lat' dir='ltr'><strong>fervida,</strong></span> <span class='ocrx_word' id='word_1_550' title='bbox 383 2611 413 2635; x_wconf 90' lang='lat' dir='ltr'><strong>ut</strong></span> <span class='ocrx_word' id='word_1_551' title='bbox 431 2607 472 2634; x_wconf 91' lang='lat' dir='ltr'><strong>vel</strong></span> <span class='ocrx_word' id='word_1_552' title='bbox 492 2611 600 2635; x_wconf 87' lang='lat' dir='ltr'><strong>montes</strong></span> <span class='ocrx_word' id='word_1_553' title='bbox 624 2605 779 2634; x_wconf 82' lang='lat' dir='ltr'><strong>transferat.</strong></span> <span class='ocrx_word' id='word_1_554' title='bbox 800 2607 1041 2641; x_wconf 87' lang='lat' dir='ltr'><strong>Quemadmodum</strong></span> 
     </span>
    </p>
   </div>
   <div class='ocr_carea' id='block_1_76' title="bbox 244 2651 1040 2689">
    <p class='ocr_par' dir='ltr' id='par_1_76' title="bbox 244 2651 1040 2689">
     <span class='ocr_line' id='line_1_76' title="bbox 244 2651 1040 2689; baseline 0.001 -9"><span class='ocrx_word' id='word_1_555' title='bbox 244 2653 328 2689; x_wconf 90' lang='lat' dir='ltr'><strong>igitur</strong></span> <span class='ocrx_word' id='word_1_556' title='bbox 341 2656 450 2681; x_wconf 90' lang='lat' dir='ltr'><strong>scutum</strong></span> <span class='ocrx_word' id='word_1_557' title='bbox 461 2660 508 2680; x_wconf 91' lang='lat' dir='ltr'><strong>seu</strong></span> <span class='ocrx_word' id='word_1_558' title='bbox 530 2651 641 2688; x_wconf 87' lang='lat' dir='ltr'><strong>clypeus</strong></span> <span class='ocrx_word' id='word_1_559' title='bbox 656 2651 705 2679; x_wconf 86' lang='lat' dir='ltr'><strong>toti</strong></span> <span class='ocrx_word' id='word_1_560' title='bbox 727 2652 836 2687; x_wconf 88' lang='lat' dir='ltr'><strong>corpori</strong></span> <span class='ocrx_word' id='word_1_561' title='bbox 850 2653 1040 2688; x_wconf 61' lang='lat' dir='ltr'><strong>pratenditur,</strong></span> 
     </span>
    </p>
   </div>
   <div class='ocr_carea' id='block_1_77' title="bbox 279 2692 1059 2728">
    <p class='ocr_par' dir='ltr' id='par_1_77' title="bbox 279 2692 1059 2728">
     <span class='ocr_line' id='line_1_77' title="bbox 279 2692 1059 2728; baseline 0 -7"><span class='ocrx_word' id='word_1_562' title='bbox 279 2693 372 2721; x_wconf 60' lang='lat' dir='ltr'><strong>I’Psal.</strong></span> <span class='ocrx_word' id='word_1_563' title='bbox 387 2700 478 2727; x_wconf 81' lang='lat' dir='ltr'><strong>cvm,</strong></span> <span class='ocrx_word' id='word_1_564' title='bbox 493 2695 537 2720; x_wconf 89' lang='grc'><strong>19.</strong></span> <span class='ocrx_word' id='word_1_565' title='bbox 575 2697 585 2710; x_wconf 78' lang='grc' dir='ltr'><strong>ο</strong></span> <span class='ocrx_word' id='word_1_566' title='bbox 606 2693 657 2720; x_wconf 85' lang='lat' dir='ltr'><strong>Isa.</strong></span> <span class='ocrx_word' id='word_1_567' title='bbox 679 2699 746 2727; x_wconf 82' lang='lat' dir='ltr'><strong>LIII,</strong></span> <span class='ocrx_word' id='word_1_568' title='bbox 763 2695 790 2721; x_wconf 92' lang='lat'><strong>7.</strong></span> <span class='ocrx_word' id='word_1_569' title='bbox 828 2692 841 2710; x_wconf 71' lang='grc' dir='ltr'>ά</span> <span class='ocrx_word' id='word_1_570' title='bbox 855 2692 1059 2728; x_wconf 77' lang='lat' dir='ltr'><strong>Ephes.v,15.</strong></span> 
     </span>
    </p>
   </div>
   <div class='ocr_carea' id='block_1_78' title="bbox 1147 1127 1871 1168">
    <p class='ocr_par' dir='ltr' id='par_1_78' title="bbox 1147 1127 1871 1168">
     <span class='ocr_line' id='line_1_78' title="bbox 1147 1127 1871 1168; baseline -0.003 -10"><span class='ocrx_word' id='word_1_571' title='bbox 1147 1141 1161 1158; x_wconf 83' lang='lat'><strong>((</strong></span> <span class='ocrx_word' id='word_1_572' title='bbox 1177 1129 1230 1160; x_wconf 82' lang='grc' dir='ltr'><strong>Καὶ</strong></span> <span class='ocrx_word' id='word_1_573' title='bbox 1246 1129 1418 1168; x_wconf 76' lang='grc' dir='ltr'>ἐνδυσάμενοι</span> <span class='ocrx_word' id='word_1_574' title='bbox 1441 1128 1485 1158; x_wconf 78' lang='grc' dir='ltr'><strong>τὸν</strong></span> <span class='ocrx_word' id='word_1_575' title='bbox 1500 1128 1607 1168; x_wconf 83' lang='grc' dir='ltr'>θώρακα</span> <span class='ocrx_word' id='word_1_576' title='bbox 1621 1129 1672 1163; x_wconf 75' lang='grc' dir='ltr'><strong>τῆς</strong></span> <span class='ocrx_word' id='word_1_577' title='bbox 1690 1127 1854 1163; x_wconf 72' lang='grc' dir='ltr'>δικαιοσύνης.</span> <span class='ocrx_word' id='word_1_578' title='bbox 1865 1140 1871 1150; x_wconf 76' lang='grc' dir='ltr'>τ</span> 
     </span>
    </p>
   </div>
   <div class='ocr_carea' id='block_1_79' title="bbox 1100 1173 1870 1212">
    <p class='ocr_par' dir='ltr' id='par_1_79' title="bbox 1100 1173 1870 1212">
     <span class='ocr_line' id='line_1_79' title="bbox 1100 1173 1870 1212; baseline -0.005 -9"><span class='ocrx_word' id='word_1_579' title='bbox 1100 1173 1276 1210; x_wconf 74' lang='grc' dir='ltr'>Δικαιοσύνην</span> <span class='ocrx_word' id='word_1_580' title='bbox 1314 1175 1426 1203; x_wconf 71' lang='grc' dir='ltr'>ἐνταῦθα</span> <span class='ocrx_word' id='word_1_581' title='bbox 1458 1174 1502 1203; x_wconf 84' lang='grc' dir='ltr'><strong>τὸν</strong></span> <span class='ocrx_word' id='word_1_582' title='bbox 1529 1175 1641 1203; x_wconf 79' lang='grc' dir='ltr'>καθόλου</span> <span class='ocrx_word' id='word_1_583' title='bbox 1683 1174 1806 1212; x_wconf 78' lang='grc' dir='ltr'>ἐνάρετον</span> 
     </span>
    </p>
   </div>
   <div class='ocr_carea' id='block_1_80' title="bbox 1101 1217 1871 1258">
    <p class='ocr_par' dir='ltr' id='par_1_80' title="bbox 1101 1217 1871 1258">
     <span class='ocr_line' id='line_1_80' title="bbox 1101 1217 1871 1258; baseline -0.004 -10"><span class='ocrx_word' id='word_1_584' title='bbox 1101 1219 1179 1258; x_wconf 72' lang='grc' dir='ltr'>φησὶν</span> <span class='ocrx_word' id='word_1_585' title='bbox 1198 1220 1235 1255; x_wconf 72' lang='lat'><strong>39,</strong></span> <span class='ocrx_word' id='word_1_586' title='bbox 1261 1222 1295 1252; x_wconf 78' lang='grc' dir='ltr'>ὡς</span> <span class='ocrx_word' id='word_1_587' title='bbox 1319 1218 1351 1248; x_wconf 78' lang='grc' dir='ltr'><strong>ἂν</strong></span> <span class='ocrx_word' id='word_1_588' title='bbox 1379 1220 1403 1247; x_wconf 79' lang='grc' dir='ltr'>εἷ</span> <span class='ocrx_word' id='word_1_589' title='bbox 1429 1218 1514 1257; x_wconf 79' lang='grc' dir='ltr'>λέγων</span> <span class='ocrx_word' id='word_1_590' title='bbox 1526 1218 1564 1236; x_wconf 79' lang='grc'><strong>⁰⁴¹·</strong></span> <span class='ocrx_word' id='word_1_591' title='bbox 1591 1217 1836 1257; x_wconf 63' lang='grc' dir='ltr'>Ἐνστερνισάμεηι</span> <span class='ocrx_word' id='word_1_592' title='bbox 1853 1229 1871 1244; x_wconf 69' lang='grc' dir='ltr'><strong>τι</strong></span> 
     </span>
    </p>
   </div>
   <div class='ocr_carea' id='block_1_81' title="bbox 1101 1262 1870 1304">
    <p class='ocr_par' dir='ltr' id='par_1_81' title="bbox 1101 1262 1870 1304">
     <span class='ocr_line' id='line_1_81' title="bbox 1101 1262 1870 1304; baseline -0.004 -12"><span class='ocrx_word' id='word_1_593' title='bbox 1101 1263 1189 1292; x_wconf 77' lang='grc' dir='ltr'>δίκαια</span> <span class='ocrx_word' id='word_1_594' title='bbox 1211 1264 1368 1304; x_wconf 85' lang='grc' dir='ltr'>πράγματα.</span> <span class='ocrx_word' id='word_1_595' title='bbox 1392 1262 1442 1296; x_wconf 68' lang='grc' dir='ltr'>Ὠς</span> <span class='ocrx_word' id='word_1_596' title='bbox 1468 1262 1519 1302; x_wconf 83' lang='grc' dir='ltr'><strong>γὰρ</strong></span> <span class='ocrx_word' id='word_1_597' title='bbox 1542 1264 1556 1291; x_wconf 78' lang='grc' dir='ltr'>ὁ</span> <span class='ocrx_word' id='word_1_598' title='bbox 1573 1262 1660 1301; x_wconf 78' lang='grc' dir='ltr'>θώραξ</span> <span class='ocrx_word' id='word_1_599' title='bbox 1693 1264 1810 1301; x_wconf 70' lang='grc' dir='ltr'>ἄτρωτον</span> <span class='ocrx_word' id='word_1_600' title='bbox 1823 1265 1870 1295; x_wconf 70' lang='lat' dir='ltr'><strong>-.-r_;:l</strong></span> 
     </span>
    </p>
   </div>
   <div class='ocr_carea' id='block_1_82' title="bbox 1100 1306 1869 1348">
    <p class='ocr_par' dir='ltr' id='par_1_82' title="bbox 1100 1306 1869 1348">
     <span class='ocr_line' id='line_1_82' title="bbox 1100 1306 1869 1348; baseline -0.004 -11"><span class='ocrx_word' id='word_1_601' title='bbox 1100 1309 1144 1337; x_wconf 70' lang='grc' dir='ltr'><strong>τὸν</strong></span> <span class='ocrx_word' id='word_1_602' title='bbox 1159 1308 1296 1348; x_wconf 76' lang='grc' dir='ltr'>ἄνθρωπον</span> <span class='ocrx_word' id='word_1_603' title='bbox 1307 1331 1316 1348; x_wconf 93' lang='grc'><strong>,</strong></span> <span class='ocrx_word' id='word_1_604' title='bbox 1332 1307 1402 1338; x_wconf 74' lang='grc' dir='ltr'>οὕτω</span> <span class='ocrx_word' id='word_1_605' title='bbox 1414 1307 1460 1337; x_wconf 79' lang='grc' dir='ltr'>καὶ</span> <span class='ocrx_word' id='word_1_606' title='bbox 1482 1307 1512 1336; x_wconf 84' lang='grc' dir='ltr'><strong>τὸ</strong></span> <span class='ocrx_word' id='word_1_607' title='bbox 1528 1306 1630 1336; x_wconf 78' lang='grc' dir='ltr'>δίκαιον</span> <span class='ocrx_word' id='word_1_608' title='bbox 1644 1307 1693 1336; x_wconf 85' lang='grc' dir='ltr'><strong>τὸν</strong></span> <span class='ocrx_word' id='word_1_609' title='bbox 1705 1311 1783 1336; x_wconf 66' lang='grc' dir='ltr'>τοῦτο</span> <span class='ocrx_word' id='word_1_610' title='bbox 1793 1308 1869 1342; x_wconf 64' lang='lat' dir='ltr'><strong>Eum;-</strong></span> 
     </span>
    </p>
   </div>
   <div class='ocr_carea' id='block_1_83' title="bbox 1099 1353 1251 1391">
    <p class='ocr_par' dir='ltr' id='par_1_83' title="bbox 1099 1353 1251 1391">
     <span class='ocr_line' id='line_1_83' title="bbox 1099 1353 1251 1391; baseline 0 -9"><span class='ocrx_word' id='word_1_611' title='bbox 1099 1353 1251 1391; x_wconf 61' lang='grc' dir='ltr'>νισόμενον.</span> 
     </span>
    </p>
   </div>
   <div class='ocr_carea' id='block_1_84' title="bbox 1143 1396 1871 1436">
    <p class='ocr_par' dir='ltr' id='par_1_84' title="bbox 1143 1396 1871 1436">
     <span class='ocr_line' id='line_1_84' title="bbox 1143 1396 1871 1436; baseline -0.004 -9"><span class='ocrx_word' id='word_1_612' title='bbox 1143 1410 1157 1427; x_wconf 76' lang='grc' dir='ltr'>(ι</span> <span class='ocrx_word' id='word_1_613' title='bbox 1172 1397 1227 1428; x_wconf 83' lang='grc' dir='ltr'><strong>Καὶ</strong></span> <span class='ocrx_word' id='word_1_614' title='bbox 1243 1397 1439 1436; x_wconf 76' lang='grc' dir='ltr'>ὑποδησάμενοι</span> <span class='ocrx_word' id='word_1_615' title='bbox 1459 1396 1519 1430; x_wconf 79' lang='grc' dir='ltr'>τοὺς</span> <span class='ocrx_word' id='word_1_616' title='bbox 1540 1396 1625 1430; x_wconf 82' lang='grc' dir='ltr'>πόδας</span> <span class='ocrx_word' id='word_1_617' title='bbox 1640 1397 1669 1426; x_wconf 76' lang='grc' dir='ltr'><strong>ἐν</strong></span> <span class='ocrx_word' id='word_1_618' title='bbox 1697 1396 1833 1435; x_wconf 58' lang='grc' dir='ltr'>ἑτοιμασίᾳ</span> <span class='ocrx_word' id='word_1_619' title='bbox 1845 1399 1871 1423; x_wconf 56' lang='lat' dir='ltr'><strong>vi.</strong></span> 
     </span>
    </p>
   </div>
   <div class='ocr_carea' id='block_1_85' title="bbox 1098 1441 1881 1482">
    <p class='ocr_par' dir='ltr' id='par_1_85' title="bbox 1098 1441 1881 1482">
     <span class='ocr_line' id='line_1_85' title="bbox 1098 1441 1881 1482; baseline -0.004 -10"><span class='ocrx_word' id='word_1_620' title='bbox 1098 1442 1262 1481; x_wconf 75' lang='grc' dir='ltr'>Εὖαγγελίου</span> <span class='ocrx_word' id='word_1_621' title='bbox 1289 1444 1335 1476; x_wconf 82' lang='grc' dir='ltr'><strong>τῆς</strong></span> <span class='ocrx_word' id='word_1_622' title='bbox 1359 1441 1475 1482; x_wconf 77' lang='grc' dir='ltr'>εἰρήνης.</span> <span class='ocrx_word' id='word_1_623' title='bbox 1501 1455 1514 1467; x_wconf 75' lang='grc'><strong>1</strong></span> <span class='ocrx_word' id='word_1_624' title='bbox 1544 1442 1641 1474; x_wconf 77' lang='grc' dir='ltr'>Καλῶς</span> <span class='ocrx_word' id='word_1_625' title='bbox 1677 1442 1810 1479; x_wconf 73' lang='grc' dir='ltr'>κνημῖδας</span> <span class='ocrx_word' id='word_1_626' title='bbox 1831 1444 1881 1480; x_wconf 30' lang='lat' dir='ltr'><strong>iac</strong></span> 
     </span>
    </p>
   </div>
   <div class='ocr_carea' id='block_1_86' title="bbox 1097 1485 1881 1527">
    <p class='ocr_par' dir='ltr' id='par_1_86' title="bbox 1097 1485 1881 1527">
     <span class='ocr_line' id='line_1_86' title="bbox 1097 1485 1881 1527; baseline -0.004 -10"><span class='ocrx_word' id='word_1_627' title='bbox 1097 1488 1260 1527; x_wconf 74' lang='grc' dir='ltr'>περιτίθησιν</span> <span class='ocrx_word' id='word_1_628' title='bbox 1273 1487 1309 1517; x_wconf 72' lang='lat'><strong>9‘.</strong></span> <span class='ocrx_word' id='word_1_629' title='bbox 1326 1485 1364 1516; x_wconf 46' lang='lat' dir='ltr'><strong>‘H</strong></span> <span class='ocrx_word' id='word_1_630' title='bbox 1382 1489 1459 1515; x_wconf 69' lang='grc' dir='ltr'>τοῦτο</span> <span class='ocrx_word' id='word_1_631' title='bbox 1472 1490 1534 1525; x_wconf 75' lang='grc' dir='ltr'>γοῦν</span> <span class='ocrx_word' id='word_1_632' title='bbox 1547 1497 1643 1526; x_wconf 67' lang='grc' dir='ltr'>φησιν,</span> <span class='ocrx_word' id='word_1_633' title='bbox 1667 1486 1710 1515; x_wconf 74' lang='grc' dir='ltr'><strong>ὅτι</strong></span> <span class='ocrx_word' id='word_1_634' title='bbox 1725 1487 1766 1515; x_wconf 80' lang='grc' dir='ltr'><strong>δεῖ</strong></span> <span class='ocrx_word' id='word_1_635' title='bbox 1783 1486 1881 1522; x_wconf 43' lang='grc' dir='ltr'>ἑτοίμα(</span> 
     </span>
    </p>
   </div>
   <div class='ocr_carea' id='block_1_87' title="bbox 1097 1527 1869 1572">
    <p class='ocr_par' dir='ltr' id='par_1_87' title="bbox 1097 1527 1869 1572">
     <span class='ocr_line' id='line_1_87' title="bbox 1097 1527 1869 1572; baseline -0.006 -11"><span class='ocrx_word' id='word_1_636' title='bbox 1097 1527 1164 1561; x_wconf 68' lang='grc' dir='ltr'>εἶναι</span> <span class='ocrx_word' id='word_1_637' title='bbox 1209 1531 1274 1572; x_wconf 82' lang='grc' dir='ltr'>πρὸς</span> <span class='ocrx_word' id='word_1_638' title='bbox 1317 1531 1348 1561; x_wconf 79' lang='grc' dir='ltr'><strong>τὸ</strong></span> <span class='ocrx_word' id='word_1_639' title='bbox 1398 1530 1613 1570; x_wconf 80' lang='grc' dir='ltr'>εὐαγγελίζεσθαι</span> <span class='ocrx_word' id='word_1_640' title='bbox 1650 1530 1698 1559; x_wconf 85' lang='grc' dir='ltr'><strong>καὶ</strong></span> <span class='ocrx_word' id='word_1_641' title='bbox 1745 1530 1869 1571; x_wconf 70' lang='grc' dir='ltr'>κηρύσσει..</span> 
     </span>
    </p>
   </div>
   <div class='ocr_carea' id='block_1_88' title="bbox 1098 1575 1871 1616">
    <p class='ocr_par' dir='ltr' id='par_1_88' title="bbox 1098 1575 1871 1616">
     <span class='ocr_line' id='line_1_88' title="bbox 1098 1575 1871 1616; baseline -0.005 -10"><span class='ocrx_word' id='word_1_642' title='bbox 1098 1591 1109 1603; x_wconf 79' lang='grc' dir='ltr'><strong>ιι</strong></span> <span class='ocrx_word' id='word_1_643' title='bbox 1125 1577 1233 1616; x_wconf 69' lang='grc' dir='ltr'>Ὠραῖοι</span> <span class='ocrx_word' id='word_1_644' title='bbox 1246 1590 1259 1602; x_wconf 77' lang='grc' dir='ltr'><strong>ι</strong></span> <span class='ocrx_word' id='word_1_645' title='bbox 1278 1575 1340 1616; x_wconf 72' lang='grc' dir='ltr'>γὰρ,</span> <span class='ocrx_word' id='word_1_646' title='bbox 1364 1575 1454 1616; x_wconf 83' lang='grc' dir='ltr'>φησὶν,</span> <span class='ocrx_word' id='word_1_647' title='bbox 1473 1589 1484 1602; x_wconf 79' lang='grc' dir='ltr'><strong>ι</strong></span> <span class='ocrx_word' id='word_1_648' title='bbox 1505 1577 1529 1604; x_wconf 83' lang='grc' dir='ltr'>οἱ</span> <span class='ocrx_word' id='word_1_649' title='bbox 1550 1575 1628 1608; x_wconf 78' lang='grc' dir='ltr'>πόδες</span> <span class='ocrx_word' id='word_1_650' title='bbox 1654 1576 1708 1604; x_wconf 81' lang='grc' dir='ltr'><strong>τῶν</strong></span> <span class='ocrx_word' id='word_1_651' title='bbox 1738 1576 1871 1613; x_wconf 60' lang='grc' dir='ltr'>εὐαγγελιζ-</span> 
     </span>
    </p>
   </div>
   <div class='ocr_carea' id='block_1_89' title="bbox 1097 1616 1873 1661">
    <p class='ocr_par' dir='ltr' id='par_1_89' title="bbox 1097 1616 1873 1661">
     <span class='ocr_line' id='line_1_89' title="bbox 1097 1616 1873 1661; baseline -0.006 -10"><span class='ocrx_word' id='word_1_652' title='bbox 1097 1621 1182 1660; x_wconf 87' lang='grc' dir='ltr'>μένων</span> <span class='ocrx_word' id='word_1_653' title='bbox 1209 1621 1326 1661; x_wconf 77' lang='grc' dir='ltr'>εἰρήνην.</span> <span class='ocrx_word' id='word_1_654' title='bbox 1351 1631 1365 1649; x_wconf 71' lang='grc' dir='ltr'>ι)</span> <span class='ocrx_word' id='word_1_655' title='bbox 1392 1619 1430 1650; x_wconf 85' lang='grc' dir='ltr'>Ἢ</span> <span class='ocrx_word' id='word_1_656' title='bbox 1455 1619 1494 1649; x_wconf 81' lang='grc' dir='ltr'>ὅτι</span> <span class='ocrx_word' id='word_1_657' title='bbox 1519 1620 1558 1649; x_wconf 86' lang='grc' dir='ltr'><strong>δεῖ</strong></span> <span class='ocrx_word' id='word_1_658' title='bbox 1580 1622 1652 1658; x_wconf 77' lang='grc' dir='ltr'>ἡμᾶς</span> <span class='ocrx_word' id='word_1_659' title='bbox 1676 1619 1802 1658; x_wconf 78' lang='grc' dir='ltr'>ἑτοίμους</span> <span class='ocrx_word' id='word_1_660' title='bbox 1829 1616 1873 1648; x_wconf 70' lang='lat' dir='ltr'><strong>tiu</strong></span> 
     </span>
    </p>
   </div>
   <div class='ocr_carea' id='block_1_90' title="bbox 1096 1663 1859 1706">
    <p class='ocr_par' dir='ltr' id='par_1_90' title="bbox 1096 1663 1859 1706">
     <span class='ocr_line' id='line_1_90' title="bbox 1096 1663 1859 1706; baseline -0.004 -11"><span class='ocrx_word' id='word_1_661' title='bbox 1096 1666 1160 1706; x_wconf 72' lang='grc' dir='ltr'>πρὸς</span> <span class='ocrx_word' id='word_1_662' title='bbox 1175 1665 1201 1684; x_wconf 81' lang='grc'><strong>⁹²</strong></span> <span class='ocrx_word' id='word_1_663' title='bbox 1212 1666 1261 1701; x_wconf 77' lang='grc' dir='ltr'><strong>τὴν</strong></span> <span class='ocrx_word' id='word_1_664' title='bbox 1276 1665 1361 1700; x_wconf 77' lang='grc' dir='ltr'>ἔξοδον</span> <span class='ocrx_word' id='word_1_665' title='bbox 1372 1687 1380 1702; x_wconf 87' lang='lat'><strong>,</strong></span> <span class='ocrx_word' id='word_1_666' title='bbox 1396 1664 1464 1694; x_wconf 81' lang='grc' dir='ltr'>κατὰ</span> <span class='ocrx_word' id='word_1_667' title='bbox 1486 1663 1517 1693; x_wconf 84' lang='grc' dir='ltr'>τὸ</span> <span class='ocrx_word' id='word_1_668' title='bbox 1542 1663 1706 1703; x_wconf 82' lang='grc' dir='ltr'>Εὖαγγέλιον</span> <span class='ocrx_word' id='word_1_669' title='bbox 1723 1666 1840 1703; x_wconf 72' lang='grc' dir='ltr'>βιοῖῑντιις</span> <span class='ocrx_word' id='word_1_670' title='bbox 1852 1669 1859 1679; x_wconf 56' lang='grc' dir='ltr'><strong><em>ί</em></strong></span> 
     </span>
    </p>
   </div>
   <div class='ocr_carea' id='block_1_91' title="bbox 1096 1708 1872 1750">
    <p class='ocr_par' dir='ltr' id='par_1_91' title="bbox 1096 1708 1872 1750">
     <span class='ocr_line' id='line_1_91' title="bbox 1096 1708 1872 1750; baseline -0.005 -9"><span class='ocrx_word' id='word_1_671' title='bbox 1096 1712 1132 1741; x_wconf 84' lang='grc' dir='ltr'>Οἱ</span> <span class='ocrx_word' id='word_1_672' title='bbox 1150 1711 1197 1749; x_wconf 87' lang='grc' dir='ltr'>μὲν</span> <span class='ocrx_word' id='word_1_673' title='bbox 1215 1710 1266 1750; x_wconf 82' lang='grc' dir='ltr'><strong>γὰρ</strong></span> <span class='ocrx_word' id='word_1_674' title='bbox 1280 1710 1375 1748; x_wconf 83' lang='grc' dir='ltr'>πόδες,</span> <span class='ocrx_word' id='word_1_675' title='bbox 1400 1712 1445 1738; x_wconf 76' lang='grc' dir='ltr'><strong>τοῦ</strong></span> <span class='ocrx_word' id='word_1_676' title='bbox 1463 1710 1520 1749; x_wconf 82' lang='grc' dir='ltr'>βίου</span> <span class='ocrx_word' id='word_1_677' title='bbox 1541 1708 1676 1747; x_wconf 78' lang='grc' dir='ltr'>σύμϐολον</span> <span class='ocrx_word' id='word_1_678' title='bbox 1689 1721 1695 1727; x_wconf 90' lang='grc'><strong>·</strong></span> <span class='ocrx_word' id='word_1_679' title='bbox 1721 1708 1764 1738; x_wconf 82' lang='grc' dir='ltr'><strong>διὸ</strong></span> <span class='ocrx_word' id='word_1_680' title='bbox 1786 1709 1828 1738; x_wconf 73' lang='grc' dir='ltr'>καὶ</span> <span class='ocrx_word' id='word_1_681' title='bbox 1847 1711 1872 1736; x_wconf 68' lang='grc' dir='ltr'><strong>ὶει</strong></span> 
     </span>
    </p>
   </div>
   <div class='ocr_carea' id='block_1_92' title="bbox 1096 1753 1870 1795">
    <p class='ocr_par' dir='ltr' id='par_1_92' title="bbox 1096 1753 1870 1795">
     <span class='ocr_line' id='line_1_92' title="bbox 1096 1753 1870 1795; baseline -0.005 -10"><span class='ocrx_word' id='word_1_682' title='bbox 1096 1767 1137 1794; x_wconf 80' lang='grc' dir='ltr'><strong>γει</strong></span> <span class='ocrx_word' id='word_1_683' title='bbox 1150 1767 1157 1774; x_wconf 77' lang='grc' dir='ltr'><strong>ο</strong></span> <span class='ocrx_word' id='word_1_684' title='bbox 1180 1769 1191 1781; x_wconf 86' lang='grc'><strong>‹‹</strong></span> <span class='ocrx_word' id='word_1_685' title='bbox 1210 1757 1271 1788; x_wconf 65' lang='lat' dir='ltr'><strong>HE);</strong></span> <span class='ocrx_word' id='word_1_686' title='bbox 1287 1755 1403 1795; x_wconf 79' lang='grc' dir='ltr'>ἀκριϐῶς</span> <span class='ocrx_word' id='word_1_687' title='bbox 1424 1755 1606 1795; x_wconf 60' lang='grc' dir='ltr'>περιπατεῖτε.</span> <span class='ocrx_word' id='word_1_688' title='bbox 1628 1753 1796 1792; x_wconf 83' lang='grc' dir='ltr'>Ἑτοιμασία</span> 
     </span>
    </p>
   </div>
   <div class='ocr_carea' id='block_1_93' title="bbox 1098 1794 1872 1840">
    <p class='ocr_par' dir='ltr' id='par_1_93' title="bbox 1098 1794 1872 1840">
     <span class='ocr_line' id='line_1_93' title="bbox 1098 1794 1872 1840; baseline -0.005 -10"><span class='ocrx_word' id='word_1_689' title='bbox 1098 1799 1278 1840; x_wconf 78' lang='grc' dir='ltr'>Εὐαγγελίου,</span> <span class='ocrx_word' id='word_1_690' title='bbox 1295 1799 1402 1839; x_wconf 83' lang='grc' dir='ltr'>πράξεις</span> <span class='ocrx_word' id='word_1_691' title='bbox 1418 1798 1529 1838; x_wconf 75' lang='grc' dir='ltr'>ἀγαθαὶ,</span> <span class='ocrx_word' id='word_1_692' title='bbox 1553 1794 1595 1831; x_wconf 79' lang='grc' dir='ltr'>αἶς</span> <span class='ocrx_word' id='word_1_693' title='bbox 1611 1798 1738 1838; x_wconf 80' lang='grc' dir='ltr'>προσέχει</span> <span class='ocrx_word' id='word_1_694' title='bbox 1753 1798 1800 1827; x_wconf 79' lang='grc' dir='ltr'><strong>καὶ</strong></span> <span class='ocrx_word' id='word_1_695' title='bbox 1814 1799 1825 1826; x_wconf 76' lang='grc' dir='ltr'>ὁ</span> <span class='ocrx_word' id='word_1_696' title='bbox 1840 1799 1872 1827; x_wconf 67' lang='lat' dir='ltr'><strong>li.-</strong></span> 
     </span>
    </p>
   </div>
   <div class='ocr_carea' id='block_1_94' title="bbox 1098 1842 1872 1884">
    <p class='ocr_par' dir='ltr' id='par_1_94' title="bbox 1098 1842 1872 1884">
     <span class='ocr_line' id='line_1_94' title="bbox 1098 1842 1872 1884; baseline -0.005 -10"><span class='ocrx_word' id='word_1_697' title='bbox 1098 1857 1167 1884; x_wconf 85' lang='grc' dir='ltr'>ριος,</span> <span class='ocrx_word' id='word_1_698' title='bbox 1193 1844 1262 1874; x_wconf 81' lang='grc' dir='ltr'>κατὰ</span> <span class='ocrx_word' id='word_1_699' title='bbox 1277 1843 1307 1873; x_wconf 78' lang='grc' dir='ltr'><strong>τὸ</strong></span> <span class='ocrx_word' id='word_1_700' title='bbox 1328 1844 1480 1884; x_wconf 83' lang='grc' dir='ltr'>εἰρημένον·</span> <span class='ocrx_word' id='word_1_701' title='bbox 1509 1857 1521 1869; x_wconf 73' lang='grc' dir='ltr'><strong>ει</strong></span> <span class='ocrx_word' id='word_1_702' title='bbox 1537 1844 1580 1883; x_wconf 85' lang='grc' dir='ltr'><strong>Τῇ</strong></span> <span class='ocrx_word' id='word_1_703' title='bbox 1606 1842 1749 1882; x_wconf 77' lang='grc' dir='ltr'>ἑτοιμασίᾳ</span> <span class='ocrx_word' id='word_1_704' title='bbox 1762 1844 1872 1884; x_wconf 34' lang='lat' dir='ltr'><strong>151nm;-</strong></span> 
     </span>
    </p>
   </div>
   <div class='ocr_carea' id='block_1_95' title="bbox 1097 1882 1872 1928">
    <p class='ocr_par' dir='ltr' id='par_1_95' title="bbox 1097 1882 1872 1928">
     <span class='ocr_line' id='line_1_95' title="bbox 1097 1882 1872 1928; baseline -0.004 -10"><span class='ocrx_word' id='word_1_705' title='bbox 1097 1891 1159 1918; x_wconf 81' lang='grc' dir='ltr'>διῶν</span> <span class='ocrx_word' id='word_1_706' title='bbox 1175 1890 1261 1918; x_wconf 77' lang='grc' dir='ltr'>αὐτῶν</span> <span class='ocrx_word' id='word_1_707' title='bbox 1277 1888 1410 1928; x_wconf 71' lang='grc' dir='ltr'>προσέσχε</span> <span class='ocrx_word' id='word_1_708' title='bbox 1425 1887 1454 1917; x_wconf 79' lang='grc' dir='ltr'>τὸ</span> <span class='ocrx_word' id='word_1_709' title='bbox 1475 1883 1518 1921; x_wconf 69' lang='grc' dir='ltr'><strong>οὖς</strong></span> <span class='ocrx_word' id='word_1_710' title='bbox 1534 1899 1592 1917; x_wconf 82' lang='grc' dir='ltr'>σου.</span> <span class='ocrx_word' id='word_1_711' title='bbox 1608 1898 1625 1917; x_wconf 79' lang='grc' dir='ltr'>ι)</span> <span class='ocrx_word' id='word_1_712' title='bbox 1643 1888 1742 1920; x_wconf 79' lang='grc' dir='ltr'>Καλῶς</span> <span class='ocrx_word' id='word_1_713' title='bbox 1760 1887 1788 1916; x_wconf 85' lang='grc' dir='ltr'>δὲ</span> <span class='ocrx_word' id='word_1_714' title='bbox 1804 1882 1872 1916; x_wconf 66' lang='grc' dir='ltr'>εἶπεν</span> 
     </span>
    </p>
   </div>
   <div class='ocr_carea' id='block_1_96' title="bbox 1101 1931 1872 1975">
    <p class='ocr_par' dir='ltr' id='par_1_96' title="bbox 1101 1931 1872 1975">
     <span class='ocr_line' id='line_1_96' title="bbox 1101 1931 1872 1975; baseline -0.003 -12"><span class='ocrx_word' id='word_1_715' title='bbox 1101 1946 1116 1963; x_wconf 80' lang='grc' dir='ltr'>(ι</span> <span class='ocrx_word' id='word_1_716' title='bbox 1132 1934 1256 1975; x_wconf 82' lang='grc' dir='ltr'>Εἰρήνης.</span> <span class='ocrx_word' id='word_1_717' title='bbox 1271 1945 1286 1962; x_wconf 81' lang='grc'><strong>»</strong></span> <span class='ocrx_word' id='word_1_718' title='bbox 1299 1932 1412 1968; x_wconf 81' lang='grc' dir='ltr'>Ἐπειδὴ</span> <span class='ocrx_word' id='word_1_719' title='bbox 1434 1933 1485 1972; x_wconf 83' lang='grc' dir='ltr'><strong>γὰρ</strong></span> <span class='ocrx_word' id='word_1_720' title='bbox 1500 1931 1619 1971; x_wconf 84' lang='grc' dir='ltr'>πολέμου</span> <span class='ocrx_word' id='word_1_721' title='bbox 1641 1932 1687 1962; x_wconf 78' lang='grc' dir='ltr'><strong>καὶ</strong></span> <span class='ocrx_word' id='word_1_722' title='bbox 1705 1932 1798 1971; x_wconf 75' lang='grc' dir='ltr'>μάχης</span> <span class='ocrx_word' id='word_1_723' title='bbox 1812 1933 1872 1969; x_wconf 70' lang='grc' dir='ltr'>ἐμη-</span> 
     </span>
    </p>
   </div>
   <div class='ocr_carea' id='block_1_97' title="bbox 1097 1976 1872 2017">
    <p class='ocr_par' dir='ltr' id='par_1_97' title="bbox 1097 1976 1872 2017">
     <span class='ocr_line' id='line_1_97' title="bbox 1097 1976 1872 2017; baseline -0.006 -9"><span class='ocrx_word' id='word_1_724' title='bbox 1097 1981 1146 2014; x_wconf 84' lang='grc' dir='ltr'><strong>σθη</strong></span> <span class='ocrx_word' id='word_1_725' title='bbox 1157 2001 1165 2014; x_wconf 88' lang='grc'><strong>,</strong></span> <span class='ocrx_word' id='word_1_726' title='bbox 1189 1978 1317 2008; x_wconf 82' lang='grc' dir='ltr'>δείκνυσιν</span> <span class='ocrx_word' id='word_1_727' title='bbox 1333 1979 1374 2008; x_wconf 77' lang='grc' dir='ltr'>ὅτι</span> <span class='ocrx_word' id='word_1_728' title='bbox 1395 1977 1439 2007; x_wconf 78' lang='grc' dir='ltr'><strong>τὸν</strong></span> <span class='ocrx_word' id='word_1_729' title='bbox 1455 1977 1572 2016; x_wconf 88' lang='grc' dir='ltr'>πόλεμον</span> <span class='ocrx_word' id='word_1_730' title='bbox 1595 1976 1659 2017; x_wconf 79' lang='grc' dir='ltr'>πρὸς</span> <span class='ocrx_word' id='word_1_731' title='bbox 1682 1977 1808 2014; x_wconf 67' lang='grc' dir='ltr'>δαίμονας</span> <span class='ocrx_word' id='word_1_732' title='bbox 1824 1976 1872 2014; x_wconf 68' lang='grc' dir='ltr'>ἔχει·</span> 
     </span>
    </p>
   </div>
   <div class='ocr_carea' id='block_1_98' title="bbox 1094 2021 1873 2063">
    <p class='ocr_par' dir='ltr' id='par_1_98' title="bbox 1094 2021 1873 2063">
     <span class='ocr_line' id='line_1_98' title="bbox 1094 2021 1873 2063; baseline -0.005 -11"><span class='ocrx_word' id='word_1_733' title='bbox 1094 2023 1192 2063; x_wconf 81' lang='grc' dir='ltr'>χρὴ⁰⁴,</span> <span class='ocrx_word' id='word_1_734' title='bbox 1207 2024 1237 2052; x_wconf 86' lang='grc' dir='ltr'>οὐ</span> <span class='ocrx_word' id='word_1_735' title='bbox 1253 2022 1316 2063; x_wconf 83' lang='grc' dir='ltr'>πρὸς</span> <span class='ocrx_word' id='word_1_736' title='bbox 1333 2022 1498 2062; x_wconf 80' lang='grc' dir='ltr'>ἀνθρώπους·</span> <span class='ocrx_word' id='word_1_737' title='bbox 1515 2021 1620 2062; x_wconf 73' lang='grc' dir='ltr'>εἰρήνης</span> <span class='ocrx_word' id='word_1_738' title='bbox 1641 2021 1692 2061; x_wconf 66' lang='grc' dir='ltr'>γάρ</span> <span class='ocrx_word' id='word_1_739' title='bbox 1716 2022 1786 2050; x_wconf 74' lang='grc' dir='ltr'>ἐστιν</span> <span class='ocrx_word' id='word_1_740' title='bbox 1802 2023 1873 2055; x_wconf 43' lang='lat' dir='ltr'><strong>Eg:-</strong></span> 
     </span>
    </p>
   </div>
   <div class='ocr_carea' id='block_1_99' title="bbox 1094 2066 1873 2107">
    <p class='ocr_par' dir='ltr' id='par_1_99' title="bbox 1094 2066 1873 2107">
     <span class='ocr_line' id='line_1_99' title="bbox 1094 2066 1873 2107; baseline -0.006 -10"><span class='ocrx_word' id='word_1_741' title='bbox 1094 2069 1179 2106; x_wconf 84' lang='grc' dir='ltr'>γέλιον</span> <span class='ocrx_word' id='word_1_742' title='bbox 1191 2079 1198 2087; x_wconf 70' lang='grc'><em>’</em></span> <span class='ocrx_word' id='word_1_743' title='bbox 1221 2068 1266 2097; x_wconf 80' lang='grc' dir='ltr'>καὶ</span> <span class='ocrx_word' id='word_1_744' title='bbox 1291 2067 1332 2098; x_wconf 79' lang='grc' dir='ltr'><strong>ὅτι</strong></span> <span class='ocrx_word' id='word_1_745' title='bbox 1348 2067 1392 2097; x_wconf 83' lang='grc' dir='ltr'>ἐὰν</span> <span class='ocrx_word' id='word_1_746' title='bbox 1408 2067 1473 2107; x_wconf 84' lang='grc' dir='ltr'>πρὸς</span> <span class='ocrx_word' id='word_1_747' title='bbox 1496 2066 1557 2099; x_wconf 76' lang='grc' dir='ltr'>τοὺς</span> <span class='ocrx_word' id='word_1_748' title='bbox 1580 2066 1708 2104; x_wconf 82' lang='grc' dir='ltr'>δαίμονας</span> <span class='ocrx_word' id='word_1_749' title='bbox 1724 2066 1873 2105; x_wconf 63' lang='grc' dir='ltr'>μαχώμεθα.</span> 
     </span>
    </p>
   </div>
   <div class='ocr_carea' id='block_1_100' title="bbox 1093 2107 1871 2152">
    <p class='ocr_par' dir='ltr' id='par_1_100' title="bbox 1093 2107 1871 2152">
     <span class='ocr_line' id='line_1_100' title="bbox 1093 2107 1871 2152; baseline -0.004 -11"><span class='ocrx_word' id='word_1_750' title='bbox 1093 2115 1156 2152; x_wconf 51' lang='grc' dir='ltr'>(θεῷ</span> <span class='ocrx_word' id='word_1_751' title='bbox 1181 2112 1367 2152; x_wconf 79' lang='grc' dir='ltr'>εἷρηνεύομεν,</span> <span class='ocrx_word' id='word_1_752' title='bbox 1391 2107 1413 2151; x_wconf 75' lang='grc' dir='ltr'>ᾧ</span> <span class='ocrx_word' id='word_1_753' title='bbox 1448 2113 1476 2141; x_wconf 81' lang='grc' dir='ltr'>οὐ</span> <span class='ocrx_word' id='word_1_754' title='bbox 1502 2111 1541 2140; x_wconf 89' lang='grc' dir='ltr'><strong>δεῖ</strong></span> <span class='ocrx_word' id='word_1_755' title='bbox 1569 2111 1650 2140; x_wconf 87' lang='grc' dir='ltr'>πάλιν</span> <span class='ocrx_word' id='word_1_756' title='bbox 1681 2111 1871 2148; x_wconf 67' lang='grc' dir='ltr'>ἓκπολεμοῧσῧιι</span> 
     </span>
    </p>
   </div>
   <div class='ocr_carea' id='block_1_101' title="bbox 1094 2154 1871 2196">
    <p class='ocr_par' dir='ltr' id='par_1_101' title="bbox 1094 2154 1871 2196">
     <span class='ocr_line' id='line_1_101' title="bbox 1094 2154 1871 2196; baseline -0.008 -10"><span class='ocrx_word' id='word_1_757' title='bbox 1094 2157 1273 2190; x_wconf 82' lang='grc' dir='ltr'>καταλύοντας</span> <span class='ocrx_word' id='word_1_758' title='bbox 1307 2155 1354 2192; x_wconf 82' lang='grc' dir='ltr'><strong>τὴν</strong></span> <span class='ocrx_word' id='word_1_759' title='bbox 1391 2155 1506 2196; x_wconf 81' lang='grc' dir='ltr'>εἰρήνην.</span> <span class='ocrx_word' id='word_1_760' title='bbox 1542 2155 1620 2185; x_wconf 78' lang='grc' dir='ltr'>Ἀλλὰ</span> <span class='ocrx_word' id='word_1_761' title='bbox 1655 2155 1700 2184; x_wconf 78' lang='grc' dir='ltr'><strong>καὶ</strong></span> <span class='ocrx_word' id='word_1_762' title='bbox 1729 2154 1871 2193; x_wconf 66' lang='grc' dir='ltr'>Εὖαγγέλιάι</span> 
     </span>
    </p>
   </div>
   <div class='ocr_carea' id='block_1_102' title="bbox 1095 2195 1812 2242">
    <p class='ocr_par' dir='ltr' id='par_1_102' title="bbox 1095 2195 1812 2242">
     <span class='ocr_line' id='line_1_102' title="bbox 1095 2195 1812 2242; baseline -0.003 -11"><span class='ocrx_word' id='word_1_763' title='bbox 1095 2203 1177 2242; x_wconf 77' lang='grc' dir='ltr'>ἐστιν,</span> <span class='ocrx_word' id='word_1_764' title='bbox 1189 2202 1269 2239; x_wconf 85' lang='grc' dir='ltr'><strong>ἤδηὴ</strong></span> <span class='ocrx_word' id='word_1_765' title='bbox 1286 2201 1347 2238; x_wconf 85' lang='grc' dir='ltr'>νίκη</span> <span class='ocrx_word' id='word_1_766' title='bbox 1358 2195 1511 2240; x_wconf 22' lang='grc' dir='ltr'>γεγέννηται·</span> <span class='ocrx_word' id='word_1_767' title='bbox 1528 2200 1565 2239; x_wconf 90' lang='grc' dir='ltr'><strong>μὴ</strong></span> <span class='ocrx_word' id='word_1_768' title='bbox 1581 2195 1627 2229; x_wconf 64' lang='grc' dir='ltr'><strong>οὖν</strong></span> <span class='ocrx_word' id='word_1_769' title='bbox 1643 2199 1812 2240; x_wconf 79' lang='grc' dir='ltr'>φοϐηθῶμεν.</span> 
     </span>
    </p>
   </div>
   <div class='ocr_carea' id='block_1_103' title="bbox 1137 2285 1871 2326">
    <p class='ocr_par' dir='ltr' id='par_1_103' title="bbox 1137 2285 1871 2326">
     <span class='ocr_line' id='line_1_103' title="bbox 1137 2285 1871 2326; baseline 0.001 -11"><span class='ocrx_word' id='word_1_770' title='bbox 1137 2302 1149 2315; x_wconf 71' lang='grc' dir='ltr'>(ι</span> <span class='ocrx_word' id='word_1_771' title='bbox 1170 2287 1236 2319; x_wconf 75' lang='grc' dir='ltr'><strong>Ἐπὶ</strong></span> <span class='ocrx_word' id='word_1_772' title='bbox 1262 2292 1343 2317; x_wconf 77' lang='grc' dir='ltr'>πᾶσιν</span> <span class='ocrx_word' id='word_1_773' title='bbox 1379 2286 1556 2320; x_wconf 72' lang='grc' dir='ltr'>ἀναλαϐόντες</span> <span class='ocrx_word' id='word_1_774' title='bbox 1585 2285 1631 2316; x_wconf 79' lang='grc' dir='ltr'>τὸν</span> <span class='ocrx_word' id='word_1_775' title='bbox 1660 2285 1750 2326; x_wconf 77' lang='grc' dir='ltr'>θυρεὸν</span> <span class='ocrx_word' id='word_1_776' title='bbox 1772 2286 1818 2319; x_wconf 72' lang='grc' dir='ltr'><strong>τῆς</strong></span> <span class='ocrx_word' id='word_1_777' title='bbox 1838 2294 1871 2310; x_wconf 75' lang='grc' dir='ltr'><strong>πι-</strong></span> 
     </span>
    </p>
   </div>
   <div class='ocr_carea' id='block_1_104' title="bbox 1097 2329 1871 2370">
    <p class='ocr_par' dir='ltr' id='par_1_104' title="bbox 1097 2329 1871 2370">
     <span class='ocr_line' id='line_1_104' title="bbox 1097 2329 1871 2370; baseline -0.008 -7"><span class='ocrx_word' id='word_1_778' title='bbox 1097 2345 1189 2367; x_wconf 84' lang='grc' dir='ltr'>στεως.</span> <span class='ocrx_word' id='word_1_779' title='bbox 1212 2347 1224 2359; x_wconf 79' lang='grc' dir='ltr'><strong>ιι</strong></span> <span class='ocrx_word' id='word_1_780' title='bbox 1239 2333 1327 2363; x_wconf 71' lang='grc' dir='ltr'>Τοῦτό</span> <span class='ocrx_word' id='word_1_781' title='bbox 1343 2335 1398 2363; x_wconf 81' lang='grc' dir='ltr'>ἐστι</span> <span class='ocrx_word' id='word_1_782' title='bbox 1426 2332 1474 2370; x_wconf 82' lang='grc' dir='ltr'><strong>τὸ,</strong></span> <span class='ocrx_word' id='word_1_783' title='bbox 1493 2343 1508 2361; x_wconf 77' lang='grc' dir='ltr'>(ι</span> <span class='ocrx_word' id='word_1_784' title='bbox 1522 2331 1588 2362; x_wconf 84' lang='grc' dir='ltr'>Ἐπὶ</span> <span class='ocrx_word' id='word_1_785' title='bbox 1611 2335 1694 2361; x_wconf 82' lang='grc' dir='ltr'>πᾶσιν</span> <span class='ocrx_word' id='word_1_786' title='bbox 1704 2354 1712 2370; x_wconf 95' lang='grc'><strong>,</strong></span> <span class='ocrx_word' id='word_1_787' title='bbox 1726 2343 1740 2358; x_wconf 75' lang='grc' dir='ltr'><strong>ιι</strong></span> <span class='ocrx_word' id='word_1_788' title='bbox 1755 2330 1810 2358; x_wconf 74' lang='grc' dir='ltr'>ἀντὶ</span> <span class='ocrx_word' id='word_1_789' title='bbox 1822 2329 1871 2362; x_wconf 65' lang='lat' dir='ltr'><strong>r13,</strong></span> 
     </span>
    </p>
   </div>
   <div class='ocr_carea' id='block_1_105' title="bbox 1097 2373 1871 2420">
    <p class='ocr_par' dir='ltr' id='par_1_105' title="bbox 1097 2373 1871 2420">
     <span class='ocr_line' id='line_1_105' title="bbox 1097 2373 1871 2420; baseline -0.008 -12"><span class='ocrx_word' id='word_1_790' title='bbox 1097 2380 1122 2408; x_wconf 84' lang='grc' dir='ltr'>ἐν</span> <span class='ocrx_word' id='word_1_791' title='bbox 1135 2378 1245 2420; x_wconf 70' lang='grc' dir='ltr'>ἀληθείᾳ</span> <span class='ocrx_word' id='word_1_792' title='bbox 1264 2377 1310 2407; x_wconf 79' lang='grc' dir='ltr'><strong>καὶ</strong></span> <span class='ocrx_word' id='word_1_793' title='bbox 1373 2376 1526 2416; x_wconf 81' lang='grc' dir='ltr'>δικαιοσύνῃ</span> <span class='ocrx_word' id='word_1_794' title='bbox 1539 2399 1547 2415; x_wconf 81' lang='grc'><strong>,</strong></span> <span class='ocrx_word' id='word_1_795' title='bbox 1573 2376 1619 2406; x_wconf 86' lang='grc' dir='ltr'><strong>καὶ</strong></span> <span class='ocrx_word' id='word_1_796' title='bbox 1690 2373 1824 2414; x_wconf 67' lang='grc' dir='ltr'>ἑτοιμασίᾳ</span> <span class='ocrx_word' id='word_1_797' title='bbox 1839 2374 1871 2399; x_wconf 65' lang='grc' dir='ltr'>ττί</span> 
     </span>
    </p>
   </div>
   <div class='ocr_carea' id='block_1_106' title="bbox 1099 2420 1870 2463">
    <p class='ocr_par' dir='ltr' id='par_1_106' title="bbox 1099 2420 1870 2463">
     <span class='ocr_line' id='line_1_106' title="bbox 1099 2420 1870 2463; baseline -0.01 -10"><span class='ocrx_word' id='word_1_798' title='bbox 1099 2423 1262 2463; x_wconf 82' lang='grc' dir='ltr'>Εὐαγγελίου</span> <span class='ocrx_word' id='word_1_799' title='bbox 1274 2431 1282 2440; x_wconf 89' lang='grc'><strong>·</strong></span> <span class='ocrx_word' id='word_1_800' title='bbox 1297 2423 1418 2455; x_wconf 84' lang='grc' dir='ltr'>Πίστεως</span> <span class='ocrx_word' id='word_1_801' title='bbox 1425 2422 1450 2439; x_wconf 84' lang='grc'><strong>⁹⁵</strong></span> <span class='ocrx_word' id='word_1_802' title='bbox 1463 2421 1513 2461; x_wconf 77' lang='grc' dir='ltr'><strong>γὰρ</strong></span> <span class='ocrx_word' id='word_1_803' title='bbox 1535 2420 1722 2460; x_wconf 62' lang='grc' dir='ltr'>ταῦταῖπάντα</span> <span class='ocrx_word' id='word_1_804' title='bbox 1737 2420 1823 2448; x_wconf 86' lang='grc' dir='ltr'>δεῖται.</span> <span class='ocrx_word' id='word_1_805' title='bbox 1843 2420 1870 2444; x_wconf 79' lang='grc'><strong>0.</strong></span> 
     </span>
    </p>
   </div>
   <div class='ocr_carea' id='block_1_107' title="bbox 1099 2463 1870 2507">
    <p class='ocr_par' dir='ltr' id='par_1_107' title="bbox 1099 2463 1870 2507">
     <span class='ocr_line' id='line_1_107' title="bbox 1099 2463 1870 2507; baseline -0.012 -9"><span class='ocrx_word' id='word_1_806' title='bbox 1099 2468 1146 2504; x_wconf 80' lang='grc' dir='ltr'><strong>τὴν</strong></span> <span class='ocrx_word' id='word_1_807' title='bbox 1174 2471 1222 2504; x_wconf 75' lang='grc' dir='ltr'><strong>τῆς</strong></span> <span class='ocrx_word' id='word_1_808' title='bbox 1246 2469 1358 2504; x_wconf 77' lang='grc' dir='ltr'>ἀληθοῦς</span> <span class='ocrx_word' id='word_1_809' title='bbox 1386 2466 1413 2496; x_wconf 84' lang='grc' dir='ltr'>δὲ</span> <span class='ocrx_word' id='word_1_810' title='bbox 1441 2466 1584 2507; x_wconf 84' lang='grc' dir='ltr'>θρησκείας</span> <span class='ocrx_word' id='word_1_811' title='bbox 1614 2465 1751 2504; x_wconf 80' lang='grc' dir='ltr'>ἐπίγνωσιν</span> <span class='ocrx_word' id='word_1_812' title='bbox 1777 2463 1870 2507; x_wconf 33' lang='lat' dir='ltr'><strong>ﬁniit:</strong></span> 
     </span>
    </p>
   </div>
   <div class='ocr_carea' id='block_1_108' title="bbox 1101 2506 1869 2554">
    <p class='ocr_par' dir='ltr' id='par_1_108' title="bbox 1101 2506 1869 2554">
     <span class='ocr_line' id='line_1_108' title="bbox 1101 2506 1869 2554; baseline -0.01 -11"><span class='ocrx_word' id='word_1_813' title='bbox 1101 2525 1166 2554; x_wconf 85' lang='grc' dir='ltr'>φησι</span> <span class='ocrx_word' id='word_1_814' title='bbox 1187 2513 1290 2550; x_wconf 82' lang='grc' dir='ltr'>πίστιν,</span> <span class='ocrx_word' id='word_1_815' title='bbox 1316 2511 1386 2541; x_wconf 76' lang='grc' dir='ltr'>ἀλλὰ</span> <span class='ocrx_word' id='word_1_816' title='bbox 1412 2506 1464 2548; x_wconf 82' lang='grc' dir='ltr'><strong>τὴν</strong></span> <span class='ocrx_word' id='word_1_817' title='bbox 1489 2511 1663 2547; x_wconf 82' lang='grc' dir='ltr'>ἀδίστακτον,</span> <span class='ocrx_word' id='word_1_818' title='bbox 1690 2510 1736 2545; x_wconf 73' lang='grc' dir='ltr'><strong>τὴν</strong></span> <span class='ocrx_word' id='word_1_819' title='bbox 1757 2506 1869 2554; x_wconf 82' lang='grc' dir='ltr'>περὶ</span> 
     </span>
    </p>
   </div>
   <div class='ocr_carea' id='block_1_109' title="bbox 1097 2550 1869 2598">
    <p class='ocr_par' dir='ltr' id='par_1_109' title="bbox 1097 2550 1869 2598">
     <span class='ocr_line' id='line_1_109' title="bbox 1097 2550 1869 2598; baseline -0.008 -10"><span class='ocrx_word' id='word_1_820' title='bbox 1097 2558 1246 2598; x_wconf 80' lang='grc' dir='ltr'>μελλόντων</span> <span class='ocrx_word' id='word_1_821' title='bbox 1275 2556 1408 2587; x_wconf 83' lang='grc' dir='ltr'>πιστεύειν</span> <span class='ocrx_word' id='word_1_822' title='bbox 1432 2559 1574 2592; x_wconf 82' lang='grc' dir='ltr'>ποιοῦσαν,</span> <span class='ocrx_word' id='word_1_823' title='bbox 1603 2556 1639 2588; x_wconf 85' lang='grc' dir='ltr'>ὡς</span> <span class='ocrx_word' id='word_1_824' title='bbox 1664 2554 1810 2598; x_wconf 64' lang='grc' dir='ltr'>παρόντων,</span> <span class='ocrx_word' id='word_1_825' title='bbox 1835 2550 1869 2582; x_wconf 62' lang='grc' dir='ltr'><strong>τὶν</strong></span> 
     </span>
    </p>
   </div>
   <div class='ocr_carea' id='block_1_110' title="bbox 1096 2596 1870 2641">
    <p class='ocr_par' dir='ltr' id='par_1_110' title="bbox 1096 2596 1870 2641">
     <span class='ocr_line' id='line_1_110' title="bbox 1096 2596 1870 2641; baseline -0.013 -8"><span class='ocrx_word' id='word_1_826' title='bbox 1096 2596 1141 2633; x_wconf 78' lang='grc' dir='ltr'>καὶ</span> <span class='ocrx_word' id='word_1_827' title='bbox 1154 2603 1188 2632; x_wconf 80' lang='grc' dir='ltr'><strong>τὰ</strong></span> <span class='ocrx_word' id='word_1_828' title='bbox 1203 2603 1302 2641; x_wconf 84' lang='grc' dir='ltr'>σημεῖα</span> <span class='ocrx_word' id='word_1_829' title='bbox 1315 2603 1458 2638; x_wconf 76' lang='grc' dir='ltr'>τελοῦσαν,</span> <span class='ocrx_word' id='word_1_830' title='bbox 1475 2601 1521 2630; x_wconf 76' lang='grc' dir='ltr'><strong>καὶ</strong></span> <span class='ocrx_word' id='word_1_831' title='bbox 1542 2600 1612 2630; x_wconf 70' lang='grc' dir='ltr'>οὕτω</span> <span class='ocrx_word' id='word_1_832' title='bbox 1632 2600 1755 2641; x_wconf 66' lang='grc' dir='ltr'>διάπορον</span> <span class='ocrx_word' id='word_1_833' title='bbox 1771 2596 1814 2626; x_wconf 74' lang='grc' dir='ltr'><strong>καὶ</strong></span> <span class='ocrx_word' id='word_1_834' title='bbox 1827 2598 1870 2631; x_wconf 70' lang='lat'><strong>6:;-</strong></span> 
     </span>
    </p>
   </div>
   <div class='ocr_carea' id='block_1_111' title="bbox 1097 2639 1869 2687">
    <p class='ocr_par' dir='ltr' id='par_1_111' title="bbox 1097 2639 1869 2687">
     <span class='ocr_line' id='line_1_111' title="bbox 1097 2639 1869 2687; baseline -0.006 -10"><span class='ocrx_word' id='word_1_835' title='bbox 1097 2648 1168 2687; x_wconf 75' lang='grc' dir='ltr'><strong>μὴν²</strong></span> <span class='ocrx_word' id='word_1_836' title='bbox 1199 2639 1295 2682; x_wconf 29' lang='grc' dir='ltr'>ὡς’καὶ</span> <span class='ocrx_word' id='word_1_837' title='bbox 1311 2648 1360 2687; x_wconf 86' lang='grc' dir='ltr'><strong>ὄρη</strong></span> <span class='ocrx_word' id='word_1_838' title='bbox 1387 2649 1525 2686; x_wconf 80' lang='grc' dir='ltr'>μεθιστᾷν.</span> <span class='ocrx_word' id='word_1_839' title='bbox 1546 2644 1659 2685; x_wconf 78' lang='grc' dir='ltr'>Ὠσπερ</span> <span class='ocrx_word' id='word_1_840' title='bbox 1689 2639 1733 2674; x_wconf 67' lang='grc' dir='ltr'><strong>οὖν</strong></span> <span class='ocrx_word' id='word_1_841' title='bbox 1757 2644 1770 2672; x_wconf 83' lang='grc' dir='ltr'><strong>ὁ</strong></span> <span class='ocrx_word' id='word_1_842' title='bbox 1797 2643 1869 2679; x_wconf 47' lang='lat' dir='ltr'><strong>eo?!“</strong></span> 
     </span>
    </p>
   </div>
   <div class='ocr_carea' id='block_1_112' title="bbox 1097 2693 1320 2728">
    <p class='ocr_par' dir='ltr' id='par_1_112' title="bbox 1097 2693 1320 2728">
     <span class='ocr_line' id='line_1_112' title="bbox 1097 2693 1320 2728; baseline -0.004 -7"><span class='ocrx_word' id='word_1_843' title='bbox 1097 2694 1109 2708; x_wconf 72' lang='grc' dir='ltr'>ε</span> <span class='ocrx_word' id='word_1_844' title='bbox 1124 2693 1196 2721; x_wconf 86' lang='lat' dir='ltr'><strong>Psal.</strong></span> <span class='ocrx_word' id='word_1_845' title='bbox 1214 2700 1259 2728; x_wconf 69' lang='grc' dir='ltr'>ιχ,</span> <span class='ocrx_word' id='word_1_846' title='bbox 1274 2695 1320 2720; x_wconf 83' lang='grc' dir='ltr'><strong>4ο.</strong></span> 
     </span>
    </p>
   </div>
   <div class='ocr_carea' id='block_1_113' title="bbox 931 2733 1212 2765">
    <p class='ocr_par' dir='ltr' id='par_1_113' title="bbox 931 2733 1212 2765">
     <span class='ocr_line' id='line_1_113' title="bbox 931 2733 1212 2765; baseline 0.007 -3"><span class='ocrx_word' id='word_1_847' title='bbox 931 2733 1024 2763; x_wconf 64' lang='lat' dir='ltr'><strong>Variae</strong></span> <span class='ocrx_word' id='word_1_848' title='bbox 1057 2734 1212 2765; x_wconf 87' lang='lat' dir='ltr'><strong>lectiones.</strong></span> 
     </span>
    </p>
   </div>
   <div class='ocr_carea' id='block_1_114' title="bbox 282 2772 1856 2815">
    <p class='ocr_par' dir='ltr' id='par_1_114' title="bbox 282 2772 1856 2815">
     <span class='ocr_line' id='line_1_114' title="bbox 282 2772 1856 2815; baseline 0 -11"><span class='ocrx_word' id='word_1_849' title='bbox 282 2778 304 2795; x_wconf 74' lang='grc'><strong>⁸⁸</strong></span> <span class='ocrx_word' id='word_1_850' title='bbox 319 2779 453 2815; x_wconf 75' lang='grc' dir='ltr'>ἀγρυπνεῖν</span> <span class='ocrx_word' id='word_1_851' title='bbox 467 2778 532 2814; x_wconf 76' lang='grc' dir='ltr'>ἡμᾶς</span> <span class='ocrx_word' id='word_1_852' title='bbox 546 2779 623 2813; x_wconf 77' lang='grc' dir='ltr'>δηλοῖ</span> <span class='ocrx_word' id='word_1_853' title='bbox 636 2786 660 2806; x_wconf 91' lang='grc' dir='ltr'>ο.</span> <span class='ocrx_word' id='word_1_854' title='bbox 699 2778 721 2795; x_wconf 78' lang='grc'><strong>⁸⁷</strong></span> <span class='ocrx_word' id='word_1_855' title='bbox 740 2779 773 2810; x_wconf 81' lang='grc' dir='ltr'><strong>ὡς</strong></span> <span class='ocrx_word' id='word_1_856' title='bbox 831 2787 858 2806; x_wconf 91' lang='grc'><strong>0.</strong></span> <span class='ocrx_word' id='word_1_857' title='bbox 897 2778 918 2794; x_wconf 69' lang='grc'><strong>⁸⁸</strong></span> <span class='ocrx_word' id='word_1_858' title='bbox 944 2777 988 2811; x_wconf 79' lang='grc' dir='ltr'>τὴν</span> <span class='ocrx_word' id='word_1_859' title='bbox 1010 2778 1140 2814; x_wconf 80' lang='grc' dir='ltr'>ἐπιθυμίαν</span> <span class='ocrx_word' id='word_1_860' title='bbox 1165 2787 1206 2806; x_wconf 87' lang='lat' dir='ltr'><strong>nl.</strong></span> <span class='ocrx_word' id='word_1_861' title='bbox 1243 2777 1266 2795; x_wconf 77' lang='grc'><strong>⁸³</strong></span> <span class='ocrx_word' id='word_1_862' title='bbox 1283 2778 1352 2814; x_wconf 84' lang='grc' dir='ltr'>λέγει</span> <span class='ocrx_word' id='word_1_863' title='bbox 1377 2786 1403 2806; x_wconf 90' lang='lat'><strong>0.</strong></span> <span class='ocrx_word' id='word_1_864' title='bbox 1439 2777 1462 2795; x_wconf 72' lang='grc' dir='ltr'><strong>³ο</strong></span> <span class='ocrx_word' id='word_1_865' title='bbox 1475 2777 1573 2813; x_wconf 77' lang='grc' dir='ltr'>φάσκων</span> <span class='ocrx_word' id='word_1_866' title='bbox 1597 2783 1626 2804; x_wconf 89' lang='lat'><strong>0.</strong></span> <span class='ocrx_word' id='word_1_867' title='bbox 1663 2774 1682 2792; x_wconf 85' lang='grc'><strong>⁹¹</strong></span> <span class='ocrx_word' id='word_1_868' title='bbox 1702 2772 1831 2804; x_wconf 70' lang='grc' dir='ltr'>ὓπυτίθησιν</span> <span class='ocrx_word' id='word_1_869' title='bbox 1844 2776 1856 2795; x_wconf 93' lang='grc'><strong><em>⁰</em></strong></span> 
     </span>
    </p>
   </div>
   <div class='ocr_carea' id='block_1_115' title="bbox 247 2819 960 2851">
    <p class='ocr_par' dir='ltr' id='par_1_115' title="bbox 247 2819 960 2851">
     <span class='ocr_line' id='line_1_115' title="bbox 247 2819 960 2851; baseline -0.001 -6"><span class='ocrx_word' id='word_1_870' title='bbox 247 2819 268 2836; x_wconf 68' lang='grc' dir='ltr'><strong>π</strong></span> <span class='ocrx_word' id='word_1_871' title='bbox 279 2819 313 2850; x_wconf 74' lang='grc' dir='ltr'>ὼς</span> <span class='ocrx_word' id='word_1_872' title='bbox 326 2828 354 2848; x_wconf 89' lang='grc' dir='ltr'>ο.</span> <span class='ocrx_word' id='word_1_873' title='bbox 392 2819 415 2836; x_wconf 66' lang='grc'>³³</span> <span class='ocrx_word' id='word_1_874' title='bbox 428 2821 559 2850; x_wconf 80' lang='grc' dir='ltr'>ποιοῦντας</span> <span class='ocrx_word' id='word_1_875' title='bbox 573 2828 601 2848; x_wconf 88' lang='grc' dir='ltr'>ο.</span> <span class='ocrx_word' id='word_1_876' title='bbox 638 2819 659 2835; x_wconf 63' lang='grc' dir='ltr'><strong>νδ</strong></span> <span class='ocrx_word' id='word_1_877' title='bbox 674 2819 716 2845; x_wconf 76' lang='grc' dir='ltr'><strong>δεῖ</strong></span> <span class='ocrx_word' id='word_1_878' title='bbox 727 2827 755 2847; x_wconf 91' lang='grc' dir='ltr'><strong>ο,</strong></span> <span class='ocrx_word' id='word_1_879' title='bbox 793 2819 814 2835; x_wconf 78' lang='grc'><strong>⁹⁵</strong></span> <span class='ocrx_word' id='word_1_880' title='bbox 830 2819 917 2851; x_wconf 78' lang='grc' dir='ltr'>ταύτης</span> <span class='ocrx_word' id='word_1_881' title='bbox 931 2827 960 2847; x_wconf 92' lang='grc' dir='ltr'><strong>ο,</strong></span> 
     </span>
    </p>
   </div>
  </div>
