1886 3082
18 184 74 212 183
416 183 591 212 EXPOSITIO
611 184 643 211 IN
664 184 768 212 EPIST.
789 184 833 211 All

855 185 970 212 l‘ll‘i‘ll‘ls.
990 200 1024 205 —
1043 186 1117 213 CAP.
1138 186 1182 213 V'I.
1585 189 1651 216 1134

18 246 82 293 ξγουν
97 247 115 282 ἡ
143 246 222 279 ἀσπὶς
247 246 431 287 προϐέϐληται
456 246 552 280 παντὸς
577 249 623 276 τοῦ
652 246 793 285 σώματος,

893 246 988 283 Ijanua
1000 247 1124 284 quaedam
1141 247 1295 276 custodiens
1308 252 1335 276 et
1356 248 1522 277 concludens
1541 250 1650 286 ipsum;

18 290 57 320 ἶῗόν
73 303 111 324 τις
137 291 202 330 θύρα
226 291 365 331 φυλάττων
381 291 427 321 χαὶ
453 290 609 331 περικλείων
634 291 697 321 αὐτὸ
709 313 718 328 ,
734 291 802 321 οὕτω

18 336 50 365 ιαὶ
64 338 81 371 ἡ
102 335 260 369 ἀδίστακτος
281 336 369 370 πίστις
384 335 490 378 φυλακὴ
511 338 558 372 τῆς
568 337 655 376 ψυχῆς
670 335 743 373 ὅλης,
766 335 801 366 Ἦ

18 380 89 415 πίστις
104 379 131 410 δέ
159 381 216 411 ἐστι
240 381 344 421 θυρεὸς,
372 382 401 411 οὖ
421 380 455 411 τὰ
479 381 646 422 σοφίσματα.
663 379 697 411 Ὀ
713 381 803 421 θυρεὸς

18 425 94 454 ξχέπει
106 450 111 460 ,
125 425 212 455 ἐκεῖνα
225 424 252 456 δὲ
268 426 480 464 συμποδίζουσιν.

46 482 59 498 ιι
73 465 156 511 Ἑῃῷ
170 470 312 506 δυνήσεσθε
326 471 414 500 πάντα
430 469 463 499 τὰ
483 470 547 510 βέλη
576 472 621 500 τοῦ
638 472 752 510 πονηροῦ
768 470 801 499 τὰ

18 515 181 555 πεπυρωμένα
199 514 304 546 σϐέσαι.
317 527 331 545 ››
354 515 484 546 Τουτέστι
495 538 502 552 ,
523 515 571 549 τὰς
586 515 699 549 ἀτόπους
710 516 801 545 ἐπιθυ-

18 559 65 593 ιίας
75 582 83 595 ,
97 559 158 593 τοὺς
172 562 219 596 τῆς
235 559 359 594 ἀπιστίας
380 560 522 600 λογισμοὺς
551 556 634 599 (οἷον,
651 556 720 600 Ἄρα
736 560 801 590 οἶνοί-

18 616 94 637 ςτασις
121 604 209 642 ἕστινς
236 600 288 645 ἆρα
316 605 451 646 κρίσιςς),
468 605 514 634 καὶ
540 605 599 638 τοὺς
625 605 800 644 πειρασμούς.

18 649 191 688 [Ιεπυρωμένα
209 649 255 686 δὲ,
284 650 313 678 οὐ
342 650 420 688 μόνον
438 649 478 679 ὅτι
507 651 534 679 αῖ
561 649 698 688 ἐπιθυμίαι
723 650 802 679 ἐκπυ-

18 697 95 732 ›ο’ὖσι,
115 694 180 734 πρὸς
203 693 310 734 πράξεις
335 694 448 734 αἰσχρὰς
470 695 665 733 ἀνακαίουσαι,
688 695 747 723 ἀλλ’
762 694 802 723 ὅτι

18 738 50 767 mi
73 740 112 777 τῷ
139 739 268 769 συνειδότι
295 740 412 769 ἐντεῦθεν
431 739 484 776 ἤδη
514 740 655 777 χαιόμεθα.
676 738 730 769 Καὶ
758 739 801 768 διὰ

18 784 57 812 τῶν
81 785 131 819 τῆς
146 784 271 817 ἀπιστίας
293 783 321 813 δὲ
341 785 476 823 λογισμῶν
502 783 592 824 φλέγει
617 786 688 824 ἡμᾶς
712 785 726 813 ὁ
742 783 801 813 διά--

18 827 94 864 εολος,
111 828 158 857 καὶ
174 828 218 858 διὰ
243 830 296 858 τῶν
313 830 479 869 πειρασμῶν.
501 823 536 858 Ἥ
552 828 640 863 πίστις
658 823 702 858 οὖν
717 831 800 858 ταῦτα

18 872 159 902 ῖϐέννυσιν·
186 874 208 902 εἷ
223 874 273 913 γὰρ
289 873 414 911 δαίμονας
436 873 592 910 ὑποτάττει,
617 874 707 914 πολλῷ
731 875 799 910 μᾶλ-
818 877 841 908 Β

18 925 50 946 ιον
69 918 156 954 πάθη.
180 918 244 948 Εἴτε
258 917 309 958 γὰρ
330 917 455 956 ἐπιθυμία
471 917 602 958 φλογίζει,
622 922 676 951 τοῖς
689 918 799 955 μέλλου-

18 973 47 991 ῖιν
70 963 179 1001 ἀγαθοῖς
194 962 324 992 πιστεύων
334 985 341 999 ,
362 962 408 992 καὶ
472 962 604 1002 μελλούσῃ
633 962 780 1002 εὐφροσύνῃ
790 985 798 999 ,

18 1006 180 1040 ιατασϐέσεις
206 1007 324 1042 ταύτην·
342 1006 395 1037 εἴτε
410 1007 570 1047 πειρασμοὶ,
596 1006 727 1037 πιστεύων
748 1011 801 1040 τοῖς

18 1051 148 1088 ιέλλουσι,
168 1052 377 1092 παρακληθήσῃ.
405 1051 562 1088 Ἐννόησον,
589 1053 645 1086 πῶς
678 1051 801 1092 ἐφλέγετο

18 1095 146 1135 “pardus,
173 1096 216 1126 ὅτε
238 1097 281 1127 τὸν
308 1097 362 1126 υἱὸν
392 1096 571 1137 προσέφερεν,
595 1097 654 1126 ἀλλ’
674 1099 691 1133 ἡ
714 1096 802 1130 πίστις

18 1139 130 1170 ῗσϐέννυε
144 1141 190 1177 τὴν
210 1142 306 1181 φλόγα.

46 1199 56 1211 ι
74 1185 132 1215 Καὶ
147 1186 194 1221 τὴν
215 1185 423 1226 περικεφαλαίαν
438 1188 483 1215 τοῦ
499 1185 631 1224 σωτηρίου
652 1185 771 1220 δξασθε.
789 1200 800 1213 ιι

18 1231 153 1266 Ιόυτέστι,
170 1231 216 1266 τὴν
242 1230 376 1265 σώζουσαν
391 1231 437 1260 καὶ
460 1230 652 1271 φυλάττουσαν.
670 1230 735 1261 Ἐὰν
749 1231 800 1271 γὰρ

18 1274 157 1309 ῖὴνπίτσιν
184 1275 305 1315 ἔχωμεν,
321 1275 471 1316 iteratio“,
496 1275 544 1311 τὴν
572 1275 705 1309 σώζουσαν
730 1278 801 1314 ἡμᾶς

18 1322 49 1348 ιαὶ
77 1320 295 1361 φυλάττουσαν,]
311 1320 414 1360 ταχέως
439 1319 558 1353 καὶτοὺς
581 1320 712 1354 σώζοντας
726 1321 800 1360 λογι-

18 1365 83 1402 τμοὺς
98 1365 226 1403 δεξόμεθα
236 1387 244 1402 ,
269 1364 316 1401 τὴν
333 1363 450 1406 κεφαλὴν
474 1366 568 1404 ἡμῶν,
584 1364 642 1401 ἤτοι
657 1364 685 1394 τὸ
700 1367 800 1404 ἡγεμο-

18 1409 74 1438 νικὸν
85 1422 119 1445 τη
125 1413 240 1449 ροῦντας.

48 1467 61 1481 α
77 1454 134 1484 Καὶ
154 1454 203 1490 τὴν
215 1454 349 1494 μάχαιραν
364 1457 411 1484 τοῦ
436 1454 591 1494 Πνεύματος
602 1477 610 1493 ,
626 1454 641 1483 ὅ
654 1455 710 1484 ἐστι
727 1456 799 1495 ῥῆμα

18 1500 84 1529 θεοῦ.
97 1510 112 1528 »
133 1497 184 1528 Διὰ
198 1498 245 1538 μὲν
264 1501 315 1528 τῶν
331 1499 386 1529 ἄνω
408 1499 540 1540 ῥηθέντων
555 1499 707 1529 καθώπλισε
724 1500 803 1529 Παῦ-
823 1498 844 1529 C

18 1555 63 1582 ος,
89 1543 160 1573 ὥστε
181 1545 218 1582 μὴ
235 1543 399 1583 βλάπτεσθαι
423 1543 473 1573 ὑπὸ
497 1546 549 1574 τῶν
565 1545 665 1584 ἐχθρῶν
679 1555 686 1562 ·
710 1546 756 1573 νῦν
774 1544 802 1574 δὲ

18 1588 108 1619 ῑίδωσιν
121 1589 210 1627 ὅπλα,
226 1589 259 1618 δι’
285 1585 321 1618 ὧν
337 1589 362 1608 ⁰⁰
378 1589 452 1619 αὐτοὶ
476 1590 577 1628 μᾶλλον
602 1588 729 1628 βλάπτειν
743 1589 803 1623 τοὺς

18 1633 112 1673 ἷχθροὺς
137 1633 295 1673 ἰσχύσομεν.
316 1633 396 1663 Ἤτοι
411 1628 456 1663 οὖν
475 1633 505 1663 τὸ
524 1635 634 1672 Πνεῦμα
651 1633 714 1663 αὐτό
738 1645 802 1674 φησι

18 1678 142 1719 ιᾶχαιραν
160 1678 316 1716 ΙΙνεύματος
331 1679 561 1719 περιφραστικῶς,
579 1678 597 1714 ἢ
615 1677 663 1714 τὴν
684 1690 801 1717 πνευμα-

18 1723 78 1758 ·ιχὴν
103 1723 255 1760 πολιτείαν,
279 1724 312 1752 δι’
327 1719 357 1759 ἧς
380 1726 397 1760 ἡ
413 1722 516 1764 κεφαλὴ
535 1725 582 1752 τοῦ
597 1723 738 1763 δράκοντος
759 1722 803 1752 τέ-

18 1779 108 1797 ινεται.
127 1767 163 1798 Ἦ
180 1767 207 1797 δὲ
221 1767 388 1807 πνευματικὴ
407 1767 475 1803 αὕτη
498 1768 620 1808 μάχαιρα
643 1769 715 1806 ῥῆμα
731 1770 801 1799 Θεοῦ

21 1824 76 1851 στι,
100 1812 223 1842 τουτέστι
243 1813 420 1853 πρόσταγμα.
448 1811 515 1842 Ἐὰν
539 1811 590 1852 γὰρ
619 1812 653 1841 τὰ
679 1812 803 1852 προστά-

18 1869 94 1894 ιμιιτα
115 1858 196 1886 αὐτοῦ
228 1859 364 1896 ποιῶμεν,
389 1857 587 1895 ἀποκτενοῦμεν
612 1856 656 1886 τὸν
679 1856 736 1897 ὄφιν
758 1857 801 1887 τὸν

18 1902 106 1931 τκολιὸν
116 1925 124 1938 ,
140 1903 178 1936 ὡς
196 1901 311 1936 Ἡσαΐας
326 1901 415 1942 φησίν.
431 1900 471 1932 ’Ἡ
496 1903 568 1941 ῥῆμα
584 1902 655 1931 Θεοῦ
668 1902 725 1931 ἐστι
735 1923 743 1938 ,
755 1902 800 1938 τὸ,

18 1958 24 1974 ι
35 1946 81 1977 Ἐν
90 1949 129 1987 τῷ
139 1946 251 1986 ὀνόματι
265 1946 323 1988 [τοῦ
337 1946 450 1986 Κυρίου]
463 1945 552 1981 Ἰησοῦ
565 1947 685 1986 Χριστοῦ
701 1945 801 1987 ἔγειραι

18 1991 47 2020 Lai
69 1991 226 2032 περιπάτει,
248 2003 263 2020 ι)
282 1991 327 2021 καὶ
341 1993 375 2021 τὰ
391 1993 512 2021 τοιαῦτα.
529 1988 569 2021 *Η
586 1992 676 2024 ἅπλῶς
701 1991 801 2031 μάχαι-

18 2047 50 2063 ιπιν
67 2036 237 2075 Πνεύματος,
252 2035 300 2073 τὴν
318 2038 343 2066 ἐν
363 2035 502 2074 Πνεύματι
517 2034 622 2076 σοφίαν.
652 2046 666 2064 (ι
679 2037 738 2065 Ζῶν
750 2036 801 2076 γὰρ

18 2081 103 2119 ιλόγος
118 2083 167 2110 τοῦ
189 2081 273 2117 Θεοῦ,
301 2081 345 2110 καὶ
371 2080 478 2120 ἐνεργὴς
501 2080 546 2109 καὶ
563 2079 711 2120 τομώτερος
735 2080 801 2121 ὑπὲρ

18 2129 91 2154 πᾶσαν
107 2125 247 2166 μάχαιραν
258 2137 265 2144 θ
282 2139 295 2151 ιο
309 2126 354 2155 καὶ
372 2127 385 2155 ὁ
400 2126 429 2155 τὸ
444 2125 565 2166 χάρισμα
586 2127 634 2161 τῆς
651 2137 800 2163 πνευματι-

18 2171 50 2205 Li;
64 2171 165 2206 ταύτης
181 2170 250 2210 ἔχων
272 2170 408 2211 μαχαίρας
418 2193 426 2207 ,
441 2169 591 2211 χαὶηλαλῶν
608 2170 642 2198 τὰ
656 2172 701 2199 τοῦ
715 2171 802 2210 Θεοῦ,
821 2175 844 2205 υ

18 2214 160 2249 ἰνύποιστός
173 2215 197 2239 ⁹7
214 2217 284 2245 ἐστιν
295 2237 304 2252 ,
312 2210 371 2249 οἶος
381 2214 458 2255 αὐτὸς
470 2210 544 2248 οὗτος
554 2216 568 2243 ὁ
584 2215 700 2247 Παῦλος.

46 2272 60 2287 α
76 2259 130 2290 Διὰ
150 2259 240 2296 πάσης
254 2261 403 2300 προσευχῆς
418 2259 464 2289 καὶ
479 2259 606 2295 δεήσεως,
621 2258 803 2299 προσευχόμε-

21 2316 43 2333 οι
54 2306 79 2334 ἔν
93 2304 177 2334 παντὶ
291 2307 375 2344 καιρῷ
390 2306 416 2334 ἐν
431 2304 578 2343 Πνεύματι.
596 2318 608 2330 ι»
632 2304 803 2338 καθοπλίσας

18 2349 109 2386 ιῦτοὺς,
125 2349 220 2379 λοιπὸν
233 2350 279 2379 χαὶ
302 2348 346 2379 ἐπὶ
360 2349 404 2379 τὸν
429 2349 540 2389 βασιλέα
563 2349 637 2389 ἄγει,
653 2348 732 2389 ,ὥστε
748 2350 805 2378 δεῖ-

18 2396 63 2423 (θαι
75 2396 157 2424 αὐτοῦ
167 2419 173 2429 ,
190 2393 235 2423 ἵνα
249 2398 326 2434 χεῖρα
337 2393 424 2434 ὀρέξῃ.
446 2393 558 2430 Ἐπειδὴ
573 2388 625 2434 γὰρ
640 2388 706 2431 εἶπε,
721 2405 735 2422 ιι
753 2396 804 2424 Δυ-

21 2438 113 2474 ήσεσθε
131 2438 242 2476 σϐέσαι,
255 2450 271 2468 υ
284 2438 329 2468 ἵνα
342 2438 379 2478 μὴ
392 2438 572 2478 φυσηθῶσιθθ,
589 2439 668 2478 φησὶν
678 2461 685 2475 ,
698 2438 738 2468 ὅτι
757 2441 806 2469 Δεῖ

18 2484 64 2520 νμῖν
78 2486 124 2513 τοῦ
151 2485 244 2523 Θεοῦ,
260 2484 306 2514 καὶ
330 2483 511 2523 κατορθώσετε
532 2483 563 2512 τὸ
587 2487 641 2512 πᾶν
664 2483 733 2521 μετὰ
752 2485 804 2513 τῶν

20 2527 150 2567 ἶρημένων
166 2528 213 2557 καὶ
233 2538 247 2557 ι(
266 2527 490 2568 προσευχόμενοι·
509 2539 524 2557 ι)
540 2528 591 2568 οὐχ
606 2528 707 2565 ἁπλῶς,
721 2528 801 2563 ἀλλὰ,

33 2572 83 2602 Διὰ
112 2573 205 2609 πάσης
225 2575 375 2614 προσευχῆς
402 2572 449 2603 χαὶ
469 2573 603 2610 δεήσεως,
630 2585 642 2599 ι
661 2575 708 2609 τῆς
737 2573 805 2612 μετὰ

18 2617 160 2656 ιλαυθμοῦ,
181 2620 228 2653 τῆς
248 2617 315 2657 μετὰ
334 2618 553 2657 στερνοιιτυπίας,
579 2619 626 2654 τῆς
641 2618 709 2656 μετὰ
724 2629 803 2658 γονυ-

18 2662 124 2699 ιλισίας,
141 2662 257 2692 καὶτῶν
283 2662 420 2694 τοιούτων.
447 2662 526 2693 Ἀλλὰ
550 2662 596 2692 καὶ
619 2663 682 2700 οὐκ,
707 2663 734 2693 ἐν
754 2675 804 2693 τα-

42 2728 104 2758 ‘Isa
119 2737 221 2765 xxv",
236 2732 264 2759 ι,
301 2731 314 2750 8
327 2731 391 2758 Act.
405 2737 454 2759 Ill.
468 2733 493 2758 6.
532 2726 547 2747 ¹¹
558 2730 645 2759 Hebr.
658 2737 701 2764 IV,
717 2733 764 2759 42.

856 291 927 320 hanc
941 292 975 320 ad
995 293 1127 321 rationem
1153 292 1232 320 ﬁrma
1246 297 1274 320 et
1294 293 1446 321 indubitata
1465 293 1545 328 ﬁdes,
1566 295 1653 323 totius

856 337 954 366 animae
977 342 1019 366 est
1044 337 1175 366 custodia.
1196 337 1277 366 Fides
1293 342 1385 366 autem
1403 342 1444 367 est
1459 343 1579 373 scutum,
1595 348 1652 368 non

855 381 1033 418 sophismata.
1069 383 1185 410 Scutum
1210 383 1342 419 contegit,
1380 383 1426 411 illa
1467 392 1531 412 vero
1564 384 1651 420 impe~

855 425 943 455 diunt.

897 485 909 498 α
932 475 965 502 In
980 481 1034 509 quo
1049 473 1156 509 possitis
1183 472 1277 500 omnia
1301 472 1354 501 tela
1379 473 1443 501 mali
1470 473 1544 502 illius
1567 473 1653 510 ignita

855 520 1033 555 exstinguere.
1048 530 1060 542 ιι
1077 519 1136 546 Hoc
1148 521 1199 552 est,
1213 517 1346 545 absurdas
1367 517 1540 554 cupiditates,
1552 518 1650 546 inﬁde-

856 565 939 593 litatis
960 563 1153 597 cogitationes,
1171 562 1263 598 quales
1283 566 1347 590 sunt
1374 571 1380 590 :
1402 564 1474 591 Num
1493 563 1651 591 resurrectio

855 613 913 638 est?
929 617 995 637 num
1007 607 1165 644 judicium?
1179 615 1211 635 ac
1225 608 1400 636 tentationes.
1415 607 1503 644 Ignita
1521 616 1585 636 vero
1601 617 1650 644 ap-

856 656 950 691 pellat,
965 662 1022 682 non
1036 653 1126 681 solum
1149 652 1225 689 quod
1240 652 1404 688 cupiditates
1418 653 1603 688 inﬂammant,
1617 654 1651 682 ad

856 699 944 735 turpia
959 706 1041 734 opera
1051 697 1239 731 incendentes,
1254 705 1350 726 verum
1365 698 1449 726 etiam
1460 698 1533 734 quod
1544 698 1571 726 in
1582 706 1649 726 con-

855 744 965 772 scientia
980 743 1042 771 inde
1059 743 1117 779 jam
1127 741 1284 770 ardeamus.
1296 743 1410 778 Insuper
1422 751 1468 778 per
1480 742 1651 771 inﬁdelitatis

853 787 1072 816 ratiocinationes
1087 786 1210 822 adeoque
1222 786 1404 822 cogitationes
1420 787 1475 814 urit
1487 795 1538 815 nos
1552 787 1649 816 diabo-

854 834 906 867 lus,
928 840 1028 869 perque
1062 832 1240 859 tentationes.
1264 831 1342 860 Fides
1365 831 1447 867 igitur
1463 831 1522 860 haec
1543 832 1648 860 exstin-

856 878 912 913 guit
929 887 934 905 :
949 878 970 905 si
985 877 1059 906 enim
1075 875 1217 905 daemones
1229 875 1352 912 subjicit,
1373 876 1460 904 multo
1475 876 1566 912 potius
1577 876 1649 904 affe-

855 927 923 950 ctus.
937 922 999 950 Sive
1009 921 1082 949 enim
1097 920 1314 956 concupiscentia
1331 925 1356 948 te
1368 921 1531 952 inﬂammat,
1551 920 1650 949 futuris

855 967 934 995 bouis
958 965 1071 995 credens
1092 965 1302 1001 obventurwque
1323 965 1436 999 laetitiae,
1458 973 1519 993 eam
1541 966 1648 994 exstin-

854 1020 921 1048 gues
935 1022 941 1039 :
958 1011 1014 1039 sive
1027 1010 1191 1038 tentationes
1203 1013 1229 1037 te
1246 1009 1387 1044 invadant,
1415 1010 1498 1038 ﬁdem
1513 1010 1649 1039 adhibens

854 1056 966 1090 futuris,
999 1054 1219 1084 consolationem
1253 1054 1376 1090 recipies.
1413 1056 1522 1091 Reputa
1557 1059 1650 1083 tecum

855 1100 995 1139 quomodo
1004 1103 1128 1128 ureretur
1136 1098 1276 1127 Abraham
1284 1099 1395 1135 quando
1404 1102 1517 1135 gnatum
1527 1099 1650 1135 offerret,

855 1146 904 1175 sed
915 1145 981 1174 ﬁdes
991 1145 1132 1173 ﬂammam
1144 1144 1224 1172 istam
1236 1143 1436 1180 exstinguebat.

892 1192 978 1219 Vens.
1004 1193 1046 1217 l7.
1063 1200 1075 1213 ‹‹
1093 1190 1127 1216 Et
1150 1188 1255 1224 galeam
1273 1188 1369 1216 salutis
1388 1189 1532 1217 assumite.
1551 1201 1564 1215 ι»
1591 1190 1651 1218 Hoc

855 1240 905 1270 est,
921 1243 983 1272 qua:
1001 1237 1090 1262 servet
1110 1237 1137 1261 et
1155 1233 1298 1261 custodiat.
1316 1234 1384 1261 Nam
1399 1234 1421 1262 si
1436 1233 1519 1262 iidem
1544 1233 1652 1262 habea-

856 1289 927 1314 mus,
943 1279 1068 1316 protinus
1082 1278 1212 1306 salutares
1233 1278 1316 1306 etiam
1337 1278 1516 1315 cogitationes
1530 1279 1652 1315 accipie-

857 1334 928 1359 mus,
950 1332 1011 1360 qum
1026 1327 1107 1359 caput
1121 1327 1246 1351 nostrqu
1268 1331 1317 1351 seu
1331 1323 1494 1360 praecipuam
1516 1328 1543 1352 et
1554 1324 1652 1360 princi-

857 1378 917 1406 pem
930 1369 1018 1397 nostri
1035 1373 1143 1405 partem
1158 1372 1331 1396 conservent.

893 1471 906 1484 (ι
926 1461 959 1487 Et
972 1458 1092 1496 gladium
1109 1458 1236 1495 Spiritus,
1253 1458 1328 1494 quod
1351 1462 1393 1487 est
1408 1458 1522 1487 verbum
1545 1459 1608 1488 Dei.
1639 1471 1651 1484 ιν

860 1506 910 1532 Per
929 1512 960 1532 ea
981 1511 1041 1539 quae
1064 1511 1145 1539 supra
1159 1503 1231 1531 dicta
1256 1508 1331 1537 sunt,
1347 1504 1464 1532 armavit
1477 1512 1528 1532 nos
1551 1504 1652 1532 Paulus

857 1557 891 1576 ne
909 1548 1042 1576 lzedamur
1062 1548 1095 1576 ab
1124 1547 1247 1576 hostibus
1260 1557 1266 1575 :
1278 1556 1351 1575 nunc
1366 1556 1430 1576 vero
1445 1556 1522 1576 arma
1547 1548 1653 1576 submi-

856 1593 965 1627 nistrat,
981 1593 1081 1629 quibus
1096 1592 1147 1628 ipsi
1163 1592 1251 1628 potius
1266 1600 1317 1620 nos
1335 1592 1427 1620 hostes
1451 1593 1550 1621 laedere
1564 1593 1654 1629 possi-

858 1645 930 1666 mus.
949 1638 997 1665 Vel
1021 1638 1105 1674 igitur
1123 1637 1256 1672 Spiritum
1271 1637 1360 1673 ipsum
1374 1637 1441 1665 dicit
1454 1637 1578 1672 gladium
1594 1638 1654 1673 Spi-

857 1682 925 1710 ritus
937 1682 1140 1718 periphrastice,
1157 1681 1196 1710 vel
1211 1681 1383 1717 spiritualem
1399 1682 1493 1715 vitam,
1511 1690 1557 1718 per
1571 1689 1654 1718 quam

857 1731 937 1762 caput
962 1727 1091 1755 draconis
1110 1726 1290 1754 abscinditur.
1312 1726 1464 1762 Spiritualis
1485 1730 1579 1754 autem
1611 1726 1655 1754 hic

856 1772 930 1800 ensis
956 1771 1071 1800 verbum
1088 1772 1138 1800 Dei
1155 1775 1203 1805 est,
1226 1771 1278 1799 hoc
1294 1775 1320 1798 et
1343 1770 1515 1798 mandatum.
1538 1771 1565 1799 Si
1581 1771 1654 1798 enim

857 1816 984 1844 mandata
1021 1817 1080 1852 ejus
1113 1816 1269 1849 fecerimus,
1304 1815 1462 1843 occidemus
1500 1819 1654 1851 serpentem

855 1861 1112 1894 istumtortuosum,
1133 1865 1166 1888 ut
1193 1860 1277 1888 Isaias
1305 1859 1414 1895 inquitt
1432 1880 1438 1887 .
1461 1859 1507 1887 Vel
1536 1859 1653 1886 verbum

857 1906 906 1933 Dei
918 1909 960 1933 est
976 1914 983 1932 :
1010 1905 1094 1941 422
1109 1909 1150 1938 ut,
1163 1916 1176 1929 ιι
1195 1906 1224 1932 In
1251 1903 1363 1932 nomine
1378 1905 1444 1932 .lcsu
1459 1903 1558 1932 Christi
1573 1911 1654 1940 surge

854 1954 881 1979 et
891 1950 1001 1978 ambula
1011 1956 1025 1975 tr
1040 1971 1047 1984 ,
1062 1959 1075 1976 ι)
1089 1950 1222 1985 hujusque
1233 1949 1345 1976 similia.
1360 1949 1409 1977 Vel
1423 1948 1584 1984 simpliciter
1596 1948 1651 1984 gla-

855 1995 933 2023 dium
947 1994 1065 2030 Spiritus
1077 1994 1245 2030 spiritualem
1259 1993 1418 2029 sapientiam
1430 1997 1519 2022 vocat.
1542 2005 1554 2018 ιι
1570 1993 1655 2022 Vivus

856 2044 897 2068 est
907 2039 978 2067 enim
992 2047 1082 2067 sermo
1096 2038 1145 2066 Dei
1155 2043 1182 2066 et
1192 2037 1301 2072 efﬁcax,
1315 2042 1342 2066 et
1352 2038 1546 2074 penetrabilior
1555 2037 1653 2073 quovis

856 2084 944 2120 gladio
955 2084 992 2109 h-
1022 2096 1034 2108 ιι
1053 2085 1084 2112 Et
1108 2084 1152 2120 qui
1170 2082 1251 2119 hujus
1276 2082 1425 2118 spiritualis
1451 2083 1524 2111 ensis
1549 2082 1652 2110 donum

857 2129 948 2163 habet,
964 2134 992 2158 et
1005 2137 1065 2165 qua:
1078 2128 1128 2157 Dei
1152 2132 1218 2156 sunt
1240 2127 1370 2163 loquitur,
1387 2135 1500 2164 prorsus
1522 2127 1654 2155 intolera—

860 2174 921 2202 bilis
942 2179 994 2207 est.
1010 2174 1098 2210 qualis
1118 2173 1173 2210 ipse
1193 2173 1237 2201 hic
1256 2173 1369 2201 Paulus.

893 2267 983 2295 Vens.
1003 2268 1044 2293 18.
1058 2276 1071 2290 τι
1085 2267 1136 2294 Per
1151 2271 1265 2293 omnem
1278 2263 1432 2292 orationem
1448 2266 1474 2291 et
1482 2262 1654 2298 deprecatio-

857 2319 922 2339 nem
941 2315 1051 2339 orantes
1065 2310 1142 2338 omni
1161 2314 1282 2345 tempore
1298 2308 1326 2336 in
1339 2308 1451 2344 Spiritu.
1471 2319 1482 2332 ιι
1504 2309 1655 2344 Postquam

858 2356 941 2383 armis
960 2363 1008 2383 eos
1029 2354 1128 2389 induit,
1169 2353 1203 2382 ad
1241 2353 1437 2389 imperatorem
1459 2360 1505 2381 eos
1526 2352 1655 2389 deinceps

857 2399 940 2433 ducit,
955 2403 985 2427 ut
998 2403 1140 2435 precentur
1151 2407 1217 2426 eum
1231 2406 1285 2434 quo
1301 2405 1414 2426 manum
1430 2397 1561 2434 porrigat.
1582 2398 1656 2426 Cum

857 2445 928 2472 enim
949 2443 1075 2478 dixisset,
1091 2455 1104 2468 α
1132 2443 1255 2471 Poteritis
1270 2442 1458 2479 exstinguere;
1476 2454 1488 2467 ιι
1507 2449 1542 2470 ne
1554 2442 1657 2471 inﬂen—

858 2494 913 2523 tur,
932 2488 1031 2524 inquit,
1050 2489 1109 2516 Deo
1136 2487 1272 2524 indigetis,
1300 2492 1328 2516 et
1349 2495 1404 2515 una
1429 2494 1495 2515 cum
1517 2486 1656 2523 praedictis

858 2533 961 2562 orando
974 2533 1057 2561 etiam
1069 2541 1129 2561 rem
1140 2536 1226 2561 totam
1240 2532 1385 2568 perﬁcietis
1397 2542 1403 2560 :
1416 2540 1471 2560 non
1481 2531 1654 2567 simpliciter,

859 2578 918 2613 sed,
936 2591 948 2602 σι
966 2579 1019 2606 Per
1029 2585 1142 2606 omnem
1156 2577 1309 2606 orationem
1325 2581 1353 2606 et
1364 2576 1587 2613 deprecationem
1598 2595 1606 2609 ,
1641 2588 1653 2600 ιι

858 2631 921 2651 cum
948 2623 1014 2651 ﬂetu
1027 2623 1064 2658 {et
1096 2623 1214 2658 pectoris
1235 2622 1407 2656 contusione,
1429 2629 1493 2650 cum
1512 2619 1657 2648 inﬂexione

858 2675 990 2704 genuum,
1005 2666 1087 2703 idque
1103 2674 1189 2704 genus
1209 2666 1340 2695 similibus
1350 2666 1451 2695 factam
1474 2675 1480 2694 :
1509 2673 1560 2693 nec
1575 2664 1646 2693 stati

697 2783 792 2812 Variae
814 2782 962 2815 lectiones.

42 2839 63 2857 π
76 2839 170 2875 ὅπλον,
182 2839 215 2866 δι’
228 2838 256 2867 οὗ
271 2848 300 2870 ο.
336 2840 358 2860 ⁸⁷
377 2840 544 2873 ἀνυπόστατός
555 2850 583 2871 0.
620 2841 642 2859 ³⁸
654 2842 783 2878 φυσιωθῶο
794 2851 802 2868 ι
816 2849 847 2871 ο.
