1886 3082
8 160 113 187 1137

468 157 643 187 EXPOSITIO
661 158 695 186 IN
715 157 820 187 EPIST.
841 159 887 188 AD
907 160 1023 190 EPHES.
1043 177 1078 183 —
1096 163 1171 192 CAP.
1190 165 1235 192 Vl.

1627 169 1695 196 1138

8 220 50 256 ἣ,
78 222 102 250 ὁ
133 220 246 262 ἀδελφὸς
272 220 299 250 ἐν
320 219 426 261 Κυρίῳ,
461 220 594 252 τουτέστιν
617 222 630 250 ὁ
660 221 838 261 πνευματικὸς
857 225 884 257 Α
899 222 925 251 in

940 223 1039 253 divinis
1054 225 1146 260 rebus,
1161 234 1218 254 non
1239 231 1350 264 propter
1363 229 1483 265 aliquam
1497 236 1558 258 rem
1574 230 1692 258 munda-

8 266 167 306 ἰδελφός.

72 368 95 386 (ί
113 355 171 386 ’⁸ον
201 355 310 397 ἔπεμψα
335 356 401 397 πρὸς
426 357 494 396 ὑμᾶς
519 357 555 391 εἰς
590 357 654 387 αὐτὸ
682 360 774 395 τοῦτο,
798 358 842 389 ἵνα

8 403 128 439 γνῶτε
138 401 150 419 ⁴
164 401 199 431 τὰ
223 401 285 441 περὶ
310 403 387 441 ἡμῶν
401 401 424 438 ⁵,
453 401 498 431 καὶ
522 401 698 443 παρακαλέσῃ
713 403 758 437 τὰς
774 415 843 444 χαρ-

8 446 89 480 δίας
110 447 200 486 ὑμῶν.
214 457 230 476 ι)
249 445 286 476 ⁸0
301 446 375 486 ἅγιος
388 445 513 483 Ἰωάννης
525 445 608 481 οὕτως
624 447 740 487 ἀνέγνω·
754 459 769 478 ι(
783 447 842 479 Ἵνα

8 492 125 529 γνῶτε
155 490 190 520 τὰ
222 491 284 531 περὶ
309 493 402 530 ἡμῶν·
423 505 436 518 ν
454 491 606 528 τουτέστιν,
621 491 664 522 ἵνα
690 493 840 532 ἀπαγγείλῃ

9 537 96 574 ὓμῖν
118 535 156 566 τὰ
169 535 232 576 περὶ
242 537 307 574 ἐμοῦ
318 560 326 572 ,
337 535 382 565 καὶ
395 536 433 575 μὴ
450 537 503 577 ἀφῇ
519 538 587 575 ὑμᾶς
602 542 761 567 καταπεσεῖν
777 537 841 579 ὑπὲρ

12 581 101 618 ἐμοῦ
115 604 126 618 ,
153 582 189 614 ὣς
218 581 245 610 ἓν
269 580 361 614 δεινοῖς
390 581 478 617 ὄντος,
516 581 561 611 καὶ
584 581 676 612 ἅλυσιν
692 585 840 622 φοροῦντος.

10 626 131 655 Τοῦτο
158 626 186 655 δὲ
200 624 248 661 τὴν
262 624 368 663 ἀγάπην
390 626 480 662 δηλοῖ,
494 627 542 662 τὴν
557 637 585 655 τε
607 627 687 657 αὐτοῦ
708 626 772 667 πρὸς
787 628 841 656 αὐ-

14 669 110 708 τοὺς,
129 671 177 700 καὶ
188 670 236 708 τὴν
254 671 360 700 ἐκείνων
373 671 438 711 πρὸς
452 671 540 702 αὐτόν.

73 776 87 787 ‹‹
112 762 218 801 Εἰρήνη
233 764 286 796 τοῖς
302 763 422 802 ἀδελφοῖς
448 763 492 792 καὶ
514 763 606 802 ἀγάπη
624 763 692 802 μετὰ
709 763 840 802 πίστεως,

17 806 83 835 ἀπὸ
113 807 191 836 Θεοῦ
216 807 340 846 Πατρὸς,
366 807 412 837 καὶ
441 807 539 848 Κυρίου
565 807 653 845 Ἰησοῦ
681 809 807 849 Χριστοῦ.
823 820 836 838 ι)

19 851 208 891 Ἐπεύχεται
236 852 325 886 αὐτοῖς
362 852 468 892 εἰρήνην
494 852 539 882 καὶ
564 853 613 889 τὴν
641 854 709 893 μετὰ
730 854 844 888 πίστεως

896 275 971 302 nam,
986 269 1026 297 vel
1053 269 1088 298 ob
1103 272 1263 307 quampiam
1283 280 1342 300 rem
1359 277 1539 302 terrestrem:
1554 275 1594 303 vel
1607 274 1693 304 frater

896 312 925 340 in
940 314 1071 348 Domino,
1085 315 1159 350 quod
1172 320 1224 350 est,
1237 317 1382 351 spiritualis
1404 317 1493 347 l'rater.

932 359 1017 387 Vens.
1040 362 1082 388 22.
1101 372 1113 384 ιι
1129 361 1215 395 Quem
1243 361 1303 390 misi
1322 362 1357 390 ad
1369 371 1416 390 vos
1431 363 1458 390 in
1472 363 1525 392 hoc
1539 363 1639 399 ipsum,
1660 369 1690 392 ut

896 405 1067 440 cognoscatis
1081 413 1142 441 quae
1153 405 1225 433 circa
1237 414 1288 434 nos
1298 411 1372 441 sunt,
1392 411 1419 436 et
1437 408 1594 436 consoletur
1607 408 1690 437 corda

896 452 996 476 vestra.
1013 461 1025 473 ι
1040 449 1126 478 Divus
1137 452 1259 479 Joannes
1272 451 1312 479 sic
1326 451 1390 488 legit
1406 461 1412 480 :
1437 463 1449 477 ι
1468 453 1506 481 Ut
1517 453 1691 488 cognoscatis

896 500 957 529 qua:
971 493 1043 522 circa
1056 502 1106 523 nos
1120 499 1195 529 sunt,
1210 507 1221 520 ι»
1237 495 1290 524 hoc
1308 500 1359 530 est,
1376 497 1416 524 Ut
1435 497 1510 525 vobis
1524 497 1557 525 de
1577 505 1623 525 me
1639 506 1690 525 an—

894 538 1011 572 nuntiet,
1025 546 1076 567 nec
1100 538 1171 568 sinat
1192 548 1239 569 vos
1258 541 1312 570 mei
1326 549 1410 569 causa
1425 541 1617 575 succumbere,
1647 542 1690 569 ni-

896 582 1018 611 miumve
1038 584 1205 619 contristari,
1226 585 1327 622 quippe
1342 586 1388 622 qui
1409 586 1468 622 jam
1488 586 1580 622 gravia
1595 586 1690 614 admo-

895 626 962 655 dum
984 628 1082 664 patiar,
1103 633 1284 666 catenamque
1302 629 1400 658 feram.
1431 632 1492 659 Hoc
1507 636 1599 659 autem
1625 631 1691 659 dile-

895 672 1014 700 ctionem
1029 673 1141 709 indicat,
1156 682 1218 702 cum
1239 674 1297 711 ejus
1318 683 1381 712 erga
1396 675 1479 712 ipsos,
1496 680 1557 704 tum
1580 675 1691 704 illorum

895 725 959 753 erga
979 717 1077 753 ipSum.

933 763 1022 790 Vens.
1036 766 1080 791 23.
1099 775 1111 788 α
1128 765 1181 792 Pax
1195 764 1334 799 fratribus,
1360 769 1388 794 et
1409 764 1529 794 charitas
1551 774 1615 793 cum
1638 766 1692 794 ﬁde

896 815 910 834 a
927 808 985 835 Deo
1000 809 1089 841 Patre,
1101 813 1129 836 et
1149 810 1268 838 Domino
1285 811 1352 838 Jesu
1367 810 1489 839 Christo.
1507 822 1520 835 ι
1538 812 1638 839 Pacem
1653 812 1692 839 eis

896 856 1015 887 exoptat,
1037 857 1118 889 atque
1138 862 1202 882 cum
1224 854 1277 883 [ide
1303 854 1491 883 dilectionem.
1520 857 1580 884 Hoc
1598 860 1691 884 autem

20 895 161 934 ἀγάπην.
179 897 263 926 Τοῦτο
285 896 312 925 δὲ
325 896 442 926 τοιοῦτόν
458 898 543 933 ἐστιν,
559 897 576 933 ἢ
589 896 628 928 ὅτι
642 898 686 928 ἵνα
701 898 738 937 μὴ
752 900 841 938 ἑτερο·
857 898 883 931 Β
895 896 939 924 ἴοι(

933 904 947 924 e
960 901 1011 932 est,
1032 899 1071 926 vel
1089 902 1120 926 ut
1134 898 1248 927 diversa:
1264 899 1403 936 opinionis
1424 899 1552 928 homines
1566 908 1621 928 non
1633 900 1692 928 dili-

22 940 129 974 δόξους
152 941 310 980 ἀγαπῶσιν,
331 941 400 971 ἀλλὰ
425 942 540 980 μόνους⁶
560 942 681 976 πιστούς·
700 943 717 979 ἢ
736 942 776 972 ὅτι
802 944 841 973 δεῖ

20 985 74 1014 καὶ
89 985 191 1014 πίστιν
207 987 277 1026 ἔχειν
299 986 407 1022 αὖτοὺς,
431 987 501 1016 ὥστε
520 986 566 1016 καὶ
589 988 694 1029 sepem
708 989 769 1028 περὶ
787 989 838 1018 τῶν

24 1029 202 1068 μελλόντῶν.
240 1031 328 1071 Χωρὶς
360 1031 411 1071 γὰρ
446 1031 559 1066 πίστεως
596 1032 669 1062 οὐδὲν
699 1033 796 1074 ὠφελεῖ
822 1035 839 1069 ἡ

24 1074 134 1113 ἀγάπη
144 1097 152 1111 ,
178 1076 278 1113 μᾶλλον
286 1075 327 1118 μδὲ
348 1076 401 1105 οὐδ’
424 1076 455 1106 ἂν
478 1077 579 1117 γένοιτο
594 1077 685 1118 ἀγάπη
700 1077 783 1118 χωρὶς
797 1077 841 1107 πί-

26 1130 133 1152 στεως.
148 1118 240 1160 Ὅπερ
251 1121 262 1139 ⁷
278 1114 352 1150 εἶπεν
373 1114 496 1161 εἰρήνην,
514 1121 559 1152 καὶ
637 1114 841 1161 μετά-πίστεως

28 1163 160 1203 ἀγάπην.
186 1165 325 1195 Διδάσκων
340 1166 367 1195 δὲ
386 1167 440 1199 πῶς
462 1165 493 1195 ἂν
513 1166 615 1205 γένοιτο
638 1166 723 1206 αὕτη,
741 1167 841 1206 ἐπήγα-

28 1220 97 1247 γεν,
125 1209 169 1238 ὅτι
191 1209 234 1239 διὰ
249 1212 296 1247 τῆς
320 1210 436 1250 ἀγάπης.
451 1210 488 1241 Ἠ
514 1211 605 1251 ἀγάπη
633 1211 660 1241 δὲ
682 1214 753 1250 πῶς
775 1212 839 1242 Ἐὰν

29 1253 128 1282 πίστιν
146 1253 263 1294 ἔχωμεν.

79 1309 96 1327 (ι
110 1297 153 1328 Ἠ
169 1298 246 1339 χάρις
261 1299 330 1338 μετὰ
346 1299 452 1329 πάντων
474 1301 527 1329 τῶν
542 1301 706 1340 ἀγαπώντων
721 1301 765 1331 τὸν
782 1300 840 1332 Κύ-

32 1354 90 1380 ριον
113 1345 197 1382 ἡμῶν
222 1343 324 1380 Ἰησοῦν
345 1345 462 1385 Χριστὸν
479 1346 505 1375 ἐν
533 1346 694 1386 ἀφθαρσίᾳ.ῗ
708 1346 801 1385 Ἀμήν.
823 1357 838 1375 ι)

31 1387 176 1417 Ἐνταῦθα
189 1388 201 1407 ⁸
217 1390 295 1418 διεῖλε
318 1388 367 1426 τὴν
384 1390 490 1429 εἰρήνην
508 1390 563 1420 ἀπὸ
578 1391 624 1426 τῆς
645 1391 769 1431 χάριτος,
788 1391 842 1432 ἰδίᾳ

33 1433 88 1465 θεὶς
103 1433 274 1473 ἀμφοτέρας,
300 1433 387 1464 καίτοι
407 1437 547 1475 πανταχοῦ
573 1434 724 1466 συνάπτων.
740 1436 779 1466 Τὸ
794 1435 820 1465 δὲ
833 1459 841 1474 ,

37 1487 52 1504 ιι
65 1476 119 1506 Ἐν
137 1478 287 1518 ἀφθαρσίᾳ,
309 1489 325 1508 n
351 1478 410 1515 ἤτοι
427 1480 454 1508 ἐν
482 1479 656 1518 κοσμιότητι,
673 1479 690 1516 ἢ
707 1482 758 1510 τῶν
775 1482 841 1519 ἀγα-

35 1522 154 1551 πώντων
170 1522 214 1551 τὸν
229 1523 346 1561 Χριστὸν
358 1523 369 1541 ³
385 1523 424 1562 μὴ
443 1526 469 1554 ἐν
496 1523 604 1565 πλούτῳ
617 1524 635 1561 ἢ
651 1526 677 1554 ἐν
692 1525 764 1565 δὸξῃ,
781 1526 841 1554 ἀλλ’

35 1566 62 1594 ἐν
78 1571 136 1600 τοῖς
161 1567 317 1607 ἀφθάρτοις,
336 1567 475 1607 τουτέστι,
492 1568 535 1598 διὰ
551 1569 585 1598 τὰ
609 1569 729 1610 ἄφθαρτα
742 1581 748 1588 ·
768 1570 785 1606 ἢ
801 1570 841 1599 ὅτι

37 1612 50 1638 ὁ
65 1612 183 1649 ἀγαπῶν
197 1611 241 1641 τὸν
257 1612 370 1651 Χριστὸν
393 1613 437 1642 διὰ
451 1615 497 1648 τῆς
513 1614 607 1652 ἀρετῆς
633 1614 711 1644 αὐτὸν
738 1615 840 1655 ἀγαπᾷ.

38 1654 72 1685 ῚΙ
95 1656 146 1694 μὲν
162 1656 213 1696 γὰρ
236 1657 355 1697 ἁμαρτία
367 1681 375 1694 ,
391 1657 486 1698 φθορά·
502 1661 517 1694 ἡ
533 1658 560 1687 δὲ
577 1658 672 1698 ἀρετὴ,
696 1659 840 1699 ἀφθαρσία.

40 1699 86 1733 Ὡς
102 1700 158 1741 γὰρ
182 1700 230 1737 τὴν
245 1701 373 1742 παρθένον
389 1702 539 1742 φθείρεσθαι
558 1702 684 1741 λέγομεν,
709 1703 778 1733 οὕτω
796 1703 841 1733 καὶ

39 1744 88 1780 τὴν
107 1745 215 1785 ψυχήν·
241 1745 281 1776 διὸ
315 1746 361 1776 καὶ
385 1746 509 1781 Παῦλοςο
533 1761 545 1774 ι
571 1749 677 1784 Μήπως
705 1750 808 1788 φθαρῇ,
824 1761 839 1775 )›

41 1789 107 1828 φησὶ
119 1813 128 1829 ,
146 1802 162 1818 n
176 1790 210 1819 τὰ
231 1791 353 1829 νοήματα
371 1793 462 1833 ρμῶν·
479 1803 493 1820 n
512 1792 555 1821 καὶ
567 1815 575 1828 ,
595 1806 606 1819 ι
626 1793 843 1833 Κατεφθαρμένοι

40 1833 82 1862 τὸν
98 1838 173 1865 νοῦν.
193 1846 207 1864 ι)
235 1835 341 1865 Γένοιτο
357 1831 400 1866 οὖν
423 1836 468 1865 χαὶ
489 1839 561 1875 ἡμᾶς
575 1837 622 1874 τὴν
638 1831 761 1877 πρὸςντὸν
778 1839 842 1876 Χρι-

42 1878 102 1907 στὸν
130 1880 240 1918 ἀγάπην
258 1880 401 1918 δεικνύειν,
419 1881 462 1911 διά
475 1892 503 1910 τε
526 1881 701 1920 κοσμιότητος
718 1882 742 1900 ¹⁰
767 1882 841 1922 βίου,

41 1923 86 1953 καὶ
107 1924 152 1954 διὰ
180 1927 226 1954 τοῦ
247 1925 282 1955 τὰ
304 1925 425 1966 ἄφθαρτα
452 1927 539 1955 ἐκεῖνα
563 1928 650 1962 ζητεῖν
669 1927 771 1965 ἀγαθά·
797 1926 842 1956 καὶ

43 1966 149 2006 ἅπλῶς,
183 1969 227 1998 διὰ
253 1969 340 2006 πάσης
365 1972 412 2006 τῆς
446 1971 569 2011 ἐναρέτου
598 1972 748 2008 πολιτείας,
783 1971 841 2008 ἥτις

44 2011 176 2052 ἄφθαρτον
196 2018 271 2054 τηρεῖ
294 2013 341 2050 τὴν
368 2016 474 2055 ψυχὴν,
503 2014 540 2054 μὴ
573 2015 790 2056 διαφθειρομένην
815 2017 841 2045 ἐν

45 2056 239 2097 ἐπιτηδεύμασι
268 2059 314 2088 καὶ
329 2059 462 2098 ἀνομίαις,
481 2061 506 2089 ἐν
523 2061 595 2100 αὐτῷ
611 2062 649 2101 τῷ
665 2062 775 2101 Χριστῷ
803 2062 842 2101 τῷ

46 2101 185 2146 ἀφθάρτῳ-
207 2104 312 2144 νυμφίῳ
338 2105 389 2133 τῶν
426 2105 562 2143 παρθένων
595 2106 641 2135 καὶ
676 2106 841 2146 ἀδιαφθόρων

45 2146 146 2189 ψυχῶν.
169 2142 212 2189 τῼ
239 2142 348 2183 ἡἾδόξα
376 2151 412 2182 εἰς
443 2142 502 2183 τοὺς
525 2150 622 2184 αἰῶνας
649 2151 701 2180 τῶν
727 2142 840 2181 αἰώνων.

48 2187 139 2228 Ἀμήν.

80 2287 87 2308 5
103 2279 128 2307 11
142 2281 204 2309 Cor.
218 2288 258 2315 ιι,
275 2284 299 2309 3.
337 2282 351 2300 κ
363 2282 391 2310 II
400 2282 473 2311 Tim.
490 2291 538 2317 tu.
559 2286 587 2311 8.

895 945 969 977 gant,
990 941 1038 970 sed
1053 943 1126 971 solos
1146 943 1238 972 ﬁdeles
1259 953 1265 971 :
1286 944 1327 972 vel
1347 945 1410 980 quia
1428 949 1538 980 oportet
1552 949 1580 972 et
1607 945 1690 972 iidem

894 986 996 1015 habere
1014 995 1072 1022 eos,
1085 993 1115 1015 ut
1127 987 1160 1016 de
1177 987 1278 1017 futuris
1290 988 1440 1017 confidant.
1455 990 1519 1017 Siue
1543 989 1598 1017 ﬁde
1615 990 1690 1018 enim

893 1031 961 1059 nihil
975 1032 1085 1067 prodest
1095 1032 1225 1067 charitas,
1242 1033 1298 1061 imo
1309 1041 1343 1061 ne
1358 1033 1468 1061 dilectio
1482 1033 1592 1069 quidem
1608 1033 1692 1062 fuerit

893 1076 953 1104 sine
968 1076 1021 1104 ﬁde
1038 1087 1044 1105 :
1072 1077 1099 1105 id
1113 1077 1187 1113 quod
1202 1086 1297 1114 pacem
1316 1077 1397 1112 dixit,
1408 1082 1434 1105 et
1447 1086 1512 1105 cum
1536 1077 1590 1106 ﬁde
1604 1078 1691 1106 chari-

893 1125 989 1149 tatem.
1002 1123 1110 1150 Docens
1121 1127 1210 1150 autem
1225 1123 1365 1158 quomodo
1378 1123 1437 1151 haec
1447 1123 1504 1158 ipsa
1515 1123 1573 1158 fiat,
1587 1123 1690 1157 intulit,

894 1167 946 1194 Per
958 1166 1128 1196 charitatem.
1145 1169 1181 1196 At
1203 1166 1275 1195 unde
1290 1167 1426 1196 charitas?
1440 1168 1469 1195 Si
1485 1167 1568 1196 ﬁdem
1594 1168 1692 1196 habea~

896 1219 968 1239 111115.

932 1301 1020 1328 Vens.
1041 1302 1085 1328 24.
1110 1312 1122 1324 ει
1145 1300 1239 1328 Gratia
1267 1307 1331 1328 cum
1355 1299 1485 1329 omnibus
1510 1300 1556 1336 qui
1573 1299 1693 1336 diligunt

895 1344 1046 1372 Dominum
1066 1349 1192 1373 nostrum
1207 1346 1302 1373 Jcsum
1315 1345 1456 1373 Christum
1469 1345 1496 1373 in
1512 1346 1692 1381 incorruptio-

895 1397 940 1418 ne.
953 1392 1052 1417 Amen.
1070 1401 1082 1414 -
1095 1389 1148 1417 Hic
1163 1397 1256 1425 pacem
1274 1397 1288 1416 a
1306 1390 1393 1425 gratia
1412 1389 1568 1425 distinguit,
1583 1393 1691 1417 utram-

896 1442 950 1470 que
961 1434 1078 1462 seorsim
1094 1442 1207 1470 ponens,
1223 1433 1329 1461 etiamsi
1345 1433 1445 1469 ubique
1457 1434 1523 1461 alias
1535 1437 1689 1462 connectat.

898 1478 966 1507 illud
991 1486 1066 1506 vero.
1095 1488 1108 1505 α
1136 1479 1167 1505 ln
1192 1478 1412 1514 incorruptione,
1440 1488 1454 1504 ››
1480 1478 1535 1506 sive
1562 1478 1693 1515 puritate,

898 1523 975 1556 dicit.
995 1523 1035 1551 vel
1050 1522 1219 1559 diligentium
1239 1522 1390 1556 Christum,
1414 1530 1468 1550 non
1490 1522 1518 1550 in
1533 1522 1634 1550 divitiis
1645 1527 1693 1550 aut

898 1568 994 1603 gloria,
1020 1567 1068 1595 sed
1087 1568 1114 1595 in
1135 1566 1397 1603 incorruptibilibus,
1423 1566 1476 1594 hoc
1501 1571 1552 1599 est,
1581 1571 1693 1603 propter

895 1614 1122 1650 incorruptibilia;
1139 1614 1179 1641 vel
1201 1614 1263 1650 quia
1281 1614 1397 1650 diligens
1411 1613 1561 1646 Christum,
1583 1618 1694 1649 propter

897 1660 1024 1687 \irtutem
1048 1659 1136 1695 ipsum
1162 1659 1260 1694 diligit.
1290 1660 1436 1686 Peccatum
1454 1658 1527 1686 enim
1544 1662 1584 1685 est
1599 1666 1693 1686 corru-

896 1704 962 1740 ptio,
992 1704 1078 1732 virtus
1107 1708 1198 1732 autem
1235 1702 1487 1738 incorruptibilitas.
1513 1703 1589 1731 Sicut
1617 1703 1690 1730 enim

896 1748 1028 1784 virginem
1040 1747 1124 1784 424
1138 1747 1278 1783 corrumpi
1294 1747 1419 1780 dicimus,
1435 1747 1501 1774 item
1516 1751 1543 1774 et
1555 1747 1690 1774 animam.

897 1793 1042 1828 Propterea
1065 1796 1092 1819 et
1120 1792 1230 1825 Paulus,
1254 1803 1265 1815 ιι
1293 1792 1335 1819 Ne
1352 1799 1406 1826 quo
1430 1790 1525 1824 modo,
1552 1800 1564 1817 )›
1593 1791 1690 1826 inquit,

899 1841 1134 1872 «corrumpantur
1157 1844 1254 1863 sensus
1279 1836 1360 1863 vestri
1400 1844 1405 1862 :
1430 1845 1443 1860 »
1466 1839 1504 1869 et,
1534 1845 1547 1860 ι(
1563 1835 1694 1870 Corrupii

897 1886 991 1909 mente
1028 1878 1052 1907 ¹ί.
1090 1892 1102 1905 ι»
1128 1880 1275 1916 Contingat
1307 1879 1390 1915 igitur
1423 1883 1452 1907 et
1484 1886 1535 1907 nos
1570 1878 1692 1907 dilectio-

896 1933 960 1954 nem
978 1933 1041 1961 erga
1062 1924 1202 1953 Christum
1219 1923 1372 1957 ostendere,
1390 1931 1453 1950 cum
1469 1931 1516 1959 per
1535 1923 1597 1950 vitae
1611 1930 1691 1951 orna-

897 1975 956 1998 tum
969 1975 996 1998 et
1010 1971 1164 2005 puritatem,
1186 1973 1246 1996 tum
1256 1976 1303 2004 per
1318 1968 1370 1996 hoc
1381 1967 1456 2004 quod
1471 1967 1689 2003 ineorruptibilia

896 2015 940 2042 illa
957 2015 1029 2042 bona
1057 2014 1226 2049 inquiramus
1248 2014 1259 2040 Ξ)
1288 2021 1320 2040 ac
1337 2012 1511 2048 simpliciter,
1534 2020 1583 2048 per
1609 2011 1688 2039 vitam

895 2059 972 2088 omni
996 2059 1096 2087 virtute
1109 2059 1298 2094 conspicuam,
1315 2065 1377 2093 quae
1393 2057 1583 2093 incorruptam
1599 2061 1691 2084 servat

895 2105 1027 2137 animam,
1046 2111 1103 2131 non
1116 2107 1274 2138 corruptam
1293 2102 1391 2130 studiis
1403 2106 1432 2129 et
1447 2101 1649 2137 iniquitatibus,
1663 2102 1690 2128 in

898 2148 957 2184 ipso
993 2147 1103 2176 Christo
1138 2146 1339 2182 incorruptibili
1367 2154 1469 2182 sponso
1498 2145 1633 2181 virginum
1663 2149 1691 2172 et

895 2194 1116 2229 incorruptarum
1135 2191 1299 2225 animarum,
1326 2190 1370 2218 cui
1396 2189 1479 2226 gloria
1523 2190 1550 2217 in
1573 2189 1686 2218 saecula.

859 2238 884 2270 D
899 2241 999 2267 Amen.

737 2320 833 2351 Variae
855 2321 1005 2352 lectiones.

51 2432 70 2449 ‘°
87 2445 192 2470 -τητα
208 2445 234 2466 o.

83 2394 157 2432 ιΥνῷ
171 2404 197 2425 ο·
237 2398 246 2415 ¹
262 2397 330 2434 ὓμῶν
345 2406 373 2427 ο.
411 2399 422 2416 ⁸
437 2399 541 2434 μόνονο
589 2400 599 2417 ⁷
612 2401 658 2436 ὅρα
675 2401 701 2428 δὲ
717 2403 767 2432 πῶς
790 2400 859 2429 εἶπεν
884 2401 994 2437 εἰρήνην.
1016 2398 1145 2426 Διόάσχων
1159 2397 1184 2424 ’δὲ
1200 2405 1226 2426 o.
1265 2397 1276 2414 ⁸
1297 2397 1342 2432 ὅρα
1365 2400 1417 2428 πῶς
1442 2404 1481 2424 m.
1521 2396 1531 2413 θ
1550 2396 1639 2431 Κύριον
1664 2403 1690 2423 0.
