1886 3082
44 165 80 192 -Η
493 165 670 194 EXPOSITIO
690 167 722 193 IN
742 165 845 194 EPIST.
866 166 910 193 AD
930 166 1070 194 PHILIPP.
1086 181 1121 187 —
1140 167 1214 195 CAP.
1235 169 1254 196 I.

40 228 62 236 ον

1607 172 1675 200 1142

39 228 65 268 ᾧ
95 228 175 266 μετὰ
214 230 260 264 τῆς
295 227 379 262 οἶκὶας
416 229 492 264 ὅλης·
521 229 632 258 ἐνταῦθα
661 231 684 258 οἱ
722 240 814 269 στρατη

906 236 936 255 us
959 229 1131 264 splendidum
1155 230 1295 258 exordium
1322 232 1428 261 habuit.
1450 232 1543 268 Atque
1568 234 1623 262 hac
1640 243 1675 263 ea:

38 273 70 301 ὀὶ
103 272 282 312 ἐφοϐήθησαν
306 273 350 302 τὸν
385 275 508 310 Παῦλον,
533 274 579 303 καὶ
609 273 725 309 ἠξίωσαν
751 273 820 308 ἐξελ-

37 322 78 346 ῑν·
106 318 161 347 καὶ
196 318 263 351 ὅλως
300 318 426 358 λαμπρὰν
461 318 523 358 ἔσχε
553 319 583 348 τὸ
612 319 738 358 κήρυγμα
774 318 822 354 τὴν

876 275 954 302 Actis
966 274 1108 302 discimus.
1125 275 1281 302 Attestatur
1292 278 1382 304 autem
1404 277 1470 311 ipsis
1496 278 1597 306 Paulus
1620 287 1674 306 non

876 319 952 345 modo
965 319 1046 353 ﬁdem
1057 322 1166 353 rectam,
1180 320 1299 354 adeoque
1323 321 1454 355 pericula,
1479 329 1571 350 verum
1593 325 1673 352 etiam

37 362 124 402 χήν·
164 363 211 392 καὶ
242 366 325 393 ταῦτα
368 362 420 392 ἀπὸ
453 365 506 392 τῶν
535 363 659 403 Πράξεων
688 363 814 400 μανθάνο-

905 364 1046 395 luntatem,
1058 372 1118 399 qua?
1135 364 1246 391 libenter
1267 366 1403 400 impertiat
1431 368 1583 401 egentibus.
1601 369 1672 401 Ouo~

36 418 75 438 εν.
117 409 332 448 Προσμαρτυρεῖ
357 407 384 436 δὲ
409 409 506 447 (αὐτοῖς
531 409 545 437 ὁ
577 409 682 441 Παῦλος
719 408 748 437 οὗ
777 408 824 446 μό-

35 464 50 480 ν
81 452 182 482 πίστιν
204 453 284 492 ὀρθὴν
312 452 358 482 καὶ
395 452 544 490 κινδύνους,
573 453 643 482 ἀλλὰ
671 452 717 482 καὶ
744 453 823 491 εὖμε-

34 497 126 526 ἱδοτον
173 491 336 537 προαίρεσιν.
377 491 430 527 ἴΩν
467 496 553 526 ἕνεκεν
590 497 714 527 ἁπάντων
755 497 822 538 σφό-

33 553 58 570 ›οι
72 543 166 581 φιλῶν
184 542 278 575 αὐτοὺς
290 542 335 571 καὶ
354 544 439 580 τιμῶν
453 542 582 582 φαίνεται.
606 556 618 568 ιι

881 417 941 436 rum
961 410 1081 436 onntium
1095 418 1175 437 causa
1188 410 1354 438 vehementer
1365 419 1406 440 eos
1420 420 1480 439 cum
1503 421 1604 445 amare,
1617 416 1674 442 tum

879 453 1010 481 honorare
1041 454 1158 482 videtur.
1353 454 1359 459 ‘

280 701 827 761 THEOPHYLACTI
870 703 1415 763 COMMENTARIUS

531 814 569 845 IN
593 814 804 846 EPISTOLAM
829 814 882 846 AD
907 815 1190 847 PHILIPPENSES.

213 978 441 1009 ΚΕΦΑΛΑΙΟΝ
458 977 624 1008 ΠΡΩΤΟΝ.

59 1054 72 1069 (ι
88 1042 200 1075 Παῦλος
224 1041 269 1071 καὶ
285 1041 413 1080 Τιμόθεος
428 1041 514 1070 δοῦλοι
541 1039 630 1075 Ἰησοῦ
649 1041 777 1078 Χριστοῦ,
799 1051 812 1068 u

27 1089 150 1117 Ενταῦϐα
165 1087 196 1116 οὗ
215 1086 304 1121 τίθησι
324 1086 355 1115 τὸ
367 1088 446 1115 αὑτοῦ
459 1084 563 1123 ἀξίωμα
576 1084 637 1124 [ὅτι]
659 1087 673 1113 ὂ
690 1084 814 1114 Ἀπόστο-

23 1136 74 1168 λος,
89 1131 162 1160 ἀλλὰ
183 1132 274 1161 δοῦλον
300 1130 389 1166 Ἰησοῦ
406 1131 523 1170 Χριστοῦ
539 1129 630 1158 ἑαυτὸν
650 1129 813 1170 προγράφει·

22 1177 82 1216 μέγα
106 1176 156 1215 μὲν
182 1175 230 1205 καὶ
255 1178 331 1204 τοῦτο
346 1174 394 1211 ὃν,
410 1173 481 1210 πλὴν
507 1173 664 1214 κοινότερον.
691 1174 815 1215 Τιμοθέῳ

21 1221 43 1250 δὲ
63 1221 172 1262 γράφων
187 1220 234 1249 καὶ
256 1221 419 1259 Κορινθίοις,
444 1218 592 1248 ἀπόστολον
617 1219 709 1248 ἑαυτὸν
725 1220 813 1250 καλεῖ.

24 1266 50 1296 Γί
67 1266 184 1302 armore;
200 1265 266 1295 ⁸¹Οτι
288 1265 342 1293 ἐκεῖ
366 1264 414 1301 μὲν
443 1262 538 1301 ἔμελλε
563 1263 649 1293 πολλὰ
679 1263 815 1293 διατάττε-

21 1314 95 1348 σθαι,
119 1309 166 1339 καὶ
192 1310 235 1339 διὰ
256 1311 333 1339 τοῦτο
359 1307 503 1338 ἄνελάϐετο
538 1307 568 1337 τὸ
601 1310 647 1337 τοῦ
669 1309 815 1337 ἀποστόλου

22 1355 140 1393 ἀξίωμα·
162 1355 275 1384 ἐνταῦθα
296 1353 323 1382 δὲ
347 1352 421 1383 οὐδὲν
436 1355 552 1382 τοιοῦτον
580 1352 731 1389 ἐπιτάττει,
756 1353 815 1382 ἀλλ’

23 1401 54 1433 ὡς
67 1399 210 1438 ὁμοτίμους
222 1403 300 1437 τιμᾷ.

61 1456 75 1471 ι(
93 1446 165 1474 Πᾶσι
191 1449 245 1476 τοῖς
267 1443 350 1482 ἁγίοις
378 1445 404 1471 ἐν
431 1443 538 1481 Χριστῷ
552 1446 606 1475 τοῖς
617 1442 724 1480 Ἰησοῦ,
741 1438 814 1471 οὖσιν

25 1490 47 1518 ἐν
63 1490 221 1521 Φιλίπποις.
239 1501 254 1516 ν
268 1487 380 1523 Ἐπειδὴ
393 1487 439 1516 καὶ
455 1487 577 1517 Ἰουδαῖοι
592 1486 702 1519 ἑαυτοὺς
727 1487 815 1526 ἁγίους

24 1534 143 1570 ἐκάλουν,
162 1535 199 1567 ὡς
209 1533 272 1566 λαὸς
292 1531 364 1572 ἅγιος
375 1555 385 1570 ,
405 1531 447 1561 διὰ
460 1535 536 1561 τοῦτο
552 1531 728 1570 προσέθηκενο
745 1531 815 1561 «Ἐν

26 1579 126 1618 Χριστῷ
141 1578 242 1614 Ἰησοῦ.
263 1591 275 1603 ιι
294 1579 329 1607 Οἱ
353 1577 404 1616 γὰρ
432 1577 458 1605 ἐν
488 1577 598 1616 Χριστῷ
613 1575 711 1615 ΔἸησοῦ
746 1577 815 1616 ἅγιοι

26 1622 98 1656 ὅντως
110 1622 194 1661 εἰσὶν,
212 1623 306 1651 ἐκεῖνοι
319 1621 346 1650 δὲ
362 1621 480 1661 βέϐηλοι.

65 1678 79 1696 α
94 1666 302 1700 Συνεπισκόποις
329 1667 374 1695 καὶ
399 1665 539 1698 διακόνοις.
555 1677 570 1693 )›
603 1665 815 1699 Συνεπισχόπους

27 1706 76 1740 εἷπε
99 1711 156 1745 τοὺς
181 1711 395 1751 πρεσϐυτέρους·
423 1711 452 1740 οὖ
480 1709 532 1750 γὰρ
554 1709 599 1751 δὴη
615 1712 642 1740 ἐν
665 1714 714 1750 μιᾷ
740 1711 815 1740 πόλει

24 1756 109 1785 πολλοὶ
128 1752 198 1792 ἦσαν
216 1750 365 1785 ἐπίσκοποι.
391 1753 478 1785 Οὔπω
503 1754 555 1794 γὰρ
583 1750 651 1790 ἦσαν
680 1754 815 1794 διακεχρι-

27 1801 86 1836 μένα
107 1800 140 1830 τὰ
157 1801 293 1839 ὀνόματα,
317 1799 385 1830 ἀλλὰ
411 1799 457 1829 καὶ
481 1801 505 1829 οἱ
529 1798 668 1829 ἐπίσκοποι
700 1799 815 1829 διάκονοι

27 1844 66 1873 καὶ
89 1845 265 1886 πρεσϐύτεροι
290 1846 446 1875 ἐκαλοῦντο.
473 1845 522 1883 Τῷ
547 1843 598 1884 γὰρ
622 1843 747 1884 Τιμοθέῳ
761 1845 816 1874 ἐπι-

27 1889 110 1930 σχόπῳ
133 1890 188 1920 ὄντι
211 1891 278 1930 φησί
286 1902 292 1908 ·
311 1902 325 1917 ι(
339 1889 396 1925 Τὴν
408 1889 542 1918 διακονίαν
571 1900 619 1917 σου
648 1889 816 1929 πληροφόρη-

26 1945 64 1961 σον
74 1945 81 1952 ο
95 1945 109 1963 1)
130 1935 175 1964 καὶ
189 1935 284 1971 πάλιν,
304 1945 318 1962 (ι
332 1933 371 1964 “¹Ο
383 1933 512 1970 ἐδόθη⁴σοι
529 1933 596 1972 μετὰ
610 1933 748 1967 ἐπιθέσεως
763 1935 814 1962 τῶν

27 1980 114 2018 χειρῶν
139 1982 184 2010 τοῦ
215 1978 420 2019 πρεσϐυτερίουο
439 1991 454 2006 »
470 1978 590 2008 τουτέστι
618 1979 670 2007 τῶν
705 1979 814 2007 ἐπισκό-

28 2034 90 2052 πων·
114 2025 142 2053 οὖ
164 2024 217 2064 γὰρ
247 2024 420 2064 πρεσϐύτεροι
446 2023 491 2053 τὸν
514 2022 658 2053 ἐπίσκοπον
682 2023 814 2063 ἐλειροτό-

28 2077 91 2098 νουν.
115 2068 168 2098 Καὶ
188 2065 268 2106 αῦ¹⁵,
282 2070 306 2099 οἱ
327 2067 501 2108 πρεσϐύτεροι
521 2067 660 2097 ἐπίσκοποι
679 2068 813 2107 ἐλέγοντο,

29 2112 58 2142 ὡς
73 2113 271 2147 ἐπισκοποῦντες
294 2113 396 2149 δηλαδὴ
418 2113 462 2142 καὶ
477 2113 552 2142 αὐτοὶ
567 2112 611 2142 τὸν
636 2111 699 2141 λαὸν
711 2135 719 2150 ,
745 2112 815 2142 ὥστε

29 2156 152 2195 καθαίρειν
192 2159 238 2187 καὶ
265 2158 387 2198 φωτίζειν
421 2157 478 2190 τοὺς
505 2156 651 2195 δεομένους.
683 2156 761 2189 Τίνος
787 2157 813 2186 δὲ

30 2200 100 2239 χάριν
122 2204 159 2242 τῷ
174 2203 265 2243 κλήρῳ
280 2205 324 2232 νῦν
340 2202 454 2242 γράφει,
471 2201 536 2241 ὅπερ
560 2201 676 2239 οὐδαμοῦ
696 2202 814 2241 ἀλλαχοῦ

31 2244 158 2283 ἒποίησεν;
181 2247 246 2276 Ὅτι
281 2247 356 2277 αὐτοὶ
389 2247 431 2276 τὸν
457 2246 653 2285 Ἐπαφρόδιτον
677 2245 814 2286 ἔπεμψαν,

31 2287 182 2328 ἐπαγόμενον
197 2291 230 2321 τὰ
246 2291 311 2332 πρὸς
325 2291 417 2332 χρείαν
430 2292 467 2331 τῷ
491 2290 654 2331 Ἀποστόλῳ.

1063 978 1147 1014 427
1163 979 1285 1007 CAPUT
1297 981 1458 1008 PRIMUM.

906 1043 993 1069 Vnus.
1015 1044 1042 1069 1.
1061 1042 1162 1069 Paulus
1176 1044 1203 1070 et
1216 1044 1378 1075 Timotheus,
1391 1045 1464 1070 servi
1477 1045 1542 1070 Iesu
1555 1044 1670 1072 Christi.

870 1086 921 1114 Hic
935 1095 991 1114 non
1003 1087 1083 1122 ponit
1097 1087 1257 1126 dignitatem
1267 1087 1493 1115 auctoritatemve
1508 1095 1586 1116 suam
1600 1090 1671 1125 Apo-

870 1131 968 1166 stolus,
981 1139 1076 1159 verum
1093 1139 1123 1159 se
1148 1137 1262 1160 servum
1277 1133 1342 1160 Jesu
1367 1132 1467 1160 Christi
1484 1132 1589 1160 scribit.
1613 1135 1671 1161 Ma-

869 1184 952 1212 gnum
979 1177 1093 1213 quidem
1123 1177 1206 1205 etiam
1234 1177 1285 1206 hoc
1314 1182 1364 1211 est,
1404 1178 1451 1206 scd
1482 1179 1668 1207 communitis.

867 1221 1014 1249 Timotheo
1034 1226 1125 1250 autem
1148 1223 1267 1250 scribens
1286 1227 1313 1251 et
1329 1223 1478 1251 Corinthiis
1489 1243 1496 1257 ,
1513 1224 1668 1259 apostolum

869 1274 926 1294 sese
941 1271 1032 1295 vocat.
1051 1267 1140 1302 Quam
1153 1267 1189 1295 ob
1199 1275 1308 1295 causam
1320 1269 1332 1295 Ρ
1347 1268 1417 1303 Quia
1430 1268 1484 1296 illic
1495 1268 1580 1296 multa
1591 1268 1670 1297 ordi-

868 1315 981 1339 naturus
995 1315 1062 1346 erat,
1076 1316 1219 1347 propterea
1231 1312 1346 1348 apostoli
1359 1313 1549 1341 auctoritatem
1561 1321 1654 1342 assum

869 1357 930 1393 psit.
951 1358 1004 1384 llic
1017 1361 1111 1385 autem
1135 1357 1200 1384 nihil
1217 1357 1271 1385 tale
1287 1357 1415 1394 injungit,
1431 1357 1479 1386 sed
1499 1357 1574 1386 velut
1584 1365 1663 1394 pares

870 1401 923 1429 IIOn
930 1411 977 1430 ore
1000 1403 1181 1438 prosequitur.

905 1448 1034 1475 Omnibus
1051 1448 1151 1475 sanctis
1164 1449 1193 1475 in
1207 1447 1317 1475 Christo
1327 1449 1390 1476 Jcsu
1401 1469 1409 1480 ,
1426 1449 1475 1483 qui
1490 1451 1553 1476 sunt
1567 1449 1668 1484 Philip-

867 1493 919 1526 νίς.
933 1492 1003 1526 Quia
1015 1491 1103 1520 Judaei
1117 1492 1221 1527 seipsos
1235 1497 1344 1520 sanctos
1365 1493 1544 1528 appellabant,
1567 1493 1668 1529 quippe

868 1537 930 1572 quia
945 1536 1062 1572 populus
1081 1540 1192 1564 sanctus
1217 1541 1306 1570 erant,
1323 1544 1386 1565 eam
1411 1537 1448 1565 ob
1472 1545 1533 1565 rem
1555 1537 1667 1574 adjecit,

870 1583 900 1609 In
918 1583 1021 1610 Christo
1039 1584 1112 1611 Jesu.
1127 1582 1181 1618 Qui
1194 1582 1311 1610 enimin
1336 1582 1446 1611 Christo
1459 1583 1526 1610 Jesu
1551 1586 1629 1617 sunt,
1651 1583 1668 1610 ii

870 1633 931 1653 vere
944 1630 1008 1654 sunt
1034 1626 1131 1660 sancti,
1148 1626 1184 1654 illi
1203 1631 1296 1654 autem
1312 1626 1433 1662 profani.

832 1684 855 1716 ρ
905 1671 1078 1716 coepiscopis
1099 1673 1125 1699 et
1145 1671 1273 1699 diaconis.
1295 1672 1479 1716 Coepiscopos
1491 1670 1667 1716 presbyteros

869 1715 1013 1750 appellavit
1037 1725 1044 1743 :
1062 1723 1120 1743 non
1134 1716 1210 1743 enim
1237 1716 1264 1743 in
1287 1723 1341 1743 una
1363 1715 1430 1743 urbe
1450 1715 1531 1743 multi
1548 1715 1667 1751 episcopi

869 1758 990 1787 fuerunt.
1009 1760 1140 1788 Nondum
1169 1760 1242 1787 enim
1275 1764 1353 1788 erant
1387 1759 1514 1788 distincta
1541 1760 1666 1793 nomina,

869 1811 963 1831 verum
978 1805 1028 1839 ipsi
1046 1805 1175 1840 episcopi,
1187 1803 1295 1832 diaconi
1316 1808 1343 1832 et
1361 1804 1511 1840 presbyteri
1532 1804 1666 1832 vocaban-

867 1852 922 1876 tur.
936 1849 1080 1876 Timotheo
1091 1849 1164 1876 euim
1178 1849 1315 1884 episcopo,
1330 1849 1451 1876 scribens
1464 1849 1552 1884 inquit
1567 1858 1573 1876 :
1585 1850 1665 1876 Mini—

869 1895 985 1920 ster-ium
1000 1896 1076 1920 tuum
1090 1894 1171 1928 imple
1184 1893 1191 1913 ¹
1216 1915 1222 1920 .
1242 1894 1275 1920 Et
1286 1901 1381 1920 rursus
1397 1902 1403 1919 :
1421 1893 1498 1926 Quod
1517 1893 1611 1920 datum
1627 1896 1666 1920 est

870 1939 921 1965 tibi
931 1946 990 1965 cum
1002 1939 1169 1972 impositione
1185 1945 1314 1965 manuum
1331 1937 1516 1972 presbyteriinl
1527 1958 1534 1970 ,
1549 1937 1602 1965 hoc
1624 1941 1665 1964 est

868 1983 1059 2018 episcoporum
1089 1992 1096 2010 :
1130 1990 1185 2010 non
1211 1982 1286 2010 enim
1316 1981 1466 2018 presbyteri
1506 1981 1664 2018 episcopum

869 2027 1041 2055 ordinabant.
1055 2028 1162 2055 Rursus
1184 2026 1335 2062 presbyteri
1349 2026 1467 2062 episcopi
1494 2025 1578 2054 etiam
1593 2025 1666 2063 dice-

869 2071 977 2105 bantur,
991 2075 1022 2099 ut
1036 2072 1083 2107 qui
1096 2075 1123 2099 et
1134 2071 1183 2107 ipsi
1197 2071 1330 2107 populum
1342 2071 1538 2106 iuspectarent,
1553 2070 1665 2106 ejusque

867 2124 963 2144 curam
990 2120 1125 2151 gererent,
1149 2120 1179 2143 ut
1203 2119 1350 2151 purgarent
1376 2115 1601 2151 illustrarentque
1616 2123 1663 2144 eos

869 2168 938 2196 quos
956 2165 1028 2188 esset
1049 2167 1168 2188 necesse.
1193 2160 1279 2196 Cujus
1301 2163 1394 2187 autem
1420 2160 1458 2188 rei
1483 2160 1570 2196 gratia
1593 2167 1666 2187 nunc

868 2206 941 2233 clero
969 2205 1063 2233 Scribit
1083 2206 1128 2239 (l),
1146 2204 1220 2241 quod
1247 2212 1383 2240 nusquam
1410 2204 1473 2232 alibi
1499 2204 1579 2232 fecit?
1597 2204 1665 2238 Quia

869 2250 918 2286 ipsi
940 2249 1155 2285 Epaphroditum
1182 2249 1384 2285 ablegaverant,
1400 2249 1446 2285 qui
1465 2257 1527 2285 quae
1541 2248 1666 2284 apostolo

868 2298 960 2322 essent
972 2294 1042 2328 usui,
1063 2293 1183 2322 afferret.

69 2344 82 2360 ι
98 2335 177 2375 Χάρις
192 2338 253 2374 ὑμῖν
270 2336 314 2366 καὶ
325 2336 414 2376 εἰρήνη
431 2335 483 2364 ἀπὸ
502 2337 573 2365 Θεοῦ
587 2334 693 2375 Πατρὸς
717 2336 811 2374 ἡμῶν,

905 2341 992 2367 Vsus.
1009 2341 1035 2366 2.
1052 2339 1150 2367 Gratia
1167 2339 1240 2366 vobis
1259 2340 1285 2366 et
1298 2346 1386 2374 pawa
1399 2339 1452 2366 Deo
1466 2339 1548 2366 Patre
1560 2339 1663 2368 nostro,

31 2376 70 2405 ml
89 2379 185 2419 Κυρίου
200 2380 287 2417 Ἰησοῦ
302 2382 430 2420 Χριστοῦ.
449 2392 465 2409 δ)
479 2380 528 2419 ⁸Τὸ
557 2380 664 2416 σύνηθες
692 2379 813 2420 πρόσρη-

34 2431 66 2456 lMK
90 2423 253 2465 προτίθησιν,
283 2425 459 2465 ἐπευχόμενος
487 2426 573 2458 αὐτοῖς
595 2424 638 2454 ἵνα
667 2436 813 2465 κεχαριτω-

34 2464 98 2500 μένοι
121 2463 184 2506 εἷεν,
201 2470 245 2499 καὶ
268 2469 305 2507 μὴ
329 2463 485 2509 ἐπαρθέντες
518 2469 577 2499 κατ’
593 2463 716 2506 ἀλλήλοιν
738 2463 816 2500 Exui-

35 2518 94 2538 σωσι
110 2514 154 2548 τ’ῆς
174 2514 276 2554 εἰρήνης
306 2514 352 2544 καὶ
373 2516 420 2550 τῆς
447 2515 579 2553 ὁμονοίας.
595 2514 639 2544 Τὰ
664 2513 715 2555 γὰρ
741 2515 816 2555 χαρί-

35 2562 117 2590 σματα
130 2562 182 2591 τοῖς
197 2558 233 2598 μὴ
246 2559 271 2579 ⁴⁶
283 2558 446 2599 προσέχουσι
457 2558 540 2600 τύφου
550 2559 673 2600 πρόξενοι.

67 2632 74 2650 ¹
90 2635 112 2662 II
122 2637 193 2666 Tim.
205 2646 249 2674 ιν,
264 2642 291 2668 5.
329 2643 348 2659 ω
365 2639 462 2669 ITim.
476 2647 520 2673 ιν,
532 2643 560 2668 4.

870 2386 894 2411 et
923 2385 1033 2412 Domino
1058 2385 1120 2411 Iesu
1147 2383 1261 2412 Christo.
1279 2384 1447 2411 Consuetam
1475 2382 1668 2411 salutationem

868 2428 990 2464 apponit,
1014 2435 1194 2464 comprecans
1208 2428 1248 2456 eis
1270 2431 1302 2456 ut
1324 2428 1410 2464 gratia
1429 2427 1577 2461 donentur,
1593 2430 1622 2455 et
1634 2434 1669 2455 ne

870 2473 938 2501 alter
948 2472 975 2500 in
990 2473 1106 2501 alterum
1120 2472 1184 2501 elati
1199 2472 1324 2501 excidant
1350 2481 1365 2501 a
1382 2480 1447 2509 pace
1468 2475 1496 2500 et
1509 2471 1667 2500 concordia.

871 2517 1041 2547 charismata
1056 2517 1128 2546 enim
1142 2525 1199 2546 non
1223 2517 1427 2546 attendentibus
1450 2516 1552 2545 fastum
1571 2520 1598 2544 et
1612 2515 1669 2543 ela-

871 2563 978 2592 tionem
1006 2562 1153 2591 advehunt.

719 2689 813 2719 Variae
833 2688 982 2719 lectiones.

69 2734 89 2752 "
102 2736 166 2771 αὖθις
183 2749 209 2769 ο.
247 2743 269 2760 ¹⁵
284 2743 327 2778 μὲν
342 2751 370 2771 ο.

68 2782 99 2813 (ι)
111 2784 170 2818 Quo
183 2792 341 2823 argumento
351 2791 474 2823 constet,
489 2795 505 2816 a
518 2787 602 2822 clero,
618 2795 674 2817 non
685 2795 699 2816 a
712 2787 813 2824 popqu
828 2787 946 2816 missum
960 2786 1191 2823 Epaphroditum,
1205 2794 1255 2823 ego
1273 2785 1384 2821 quidem
1396 2783 1519 2812 nondum
1536 2791 1606 2820 queo
1626 2782 1671 2809 vi-

40 2815 106 2848 dere.
126 2815 258 2856 LATINUUS
271 2829 434 2857 anlus.
