1886 3082
84 183 157 210 1145

508 182 682 210 EXPOSITIO
703 183 733 210 IN
753 183 858 211 EPIST.
878 184 923 212 AD
944 184 1082 212 PHILIPP.
1102 200 1137 204 —
1155 185 1229 213 CAP.
1252 185 1272 213 l.

1661 183 1730 211 1146

81 246 171 284 ὑμᾶς,
201 244 228 275 ἔν
242 257 270 274 τε
297 248 351 278 τοῖς
372 245 477 284 δεσμοῖς
509 256 574 283 μου,
601 245 646 274 καὶ
728 247 876 286 ἀπολογίᾳ,
894 249 919 280 Α
934 248 979 273 t‘in

974 247 1050 274 iculls
1060 247 1133 281 meis,
1146 250 1169 274 et
1181 249 1209 274 in
1221 248 1377 281 defensione
1390 249 1417 275 et
1429 247 1627 282 conﬁrmatione
1640 248 1731 275 Evan-

81 290 132 320 καὶ
159 290 300 330 βεϐαιώσει
314 292 358 320 τοῦ
378 290 567 329 ,Εὐαγγελίοω
584 301 599 319 ι)
616 290 753 328 Πέποιθα,
780 291 875 330 φησὶν,

83 334 128 364 ὅτι
146 335 208 375 ἄχρι
231 335 322 368 τέλους
348 338 459 364 τοιοῦτοι
489 335 594 374 ἔσεσθε,
621 335 665 365 καὶ
690 337 776 376 φρονῶ
801 339 878 366 τοῦτο

79 380 152 426 ὑξτὲρ
167 381 256 417 ὑμῶν,
281 379 346 409 διότι
363 380 404 408 ἀεὶ
427 381 482 420 ἔχω
501 381 528 409 ἐν
545 382 578 419 τῇ
606 381 702 420 καρδίᾳ
727 382 809 419 ὑμᾶς,
834 381 880 410 καὶ

78 424 144 454 οἶδα
165 424 198 454 τὰ
213 424 326 464 ὑμέτερα
355 424 565 464 κατορθώματα,
587 425 632 454 καὶ
654 425 694 454 ὃτι
720 426 879 459 σπουδάζετε

79 469 141 509 καὶξ
152 469 263 502 ἀπόντες
285 469 455 508 συγκοινωνοί
480 481 530 508 μου
555 468 675 507 γενέσθαι
699 472 746 506 τῆς
772 470 880 510 χάριτος

76 517 131 543 τοῦ
169 513 333 553 Εὖαγγελίου
359 514 407 543 καὶ
434 515 485 543 τῶν
512 515 627 552 δεσμῶν.
662 514 748 545 ’Ώστι
780 515 880 544 δίκαιόν

77 560 156 588 ἐστιν
168 559 214 597 ἐμὲ
235 561 345 588 τοιαῦτα
367 559 542 598 στοχάζεσθαι
566 559 632 599 ὑπὲρ
648 561 736 598 ὑμῶν,
760 559 805 589 καὶ
827 559 880 588 ἀπὸ

77 606 137 633 τῶν
159 603 303 642 προοιμίων
340 603 529 642 τεκμαίρεσθαι
538 603 564 620 ²²
579 604 624 632 καὶ
639 604 669 633 τὸ
693 604 774 637 τέλος.
793 603 880 634 ιὈσον

79 647 111 676 δὲ
137 647 267 686 ἐγκώμιον
289 647 319 677 τὸ
349 648 376 676 ἐν
402 647 499 688 καρδία
529 643 596 677 εἶναι
612 648 737 684 Παύλου,
766 652 812 678 τοῦ
842 649 879 686 μὴ

78 692 177 725 ἁπλῶς
201 692 299 728 οὕτως,
323 692 392 722 ἀλλὰ
412 692 479 730 μετὰ
504 692 633 732 κρίσεως,
655 693 700 722 καὶ
723 693 782 726 τοὺς
795 693 880 727 ἀξίους

88 738 96 744 η
162 737 178 744 σ-
274 736 282 746 ,
345 736 352 747 ἶ
386 738 420 748 V‘l
561 737 566 744 θ
741 737 747 747 I
857 737 864 747 Ι

77 745 256 775 cyminum-0g;
286 737 345 766 Λλλ
368 749 412 766 oua
433 737 490 773 ὅτε,
506 749 604 777 φησιν,
619 739 804 776 ἀπελογουμην
826 739 880 767 Νε-

85 793 168 820 ρωνι,
187 781 311 816 ἐξέστητέ
325 793 374 820 μου
404 783 450 817 τῆς
476 782 591 821 μνήμης.
611 781 761 812 Βεϐαίωσιν
785 782 810 811 δὲ
834 785 879 812 τοῦ

82 826 250 865 Εὐαγγελίου
273 826 307 856 τὰ
342 826 427 865 δεσμά
455 838 519 866 φησι
545 827 590 856 καὶ
614 827 660 860 τὰς
684 826 793 867 θλίψεις.
827 827 880 857 Καὶ

83 871 232 909 ἀπολογίαν
261 871 288 900 δὲ
302 871 369 900 αὐτὰ
384 873 468 900 ταῦτα
491 871 572 904 εἴποις
588 871 630 903 ἄν,
655 871 792 912 Πρόδηλον
811 872 879 912 γὰρ,

82 917 126 944 ὅτι
149 916 223 953 εἰμὴ
251 915 391 945 ἐπέπειστο
409 915 537 955 ἀρρήτους
562 912 628 945 εἶναι
653 916 812 952 ἀντιδόσεις,
836 916 881 945 καὶ

83 961 177 1000 ἄφατα
192 959 296 1000 ἆγαθὰ’,
312 961 358 990 οὐκ
377 960 408 990 ἂν
424 961 569 998 ἐδεσμεῖτο·
585 961 632 990 οὐκ
643 960 667 978 ²³
684 961 714 990 ἂν
730 962 768 1001 τῷ
783 961 879 1000 θηριώ-

80 1006 124 1033 ast
142 1004 243 1044 Νέρωνι
266 1005 459 1045 προσέκρουεν,
487 1006 509 1034 εἰ
529 1004 567 1044 μὴ
583 1005 662 1035 ἄλλον
680 1005 792 1045 βασιλέα
808 1018 882 1044 μονι-

82 1049 204 1088 μώτερον
221 1049 246 1067 ²⁴
273 1049 406 1090 προεώρα.
438 1048 524 1079 ιΏστε
554 1050 580 1078 αἱ
615 1050 714 1090 θλίψεις
741 1049 882 1089 βεϐαίωσις

81 1097 132 1123 τοῦ
150 1094 324 1133 Εὖαγγελίου.

131 1149 147 1166 (ι
163 1138 356 1178 Συγκοινωνούς
381 1150 426 1177 μοι
458 1140 504 1174 τῆς
532 1138 640 1178 χάριτος
683 1139 785 1172 πάντας
814 1140 882 1178 ὑμᾶς

79 1183 203 1216 ὄντας.»
223 1183 362 1212 Δείκνυσιν
379 1183 505 1219 ἐνταῦθα,
526 1183 566 1213 ὅτι
581 1184 627 1213 οὐκ
654 1183 767 1222 ἀκρίτως
789 1184 883 1218 αὐτοὺς

78 1230 190 1267 ἀγαπᾷ.
207 1228 259 1258 Διὰ
275 1230 352 1257 τοῦτο
365 1228 436 1267 γὰρ,
455 1227 550 1268 φησὶν,
565 1227 620 1267 ἔχω
641 1229 710 1266 ὑμᾶς
723 1229 750 1257 ἐν
765 1230 798 1267 τῇ
813 1240 882 1268 καρ-

79 1271 143 1311 δίᾳ,
155 1272 220 1302 διότι
249 1272 420 1311 συγκοινωνοί
442 1272 488 1310 μοί
503 1274 562 1302 ἕστε
578 1274 625 1308 τῆς
637 1273 744 1312 χάριτος
765 1273 882 1311 ταύτης,

79 1316 206 1346 τουτέστι
229 1318 281 1346 τῶν
304 1317 416 1357 θλίψεων
445 1316 490 1346 καὶ
514 1318 566 1346 τῶν
587 1317 706 1355 δεσμῶν·
728 1317 774 1346 καὶ
798 1329 882 1347 σπου-

79 1362 179 1395 δάζετε
216 1361 254 1400 μὴ
283 1362 474 1401 ἀπολειφθῆναι
501 1363 578 1399 ἡῶν
601 1362 628 1390 ἐν
653 1365 710 1395 ταῖς
746 1361 881 1402 θλίψεσιν,

81 1405 159 1435 ἀλλὰ
186 1407 239 1435 τῶν
261 1406 326 1444 ὑπὲρ
348 1409 394 1435 τοῦ
422 1406 583 1444 Εὖαγγελίου
611 1407 765 1446 πειρασμῶν
790 1418 883 1436 κοινω-

80 1453 176 1486 νῆσαι.
187 1449 296 1486 ⁶Οτιηδὲ
307 1451 333 1469 ²⁵
348 1450 424 1490 χάρις
441 1450 473 1479 τὰ
485 1450 585 1488 δεσμὰ,
608 1451 688 1485 δῆλον
699 1462 705 1468 ·
718 1465 729 1476 ει
741 1451 829 1491 Ἀρκεῖ
843 1463 883 1480 σοι

79 1498 99 1530 ἡ
133 1495 211 1535 χάρις
238 1507 298 1534 μου.
326 1494 360 1525 Ἣ
386 1495 437 1535 γὰρ
472 1494 581 1532 δύναμίς
613 1506 662 1534 μου
694 1496 720 1524 ἐν
761 1496 882 1536 ἀσθενείᾳ

81 1541 246 1569 τελειοῦται.
261 1538 320 1570 »ΊΙ
337 1540 350 1568 ὃ
367 1539 413 1569 καὶ
429 1541 539 1578 μᾶλλον,
550 1541 585 1573 ὡς
596 1539 747 1579 προκατιὼν
757 1541 784 1559 ²⁶
799 1541 881 1579 λέγει,

81 1584 249 1623 δτιαὛμῖν
277 1584 405 1625 ἐχαρίσθη
432 1584 464 1614 τὸ
490 1584 556 1624 ὑπὲρ
586 1585 703 1624 Χριστοῦ
734 1585 883 1625 πάσχειν.»

80 1629 164 1668 ιὈρει
173 1629 199 1658 δὲ
207 1653 216 1667 ,
230 1631 286 1662 πῶς
295 1630 343 1658 οὐκ
354 1624 423 1666 εἶπε,
435 1628 598 1666 Κοινωνοὺς,
613 1629 681 1658 ἀλλὰ
689 1652 696 1665 ,
709 1643 720 1656 ι
731 1624 883 1670 Συγκοινω-

81 1673 160 1708 γοὺς,
184 1687 196 1700 ι
210 1673 309 1708 δεικνὺς
325 1673 364 1703 ὅτι
375 1673 420 1703 καὶ
436 1674 514 1708 αὐτὸς
529 1673 555 1693 ²⁷
572 1675 662 1707 ἄλλοις
682 1674 737 1704 ἐστὶ
750 1674 885 1711 κοινωνὸς,

81 1717 181 1758 ὥσπερ
196 1719 314 1758 ἀλλαχοῦ
331 1729 419 1759 φησιν.
436 1730 451 1747 ιι
463 1718 523 1748 Ἵνα
539 1718 714 1758 συγκοινωνὸς
726 1721 771 1748 τοῦ
797 1721 885 1758 Εὐαγ-

80 1762 177 1802 γελίου
201 1762 334 1802 γένωμαι,
350 1774 365 1792 n
392 1763 542 1803 τουτέστιν,
567 1762 628 1794 Ἵνα
662 1763 820 1799 κοινωνήσω
832 1766 883 1792 τῶν

81 1807 269 1847 ἀποκειμένων
281 1809 403 1848 ἀγαθῶν,
424 1812 478 1842 τοῖς
503 1807 532 1837 τὸ
549 1807 710 1848 Εὖαγγέλιον
732 1808 883 1848 καταγγέλ-

80 1864 173 1884 Λουσι.

131 1897 265 1937 «Μάρτυς
281 1897 332 1936 γάρ
361 1897 410 1936 μού
442 1899 512 1928 ἐστιν
541 1899 555 1926 ὃ
580 1898 662 1934 Θεὸς,
693 1898 729 1930 ὣς
765 1898 883 1928 ἐπιποθῶ

83 1942 189 1975 πάντας
215 1944 284 1978 ὑμᾶς
328 1943 354 1971 ἐν
381 1942 543 1982 σπλάγχνοις
586 1941 674 1978 Ἰησοῦ
718 1943 848 1982 Χριστοῦ.
871 1958 882 1968 ι-

85 1988 151 2026 Οὖχ
168 1989 202 2019 ὡς
219 1986 408 2025 ἀπιστούμενος
423 1988 545 2026 μάρτυρα
567 1988 642 2016 καλεῖ
658 1986 700 2015 τὸν
715 1987 799 2023 Θεὸν⁷
815 1987 883 2017 ἀλλὰ

83 2031 136 2066 τὴν
150 2031 249 2068 πολλὴν
260 2032 385 2062 διάθεσιν.
403 2034 461 2062 Οὐκ
472 2032 540 2071 ἔχων
552 2033 724 2071 παραστῆσαι
734 2030 776 2060 διὰ
789 2031 881 2071 λόγου,

84 2079 125 2116 τῷ
156 2077 219 2116 Θεῷ
244 2078 438 2114 καταλιμπάνει
463 2079 554 2112 τοῦτο,
581 2078 619 2116 τῷ
635 2076 681 2110 τὰς
710 2076 820 2116 καρδίας
841 2077 884 2111 ἐξ-

83 2122 215 2154 ετάζοντι.
241 2122 327 2150 Τοῦτο
343 2121 370 2150 δὲ
399 2124 444 2151 τοῦ
461 2121 600 2157 ἀληθεύειν
627 2121 704 2150 αὐτὸν
728 2120 882 2161 τεκμήριον.

83 2168 128 2195 οὗ
151 2165 202 2204 γὰρ
233 2165 277 2202 ἂν,
300 2167 322 2194 εἰ
358 2166 512 2195 ἐκολάκευεν
547 2164 659 2202 αὐτοὺς,
689 2166 810 2205 μάρτυρα
838 2166 882 2195 τὸν

85 2210 157 2239 Θεὸν
169 2210 303 2240 ἐκάλεσεν.
314 2223 325 2237 ε
343 2209 389 2240 Ἐν
410 2210 573 2250 σπλάγχνοις
586 2224 596 2236 ιι
609 2209 636 2239 δὲ
647 2232 655 2248 ,
670 2206 742 2240 εἶπεν
751 2234 759 2247 ,
768 2224 780 2236 σι
795 2210 884 2247 Ἰησοῦ

85 2256 218 2294 Χριστοῦ·
233 2269 244 2282 ι
254 2254 386 2284 τουτέστιν
394 2255 488 2295 ,χΟὖχὶ
510 2255 552 2284 διά
577 2267 603 2284 τι
621 2254 782 2293 ἀνθρώπινον
792 2277 800 2291 ,
829 2255 883 2284 οὐδ’

85 2300 129 2329 ὅτι
146 2298 282 2340 ἐπέμψατε
306 2311 351 2335 μοι
366 2300 400 2328 τὰ
418 2300 482 2338 πρὸς
498 2299 607 2339 χρείαν,
639 2299 698 2328 ἀλλ’
712 2300 738 2328 ἐν
758 2302 791 2340 τῇ
814 2300 883 2330 κατὰ

85 2342 158 2375 Θεὸν
174 2345 275 2383 ἀγάπῃ.
293 2343 332 2373 Ἲῐ
343 2366 350 2380 ,
372 2343 412 2373 ὅτι
429 2343 524 2384 Ηατὴρ
541 2345 614 2382 ὑμῶν
640 2343 754 2382 γεγονὼς
769 2344 813 2373 διὰ
837 2347 884 2380 τῆς

85 2389 202 2422 πίστεως
230 2391 277 2424 τῆς
297 2390 333 2422 εἰς
359 2388 492 2429 Χριστὸν,
516 2389 660 2428 σπλάγλνα
679 2389 734 2428 ἔχω
756 2388 794 2428 ἐφ’
809 2391 884 2427 ὑμῖν,

85 2435 117 2463 οὖ
134 2432 248 2473 φυσικὰ,
269 2433 326 2462 ἀλλ’
349 2428 391 2462 οἶα
407 2433 521 2472 Χριστὸς
541 2433 681 2473 χαρίζεται
702 2437 755 2466 τοῖς
769 2434 885 2472 γνησίοις

85 2477 296 2518 αὓτοῧθδούλοις,
311 2481 363 2511 τοῖς
378 2479 449 2518 αὐτῷ
468 2479 578 2516 γεννῶσι
601 2477 635 2506 τὰ
650 2479 696 2507 τοῦ
722 2478 885 2516 Εὖαγγελίου

84 2522 180 2553 τέκνα.
203 2523 309 2557 Πάντας
325 2522 352 2552 δὲ
373 2523 461 2562 ποθῶ,
487 2522 578 2559 ἐπειδὴ
593 2522 638 2553 καὶ
657 2522 754 2556 πάντες
776 2523 887 2553 τοιοῦτοί

88 2571 163 2599 ἐστε.

129 2626 141 2639 α
157 2612 213 2642 Καὶ
246 2613 324 2642 τοῦτο
347 2611 552 2653 προσεύχομαι,
580 2611 626 2642 ἵνα
648 2615 665 2649 ἡ
690 2613 782 2651 ἀγάπη
811 2614 886 2652 ὓμῶν

85 2659 128 2688 ἔτι
157 2658 258 2696 μᾶλλον
279 2657 326 2687 καὶ
347 2659 448 2697 μᾶλλον
484 2657 638 2699 περισσεύῃ.
662 2671 674 2685 ν
692 2657 785 2688 Καίτοι
817 2657 885 2688 οὕτω

125 2741 138 2756 ο
157 2739 181 2766 11
203 2738 266 2767 Cor.
282 2745 340 2774 xu,
356 2741 387 2767 9.

932 292 1004 326 gelii.
1020 292 1145 325 Conﬁdo,
1159 292 1255 328 inquit,
1271 299 1319 320 vos
1329 291 1362 320 ad
1375 291 1459 319 ﬁnem
1469 299 1553 327 usque
1568 292 1638 319 tales
1659 290 1726 323 fore,

931 341 1011 372 atque
1026 336 1078 364 hoc
1091 336 1125 364 de
1139 337 1216 364 vobis
1226 337 1326 370 sentio,
1341 336 1426 372 A29
1439 335 1663 372 quandoquidem
1679 344 1727 362 vos

932 381 960 409 in
979 381 1063 410 corde
1085 389 1148 410 meo
1173 389 1282 417 semper
1305 389 1383 417 gero,
1407 385 1489 416 atque
1512 381 1569 408 scio
1596 380 1727 416 praeclara

933 434 1015 462 opera
1029 431 1129 460 vestra,
1144 431 1172 455 et
1185 427 1258 463 quod
1280 426 1405 454 absentes
1425 425 1509 453 etiam
1523 425 1594 453 detis
1615 433 1727 461 operam

934 476 1076 500 consortes
1084 471 1152 499 mihi
1165 471 1223 499 ﬁeri
1233 471 1327 507 gratiae
1336 469 1474 506 Evangelii
1488 469 1727 505 vinculorumque.

934 516 1052 545 Proinde
1072 517 1177 552 justum
1200 519 1242 544 est
1263 523 1309 544 me
1334 515 1397 543 talia
1425 514 1459 542 de
1484 514 1560 542 vobis
1584 514 1727 550 conjicere,

932 565 1014 596 atque
1027 569 1059 589 ex
1075 560 1233 596 primordiis
1248 560 1330 588 liuent
1346 560 1484 596 colligere.
1500 559 1609 594 Quanta
1632 562 1729 586 autem

934 606 992 634 laus
1012 610 1052 633 est
1066 605 1150 633 Paulo
1175 613 1233 633 esse
1247 605 1334 638 cordi,
1356 605 1402 641 qui
1428 612 1485 632 non
1510 604 1544 632 ita
1559 603 1730 639 simpliciter,

934 650 982 678 sed
997 658 1059 678 cum
1072 650 1187 686 judicio,
1203 654 1230 677 et
1244 649 1341 686 dignos
1355 649 1468 685 diligit?
1483 650 1521 677 At
1534 656 1570 677 ne
1588 652 1648 676 tum
1667 648 1731 684 qui-

935 695 1012 728 dem,
1029 695 1126 731 inquit,
1149 694 1258 730 quando
1283 693 1354 730 apud
1379 695 1514 722 Neronem
1541 692 1731 721 defensionem

936 747 1027 767 meam
1042 739 1109 773 feci,
1131 740 1261 767 memoria
1291 747 1350 766 mea
1377 738 1521 766 excidistis.
1538 737 1733 766 Conﬁrmatio-

934 793 998 812 nem
1013 789 1104 812 autem
1120 784 1257 820 Evangelii
1284 783 1387 811 vincula
1411 787 1438 811 et
1458 783 1621 811 afﬂictiones
1641 785 1732 816 vocat,

933 834 961 858 et
974 829 1033 858 haec
1047 830 1104 866 ipsa
1119 829 1307 857 defensionem
1320 829 1409 856 dicere
1424 828 1535 864 poteris.
1551 827 1730 863 Perspicuum

933 875 1005 902 enim
1021 879 1072 907 est,
1089 873 1140 902 nisi
1154 873 1252 902 fuisset
1271 881 1419 910 persuasus
1438 873 1593 901 ineffabiles
1611 879 1671 900 esse
1684 879 1730 899 re-

936 919 1111 952 tributiones,
1132 923 1159 946 ct
1178 919 1258 946 nullis
1273 919 1363 946 verbis
1386 917 1550 946 enarrabilia
1572 917 1644 944 bona
1669 924 1731 951 quae

935 968 1114 1000 exspectaret,
1131 971 1186 991 non
1207 963 1304 991 fuisset
1317 963 1428 990 vinctus
1451 972 1460 989 :
1486 961 1594 989 efferati
1616 961 1733 989 Neronis

936 1009 1117 1037 oﬂensionem
1132 1016 1189 1036 non
1213 1007 1380 1040 incurrisset,
1403 1007 1454 1034 nisi
1477 1007 1561 1034 alium
1582 1006 1731 1041 imperato-

936 1061 993 1081 rem
1019 1053 1121 1081 diutius
1149 1052 1312 1081 duraturum
1339 1052 1432 1079 animo
1461 1059 1510 1079 suo
1539 1050 1730 1086 prospexisset.

938 1099 1033 1134 Itaque
1041 1098 1205 1125 afllictiones
1218 1102 1283 1125 sunt
1300 1095 1471 1125 conﬁrmatio
1487 1095 1632 1131 Evangelii.

973 1144 1041 1170 Dum
1062 1143 1177 1169 cunsucii
1197 1143 1297 1176 gratiae
1318 1149 1382 1168 mea:
1396 1148 1441 1168 1'08
1462 1147 1550 1167 omnes
1565 1140 1638 1167 sitis.
1653 1138 1733 1166 Ponit

937 1187 981 1214 hic
995 1187 1031 1215 ob
1047 1186 1150 1220 oculos,
1163 1194 1193 1214 se
1207 1187 1272 1214 citra
1289 1185 1422 1222 judicium
1446 1184 1520 1213 haud
1535 1192 1583 1212 eos
1602 1183 1731 1219 diligere;

937 1236 1093 1268 propterea,
1114 1231 1212 1268 inquit,
1228 1231 1315 1259 habeo
1339 1238 1387 1258 vos
1407 1230 1436 1258 in
1454 1229 1548 1263 corde,
1572 1228 1644 1264 quod
1667 1228 1733 1256 estis

937 1276 1003 1304 mihi
1031 1276 1150 1304 consocii
1175 1276 1270 1311 gratiae
1287 1275 1378 1312 huius,
1401 1274 1429 1302 id
1443 1278 1483 1302 est
1499 1273 1679 1302 afﬂictionum
1706 1277 1734 1300 et

937 1321 1108 1348 vinculorum
1123 1330 1130 1346 :
1146 1321 1302 1355 navalisque
1311 1327 1435 1355 operam,
1450 1327 1484 1346 nc
1497 1327 1512 1346 a
1527 1318 1606 1346 nobis
1620 1317 1647 1345 iu
1662 1317 1732 1345 ami-

937 1365 1072 1393 ctionibus
1086 1364 1227 1397 deﬁciatis,
1242 1373 1337 1392 verum
1350 1368 1380 1392 ut
1394 1363 1580 1392 tentationum
1593 1370 1660 1398 quas
1683 1370 1732 1398 pro

938 1410 1084 1446 Evangelio
1098 1410 1277 1442 sustinemus,
1293 1408 1384 1445 potius
1398 1407 1546 1444 participes
1559 1407 1730 1435 cfﬁciamini.

939 1454 1020 1490 Quod
1036 1459 1127 1482 autem
1156 1454 1262 1482 vincula
1278 1454 1330 1481 sint
1350 1453 1448 1489 gratia,
1463 1453 1575 1489 planum
1594 1456 1635 1480 est
1649 1460 1683 1479 ex
1701 1459 1733 1479 eo

937 1499 1011 1535 quod
1026 1500 1163 1527 Dominus
1173 1499 1212 1526 ait
1229 1509 1235 1526 :
1252 1500 1357 1533 Sufficit
1371 1498 1420 1525 tibi
1430 1499 1519 1532 gratia
1529 1505 1602 1529 mea;
1612 1497 1733 1532 potentia

939 1545 1007 1571 enim
1021 1552 1085 1571 mm
1102 1545 1130 1571 ίη
1152 1544 1318 1578 inﬁrmitate
1327 1544 1497 1578 perficitur“.
1523 1542 1572 1569 Vel
1593 1541 1666 1577 quod
1681 1549 1727 1576 po-

936 1589 991 1616 tius
1005 1593 1056 1620 est,
1073 1592 1103 1616 ut
1116 1588 1141 1615 in
1156 1595 1299 1623 progressu
1315 1587 1391 1620 dicit,
1408 1588 1488 1615 Vobis
1499 1587 1627 1614 domitum
1638 1589 1688 1619 cst,
1703 1588 1735 1613 ut

936 1642 986 1668 pro
1019 1634 1123 1661 Christo
1156 1634 1314 1667 patiamini.
1345 1632 1536 1660 Animadverle
1559 1635 1651 1658 autem
1679 1630 1733 1663 hic,

936 1677 1078 1713 quomodo
1089 1685 1146 1705 non
1159 1677 1274 1710 dixerit,
1285 1676 1367 1710 socii,
1381 1676 1427 1704 sed
1436 1696 1444 1709 ,
1461 1675 1597 1709 consocii,
1612 1675 1734 1703 indicans

937 1731 966 1750 sc
979 1722 1038 1750 aliis
1056 1722 1139 1749 etiam
1155 1721 1371 1749 communicare.
1386 1720 1500 1748 Perinde
1515 1728 1548 1748 ac
1564 1720 1591 1747 in
1604 1720 1658 1748 alio
1674 1719 1733 1746 loco

937 1767 988 1800 ait,
1016 1768 1049 1794 Ut
1063 1774 1171 1794 consors
1191 1767 1338 1800 Evangelii
1353 1768 1431 1800 fiam,
1447 1765 1498 1793 hoc
1518 1768 1568 1798 est,
1585 1766 1625 1792 Ut
1647 1765 1731 1800 parti-

936 1819 1001 1847 ceps
1012 1810 1078 1839 ﬁam
1098 1810 1234 1839 bonorum
1252 1810 1390 1846 Evangelii
1415 1809 1640 1844 przedicatoribus
1652 1816 1732 1844 repo-

938 1856 1068 1884 sitorum.

973 1902 1059 1928 Vens.
1073 1903 1100 1928 8.
1119 1901 1205 1928 Testis
1219 1901 1289 1927 enim
1303 1900 1371 1926 mi'hi
1389 1901 1427 1926 est
1446 1901 1525 1930 Deus,
1546 1898 1678 1932 quomodo
1693 1905 1736 1924 cu-

935 1947 1012 1980 piam
1026 1952 1116 1972 omnes
1133 1952 1179 1971 vos
1192 1946 1219 1971 in
1230 1944 1374 1971 visceribus
1388 1945 1450 1970 Jcsu
1460 1943 1571 1971 Christi.
1586 1943 1646 1970 Non
1662 1941 1734 1978 quod

936 1991 961 2018 ei
984 1998 1041 2018 non
1061 1989 1238 2017 adhiberetur
1261 1988 1339 2021 ﬁdes,
1359 1989 1448 2016 Deum
1471 1991 1570 2015 testem
1590 1986 1703 2014 adducit
1726 1996 1732 2014 :

936 2035 983 2063 sed
998 2035 1061 2071 quia
1074 2041 1204 2070 magnum
1223 2033 1308 2061 animi
1323 2033 1365 2061 sui
1381 2032 1514 2060 affectum
1536 2031 1628 2059 verbis
1643 2031 1734 2067 expri-

936 2087 1011 2107 mere
1024 2087 1083 2107 non
1105 2082 1207 2114 posset,
1225 2079 1282 2105 Deo
1306 2077 1359 2105 hoc
1376 2076 1517 2113 relinquit,
1538 2075 1623 2104 corda
1644 2076 1736 2112 explo-

936 2124 1014 2153 ranti.
1034 2125 1135 2160 Estque
1161 2123 1214 2150 hoc
1239 2122 1351 2150 evidens
1374 2124 1570 2158 argumentum
1589 2128 1652 2149 eum
1676 2128 1735 2148 esse

936 2177 1060 2197 veracem
1077 2179 1083 2197 :
1097 2176 1153 2197 non
1168 2168 1242 2195 enim
1257 2167 1280 2195 si
1296 2167 1336 2195 eis
1351 2167 1519 2200 adularetur,
1534 2167 1625 2194 Deum
1639 2173 1734 2192 vocas-

935 2218 977 2242 set
995 2217 1104 2242 testem.
1125 2215 1158 2241 In
1176 2212 1322 2240 visceribus
1339 2215 1434 2239 autem
1453 2211 1523 2239 dixit
1539 2212 1602 2238 Jesu
1623 2210 1734 2243 Christi,

897 2269 922 2301 ι)
938 2258 991 2287 hoc
1009 2263 1059 2294 est,
1080 2266 1137 2286 non
1155 2257 1190 2286 ob
1210 2257 1359 2285 humanam
1374 2256 1530 2292 quampiam
1549 2254 1738 2283 commodita-

937 2307 1003 2337 tem,
1019 2311 1069 2331 nec
1083 2303 1148 2339 quia
1171 2301 1366 2330 trausmisistis
1390 2300 1456 2328 mihi
1482 2299 1580 2336 quibus
1602 2299 1736 2327 haberem

938 2356 1017 2384 opus,
1033 2347 1082 2375 sed
1107 2347 1142 2375 ob
1165 2346 1286 2375 divinam
1310 2345 1494 2374 dilectionem.
1513 2344 1559 2372 Vel
1579 2344 1643 2380 quia
1658 2348 1739 2380 pater

939 2396 1026 2420 vester
1041 2392 1128 2420 factus
1144 2399 1190 2427 per
1204 2390 1290 2418 fidem
1306 2391 1333 2418 in
1353 2390 1506 2424 Christum,
1523 2389 1628 2418 viscera
1647 2389 1736 2417 habeo

938 2444 1002 2473 erga
1015 2445 1073 2471 vos,
1087 2444 1143 2464 non
1162 2435 1308 2470 naturalia,
1325 2435 1375 2463 sed
1389 2435 1480 2471 qualia
1502 2434 1626 2463 Christus
1640 2434 1738 2470 genui-

940 2484 984 2511 nis
1001 2484 1059 2511 suis
1073 2483 1156 2512 servis
1175 2482 1309 2518 impertit,
1331 2482 1527 2519 generantibus
1545 2482 1603 2517 ipse
1620 2482 1742 2516 Evange-

940 2528 967 2556 lii
979 2528 1059 2556 ﬁlios.
1068 2528 1173 2556 Omnes
1184 2531 1278 2556 autem
1289 2526 1417 2555 desidero
1432 2531 1459 2555 et
1474 2526 1651 2554 vehementer
1664 2533 1738 2559 amo,

941 2571 1166 2609 quandoquidem
1189 2576 1217 2600 et
1231 2580 1329 2600 omnes
1344 2572 1412 2600 tales
1431 2571 1505 2599 estis.

976 2619 1067 2646 Vens.
1084 2621 1111 2646 9.
1123 2619 1158 2646 Et
1169 2618 1219 2645 hoc
1234 2625 1291 2651 oro,
1308 2620 1338 2644 ut
1353 2617 1473 2644 clum-itas
1483 2618 1573 2643 vestra
1583 2613 1669 2649 43o
1682 2622 1738 2641 ma-

940 2664 982 2698 gis
996 2670 1027 2690 ac
1048 2664 1143 2698 magis
1155 2662 1285 2690 abundet.
1308 2661 1424 2690 Etiamsi
1448 2661 1485 2689 ita
1508 2659 1650 2688 adamatus
1669 2662 1730 2686 erat

800 2774 895 2805 Varia:
918 2775 1067 2805 lectiones.

124 2829 147 2846 ²²
171 2828 339 2864 τεκμαίρομαι
351 2835 379 2857 o,
418 2827 503 2855 υοῦδ¹
518 2835 546 2857 o.

584 2828 606 2846 ¹⁶
622 2829 782 2865 μονιμώτατα
797 2837 824 2858 ο.
861 2829 884 2847 ²⁵
897 2828 946 2865 γὰρ
959 2837 986 2858 0.

1024 2828 1046 2846 ³⁵
1060 2828 1217 2864 παρακατιὼν
1229 2835 1255 2857 ο.
1294 2826 1315 2844 ²¹¹
1328 2825 1398 2857 οὗτος
1408 2833 1434 2854 ο.
