1886 3082
178 164 247 192 1147

685 163 941 192 THEOPHYLACTI
961 163 1138 191 BULGARM-I
1157 163 1326 199 ARCHIEPJ

1771 162 1827 188 iiii

179 226 269 256 adhuc
287 229 383 256 tamen
405 226 596 255 vehementius
619 226 679 255 vult
702 226 798 254 amari.
827 226 971 255 Charitatis

1065 225 1199 266 λούμενος,
1225 226 1298 264 ὅμως
1324 225 1363 255 ἔτι
1392 226 1493 264 μᾶλλον
1529 224 1659 265 βούλεται
1690 224 1825 264 φιλεῖσθαι.

179 273 252 300 enim
277 271 376 300 modus
408 276 460 305 est,
487 279 630 307 nunquam
659 271 756 307 pedem
784 271 875 307 ﬁgere.
904 271 972 299 Vide

177 321 269 345 autem
285 317 325 345 uti
341 316 506 345 dictionibus
520 317 654 351 majorem
670 316 853 343 inteusionem
869 315 970 344 haben~

177 362 250 389 tibus
262 369 328 389 usus
340 361 384 395 sit,
400 361 510 395 dicens,
523 361 630 392 Adhuc,
654 363 742 397 magis
762 362 916 396 magisque,
933 365 970 393 et.

177 407 313 435 Abundet.
329 407 396 434 Hazc
413 410 506 434 autem
527 406 577 439 ait,
593 413 647 433 uon
664 410 693 434 ut
708 406 796 441 ipsum
819 406 910 434 solum
928 405 968 434 di-

177 451 272 487 ligant,
287 459 382 479 verum
396 451 479 478 etiam
491 450 569 479 alios.

213 497 245 524 In
260 497 403 530 agnitione
418 498 443 523 et
460 496 532 523 omni
544 504 631 523 sensu.
648 497 709 523 Hoc
723 499 775 529 est,
791 499 821 523 ut
834 503 889 523 non
903 495 969 523 sim-

178 541 282 577 pliciter
304 541 416 576 quosvis
445 540 574 576 diligatis,
595 539 644 569 sed
669 548 731 568 cum
754 540 915 577 probatione
945 544 971 568 et

176 586 333 621 cognitione
349 589 376 613 et
387 585 492 621 judicio
508 595 514 613 :
532 585 653 621 plerique
668 585 742 613 enim
755 585 820 613 citra
834 586 970 613 rationem

176 630 292 666 diligunt
312 639 319 658 :
337 630 399 658 hinc
415 638 502 666 neque
518 630 626 658 stabiles
648 634 712 658 sunt
724 630 818 658 talium
833 630 968 659 amicitiae.

177 675 236 708 Vel,
259 676 302 704 Ut
318 675 460 703 haereticos
474 683 530 703 non
544 675 671 711 diligatis.

212 722 299 748 Vens.
321 723 362 748 ιο.
381 721 413 748 Ut
426 721 546 756 probetis
560 722 676 755 potiora.
690 721 748 748 [loc
760 723 812 754 est,
824 727 884 756 quae
895 720 969 748 utilia

177 766 241 794 sint.
257 766 285 794 Si
305 765 377 793 enim
395 773 457 793 eum
473 765 658 801 exploratione
675 773 707 793 ac
720 765 826 801 judicio
840 765 967 802 diligatis,

179 811 292 846 potestis
305 811 379 846 quod
401 810 507 838 confert
527 810 682 838 examinare
705 815 733 838 et
748 818 894 846 agnoscere
908 810 969 846 qui-

179 863 242 883 nam
261 855 391 891 diligendi
411 856 476 887 sint.
498 855 592 884 ﬁdeles
615 855 768 883 nimirum:
791 858 817 882 et
841 855 888 890 qui
903 863 968 888 non,

178 899 300 928 inﬁdeles
313 900 444 928 videlicet.
467 900 616 935 Quomodo
631 899 714 936 igitur
731 900 787 928 alio
800 899 825 927 in
841 899 900 927 loco
916 899 968 934 ait,

177 946 241 972 Cum
262 946 384 972 omnibus
400 946 552 973 hominibus
571 953 662 980 pacem
686 945 779 972 habete
794 947 826 980 ρξ’
847 944 970 972 Primum

176 990 286 1026 quidem
300 998 356 1017 non
370 990 531 1025 simpliciter
544 990 621 1024 dixit,
636 989 683 1018 sed
698 997 761 1017 eum
775 989 948 1018 distinctione
962 999 969 1017 :

176 1036 206 1062 Si
219 1037 278 1070 fieri?
288 1036 383 1069 possit,
405 1043 463 1061 cum
484 1035 606 1062 omnibus
627 1042 719 1069 pacem
735 1034 836 1061 habete.
854 1034 969 1068 Deinde,

178 1079 250 1107 aliud
265 1084 306 1107 est
321 1079 423 1106 habere
445 1087 550 1115 pacem,
574 1079 649 1107 aliud
664 1079 785 1115 diligere.
809 1078 880 1106 Illud
896 1079 969 1106 enim

177 1132 191 1152 a
207 1124 383 1151 contentione
399 1124 505 1152 alienos
517 1132 568 1152 nos
580 1131 639 1152 esse
655 1123 732 1160 jubet
746 1132 752 1150 :
768 1123 879 1159 diligere
894 1131 968 1156 vero,

175 1168 261 1195 animi
281 1167 457 1196 affectionem
479 1169 609 1204 postulat,
629 1176 660 1196 ac
675 1167 757 1196 veluti
779 1172 968 1203 contempera-

174 1213 290 1247 tionem,
307 1221 471 1250 morumque
494 1213 717 1247 similitudinem;
748 1221 809 1249 qua:
835 1212 970 1241 haereticis

175 1265 231 1284 non
243 1261 285 1285 est
298 1257 461 1286 exhibenda.
477 1259 508 1285 Si
525 1259 594 1285 enim
614 1258 704 1286 oculus
721 1260 783 1285 tuus
801 1258 911 1292 offendit
933 1260 967 1289 te,

175 1303 298 1330 exscinde
310 1304 397 1337 ipsum
411 1313 433 1334 q.

214 1349 248 1375 Ut
261 1348 322 1375 sitis
336 1349 444 1379 sinceri,
462 1350 488 1375 et
509 1349 569 1375 sine
583 1349 694 1381 offensa
716 1349 744 1375 in
763 1348 833 1375 diem
858 1348 966 1376 Christi.

173 1394 235 1420 Non
251 1393 278 1420 in
292 1400 385 1420 meum
398 1392 449 1420 hoc
459 1392 638 1421 commodum
652 1392 780 1427 dico,sed
789 1401 822 1420 ne
834 1400 880 1420 vos
894 1391 967 1420 adul-

175 1436 295 1464 terinum
309 1437 419 1473 aliquod
433 1437 534 1472 dogma
553 1438 695 1465 charitatis
710 1441 842 1473 prartextu
856 1437 966 1472 recipia-

174 1483 216 1510 tis.
231 1482 308 1510 Dixit
319 1486 421 1510 autem.
431 1484 538 1513 sinceri,
549 1483 640 1518 quoad
648 1484 736 1510 Deum
750 1493 755 1510 :
769 1484 836 1510 Sine
846 1484 966 1516 offensa,

174 1526 266 1563 quoad
291 1526 425 1554 homines.
455 1526 567 1554 Etiamsi
590 1527 663 1554 enim
683 1531 708 1555 te
733 1535 788 1554 non
809 1527 889 1555 laedat
906 1535 968 1562 quae

174 1573 223 1600 tibi
244 1581 306 1600 cum
322 1573 450 1601 haeretica
464 1573 585 1601 amicitia
601 1574 754 1608 intercedit,
775 1574 858 1601 alium
874 1578 966 1601 tamen

175 1616 298 1645 offendit.
321 1617 467 1652 Quomodo
491 1618 573 1654 igitur
594 1618 621 1645 in
647 1617 691 1646 die
710 1617 810 1646 Christi
829 1618 968 1646 invenieris

175 1661 307 1696 sincerus,
319 1661 450 1689 fratribus
465 1663 520 1690 tuis
535 1661 733 1690 ofl'endiculum
746 1664 867 1698 ponens?

210 1752 299 1779 Vens.
317 1754 358 1779 11.
376 1751 481 1786 Replcti
492 1752 629 1785 fructibus
638 1751 767 1788 justitz‘w,
782 1753 833 1787 qui
845 1754 908 1779 sunt
918 1761 969 1788 per

173 1798 261 1824 Jrsum
273 1797 419 1828 Christum,
435 1797 472 1824 ad
483 1797 602 1831 gloriam
615 1799 639 1824 et
651 1797 756 1824 Iaudem
769 1799 825 1825 Dei.
843 1799 903 1825 Hoc
916 1801 966 1827 est.

175 1843 214 1869 Ut
228 1849 291 1870 cum
316 1841 448 1870 doctrinae
466 1841 629 1870 rectitudine
649 1841 733 1870 vitam
753 1842 835 1870 etiam
856 1842 968 1870 minimc

173 1887 412 1915 condemnandam
427 1886 532 1915 ducatis
545 1897 551 1914 :
567 1895 615 1922 per
625 1886 758 1923 justitiam
771 1887 842 1915 enim
855 1895 968 1914 onmem

175 1932 301 1960 virtutem
317 1932 452 1968 intelligit,
472 1931 512 1959 vel
523 1931 722 1968 eleemosynam
739 1931 888 1967 speciatim.
907 1933 969 1959 Non

175 1981 267 2004 autem
295 1981 325 2004 ut
357 1976 513 2012 imperfecte
537 1976 666 2004 virtutem
692 1980 740 2004 aut
764 1976 967 2012 eleemosynam

175 2021 338 2056 opercminiI
358 2020 406 2048 sed
421 2025 451 2047 ut
466 2020 525 2048 sitis
539 2021 643 2056 repleti.
669 2021 898 2056 Quandoquidem
918 2028 970 2048 au-

175 2070 229 2092 tem
245 2069 271 2092 et
287 2064 411 2092 inﬁdeles
423 2064 583 2093 videbantur
597 2066 650 2093 sibi
676 2070 703 2093 et
713 2066 840 2093 virtutem
854 2069 881 2093 et
896 2066 968 2093 elec—

177 2117 323 2146 mosynam
349 2109 495 2142 vindicare,
519 2109 629 2146 adjecit,
657 2111 708 2144 Qui
729 2113 791 2138 sunt
812 2119 862 2145 per
881 2111 970 2138 Jcsum

177 2155 312 2182 (‘brt‘stum
327 2165 335 2182 :
351 2154 458 2182 illorum
478 2155 548 2183 enim
569 2163 651 2191 opera
666 2163 721 2183 non
740 2159 803 2183 sunt
817 2155 969 2183 secundum

176 2199 327 2234 Christum,
347 2199 395 2228 sed
418 2200 453 2228 ob
473 2208 571 2228 vanam
587 2201 712 2236 gloriam,
726 2204 753 2228 et
767 2204 797 2227 ut
811 2199 970 2228 hominibus

177 2245 308 2280 placeant.
323 2231 362 2273 vIn
383 2246 500 2280 gloriam
519 2231 611 2273 autem
631 2246 689 2275 Dei,
706 2231 763 2272 hoc
785 2249 837 2279 est,
863 2246 924 2272 Non
941 2245 969 2273 in
985 2231 1009 2262 Ῐ)

176 2298 266 2317 meam
288 2290 335 2326 qui
359 2290 417 2318 hanc
443 2290 538 2318 doceo.
561 2291 649 2325 Quare
677 2298 733 2318 non
758 2293 801 2317 est
823 2289 898 2326 quod
922 2298 970 2317 vos

177 2334 318 2362 obsistatis
345 2334 438 2370 gloriae
465 2335 525 2362 Dei.
556 2335 642 2362 Simul
668 2339 760 2363 autem
786 2335 889 2362 animat
911 2342 970 2367 eos,

175 2378 285 2413 perinde
298 2378 374 2414 quasi
386 2380 460 2406 Deus
473 2380 508 2406 sit
523 2379 659 2414 suppetias
670 2379 722 2407 illis
734 2380 839 2407 laturus
850 2380 875 2407 io
891 2387 971 2415 opere

175 2423 250 2459 quod
264 2423 299 2450 ad
319 2423 432 2458 gloriam
447 2423 504 2458 ejus
517 2424 572 2451 sint
587 2425 735 2460 peracturi.

210 2469 300 2496 Vens.
313 2471 354 2495 l2.
364 2469 439 2495 Scire
447 2471 538 2495 autem
548 2477 592 2496 eos
603 2470 672 2499 talo,
681 2471 792 2502 fratres.
807 2469 889 2505 431
902 2470 974 2504 quod

175 2516 234 2544 qua:
247 2509 316 2536 mihi
339 2508 505 2542 acciderunt,
523 2511 610 2544 magis
622 2510 658 2536 ad
674 2511 826 2544 profectum
840 2513 971 2538 rene/"unt

173 2554 324 2589 Evangelii.
350 2552 502 2581 Verisimile
525 2558 584 2581 erat
616 2561 674 2587 eos,
707 2554 753 2581 ubi
782 2554 973 2589 cognovissent

175 2607 239 2627 eum
251 2599 374 2627 vinctum
396 2605 464 2632 esse,
489 2597 604 2632 turbari,
627 2599 703 2635 quasi
719 2598 858 2634 Evangelii
875 2599 972 2634 praedi-

174 2644 244 2672 catio
259 2643 447 2680 impediretur.
464 2643 542 2671 Hanc
556 2643 647 2680 itaque
662 2643 762 2672 tollens
779 2643 972 2680 suspicionem,

209 2691 221 2708 ιι
235 2685 319 2713 Rom.
336 2690 393 2717 χιι,
413 2686 456 2711 ts.
491 2690 503 2706 ιι
522 2684 622 2712 Matth.
636 2692 667 2720 v,
679 2688 722 2718 29.

1027 271 1142 310 Ἇγάττης
1168 271 1220 311 γὰρ
1249 271 1342 311 μέτρον
1368 270 1398 300 τὸ
1429 270 1565 309 μηδέποτε
1591 269 1736 300 ἵστασθαι.
1763 268 1828 307 Ὄρι-

1026 316 1068 353 ὃὲ,
1083 318 1139 350 πῶς
1165 316 1398 355 ἐπιτατικωτέραις
1413 315 1440 335 ³⁸
1456 315 1592 356 ἐχρήσατο
1618 319 1695 349 ταῖς,
1713 313 1827 349 λέξεσιν,

1026 360 1122 398 εἰπὼν,
1137 375 1149 387 α
1159 360 1232 396 Ἐτι,
1248 374 1260 387 ι
1275 360 1333 398 καὶ,
1351 374 1363 387 ι
1374 361 1491 400 μᾶλλον,
1507 374 1519 386 ι
1533 359 1593 396 καὶ,
1611 374 1623 385 ι
1636 359 1801 398 περισσεύῃ.
1814 370 1825 385 n

1026 405 1142 444 Mellae
1160 409 1244 435 ταῦτα
1254 429 1262 443 ,
1279 407 1308 435 οὖ
1322 405 1400 444 μόνον
1416 405 1460 435 ἵνα
1482 405 1560 435 αὖτὸν
1573 406 1724 444 ἀγαπῶσιν
1735 426 1745 440 ,
1767 405 1826 433 tilia

1025 451 1069 480 καὶ
1084 450 1142 484 τοὺς
1158 450 1252 484 ἄλλους
1259 450 1298 480 ²⁰.

1069 507 1083 524 (ι
1096 495 1142 525 Ἔν
1158 495 1297 535 ἐπιγνώσει
1311 495 1356 524 καὶ
1379 494 1453 533 παίσῃ
1470 494 1603 530 αἰσθήσει.
1621 504 1637 522 n
1661 493 1826 525 Τουτὲστιν.

1022 539 1081 570 Ἵνα
1107 540 1145 578 μὴ
1169 540 1260 573 ἁπλῶς
1282 540 1383 573 πάντας
1405 540 1546 579 ἀγαπᾶτε,
1566 538 1639 568 ἀλλὰ
1664 538 1739 576 μετὰ
1764 539 1823 567 δεῖν

1025 584 1138 623 μασίας,
1151 585 1198 614 καὶ
1212 584 1345 624 γνώσεως,
1363 585 1409 614 καὶ
1425 584 1543 623 κρίσεως.
1571 585 1635 614 Εἰσὶ
1656 584 1713 623 γὰρ
1740 585 1824 612 πολλοὶ

1025 630 1125 669 ἀλόγως
1152 630 1304 670 φιλοῦντες’
1330 629 1387 659 ὅθεν
1412 629 1485 659 οὐδὲν
1513 629 1622 667 μόνιμοι
1651 630 1680 657 αἱ
1709 630 1824 657 τοιαῦται

1024 675 1119 714 φιλίαι.
1134 674 1184 710 Ἢ,
1201 675 1240 703 ὅτι
1254 673 1314 704 Ἵνα
1333 674 1370 712 μὴ
1387 673 1530 714 αἱρετιχοὺς
1540 676 1678 712 ἀγαπᾶτε.
1693 673 1700 712 Ι

1066 730 1080 748 ε
1099 720 1143 753 Εἰς
1159 720 1189 749 τὸ
1201 719 1351 757 δοκιμάζειν
1363 720 1433 756 ὑμᾶς
1462 718 1495 747 τὰ
1510 718 1684 758 διαφέροντα.
1706 729 1722 745 ι
1740 718 1822 747 Τουτ-

1024 764 1080 793 έστι
1094 763 1127 792 τὰ
1155 764 1332 804 συμφέροντα.
1349 763 1417 793 Ἐὰν
1431 762 1483 802 γὰρ
1511 763 1578 802 μετὰ
1603 762 1772 801 δοκιμασίας
1785 763 1822 790 καὶ

1024 809 1134 848 κρίσεως
1157 809 1296 848 ἀγαπᾶτε,
1321 808 1431 837 δύνασθε
1455 808 1485 837 τὸ
1510 807 1644 847 συμφέρον
1661 807 1822 844 δοκιμάσει,

1024 854 1068 882 καὶ
1096 855 1240 892 ἐπιγνῶναι
1263 853 1336 886 τίνας
1364 852 1412 891 μὲν
1436 851 1490 893 χρὴ
1516 852 1619 892 φιλεῖν,
1638 852 1683 881 ὅτι
1698 851 1762 884 τοὺς
1786 863 1824 893 9.:-

1025 898 1115 931 στούς·
1141 898 1186 927 καὶ
1216 898 1289 930 τίνας
1305 897 1360 935 μὴ,
1387 895 1427 926 ὅτι
1448 897 1508 930 τοὺς
1532 896 1672 929 ἀπίστους.
1706 897 1772 929 Πῶς
1786 892 1823 925 οἷν

1025 943 1143 982 ἀλλαχοῦ
1155 954 1249 983 φησι,-
1261 942 1337 972 Μετὰ
1352 941 1460 983 xiv-tow
1472 942 1618 982 ἀνθρώπων
1632 940 1788 982 εἷρηνεύετε
1798 953 1806 980 ;
1816 955 1824 966 ι

1026 981 1136 1026 Πρῶτον
1156 981 1218 1025 μὲν,
1242 987 1292 1026 οὐχ
1307 987 1397 1020 ἁπλῶς
1414 981 1504 1022 εἶπεν,
1521 986 1590 1015 ἀλλὰ
1604 981 1826 1026 προσδιώρισεν·

1029 1042 1043 1059 (ι
1060 1033 1091 1062 Εἰ
1107 1031 1232 1067 δυνατὸν,
1255 1031 1323 1069 μετὰ
1347 1031 1453 1061 πάντων
1480 1030 1639 1071 εἰρηνεύετε.
1658 1041 1674 1059 n
1693 1030 1826 1065 Ἔπειτα,

1024 1077 1089 1106 ἄλλο
1099 1076 1154 1106 ἐστὶ
1168 1077 1198 1106 τὸ
1210 1076 1350 1116 εἰρηνεύειν
1364 1098 1373 1114 ,
1387 1075 1433 1105 καὶ
1449 1076 1515 1105 ἄλλο
1534 1075 1563 1104 τὸ
1579 1077 1704 1115 ἀγαπᾷν,
1719 1076 1761 1105 Τὸ
1783 1077 1825 1113 μὲν

1023 1120 1074 1160 γὰρ
1085 1143 1094 1158 ,
1110 1121 1140 1150 τὸ
1155 1121 1192 1159 μὴ
1211 1122 1362 1160 μάχεσθαι·
1379 1121 1409 1150 τὸ
1422 1121 1449 1150 δὲ
1469 1123 1575 1160 ἀγαπᾷν
1599 1120 1722 1150 διάθεσιν
1742 1122 1826 1160 datr/ﬁ:

1024 1167 1144 1202 ἀπαιτεῖ,
1161 1165 1206 1195 καὶ
1223 1161 1275 1195 οἷον
1292 1165 1452 1204 σύγκρασιν,
1472 1166 1518 1194 καὶ
1532 1166 1609 1200 ἤθους
1623 1165 1778 1203 ὁμοιότητα
1791 1166 1824 1192 ³⁸³.

1021 1211 1087 1250 ὅπερ
1107 1210 1172 1250 πρὸς
1196 1209 1342 1251 αἱρετικοὺς
1367 1211 1396 1239 οὗ
1412 1211 1451 1239 δεῖ
1467 1211 1658 1239 ἐνδείκνυσθαι.
1680 1224 1694 1236 ιι
1712 1211 1749 1240 Εἰ
1779 1210 1825 1249 γᾶρ

1023 1255 1183 1296 δδφθαλμός
1205 1267 1251 1285 σου
1271 1254 1440 1290 σκανδαλίζει
1469 1266 1510 1293 σε,
1537 1255 1651 1294 ἔκκοψον
1679 1254 1777 1285 adu-Iv.
1810 1266 1821 1282 ι

1065 1357 1079 1374 σ
1095 1345 1154 1377 Ἵνα
1179 1341 1225 1382 ἦτε
1242 1346 1389 1385 εἰλικρινεῖς
1417 1344 1462 1374 καὶ
1484 1344 1652 1384 ἀπρόσκοποι
1691 1346 1730 1378 εἷς
1761 1346 1825 1383 ἦμέ-

1023 1402 1070 1430 ραν
1089 1392 1218 1430 Χριστοῦ.
1233 1401 1248 1419 n
1261 1391 1301 1419 Οὗ
1316 1390 1380 1429 πρὸς
1399 1389 1429 1418 τὸ
1444 1390 1506 1426 ἐμὸν
1528 1389 1660 1430 συμφέρον
1676 1393 1769 1419 ταῦτα
1786 1391 1826 1419 λέ-

1022 1447 1078 1473 γω,
1099 1437 1159 1465 ἀλλ’
1174 1434 1218 1464 ἵνα
1240 1437 1316 1474 ὑμεῖς
1338 1434 1422 1472 μηδὲν
1436 1435 1510 1463 νόθον
1526 1434 1611 1472 δόγμα
1631 1437 1669 1474 τῷ
1689 1437 1739 1471 τῆς
1763 1436 1825 1474 εἱγᾶ-

1022 1492 1073 1516 πης
1088 1481 1264 1520 προσχήματι
1275 1479 1467 1519 παραδέξησθε.
1491 1474 1559 1509 Εἷπε
1578 1479 1601 1497 ³⁸
1621 1478 1661 1518 δὲ,
1673 1494 1686 1504 α
1703 1481 1824 1519 Εἷλυιριη

1023 1526 1082 1562 νεῖς,
1102 1539 1113 1551 ιι
1128 1527 1162 1559 ὡς
1170 1524 1235 1564 πρὸς
1248 1525 1292 1553 τὸν
1306 1524 1374 1554 Θεόν
1384 1533 1392 1541 ⁸
1402 1537 1413 1550 ιι
1423 1523 1597 1563 ἀπρόσκοποι,
1611 1538 1623 1549 ι
1634 1527 1670 1556 ὡς
1684 1525 1754 1564 πρὸς
1771 1525 1827 1556 τοὺς

1023 1570 1183 1609 ἀνθρώπους.
1203 1570 1236 1600 Εἰ
1264 1569 1373 1608 γὰρκαὶ
1402 1569 1439 1606 μή
1458 1580 1487 1598 σε
1506 1569 1620 1608 βλάπτει
1647 1571 1663 1605 ἡ
1689 1570 1758 1609 πρὸς·
1781 1570 1823 1598 τὸν

1022 1615 1152 1653 αἱρετικὸν
1173 1614 1266 1654 φιλία,
1297 1615 1354 1642 ἀλλ’
1379 1612 1466 1653 ἕτερον
1486 1614 1655 1648 σκανδαλίζει
1670 1613 1710 1645 ³².
1739 1614 1824 1644 Ὥστε

1023 1661 1078 1693 πῶς
1105 1661 1131 1689 ἐν
1213 1658 1302 1699 ἡμέρᾳ
1331 1659 1447 1698 Χριστοῦ
1472 1659 1578 1698 εὑρεθῇς
1593 1658 1635 1678 ³³*
1661 1659 1823 1698 εἰλικρινὴς,

1022 1704 1201 1738 σκανδαλίζων
1215 1703 1275 1737 τοὺς
1290 1703 1436 1742 ἀδελφούς;

1063 1762 1075 1775 ιι
1094 1748 1305 1788 Πεπληρωμένοι
1339 1749 1449 1787 καρπῶν
1477 1746 1644 1784 δικαιοσύνης
1655 1748 1676 1785 ,’
1690 1750 1746 1778 τῶν
1784 1748 1823 1777 διὰ

1024 1793 1110 1830 Ἰησοῦ
1159 1794 1275 1832 Χριστοῦ
1316 1793 1351 1826 εἰς
1376 1791 1454 1826 δόξαν
1491 1793 1538 1821 καὶ
1564 1792 1671 1822 ἔπαινον
1709 1794 1797 1823 Θεοῦ.
1814 1808 1823 1819 ι

1023 1838 1254 1875 Τουτέστιν,Ἵνοι
1278 1836 1346 1875 μετὰ
1363 1839 1409 1872 τῆς
1435 1838 1486 1866 τῶν
1514 1837 1655 1875 δογμάτων
1684 1838 1825 1877 ὀρθότητος

1023 1883 1069 1912 καὶ
1099 1882 1154 1922 βίον
1193 1881 1526 1922 ἔχητείᾶκατάγνωστον.
1551 1881 1732 1918 Δικαιοσύνην
1776 1883 1823 1921 γὰρ

1023 1927 1071 1963 τὴν
1085 1931 1173 1956 πᾶσαν
1195 1926 1291 1966 ἀρετήν
1310 1937 1406 1963 φησιν,
1425 1925 1442 1961 ἢ
1467 1926 1516 1962 τὴν
1537 1925 1722 1963 ἐλεημοσύνην
1736 1928 1824 1956 ἰδικώ-

1024 1983 1108 2011 τερον,
1126 1972 1187 2010 Οὐχ
1212 1971 1255 2000 ἵνα
1273 1971 1300 2000 δὲ
1321 1971 1418 2004 ἀτελῶς
1434 1970 1482 2006 τὴν
1496 1971 1592 2010 ἀρετὴν
1608 1970 1622 2006 ἢ
1636 1971 1684 2006 τὴν
1710 1973 1821 2009 ἐλεημο-

1024 2016 1104 2051 σύνην
1118 2017 1276 2056 ἐργάζησθε,
1294 2015 1354 2044 ἀλλ’
1368 2014 1412 2044 ἵνα
1427 2011 1474 2050 ἦτε
1498 2015 1717 2055 πεπληρωμένοι.
1735 2016 1824 2045 Ἐπει-

1025 2061 1056 2097 δὴ
1078 2061 1105 2090 δὲ
1121 2061 1166 2090 καὶ
1181 2063 1204 2091 οἱ
1229 2060 1362 2098 ιΈλληνες
1381 2061 1487 2091 ἐδόκουν
1511 2062 1605 2100 ἀρετῆς
1620 2063 1822 2099 μεταποιεῖσθαι

1025 2106 1069 2135 καὶ
1107 2105 1300 2144 ἐλεημοσύνης,
1334 2105 1500 2145 προσέθηκε·
1531 2116 1544 2134 (ί
1565 2107 1628 2135 Τῶν
1672 2105 1717 2135 διὰ
1736 2107 1822 2142 Ἰησοῦ

1026 2152 1157 2190 Χριστοῦ·
1173 2162 1187 2180 ι)
1206 2150 1240 2179 τὰ
1254 2150 1358 2180 ἐκείνων
1382 2149 1434 2190 γὰρ
1451 2151 1480 2179 οὗ
1508 2150 1578 2179 κατὰ
1601 2150 1733 2189 Χριστὸν,
1759 2151 1822 2179 ἆ).λᾶ

1027 2195 1070 2224 διὰ
1094 2195 1241 2230 κενοδοξίαν
1254 2195 1300 2224 καὶ
1331 2195 1591 2235 ἆνθρωπαρέσκειαν.
1609 2207 1624 2224 α
1637 2196 1686 2228 Εἰς
1706 2195 1787 2230 δόξαν
1799 2195 1823 2224 δὲ

1025 2243 1070 2269 τοῦ
1083 2241 1169 2277 Θεοῦ,
1186 2251 1200 2269 ››
1221 2240 1364 2277 τουτέστιν,
1382 2240 1441 2270 Οὖκ
1453 2241 1489 2272 εἰς
1502 2238 1576 2278 ἐμὴν
1588 2241 1636 2269 τοῦ
1655 2239 1825 2272 διδάσκοντος

1025 2288 1118 2314 ταῦτα.
1135 2284 1220 2315 Ὥστε
1247 2286 1276 2314 οὗ
1311 2285 1350 2314 δεῖ
1375 2284 1517 2323 ἐμποδίσαι
1541 2286 1608 2322 ὑμᾶς
1697 2285 1761 2324 δόξῃ
1785 2288 1825 2314 τοῦ

1024 2330 1106 2360 Θεοῦ.
1131 2328 1204 2367 ’Λμα
1229 2328 1256 2358 δὲ
1292 2329 1338 2358 καὶ
1364 2329 1562 2369 παραθαῤῥύνει
1589 2328 1700 2365 αὐτοὺς,
1723 2331 1760 2362 ὡς
1783 2331 1825 2358 τοῦ

1025 2376 1096 2404 Θεοῦ
1129 2373 1274 2412 μέλλοντος
1297 2377 1429 2414 συνεργεῖν
1459 2375 1485 2404 ἐν
1513 2375 1551 2414 τῷ
1579 2374 1614 2407 εἷς
1640 2373 1718 2408 δόξαν
1749 2375 1825 2403 αὐτοῦ

1026 2418 1107 2459 39w-

1066 2477 1078 2490 ι
1101 2463 1243 2495 Γινώσκειν
1258 2463 1285 2493 δὲ
1301 2466 1369 2503 ὑμᾶς
1394 2463 1539 2504 βούλομαι,
1565 2462 1694 2504 ἀδελφοὶ,
1724 2464 1768 2494 ὅτι
1794 2464 1824 2492 τὰ

1025 2508 1084 2538 κατ’
1117 2509 1165 2547 ἐμὲ
1212 2510 1314 2547 μᾶλλον
1343 2510 1379 2542 εἷς
1415 2508 1552 2548 προκοπὴν
1581 2509 1628 2537 τεῦ
1658 2508 1825 2547 Εὗαγγε).ίου

1028 2553 1165 2588 ἐλήλυθεν.
1180 2564 1194 2582 ))
1215 2553 1294 2586 Εἰκὸς
1311 2548 1343 2589 ἧν
1364 2554 1457 2586 αὖτοὺς
1473 2552 1604 2590 μαθόντας
1628 2551 1668 2581 ὅτι
1704 2553 1822 2587 δέδεται,

1029 2597 1212 2636 θορυϐεῖσθαι,
1253 2598 1289 2630 ὡς
1331 2599 1378 2626 τοῦ
1414 2597 1585 2636 κηρύγματος
1617 2597 1823 2636 ἐγκοπτομένου.

1030 2641 1154 2682 Ἀναιρῶν
1185 2638 1229 2672 οἷν
1249 2642 1298 2678 τὴν
1321 2641 1444 2671 ὑπόνοιαν
1471 2640 1588 2680 ταύτην,
1605 2640 1698 2681 φησὶν,
1721 2640 1762 2670 ὅτι
1785 2641 1823 2671 οὐ

874 2725 968 2755 Varia:
990 2726 1140 2758 lectiones.

208 2769 230 2787 ³⁸
257 2769 462 2805 ἔπιτατικώτερον
477 2777 503 2799 ο.
542 2770 564 2788 ²⁹
591 2770 649 2797 ἀλλ’
662 2772 707 2799 ἵνα
727 2771 769 2799 καὶ
793 2770 919 2805 ἀλλήλους
939 2778 979 2798 m.

173 2810 194 2826 “3
205 2812 218 2824 *⁸
231 2810 347 2846 εὑρεθήσῃ
361 2817 387 2837 ο.

1017 2771 1039 2788 ³⁰
1053 2771 1195 2807 ἡμερότητα
1218 2778 1244 2800 o.
1282 2771 1303 2788 ⁸¹
1323 2769 1365 2805 ἦτε
1385 2779 1412 2800 ο.
1451 2771 1473 2789 ⁸³
1486 2771 1573 2806 ¹ἕτερος
1585 2770 1776 2801 σκανδαλίζεται
1793 2777 1816 2797 o.
