1886 3082
39 174 127 202 1149

502 172 678 202 EXPOSlTlO
697 173 731 202 IN
750 173 853 202 EPlST.
873 174 918 202 AD
937 175 1078 204 PHILIPP.
1097 190 1132 197 —
1150 175 1225 204 CAP.
1247 176 1267 204 l.

1637 177 1708 205 “50

38 235 139 274 μόνον
152 236 202 266 οὐκ
223 235 376 266 ἓνεπόδισαν
395 235 429 266 τὰ
447 235 532 275 δεσμά
549 248 599 274 μου
621 237 659 277 τῷ
683 236 856 278 Εὖαγγελίῳ,
874 242 899 274 Α

943 243 952 267 t
966 248 973 267 :
989 240 1050 267 Non
1063 238 1152 267 solum
1167 246 1225 267 non
1236 238 1437 275 impediverunt
1448 239 1627 276 Evangelium
1643 240 1706 268 vin-

38 279 126 310 ἀλλὰ
141 281 189 310 καὶ
202 282 302 319 μᾶλλον
313 282 350 314 εἷς
360 280 499 321 προκοπὴν
514 280 643 321 ἐγένοντο.

93 339 108 352 ι
125 324 219 356 Ὠστε
235 325 294 360 τοὺς
314 325 424 364 δεσμούς
463 337 514 364 μου
534 325 662 366 φανεροὺς
685 326 805 366 γενέσθαι
829 329 856 357 ἐν

39 370 171 411 Χριστῷ
198 371 224 400 ἐν
250 370 304 410 ὅλῳ
341 372 379 400 τῶ
403 370 570 411 πραιτωρίῳ,
605 370 651 400 καὶ
681 375 734 404 τοῖς
759 373 858 406 λοιποῖς

38 419 136 446 πᾶσι.
153 429 166 442 ι
178 415 332 452 Τουτέστιν,
343 413 433 445 Ὥστε
447 415 493 444 καὶ
508 414 644 453 δεδεμένον
655 415 718 445 ὄντα
729 427 763 454 με
777 417 857 446 πλέον

38 460 303 502 παρρησιάζεσθαι,
321 459 368 490 καὶ
383 459 422 499 μὴ
438 460 548 499 σιγῆσαί
570 472 617 499 με,
632 460 702 490 ἀλλὰ
720 460 750 490 τὸ
773 460 856 501 κήρυ-

39 517 111 545 γμα
127 508 177 535 τοῦ
192 506 271 545 λόγου
297 505 342 535 καὶ
365 505 444 545 ἄχρις
468 507 548 535 αὐτοῦ
563 505 663 545 φθάσαι
675 507 720 535 τοῦ
742 517 857 546 πραιτω-

42 550 112 591 ρίου
124 572 134 589 ,
146 550 269 580 τουτέστι
283 551 335 580 τῶν
352 549 512 590 βασιλείων,
528 550 573 580 καὶ
588 551 614 579 ἐν
683 550 759 580 πόλει
771 550 855 590 πάσῃ.

41 596 146 626 Τοῦτο
161 595 188 625 δὲ
208 596 235 624 ἐν
262 596 373 635 Χριστῷ
394 595 503 634 γέγονε*
524 595 675 631 τουτέστιν,
703 596 762 625 Οὐκ
793 596 856 634 ἐμὸν

45 639 224 679 κατόρθωμα
233 662 242 679 ,
253 639 323 670 ἀλλὰ
337 641 383 670 τοῦ
402 640 530 679 Χριστοῦ.
541 638 590 676 Ἣ,
602 639 670 673 Τοὺς
683 640 795 678 δεσμούς
806 652 856 679 μου

44 684 115 718 τοὺς
124 685 151 714 ἐν
169 685 295 725 Χριστῷ,
306 684 508 722 τουτέστι,τοὺς
522 684 565 714 διὰ
578 684 703 723 Χριστόν.

99 743 112 755 ι
135 729 191 759 Καὶ
219 728 278 762 τοὺς
303 727 425 762 πλείονας
455 730 508 758 τῶν
544 729 663 768 ἀδελφῶν
693 729 718 758 ἔν
750 729 855 770 Κυρίῳ,

45 774 217 807 πεποιθότας
242 777 295 806 τοῖς
330 773 436 811 δεσμοῖς
468 785 534 812 μου,
566 774 667 814 τολμᾷν
695 773 855 814 περισσοτέ-

48 829 109 858 ρως
134 817 241 858 ἀφόϐως
255 818 347 847 λαλεῖν
360 817 405 847 τὸν
437 817 524 857 λόγον.
542 828 557 847 n
576 818 629 848 Καὶ
651 818 778 858 πρότερον
807 819 854 858 μὲν

47 863 299 903 ἐπαρρησιάζοντο,
323 864 367 891 νῦν
395 862 422 892 δὲ
444 862 630 903 περισσότερον
642 862 668 881 ³³
690 865 719 893 ἐκ
733 865 779 892 τοῦ
807 863 855 903 ἐμὲ

47 902 121 937 ἰδεῖν
131 902 220 937 πλέον
243 907 507 948 παρρησιαζόμενον,
533 907 681 937 καὶταῦτα
705 907 852 946 δεδεμένον.
871 902 893 933 Β

47 951 137 982 Ἐπεὶ
161 952 212 992 γὰρ
235 947 306 981 εἶδον
326 951 373 990 ἐμὲ
396 952 551 990 δεδεμένον,
576 951 780 993 ἆνεῤῥώσθησαν
805 954 854 982 κά-

47 1000 139 1026 κεῖνοι
163 997 198 1030 εἷς
221 997 311 1033 ζῆλον.
327 996 406 1026 Ἐπεὶ
437 996 464 1026 δὲ
481 996 549 1036 μέγα
576 997 662 1026 ἐδόκει
683 997 787 1037 λέγειν,
815 997 856 1028 ὅτι

49 1040 132 1080 Ἐγὼ
147 1041 241 1075 αὐτοὺς
256 1041 387 1081 ἐθᾶῤῥυνα
400 1040 436 1077 ³η,
462 1036 535 1071 εἶπεν
547 1053 554 1060 ·
576 1052 590 1070 ι(
601 1040 649 1071 Ἐν
669 1041 773 1082 Κυρίῳ.
788 1054 803 1069 »
822 1043 856 1072 Εἰ

49 1085 144 1116 τοίνυν
172 1087 195 1115 οῖ
221 1085 298 1126 ἐγγὺς
317 1086 388 1118 ὄντες
415 1087 466 1115 τῶν
496 1087 600 1123 δεσμῶν
626 1098 677 1124 μου
701 1088 729 1116 οὖ
753 1089 854 1126 ταράτ-

49 1141 162 1168 τονται,
177 1130 246 1160 ἀλλὰ
270 1131 372 1169 μᾶλλον
388 1132 478 1160 πλεῖον
501 1130 594 1170 θάρσος
610 1130 741 1171 δέχονται,
763 1132 855 1172 πολλῷ

52 1175 162 1213 μᾶλλον
176 1176 243 1214 ὑμᾶς
258 1175 323 1216 χρή.

99 1278 112 1290 ι
127 1264 206 1298 Τινὲς
225 1264 272 1303 μὲν
287 1264 333 1294 καὶ
349 1264 392 1294 διὰ
415 1265 508 1305 φθόνον
523 1264 568 1294 καὶ
591 1264 663 1304 ἔριν,
679 1264 747 1299 τινὲς
766 1264 794 1294 δὲ
821 1265 855 1295 δι’

52 1308 179 1339 εὐδοκίαν
201 1309 245 1339 τὸν
271 1310 388 1349 Χριστὸν
413 1310 598 1349 κηρύσσουσιν.
617 1323 629 1335 ιι
645 1309 758 1345 Ἐπειδὴ
789 1321 854 1339 κατ-

54 1354 156 1394 εσχέθη
182 1356 196 1384 6
220 1355 345 1391 Παῦλος,
368 1354 463 1384 πολλοὶ
488 1356 540 1384 τῶν
569 1353 688 1384 ἀπίστων
713 1353 853 1394 ἐκήρυττον

53 1399 104 1428 καὶ
121 1398 194 1429 αὐτοὶ
209 1399 253 1429 τὸν
264 1398 395 1439 Χριστὸν,
414 1398 569 1439 βουλόμενοι
591 1399 627 1433 εἷς
645 1398 753 1428 πλείονα
774 1398 854 1438 ὀργὴν

54 1445 190 1473 ἐκκαῦσαι
212 1443 255 1472 τὸν
271 1443 400 1484 Νέρωνα,
421 1443 489 1473 ὥστε
511 1443 604 1484 τάχιον
617 1442 660 1472 τὸν
685 1445 793 1474 Παῦλον
809 1445 854 1472 ἆν-

56 1490 144 1525 ελεῖν,
160 1489 195 1522 ὣς
206 1490 251 1517 τοῦ
274 1488 442 1528 κηρύγματος
465 1490 602 1528 πανταχοῦ
625 1487 691 1517 δι’³³
708 1489 787 1517 αὐτοῦ
804 1500 854 1517 κα-

910 283 970 312 cula
989 291 1061 318 mea,
1076 283 1126 311 sed
1146 287 1174 312 et
1188 283 1216 311 in
1235 283 1438 320 promotionem
1453 284 1542 320 potius
1555 289 1705 313 cesserunt.

945 330 1030 357 Vsus.
1044 329 1085 356 13.
1097 330 1142 356 [tu
1155 331 1185 356 ut
1199 329 1307 356 vincula
1319 337 1378 356 mea
1391 330 1544 363 manifesta
1562 331 1655 364 ﬁerent
1674 330 1706 357 in

913 373 1017 402 Christo
1027 375 1056 401 in
1068 375 1122 402 toto
1129 375 1271 409 praetorio,
1287 375 1312 401 et
1323 375 1424 401 caeteris
1437 374 1570 402 omnibus.
1584 375 1644 402 Hoc
1653 377 1705 408 est,

911 423 942 446 ut
957 418 1064 447 vinctus
1083 426 1147 446 cum
1160 418 1223 453 sim,
1247 418 1345 454 majori
1365 417 1467 446 ﬁducia
1486 419 1594 454 loquar,
1617 426 1706 455 neque

911 463 1104 497 conticescam,
1136 463 1184 492 sed
1220 467 1251 491 ut
1275 462 1430 499 pradicatio
1461 463 1535 491 verbi
1559 463 1594 491 ad
1617 463 1706 499 ipsum

910 515 997 544 usque
1019 507 1178 545 praetorium
1194 507 1355 544 pervenerit,
1379 507 1432 535 hoc
1445 511 1487 536 est
1506 507 1540 536 ad
1559 507 1648 544 ipsam
1663 516 1705 536 re-

910 553 992 588 giam,
1008 557 1088 588 atque
1102 552 1172 581 adeo
1187 553 1344 581 universam
1361 552 1471 581 urbem.
1490 553 1553 580 Hoc
1566 556 1661 580 autem
1679 552 1706 580 in

910 598 1018 626 Christo
1033 597 1136 627 factum
1146 602 1201 633 est,
1217 597 1303 632 idest,
1318 599 1379 625 Non
1395 605 1488 626 meum
1503 601 1544 625 est
1559 605 1643 633 opus,
1659 597 1706 625 sed

910 642 1020 670 Christi.
1034 643 1096 676 Vel,
1117 642 1233 671 Vincula
1256 650 1316 670 mea
1338 642 1365 670 iu
1379 642 1504 677 Christo,
1520 641 1548 671 id
1569 645 1626 677 est,
1643 650 1706 678 qua:

911 691 1022 723 propter
1034 687 1173 715 Christum
1186 687 1331 724 perpetior.

945 733 1031 760 Vsus.
1049 735 1092 761 l4.
1103 734 1138 760 Et
1152 734 1183 760 ut
1192 733 1286 768 plures
1296 741 1309 760 e
1318 733 1456 766 fratribus
1470 733 1500 760 in
1513 732 1637 764 Domino,
1649 740 1705 759 οοη·

910 775 1025 813 ﬁdentes
1038 778 1156 805 vinculis
1163 779 1238 810 meis,
1253 777 1444 805 abundantius
1456 777 1592 805 auderent
1607 777 1666 804 sine
1675 779 1709 804 ti-

909 830 981 850 more
990 829 1133 850 sermonem
1146 822 1227 857 loqui.
1249 823 1283 850 Et
1296 825 1375 850 antea
1391 821 1504 858 quidem
1517 821 1603 849 libere
1623 821 1705 849 doce-

911 866 976 894 bant
994 866 1120 900 verbum,
1136 874 1210 894 nunc
1225 874 1288 894 vero
1305 866 1333 894 id
1347 870 1431 902 agunt
1443 865 1541 902 majori
1560 865 1658 894 ﬁducia
1680 870 1707 894 et

911 911 1056 946 alacritate,
1071 915 1220 947 postquam
1243 918 1288 939 me
1314 910 1533 939 animadvertunt
1546 918 1605 938 esse
1618 910 1706 938 conﬁ-

911 955 1075 990 dentiorem,
1087 955 1170 992 idque
1184 963 1248 984 cum
1267 955 1375 984 vinctus
1388 955 1440 983 sim
1456 964 1462 983 :
1477 959 1506 984 et
1519 955 1555 983 illi
1567 954 1602 983 ad
1619 963 1707 983 aemu-

911 1001 1039 1029 lationem
1065 999 1212 1029 confortati
1237 1004 1312 1034 sunt,
1337 1003 1484 1036 postquam
1511 1007 1558 1028 me
1579 999 1708 1028 viderunt

911 1045 1043 1073 vinctum.
1071 1045 1142 1080 Quia
1173 1052 1238 1073 vero
1273 1052 1405 1080 magnum
1438 1044 1581 1072 videbatur
1605 1044 1705 1078 dicere,

910 1097 1017 1126 nempe,
1043 1091 1099 1126 Ego
1124 1089 1198 1125 ipsos
1223 1089 1356 1122 animavi;
1381 1091 1411 1117 In
1432 1090 1553 1121 Domino,
1576 1088 1654 1117 dixit.
1679 1089 1706 1117 Si

910 1135 993 1170 igitur
1007 1135 1052 1171 qui
1068 1135 1192 1170 proxime
1205 1138 1268 1162 sunt
1281 1133 1316 1162 ad
1327 1142 1388 1161 mea
1400 1134 1516 1167 vincula,
1527 1141 1582 1161 non
1592 1133 1706 1162 turban-

909 1183 965 1215 tur,
987 1179 1034 1208 sed
1053 1179 1190 1216 majorem
1208 1179 1299 1215 potius
1319 1178 1448 1206 ﬁduciam
1461 1178 1605 1214 recipiunt,
1619 1178 1707 1206 multo

909 1224 995 1260 magis
1011 1231 1058 1252 vos
1070 1224 1198 1252 convenit
1209 1231 1268 1252 esse
1281 1222 1460 1251 conﬁdentes.

944 1270 1035 1297 Vsus.
1053 1271 1095 1296 15.
1113 1269 1230 1303 Quidam
1245 1269 1353 1304 quidem
1374 1271 1399 1295 ct
1410 1270 1523 1303 propter
1534 1267 1667 1296 invidiam
1682 1271 1706 1295 et

909 1315 1111 1345 contentionem,
1126 1314 1237 1348 quidam
1248 1316 1338 1340 autem
1347 1316 1456 1348 propter
1474 1313 1567 1340 bonum
1580 1313 1706 1340 volunta-

910 1361 961 1386 tem
975 1359 1112 1386 Christum
1124 1358 1287 1394 p-rredicant.
1311 1358 1382 1386 Cum
1403 1356 1618 1393 comprehensus
1631 1361 1704 1386 esset

909 1403 1017 1437 Paulus,
1037 1402 1112 1431 haud
1137 1403 1215 1438 pauci
1231 1402 1315 1431 etiam
1335 1401 1486 1430 inﬁdelium
1505 1401 1706 1430 annuntiabant

908 1447 1058 1482 Christum,
1071 1447 1192 1475 volentes
1205 1447 1241 1475 ad
1253 1446 1390 1483 majorem
1403 1447 1476 1474 iram
1491 1446 1638 1475 accendere
1652 1448 1705 1474 Ne-

908 1499 1015 1525 ronem,
1041 1496 1071 1520 ut
1095 1500 1128 1520 eo
1153 1491 1270 1520 celerius
1294 1491 1409 1519 Paulum
1433 1499 1448 1519 e
1474 1491 1565 1519 medio
1589 1491 1706 1525 tolleret,

54 1532 279 1573 τασπειρομένου.
294 1535 381 1564 Τοῦτο
398 1528 442 1562 οὖν
465 1534 520 1562 ἐστι
539 1533 585 1569 τὸ,
598 1543 613 1561 α
631 1532 682 1562 Διᾶ
695 1533 785 1572 φθόνον
807 1533 852 1562 καὶ
868 1531 889 1563 C
908 1545 912 1555 π

943 1537 989 1565 luti
1011 1536 1205 1572 praedicatione
1228 1536 1332 1572 ubique
1353 1544 1402 1572 per
1420 1543 1484 1564 eum
1497 1535 1629 1572 dispersa.
1645 1537 1707 1564 Hoc

55 1577 124 1617 ἔριν.
142 1590 156 1606 ι)
174 1576 226 1614 “Η,
248 1578 289 1606 ὅτι
305 1577 459 1617 βουλόμενοι
483 1578 529 1607 καὶ
543 1577 618 1606 αὐτοὶ
639 1579 783 1615 τιμᾶσθαι,
807 1577 854 1607 καὶ

57 1624 180 1663 ὖποσπᾷν
196 1634 222 1651 τι
232 1624 279 1658 τῆς
293 1624 359 1660 ἐμῆς
369 1622 453 1658 δόξης.
464 1621 554 1652 Ἄλλοι
569 1621 612 1662 δὲ,
625 1635 636 1648 ι(
647 1623 687 1652 Δι’
698 1623 827 1658 εὐδοκίαν,
842 1636 853 1648 ι

57 1668 140 1708 φησὶ,
166 1667 300 1704 τουτέστι,
332 1667 414 1707 χωρὶς
449 1667 626 1707 ὑποκρίσεως,
653 1666 698 1696 καὶ
717 1667 785 1706 μετὰ
813 1669 854 1696 εὐ-

57 1711 129 1746 θείας
141 1711 166 1731 ³⁶
178 1711 296 1752 γνώμης.

103 1815 115 1827 τι
131 1801 165 1831 Οἱ
180 1801 226 1840 μὲν
250 1801 277 1835 ἐξ
301 1801 412 1842 ἐριθείας
438 1800 482 1831 τὸν
506 1801 622 1841 Χριστὸν
657 1802 852 1842 καταγγέλλου-

57 1858 115 1883 σιν,
132 1848 178 1886 οὐχ
192 1846 285 1885 ἁγνῶς.
301 1846 486 1885 »ξΤουτέστιη
500 1847 548 1876 οὐκ
562 1847 726 1888 εἰλικρινῶς,
744 1847 803 1876 οὐδὲ
817 1847 853 1876 δι’

59 1890 124 1921 αὖσὸ
136 1890 165 1920 τὸ
175 1890 267 1922 καλόν.

101 1949 113 1962 ι
123 1935 247 1974 Οἶόμενοι
262 1936 350 1976 θλῐψιν
365 1935 496 1976 ἐπιφέρειν
511 1934 537 1955 ³⁷
552 1936 605 1968 τοῖς
629 1935 735 1974 δεσμοῖς
762 1947 824 1973 μου.
839 1949 851 1961 ιι

58 1979 335 2020 Νομίζοντες,φησὶν,
369 1979 437 2009 οὕτω
469 1992 502 2019 με
527 1980 562 2013 εἷς
588 1979 695 2019 μείζονα
726 1979 851 2019 ἐμϐαλεῖν

58 2024 175 2055 κίνδυνον
182 2024 222 2061 ³⁸,
239 2025 285 2054 καὶ
309 2024 395 2064 θλῖψιν
419 2024 462 2054 ἐπὶ
488 2023 574 2064 θλίψει
588 2024 695 2063 ἐπάγειν
709 2036 716 2043 ⁸
730 2024 789 2054 ἀλλ’
802 2027 851 2066 οὖχ

58 2069 129 2099 οὕτω
151 2069 288 2110 προϐαίνει
315 2070 403 2102 αὐτοῖς
425 2069 455 2099 τὸ
477 2068 628 2109 τέχνασμα.
658 2069 851 2109 Λαμπρότερον

58 2114 111 2155 γὰρ
125 2115 152 2144 ἐκ
171 2114 263 2143 τούτου
277 2113 307 2143 τὸ
331 2113 456 2153 κήρυγμα
477 2112 592 2152 γίνεται,
605 2113 651 2143 καὶ
673 2116 689 2150 ἡ
705 2113 755 2153 ἐμὴ
777 2113 850 2154 χαρὰ

59 2159 105 2188 διὰ
125 2160 199 2188 τοῦτο
224 2157 331 2197 μείζων.
359 2157 460 2199 Ὁρᾷς,
490 2157 531 2188 δτι
553 2158 624 2187 ἔστιν
647 2157 722 2198 ἔργον
740 2161 851 2194 ποιῆσαι

60 2202 154 2242 ἀγαθὸν
171 2203 220 2233 οὐκ
235 2202 288 2232 ἀπὸ
310 2202 489 2243 προαιρέσεως
517 2203 618 2241 ἀγαθῆς
629 2226 637 2240 ,
662 2203 708 2232 καὶ
726 2203 756 2232 οὖ
773 2202 851 2241 μόνον

60 2247 150 2286 μισθὸν
165 2247 204 2287 μὴ
219 2247 364 2277 ἀπολαϐεῖν
374 2272 380 2283 ,
395 2247 464 2277 ἀλλὰ
477 2247 523 2277 καὶ
536 2248 710 2285 κολασθῆναι,

100 2351 111 2364 «ι
126 2337 161 2367 Οἱ
176 2337 203 2367 δὲ
223 2336 250 2371 ἐξ
272 2337 392 2376 ἀγάπης,
411 2337 506 2371 εἰδότες
516 2336 555 2366 ὅτι
572 2337 607 2370 εἷς
631 2337 776 2376 ἀπολογίαν
805 2340 851 2367 τοῦ

63 2382 220 2421 Ιὶὖαγγελίου
232 2385 334 2420 κεῖμαι.
351 2395 363 2408 ι
380 2382 540 2420 Τουτέστιν,
555 2383 591 2412 Οἱ
605 2382 631 2411 δὲ
648 2381 701 2410 ἀπὸ
716 2383 763 2416 τῆς
779 2381 848 2422 ἀγά-

60 2439 112 2462 πης
126 2428 170 2462 τῆς
194 2426 230 2460 εἷς
255 2438 285 2456 τε
307 2426 351 2456 τὸν
370 2426 468 2467 Κύριον
494 2427 539 2455 καὶ
561 2427 596 2460 εἰς
626 2425 673 2465 ἐμὲ
703 2425 850 2466 κηρύττου-

59 2483 114 2508 σιν,
142 2471 238 2505 εἰδότες
266 2470 306 2500 ὅτι
335 2471 427 2510 λόγους
454 2471 544 2509 μέλλω
569 2473 679 2508 ποιῆσαι
704 2470 769 2511 ὑπὲρ
803 2473 849 2501 τοῦ

58 2515 237 2555 κηρύγματος,
249 2515 294 2546 καὶ
308 2516 352 2556 διᾲ
366 2518 443 2545 τοῦτο
455 2515 621 2556 συναίρονταί
637 2527 681 2554 μοι
697 2518 742 2545 τοῦ
759 2515 845 2556 ἔργου.

59 2560 125 2590 Ἐὰν
147 2560 196 2600 γὰρ
219 2560 314 2590 πολλοὶ
341 2555 406 2590 ὦσιν
429 2561 453 2589 οἱ
476 2561 514 2600 τῷ
530 2555 681 2600 κηρύγματί
697 2572 748 2598 μου
768 2572 849 2600 προσ-

61 2604 150 2642 ιόντες,
174 2604 279 2639 εὔκολός
294 2616 339 2644 μοι
354 2606 371 2641 ἡ
397 2605 526 2644 ἀπολογία
551 2605 636 2636 ἔσται.
652 2605 701 2639 Εἷς
715 2609 789 2635 τοῦτο
804 2601 848 2635 οὖν

60 2651 148 2679 ἐκεῖνοι
159 2652 310 2690 συνεργοῦσι
321 2673 329 2689 ,
347 2661 436 2690 χατηχ
437 2651 525 2683 οῦντες
535 2650 657 2684 πολλούς.

908 1581 982 1610 enim
1003 1586 1043 1609 cst
1059 1581 1132 1618 quod
1158 1581 1205 1615 ait,
1230 1582 1281 1609 Prr
1295 1581 1429 1608 invidiam
1448 1582 1473 1608 et
1499 1581 1706 1608 contentionem.

908 1627 957 1655 Vel
971 1630 1105 1662 tanquam
1125 1630 1152 1654 et
1170 1626 1219 1660 ipsi
1242 1625 1370 1654 honorari
1392 1625 1537 1659 voluerint,
1553 1629 1635 1661 atque
1656 1625 1706 1652 ali-

907 1671 972 1707 quid
987 1678 1047 1698 mca
1067 1670 1153 1706 gloria
1175 1670 1328 1698 detrahere.
1345 1669 1399 1697 Alii
1420 1674 1515 1698 autem
1535 1671 1588 1697 Per
1604 1669 1705 1697 bonam

908 1716 1092 1749 voluntatem,
1109 1715 1211 1750 inquit,
1234 1713 1287 1742 hoc
1300 1718 1357 1748 est,
1379 1714 1439 1742 sine
1462 1713 1652 1749 simulatione,
1673 1721 1706 1741 ex

908 1759 1000 1788 animo
1019 1763 1147 1795 rectaque
1162 1759 1309 1787 sententia.

944 1805 1035 1832 Vens.
1049 1806 1089 1831 16.
1101 1803 1159 1830 Alii
1168 1803 1277 1838 quidem
1289 1811 1322 1830 ex
1335 1803 1501 1830 contentione
1514 1802 1648 1830 Christum
1661 1810 1709 1830 an—.

907 1850 1045 1883 nuntiant,
1068 1856 1121 1876 non
1149 1849 1261 1875 sincere.
1287 1848 1348 1875 Hoc
1369 1850 1420 1881 est,
1442 1854 1498 1875 non
1518 1855 1594 1882 pure,
1618 1854 1706 1882 neque

907 1898 1019 1929 propter
1034 1893 1123 1929 ipsum
1138 1892 1252 1920 bonum.

941 1940 1109 1966 Existimant
1120 1945 1279 1974 prrssuram
1295 1937 1402 1970 afferre
1416 1936 1531 1963 vinculis
1550 1937 1624 1964 meis.
1641 1935 1704 1963 Exi-

906 1984 1050 2012 stimantes
1062 1991 1107 2011 me
1129 1983 1182 2011 hoc
1195 1987 1285 2019 pacto,
1308 1982 1406 2018 inquit,
1421 1981 1450 2009 in
1465 1981 1584 2018 pericula
1597 1980 1703 2016 majora

907 2029 1029 2065 injicere,
1043 2033 1071 2056 et
1082 2027 1263 2056 afﬂictioncm
1278 2027 1425 2055 afﬂictioni
1441 2026 1576 2054 adducere
1589 2036 1595 2054 ε
1609 2033 1705 2054 verum

907 2077 1022 2102 conatus
1033 2073 1145 2101 illorum
1158 2073 1222 2108 ipsis
1237 2073 1289 2101 hac
1302 2071 1409 2100 ratione
1419 2079 1474 2099 non
1487 2071 1615 2107 procedit.
1632 2072 1706 2098 Nam

908 2119 971 2147 inde
987 2118 1144 2155 praedicatio
1154 2118 1230 2146 verbi
1243 2117 1364 2146 redditur
1377 2116 1543 2153 praeclarior,
1559 2123 1707 2151 meumque

906 2163 1036 2199 gaudium
1056 2167 1199 2199 propterea
1213 2161 1302 2198 majus
1323 2166 1374 2190 est.
1390 2161 1487 2189 Viden‘
1509 2161 1583 2197 quod
1598 2161 1702 2189 bonum

907 2216 975 2244 opus
986 2208 1075 2236 facere
1087 2216 1143 2236 non
1158 2208 1237 2235 liceat
1248 2206 1353 2243 absque
1366 2207 1438 2235 bona
1457 2206 1614 2234 voluntate?
1624 2209 1706 2240 atque

907 2261 964 2281 non
979 2253 1069 2281 solum
1086 2252 1245 2280 mercedem
1259 2251 1343 2287 432
1358 2259 1416 2279 non
1429 2250 1558 2286 recipere,
1574 2254 1704 2278 caeterum

907 2305 987 2334 pinna
1003 2297 1085 2325 etiam
1100 2296 1195 2325 afﬁci?

941 2344 1030 2370 Vens.
1052 2346 1095 2370 l7.
1112 2343 1171 2369 Alii
1185 2344 1274 2370 autem
1289 2349 1322 2370 ea:
1339 2341 1485 2374 chap-itote,
1507 2341 1618 2368 scientes
1632 2339 1706 2375 quod

905 2387 942 2415 ad
960 2387 1107 2421 Evangelii
1115 2387 1298 2421 defensionem
1306 2387 1411 2422 positus
1422 2386 1484 2413 sim.
1498 2386 1560 2413 Hoc
1569 2388 1619 2418 est,
1630 2386 1707 2412 Non-

904 2431 970 2459 nulli
979 2439 1012 2459 ex
1022 2431 1157 2459 charitate
1172 2439 1236 2459 cum
1250 2438 1312 2466 erga
1323 2430 1486 2463 Dominum,
1499 2433 1558 2458 tum
1572 2436 1636 2466 erga
1646 2436 1703 2463 me,

902 2476 1082 2512 Evangelium
1105 2475 1261 2511 praedicant,
1277 2479 1450 2510 compertum
1472 2473 1606 2502 habentes
1626 2473 1705 2509 quod

903 2521 1037 2548 rationem
1049 2520 1190 2556 prmdicati
1205 2520 1280 2548 verbi
1291 2519 1450 2547 redditurus
1463 2518 1526 2553 sim,
1540 2526 1571 2546 ac
1583 2522 1705 2554 propter-

903 2573 935 2593 ea
956 2565 1027 2593 mihi
1050 2565 1216 2593 auxiliantur
1239 2565 1266 2592 in
1282 2564 1337 2592 hoc
1358 2571 1450 2599 opere.
1471 2563 1499 2591 Si
1525 2563 1600 2591 enim
1625 2562 1702 2589 multi

903 2609 1006 2638 fuerint
1021 2609 1181 2638 accedentes
1202 2608 1390 2645 praedicationi
1413 2615 1494 2641 meae,
1517 2606 1604 2634 facilis
1631 2605 1699 2633 mihi

903 2653 1027 2682 defensio
1047 2654 1106 2681 erit.
1129 2655 1160 2681 lu
1181 2654 1235 2682 hoc
1249 2654 1332 2690 igitur
1345 2653 1393 2689 ipsi
1416 2654 1611 2688 cooperantur,
1627 2649 1700 2678 haud

903 2705 1004 2735 paucos
1026 2698 1210 2726 instituentes.

749 2770 843 2800 Variae
864 2770 1017 2801 lectiones.

95 2834 115 2851 ³³
126 2833 300 2869 κερὶοσοτέρως
313 2840 339 2862 0.
378 2832 399 2850 ⁵⁵
411 2832 459 2869 γὰρ
478 2833 584 2868 παρεθάῤ
607 2839 635 2861 ο.
674 2833 695 2850 ³⁸
709 2832 749 2860 ὕπ’
763 2841 789 2861 ο.
831 2833 852 2850 ³⁸
882 2832 956 2868 ὀρθῆς
970 2841 995 2861 0.
1036 2833 1056 2849 ³⁷
1069 2833 1210 2868 προσφέρειν
1225 2840 1252 2861 0.
1291 2831 1312 2848 ³⁸
1326 2830 1438 2866 πόλεμον
1451 2838 1468 2858 0
