1886 3082
218 145 285 171 H27

696 144 952 173 THEOPHYLACTI
973 144 1151 172 BULGARl/E
1169 145 1328 173 ARCHIEP.

213 209 363 246 Cujuslibet
393 209 494 238 domus
522 213 564 238 est
587 210 742 239 exercitus:
767 211 898 240 omnibus
921 212 1000 248 itaqui

1093 207 1149 237 εδόν
1177 209 1246 238 ἔστιν
1260 210 1277 243 ἡ
1300 207 1370 237 οἰκία
1390 207 1506 237 ἑκάστου
1519 219 1525 225 ·
1541 206 1666 240 διατάξας
1688 201 1734 235 οἷν
1750 205 1795 238 τὰς
1816 207 1849 245 ἆρ-

213 254 392 290 potestatibus
418 254 551 283 ordinatis
576 255 614 283 sic
634 256 662 284 in
695 255 796 284 bellum
830 263 876 284 eas
912 256 1011 284 educit.

210 300 280 326 Nam
294 307 358 327 cum
373 300 512 335 proprium
535 301 660 330 ordinem
677 308 760 329 nemo
782 301 1011 337 transgrediatur,

211 347 277 371 tunc
297 352 341 371 res
363 343 459 372 bellica
479 344 548 372 bene
570 345 687 374 habebit.
710 345 780 380 Quia
802 353 867 374 vero
886 346 1012 382 pleraque

211 388 394 424 imperaverat
415 396 476 425 quae
498 390 553 418 visa
573 394 637 418 sunt
658 389 777 418 difficilia
798 394 948 423 transactu,
970 392 1011 418 Ne

210 433 324 461 metuite
339 433 439 470 inquit,
459 434 506 462 sed
531 435 560 462 in
585 435 709 469 Domini,
729 435 851 471 potentia
867 435 1009 463 confidite.

212 479 274 506 Non
301 478 376 506 enim
401 478 564 514 simpliciter
586 480 611 508 ei
634 479 720 508 robur
739 484 790 514 est,
824 479 872 508 sed
889 480 1011 515 potentia

212 523 320 550 roboris
335 532 343 549 :
359 522 412 551 hoc
434 527 486 557 est,
501 524 670 552 ineffabilem
685 524 768 553 habet
778 523 970 553 fortitudinem
983 528 1011 552 et

212 575 273 603 quae
287 567 314 595 in
329 575 426 595 omnes
445 568 615 598 dominetur.

248 614 337 640 Vnus.
357 615 398 640 11.
417 624 429 636 α
451 613 558 641 Induite
584 618 754 642 armaturam
770 614 830 647 Dei,
855 618 885 642 ut
900 614 1009 650 possitis

213 665 259 685 vos
277 661 350 685 stare
373 657 503 686 adversus
524 658 634 686 insidias
656 659 765 687 diaboli.
789 670 801 683 ι
825 659 894 694 Quae
916 659 950 686 sit
964 667 1009 687 ar-

213 706 330 736 matura,
353 702 437 737 paulo
458 707 520 738 post
537 703 656 731 docebit.
701 703 894 732 Animadverte
918 708 1009 732 autem

211 746 351 782 quomodo
370 755 426 774 non
442 747 544 775 dixerit
564 756 668 784 pugnas
694 753 742 776 aut
766 747 846 783 bella,
872 749 919 775 sed
941 749 1007 776 insi-

211 791 270 819 dias
285 801 292 820 :
306 791 412 820 insidiae
424 792 497 820 enim
511 797 575 820 sunt
589 793 723 829 decipere,
747 801 780 821 ac
807 801 855 829 per
882 792 1008 821 fraudem

1066 297 1128 326 ὅταν
1155 297 1193 336 μὴ
1223 297 1271 332 τὴν
1296 297 1394 327 οἰκείαν
1419 297 1492 331 τάξιν
1517 296 1711 336 ὕπερϐαίνωσιν
1739 295 1847 331 ἕκαστοι,

1066 342 1125 372 τότε
1140 341 1186 372 καὶ
1202 341 1235 371 τὰ
1253 346 1299 372 τοῦ
1316 342 1434 380 πολέμου
1449 339 1478 371 εὖ
1498 341 1625 371 κείσεται.
1649 340 1727 370 Ἐπεὶ
1750 341 1777 368 δὲ
1796 340 1848 368 πολ-

1066 387 1100 417 λὰ
1122 386 1231 421 ἐπέταξε
1259 388 1386 416 δοκοῦντα
1415 387 1638 426 δυσκατόρθωτα,
1667 385 1713 420 Μὴ
1747 384 1848 419 δείσητε,

1066 432 1145 471 φησὶν
1156 454 1164 468 ,
1185 433 1242 461 ἀλλ’
1266 433 1292 461 ἐν
1307 434 1341 471 τῇ
1362 435 1407 461 τοῦ
1424 431 1522 471 Κυρίου
1540 431 1651 469 δυνάμει
1670 431 1802 470 θαρῤεῖτε.
1817 429 1848 458 0.}

1065 476 1115 517 γάρ
1131 479 1201 506 ἐστιν
1222 476 1297 516 ἰσχὺς
1321 477 1413 510 ἅπλῶς
1434 477 1522 516 αὐτῷ,
1537 475 1607 505 ἀλλὰ
1633 474 1728 514 κράτος
1751 474 1847 513 inﬂet.

1064 521 1198 552 τουτέστιν
1208 545 1216 561 ,
1235 521 1334 562 ipatov
1360 521 1416 562 ἔχει
1438 521 1487 558 τὴν
1503 520 1580 561 ἰσχὺν
1589 543 1597 556 ,
1614 520 1659 549 καὶ
1675 520 1782 549 πάντων
1795 530 1848 558 κρα-

1065 569 1161 597 τοῦσαν
1166 590 1172 596 .

1107 624 1122 639 οι
1139 612 1301 642 Ἐνδύσασθε
1325 610 1374 647 τὴν
1394 611 1544 641 πανοπλίαν
1569 613 1615 639 τοῦ
1636 611 1724 647 Θεοῦ,
1747 609 1806 646 πρὸς
1823 608 1846 636 τὸ

1065 657 1190 686 δύνασθαι
1213 658 1283 694 ῧμᾶς
1308 658 1404 692 στῆναι
1437 655 1501 696 πρὸς
1527 654 1574 688 τὰς
1599 654 1737 693 μεθοδείας
1762 654 1786 672 ⁷⁵
1811 655 1846 681 τοῦ

1064 701 1198 732 διαϐόλου.
1216 714 1232 730 ν
1249 701 1298 734 Τίς
1316 702 1385 731 ἐστιν
1410 703 1427 736 ἡ
1454 700 1604 736 πανοπλία,
1628 701 1688 738 μετ’
1710 698 1794 735 ὀλίγον
1815 697 1846 725 δι-

1063 746 1144 780 δάξει.
1157 745 1231 786 "Op:
1244 746 1285 782 δὲ,
1295 748 1351 780 πῶς
1365 746 1412 775 οὖκ
1423 740 1490 781 εἶπε,
1506 745 1622 784 Μάχας,
1632 744 1649 780 ἢ
1661 744 1700 782 7°,
1711 743 1845 780 Πολέμουςν

1795 145 1848 171 ms

1816 207 1849 245 ir

1811 262 1848 289 γαρ

1066 252 1117 292 χὰς
1130 253 1218 286 πάσας
1229 276 1237 290 ,
1251 252 1334 286 οὕτως
1356 252 1399 282 ἐπὶ
1415 253 1459 283 τὸν
1481 252 1598 289 πόλεμον
1616 251 1713 290 ἐξάγει.
1741 251 1794 280 Καὶ
1811 250 1848 289 γὰρ

1063 759 1144 780 οαςει.
1171 759 1231 786 υρα
1244 759 1285 782 οε,
1295 759 1351 780 πως
1365 759 1412 775 ουκ
1423 759 1490 781 um,
1506 759 1622 784 ιιιαχας,
1632 759 1649 780 η
1664 759 1700 782 ·-,
1713 759 1845 780 “nuptm,
1881 759 1882 814 γ

1062 791 1130 820 ἀλλὰ
1140 814 1148 829 ,
1163 805 1174 817 ι
1190 791 1344 824 Μεθοδείας.
1357 805 1368 816 ι
1384 790 1516 820 Μεθοδεία
1539 791 1591 830 γάρ
1607 791 1664 819 ἐστι
1676 788 1707 817 τὸ
1723 789 1846 822 uirtutium

210 844 316 872 capere.
325 838 388 864 Non
398 837 470 864 enim
481 837 626 865 manifesta
640 838 769 873 proponit
781 837 868 865 hostis
880 842 989 874 peccata

1093 836 1107 864 εὶ
1133 836 1175 865 διὰ
1202 838 1325 876 μηχανῆς
1345 837 1424 865 ἑλεῖν.
1448 836 1496 876 Οὖλ
1505 834 1556 874 γὰρ
1581 834 1682 874 φανερὰ
1706 833 1846 873 προτίθησιν

211 881 326 916 exempli
340 881 424 917 gratia
439 892 445 909 :
464 881 507 909 Ad
520 882 704 910 idololatriam
718 887 811 918 aperte
829 890 886 910 non
914 883 1006 910 horta-

211 929 266 958 tur.
281 925 329 953 sed
344 926 397 954 alia
422 926 541 962 quadam
571 927 678 954 ratione
700 926 870 962 aggreditur,
894 927 1006 955 insidias

211 974 335 1004 struens,
357 970 407 998 hoc
432 975 474 998 est
487 971 620 999 verimilia
636 971 730 999 verbat
748 971 848 999 faciens
868 972 1008 999 velamen-

212 1019 295 1051 toque
317 1019 407 1044 utens.
432 1016 560 1049 Proinde,
588 1024 653 1044 cum
679 1016 802 1044 ostendit
820 1016 1006 1044 adversarium

211 1067 271 1088 esse
294 1064 448 1096 potentem,
470 1060 641 1088 horrendum
660 1065 687 1088 et
705 1061 824 1094 varium,
842 1061 944 1089 excitat
958 1069 1006 1089 eos

210 1113 242 1132 ac
262 1104 403 1141 vigilantes
413 1104 488 1133 facit.

246 1150 334 1178 Vens.
360 1153 402 1178 12.
423 1162 435 1174 α
458 1150 594 1185 Quoniam
609 1158 664 1178 non
686 1154 728 1178 est
752 1150 834 1178 nobis
853 1150 1007 1179 colluctatio

210 1193 340 1222 adversus
367 1195 530 1230 sanguinem
546 1199 574 1223 et
600 1203 722 1224 carnem.
741 1207 754 1219 ι»
777 1196 810 1223 Et
826 1195 889 1230 hoc,
907 1203 963 1223 non
979 1199 1008 1223 ut

212 1237 425 1274 perterrefaciat,
441 1247 537 1267 verum
562 1243 592 1267 ut
608 1240 769 1268 attentiores
790 1239 898 1274 reddat,
927 1239 1004 1268 dicit.

210 1284 278 1311 Nam
301 1284 349 1320 qui
370 1283 458 1312 hostis
481 1284 551 1312 vires
574 1288 602 1312 et
616 1286 620 1319 ξ
634 1285 783 1320 potentiam
815 1288 919 1318 narrat,
942 1291 1008 1312 suos

209 1327 275 1356 facit
288 1329 375 1366 magis
397 1333 504 1362 cautos,
525 1330 587 1357 Non
598 1329 743 1358 adversum
758 1329 894 1365 vulgares,
909 1329 1005 1365 inquit,

211 1372 304 1401 hostes
327 1374 406 1402 nobis
428 1374 501 1402 lucta
524 1378 578 1408 est,
598 1381 687 1410 neque
711 1374 859 1402 adversum
878 1374 1007 1402 homines

209 1417 307 1446 iisdem
329 1418 475 1446 nobiscum
498 1418 644 1446 affectibus
668 1419 799 1453 imbutos,
828 1419 1007 1454 eiusdemque

208 1463 353 1490 nobiscum
367 1463 506 1499 potentiae.

247 1518 260 1531 ‹‹
275 1507 326 1536 Sed
335 1507 480 1535 adversum
490 1507 665 1544 principatus,
678 1507 808 1536 adversus
819 1511 977 1543 potestates.
991 1519 1003 1532 ιι
1023 1511 1045 1543 C

210 1551 329 1579 Perinde
350 1560 382 1580 ac
405 1553 479 1579 Deus
500 1551 669 1587 principatus
690 1552 772 1580 habet
795 1560 827 1580 ac
846 1556 1007 1588 potestates,

211 1595 283 1624 hunc
311 1595 344 1624 ad
368 1596 483 1624 modum
497 1604 630 1632 arrogans
641 1602 775 1632 tyrannus
789 1596 947 1632 hujusmodi
962 1605 1008 1625 or-

210 1639 288 1668 dines
306 1640 381 1669 fecit.

249 1696 261 1708 α
299 1685 439 1713 Adversus
468 1686 563 1713 mundi
589 1689 717 1714 rectores.
753 1697 765 1709 ι›
791 1687 854 1714 Non
882 1686 956 1722 quod
981 1686 1009 1714 in

209 1730 347 1759 mundum
361 1738 410 1758 seu
425 1735 578 1758 creaturam
592 1731 780 1764 dominentur,
795 1731 886 1767 ejusve
901 1731 1007 1760 domini

209 1775 264 1802 sint
280 1785 286 1803 :
300 1775 348 1803 sed
360 1775 498 1811 Scriptura
514 1776 651 1803 mundum
666 1779 742 1803 vocat
750 1776 807 1811 ipsa
821 1783 903 1812 prava
914 1784 1006 1812 opera,

209 1823 236 1848 et
249 1820 294 1856 qui
305 1828 336 1848 ea
349 1824 518 1857 perpetrant,
530 1819 764 1857 quemadmodum
781 1825 809 1848 et
825 1820 892 1848 illud
907 1830 913 1847 ε
927 1832 939 1845 ιι
953 1823 1008 1849 Vos

208 1872 265 1892 non
281 1865 346 1893 estis
367 1873 399 1893 ex
418 1865 520 1893 mundo
547 1875 571 1899 ιι,
584 1876 598 1890 »
615 1865 670 1893 hoc
686 1868 738 1898 est,
763 1873 795 1892 ex
810 1865 844 1893 iis
863 1865 909 1901 qui
924 1873 1007 1901 prava

208 1914 365 1945 operantur.
394 1911 427 1938 In
454 1910 504 1938 hos
527 1909 608 1946 igitur
635 1909 789 1938 voluntario
822 1909 852 1937 in
885 1910 1008 1946 ipsorum

208 1954 369 1982 servitutem
400 1954 525 1983 redactos
560 1954 708 1990 imperium
742 1958 870 1982 exercent
901 1954 1007 1982 daemo-

209 2007 268 2027 nes.

246 2055 257 2068 «
279 2044 467 2072 Tenebrarum
480 2043 571 2072 szeculi
597 2043 687 2080 hujus.
705 2055 718 2068 ν
742 2043 884 2072 Tenebras
906 2044 1007 2080 nequi-

209 2088 275 2115 tiam
289 2088 366 2123 dicit,
390 2096 452 2124 qua:
466 2088 494 2116 in
508 2088 560 2116 hoc
582 2088 684 2117 seculo
699 2088 809 2116 videtur
828 2092 856 2116 et
869 2089 1007 2123 consistit;

211 2132 326 2161 ulterius
337 2137 428 2161 autem
447 2141 503 2161 non
521 2133 614 2170 pergit.

249 2189 259 2202 α
288 2177 428 2207 Adversus
454 2178 605 2214 spiritualia
626 2178 764 2214 nequitiae.
796 2190 808 2202 ι»
837 2179 896 2206 Hos
921 2177 1006 2214 4.19
1023 2182 1046 2213 [)

210 2223 282 2259 ipsos
299 2223 439 2252 daemones
452 2227 539 2252 vocat.
557 2224 629 2251 Cum
641 2223 716 2251 enim
736 2227 763 2251 et
781 2222 867 2259 angeli
883 2223 938 2250 sint
953 2223 1007 2258 spi-

210 2269 290 2302 ritus,
307 2268 446 2304 apposuit,
465 2281 477 2293 ιι
498 2268 636 2304 Nequitia
652 2278 660 2302 ;
681 2279 694 2292 ι»
709 2267 845 2304 siquidem
865 2267 921 2295 illic
944 2275 1008 2295 cum

211 2313 349 2346 bonitatis,
365 2317 424 2341 tnm
439 2312 549 2341 luminis
563 2317 630 2341 sunt
652 2312 772 2349 spiritus.
789 2313 859 2348 Quia
879 2320 943 2340 vero
958 2320 1010 2340 nos

210 2357 312 2384 bellum
324 2365 380 2386 non
392 2365 487 2393 gerere
501 2356 651 2385 affirmavit
663 2357 793 2385 adversus
806 2357 971 2393 sanguinem
983 2360 1010 2384 et

211 2409 332 2435 carnem,
359 2410 374 2430 e
392 2402 528 2430 contrario
559 2402 661 2438 adjicit,
694 2401 742 2430 sed
768 2401 899 2430 adversus
926 2401 1008 2436 leves,

212 2446 390 2481 invincibiles,
412 2451 438 2475 et
457 2454 504 2475 eos
528 2447 574 2482 qui
599 2446 762 2475 difﬁcillime
787 2447 940 2483 capiuntur,
962 2454 1010 2482 pu-

214 2499 347 2528 gnamus.

250 2549 262 2562 α
283 2538 316 2565 In
343 2536 511 2565 coelestibus.
540 2548 552 2562 ν
580 2538 631 2565 Per
660 2536 714 2565 hoc
737 2544 832 2564 rursus
852 2536 1007 2565 auditorem

212 2583 322 2612 excitat.
355 2584 397 2611 De
420 2582 539 2618 magnis,
555 2582 657 2618 inquit,
678 2582 829 2617 periculum
853 2586 895 2609 est
919 2590 926 2609 :
950 2590 1009 2610 non

213 2628 289 2658 enim
310 2627 345 2657 de
374 2628 550 2656 terrestribus
575 2632 603 2655 et
638 2625 878 2662 corruptibilibus,
899 2626 946 2654 sed
973 2626 1007 2654 de

248 2698 259 2710 ι
275 2693 354 2721 Joan.
370 2699 423 2725 xv,
440 2695 482 2720 19.

1061 882 1074 909 ὁ
1095 881 1187 921 ἐχθρὸς
1209 874 1455 920 τὰ-Ὕᾶμαρτ-ήματα·
1476 874 1530 909 οἷον
1542 901 1550 917 ,
1567 880 1769 919 εἷδωλολατρεῖν
1784 887 1846 917 qua

1062 927 1110 964 ρῶς
1135 927 1164 955 οὐ
1189 926 1328 966 παραινεῖ,
1365 925 1423 954 ἀλλ’
1448 925 1544 964 ἑτέρως
1574 925 1639 954 αὐτὸ
1665 922 1847 955 κατασκευάζει

1062 970 1224 1008 μεθοδεύων,
1241 970 1378 1006 τουτέστι,
1401 970 1511 999 πιθανὸν
1531 969 1576 998 τὸν
1601 969 1681 1008 λόγον
1696 969 1780 997 ποιῶν
1790 989 1797 1002 ,
1811 966 1849 994 καὶ

1061 1015 1263 1054 ἐπικαλύμματι
1278 1015 1426 1055 χρώμενος.
1449 1013 1502 1045 Διὰ
1520 1013 1548 1044 δὲ
1569 1017 1614 1043 τοῦ
1631 1013 1714 1047 δεῖξαι
1729 1012 1772 1041 τὸν
1787 1010 1849 1041 ἀντί-

1061 1061 1145 1089 παλον
1170 1060 1253 1090 δεινὸν
1279 1054 1354 1089 νὸντα
1379 1059 1424 1088 καὶ
1455 1058 1589 1095 ποικίλον,
1614 1058 1739 1097 διεγείρει
1771 1054 1850 1087 advel:

1061 1105 1106 1134 καὶ
1121 1105 1212 1143 νήφειν
1228 1106 1436 1143 παρασκευάζει.

1134 1150 1147 1161 υ
1232 1151 1239 1161 9
1407 1153 1417 1157 -
1512 1149 1518 1158 ι
1608 1148 1615 1157 \
1666 1143 1682 1156 ἰ’
1770 1147 1777 1157 \
1819 1146 1824 1154 ι

1103 1161 1117 1177 (ι
1149 1152 1200 1180 Οτι
1215 1162 1261 1179 ουκ
1275 1149 1346 1179 ἔστιν
1366 1151 1430 1187 ἡμιν
1447 1151 1464 1184 ἡ
1480 1150 1553 1184 παλη
1572 1160 1635 1188 προς
1651 1159 1720 1185 αιμα
1735 1159 1782 1177 και
1796 1158 1849 1184 σιρ-

1061 1207 1106 1225 κα.
1125 1206 1138 1223 η
1159 1196 1213 1225 Καὶ
1234 1197 1310 1223 τοῦτο
1326 1196 1372 1223 οὐκ
1392 1193 1512 1233 ἐκφοϐῶν
1535 1193 1623 1232 λέγει,
1639 1192 1709 1221 ἀλλὰ
1726 1202 1851 1231 προσεκτι-

1060 1239 1190 1279 κωτέρους
1212 1240 1303 1268 ποιῶν.
1341 1238 1375 1268 Ὁ
1401 1240 1454 1278 γὰρ
1479 1240 1524 1267 τοῦ
1555 1239 1650 1278 ἐχθροῦ
1674 1236 1723 1273 τὴν
1753 1236 1849 1274 δύναμιν

1061 1284 1241 1324 ἀφηγούμενος
1277 1284 1489 1324 ἀσφαλεστέρους
1529 1283 1602 1312 ποιεῖ
1638 1282 1699 1315 τοὺς
1739 1280 1849 1311 οἰκείους.

1061 1330 1101 1358 Οὐ
1127 1329 1191 1368 πρὸς
1219 1328 1277 1362 τοὺς
1299 1328 1427 1369 τυχόντας
1450 1328 1563 1368 ἔχομεν,
1594 1326 1689 1368 φησὶν,
1717 1326 1779 1356 οὐδὲ
1798 1325 1851 1363 πρὸς
1881 1361 1882 1364 η

1062 1373 1212 1414 ἀνθρώπους
1226 1373 1394 1412 ὁμοιοπαθεῖς
1408 1376 1473 1412 ἡμῖν
1490 1371 1536 1402 καὶ
1554 1371 1744 1410 ἰσοδυνάμους.
1881 1371 1882 1402 l

1104 1509 1213 1540 «Ἀλλὰ
1240 1509 1304 1550 πρὸς
1323 1509 1371 1542 τὰς
1394 1509 1498 1549 ἀρχὰς,
1524 1507 1589 1548 πρὸς
1614 1507 1662 1540 τὰς
1687 1506 1819 1540 ἐξουσίας.
1843 1517 1851 1532 ι

1061 1554 1167 1594 Ὥσπερ
1190 1556 1204 1584 ὁ
1218 1555 1286 1588 Θεὸς
1308 1553 1392 1595 ἀρχὰς
1414 1554 1470 1593 ἔχει
1488 1553 1535 1582 καὶ
1564 1551 1699 1588 ἐξουσίας,
1726 1551 1799 1581 οὕτω
1820 1551 1854 1579 καὶ

1061 1601 1074 1628 ὃ
1091 1599 1194 1633 ἀλαζὼν
1210 1599 1332 1639 τύραννος
1346 1601 1456 1628 τοιαῦτα
1470 1597 1614 1633 ἐποιήσατο
1630 1596 1776 1636 τάγματα.

1878 1503 1882 1591 l

1878 1603 1882 1718 l

1106 1696 1121 1714 α
1137 1685 1208 1725 Πρὸς
1223 1683 1281 1718 τοὺς
1304 1683 1532 1724 κοσμοκράτορας.
1549 1695 1563 1712 υ
1590 1683 1664 1723 Οὐχὶ
1682 1682 1747 1716 τοὺς
1763 1684 1808 1712 τοῦ
1823 1681 1856 1725 κό-

1062 1742 1147 1768 σμου,
1172 1730 1256 1769 ἤγουν
1290 1732 1335 1764 τῆς
1361 1729 1471 1762 κτίσεως
1506 1731 1669 1768 κρατοῦντας
1695 1739 1703 1746 ·
1729 1727 1791 1757 ἀλλ’
1813 1720 1856 1755 οἶδε

1061 1775 1159 1812 κόσμον
1186 1777 1202 1810 ἡ
1230 1773 1324 1815 Γραφὴ
1351 1774 1398 1806 τὰς
1414 1773 1531 1813 πονηρὰς
1556 1773 1662 1812 πράξεις
1690 1772 1801 1812 λέγειν,
1822 1771 1857 1799 xxi

1112 1805 1116 1812 .
1197 1805 1202 1810 .
1255 1805 1260 1814 .
1295 1805 1300 1815 ,
1319 1805 1324 1810 .
1391 1805 1396 1806 ν
1476 1805 1490 1813 .,
1523 1805 1528 1806 γ
1578 1805 1583 1812 .
1618 1805 1624 1807 .
1730 1805 1736 1812 ,
1793 1805 1798 1808 γ

1062 1819 1121 1853 τοὺς
1137 1818 1234 1853 ταύτας
1249 1818 1404 1857 μετιόντας,
1422 1820 1457 1852 ὥς
1472 1818 1516 1854 τὸ,
1540 1830 1555 1847 ι(
1570 1817 1668 1856 ⁸Υμεῖς
1683 1818 1736 1846 οὖκ
1754 1817 1813 1846 ἐστὲ
1833 1816 1858 1843 ἐκ
1881 1805 1882 1855 ί

1062 1867 1107 1893 τοῦ
1122 1864 1225 1902 κόσμου
1235 1886 1243 1900 ,
1261 1875 1276 1891 1:
1294 1862 1426 1893 τουτέστιν
1436 1885 1443 1899 ,
1467 1863 1497 1892 ἐκ
1513 1864 1566 1891 τῶν
1587 1861 1621 1891 τὰ
1635 1861 1747 1902 πονηρὰ
1767 1859 1858 1899 μετιόν-

1062 1921 1124 1938 των.
1151 1909 1260 1938 Τούτων
1286 1903 1331 1937 οὖν
1357 1910 1499 1947 κρατοῦσιν
1521 1908 1545 1936 οἱ
1572 1906 1717 1945 δαίμονες⁷
1747 1902 1859 1942 αὐθαιρέ-

1062 1966 1113 1988 τως
1128 1952 1364 1983 ὓποδουλωθέντων
1381 1953 1406 1972 ⁷⁷
1420 1953 1518 1985 αὐτοῖς.

1107 2054 1118 2066 τι
1134 2041 1188 2070 Τοῦ
1204 2039 1312 2072 σκότους
1335 2041 1383 2069 τοῦ
1409 2040 1502 2072 αἰῶνος
1527 2037 1631 2068 τούτου.
1650 2049 1665 2066 ι)
1691 2037 1795 2069 Σκότος
1819 2036 1860 2070 τὴν

1062 2084 1190 2124 πονηρίαν
1216 2084 1309 2125 φησὶν,
1337 2083 1396 2119 ἥτις
1420 2084 1447 2112 έν
1470 2085 1508 2122 τῷ
1532 2084 1608 2112 αἰῶνι
1633 2082 1722 2122 τούτῳ
1745 2081 1860 2122 φαίνεται

1063 2131 1109 2161 καὶ
1124 2130 1289 2159 devium-tur
1307 2128 1456 2169 περαιτέρω
1471 2128 1499 2157 δὲ
1520 2129 1548 2156 οὗ
1564 2126 1680 2166 πρόεισι,

1107 2187 1122 2205 α
1138 2175 1208 2214 Πρὸς
1224 2173 1256 2203 τὰ
1279 2172 1451 2211 πνευματικὰ
1476 2174 1523 2208 τῆς
1549 2171 1689 2210 πονηρίας.
1711 2184 1725 2197 ιι
1754 2170 1860 2201 Τούτηυς

1064 2219 1156 2252 αὐτοὺς
1179 2218 1240 2253 τοὺς
1265 2218 1392 2257 δαίμονάς
1417 2229 1507 2258 φησιν.
1537 2216 1652 2252 Ἐπειδὴ
1674 2216 1727 2255 γάρ
1749 2217 1802 2245 εἰσι
1823 2214 1860 2242 καὶ

1062 2267 1086 2295 οἱ
1112 2265 1219 2304 ἄγγελοι
1242 2266 1364 2301 πνεῦμα,
1386 2263 1534 2302 προσέθηκε
1551 2272 1558 2279 ⁶
1582 2272 1597 2290 (ι
1613 2262 1672 2297 Τῆς
1689 2260 1832 2301 πονηρίας·
1848 2269 1859 2285 ι

1064 2312 1157 2340 ἐκεῖνοι
1183 2308 1253 2349 γὰρ,
1276 2308 1440 2347 ἀγαθότητος
1466 2307 1511 2337 καί
1533 2305 1626 2349 φωτὸς
1643 2305 1798 2344 πνεύματα.
1825 2304 1863 2334 Ei.

1064 2354 1120 2384 πὼν
1136 2354 1180 2390 δὲ,
1207 2347 1247 2382 ὅτι
1267 2353 1297 2382 οὗ
1312 2353 1481 2391 πολεμοῦμεν
1506 2351 1569 2391 πρὸς
1593 2347 1661 2390 αἷμα
1690 2350 1738 2379 καὶ
1759 2349 1861 2388 σάρκα,

1065 2397 1291 2434 ἀντιδιαστέλλει,
1309 2397 1355 2427 καὶ
1377 2409 1475 2438 φησιν,
1492 2396 1533 2426 ὅτι
1546 2396 1626 2426 Ἀλλὰ
1641 2395 1709 2434 πρὸς
1732 2393 1860 2434 κούφους,

1064 2444 1110 2474 καὶ
1126 2443 1265 2479 ἀνικήτους
1280 2443 1306 2462 ⁷⁸
1321 2441 1367 2472 καὶ
1382 2441 1551 2475 δυσαλώτους
1564 2440 1717 2480 μαχόμεθα.

1106 2541 1121 2559 (ι
1138 2529 1185 2560 Ἐν
1203 2529 1256 2562 τοῖς
1271 2527 1446 2568 ἐπουρανίοις.
1466 2539 1480 2556 n
1503 2527 1555 2557 Διᾶ
1577 2528 1653 2556 τοῦτο
1667 2525 1748 2554 πάλιν
1774 2523 1862 2563 διεγεί-

1066 2587 1104 2616 ρει
1119 2575 1163 2604 τὸν
1181 2573 1327 2613 ἀκροατήν,
1348 2573 1417 2611 Περὶ
1439 2571 1564 2610 μεγάλων
1581 2571 1646 2611 γὰρ,
1671 2569 1796 2616 φησιν,λὸ
1809 2568 1861 2616 κίν-

1050 2613 1156 2657 θυνος,
1181 2619 1210 2648 οὗ
1239 2617 1300 2658 περὶ
1326 2616 1451 2656 ἐπιγείων
1477 2615 1524 2646 καὶ
1550 2617 1688 2656 φθαρτῶν,
1718 2613 1788 2643 ἀλλὰ
1815 2614 1862 2642 τῶν

908 2734 1002 2764 Variae
1024 2734 1173 2763 lectiones.

249 2800 270 2817 ⁷⁵
288 2799 332 2832 τὴν
348 2799 478 2835 μεθοόείαν
498 2807 526 2828 ο.
565 2797 586 2815 7⁸
598 2797 640 2825 καὶ
655 2806 682 2827 ο.
721 2797 742 2814 ⁷⁷
755 2796 789 2828 ὥς
801 2796 916 2824 ὓποδουλ.
933 2803 962 2824 ο.

1004 2795 1026 2812 ⁷⁸
1040 2795 1179 2828 εὖκινήτους
1188 2801 1215 2822 0.
