1886 3082
20 168 43 192 ἐξ)

21 227 148 267 υρανίων.
175 227 214 257 Τὸ
229 227 300 267 γὰρ,
327 239 339 254 ι
357 228 398 265 ἐν,
415 241 428 254 ι
444 227 502 257 ἀντὶ
527 229 587 263 τοῦ,
612 226 693 266 ὑπὲρ,
719 225 775 255 ἔστι
789 225 817 257 Α

33 275 94 310 τοῦ,
118 272 181 302 διεί-
203 272 267 302 ὡσεὶ
283 271 370 311 ἔλεγε’
397 272 448 303 Διὰ
472 272 506 302 τὰ
531 272 675 312 ἐπουράνια
699 272 776 301 πολε-

20 322 91 356 ἱμεν,
104 317 152 347 καὶ
168 316 212 346 διὰ
226 319 302 346 τοῦτο
315 316 404 357 νήφειν
419 317 484 358 χρή.

20 419 31 435 ιι
48 407 100 437 Διὰ
116 410 196 437 τοῦτο
211 407 354 437 ἀνελάϐετε
377 407 424 442 τὴν
449 407 600 436 πανοπλίαν
625 409 672 437 τοῦ
688 407 776 444 Θεοῦ,

39 452 170 488 δυνηθῆτε
193 452 347 487 ἀντιστῆναι
367 453 394 481 ἐν
411 454 443 491 τῇ
461 451 548 492 ἡμέρᾳ
566 454 597 492 τῇ
623 457 737 492 πονηρᾷ.
761 464 774 481 υ

20 497 136 533 υτέστιν,
165 497 192 525 ἐν
209 498 246 536 τῷ
261 496 372 535 παρόντι
388 498 464 526 αἰῶνι
475 497 516 524 7°.
531 499 622 526 τοῦτον
639 497 690 537 γὰρ
705 496 777 535 ἡμέ-

20 556 26 569 :
45 541 165 582 πονηράν
182 553 276 581 φησιν,
292 542 346 571 ἀπὸ
358 543 411 571 τῶν
425 542 452 570 ἓν
473 542 546 581 αὖτῷ
565 542 711 580 γινομένων
727 553 777 571 χα-

20 600 42 616 ν.
59 587 266 626 Παραμυθεῖται
292 586 319 615 δὲ
346 586 391 615 καὶ
419 586 471 615 ἀπὸ
497 589 543 616 τοῦ
568 586 650 620 δεῖξαι
675 586 778 626 βραχὺν

20 643 39 659 ἀ
64 631 106 660 τὸν
120 633 167 660 τοῦ
193 629 310 668 πολέμου
338 631 440 670 καιρόν.
459 630 511 660 Διὰ
527 631 578 671 γὰρ
604 633 651 660 τοῦ
674 630 778 671 ἡμέραν

20 676 73 711 ξεῖν,
87 676 118 705 τὸ
131 674 223 715 βραχὺ
238 675 363 710 ἐδήλωσε.

24 735 34 746 α
49 721 101 750 Καὶ
128 720 239 750 ἅπαντα
259 719 488 760 κατεργασάμενοι
510 722 613 756 στ’ἧναι.
630 735 642 746 ιι
656 720 779 751 Ἅπαντα

31 766 114 802 πάθη,
141 765 189 794 καὶ
211 764 259 799 τὰς
278 765 392 798 ἀτόπους
421 765 561 804 ἐπιθυμίας
577 766 780 806 κατεργασάμε-

20 823 36 845 L,
50 809 168 839 τουτέστι
183 810 470 848 καταπολεμήσαντες,
488 810 652 843 καθελόντες.
667 810 779 846 Ἐπειδὴ

29 855 116 884 πολλοὶ
131 854 201 893 μετὰ
215 855 245 883 τὸ
258 856 366 890 νικῆσαι
379 854 488 892 ἔπεσον,
502 854 567 895 φησί
579 866 585 873 ·
601 866 616 884 (ι
633 856 743 890 Στῆναι.
761 867 777 883 ι)

22 900 33 927 ἴ
48 899 94 938 γὰρ
120 899 190 934 μετὰ
205 898 254 934 τὴν
270 899 344 933 νίκην
367 899 498 935 στάσεως,
520 899 563 928 ἵνα
580 900 617 938 μὴ
640 902 653 928 ὁ
669 899 780 935 νικηθεὶς
793 904 817 935 Β

20 944 61 973 ξλιν
73 943 291 983 ἆναμαχέσηται.
311 943 405 983 Ιίἰγὰρ
426 943 630 984 ρᾳθυμήσομεν,
655 944 781 980 ἁναζήσει

20 989 85 1022 ἱντως
100 990 114 1017 ὁ
137 988 279 1028 νεκρωθεὶς
292 988 318 1007 ⁸ο
331 988 431 1028 ἐχθρός.
446 987 519 1028 "Ope:
547 988 591 1026 δὲ,
611 988 650 1018 ὅτι
673 989 780 1018 δυνατὸν

39 1035 251 1072 κατεργάσασθαι
277 1033 323 1062 καὶ
352 1035 465 1068 στῆναι,
498 1033 542 1062 καὶ
570 1034 618 1062 οὐχ
643 1033 780 1074 ὀφείλομεν

22 1077 72 1106 nev
103 1078 250 1117 ῥᾳθυμεῖν,
287 1077 509 1118 προφασιζόμενοι
547 1079 587 1107 ὅτι
623 1078 728 1108 δυνατοὶ
757 1080 780 1107 οἱ

20 1121 82 1161 θροί.
108 1121 162 1152 Καὶ
177 1122 231 1161 γὰρ
249 1121 505 1160 ἐνεδυναμώθημεν,
532 1122 576 1151 καὶ
594 1123 718 1158 τοιαύτην
734 1123 779 1152 τέ-

20 1179 52 1200 την
69 1166 248 1206 ἐδιδάχθημεν
260 1167 282 1184 ⁸⁸
297 1190 305 1206 ,
326 1166 396 1196 ὥστε
418 1167 464 1197 καὶ
478 1167 543 1207 πρὸς
558 1167 683 1205 δαίμονας
701 1167 780 1197 δύνα-

20 1217 49 1240 Ιαι
61 1212 182 1240 παλαίειν
197 1223 204 1230 ο
220 1212 322 1250 μᾶλλον
341 1211 367 1240 δὲ
390 1211 449 1241 οὐδὲ
465 1211 605 1248 παλαίειν,
629 1213 688 1241 ἀλλ’
701 1213 781 1246 οὕτως

20 1267 53 1283 ναι
68 1256 171 1296 φοϐεροὶ
196 1257 251 1289 τοῖς
274 1256 399 1296 δαίμοσι,
418 1256 461 1286 διὰ
483 1257 530 1292 τὴν
557 1259 603 1286 τοῦ
623 1258 782 1290 ἐνοικοῦντος

33 1302 89 1337 ἡμῖν
114 1301 242 1340 δύναμιν,
272 1300 340 1330 ὥστε
367 1301 434 1339 μηδὲ
459 1301 546 1338 πάλης
569 1302 685 1340 δεῖσθαι,
713 1302 781 1331 ἀλλὰ

20 1346 77 1373 πεῖν
92 1345 180 1375 ἐπάνω
199 1346 285 1386 ὄφεων
311 1345 357 1374 καὶ
378 1346 522 1386 σκορπίων.
545 1347 640 1376 Ταῦτα
667 1346 694 1376 δὲ
712 1346 782 1385 λέγει

20 1390 109 1429 Ῐαῖλος,
136 1389 229 1426 ἐπειδὴ
252 1390 345 1420 πολλοὶ
360 1386 427 1426 ἦσαν
453 1392 476 1420 οἳ
492 1391 665 1429 ἀντικείμενοι
680 1391 781 1427 αὐτοῖς,

20 1433 116 1463 inimum:
137 1435 176 1464 ὅτι
198 1435 225 1464 οἱ
254 1435 376 1471 δαίμονες
402 1437 468 1473 ἡμῖν
495 1437 641 1473 πολεμοῦσι
669 1435 712 1464 διὰ
730 1436 781 1474 μέ-

20 1491 44 1505 m
65 1480 146 1508 αὐτῶν
156 1479 193 1510 ⁸².
218 1479 307 1509 σΩσ-τε
325 1479 362 1518 μὴ
384 1468 439 1513 τοίἰς
462 1468 608 1520 ἀνθρώποις
632 1468 782 1521 ὀργίζεσθε,
797 1468 820 1501 C'

20 1522 57 1551 ὶλὰ
70 1524 129 1564 πρὸς
143 1524 202 1558 τοὺς
219 1524 346 1563 δαίμονας
361 1524 568 1565 αὖστηρεύεσθε,

38 1672 46 1681 «ι
61 1659 140 1694 Στῆτε
161 1655 206 1689 οὖν
231 1659 442 1699 περιζωσάμενοι
465 1659 513 1696 τὴν
543 1659 624 1700 ὀσφὺν
653 1662 726 1698 ὑμῶν
757 1662 783 1690 ἐν

21 1703 108 1742 ὶηῡείᾳ.
126 1717 137 1730 ι
156 1703 204 1734 Ἐν
228 1708 282 1737 τοῖς
303 1709 434 1737 τακτικοῖς
460 1704 564 1744 πρῶτόν
589 1706 644 1734 ἐστι
662 1705 693 1734 τὸ
715 1707 782 1736 εἰδέ-

20 1757 38 1773 ιιι
52 1748 151 1777 ἑστάναι
166 1750 254 1782 καλῶς
267 1760 274 1767 ⁵
295 1749 338 1778 διὰ
358 1752 434 1778 τοῦτο
449 1751 557 1782 Παῦλος
574 1749 635 1788 περὶ
650 1751 696 1785 τῆς
712 1750 781 1779 στοί-

20 1802 58 1824 εως
73 1794 190 1832 παραινεῖ
204 1793 314 1833 [λέγων]
331 1796 451 1833 πρῶτον,
462 1795 553 1823 στάσιν
568 1795 687 1823 ἀπαιτῶν
704 1795 784 1824 εὔτα-

20 1846 72 1872 τον,
98 1838 140 1866 καὶ
163 1838 339 1877 στρατιώταις
367 1838 534 1877 πρέπουσαν,
563 1839 608 1868 καὶ
631 1839 722 1878 ὀρθήν.
749 1839 783 1870 Ὁ

21 1878 47 1918 ἂρ
67 1882 101 1920 τῷ
127 1882 179 1912 ὄντι
210 1882 292 1916 ἑστὼς
325 1883 399 1922 ὀρθὸς
423 1882 552 1920 ἔστηκεν,
578 1885 626 1913 οὐκ
651 1885 782 1914 ἐπιχλινό-

20 1926 71 1957 -ενός
80 1925 103 1943 ⁸³
117 1938 180 1956 τινι·
202 1928 239 1960 ὣς
248 1927 264 1956 ὅ
274 1939 303 1966 γε
315 1928 353 1966 μὴ
367 1927 449 1961 ἑστὼς
475 1927 531 1957 οὐδὲ
547 1928 620 1967 ὀρθός
632 1929 714 1957 ἔστιν·
729 1924 782 1958 οἶον

29 1969 126 2008 λάγνος,
150 1973 164 2000 ὁ
184 1972 399 2012 φιλοχρήματος,
425 1974 573 2012 ὁτρυιρῶν,
600 1974 650 2012 οὐχ
675 1971 783 2003 ἵσταται

20 2013 80 2049 ρθος,
95 2015 159 2045 ἀλλὰ
174 2017 307 2047 κέκλιται.
334 2016 409 2046 Μετὰ
426 2016 454 2046 δὲ
479 2017 526 2053 τὴν
551 2017 643 2047 στάσιν
673 2017 781 2051 ζώννυσι

21 2055 43 2084 ὃν
63 2060 220 2098 στρατιώτην
243 2062 342 2097 νοητῶς
356 2061 462 2095 πάντως
479 2061 521 2097 ⁸4,
549 2062 595 2091 καὶ
617 2062 782 2102 περισφίγγει

21 2101 42 2146 ὸν
54 2102 193 2144 διαῤῥίοντα
211 2105 236 2125 ⁸⁵
264 2105 309 2135 καὶ
331 2106 577 2146 διακεχαλασμένον
606 2101 663 2140 ταῖς
690 2101 783 2137 ἐπιθυ-

409 163 583 193 ΕΧΡΟΞΙΤΙΟ
602 163 634 191 ΙΝ
654 162 759 190 EPIST.
779 161 825 189 AD
845 161 963 188 EPHES.
982 175 1017 182 —-
1037 162 1111 189 CAP.
1133 162 1175 188 ΧΙ.

1562 163 1626 189 H30

832 224 989 252 coelestibus
1009 232 1054 253 res
1083 224 1181 260 agitur.
1203 224 1366 259 Praepositio
1381 224 1455 252 enim
1472 236 1484 248 κ
1505 224 1533 252 in
1555 236 1568 248 ιι
1585 229 1626 252 est

831 278 891 305 pro,
915 277 1006 305 super,
1039 269 1090 303 vel,
1116 271 1236 304 propter:
1260 272 1291 296 ut
1315 269 1351 296 sit
1377 269 1535 297 sententia:
1560 270 1626 297 Pro-

832 314 1025 350 pter-coelestia
1044 313 1246 349 belligeramus,
1275 313 1392 349 ideoque
1415 313 1524 349 vigilare
1545 321 1626 350 opor-

830 363 879 387 tet.

864 405 955 435 Vens,
980 407 1022 432 13.
1048 415 1060 428 α
1078 405 1225 439 Propterea
1247 402 1361 439 accipite
1375 407 1544 431 armaturam
1561 403 1621 438 Dei,

832 453 862 476 ut
880 449 989 485 possitis
1004 448 1133 477 resistere
1146 448 1174 475 in
1195 447 1239 476 die
1253 448 1336 476 malo.
1360 459 1372 472 ν
1391 449 1451 475 Hoc
1463 452 1505 475 est
1520 448 1547 474 in
1560 456 1627 483 prte-

831 495 902 522 seuti
921 495 1023 523 saeculo
1045 504 1050 521 2
1073 495 1125 522 hoc
1149 493 1221 521 enim
1247 493 1321 521 diem
1342 494 1446 521 malum
1468 493 1596 529 appellat,
1612 501 1627 520 a

831 539 908 567 malis
922 539 1054 567 nimirum
1073 546 1135 575 qua:
1150 538 1175 565 in
1190 538 1248 574 ipso
1263 538 1342 566 fiunt.
1357 538 1522 566 Consolatur
1537 542 1628 565 autem

832 593 880 620 per
893 584 955 617 hoc,
976 583 1050 620 quod
1073 583 1199 611 ostendat
1226 583 1307 610 breve
1322 583 1473 610 admodum
1494 590 1553 610 esse
1567 582 1629 610 belli

831 633 963 664 tempus:
984 636 1048 657 cum
1066 628 1141 656 enim
1164 627 1238 656 diem
1262 627 1342 662 dixit,
1369 627 1531 655 brevitatem
1555 627 1629 655 indi—

831 674 910 701 cavit.

867 739 879 751 ιι
892 729 927 755 Et
940 727 1073 755 omnibus
1084 726 1216 754 confectis
1225 730 1306 754 stare.
1320 737 1333 752 »
1347 726 1484 755 Omnibus
1497 726 1630 754 nimirum

832 771 978 800 affectibus
1004 776 1033 800 et
1056 772 1145 808 pravis
1167 771 1363 807 cupiditatibus
1382 771 1527 805 confectis,
1549 771 1632 799 idest

831 817 985 850 debellatis,
1012 816 1118 845 ablatis.
1146 816 1377 852 Quondoquidem
1411 824 1475 844 vero
1510 816 1632 851 plerique

834 865 896 897 post
908 861 1051 889 victoriam
1068 861 1237 895 ceciderunt,
1252 872 1265 884 «ι
1287 862 1374 894 Stare,
1394 873 1405 885 ν
1425 860 1633 895 εάάίἀὶῐ.ζοριιε

837 911 876 934 est
888 906 961 934 enim
975 910 1036 942 post
1050 905 1193 933 victoriam
1203 906 1287 933 etiam
1299 905 1484 938 consistentia,
1502 913 1535 932 ne
1547 906 1634 933 victus

838 959 929 978 rursus
940 950 974 978 ad
985 950 1201 986 oppugnandum
1221 950 1354 985 insurgat.
1371 950 1397 978 Si
1413 950 1485 977 enim
1509 949 1545 977 ad
1574 954 1632 977 tor-

837 1003 930 1031 porem
955 995 1022 1031 lapsi
1053 995 1197 1028 fuerimus,
1231 994 1373 1023 reviviscet
1399 995 1504 1022 occisus
1535 994 1630 1022 hostis.

835 1041 954 1068 Observa
979 1043 1071 1068 autem
1095 1039 1170 1075 quod
1202 1038 1327 1075 possibile
1360 1043 1401 1066 est
1426 1043 1457 1066 ut
1488 1039 1634 1066 vincamus

835 1089 916 1121 atque
938 1085 1130 1119 consistamus,
1158 1087 1185 1111 et
1207 1091 1262 1112 non
1284 1084 1416 1112 debemus
1439 1084 1467 1111 in
1493 1088 1634 1120 posterum

835 1137 892 1157 esse
913 1129 1033 1164 desides,
1064 1132 1244 1165 praetexentes
1273 1128 1402 1156 fortiores
1435 1136 1494 1156 esse
1531 1129 1634 1162 hostes,

836 1182 920 1210 quam
935 1174 1034 1210 quibus
1053 1174 1179 1202 resistere
1192 1181 1337 1210 queamus.
1354 1173 1464 1202 Etenim
1484 1173 1634 1201 confortati

835 1227 940 1252 sumus,
961 1227 993 1246 ac
1008 1218 1082 1246 docti
1097 1226 1192 1246 sumus
1204 1218 1285 1246 talem
1300 1222 1399 1252 artem,
1415 1221 1446 1244 ut
1463 1222 1491 1245 et
1503 1217 1637 1246 adversus

836 1263 977 1291 daemones
990 1263 1084 1290 luctari
1100 1271 1234 1298 queamus
1250 1273 1255 1290 :
1270 1263 1326 1290 imo
1341 1271 1399 1290 non
1412 1262 1502 1290 solum
1519 1262 1636 1295 luctari,

837 1316 929 1336 verum
943 1307 1025 1336 etiam
1045 1311 1123 1335 tanto
1137 1307 1235 1335 terrori
1251 1315 1309 1335 esse
1322 1307 1511 1338 daemonibus,
1525 1311 1637 1342 propter

836 1353 894 1386 eius
908 1352 953 1388 qui
976 1352 1005 1379 in
1020 1351 1098 1380 nobis
1120 1351 1226 1379 habitat
1244 1352 1379 1386 virtutem,
1394 1355 1425 1379 ut
1440 1359 1474 1379 ne
1490 1351 1565 1379 lucta
1581 1352 1638 1387 qui-

836 1397 899 1424 dem
915 1404 982 1432 opus
1006 1397 1050 1431 sit,
1073 1397 1120 1425 sed
1135 1404 1217 1432 supra
1239 1400 1380 1432 serpentes
1402 1400 1429 1424 et
1443 1396 1565 1432 scorpios
1579 1405 1638 1431 gra-

835 1442 956 1475 diamur,
984 1448 1086 1476 eosque
1122 1440 1322 1468 conculcemus.
1356 1441 1424 1468 Haec
1453 1444 1545 1468 autem
1571 1441 1639 1468 dicit

839 1486 948 1519 Paulus,
963 1493 996 1513 eo
1008 1484 1083 1521 quod
1100 1485 1177 1512 multi
1194 1489 1286 1512 essent
1313 1489 1483 1521 opponentes
1497 1492 1554 1512 sese
1569 1485 1637 1517 illis;

837 1530 938 1558 docens
953 1530 1027 1566 quod
1039 1529 1182 1558 daemones
1195 1529 1339 1558 nobiscum
1363 1529 1472 1557 illorum
1485 1530 1637 1557 interventu

838 1575 978 1603 dimicent.
995 1575 1090 1610 Itaque
1104 1574 1266 1602 hominibus
1284 1582 1319 1602 ne
1338 1573 1497 1608 irascimini,
1513 1574 1561 1602 sed
1580 1574 1639 1602 dac—

839 1620 965 1647 monibus
979 1619 1168 1647 austeritatcm
1183 1623 1305 1646 vestram
1324 1618 1460 1646 exhibete.

873 1666 962 1692 Vsus.
976 1667 1006 1692 ιιι
1020 1675 1032 1688 ιι
1047 1665 1119 1691 State
1132 1671 1198 1699 ergo
1209 1663 1399 1691 circumcincti
1412 1663 1523 1691 lumbos
1536 1668 1640 1691 vestros

838 1709 863 1736 in
879 1709 1002 1737 veritate.
1019 1720 1030 1732 ι·
1057 1709 1085 1735 ln
1107 1707 1187 1736 rebus
1207 1708 1310 1735 bellicis
1332 1708 1452 1743 primum
1471 1712 1512 1736 est
1531 1709 1637 1736 novisse.

838 1754 906 1781 bene
938 1759 1020 1782 stare.
1048 1754 1196 1789 Propterea
1230 1753 1331 1780 Paulus
1361 1753 1488 1780 stationis
1518 1753 1638 1789 primum

837 1799 974 1831 meminit,
989 1802 1015 1825 et
1035 1798 1068 1825 ad
1094 1805 1155 1825 eam
1171 1797 1345 1830 adhortatur,
1359 1798 1509 1825 stationem
1529 1798 1640 1834 exigens

838 1843 923 1878 probe
954 1841 1120 1875 ordinatam,
1151 1840 1339 1875 militibusque
1370 1840 1578 1868 convenientem
1610 1845 1638 1869 et

837 1891 964 1915 erectam.
989 1886 1041 1920 Qui
1066 1886 1139 1913 enim
1162 1892 1256 1912 revera
1276 1888 1339 1917 stat,
1368 1888 1475 1911 erectus
1493 1888 1556 1918 stat,
1578 1893 1635 1912 non

837 1931 955 1960 innitens
978 1930 1119 1966 cuipiam;
1147 1929 1383 1965 quemadmodum
1398 1929 1420 1956 is
1443 1928 1489 1964 qui
1503 1937 1557 1956 non
1572 1933 1636 1964 stat,

837 1984 924 2012 neque
941 1980 1030 2004 rectus
1053 1979 1094 2003 est
1115 1985 1121 2003 :
1143 1979 1175 2002 ut
1199 1973 1325 2007 lascivus,
1341 1978 1368 2001 et
1381 1973 1556 2009 pecuniarum
1567 1981 1638 2002 ama-

838 2026 891 2054 tor,
910 2025 938 2048 et
952 2021 998 2057 qui
1011 2020 1040 2047 in
1055 2019 1158 2047 deliciis
1173 2022 1305 2052 versatur,
1322 2026 1378 2046 non
1396 2022 1449 2046 stat
1473 2022 1563 2046 rectus
1589 2018 1639 2047 sed

838 2065 954 2093 inﬂexus
968 2069 1018 2092 est.
1041 2064 1144 2092 Edocta
1166 2063 1292 2097 statione,
1305 2063 1390 2099 cingit
1404 2062 1502 2090 deinde
1517 2063 1635 2091 militem

837 2110 1013 2146 spiritualiter
1029 2109 1154 2143 omnino,
1175 2116 1206 2136 ac
1219 2107 1409 2144 circumcingit
1422 2107 1596 2135 difﬂuentem
1611 2113 1639 2136 et

20 2144 83 2184 ιίαις,
97 2149 262 2180 ἀναστέλλων
283 2150 326 2180 διὰ
342 2153 388 2186 τῆς
403 2144 496 2186 ζῶνης.
515 2151 616 2191 Ὀσφὺν
631 2151 658 2180 δὲ
675 2152 786 2181 ἐνταῦθά

868 2155 961 2183 lutum
980 2155 1007 2182 iu
1028 2153 1267 2189 concupiscentiis,
1303 2161 1349 2188 per
1381 2152 1467 2188 420
1497 2152 1637 2188 cingulum

20 2202 62 2224 ἠσι
75 2191 118 2228 τὴν
130 2196 174 2230 τῆς
187 2196 275 2235 ψυχῆς
291 2194 393 2225 εὔτονον
410 2195 456 2224 καὶ
471 2195 501 2225 τὸ
516 2200 569 2225 πᾶν
587 2196 782 2232 διαϐαστάζου-

20 2244 48 2280 ‘av
64 2235 175 2275 δύναμιν.
191 2239 241 2273 (Ως
261 2239 312 2279 γὰρ
331 2242 346 2275 ἦ
374 2240 465 2280 τρόπις
480 2241 523 2270 ἐπὶ
543 2242 594 2270 τῶν
617 2243 703 2280 νηῶν,
715 2242 784 2271 οὕτω

58 2279 96 2309 ἐπὶ
110 2285 153 2312 τοῦ
176 2284 272 2321 ζώουὴ
294 2278 459 2325 ὂσφὺςέοῖόν
483 2297 522 2319 τις
547 2285 677 2322 θεμέλιος.
697 2278 784 2316 Ι²¹Οθεν

20 2322 176 2370 ὲπῖΔπολλάκις
200 2322 346 2367 καμόντες,
372 2328 420 2363 τὰς
439 2334 532 2370 χεῖρας
549 2331 590 2359 ἐπ’
601 2330 683 2366 αὐτὴν
699 2331 784 2364 θέντες

20 2366 199 2417 ἱίκίασςδάζομεν
227 2366 345 2407 ἑαυτούς.
375 2366 459 2404 Otho;
484 2366 529 2404 irai
553 2377 570 2410 ἡ
600 2375 683 2411 νοητὴ
705 2375 785 2416 ὀσφὺς

20 2414 69 2463 χει,
88 2414 118 2449 ἢν
131 2418 228 2448 κελεύει
249 2418 370 2452 ζωννύειν
390 2419 417 2447 ἐν
433 2419 544 2459 ἀληθείᾳ
554 2442 561 2455 ,
577 2422 609 2460 τῇ
625 2431 653 2449 τε
668 2414 784 2450 κατὰ-τὰ

20 2465 130 2504 “item,
156 2462 243 2502 καὶτῇ
258 2462 327 2492 κατὰ
344 2463 388 2493 τὸν
406 2463 473 2502 βίον.
496 2464 589 2497 Οὐδεὶς
604 2464 655 2504 γὰρ
669 2467 721 2494 τῶν
745 2466 785 2495 αἳ-

20 2503 106 2554 ⁷ετξκῶγ
121 2505 245 2539 ζώννυται
273 2507 301 2536 ἕν
315 2508 442 2549 ἀληθείᾳ,
472 2508 542 2538 ἀλλὰ
561 2503 646 2538 κάτων
663 2509 785 2549 σύρονται

20 2546 117 2595 ξεξὶτῆγ
130 2553 194 2589 γ’ἦν,
215 2552 288 2582 οὐδὲν
312 2553 411 2593 ὑψηλὸν
433 2555 526 2589 νοῆσαι
548 2553 704 2592 δυνάμενοι,
727 2554 787 2584 ἀλλ’

20 2590 161 2638 ξξθριυνπίνοις
183 2597 318 2636 λογισμοῖς
335 2597 380 2626 καὶ
405 2597 479 2627 κάτω
496 2598 650 2638 συρομένοις
676 2598 709 2627 τὰ
726 2601 783 2628 θεῖοι

20 2634 165 2683 εξετάζοντες.
186 2634 266 2671 Ἀλλᾶ
282 2641 328 2671 καὶ
351 2643 374 2671 οἱ
396 2641 466 2672 κατὰ
480 2634 606 2683 τὸν1βίον
632 2643 784 2683 σφαλλόμε-

20 2684 61 2713 νοι,
79 2680 120 2710 καὶ
193 2686 281 2727 ἀπάτῃ
309 2689 355 2716 τοῦ
378 2687 697 2728 κόσμουππροσέχοντες,
725 2688 785 2717 οὐδὲ

838 2199 978 2228 cohibens.
995 2199 1119 2227 Lumbos
1139 2202 1231 2226 autem
1253 2197 1299 2225 hic
1323 2197 1392 2225 dicit
1411 2197 1510 2225 anima:
1527 2196 1638 2225 fortitu-

837 2245 929 2273 dinem
943 2249 970 2272 et
992 2243 1144 2280 potentiam
1165 2242 1200 2270 ad
1212 2242 1305 2270 omnia
1325 2240 1480 2270 ferendum.
1497 2242 1636 2277 Quemad-

838 2289 955 2318 modum
969 2289 1043 2317 enim
1058 2288 1148 2316 carina
1166 2291 1208 2315 est
1226 2287 1255 2314 in
1274 2286 1398 2321 navibus,
1421 2285 1457 2313 ita
1478 2286 1506 2313 in
1525 2286 1635 2314 animali

839 2334 959 2369 lumbus,
981 2333 1064 2362 veluti
1080 2333 1213 2360 nimirum
1231 2331 1443 2360 fundamentum
1464 2330 1605 2367 quoddam
1628 2341 1634 2358 :

837 2380 910 2408 unde
925 2383 952 2407 et
963 2385 1153 2414 smpenumero
1170 2376 1280 2410 defessi,
1294 2376 1421 2404 manibus
1434 2383 1516 2412 super
1532 2375 1635 2404 lumbis

840 2423 984 2460 impositis,
1005 2430 1056 2451 nos
1082 2422 1156 2458 ipsos
1182 2421 1345 2457 baiulamus.
1367 2422 1449 2448 Hunc
1464 2420 1499 2448 ad
1520 2420 1637 2448 modum

837 2468 984 2505 spiritualis
996 2467 1108 2495 lumbus
1127 2466 1219 2500 habet,
1243 2473 1327 2502 quem
1342 2465 1369 2493 in
1388 2465 1504 2494 veritate
1516 2465 1637 2494 circum-

840 2514 947 2550 cingere
962 2512 1094 2549 prmeipit,
1120 2518 1182 2548 qua:
1199 2518 1262 2538 cum
1283 2510 1312 2538 in
1332 2510 1507 2546 dogmatibus
1535 2514 1595 2538 tum
1612 2510 1640 2537 in

840 2559 894 2586 vita
909 2559 1035 2586 reniteat.
1057 2557 1146 2584 Nemo
1163 2555 1235 2583 enim
1254 2554 1452 2584 hmreticornm
1475 2554 1595 2590 cingitur
1611 2554 1640 2582 in

840 2603 964 2637 veritate,
985 2601 1034 2630 sed
1057 2600 1128 2629 infra
1153 2600 1180 2628 in
1202 2603 1304 2628 terram
1331 2603 1441 2636 repunt,
1465 2599 1533 2626 nihil
1555 2598 1641 2625 altum

840 2647 989 2683 intelligere
1008 2646 1140 2679 valentes,
1163 2644 1209 2673 sed
1236 2644 1368 2672 humanis
1387 2642 1598 2680 cogitationibus
1615 2646 1643 2670 et

841 2691 918 2720 humi
933 2691 1089 2727 repentibus
1109 2689 1201 2718 divina
1222 2689 1409 2725 explorantes.
1434 2689 1571 2716 Praeterea
1592 2687 1640 2722 qui

47 2767 63 2772 ..
698 2737 793 2766 Variae
816 2738 966 2767 lectiones.

50 2769 181 2818 ἤβῬΡῷΡ-
218 2779 239 2796 "
253 2781 357 2814 νικηθεὶς
372 2789 399 2810 ο.
437 2781 457 2799 ⁸¹
468 2781 616 2818 ἐνεδύθημεν
634 2790 661 2811 ο.
700 2781 733 2817 ⁸²ἱ
744 2782 806 2809 εἰσιν
819 2782 843 2809 οἱ
858 2781 1023 2816 ἀντικείμενοι
1035 2779 1119 2810 αὺτοῖς
1133 2778 1176 2805 καὶ
1191 2777 1463 2813 πολεμοῦντεςξαῦτοῖς
1477 2776 1518 2802 διὰ
1534 2786 1561 2812 μ.
1578 2783 1640 2804 α,ο.

22 2804 40 2822 ⁸³
53 2804 120 2840 ﬁniti
200 2825 226 2848 ο,

141 2860 255 2892 ΡΔτιιοι.
273 2866 323 2894 Gn.
343 2867 451 2895 CXXIV.

452 2822 476 2842 "
496 2822 525 2850 τὸ
537 2821 649 2858 διαρῥέον
664 2831 693 2849 o.

1451 2863 1486 2890 '56
