1886 3082
13 163 74 190 H33

420 161 595 190 EXPOSlTlO
616 162 648 189 IN
669 162 772 190 EPIST.
793 162 837 189 Al)
859 162 974 190 lil‘lllis.
994 178 1029 183 —
1047 163 1121 191 CAP.
1143 164 1186 191 Vl.

1589 167 1655 194 1134

13 224 82 270 {jam
100 226 118 260 ἡ
146 224 226 257 ἀσπὶς
250 224 435 265 προϐέϐληται
460 224 557 258 παντὸς
581 227 627 254 τοῦ
656 224 798 263 σώματος,
813 227 838 258 Α
853 233 863 251 t

898 225 992 261 ljanua
1004 225 1129 262 quaedam
1145 225 1300 253 custodiens
1313 230 1340 253 et
1361 226 1526 255 concludens
1545 227 1636 264 ipsum
1648 243 1654 262 ;

13 269 58 298 ᾆῖόν
75 281 114 302 τις
140 269 205 309 θύρα
230 269 369 309 φυλάττων
385 269 431 299 καὶ
458 269 614 309 περικλείων
638 269 702 299 αὐτὸ
714 291 722 306 ,
739 269 807 298 οὕτω

13 315 50 343 uti
65 316 83 350 ἡ
106 314 263 348 ἀδίστακτος
285 315 374 349 πίστις
388 313 494 356 φυλακή
516 315 562 350 τῆς
572 315 660 355 ψυχῆς
674 313 748 351 ὅλης,
771 313 805 344 Ἣ

13 359 92 393 τίστις
107 358 135 388 δέ
163 360 220 389 ἐστι
245 359 348 399 θυρεὸς,
376 361 405 390 οὗ
426 359 460 389 τὰ
484 359 650 400 σοφίσματα.
667 357 702 389 Ὀ
717 358 807 399 θυρεὸς

13 404 98 433 ςκέπει
110 428 116 438 ,
129 404 216 433 ἐκεῖνα
229 403 256 434 δὲ
272 404 484 443 συμποδίζουσιν.

49 460 62 477 σ
75 443 160 489 Ἐνδῷ
174 448 316 485 δυνήσεσθε
330 449 419 479 πάντα
434 448 467 478 τὰ
487 449 551 488 βέλη
581 450 626 477 τοῦ
643 450 756 488 πονηροῦ
773 447 806 478 τὰ

13 493 185 534 πεπυρωμένα
203 492 309 525 σϐέσαι.
321 505 336 523 ι)
359 494 488 524 Τουτέστι
499 516 507 530 ,
528 493 575 527 τὰς
591 493 704 527 ἀτόπους
715 494 806 522 ἐπιθυ-

13 537 69 575 ειίπις
80 561 87 574 ,
102 538 162 572 τοὺς
176 540 224 575 τῆς
240 539 364 572 ἀπιστίας
385 538 527 578 λογισμοὺς
555 534 638 578 (οἷον,
656 533 724 578 Ἆρα
740 538 806 567 ἀνά-

13 594 99 616 στασις
126 583 213 620 ἔστινς
241 579 293 623 δρα
321 584 456 624 κρίσις;),
472 583 518 612 καὶ
545 582 604 616 τοὺς
630 582 804 622 πειρασμούς.

13 627 196 667 Πεπυρωμένα
214 627 260 664 δὲ,
288 629 318 657 οὖ
347 628 424 666 μόνον
443 627 482 657 ὅτι
511 629 539 657 αἱ
566 627 702 666 ἐπιθυμίαι
727 628 806 657 ἐκπυ-

13 675 102 711 ροῦσι,
120 672 185 713 πρὸς
207 672 314 712 πράξεις
339 672 453 713 αἰσχρὰς
474 673 669 710 ἀνακαίουσαι,
692 673 751 701 ἀλλ’
766 672 807 701 ὅτι

13 717 56 745 καὶ
80 718 118 756 τῷ
144 717 273 747 συνειδότι
299 718 416 747 ἐντεῦθεν
436 717 488 754 ἤδη
518 718 660 755 καιόμεθα.
680 716 734 747 Καὶ
762 717 805 745 διὰ

14 763 63 790 τῶν
88 763 136 798 τῆς
151 762 276 795 ἀπιστίας
298 761 325 791 δὲ
346 763 480 802 λογισμῶν
506 761 597 802 φλέγει
622 763 692 802 ἡμᾶς
717 761 805 791 edici--

14 806 100 842 ϐολος,
117 806 162 835 καὶ
179 806 223 836 διὰ
248 808 300 836 τῶν
318 808 483 847 πειρασμῶν.
505 801 540 836 Ἣ
557 806 645 841 πίστις
662 801 706 835 οὖν
722 809 805 835 ταῦτα

14 851 164 880 σϐέννυσιν·
191 852 212 880 εἰ
227 852 278 891 γὰρ
294 851 419 889 δαίμονας
440 851 597 888 ὓποτάττει,
621 852 712 891 πολλῷ
736 852 804 888 μᾶλ-
823 855 845 886 Β

14 896 56 924 λον
75 896 161 932 πάθη.
184 896 249 926 Εἴτε
263 896 314 936 γὰρ
335 896 460 934 ἐπιθυμία
475 895 607 936 φλογίζει,
627 900 681 929 τοῖς
694 896 804 933 μέλλου-

14 952 52 969 σιν
77 941 184 979 ἀγαθοῖς
199 941 346 978 πιστεύων,
367 940 413 970 καὶ
477 940 609 980 μελλούσῃ
638 939 785 980 εὖρροσύνῃ
795 963 802 976 ,

14 984 185 1018 κατασϐέσεις
211 985 328 1021 ταύτην·
347 984 399 1015 εἴτε
415 985 576 1025 πειρασμοὶ,
601 984 732 1014 πιστεύων
753 989 806 1018 τοῖς

16 1030 152 1067 μέλλουσι,
173 1029 382 1070 παρακληθήσῃ.
409 1029 567 1066 Ἐννόησον,
594 1031 650 1064 πῶς
683 1029 806 1070 ἐφλέγετο

16 1074 150 1114 Ἀϐραὰμ,
178 1074 221 1104 ὅτε
243 1075 286 1104 τὸν
313 1075 366 1105 υἱὸν
397 1074 576 1115 προσέφερεν,
600 1075 658 1104 ἀλλ’
679 1077 695 1111 ἡ
719 1074 806 1108 πίστις

17 1119 134 1148 ἐσϐέννυε
148 1119 195 1155 τὴν
215 1120 310 1159 φλόγα.

52 1178 62 1189 ιι
81 1163 135 1194 Καὶ
151 1164 199 1199 τὴν
220 1163 428 1204 περικεφαλαίαν
443 1166 488 1193 τοῦ
504 1163 636 1202 σωτηρίου
657 1163 776 1198 δέξασθε.
794 1178 804 1190 ι

16 1209 157 1245 Τουτέστι,
174 1209 221 1244 τὴν
247 1208 380 1243 σώζουσαν
397 1210 442 1238 καὶ
465 1208 657 1249 φυλάττουσαν.
675 1208 740 1238 Ἐὰν
754 1209 805 1249 γὰρ

17 1253 58 1288 τὴν
73 1253 161 1282 πίτσιν
188 1254 309 1293 ἕλωμεν,
326 1253 476 1294 [τουτέστι,
501 1252 549 1288 τὴν
576 1253 710 1288 σώζουσαν
735 1256 806 1292 ἡμᾶς

16 1298 56 1327 καὶ
83 1298 300 1339 φυλάττουσαν,]
316 1298 419 1338 ταχέως
444 1297 563 1331 καὶτοὺς
587 1298 717 1332 σώζοντας
731 1299 804 1338 λογι-

17 1343 91 1380 εμοὺς
108 1343 249 1381 δεξόμεθα,
274 1343 321 1380 τὴν
338 1341 454 1384 κεφαλὴν
479 1344 573 1382 ἡμῶν,
589 1342 647 1379 ἤτοι
662 1342 689 1372 τὸ
705 1345 805 1382 ἡγεμο-

17 1387 81 1416 νικὸν
92 1391 246 1427 τηροῦντας.

56 1445 69 1460 ιι
85 1432 139 1463 Καὶ
160 1432 208 1468 τὴν
220 1432 354 1472 μάχαιραν
369 1435 416 1462 τοῦ
441 1432 596 1472 Πνιύματος
607 1455 615 1471 ,
630 1433 646 1461 ὅ
659 1432 715 1462 ἔστι
732 1434 804 1473 ῥῆμα

860 269 931 298 hanc
945 270 979 298 ad
1000 271 1132 299 rationem
1157 270 1237 298 ﬁrma
1251 274 1278 298 et
1300 270 1450 299 indubitata
1469 271 1549 306 ﬁdes,
1570 273 1656 301 totius

860 315 958 344 anima;
981 319 1023 344 est
1048 315 1179 343 custodia.
1201 315 1282 344 Fides
1297 320 1390 344 autem
1408 320 1449 344 est
1463 321 1583 351 scutum,
1599 325 1655 346 non

859 359 1037 396 sophismata.
1074 361 1190 388 Scutum
1215 360 1347 396 contegit,
1385 361 1431 389 illa
1471 369 1536 390 vero
1568 362 1655 398 impe-

859 403 947 432 diunt.

901 463 913 476 ι
936 453 969 480 In
984 459 1038 487 quo
1054 450 1160 486 possitis
1187 450 1281 478 omnia
1306 450 1359 478 tela
1384 451 1449 478 mali
1475 451 1549 479 illius
1572 451 1656 488 ignita

859 497 1038 533 exstinguere.
1051 507 1064 520 η
1082 496 1141 524 Hoc
1152 499 1204 529 est,
1217 495 1350 523 absurdas
1372 495 1545 531 cupiditates,
1556 495 1654 524 inﬁde-

860 543 944 570 litatis
965 540 1158 575 cogitationes,
1175 540 1268 576 quales
1287 544 1351 567 sunt
1379 549 1385 568 :
1407 542 1479 568 Num
1497 541 1656 569 resurrectio

859 590 918 616 est?
933 595 998 615 num
1011 585 1169 622 judicium?
1184 593 1215 612 ac
1230 585 1405 613 tentationcs.
1421 585 1508 621 Iguita
1525 593 1589 614 vero
1606 594 1654 622 ap-

860 633 955 668 pellat,
970 640 1025 659 non
1041 631 1131 658 solum
1154 629 1230 666 quod
1245 629 1408 666 cupiditates
1423 630 1608 665 inﬂammant,
1622 631 1655 659 ad

859 677 948 713 turpia
963 683 1045 712 opera
1056 674 1244 709 incendentes,
1258 682 1354 703 verum
1370 675 1453 702 etiam
1465 675 1538 711 quod
1549 675 1576 703 in
1586 684 1653 703 con-

859 722 969 749 scientia
985 721 1047 749 inde
1064 720 1122 756 jam
1131 719 1289 747 ardeamus.
1300 720 1415 755 Insuper
1427 727 1473 755 per
1486 719 1655 748 inﬁdelitatis

858 765 1076 793 ratiocinationes
1091 763 1215 800 adeoque
1227 763 1409 800 cogitationes
1424 764 1480 792 urit
1493 772 1544 792 nos
1557 764 1653 793 diabo—

859 812 910 845 lus,
933 818 1032 847 perque
1067 809 1245 837 tentationes.
1268 808 1347 837 Fides
1370 809 1452 845 igitur
1468 809 1527 837 haec
1548 810 1653 837 exstin-

861 856 917 891 guit
933 865 939 882 :
953 856 974 883 si
989 855 1063 884 enim
1080 853 1222 882 dmmones
1233 853 1356 889 subjicit,
1377 854 1465 881 multo
1481 854 1571 890 potius
1582 853 1654 882 affe-

859 905 928 928 ctus.
941 901 1003 927 Sive
1014 899 1087 927 enim
1102 898 1318 934 concupiscentia
1335 902 1361 926 te
1373 898 1536 929 inflammat.
1556 897 1655 926 futuris

859 945 939 973 bouis
963 943 1075 972 credens
1096 943 1307 978 obventuraeque
1327 942 1440 976 laetitiae,
1463 951 1524 971 eam
1546 943 1654 971 exstin-

859 997 925 1025 gues
940 999 946 1017 :
963 989 1019 1017 sive
1032 988 1196 1016 tentationes
1208 991 1233 1014 te
1252 987 1392 1022 invadant,
1420 987 1503 1015 ﬁdem
1518 987 1654 1017 adhibens

859 1034 971 1067 futuris,
1003 1032 1223 1061 consolationem
1257 1031 1381 1068 recipies.
1418 1033 1527 1068 Reputa
1562 1037 1655 1061 tecum

859 1078 1000 1116 quomodo
1009 1081 1132 1106 ureretur
1141 1076 1281 1105 Abraham
1289 1076 1400 1113 quando
1409 1080 1522 1113 gnatum
1533 1077 1655 1114 offerret,

860 1124 908 1152 sed
919 1123 986 1152 ﬁdes
996 1123 1138 1151 ﬂammam
1149 1122 1229 1150 istam
1241 1121 1441 1158 exstinguebat.

896 1170 983 1197 Vens.
1009 1171 1051 1195 t7.
1068 1178 1080 1191 α
1098 1168 1132 1194 Et
1155 1166 1260 1202 galeam
1279 1165 1374 1194 salutis
1393 1167 1538 1195 assumite.
1556 1179 1569 1192 ν
1595 1168 1656 1196 Hoc

860 1218 910 1248 est,
926 1221 988 1250 quae
1006 1215 1095 1240 servet
1115 1215 1143 1239 et
1160 1211 1303 1239 custodiat.
1321 1212 1389 1239 Nam
1404 1211 1426 1239 si
1441 1211 1525 1240 ﬁdem
1550 1211 1657 1240 habea-

860 1267 932 1292 mus,
948 1258 1073 1294 protinus
1087 1256 1217 1284 salutares
1238 1256 1321 1284 etiam
1342 1256 1521 1292 cogitationes
1536 1257 1656 1293 accipie-

861 1312 933 1336 mus,
955 1310 1016 1338 quze
1030 1305 1112 1338 caput
1126 1305 1251 1329 nostrum
1273 1309 1323 1329 seu
1336 1301 1499 1337 praecipuam
1521 1305 1548 1330 et
1559 1301 1657 1337 princi-

861 1355 922 1384 pem
935 1347 1022 1375 nostri
1040 1350 1147 1383 partem
1164 1350 1336 1374 conservent.

898 1449 910 1461 ει
931 1438 964 1464 Et
977 1436 1097 1473 gladium
1114 1436 1241 1472 Spiritus,
1258 1435 1333 1472 quod
1357 1440 1398 1464 est
1413 1435 1527 1465 verbum
1550 1436 1612 1465 Dei.
1643 1449 1656 1461 υ

20 1479 92 1508 Θεοῦ.
106 1489 120 1506 ι)
137 1476 190 1507 Διὰ
203 1477 250 1515 μὲν
269 1479 321 1507 τῶν
336 1477 392 1506 ἄνω
414 1477 545 1518 ῥηθέντων
560 1477 712 1507 καθώπλισε
730 1479 807 1507 Παῦ-
827 1476 849 1507 C

898 1490 915 1510 ir
934 1489 965 1510 ea
985 1489 1046 1517 quae
1069 1489 1150 1517 supra
1165 1480 1236 1509 dicta
1261 1485 1336 1514 sunt,
1353 1481 1469 1509 armavit
1482 1489 1533 1509 nos
1556 1481 1658 1509 Paulus

20 1522 71 1560 λος,
97 1521 166 1551 ὥστε
186 1522 224 1560 μὴ
241 1522 404 1561 βλάπτεσθαι
428 1522 478 1551 ὑπὸ
502 1523 554 1552 τῶν
570 1523 670 1561 ἔχορῶν
684 1533 691 1540 ·
715 1524 761 1551 νῦν
779 1522 806 1552 δὲ

21 1567 115 1597 ξίδωσιν
128 1566 215 1605 ὅπλα,
232 1567 265 1596 δι’
290 1562 326 1596 ὧν
342 1566 368 1586 ⁰⁰
384 1567 457 1596 αὐτοὶ
481 1567 582 1605 μᾶλλον
607 1565 734 1606 βλάπτειν
748 1566 807 1601 τοὺς

22 1611 118 1651 ἐχθροὺς
144 1610 300 1651 ἷσχύσομεν.
321 1611 402 1641 Ἤτοι
417 1606 462 1640 οὖν
480 1611 510 1641 τὸ
529 1612 639 1649 Πνεῦμα
656 1611 720 1641 αὐτό
743 1623 807 1651 φησι

21 1656 148 1697 μάχαιραν
166 1656 321 1694 ΙΙνεύματος
337 1657 566 1697 περιφραστικῶς,
584 1655 602 1691 ἢ
620 1655 668 1691 τὴν
689 1667 806 1695 πνευμα-

20 1700 86 1736 τικὴν
110 1701 260 1738 πολιτείαν,
285 1702 317 1730 δι’
332 1697 363 1736 ἧς
385 1703 403 1737 ἡ
418 1700 520 1741 κεφαλὴ
540 1702 587 1730 τοῦ
602 1700 742 1740 δράκοντος
764 1700 808 1730 τέ-

21 1757 115 1783 μνεται.
133 1745 169 1776 Ἦ
186 1744 213 1775 δὲ
226 1744 393 1785 πνευματικὴ
412 1744 480 1781 αὕτη
504 1745 625 1785 μάχαιρα
648 1747 720 1784 ῥῆμα
736 1747 806 1777 Θεοῦ

20 1791 84 1829 ἐστι,
107 1790 229 1820 τουτέστι
249 1790 425 1830 πρόσταγμα.
453 1789 520 1820 Ἐὰν
544 1789 595 1829 γὰρ
624 1790 658 1819 τὰ
685 1790 808 1829 προστά-

19 1847 101 1873 γματα
121 1836 202 1865 αὐτοῦ
234 1837 369 1874 ποιῶμεν,
395 1835 592 1873 ἀποκτενοῦμεν
618 1834 662 1864 τὸν
684 1834 742 1875 ὅφιν
763 1835 807 1865 τὸν

19 1880 130 1916 σκολιὸν,
147 1880 184 1914 ὥς
202 1879 317 1914 Ἡσαΐας
331 1879 421 1920 φησίν.
436 1878 477 1910 Ἦ
502 1880 574 1919 ῥῆμα
590 1880 660 1909 Θεοῦ
674 1880 730 1909 ἔστι
740 1902 748 1916 ,
760 1880 806 1916 τὸ,

23 1935 35 1952 (ί
45 1924 88 1955 Ἐν
98 1927 134 1966 τῷ
145 1924 257 1964 ὀνόματι
271 1924 328 1966 [τοῦ
343 1924 456 1965 Κυρίου]
469 1923 558 1959 Ἰησοῦ
571 1925 691 1963 Χριστοῦ
706 1923 806 1966 ἔγειραι

19 1969 56 1998 καὶ
78 1969 232 2010 περιπάτει,
254 1981 269 1998 ι)
287 1969 334 1999 καὶ
347 1972 381 1999 τὰ
397 1971 518 1998 τοιαῦτα.
535 1967 574 1999 ⁴Ἡ
591 1970 682 2002 ἅπλῶς
706 1969 806 2010 uti/ot.

21 2024 60 2051 ραν
75 2014 243 2053 Πνεύματος,
259 2013 306 2050 τὴν
324 2016 350 2044 ἐν
369 2013 507 2052 Πνεύματι
522 2013 628 2054 σοφίαν.
657 2024 672 2042 (ι
685 2015 744 2043 Ζῶν
756 2014 806 2054 γὰρ

21 2058 110 2097 ὁλόγος
124 2061 173 2088 τοῦ
195 2059 279 2095 Θεοῦ,
306 2059 351 2087 καὶ
377 2058 484 2098 ἐνεργὴς
507 2058 553 2087 καὶ
569 2057 717 2097 τομώτερος
740 2058 807 2098 ὓπερ

21 2107 98 2132 πᾶσαν
114 2103 253 2143 μάχαιραν
264 2115 270 2122 ·
288 2117 301 2129 ιι
315 2104 360 2133 καὶ
377 2105 391 2132 ὁ
405 2103 435 2133 τὸ
450 2102 570 2143 χάρισμα
592 2105 639 2138 τῆς
656 2114 806 2141 πνευματι-

862 1535 896 1554 ne
914 1526 1046 1554 lzedamur
1067 1526 1100 1553 ab
1129 1525 1252 1554 hostibus
1265 1535 1271 1553 :
1283 1533 1357 1553 nunc
1371 1533 1436 1554 vero
1451 1533 1528 1554 arma
1552 1526 1657 1553 submi-

861 1571 970 1605 nistrat,
985 1571 1086 1607 quibus
1102 1570 1152 1606 ipsi
1169 1570 1257 1606 potius
1271 1578 1322 1598 nos
1339 1570 1432 1598 hostes
1456 1571 1555 1598 ledere
1569 1571 1659 1606 possi-

863 1623 935 1644 mus.
955 1616 1002 1644 Vel
1027 1616 1110 1652 igitur
1128 1615 1262 1651 Spiritum
1277 1615 1365 1651 ipsum
1380 1614 1446 1642 dicit
1459 1614 1584 1650 gladium
1600 1615 1659 1651 Spi-

862 1660 930 1688 ritus
942 1660 1145 1696 periphrastice,
1163 1659 1202 1687 vel
1217 1659 1389 1695 spiritualem
1404 1659 1498 1693 vitam,
1516 1667 1563 1695 per
1577 1667 1660 1695 quam

862 1709 942 1740 caput
967 1704 1096 1733 draconis
1115 1704 1296 1732 abscinditur.
1317 1704 1469 1740 Spiritualis
1490 1708 1585 1732 autem
1616 1704 1661 1732 hic

861 1749 935 1778 ensis
961 1750 1077 1778 verbum
1094 1749 1143 1777 Dei
1160 1753 1209 1782 est,
1232 1749 1284 1777 hoc
1299 1753 1326 1776 et
1348 1748 1521 1776 mandatum.
1544 1748 1571 1777 Si
1587 1748 1659 1776 enim

862 1794 990 1822 mandata
1026 1795 1085 1830 ejus
1118 1794 1274 1827 fecerimus,
1309 1793 1467 1821 oceidemus
1505 1797 1660 1828 serpentem

860 1839 1117 1872 istumtortuosum,
1139 1843 1172 1866 ut
1198 1838 1282 1866 Isaias
1310 1837 1419 1873 inquitf
1437 1858 1443 1865 .
1466 1837 1513 1865 Vel
1541 1837 1658 1865 verbum

863 1884 912 1911 Dei
923 1887 965 1911 est
981 1892 988 1910 :
1015 1883 1099 1919 422
1115 1887 1156 1917 ut,
1169 1894 1181 1907 αι
1201 1884 1230 1910 ln
1257 1881 1368 1910 nomine
1383 1883 1449 1910 .lcsu
1464 1881 1563 1909 Christi
1578 1889 1660 1918 surge

859 1933 886 1957 ct
896 1928 1006 1956 ambula
1016 1934 1030 1954 ς
1045 1949 1052 1962 ,
1066 1938 1081 1954 π
1094 1927 1228 1964 hujusque
1238 1927 1350 1955 similia.
1366 1926 1414 1955 Vel
1428 1926 1589 1962 simpliciter
1602 1925 1656 1962 gla-

861 1973 938 2001 dium
952 1972 1070 2008 Spiritus
1083 1972 1251 2007 spiritualem
1265 1971 1423 2007 sapientiam
1435 1975 1524 1999 vocat.
1547 1983 1560 1996 ut
1575 1971 1661 1999 Vivus

861 2022 903 2046 est
912 2017 983 2045 cnim
997 2025 1088 2045 sermo
1100 2016 1150 2045 Dei
1161 2021 1188 2044 et
1197 2016 1306 2050 efﬁcax,
1320 2020 1347 2044 et
1357 2015 1551 2052 penetrabilior
1561 2015 1660 2052 quovis

862 2062 997 2098 gladioh.
1027 2074 1040 2087 ι
1058 2063 1089 2090 Ει
1113 2062 1158 2098 qui
1175 2061 1256 2098 hujus
1281 2060 1430 2096 spiritualis
1456 2061 1529 2089 ensis
1554 2060 1659 2089 donum

862 2107 954 2141 habet,
970 2112 998 2136 et
1011 2115 1071 2143 quae
1084 2106 1134 2135 Dei
1157 2110 1223 2134 sunt
1245 2105 1376 2141 loquitur,
1392 2113 1505 2142 prorsus
1527 2105 1660 2134 intolera-

20 2149 60 2182 κ’ἤς
74 2149 171 2184 ταύτης
186 2148 256 2188 ἔχων
278 2148 414 2188 μαχαίρας
424 2171 432 2185 ,
446 2147 497 2188 καὶ,
508 2149 597 2177 λαλῶν
614 2147 648 2176 τὰ
662 2150 707 2177 τοῦ
721 2149 791 2178 Θεοῦ
800 2171 808 2187 ,
826 2152 849 2183 υ

898 2152 927 2180 lis
948 2157 1000 2185 est.
1016 2152 1103 2188 qualis
1124 2151 1179 2188 ipse
1199 2151 1243 2179 hic
1262 2151 1374 2179 Paulus.

21 2191 166 2227 ἀνύποιστός
178 2187 205 2217 θά
214 2187 290 2223 εστιν
301 2187 376 2230 ,οἶος
387 2192 464 2232 αὐτὸς
476 2187 550 2226 οὗτος
560 2194 574 2221 ὁ
590 2193 706 2226 Παῦλος.

57 2249 71 2265 ι
85 2237 136 2267 Διὰ
156 2237 246 2274 πάσης
259 2239 409 2278 προσευχῆς
425 2237 470 2266 καὶ
484 2236 611 2272 δεήσεως,
627 2236 809 2277 προσευχόμε-

22 2283 89 2311 νοιέν
103 2282 183 2312 παντὶ
297 2284 381 2322 καιρῷ
396 2283 422 2312 ἐν
438 2281 585 2320 Πνεύματι.
602 2295 614 2308 ι
638 2282 809 2316 Καϐοπλίσας

23 2326 118 2363 αὐτοὺς,
132 2327 226 2357 λοιπὸν
239 2328 285 2356 καὶ
307 2326 352 2357 ἐπὶ
366 2327 410 2357 τὸν
435 2326 547 2367 βασιλέα
569 2326 643 2367 ἄγει,
669 2326 737 2356 ὥστε
754 2328 810 2356 δεῖ-

23 2373 74 2399 σθιι
86 2374 163 2402 αὐτοῦ
173 2397 179 2406 ,
197 2370 241 2401 ἵνα
254 2376 332 2412 χεῖρα
342 2366 439 2413 δρέξῃέ
452 2371 565 2408 Ἐπειδὴ
580 2366 631 2412 γὰρ
646 2366 712 2409 εἶπε,
727 2383 741 2400 σί
759 2375 810 2402 Δυ-

23 2415 122 2450 νήσεσθε
139 2416 248 2453 σϐέσαι,
261 2428 276 2446 ››
290 2416 334 2447 ἵνα
348 2417 385 2456 μὴ
398 2418 534 2456 φυσηθῶσι
543 2416 579 2453 9³,
596 2416 674 2456 φησὶν
684 2439 692 2453 ,
704 2416 744 2446 ὅτι
763 2419 812 2447 Δεῖ

24 2460 76 2496 ὑμῖν
89 2464 133 2490 τοῦ
159 2463 250 2501 Θεοῦ,
266 2462 312 2492 καὶ
336 2461 517 2501 κατορθώσετε
539 2461 569 2491 τὸ
594 2465 647 2490 πᾶν
671 2461 739 2499 μετὰ
758 2464 810 2491 τῶν

24 2504 158 2542 εἷρημένων
173 2506 219 2536 καὶ
239 2517 253 2536 (ι
272 2506 495 2547 προσευχόμενὸι·
515 2517 530 2536 ι)
546 2507 597 2547 οὐχ
612 2506 714 2543 ἅπλῶς,
728 2507 807 2541 ἀλλὰ,

25 2561 34 2571 ι
49 2549 95 2578 Διᾶ
122 2551 210 2588 πάσης
230 2553 381 2592 προσευχῆς
408 2551 454 2582 καὶ
476 2551 588 2588 δεήσεως
601 2573 610 2588 ,
636 2563 648 2577 ³
667 2553 714 2587 τῆς
742 2551 810 2590 μετὰ

26 2593 168 2633 κλαυθμοῦ,
187 2598 234 2632 τῆς
254 2596 321 2636 μετὰ
339 2595 560 2636 στερνοκτυπίας,
585 2597 633 2632 τῆς
648 2596 715 2634 μετὰ
730 2608 808 2636 γονυ-

27 2639 134 2677 κλισίας,
150 2641 264 2671 καὶτῶν
289 2640 426 2673 τοιούτων.
452 2641 532 2672 Ἀλλὰ
556 2640 603 2671 καὶ
625 2641 689 2679 οὐκ,
713 2642 740 2671 ἐν
759 2653 810 2671 τα-

57 2704 115 2734 'Isa
130 2715 228 2743 χχιιι,
242 2711 270 2738 ι.
307 2709 320 2729 Β
333 2710 396 2737 Act.
411 2716 460 2738 nt.
474 2711 499 2737 6.
538 2705 553 2726 ¹¹
565 2708 651 2737 Hebr.
665 2716 707 2742 IV,
723 2711 771 2738 42.

898 2245 990 2272 Vsus.
1008 2246 1050 2271 18.
1064 2254 1077 2267 ‹‹
1090 2244 1142 2271 Per
1157 2249 1271 2270 omnem
1285 2241 1438 2270 orationem
1454 2244 1480 2269 et
1488 2240 1659 2276 deprecatio-

863 2297 927 2317 nem
947 2292 1056 2317 orantes
1071 2288 1147 2316 omni
1167 2291 1289 2323 tempore
1304 2286 1333 2313 in
1345 2285 1457 2322 Spiritu.
1477 2297 1488 2310 ιι
1510 2287 1660 2322 Postquam

863 2334 946 2362 armis
966 2341 1013 2361 eos
1035 2332 1133 2367 induit,
1175 2331 1209 2360 ad
1247 2331 1444 2367 imperatorem
1465 2339 1511 2359 eos
1533 2330 1661 2366 deinceps

863 2378 945 2412 ducit,
960 2382 991 2405 ut
1004 2381 1145 2414 precentur
1157 2384 1223 2404 eum
1237 2384 1292 2412 quo
1307 2383 1421 2403 manum
1436 2375 1567 2412 porrigat.
1588 2376 1661 2404 Cum

863 2423 934 2450 enim
955 2422 1080 2456 dixisset,
1097 2433 1110 2446 α
1138 2421 1262 2449 Poteritis
1276 2420 1464 2456 exstinguere;
1483 2432 1495 2444 ι
1514 2428 1548 2448 ne
1559 2420 1663 2448 inﬂen—

864 2471 919 2501 tur,
938 2466 1037 2503 inquit,
1056 2468 1115 2494 Deo
1141 2465 1278 2502 indigetis,
1306 2469 1335 2493 et
1356 2473 1410 2493 una
1436 2472 1501 2493 cum
1523 2464 1662 2500 praedictis

863 2511 967 2540 orando
980 2511 1062 2539 etiam
1076 2519 1134 2539 rem
1145 2514 1232 2539 totam
1246 2509 1392 2546 perﬁcietis
1404 2520 1410 2538 2
1423 2517 1478 2538 non
1488 2509 1660 2544 simpliciter,

865 2556 923 2591 sed,
942 2568 954 2580 ιι
973 2557 1024 2584 Per
1035 2564 1148 2584 omnem
1162 2555 1316 2584 orationem
1331 2558 1359 2583 et
1371 2553 1593 2590 deprecationem
1604 2573 1612 2586 ,
1647 2565 1659 2578 υ

864 2609 927 2629 cum
954 2601 1020 2629 ﬂetu
1033 2601 1070 2636 {et
1102 2602 1220 2637 pectoris
1241 2599 1413 2633 contusione,
1435 2606 1500 2626 cum
1519 2597 1664 2626 inﬂexione

865 2654 996 2683 genuum,
1010 2645 1093 2682 idque
1110 2653 1195 2682 genus
1215 2645 1346 2674 similibus
1356 2643 1458 2672 factam
1481 2652 1487 2671 :
1515 2650 1567 2670 nec
1581 2642 1652 2670 stati

703 2761 797 2791 Variae
820 2761 968 2793 lectiones.

58 2813 78 2830 ’³⁸
91 2815 179 2853 ὅπλον,
191 2818 222 2844 ’δι’
234 2817 262 2846 οὗ
278 2826 306 2848 o.
342 2818 364 2838 ⁸⁷
383 2818 551 2851 ἀνυπόστατός
562 2828 590 2850 ο.
626 2819 648 2837 9⁸
660 2820 789 2856 φυσιωοῶσ
800 2830 808 2846 ι
822 2827 853 2849 ο.
