1886 3082
79 147 103 173 Λ
511 146 688 174 EXPOSITIO
708 147 740 174 IN
760 146 863 174 EPIST.
883 147 928 174 AD
948 147 1088 175 PHILIPP.
1104 163 1139 168 —-
1158 149 1232 177 CAP.
1254 151 1272 177 1.
1625 155 1694 182 1142

78 209 90 237 3
118 208 192 246 μετὰ
231 210 277 244 τῆς
312 208 397 242 οῖκὶας
435 209 510 245 ὅλης·
539 210 650 238 ἐνταῦθα
679 211 702 238 οἱ
740 221 821 249 στρατ

919 210 954 236 'us
976 210 1148 244 splendidum
1173 211 1313 239 exordium
1341 213 1446 242 habuit.
1467 215 1562 251 Atque
1587 216 1642 244 hwc
1659 225 1694 245 ex

76 253 93 282 ιὶ
125 252 299 293 ἐφοϐήθησαν
324 253 368 283 τὸν
403 255 526 290 Παῦλον,
551 254 596 283 καὶ
627 253 742 289 ἠξίωσαν
768 254 821 288 ἐξελ

921 256 972 282 etis
984 255 1126 283 discimus.
1143 256 1299 283 Attestatur
1310 260 1401 285 autem
1422 259 1489 293 ipsis
1514 261 1615 288 Paulus
1639 269 1693 288 non

75 309 101 324 I'
129 298 178 327 καὶ
213 297 280 331 ὅλως
317 298 444 337 λαμπρὰν
479 298 541 338 ἔσχε
570 299 600 328 τὸ
630 299 755 338 κήρυγμα
791 298 821 334 τὴ

921 300 970 326 mlo
983 300 1062 333 ﬁdem
1074 303 1184 334 rectam,
1197 301 1318 336 adeoque
1340 304 1472 337 pericula,
1497 312 1589 332 verum
1612 307 1692 334 etiam

73 341 144 382 ςήν·
181 342 228 372 καὶ
259 346 342 373 ταῦτα
386 343 438 371 ἀπὸ
471 345 523 371 τῶν
552 342 677 383 Πράξεων
705 343 821 381 μανοᾶνο

919 345 1062 376 ιΙιιιιίιιιοηι,
1075 353 1136 380 qum
1153 346 1264 373 libenter
1284 347 1421 381 impertiat
1449 350 1601 383 egentibus.
1619 351 1690 383 Quo-

73 399 98 418 ν.
139 389 349 428 Προσμαρτυρεῖ
375 387 402 416 δὲ
427 388 524 427 (αὐτοῖς
549 389 562 416 ὁ
595 389 699 421 Παῦλος
737 389 765 417 οὐ
794 400 821 426 μι

919 398 958 416 νιιη
979 391 1097 417 omnium
1113 399 1193 418 causa
1205 391 1372 420 vehementer
1382 401 1424 421 eos
1438 402 1498 421 cum
1521 402 1623 427 amare,
1636 398 1692 424 tum

104 431 199 462 πίστιν
221 432 302 472 ὀρθὴν
329 432 375 461 καὶ
398 432 561 472 νχινδύνους,
590 432 660 461 ἀλλὰ
689 432 734 462 καὶ
761 433 821 470 εὗμε

919 442 1027 462 morare
1058 435 1175 463 videtur.
1369 435 1376 441 ”

69 478 148 506 ἲοτον
189 471 353 517 προαίρεσιν.
395 471 447 506 Ὧν
485 475 570 506 ἕνεκεν
607 476 732 506 ἁπάντων
773 477 838 518 σφό-

67 532 78 549 ι
93 522 184 560 φιλῶν
201 521 294 555 αὐτοὺς
307 521 352 550 καὶ
371 523 456 559 τιμῶν
470 521 600 562 φαίνεται.
623 536 636 547 ιι

65 613 1691 627 Ἦ

297 680 844 740 THEOPHYLACTI
887 683 1432 744 COMMENTARIUS

547 793 585 824 ΙΝ
609 793 821 825 EPISTOLAM
846 794 899 825 AD
924 794 1206 827 PIIILIPPENSES.

230 956 457 987 ΚΕΦΑΛΑΙΟΝ
475 956 640 986 ΠΡΩΤΟΝ.
846 961 868 991 Β

75 1033 90 1047 ιι
109 1021 217 1053 Παῦλος
240 1019 286 1049 καὶ
302 1019 429 1058 Τιμόθεος
445 1020 531 1048 δοῦλοι
557 1018 647 1053 Ἰησοῦ
665 1019 793 1057 Χριστοῦ,
815 1030 828 1047 n

39 1067 170 1096 Ξνταῦθα
185 1066 214 1094 οὖ
232 1064 320 1099 τίθησι
340 1064 371 1093 τὸ
383 1066 462 1093 αὑτοῦ
475 1063 578 1101 ἀξίωμα
592 1063 653 1102 [ὅτι]
675 1065 689 1092 ὁ
706 1063 830 1093 Ἀπόστο-

42 1123 92 1146 ος,
110 1109 182 1139 ἀλλὰ
202 1110 290 1139 δοῦλον
316 1109 406 1144 Ἰησοῦ
423 1110 539 1148 Χριστοῦ
555 1108 645 1137 ἑαυτὸν
666 1108 829 1149 προγράφεν

33 1155 102 1195 έγα
127 1154 176 1193 μὲν
201 1153 246 1183 καὶ
271 1156 347 1182 τοῦτο
363 1152 410 1190 ὂν,
426 1152 497 1188 πλὴν
523 1153 679 1192 κοινότερον.
707 1153 831 1193 Τιμοθέῳ

40 1200 53 1229 ὲ
77 1199 191 1240 γράφων
205 1198 250 1228 καὶ
272 1199 435 1237 Κορινθίοις,
461 1196 608 1226 ἀπόστολον
633 1197 725 1226 ἑαυτὸν
741 1199 828 1228 καλεῖ.

32 1246 63 1275 Γί
84 1244 202 1280 δήποτε;
217 1243 282 1273 Ὅτι
304 1243 358 1271 ἐκεῖ
382 1242 429 1280 μὲν
459 1241 553 1279 ἔμελλε
579 1241 665 1271 πολλὰ
695 1242 831 1272 διατάττε-

32 1293 114 1326 πθαι,
139 1287 185 1317 καὶ
210 1288 251 1317 διὰ
273 1289 348 1317 τοῦτο
375 1286 519 1316 ἄνελσίϐετο
553 1286 584 1316 τὸ
617 1288 662 1315 τοῦ
684 1287 830 1316 ἀποστόλου

30 1334 160 1371 ὶξίωμα·
182 1333 291 1362 ἐνταῦθα
312 1331 339 1360 δὲ
363 1330 437 1360 οὐδὲν
452 1333 567 1360 τοιοῦτον
596 1331 747 1368 ἐπιτάττει,
772 1332 830 1361 ἀλλ’

31 1380 65 1412 ὣς
82 1377 227 1417 ὁμοτίμους
239 1381 316 1415 τιμᾷ.
771 1417 787 1423 η

76 1434 93 1450 α
112 1424 185 1452 [ἰᾶσι
209 1427 261 1454 τοῖς
283 1421 366 1460 ἁγίοις
394 1423 420 1449 ἔν
447 1421 554 1459 Χριστῷ
568 1424 621 1453 τοῖς
633 1420 740 1458 Ἰησοῦ,
757 1420 830 1450 οὖσιν

29 1470 57 1498 ἓν
76 1467 238 1499 Φιλίπποις.
255 1479 270 1494 ι)
284 1465 396 1501 Ἐπειδὴ
409 1465 455 1494 καὶ
472 1465 593 1495 Ἰουδαῖοι
608 1464 717 1498 ἑαυτοὺς
743 1466 830 1505 ἁγίους

28 1513 163 1548 ἐκάλουν,
182 1513 216 1545 ὡς
226 1511 288 1544 λαὸς
308 1510 380 1549 ἅγιος
391 1533 400 1547 ,
421 1509 463 1538 διὰ
476 1513 552 1538 τοῦτο
567 1509 743 1548 προσέθηκενυ
761 1510 830 1540 ιιἸ-ζν

30 1558 145 1596 Χριστῷ
161 1556 258 1591 Ἰησοῦ.
279 1569 292 1580 ν
310 1556 345 1584 Οἱ
369 1555 419 1593 γὰρ
448 1555 473 1583 ἐν
504 1555 613 1594 Χριστῷ
629 1553 726 1593 ιἸησοῦ
761 1555 830 1594 ἅγιοι

0 1628 12 1631 ρ
30 1602 116 1635 ὅντως
129 1600 211 1639 εἰσὶν,
228 1601 322 1629 ἐκεῖνοι
335 1598 362 1628 δὲ
377 1598 496 1639 βέϐηλοι.

1079 958 1163 994 427
1179 960 1301 988 CAPUT
1314 961 1474 989 PRIMUM.

922 1022 1009 1049 Vsus.
1031 1024 1058 1049 1.
1078 1023 1178 1049 Paulus
1192 1025 1219 1050 et
1233 1024 1395 1056 Timotheus,
1408 1026 1481 1051 servi
1494 1026 1559 1052 Jesu
1572 1026 1686 1054 Christi.

886 1066 937 1094 Hic
951 1075 1007 1094 non
1019 1067 1099 1102 ponit
1114 1067 1273 1106 dignitatem
1283 1069 1509 1097 auctoritatemve
1525 1077 1603 1098 suam
1616 1072 1687 1107 Apo-

886 1111 984 1146 stolus,
997 1119 1092 1138 verum
1109 1119 1139 1139 se
1165 1118 1279 1140 servum
1293 1113 1359 1140 Jesu
1383 1113 1485 1141 Christi
1501 1114 1606 1142 scribit.
1629 1116 1687 1143 Ma-

885 1164 968 1192 gnum
995 1157 1109 1192 quidem
1139 1157 1222 1185 etiam
1251 1157 1302 1186 hoc
1330 1163 1380 1192 est,
1422 1159 1469 1187 sed
1499 1161 1686 1189 communitis.

883 1201 1030 1229 Timotheo
1050 1206 1141 1230 autem
1164 1203 1284 1231 scribens
1303 1207 1330 1231 et
1346 1203 1495 1232 Corinthiis
1506 1225 1514 1238 ,
1529 1206 1686 1240 apostolum

885 1253 943 1274 sese
957 1250 1048 1274 vocat.
1067 1248 1156 1281 Quam
1170 1247 1205 1275 ob
1215 1256 1324 1276 causam
1336 1249 1348 1276 Ρ
1363 1249 1434 1284 Quia
1447 1249 1501 1276 illic
1512 1250 1596 1277 multa
1607 1249 1685 1278 ordi-

884 1294 996 1318 naturus
1010 1295 1077 1326 erat,
1091 1296 1235 1327 propterea
1247 1294 1363 1328 apostoli
1375 1294 1566 1322 auctoritatem
1577 1302 1670 1323 assum

885 1336 945 1372 psit.
967 1337 1019 1364 I’Iic
1033 1342 1127 1365 autem
1151 1337 1216 1364 nihil
1233 1338 1286 1365 tale
1303 1338 1432 1374 injungit,
1448 1338 1496 1366 sed
1515 1339 1590 1366 velut
1600 1347 1680 1375 pares

885 1380 992 1409 honore
1016 1383 1197 1418 prosequitur.

921 1427 1049 1454 Omnibus
1067 1428 1166 1454 sanctis
1180 1428 1209 1454 in
1222 1427 1333 1456 Christo
1343 1429 1406 1456 Jesu
1418 1449 1426 1460 ,
1442 1429 1491 1463 qui
1507 1431 1569 1456 sunt
1582 1430 1684 1465 Philip-

883 1472 935 1505 pis.
948 1471 1017 1505 Quia
1029 1471 1118 1500 Judaei
1132 1471 1237 1507 seipsos
1250 1476 1360 1501 sanctos
1381 1473 1560 1509 appellabant,
1583 1474 1684 1510 quippe

883 1516 944 1551 quia
960 1516 1077 1552 papulus
1096 1520 1207 1544 sanctus
1233 1521 1321 1551 erant,
1339 1524 1402 1545 eam
1427 1517 1464 1545 ob
1487 1525 1548 1546 rem
1571 1517 1682 1555 adjecit,

885 1563 915 1588 In
933 1562 1036 1589 Christo
1054 1563 1126 1590 Jesu.
1142 1561 1196 1597 Qui
1209 1561 1327 1589 enimin
1351 1562 1461 1591 Christo
1474 1563 1542 1591 Jesu
1566 1567 1645 1598 sunt,
1667 1564 1684 1591 ii

885 1612 946 1632 vere
958 1609 1024 1633 sunt
1049 1605 1146 1639 sancti,
1163 1605 1199 1633 illi
1218 1610 1311 1634 autem
1327 1606 1448 1642 profani.

79 1657 96 1675 σ
112 1644 317 1677 Συνεπισχόποις
345 1644 390 1673 καὶ
415 1643 554 1676 διακόνοις.
570 1655 585 1671 ο
618 1643 821 1673 Συνεπισχόπουη

920 1650 1092 1684 Coepiscopts
1113 1652 1139 1678 et
1159 1650 1289 1678 diaconis.
1310 1651 1494 1687 Coepiscopos
1506 1652 1683 1688 presbyteros

31 1686 93 1719 εἷπε
117 1689 175 1723 τοὺς
199 1689 411 1728 πρεσϐυτέρους
438 1689 467 1717 οὐ
495 1687 547 1728 γὰρ
569 1687 602 1723 δὴ
631 1689 657 1718 ἐν
680 1692 729 1728 μιᾷ
755 1689 830 1718 πόλει

29 1735 127 1764 πολλοὶ
148 1727 381 1770 ἧσαννέπίσχοποι.
407 1732 493 1763 Οὔπω
518 1727 570 1772 γὰρ
598 1727 666 1768 ἦσαν
696 1727 830 1773 διακεχρι-

33 1781 104 1818 μένα
125 1778 159 1808 τὰ
177 1779 309 1817 ὀνόματα,
333 1777 400 1807 ἀλλὰ
427 1777 472 1806 καὶ
496 1779 520 1807 οἱ
545 1776 683 1806 ἐπίσκοποι
715 1777 830 1808 διάκονοι

32 1825 80 1854 καὶ
107 1823 280 1864 πρεσϐύτεροι
306 1824 461 1853 ἐκαλοῦντο,
563 1821 612 1862 γὰρ
637 1822 762 1863 Τιμοθέῳ
776 1823 830 1852 ἐπι-

33 1869 128 1910 σκόπῳ
152 1868 205 1898 ὄντι
227 1868 307 1908 φησί·
326 1880 340 1895 (ι
354 1867 411 1903 Τὴν
423 1867 556 1896 διακονίαν
586 1878 633 1895 σου
663 1867 830 1907 πληροφόρη-

32 1926 77 1943 σον
91 1925 97 1932 ·
113 1924 128 1942 n
148 1913 193 1942 καὶ
206 1913 299 1948 πάλιν,
319 1923 333 1940 ιι
347 1910 386 1942 ιὈ
398 1911 526 1947 ἐδόθη”σοι
543 1910 611 1950 μετὰ
624 1911 763 1945 ἐπιθέσεως
777 1914 828 1941 τῶν

33 1959 132 1999 χειρῶν
156 1960 202 1988 τοῦ
231 1956 434 1997 πρεσϐυτερίου·
454 1956 604 1986 »τουτέστι
633 1957 685 1985 τῶν
719 1958 829 1986 ἐπισχό-

34 2015 106 2033 πων·
131 2003 159 2032 οὗ
181 2002 232 2042 γὰρ
263 2002 435 2041 πρεσϐύτεροι
461 2001 505 2030 τὸν
528 2001 671 2030 ἐπίσκοπον
696 2001 828 2041 ἐχειροτό-

33 2060 106 2078 νουν.
131 2047 184 2077 Καὶ
204 2043 236 2076 αὖ
248 2047 283 2083 ’⁵,
297 2048 321 2076 οἱ
341 2045 516 2086 πρεσϐύτεροι
535 2045 674 2075 ἐπίσκοποι
692 2046 826 2085 ἐλέγοντο,

34 2096 67 2125 ὡς
87 2094 285 2124 ἐπισκοποῦντες
309 2090 410 2126 δηλαδὴ
432 2091 477 2119 καὶ
491 2090 566 2119 αὐτοὶ
582 2090 624 2119 τὸν
650 2089 733 2128 λαὸν,
759 2090 828 2120 ὥστε

35 2136 168 2176 καθαίρειν
207 2137 252 2165 καὶ
280 2135 401 2175 φωτίζειν
434 2134 492 2167 τοὺς
519 2134 666 2172 δεομένους.
697 2135 774 2168 Τίνος
801 2136 826 2164 δὲ

35 2182 115 2221 χάριν
137 2182 174 2220 τῷ
189 2181 279 2220 κλήρῳ
294 2183 338 2209 νῦν
353 2179 468 2220 γράφει,
485 2179 549 2219 ὅπερ
574 2180 690 2217 οὐδαμοῦ
709 2181 828 2220 ἀλλοιχοῦ

35 2225 172 2262 ἐποίησεν;
196 2224 260 2254 Ὅτι
295 2225 370 2254 αὐτοὶ
402 2224 445 2253 τὸν
471 2224 666 2264 Ἐπαφρόδιτον
690 2224 827 2265 ἔπεμψαν,

36 2271 195 2309 ἐπαγόμενον
210 2269 243 2299 τὰ
260 2269 324 2310 πρὸς
339 2268 430 2309 χρείαν
444 2269 481 2308 τῷ
505 2268 667 2309 Ἀποστόλῳ.

79 2327 94 2343 σ
111 2315 191 2354 Χάρις
205 2316 266 2352 ὑμῖν
283 2314 328 2343 καὶ
339 2314 427 2354 εἰρήνη
444 2312 497 2342 ἀπὸ
516 2315 586 2344 Θεοῦ
601 2312 706 2353 Πατρδς
731 2315 824 2352 ἡμῶν,

36 2360 82 2389 καὶ
101 2359 198 2399 Κυρίου
213 2358 300 2395 Ἰησοῦ
316 2360 444 2397 Χριστοῦ.
463 2370 478 2386 ν
493 2358 541 2397 1Τὸ
570 2358 677 2394 σύνηθες
705 2358 826 2399 πρόσρη-

38 2417 74 2442 μα
101 2403 266 2443 προτίθησιν,
296 2403 472 2442 ἐπευχόμενος
500 2403 586 2436 αὐτοῖς
607 2402 651 2432 ἵνα
680 2414 826 2444 κεχαριτω-

39 2450 110 2487 μένοι
132 2444 197 2485 εἷεν,
214 2448 258 2478 καὶ
280 2447 318 2485 μὴ
342 2448 498 2487 ἐπαρθέντες
531 2447 589 2477 κατ’
605 2448 727 2484 ἀλλήλων
751 2449 829 2478 ἐκπέ-

39 2505 103 2523 σωσι
121 2495 165 2528 τῆς
185 2492 289 2533 εἶρήνης
318 2492 365 2521 καὶ
386 2494 433 2528 τῆς
461 2492 591 2530 ὁμονοίας.
608 2492 651 2522 Τὰ
677 2491 728 2534 γὰρ
753 2494 829 2534 χαρί-

40 2549 128 2577 σματα
141 2541 193 2571 τοῖς
209 2537 246 2577 μὴ
259 2537 284 2557 ⁴⁶
296 2536 458 2577 προσέχουσι
470 2536 552 2578 τύφου
562 2537 685 2578 πρόξενοι.

74 2619 80 2637 ι
98 2619 261 2652 lITim.1v,
277 2620 303 2646 5.
342 2621 361 2636 ω
378 2617 474 2646 lTim.
489 2625 532 2651 ιν,
545 2621 572 2646 4.

884 1694 1028 1729 appellavit
1051 1703 1058 1722 :
1077 1702 1135 1722 non
1149 1695 1224 1722 enim
1251 1695 1279 1722 in
1302 1703 1356 1723 una
1378 1695 1446 1723 urbe
1466 1696 1547 1724 multi
1564 1697 1682 1732 episcopi

884 1737 1004 1766 fuerunt.
1024 1739 1154 1767 Nondum
1183 1739 1257 1766 enim
1290 1743 1368 1768 erant
1403 1740 1530 1768 distincta
1557 1741 1681 1774 nomina,

884 1790 978 1810 verum
991 1783 1042 1818 ipsi
1060 1784 1189 1819 episcopi,
1202 1783 1310 1812 diaconi
1332 1788 1359 1812 et
1376 1785 1527 1821 presbyteri
1547 1785 1682 1813 vocaban-

882 1831 936 1855 tur.
950 1828 1094 1856 Timotheo
1105 1829 1179 1856 enim
1193 1829 1330 1865 episcopo,
1345 1829 1466 1857 scribens
1480 1830 1567 1865 inquit
1582 1839 1588 1857 :
1600 1831 1680 1858 Mini-

883 1874 998 1900 sterium
1014 1875 1091 1900 tuum
1104 1873 1206 1908 implel
1231 1895 1237 1901 .
1256 1875 1291 1901 Et
1301 1881 1396 1902 rursus
1412 1884 1419 1900 :
1437 1874 1513 1908 Quod
1531 1875 1625 1902 datum
1642 1877 1681 1902 est

884 1918 935 1944 tibi
945 1925 1004 1944 eum
1015 1918 1184 1952 imposttione
1199 1926 1330 1946 manuum
1346 1919 1531 1954 presbyteri:1n
1541 1940 1549 1952 ,
1564 1918 1616 1946 hoc
1638 1923 1680 1946 est

883 1962 1073 1998 episcoporum
1104 1973 1110 1990 :
1144 1970 1200 1990 non
1226 1963 1301 1990 enim
1331 1963 1480 1999 presbyteri
1520 1963 1679 1999 episcopum

883 2006 1055 2034 ordinabant.
1069 2008 1176 2035 Rursus
1198 2007 1350 2043 presbyteri
1364 2007 1481 2044 episcopi
1509 2008 1592 2036 etiam
1607 2008 1680 2045 dice-

883 2050 991 2084 bantur,
1005 2055 1036 2078 ut
1049 2052 1096 2087 qui
1109 2055 1137 2079 et
1148 2051 1197 2087 ipsi
1211 2052 1344 2088 populum
1357 2052 1553 2087 inspectarent,
1567 2052 1680 2089 ejusque

881 2103 977 2123 curam
1003 2100 1138 2131 gererent,
1163 2099 1192 2123 ut
1217 2100 1365 2132 purgarent
1391 2097 1615 2133 illustrarentque
1630 2105 1677 2125 eos

882 2148 951 2175 quos
969 2145 1041 2168 esset
1062 2147 1181 2168 necesse.
1208 2141 1294 2176 Cujus
1316 2145 1408 2169 autem
1434 2142 1472 2169 rei
1497 2141 1583 2177 gratia
1607 2149 1680 2169 nunc

881 2185 954 2212 clero
982 2185 1076 2212 scribit
1096 2186 1142 2220 (1),
1159 2185 1234 2220 quod
1261 2193 1397 2221 nusquam
1424 2185 1486 2213 alibi
1513 2185 1592 2213 fecit?
1611 2186 1679 2219 Quia

882 2229 931 2265 ipsi
952 2229 1170 2265 Epaphroditum
1195 2229 1398 2266 ablegaverant,
1413 2229 1460 2266 qui
1479 2238 1540 2266 quae
1554 2230 1679 2265 apostolo

881 2278 973 2302 essent
985 2274 1055 2308 usui,
1076 2273 1196 2302 afferret.

916 2320 1004 2347 Vsus.
1022 2321 1048 2346 2.
1065 2320 1163 2347 Gratia
1180 2319 1254 2347 vobis
1273 2321 1298 2348 et
1312 2327 1371 2355 pas:
1381 2326 1399 2347 α
1413 2321 1465 2347 Deo
1479 2319 1562 2347 Patre
1573 2321 1676 2351 nostro,

883 2365 907 2391 et
935 2365 1046 2391 Domino
1071 2365 1133 2392 Jesu
1160 2364 1274 2393 Christo.
1293 2364 1461 2392 Consuetam
1488 2364 1681 2393 salutationem

881 2408 1002 2444 apponit,
1027 2415 1207 2444 comprecans
1221 2408 1261 2436 eis
1284 2412 1315 2436 ut
1337 2409 1423 2445 gratia
1442 2409 1591 2443 donentur,
1606 2412 1635 2437 et
1647 2416 1683 2437 ne

883 2452 950 2480 alter
960 2452 988 2480 in
1003 2452 1119 2481 alterum
1133 2453 1196 2481 elati
1212 2453 1338 2482 excidant
1363 2462 1379 2482 a
1394 2462 1460 2490 pace
1481 2457 1509 2482 et
1522 2453 1680 2482 concordia.

884 2497 1053 2526 Charismata
1069 2497 1140 2526 enim
1155 2506 1211 2526 non
1236 2498 1440 2527 attendentibus
1463 2498 1566 2528 fastum
1585 2502 1611 2526 et
1625 2498 1682 2526 ela-

884 2542 990 2571 tionem
1019 2542 1165 2571 advehunt.

731 2667 825 2698 νεικείω
845 2668 995 2700 lectiones.

76 2721 96 2739 η
110 2719 175 2752 αὖθις
193 2729 220 2749 ο.
259 2721 281 2738 π’
296 2721 340 2757 μὲν
354 2729 382 2749 o.

75 2770 107 2799 (ι)
119 2768 179 2802 Quo
193 2770 353 2802 argumento
363 2769 486 2801 constet,
502 2774 517 2794 a
529 2765 614 2800 clero,
629 2773 686 2795 non
696 2774 711 2794 a
724 2767 825 2804 populo
840 2767 958 2796 missum
972 2766 1203 2803 Epaphroditum,
1218 2775 1267 2804 ego
1285 2766 1395 2803 quidem
1407 2766 1532 2794 nondum
1548 2774 1619 2802 queo
1639 2765 1684 2793 vi-

47 2806 113 2835 dere.
133 2808 269 2836 Lnluos
282 2807 445 2835 LATINIUS.
