1886 3082
22 161 91 188 141

500 162 677 190 EXPOSITIO
697 163 729 190 IN
749 162 853 190 EPIST.
873 162 918 190 AD
938 163 1078 190 PlIlLlPP.
1094 178 1128 183 -
1148 164 1220 192 CAP.
1242 167 1261 192 I.

1614 169 1683 197 1142

4 224 78 263 ’τῷ
105 223 183 262 μετὰ
221 225 268 259 τῆς
301 223 386 257 οἷχὶας
423 225 499 260 ὅλης·
528 225 639 254 ἐνταῦθα
668 227 691 254 οἱ
729 237 826 265 στρατ·
843 228 867 259 Α
886 225 943 260 eius

910 226 943 252 ‘us
966 225 1138 260 splendidum
1162 227 1302 255 exordium
1330 229 1435 258 habuit.
1456 230 1550 266 Atque
1576 231 1630 259 hac
1648 241 1682 261 ea-

4 269 81 305 ;Toi
113 268 290 307 ἐφοϐήθησαν
313 269 357 298 τὸν
393 270 514 306 Παῦλον,
540 270 586 299 καὶ
617 269 732 306 ἠξίωσαν
758 269 827 304 ἐξελ-

9 317 90 341 εἷνο
117 313 169 342 καὶ
203 313 270 346 ὅλως
307 313 434 353 λαμπρὰν
468 314 530 354 ἔσλε
560 314 590 343 τὸ
619 314 745 354 κήρυγμα
781 314 828 351 τὴν

884 271 962 298 Actis
974 271 1116 299 discimus.
1133 272 1389 301 Altestatm-autem
1411 275 1477 309 ipsis
1504 276 1604 304 Paulus
1627 284 1681 304 non

882 316 959 342 modo
973 316 1053 349 fidem
1064 319 1174 350 rectum,
1187 317 1307 352 adeoque
1328 319 1461 353 pericula,
1486 327 1578 348 verum
1600 323 1680 349 etiam

4 357 133 397 ὶρχῆν·
172 358 218 387 καὶ
249 361 332 388 ταῦτα
375 359 427 388 ἀπὸ
461 360 512 388 τῶν
542 359 666 399 Πράξεων
695 359 828 397 μανθάνο-
879 360 966 387 volun!

912 360 1052 392 luntutem,
1065 369 1125 395 qua:
1143 361 1253 389 libenter
1274 363 1411 397 impertiat
1438 365 1590 398 egentibus.
1607 367 1678 399 Quo-

4 413 86 433 Lav.
127 404 339 444 Προσμαρτυρεῖ
364 403 392 432 δὲ
416 404 513 443 (αὐτοῖς
538 405 552 432 ὁ
585 405 688 437 Παῦλος
726 404 754 433 οὖ
784 404 831 442 μό-

4 459 56 476 νον
92 447 189 477 πίστιν
211 448 292 488 ὀρθὴν
319 448 365 477 καὶ
386 448 551 488 γκινδύνους,
579 449 649 477 ἀλλὰ
678 448 723 478 χαὶ
751 449 830 487 εὔμε-

4 492 136 521 άδοτον
180 487 343 533 προαίρεσιν.
384 487 436 523 ’Ὧν
474 491 560 522 ἕνεκεν
597 492 721 523 ἁπάντων
762 493 828 534 σφό-

4 540 67 574 ῑρα
81 539 173 577 φιλῶν
191 537 284 571 αὐτοὺς
297 537 341 567 καὶ
361 539 446 576 τιμῶν
460 537 589 578 φαίνεται,
612 552 625 563 ι

888 414 948 432 rum
969 407 1088 433 omnium
1102 415 1183 434 causa
1195 407 1361 436 vehementer
1372 417 1413 437 eos
1427 417 1487 437 cum
1511 418 1611 443 amare,
1624 414 1680 440 tum

886 449 1017 478 honorare
1048 451 1165 479 videtur.
1359 451 1366 457 ”

4 628 1680 642 ..Ἥ

287 697 834 757 THEOPHYLACTI
876 699 1422 760 COMMENTARIUS

537 809 575 841 IN
599 809 811 842 EPISTOLAM
836 811 889 842 AD
914 812 1197 844 PHILIPPENSES.

219 975 241 1004 K
249 973 446 1004 ΕΦΑΛΑΙΟΝ
464 973 630 1004 ΠΡΩΤΟΝ.

63 1048 80 1063 (ι
99 1037 206 1070 Παῦλος
230 1036 275 1066 καὶ
292 1037 419 1075 Τιμόθεος
433 1037 520 1066 δοῦλοι
547 1035 636 1071 Ἰησοῦ
655 1037 783 1074 Χριστοῦ.
805 1047 819 1064 ι)

7 1082 160 1112 Ἐνταῦθα
174 1082 203 1111 οὖ
221 1081 309 1116 τίθησι
330 1081 360 1110 τὸ
372 1083 451 1110 αὑτοῦ
465 1080 569 1119 ἀξίωμα
581 1081 643 1120 [ὅτι]
665 1082 679 1109 ὁ
696 1081 820 1110 Ἀπόστο-

9 1129 61 1160 λος
72 1149 81 1163 ,
100 1125 171 1155 ἀλλὰ
191 1127 280 1156 δοῦλον
306 1125 395 1161 Ἰησοῦ
412 1127 529 1165 Χριστοῦ
545 1125 635 1154 ἑαυτὸν
656 1125 819 1166 προγράφει·

8 1171 92 1211 μέγα
117 1171 166 1209 μὲν
190 1170 236 1200 καὶ
260 1173 337 1199 τοῦτο
352 1170 399 1207 ὂν,
416 1169 487 1205 πλὴν
513 1170 669 1209 κοινότερον.
696 1170 821 1211 Τιμοθέῳ

11 1216 42 1245 δὲ
67 1215 180 1256 γράφων
195 1215 240 1244 καὶ
262 1216 425 1254 Κορινθίοις,
451 1214 597 1244 ἀπόστολον
622 1214 715 1244 ἑαυτὸν
731 1216 819 1246 καλεῖ.

8 1261 51 1291 Τί
74 1261 192 1296 δήποτε;
207 1260 271 1290 "Ou
294 1260 348 1289 ἐκεῖ
371 1259 419 1297 μὲν
448 1258 543 1296 ἔμελλε
569 1259 654 1288 πολλὰ
685 1259 821 1289 διατάττε-

14 1309 105 1342 σθαι,
129 1304 175 1334 καὶ
199 1305 240 1334 διὰ
262 1307 338 1334 τοῦτο
365 1303 508 1333 ἀνελάϐετο
543 1303 574 1333 τὸ
606 1306 652 1332 τοῦ
674 1305 821 1334 ἀποστόλου

15 1350 150 1388 ἀξίωμα·
171 1350 280 1379 ἐνταῦθα
302 1349 329 1378 δὲ
353 1348 426 1378 οὐδὲν
442 1350 557 1378 τοιοῦτον
585 1348 737 1386 ἐπιτάττει,
762 1349 821 1379 ἀλλ’

15 1396 55 1428 ὣς
72 1394 217 1433 ὁμοτίμους
228 1398 306 1432 τιμᾷ.

65 1451 83 1466 (ί
103 1440 175 1469 "Eat
199 1443 251 1471 τοῖς
273 1438 355 1477 ἁγίοις
383 1440 410 1466 ἐν
436 1439 544 1477 Χριστῷ
557 1441 611 1471 τοῖς
622 1438 730 1476 Ἰησοῦ,
747 1434 820 1468 οῦσιν

19 1486 46 1513 ἐν
65 1484 228 1516 Φιλίπποις.
245 1495 260 1510 η
274 1482 385 1518 Ἐπειδὴ
398 1482 444 1511 καὶ
461 1482 583 1512 Ἰουδαῖοι
597 1481 707 1516 ἑαυτοὺς
733 1483 821 1522 ἁγίους

19 1529 153 1565 ἐκάλουν,
172 1529 206 1561 ὡς
216 1527 278 1561 λαὸς
298 1527 369 1566 ἅγιος
381 1550 390 1565 ,
410 1526 453 1556 διὰ
465 1530 541 1556 τοῦτο
557 1527 733 1565 προσέθηκεν·
751 1528 820 1558 «Ἐν

22 1575 136 1612 Χριστῷ
151 1572 249 1608 Ἰησοῦ.
270 1586 281 1598 ιι
300 1573 335 1602 Οἱ
358 1572 409 1611 γὰρ
437 1573 463 1600 ἐν
493 1573 603 1612 Χριστῷ
619 1571 717 1611 ίἸησοῦ
751 1573 820 1612 ἅγιοι

22 1617 106 1651 ὅντως
119 1617 201 1656 εἰσὶν,
218 1618 312 1646 ἐκεῖνοι
325 1616 351 1646 δὲ
367 1616 486 1656 βέϐηλοι.

1069 975 1153 1011 427
1169 977 1291 1004 CAPUT
1303 977 1463 1005 PRIMUM.

912 1039 999 1066 Vsus.
1022 1041 1048 1066 l.
1067 1039 1168 1066 Paulus
1182 1042 1208 1067 et
1222 1041 1384 1072 Timotheus,
1397 1042 1470 1068 serui
1484 1042 1549 1068 Jesu
1562 1041 1675 1070 Christi.

877 1083 927 1111 Hic
941 1092 997 1111 non
1009 1084 1089 1119 ponit
1103 1084 1263 1123 dignitatem
1273 1085 1499 1113 auctoritatemve
1514 1093 1593 1114 suam
1606 1087 1677 1122 Apo-

875 1128 973 1163 stolus,
987 1136 1082 1156 verum
1099 1136 1129 1156 se
1155 1134 1268 1156 servum
1283 1130 1348 1157 Jesu
1373 1129 1474 1157 Christi
1490 1129 1595 1158 scribit.
1619 1132 1677 1158 Ma-

876 1181 958 1208 gnum
985 1173 1098 1209 quidem
1129 1174 1212 1202 etiam
1239 1174 1291 1202 hoc
1319 1179 1370 1208 est,
1411 1175 1458 1203 sed
1488 1176 1675 1205 communitis.

874 1218 1020 1246 Timotheo
1040 1223 1131 1247 autem
1153 1219 1272 1247 scribens
1291 1224 1319 1248 et
1334 1220 1483 1248 Corinthiis
1495 1240 1502 1254 ,
1519 1221 1675 1256 apostolum

875 1271 933 1291 sese
947 1267 1038 1291 vocat.
1057 1265 1145 1298 Quam
1159 1264 1194 1292 ob
1204 1273 1313 1293 causam
1325 1266 1337 1292 Ρ
1353 1265 1423 1300 Quia
1435 1265 1490 1292 illic
1502 1266 1586 1293 multa
1597 1265 1675 1294 ordi-

874 1312 986 1335 naturus
1000 1312 1067 1343 erat,
1081 1313 1224 1344 propterea
1237 1309 1351 1345 apostoli
1364 1310 1555 1338 auctoritatem
1567 1318 1660 1339 assum

875 1353 936 1389 psit.
957 1354 1009 1381 Hic
1023 1358 1116 1382 autem
1140 1354 1205 1381 nihil
1222 1354 1275 1382 tale
1292 1354 1421 1390 iajungit,
1437 1354 1485 1382 sed
1505 1354 1580 1382 velut
1590 1362 1669 1391 pares

875 1398 982 1427 honore
1006 1400 1187 1435 prosequitur.

911 1444 1039 1471 Omnibus
1057 1445 1156 1472 sanctis
1169 1445 1198 1472 in
1212 1444 1321 1472 Christo
1332 1445 1395 1472 Jcsu
1407 1466 1414 1476 ,
1431 1446 1481 1480 qui
1496 1447 1559 1473 sunt
1573 1446 1674 1481 Philip-

873 1490 925 1523 pis.
937 1489 1008 1523 Quia
1019 1488 1108 1517 Judaei
1122 1489 1226 1524 seipsos
1239 1493 1348 1517 sanctos
1370 1489 1550 1526 appellabant,
1573 1490 1674 1526 quippe

873 1534 935 1568 quia
951 1534 1067 1569 populus
1086 1537 1196 1561 sanctus
1221 1537 1310 1567 erant,
1327 1541 1390 1562 eam
1415 1534 1453 1562 ob
1477 1542 1537 1562 rem
1561 1534 1673 1571 adjecit,

876 1579 905 1606 In
923 1579 1026 1607 Christo
1044 1580 1116 1607 Jesu.
1132 1578 1185 1615 Qui
1199 1579 1316 1607 enimin
1340 1579 1450 1608 Christo
1464 1580 1532 1608 Jesu
1556 1583 1635 1614 sunt,
1657 1580 1674 1608 ii

875 1629 937 1650 vere
949 1626 1014 1650 sunt
1039 1622 1136 1656 sancti,
1152 1623 1188 1651 illi
1207 1627 1300 1651 autem
1317 1623 1438 1658 profani.

69 1674 85 1692 α
101 1661 307 1694 Συνεπισκόποις
335 1661 380 1690 καὶ
405 1661 544 1693 διακόνοις.
560 1673 575 1689 »
608 1661 821 1696 Συνεπισκόπους
837 1680 860 1712 C
910 1667 966 1701 Coq

910 1667 1082 1702 Coepiscopis
1103 1670 1129 1695 et
1149 1668 1278 1695 diaconis.
1299 1668 1484 1704 Cocpiscopos
1496 1668 1673 1705 presbyteros

24 1702 82 1736 εἷπε
106 1706 165 1740 τοὺς
189 1706 400 1746 πρεσϐυτέρους·
428 1706 457 1735 οὗ
485 1705 537 1746 γὰρ
559 1705 604 1747 δὴὼ
621 1708 647 1736 ἐν
671 1710 719 1747 μιᾷ
745 1707 820 1736 πόλει

21 1751 118 1781 πολλοὶ
138 1747 204 1787 ’ἦσαν
222 1751 371 1781 ἐπίσκοποι.
396 1749 483 1780 Οὔπω
508 1745 560 1790 γὰρ
588 1745 656 1786 ἦσαν
686 1745 820 1791 διακεχρι-

25 1797 93 1834 μένα
115 1795 149 1825 τὰ
167 1796 298 1834 ὀνόματα,
322 1795 390 1824 ἀλλὰ
416 1795 462 1824 καὶ
486 1797 510 1825 οἱ
534 1794 674 1824 ἐπίσκοποι
705 1795 820 1826 διάκονοι

24 1841 70 1870 καὶ
96 1840 270 1881 πρεσϐύτεροι
295 1841 450 1870 ἐκαλοῦντο.
553 1839 603 1879 γὰρ
627 1840 752 1881 Τιμοθέῳ
766 1841 821 1870 ἐπι-

25 1886 118 1926 σκόπῳ
143 1885 195 1915 ὄντι
217 1885 297 1925 φησί·
316 1897 330 1912 ιι
344 1885 400 1920 Τὴν
413 1885 546 1914 διακονίαν
576 1896 624 1913 σου
654 1885 821 1925 πληροφόρη-

24 1942 67 1959 σον
79 1942 86 1949 σ
102 1941 118 1959 ι)
139 1930 182 1959 καὶ
195 1931 289 1965 πάλιν,
309 1939 323 1957 (ι
337 1928 375 1959 ’⁷0
388 1929 517 1965 ἐδόθη”σοι
534 1928 601 1968 μετὰ
615 1929 753 1963 ἐπιθέσεως
768 1931 818 1958 τῶν

26 1977 122 2015 χειρῶν
147 1977 191 2004 τοῦ
220 1973 424 2015 πρεσϐυτερίου”
443 1986 458 2001 n
475 1974 594 2004 τουτέστι
623 1975 675 2003 τῶν
710 1975 819 2004 ἐπισχό-

27 2032 95 2049 πων·
122 2020 150 2048 οὗ
171 2019 222 2058 γὰρ
252 2018 425 2059 πρεσϐύτεροι
451 2018 496 2048 τὸν
519 2019 662 2048 ἐπίσκοπον
686 2019 818 2059 ἐχειροτό-

26 2075 95 2095 νουν.
122 2064 174 2094 Καὶ
193 2060 272 2100 aii”,
287 2065 310 2093 οἱ
331 2063 506 2103 πρεσϐύτεροι
526 2062 664 2093 ἐπίσκοποι
682 2063 817 2103 ἐλέγοντο,

27 2111 60 2141 ὡς
76 2111 275 2141 ἐπισκοποῦντες
299 2108 399 2144 δηλαδὴ
422 2109 467 2137 καὶ
481 2108 556 2137 αὐτοὶ
572 2108 615 2138 τὸν
640 2107 723 2146 λαὸν,
749 2108 819 2138 ὥστε

28 2153 158 2192 καθαίρειν
197 2153 242 2182 καὶ
269 2153 391 2192 φωτίζειν
424 2152 482 2185 τοὺς
509 2152 656 2190 δεομένους.
686 2153 765 2186 Τίνος
791 2153 817 2182 δὲ

29 2198 105 2238 χάριν
129 2199 164 2237 τῷ
179 2198 269 2238 κλήρῳ
284 2200 328 2227 νῦν
343 2197 440 2238 γράφει
450 2219 458 2235 ,
476 2197 540 2236 ὅπερ
564 2197 680 2235 οὐδαμοῦ
699 2199 818 2238 ἀλλαχοῦ

29 2242 162 2279 ἐποίησεν;
186 2241 250 2271 Ὅτι
285 2242 360 2271 αὐτοὶ
393 2241 436 2271 τὸν
461 2241 657 2282 Ἐπαφρόδιτον
680 2242 817 2283 ἔπεμψαν,

30 2287 185 2326 ἐπαγόμενον
200 2286 233 2315 τὰ
250 2286 314 2326 πρὸς
329 2286 421 2326 χρείαν
434 2287 471 2326 τῷ
495 2286 657 2327 Ἀποστόλῳ.

69 2343 84 2360 α
101 2331 181 2384 Χάρις
195 2333 257 2384 ξμῖν
273 2331 318 2360 καὶ
328 2331 418 2371 εἰρήνη
435 2331 487 2360 ἀπὸ
507 2330 696 2384 ΕξεοῦΙΠοιτρδς
721 2333 814 2384 ἡμῶν,
833 2353 856 2384 D

30 2376 71 2405 καὶ
92 2375 188 2415 Κυρίου
203 2375 290 2412 Ἰησοῦ
306 2377 434 2415 Χριστοῦ.
453 2388 468 2404 ν
484 2376 531 2415 ΙΤὸ
560 2376 668 2412 σύνηθες
696 2376 816 2417 πρόσρη-

32 2432 66 2458 pa
92 2420 256 2459 προτίθησιν,
286 2420 462 2460 ἐπευχόμενος
490 2421 577 2454 αὐτοῖς
598 2420 642 2450 ἵνα
670 2431 816 2461 κεχαριτω-

35 2465 101 2502 μένοι
124 2461 187 2502 εἷεν,
204 2465 248 2494 καὶ
271 2465 308 2502 μὴ
333 2465 489 2505 ἐπαρθέντες
521 2465 580 2494 κατ’
596 2465 718 2501 ἀλλήλων
742 2466 819 2496 ἐκπέ-

34 2520 96 2539 σωσι
113 2512 156 2546 τῆς
176 2509 279 2550 εἰρήνης
308 2509 356 2539 καὶ
376 2511 424 2546 τῆς
451 2510 582 2548 ὁμονοίας.
598 2509 641 2540 Τὰ
667 2509 718 2550 γὰρ
744 2511 819 2551 χαρί-

35 2565 120 2592 σματα
132 2558 184 2587 τοῖς
199 2553 236 2594 μὴ
249 2554 274 2574 ⁴⁶
286 2553 449 2594 προσέχουσι
460 2553 543 2595 τύφου
553 2554 676 2594 πρόξενοι.

68 2634 115 2663 ιιῐ
124 2635 194 2663 Tim.
207 2641 252 2669 iv,
267 2637 293 2662 5.
333 2638 351 2653 ιι
368 2635 522 2669 ITim.1v,
535 2638 562 2663 4.

874 1711 1018 1746 appellavit
1041 1721 1049 1740 ε
1067 1719 1125 1739 non
1139 1712 1214 1739 enim
1241 1712 1269 1739 in
1291 1720 1346 1740 una
1367 1712 1435 1740 urbe
1455 1713 1536 1740 multi
1554 1713 1672 1748 episcopi

874 1755 995 1783 fuerunt.
1014 1756 1144 1784 Nondum
1174 1756 1246 1783 enim
1280 1761 1357 1785 erant
1392 1756 1519 1785 distincta
1547 1757 1671 1790 nomina,

875 1808 968 1828 verum
983 1801 1033 1835 ipsi
1051 1801 1179 1836 episcopi,
1191 1800 1299 1828 diaconi
1321 1805 1349 1829 et
1365 1801 1516 1837 presbyteri
1536 1801 1671 1829 vocaban-

873 1848 926 1873 tur.
941 1846 1085 1873 Timotheo
1096 1846 1169 1873 euim
1183 1846 1320 1882 episcopo,
1334 1846 1456 1874 scribens
1469 1847 1557 1882 inquit
1572 1855 1578 1874 :
1590 1848 1670 1874 Mini-

873 1891 989 1917 sterium
1004 1892 1081 1918 tuum
1094 1891 1176 1925 imple
1189 1890 1195 1911 1
1221 1912 1227 1918 .
1245 1891 1280 1918 Et
1291 1899 1385 1918 rursus
1401 1900 1408 1918 :
1426 1891 1502 1924 Quod
1522 1891 1615 1918 datum
1631 1893 1670 1919 est

874 1935 925 1961 tibi
935 1943 995 1962 cum
1006 1935 1174 1970 impositz'one
1189 1943 1319 1963 manuum
1336 1936 1538 1971 presbyterii”,
1553 1935 1606 1963 hoc
1628 1940 1670 1963 est

873 1980 1063 2015 episcoporum
1093 1990 1100 2008 :
1134 1987 1190 2008 non
1216 1980 1291 2007 enim
1321 1979 1471 2016 presbyteri
1510 1980 1669 2016 episcopum

873 2023 1045 2051 ordinabant.
1060 2025 1166 2052 Rursus
1188 2024 1340 2060 presbyteri
1353 2024 1471 2060 episcopi
1499 2024 1582 2052 etiam
1597 2024 1670 2061 dice-

873 2068 981 2101 bantur,
995 2073 1026 2096 ut
1039 2069 1087 2104 qui
1100 2072 1127 2096 et
1138 2068 1187 2104 ipsi
1201 2069 1334 2104 populum
1346 2069 1543 2104 inspectarent,
1557 2068 1669 2105 ejusque

871 2121 968 2141 curam
993 2117 1128 2148 gererent,
1153 2117 1183 2140 ut
1207 2117 1355 2149 purgarent
1380 2113 1605 2149 illustrarentque
1620 2121 1667 2142 eos

872 2165 942 2193 quos
960 2162 1031 2185 esset
1052 2164 1171 2185 necesse.
1197 2158 1284 2193 Cujus
1306 2161 1398 2186 autem
1424 2158 1462 2186 rei
1487 2158 1573 2194 gratia
1596 2166 1670 2186 nunc

872 2202 944 2230 clero
972 2202 1066 2230 scribit
1087 2203 1132 2236 (1),
1149 2202 1224 2238 quod
1251 2210 1387 2238 nusquam
1414 2203 1477 2230 alibi
1503 2202 1583 2230 fecit?
1600 2202 1669 2236 Quia

872 2247 921 2282 ipsi
943 2246 1159 2282 Epaphroditum
1186 2247 1388 2283 ablegaverant,
1403 2247 1450 2283 qui
1469 2255 1530 2283 quae
1544 2247 1669 2282 apostolo

872 2295 963 2319 essent
975 2291 1045 2325 usui,
1066 2291 1186 2319 afferret.

907 2337 995 2364 Vens.
1011 2339 1038 2364 2.
1055 2337 1154 2364 Gratia
1170 2337 1244 2364 vobis
1263 2338 1288 2364 et
1301 2344 1361 2372 pax
1371 2344 1389 2364 α
1403 2337 1455 2364 Deo
1469 2336 1552 2364 Patre
1563 2338 1666 2367 nostro,

873 2383 897 2408 et
925 2382 1036 2408 Domino
1061 2382 1123 2409 Jesu
1150 2381 1264 2410 Christo.
1283 2381 1450 2409 Consuetam
1478 2380 1670 2409 salutationem

871 2426 992 2461 apponit,
1016 2432 1197 2461 comprecans
1212 2425 1251 2454 eis
1273 2429 1305 2453 ut
1327 2426 1413 2462 gratia
1432 2425 1581 2460 donentur,
1596 2429 1625 2453 et
1637 2433 1672 2453 ne

873 2470 940 2498 alter
950 2469 978 2497 in
993 2469 1109 2498 alterum
1122 2470 1187 2498 elati
1203 2470 1328 2498 excidant
1354 2479 1369 2498 a
1385 2478 1450 2507 pace
1471 2473 1498 2498 et
1512 2469 1670 2499 concordia.

874 2514 1043 2543 charismata
1058 2514 1130 2542 enim
1145 2523 1202 2543 non
1226 2515 1430 2544 attendentibus
1453 2514 1556 2543 fastum
1575 2519 1602 2542 et
1615 2514 1672 2542 ela-

874 2559 980 2588 tionem
1008 2559 1155 2588 advehunt.

722 2685 815 2714 Variae
835 2684 984 2716 lectiones.

70 2735 90 2754 ¹⁸
103 2735 166 2768 αὖθις
184 2745 210 2766 ο.
249 2737 271 2754 ¹⁶
286 2738 330 2774 μὲν
344 2745 372 2766 ο.

70 2785 100 2814 (ι)
112 2783 170 2818 Quo
183 2786 344 2818 argumento
353 2786 476 2818 constet,
492 2790 507 2811 a
520 2783 604 2816 clero,
620 2790 676 2812 non
687 2791 702 2811 a
714 2783 815 2820 populo
830 2783 948 2812 missum
962 2783 1193 2820 Epaphroditum,
1208 2792 1257 2820 ego
1276 2782 1385 2819 quidem
1397 2781 1522 2809 nondum
1537 2789 1609 2817 queo
1628 2781 1674 2808 vi-

43 2820 106 2850 dere.
125 2823 260 2852 anus
273 2823 436 2852 Lumws.
