1886 3082
79 179 149 207 1145

501 178 676 207 EXPOSITIO
696 179 726 207 IN
747 180 851 208 EPIST.
871 181 917 208 AD
937 181 1076 209 PHILIPP.
1095 197 1131 202 —
1149 182 1223 210 CAP.
1245 183 1265 210 i.

1654 181 1723 209 1116

77 242 163 280 ὑμᾶς,
194 240 221 271 ἔν
235 253 263 271 τε
290 245 344 275 τοῖς
364 242 470 280 δεσμοῖς
503 253 568 280 μου,
594 242 639 271 καὶ
662 245 696 283 τῇ
722 243 870 284 ἀπολογίᾳ,
887 246 913 276 Α
928 245 972 270 vin

965 245 1044 272 mulis
1054 245 1126 278 meis,
1140 248 1163 272 et
1175 246 1203 271 in
1215 245 1370 279 defensioue
1384 247 1410 272 et
1422 245 1621 280 conﬁrmatione
1634 245 1724 272 Evan-

77 287 124 316 καὶ
151 286 293 326 βεϐαιώσει
307 289 351 316 τοῦ
371 287 560 326 ,Εὐαγγελίοψ
577 297 592 315 ι)
609 287 746 324 Πέποιοα,
773 288 869 327 φησὶν,

80 331 121 360 ὅτι
137 332 201 372 ἄχρι
224 332 315 364 τέλους
341 335 452 361 τοιοῦτοι
482 332 587 371 ἔσεσθε,
614 333 658 362 καὶ
683 334 769 373 φρονῶ
795 335 872 362 τοῦτο

77 376 144 416 ὑπὲρ
158 378 249 414 ὑμῶν,
274 375 340 406 διότι
356 376 397 405 ἀεὶ
419 378 475 416 ἔχω
494 377 521 405 ἐν
538 379 571 416 τῇ
599 377 695 417 καρδία
720 379 802 416 ὑμᾶς,
827 377 873 406 καὶ

76 417 136 451 οἶδα
157 420 191 451 τὰ
205 420 319 461 ὑμέτερα
348 421 558 461 κατορθώματα,
581 421 626 451 καὶ
647 421 687 451 ὅτι
713 422 872 456 σπουδάζετε

76 465 132 505 xui:
143 465 256 499 ἀπόντες
278 465 448 504 συγκοινωνοί
473 477 524 504 μου
548 465 668 504 γενέσθαι
692 469 739 503 τῆς
765 468 873 507 χάριτος

74 514 123 540 τοῦ
161 510 325 550 Εὐαγγελίου
352 510 400 539 καὶ
427 511 478 540 τῶν
505 511 620 549 δεσμῶν.
654 511 741 541 σΩστε
773 512 873 542 δίκαιόν

75 556 147 584 ἔστιν
160 555 206 593 ἐμὲ
228 557 337 584 τοιαῦτα
360 555 535 594 στοχάζεσθαι
559 555 625 596 ὑπὲρ
641 557 729 595 ὑμῶν,
753 557 798 586 καὶ
820 556 873 585 ἀπὸ

74 602 129 629 τῶν
150 599 296 639 προοιμίων
333 599 557 639 τεκμαίρεσθαι²²
572 600 617 629 καὶ
632 601 661 630 τὸ
686 601 767 634 τέλος.
786 600 872 631 ⁶¹Οσον

77 643 105 672 δὲ
129 644 259 681 ἐγκώμιον
282 644 312 673 τὸ
341 645 368 673 ἐν
395 644 492 684 καρδία
522 639 588 674 εἷναι
604 645 729 681 Παύλου,
759 649 805 675 τοῦ
835 645 872 683 μὴ

75 688 169 721 ἁπλῶς
193 688 292 724 οὕτως,
315 689 384 718 ἀλλὰ
405 688 472 726 μετὰ
497 689 626 729 κρίσεως,
648 689 693 718 καὶ
715 690 774 723 τοὺς
788 689 873 723 ἀξίους

75 734 249 772 ἀγαπῶντος
267 733 346 763 Ἀλλ’
360 735 413 762 οὐδ’
426 733 483 769 ὅτε,
498 733 578 774 φησιν
589 757 596 770 ,
613 733 797 773 ἀπελογούμην
818 734 873 764 Νέ-

80 790 159 816 ρωνι,
179 777 303 813 ἐξέστητέ
317 790 367 817 μου
396 780 443 814 τῆς
469 778 584 817 μνήμης.
603 778 754 808 Βεϐαίωσιν
777 779 804 808 δὲ
827 782 872 808 τοῦ

79 822 242 862 Εὐαγγελίου
266 823 299 852 τὰ
334 822 419 861 δεσμά
447 834 512 863 φησι
537 823 583 852 καὶ
606 823 653 856 τὰς
677 823 786 863 θλίψεις.
820 824 873 854 Καὶ

79 867 225 905 ἀπολογίαν
254 868 280 896 δὲ
294 867 361 897 αὐτὰ
376 870 461 896 ταῦτα
484 867 564 901 εἴποις
580 868 623 899 ἄν.
648 867 785 908 Πρόδηλον
804 868 872 909 γὰρ,

77 913 118 940 ὅτι
140 914 162 941 εἰ
179 913 216 950 μὴ
244 912 383 941 ἐπέπειστο
401 912 529 952 ἀῤῥήτους
554 908 620 942 εἶναι
646 912 804 949 ἀντιδόσεις,
829 912 873 942 καὶ

78 957 168 996 ἄφατα
183 956 288 996 ἀγαθὰ,
304 958 351 986 οὐκ
369 957 400 986 ἂν
416 958 561 995 ἔδεσμεῖτο·
578 958 625 986 οὐκ
635 956 660 975 ³³
677 957 707 986 ἂν
723 959 761 997 τῷ
776 957 872 997 θηριώ-

76 1002 116 1029 δει
132 1001 235 1040 Νέρωνι
258 1001 451 1042 προσέκρουεν,
479 1002 501 1030 εἷ
521 1001 559 1040 μὴ
575 1001 655 1031 ἄλλον
673 1001 784 1042 βασιλέα
801 1014 874 1040 μονι-

76 1045 196 1084 μώτερον
213 1045 238 1063 ²⁴
265 1045 398 1086 προεώρα.
431 1045 516 1076 ’Ώστε
545 1046 573 1075 αἱ
607 1046 707 1086 Θλίψεις
733 1046 874 1086 βεϐαίωσις

75 1093 123 1119 τοῦ
141 1090 316 1129 Εὖαγγελίου.

123 1134 349 1174 «Συγκοινωνούς
373 1146 418 1173 μοι
450 1136 496 1171 τῆς
524 1135 632 1175 χάριτος
675 1135 777 1169 πάντας
806 1137 874 1175 ὑμᾶς

75 1179 166 1212 ὄντας.
181 1191 194 1208 n
215 1179 354 1209 Δείκνυσιν
372 1180 497 1216 ἐνταῦθα,
518 1179 558 1209 ὅτι
572 1180 619 1209 οὐχ
646 1180 759 1219 ἀκρίτως
781 1181 875 1214 αὐτοὺς

74 1226 182 1263 ἀγαπᾷ.
199 1224 251 1254 Διὰ
267 1226 344 1253 τοῦτο
357 1224 428 1264 γὰρ,
447 1224 542 1264 φησὶν,
557 1224 612 1264 ἔχω
634 1225 703 1263 ὑμᾶς
716 1225 742 1254 ἐν
757 1227 790 1264 τῇ
806 1237 874 1265 καρ-

75 1268 134 1308 δίᾳ,
147 1268 212 1298 διότι
241 1268 412 1307 συγκοινωνοί
434 1269 480 1306 μοί
495 1271 554 1298 ἐστε
570 1271 616 1304 τῆς
628 1269 736 1309 χάριτος
757 1269 855 1305 ταύτης
866 1293 874 1307 ,

75 1312 198 1342 τουτέστι
220 1314 273 1342 τῶν
296 1313 408 1354 Θλίψεων
437 1313 482 1342 καὶ
506 1315 558 1342 τῶν
579 1315 697 1351 δεσμῶν⁸
719 1314 766 1343 καὶ
790 1325 874 1344 σπου-

75 1358 170 1391 δάζετε
208 1357 246 1396 μὴ
275 1359 466 1398 ἀπολειφθῆναι
493 1359 569 1396 ἡμῶν
593 1359 619 1387 ἐν
645 1362 702 1391 ταῖς
738 1358 873 1399 θλίψεσιν,

76 1401 150 1431 ἀλλὰ
177 1403 230 1431 τῶν
253 1402 318 1441 ὑπὲρ
340 1405 386 1432 τοῦ
414 1402 576 1441 Εὖαγγελίου
602 1404 757 1442 πειρασμῶν
783 1415 875 1432 κοινω-

75 1449 168 1482 νῆσαι.
179 1445 288 1482 Ὅτιδὲ
299 1447 325 1466 ²⁵
339 1447 416 1487 χάρις
433 1446 465 1475 τὰ
477 1447 577 1485 δεσμὰ,
600 1447 680 1482 δῆλον
691 1459 697 1465 ·
710 1461 720 1473 ιε
733 1448 822 1487 Ἀρκεῖ
835 1459 875 1477 σοι

74 1494 92 1527 ἡ
124 1491 202 1531 χάρις
230 1503 290 1530 μου.
318 1491 352 1522 Ἣ
378 1491 429 1531 γὰρ
464 1491 574 1529 δύναμίς
604 1503 654 1530 μου
686 1493 712 1521 ἐν
753 1493 874 1533 ἀσθενείᾳ

75 1537 238 1565 τελειοῦται.
253 1534 312 1566 »ῚΙ
329 1536 343 1564 ὂ
359 1535 405 1566 καὶ
420 1537 531 1574 μᾶλλον,
542 1537 577 1569 ὡς
588 1536 738 1576 προκατιὼν
749 1537 775 1555 ²⁰
791 1537 873 1576 λέγει,

75 1581 118 1610 ὅτι
134 1580 241 1619 α’Υμῖν
269 1580 396 1622 ἐχαρίσθη
424 1580 455 1610 τὸ
482 1580 548 1620 ὓπὲρ
579 1582 694 1620 Χριστοῦ
726 1581 875 1622 «aiax:th

74 1625 155 1665 ⁷Ορα
164 1625 207 1663 δὲ,
222 1627 278 1659 πῶς
287 1627 335 1654 οὐκ
345 1620 415 1662 εἶπε,
427 1624 589 1663 Κοινωνοὺς,
604 1625 672 1655 ἀλλὰ
681 1648 688 1661 ,
700 1640 711 1652 ι
723 1620 876 1666 Συγκοινω-

75 1669 151 1705 νοδς,
175 1684 187 1696 ³
201 1669 300 1704 δεικνὺς
317 1669 412 1699 ὅτιχαὶ
428 1670 506 1704 αὐτὸς
521 1670 547 1689 ²⁷
564 1672 653 1704 ἄλλοις
674 1671 729 1700 ἐστὶ
742 1671 876 1708 κοινωνὸς,

75 1714 172 1754 ὥσπερ
187 1715 306 1754 ἀλλαχοῦ
323 1725 412 1755 φησιν.
429 1725 443 1743 (ι
455 1714 514 1744 Ἵνα
531 1715 705 1754 συγκοινωνὸς
718 1718 763 1745 τοῦ
788 1717 877 1754 Εὐαγ-

73 1758 167 1797 γελίου
192 1758 326 1798 γένωμαι,
342 1770 357 1788 ι)
384 1759 534 1799 τουτέστιν,
559 1759 620 1791 Ἵνα
654 1760 811 1796 κοινωνήσω
824 1762 875 1789 τῶν

74 1803 261 1843 ἀποκειμένων
272 1805 395 1844 ἀγαθῶν,
417 1808 471 1837 τοῖς
495 1804 524 1834 τὸ
541 1804 702 1844 Εὖαγγέλιον
724 1805 875 1845 καταγγέλ-

73 1860 164 1880 Λουσι.

121 1893 256 1934 ιΜοίρτυς
272 1893 324 1933 γάρ
353 1892 403 1932 μού
434 1895 503 1924 ἐστιν
533 1895 546 1923 ὁ
572 1894 653 1930 Θεὸς,
686 1895 721 1927 ὡς
757 1895 876 1924 ἐπιποθῶ

74 1938 180 1971 πάντας
207 1940 274 1974 ὑμᾶς
320 1939 346 1967 ἐν
373 1938 535 1978 σπλάγχνοις
578 1937 667 1974 Ἰησοῦ
709 1939 839 1978 Χριστοῦ.
864 1955 874 1966 ιι

74 1984 142 2022 Οὐχ
159 1985 193 2015 ὡς
210 1982 400 2021 ἀπιστούμενος
415 1984 537 2022 μάρτυρα
559 1984 634 2012 καλεῖ
649 1983 693 2012 τὸν
707 1984 790 2019 Θεὸν,
807 1985 875 2014 ἀλλὰ

72 2027 128 2062 τὴν
141 2027 240 2063 πολλὴν
251 2027 377 2059 διάθεσιν.
395 2030 453 2058 Οὐκ
464 2027 532 2067 ἔχων
544 2029 716 2067 παραστῆσαι
726 2027 768 2056 διὰ
781 2028 873 2067 λόγου,

72 2075 115 2112 τῷ
147 2073 210 2111 Θεῷ
235 2074 430 2110 καταλιμπάνει
455 2075 546 2109 τοῦτο,
573 2075 610 2113 τῷ
626 2072 673 2105 τὰς
702 2073 812 2113 καρδίας
834 2073 876 2108 ἐξ·

71 2118 205 2150 ετοὶζοντι.
232 2118 319 2147 Τοῦτο
335 2117 362 2146 δὲ
391 2119 436 2147 τοῦ
453 2117 591 2153 ἀληθεύειν
618 2117 695 2146 αὐτὸν
720 2117 874 2158 τεκμήριον,

71 2164 119 2191 Οὖ
143 2161 193 2200 γὰρ
224 2161 268 2197 ἂν,
291 2163 313 2190 εἰ
349 2162 504 2191 ἐκολάκευεν
539 2161 651 2198 αὐτοὺς,
681 2162 802 2202 μάρτυρα
830 2162 874 2192 τὸν

72 2206 148 2236 Θεὸν
160 2206 294 2236 ἐκάλεσεν.
305 2219 317 2232 α
335 2206 381 2236 Ἐν
402 2206 565 2246 σπλάγχνοις
578 2221 588 2232 ν
601 2205 628 2235 δὲ
639 2228 646 2244 ,
662 2202 734 2236 εἶπεν
743 2230 751 2243 ,
760 2221 772 2232 αι
787 2206 876 2243 Ἰησοῦ⁸

72 2253 208 2290 Χριστοῦ·
224 2249 480 2291 »τουτέστινδοῦχὶ
502 2251 544 2280 διά
568 2263 594 2280 τι
613 2250 792 2290 ἀνθρώπινον,
822 2252 875 2281 οὐδ’

72 2296 119 2325 ὅτι
136 2294 273 2335 ἐπέμψατέ
298 2307 343 2330 μοι
358 2295 391 2324 τὰ
410 2296 474 2334 πρὸς
489 2295 599 2335 χρείαν,
631 2295 690 2324 ἀλλ’
704 2297 730 2325 ἐν
751 2298 783 2336 τῇ
806 2296 874 2326 κατὰ

72 2339 149 2372 Θεὸν
164 2340 266 2378 ἀγάπῃ.
285 2338 342 2376 ἺΙ,
364 2339 404 2369 ὅτι
422 2339 516 2380 Ηατὴρ
532 2342 606 2378 ὑμῶν
632 2339 746 2379 γεγονὼς
762 2341 806 2369 διὰ
829 2344 875 2376 τῆς

71 2385 193 2418 πίστεως
221 2387 268 2420 τ’ἧς
289 2385 325 2418 εἷς
351 2384 484 2425 Χριστὸν,
508 2386 651 2424 σπλάγχνα
671 2385 725 2425 ἔχω
747 2385 786 2425 ἐφ’
800 2387 876 2423 ὑμῖν,

71 2431 104 2460 οὗ
124 2428 239 2468 φυσικὰ,
260 2428 318 2458 ἀλλ’
341 2424 383 2458 οἶα
400 2429 513 2468 Χριστὸς
532 2430 673 2469 χαρίζεται
685 2424 746 2463 ντοῐς
760 2424 877 2469 γνησίοις

72 2473 287 2514 αὗτοῧιδούλοις,
302 2478 355 2507 τοῖς
370 2474 441 2514 αὐτῷ
460 2475 570 2513 γεννῶσι
593 2473 626 2503 τὰ
642 2476 688 2503 τοῦ
714 2475 876 2513 Εὖαγγελίου

72 2519 170 2550 τέχνα.
194 2519 300 2552 Πάντας
316 2517 344 2547 δὲ
365 2519 453 2558 ποθῷ,
479 2518 569 2554 ἐπειδὴ
584 2519 630 2549 καὶ
649 2519 745 2552 πάντες
768 2519 879 2550 τοιοῦτοί

77 2567 153 2595 ἐστε.

119 2623 131 2636 ιι
147 2608 203 2639 Καὶ
237 2609 315 2638 τοῦτο
338 2607 543 2649 προσεύχομαι,
571 2607 617 2638 ἵνα
639 2611 656 2645 ἡ
682 2608 774 2647 ἀγάπη
802 2610 876 2648 ὗμῶν

75 2654 118 2684 ἔτι
147 2655 248 2692 μᾶλλον
271 2653 317 2683 καὶ
338 2655 439 2693 μᾶλλον
476 2653 629 2694 περισσεύῃ.
653 2667 664 2680 ιν
683 2653 776 2684 Καίτοι
808 2654 876 2683 οὕτω

116 2737 129 2752 ⁰
148 2735 172 2762 ll
193 2734 257 2764 Cor.
273 2741 331 2771 ιιι,
348 2737 378 2763 9.

926 289 997 323 gelii.
1013 289 1138 323 Conﬁdo,
1152 289 1248 324 inquit,
1264 297 1312 317 vos
1322 289 1356 317 ad
1369 289 1452 317 ﬁnem
1462 296 1547 324 usque
1562 289 1631 317 tales
1651 288 1720 321 fore,

925 338 1005 369 atque
1019 333 1071 361 hoc
1084 333 1118 361 de
1132 334 1210 362 vobis
1219 334 1319 367 sentio,
1334 333 1419 370 429
1432 333 1656 369 quandoquidem
1672 341 1720 360 vos

926 378 954 405 in
973 378 1056 407 corde
1079 386 1141 407 meo
1167 386 1275 414 semper
1298 386 1376 415 gero,
1401 382 1482 414 atque
1505 378 1562 406 scio
1589 378 1720 413 prmelara

926 431 1009 459 opera
1022 428 1122 457 vestra,
1137 427 1166 452 et
1178 424 1251 460 quod
1274 423 1398 452 absentes
1419 422 1502 451 etiam
1516 422 1588 451 detis
1608 431 1720 458 operam

927 472 1069 496 consortes
1078 468 1145 496 mihi
1158 468 1217 496 ﬁeri
1226 468 1320 504 gratia:
1329 467 1467 502 Evangelii
1482 467 1720 502 vineulorumque.

927 513 1045 542 Proinde
1065 513 1170 549 justum
1193 516 1235 541 est
1256 520 1302 540 me
1327 513 1390 540 talia
1418 511 1453 540 de
1477 511 1554 539 vobis
1577 511 1720 547 conjicere,

925 562 1007 593 atque
1020 566 1052 586 ex
1068 557 1226 594 primordiis
1241 557 1323 585 ﬁnem
1339 557 1477 593 colligere.
1494 556 1602 591 Quanta
1625 559 1721 583 autem

926 603 984 630 laus
1005 607 1045 630 est
1059 602 1143 630 Paulo
1168 610 1226 630 esse
1240 602 1328 635 cordi,
1349 602 1395 638 qui
1421 609 1478 629 non
1503 602 1537 629 ita
1553 600 1723 636 simpliciter,

927 647 975 675 sed
989 655 1052 674 cum
1065 647 1180 683 judicio,
1196 651 1223 674 et
1237 646 1334 683 dignos
1348 645 1461 682 diligit?
1476 647 1514 674 At
1527 653 1562 674 ne
1582 649 1641 672 tum
1659 645 1724 680 qui—

928 692 1005 725 dem,
1022 691 1119 728 inquit,
1141 691 1251 727 quando
1276 691 1347 727 apud
1373 692 1508 719 Neronem
1534 689 1724 718 defensionem

929 744 1019 764 meam
1035 736 1102 770 feci,
1123 737 1255 763 memoria
1283 744 1343 764 mea
1370 735 1514 763 excidistis.
1532 734 1726 763 Conﬁrmatio-

927 789 991 808 nem
1005 785 1096 809 autem
1112 781 1250 816 Evangelii
1277 780 1380 808 vincula
1404 785 1430 808 et
1451 779 1614 808 afﬁictiones
1633 782 1724 813 vocat,

926 831 954 854 et
966 826 1025 854 hazc
1040 827 1098 862 ipsa
1111 825 1300 854 defensionem
1313 825 1402 853 dicere
1417 825 1528 861 poteris.
1545 825 1723 860 Perspicuum

926 872 998 899 enim
1013 875 1064 904 est,
1082 870 1133 898 nisi
1147 870 1245 899 fuisset
1264 878 1412 906 persuasus
1432 869 1586 898 ineffabiles
1605 877 1664 897 esse
1676 877 1723 896 re—

928 916 1103 949 tributiones,
1125 920 1151 943 et
1170 915 1251 943 nullis
1266 915 1356 943 verbis
1379 915 1542 943 enarrabilia
1565 915 1637 941 bona
1662 921 1724 949 qua:

928 965 1107 996 exspectaret,
1123 968 1179 988 non
1200 960 1296 988 fuisset
1309 960 1421 987 vinctus
1445 969 1452 986 :
1480 959 1586 986 efferati
1609 958 1725 986 Neronis

929 1005 1110 1033 oﬁeusionem
1125 1013 1181 1032 non
1206 1004 1373 1036 incurrisset,
1395 1004 1447 1031 nisi
1470 1004 1555 1031 alium
1575 1004 1724 1038 imperato-

929 1058 986 1077 rem
1011 1050 1114 1078 diulius
1141 1049 1305 1078 duraturum
1332 1049 1425 1076 animo
1454 1056 1504 1076 suo
1532 1047 1723 1084 prospexisset.

931 1096 1025 1131 Itaque
1034 1094 1197 1122 aiilictiones
1211 1098 1275 1122 sunt
1293 1093 1464 1121 conﬁrmatio
1480 1093 1624 1128 Evangelii.

965 1141 1033 1167 Dum
1054 1139 1169 1166 consocii
1190 1140 1289 1173 gratiae
1311 1146 1376 1165 mere
1389 1146 1434 1166 eos
1455 1145 1544 1164 omnes
1559 1138 1631 1164 sitis.
1647 1136 1726 1164 Ponit

929 1183 974 1212 hic
988 1183 1023 1212 ob
1040 1183 1143 1217 oculos,
1156 1190 1185 1211 se
1199 1184 1264 1211 citra
1282 1182 1415 1219 judicium
1439 1181 1513 1210 haud
1528 1189 1576 1210 eos
1595 1181 1724 1217 diligere;

930 1232 1085 1264 propterea,
1106 1228 1204 1264 inquit,
1222 1228 1308 1255 habeo
1332 1235 1380 1255 vos
1400 1228 1429 1255 in
1447 1226 1541 1260 corde,
1565 1226 1637 1262 quod
1660 1225 1726 1254 estis

929 1273 996 1301 mihi
1024 1273 1143 1300 consocii
1168 1273 1263 1308 gratiae
1280 1271 1371 1309 huius,
1394 1271 1422 1300 id
1436 1275 1477 1299 est
1491 1270 1672 1299 afﬂictionum
1699 1275 1727 1298 et

929 1317 1100 1345 vinculorum
1116 1326 1122 1343 :
1139 1317 1294 1352 navalisque
1304 1324 1428 1352 operam,
1442 1323 1477 1343 ne
1490 1324 1505 1343 a
1520 1315 1599 1343 nobis
1613 1314 1639 1342 in
1655 1314 1724 1342 affli-

929 1362 1065 1390 ctionibus
1078 1361 1220 1395 deﬁciatis,
1234 1369 1329 1389 verum
1343 1365 1373 1389 ut
1387 1360 1572 1388 tentationum
1586 1367 1653 1395 quas
1677 1367 1725 1395 pro

930 1407 1076 1443 Evangelio
1091 1407 1269 1440 sustinemus,
1286 1406 1377 1442 potius
1391 1404 1539 1441 participes
1552 1403 1723 1432 efficiamini.

931 1451 1013 1487 Quod
1027 1456 1120 1479 autem
1148 1451 1255 1479 vincula
1271 1451 1323 1478 sint
1344 1450 1440 1487 gratia,
1456 1450 1568 1486 planum
1586 1453 1628 1477 est
1643 1457 1676 1476 ex
1693 1457 1726 1476 eo

930 1496 1004 1532 quod
1018 1497 1156 1524 Dominus
1166 1496 1205 1524 ait
1221 1506 1226 1524 :
1244 1497 1350 1531 Sufﬁcit
1364 1495 1413 1522 tibi
1422 1496 1512 1529 gratia
1521 1502 1595 1525 mea;
1604 1494 1725 1529 potentia

931 1542 1000 1568 enim
1013 1549 1078 1568 mea
1093 1542 1122 1568 in
1145 1542 1310 1575 inﬁrmitate
1319 1541 1489 1575 perficitur”.
1516 1539 1564 1567 Vel
1585 1538 1659 1574 quod
1674 1546 1719 1573 po-

929 1585 983 1613 tius
997 1590 1048 1617 est,
1065 1589 1096 1613 ut
1108 1585 1134 1612 in
1149 1593 1292 1621 progressu
1307 1584 1383 1617 dicit,
1400 1585 1481 1612 Vobis
1491 1584 1619 1611 dormtum
1630 1586 1681 1616 est,
1695 1584 1727 1610 ut

928 1639 977 1665 pro
1011 1631 1115 1658 Christo
1149 1631 1306 1664 patiamini.
1335 1629 1528 1656 Animadverle
1550 1632 1643 1656 autem
1671 1627 1725 1660 hic,

928 1674 1070 1710 quomodo
1081 1682 1138 1702 non
1151 1674 1265 1708 dixerit,
1277 1673 1359 1707 socii,
1374 1673 1418 1701 sed
1428 1693 1435 1706 ,
1453 1673 1589 1707 consocii,
1603 1672 1726 1700 indicans

929 1727 958 1747 se
971 1719 1030 1747 aliis
1048 1719 1131 1746 etiam
1147 1719 1363 1747 communicare.
1377 1717 1492 1746 Perinde
1507 1726 1539 1745 ac
1556 1718 1582 1745 in
1595 1717 1649 1745 alio
1666 1717 1725 1744 loco

929 1764 979 1798 ait,
1008 1765 1042 1791 Ut
1056 1771 1163 1791 consors
1183 1764 1330 1797 Evangelii
1345 1765 1423 1798 ﬁam,
1439 1762 1490 1790 hoc
1510 1766 1560 1795 est,
1576 1763 1617 1790 Ut
1639 1762 1722 1797 parti-

929 1816 993 1844 ceps
1005 1807 1070 1836 ﬁam
1090 1808 1227 1836 bonorum
1243 1808 1382 1843 Evangelii
1407 1806 1632 1843 praedicatoribus
1644 1814 1724 1842 repo-

930 1853 1059 1882 sitorum.

966 1899 1051 1926 Vens.
1065 1901 1092 1926 8.
1111 1899 1197 1926 Testis
1211 1899 1280 1925 enim
1295 1897 1362 1924 mihi
1381 1899 1419 1924 est
1439 1899 1518 1928 Deus,
1539 1896 1670 1931 quomodo
1686 1903 1728 1922 cu-

928 1944 1004 1977 pium
1019 1950 1108 1969 omnes
1125 1950 1171 1969 vos
1185 1943 1212 1969 in
1221 1943 1366 1969 visceribus
1380 1943 1442 1969 Jesu
1452 1941 1564 1969 Christi.
1578 1942 1638 1968 Non
1654 1939 1727 1976 quod

928 1988 952 2015 ei
976 1995 1033 2015 non
1053 1986 1229 2015 adhiberetur
1252 1986 1330 2019 ﬁdes,
1351 1988 1440 2013 Deum
1463 1989 1562 2013 testem
1583 1984 1696 2013 adducit
1718 1994 1724 2012 ι

928 2032 975 2060 sed
990 2032 1053 2068 quia
1066 2039 1195 2068 maguum
1215 2031 1300 2058 animi
1315 2031 1356 2058 sui
1373 2030 1506 2058 affectum
1529 2029 1620 2058 verbis
1634 2029 1727 2065 expri-

928 2084 1003 2104 mere
1016 2084 1074 2104 non
1096 2080 1199 2112 posset,
1216 2077 1273 2103 Deo
1297 2075 1350 2103 hoc
1367 2075 1509 2111 relinquit,
1530 2074 1615 2102 corda
1636 2074 1728 2110 explo-

928 2121 1006 2149 ranti.
1025 2123 1126 2157 Estque
1153 2120 1205 2148 hoc
1230 2119 1342 2148 evidens
1366 2123 1561 2156 argumentum
1580 2127 1644 2147 eum
1668 2126 1726 2146 esse

928 2174 1052 2194 veracem
1068 2176 1074 2194 :
1088 2173 1144 2193 non
1159 2165 1232 2192 enim
1248 2165 1270 2192 si
1287 2165 1327 2192 eis
1341 2164 1510 2198 adularetur,
1526 2166 1616 2192 Deum
1630 2171 1725 2191 vocas-

927 2215 969 2239 set
987 2214 1095 2239 testem.
1117 2212 1149 2238 In
1167 2210 1313 2237 visceribus
1330 2213 1426 2237 autem
1444 2208 1515 2236 dixit
1530 2210 1594 2235 Jesu
1614 2209 1725 2242 Christi,

890 2266 915 2298 ί)
930 2255 983 2283 hoc
1000 2259 1051 2290 est,
1071 2263 1128 2283 non
1146 2254 1182 2282 ob
1201 2254 1350 2282 humanam
1365 2253 1521 2289 quampiam
1540 2252 1729 2281 commodita—

928 2305 995 2334 tem,
1011 2308 1061 2328 nec
1075 2300 1139 2336 quia
1162 2299 1357 2327 trausmisistis
1381 2297 1448 2326 mihi
1473 2297 1571 2334 quibus
1593 2297 1727 2325 haberem

930 2353 1008 2380 opus,
1024 2344 1074 2372 sed
1098 2344 1133 2372 ob
1156 2344 1277 2372 divinam
1302 2343 1485 2371 dilectionem.
1505 2342 1551 2371 Vel
1571 2342 1634 2378 quia
1650 2346 1730 2378 pater

931 2393 1017 2417 vester
1032 2388 1119 2416 iactus
1135 2396 1182 2424 per
1197 2388 1281 2416 ﬁdem
1297 2388 1324 2416 in
1344 2387 1497 2422 Christum,
1514 2387 1618 2416 viscera
1638 2387 1727 2415 habeo

930 2441 994 2469 erga
1007 2441 1064 2468 vos,
1078 2441 1135 2461 non
1153 2433 1299 2467 naturalia,
1316 2432 1366 2460 sed
1380 2432 1472 2468 qualia
1493 2432 1618 2461 Christus
1631 2432 1729 2468 genui-

931 2480 975 2508 nis
992 2481 1050 2508 suis
1064 2480 1147 2508 servis
1167 2479 1300 2515 impertit,
1322 2479 1518 2516 generantibus
1536 2479 1593 2515 ipse
1612 2480 1734 2515 Evange-

932 2525 959 2552 lii
970 2525 1050 2553 ﬁlios.
1059 2525 1164 2552 Omnes
1175 2528 1268 2552 autem
1280 2523 1408 2552 desidero
1423 2529 1450 2552 et
1465 2524 1642 2553 vehementer
1656 2532 1729 2558 amo,

933 2568 1157 2605 quandoquidem
1180 2573 1208 2596 et
1222 2577 1319 2597 omnes
1334 2569 1403 2597 tales
1422 2569 1496 2597 estis.

966 2615 1058 2642 Vens.
1075 2617 1101 2642 9.
1114 2616 1149 2642 Et
1160 2614 1210 2642 hoc
1224 2622 1282 2648 oro,
1298 2617 1328 2641 ut
1344 2615 1464 2642 Charitas
1475 2616 1565 2641 vestra
1575 2611 1660 2647 A30
1674 2621 1731 2640 ma-

931 2660 973 2694 gis
987 2666 1018 2687 ac
1038 2660 1133 2694 magis
1146 2659 1276 2687 abundet.
1299 2659 1415 2688 Etiamsi
1439 2659 1477 2687 ita
1499 2658 1642 2686 adamatus
1660 2661 1722 2684 erat

791 2770 886 2801 Variae
910 2770 1058 2801 lectiones.

116 2824 138 2841 ²²
162 2824 329 2860 τεκμαίρομαι
343 2832 369 2853 ο.
409 2823 432 2842 ³⁸
443 2824 495 2851 οὐδ’
509 2831 537 2853 0.

575 2824 596 2842 ¹⁴
613 2825 774 2861 μονιμώτατοι
788 2832 814 2854 0.
852 2825 875 2842 ²⁵
888 2824 936 2861 γὰρ
950 2833 977 2854 ο.
1014 2825 1037 2842 ’θ
1051 2825 1208 2861 παρακατιὼν
1219 2832 1246 2854 0.

1285 2823 1306 2841 ⁷⁷
1319 2822 1389 2854 οὗτος
1399 2830 1426 2851 o.
