1886 3082
193 200 259 226 H23

712 198 969 226 THEOPHYLACTI
989 196 1166 225 BULGARLE
1185 197 1341 225 ARCHIEP.

1778 198 1840 224 1124

191 261 265 289 enim
283 261 378 289 illinc:
397 273 409 286 α
435 263 548 289 Honora
578 264 685 297 patrem
713 265 795 289 tuum
818 265 845 288 et
869 265 984 289 matrem

1082 259 1139 293 τοὺς
1158 262 1204 295 τῆς
1218 261 1335 300 Γραιρῆς⁸
1351 259 1515 298 μαθήσονται
1537 259 1588 300 γὰρ
1603 260 1701 289 ἐκεῖθεν
1713 271 1720 278 ’
1739 273 1751 285 ι
1768 259 1841 300 Τίμα

191 310 278 334 tuam.
297 318 309 330 ιι
330 308 405 334 Itane
419 306 568 341 gentilibus
584 305 757 334 sermonibus
779 305 879 333 educas
899 306 987 333 tilium

189 354 280 383 tuum,
294 358 327 378 ex
347 351 449 387 quibus
462 351 576 386 pessima
598 358 715 387 qumque
729 350 876 385 docentur,
889 350 988 378 divinis

189 399 282 424 autem
294 395 467 424 sermonibus
479 403 535 424 non
557 396 642 424 item?

225 483 313 510 Vens.
338 485 364 510 5.
382 494 394 507 ι
411 482 496 516 Servi,
512 482 620 510 obedite
636 482 758 510 dominis
783 481 948 509 carnalibus.
971 491 986 507 »

190 527 258 562 Quia
277 531 304 555 et
324 535 466 555 servorum
482 527 566 555 virtus
580 527 615 555 ad
635 527 743 555 familiae
761 527 986 554 constitutionem

191 572 309 608 pertinet
323 580 438 608 eamque
459 572 575 608 perﬁcit,
598 579 633 599 ne
651 571 721 599 hanc
747 571 860 607 quidem
880 575 986 606 partem

191 617 302 653 negligit
322 625 329 643 :
354 617 401 645 sed
426 617 458 645 ad
476 617 547 645 hanc
562 621 701 652 postremo
712 616 795 650 venit,
817 616 986 652 quandoqui-

189 661 255 689 dem
283 666 311 690 et
335 661 470 698 dignitate
489 666 626 697 postrema
646 662 690 688 sit.
706 662 769 688 Non
791 669 873 697 porro
893 665 986 688 autent

191 706 264 734 hisce
282 711 414 743 tanquam
436 706 554 742 parvulis
577 711 605 734 et
624 705 773 733 infantibus
796 705 914 739 disserit,
939 705 987 733 sed

188 755 320 787 tanquam
351 751 453 779 adultis
479 755 507 779 et
526 754 725 779 consummata:
754 750 854 782 aztatis,
877 750 987 786 perinde

188 804 221 824 ac
234 796 259 824 in
278 804 409 832 procursu
424 796 686 824 demonstrabimus.
709 795 844 823 Dominos
864 795 988 822 carnales

187 840 315 868 dominos
328 841 509 876 temporarias
521 844 609 868 vocat.
628 841 727 868 Statim
742 839 816 867 enim
832 847 879 867 eos
894 847 989 867 conso-

187 885 272 919 latur,
286 885 481 920 temporariam
497 885 576 913 istam
588 885 748 912 servitutem
763 892 822 912 esse
837 883 987 912 ostendens

187 934 214 958 ct
227 938 287 966 quae
297 938 360 958 cum
370 938 452 958 carne
464 925 546 958 simul
560 930 735 958 dissolvatur.

224 984 238 1001 «
250 975 319 1003 Cum
334 975 436 1003 timore
455 983 487 1002 ac
502 978 636 1009 tremore,
661 974 688 1002 in
713 974 884 1010 simplicitate
894 973 985 1002 cordis

188 1020 280 1053 vestri,
295 1019 368 1048 sicut
389 1019 508 1048 Christo.
535 1031 547 1044 »
563 1021 605 1047 De
629 1019 745 1047 muliere
768 1019 849 1046 verba
872 1019 984 1051 faciens,

187 1065 348 1100 simpliciter
362 1064 442 1097 dixit,
454 1070 484 1092 ut
499 1064 630 1092 maritum
645 1068 750 1092 metuat
764 1073 770 1092 :
785 1064 829 1091 hic
842 1071 907 1091 vero
921 1071 985 1091 cum

187 1109 402 1145 exaggeratione.
420 1110 537 1137 Tremor
557 1109 631 1137 enim
659 1113 701 1136 est
723 1109 828 1136 timoris
855 1108 984 1136 intensio.

187 1155 268 1182 Uxor
289 1154 364 1182 enim
389 1154 492 1182 marito
517 1162 566 1190 par
589 1158 640 1185 est.
667 1153 842 1189 ejusdemque
863 1161 928 1181 cum
952 1161 984 1180 eo

188 1198 310 1233 honoris,
325 1203 353 1226 et
365 1199 446 1227 libera
465 1203 507 1226 est
523 1208 530 1226 :
545 1199 617 1226 servi
637 1203 729 1226 autem
754 1206 811 1226 non
831 1202 895 1225 sunt
912 1197 986 1234 ejus-

187 1243 250 1271 dem
282 1243 404 1271 honoris.
437 1243 571 1280 Quamvis
597 1243 669 1271 enim
701 1242 798 1271 fratres
830 1242 985 1270 secundum

184 1287 323 1316 Christum
346 1293 426 1322 sunt;
447 1296 512 1316 cum
534 1293 630 1316 tamen
646 1287 747 1315 liberos
762 1287 880 1315 alterum
903 1287 983 1314 alteri

183 1332 295 1361 obedire
320 1333 450 1368 przecipit,
473 1333 596 1369 adeoque
622 1340 738 1360 uxorem
760 1331 870 1363 marito,
896 1331 984 1359 multo

187 1378 276 1414 magis
290 1386 383 1406 servos
396 1377 520 1406 dominis
535 1386 631 1414 parere
641 1377 707 1405 vult.
724 1379 821 1413 Neque
836 1377 911 1404 enim
926 1377 985 1404 haec

186 1431 228 1451 res
241 1423 350 1460 generis
369 1423 522 1451 obscuritas
536 1427 588 1456 est,
612 1423 660 1450 sed
676 1423 763 1458 prima
779 1422 870 1457 potius
884 1422 985 1449 nobili-

187 1472 237 1502 tas,
264 1469 371 1496 novisse
403 1475 432 1496 se
468 1467 612 1496 moderate
649 1475 752 1503 gerere,
778 1471 860 1503 atque
888 1467 984 1494 cedere

185 1513 321 1549 proximo.
336 1513 404 1548 Quia
424 1520 487 1540 vero
506 1521 564 1540 non
586 1512 662 1548 pauci
685 1511 815 1539 dominos
836 1519 901 1539 suos
924 1519 984 1539 me-

186 1561 277 1591 tuunt,
291 1566 347 1585 non
356 1566 389 1585 ex
399 1557 589 1585 benevolentia
600 1561 706 1589 tamen,
717 1555 764 1583 sed
778 1555 888 1590 quando
903 1555 985 1584 latere

185 1607 295 1638 queant,
315 1601 427 1630 insidias
449 1602 490 1629 eis
510 1605 631 1634 struunt,
657 1605 685 1628 et
708 1599 895 1628 fraudulenter
921 1609 985 1628 cum

1043 305 1086 334 τὸν
1115 305 1218 344 πατέρα
1245 317 1306 341 σου,
1334 305 1380 334 καὶ
1405 304 1454 340 τὴν
1479 304 1583 343 μητέρα
1615 316 1673 335 σου.
1705 318 1717 329 ι·
1758 304 1839 338 Εἶτα,

1044 350 1212 385 Ἑλληνικοῖς
1237 351 1285 388 μὲν
1309 349 1397 388 λόγοις
1426 349 1630 389 συνανατρέφεις
1658 349 1703 378 τὸν
1740 350 1839 385 παῖδα,

1042 394 1068 428 ἐξ
1092 390 1128 423 ὧν
1153 395 1241 424 πάντα
1264 394 1299 424 τὰ
1323 394 1444 434 χείριστα
1470 394 1640 432 διδάσκεται,
1666 396 1722 428 τοῖς
1748 394 1778 424 δὲ
1799 397 1841 422 τοῦ

1041 441 1111 469 Θεοῦ
1128 440 1212 469 οὐκέτι
1222 452 1230 476 ;

1081 498 1093 510 α
1109 485 1143 514 Οἱ
1157 485 1259 520 δοῦλοι,
1274 483 1420 513 ὑπακούετε
1439 488 1493 518 τοῖς
1507 484 1576 514 κατὰ
1592 484 1681 523 σάρκα
1696 483 1807 524 κυρίοις.
1823 495 1836 510 n

1042 528 1154 564 Ἐπειδὴ
1171 529 1216 558 καὶ
1236 530 1317 564 ἡτῶν
1342 531 1452 558 οἰκετῶν
1477 529 1559 569 ἀρετὴ
1584 530 1620 562 εἰς
1644 528 1777 558 σύστασιν
1800 531 1840 563 τῆς

1057 574 1064 585 3
1086 574 1092 583 Ι
1264 574 1280 602 λ
1293 575 1306 582 αι
1364 573 1402 584 ’Νι
1462 573 1469 583 Ι
1571 576 1587 583 ~
1638 573 1645 583 I
1738 575 1744 584 ,
1813 577 1822 581 -
1833 584 1838 590 '

1042 585 1124 607 οικιας
1185 585 1262 603 συντε
1282 585 1321 609 ει,
1346 582 1405 603 oues
1424 585 1518 603 τουτου
1542 586 1587 603 του
1611 585 1708 614 μερους
1731 573 1822 611 αμελει

1042 618 1100 647 ἀλλ’
1127 618 1233 658 ἔρχεται
1261 618 1306 648 καὶ
1338 618 1381 647 ἐπὶ
1405 621 1482 647 ’τοῦτο
1514 618 1647 658 ἔσχατον,
1677 618 1770 653 ἐπειδὴ
1799 617 1839 646 καὶ

1041 661 1154 702 ἔσχατόν
1180 665 1237 692 ἐστι
1261 665 1299 703 τῷ
1327 662 1467 700 ἀξιώματι.
1503 663 1603 693 Οὐκέτι
1627 662 1654 691 δὲ
1683 663 1784 695 τούτοις
1807 664 1838 694 ὡς

1041 708 1155 741 παιδίοις
1177 707 1282 743 νηπίοις
1307 708 1476 745 διαλέγεται,
1503 709 1562 736 ἀλλ’
1584 710 1620 741 ὧς
1634 708 1758 741 τελείοις,
1774 707 1838 735 καθᾶ

1041 754 1176 793 προϊόντες
1203 753 1331 790 δείξομεν.
1371 752 1450 782 Κατὰ
1478 753 1565 792 σάρκα
1594 753 1621 782 δὲ
1648 752 1766 790 κυρίοις,
1791 755 1838 783 τοῖς

1041 798 1212 837 προσκαίροις
1233 798 1325 838 φησίν.
1344 796 1430 830 Εὐθὺς
1447 797 1499 837 γὰρ
1514 799 1713 836 παραμυθεῖται
1728 797 1819 829 αὐτοὺς
1830 817 1837 829 ,

1041 842 1202 882 πρόσκαιρον
1232 842 1368 876 ὑποδείξας
1395 841 1444 878 τὴν
1469 842 1606 878 δουλείαν,
1634 841 1681 871 καὶ
1707 844 1741 882 τῇ
1767 840 1838 880 σαρκὶ

1043 888 1295 927 συγκαταλυομένην
1302 911 1308 918 ,

1088 985 1102 1003 (ι
1117 973 1194 1004 Μετὰ
1209 973 1290 1014 φόϐου
1313 973 1357 1002 καὶ
1373 974 1472 1014 τρόμου
1483 996 1492 1012 ,
1509 975 1533 1003 ἐν
1557 973 1689 1008 ἁπλότητι
1708 974 1757 1007 τῆς
1778 983 1839 1009 καρ-

1040 1019 1097 1052 δίας
1119 1021 1192 1058 ὑμῶν
1205 1041 1213 1054 ,
1228 1021 1264 1052 ὡς
1283 1020 1321 1057 τῷ
1343 1019 1463 1058 Χριστῷ.
1481 1031 1493 1044 ι
1509 1017 1573 1048 Ἐπὶ
1598 1017 1646 1056 μὲν
1661 1019 1709 1052 τῆς
1724 1016 1840 1055 γυναικὸς

1041 1064 1131 1096 ἁπλῶς
1146 1059 1228 1099 εἶπεν,
1246 1075 1259 1091 α
1275 1061 1335 1094 Ἵνα
1350 1063 1465 1103 φοϐῆται
1480 1063 1527 1103 τὸν
1537 1063 1620 1101 ἄνδρα
1636 1073 1642 1080 ·
1656 1074 1671 1089 )›
1690 1063 1804 1090 ἐνταῦθα
1815 1061 1840 1089 δὲ

1041 1111 1099 1147 μετ’
1126 1109 1282 1142 ἐπιτάσεως.
1299 1108 1334 1138 Ὁ
1355 1100 1406 1148 γὰρ
1427 1100 1527 1147 τρόμος
1550 1100 1670 1140 ἐπίτασις
1688 1105 1784 1146 φόϐου.
1808 1105 1838 1135 Ἥ

1041 1153 1088 1191 μὲν
1115 1153 1166 1193 γὰρ
1191 1154 1276 1191 γυνὴ,
1303 1154 1431 1192 ὁμότιμος
1453 1153 1492 1193 τῷ
1519 1152 1594 1191 ἀνδρὶ
1619 1151 1665 1180 καὶ
1696 1151 1839 1190 ἐλευθέρα’

1040 1200 1063 1227 οἱ
1092 1198 1119 1228 δὲ
1148 1199 1250 1235 δοῦλοι,
1281 1200 1310 1227 οὐ
1340 1200 1387 1233 τῆς
1413 1198 1493 1233 αὐτῆς
1521 1199 1612 1234 τιμῆς.
1654 1197 1688 1225 Εἴ
1717 1195 1771 1234 γὰρ
1799 1195 1838 1224 καὶ

1040 1243 1147 1283 ἀδελφοὶ
1171 1242 1240 1272 κατὰ
1262 1243 1379 1282 Χριστόν
1406 1243 1488 1277 εἰσιν,
1514 1241 1572 1271 ἀλλ’
1597 1240 1689 1275 ἔπειδὴ
1716 1240 1766 1271 καὶ
1787 1240 1839 1271 τοὺς

1039 1289 1188 1327 ἐλευθέρους
1209 1287 1333 1322 ἀλλήλοις
1358 1287 1556 1317 ὑποτάσσεσθαι
1578 1285 1695 1320 κελεύει,
1720 1285 1770 1314 καὶ
1798 1285 1838 1318 τὴν

1039 1333 1152 1372 γυναῖκα
1168 1334 1205 1371 τῷ
1227 1333 1314 1372 ἀνδρὶ,
1338 1333 1430 1371 πολλῷ
1453 1332 1554 1369 μᾶλλον
1574 1330 1634 1364 τοὺς
1659 1330 1770 1362 δούλους
1793 1334 1840 1361 τοῖς

1040 1378 1147 1417 κυρίοις.
1162 1376 1232 1405 Οὐδὲ
1256 1377 1307 1416 γὰρ
1329 1376 1466 1415 δυσγένεια
1488 1376 1518 1405 τὸ
1534 1375 1648 1414 πρᾶγμά
1663 1375 1737 1404 ἐστιν
1748 1397 1757 1410 ,
1776 1373 1839 1402 ἀλλὰ

1040 1423 1141 1459 μᾶλλον
1165 1421 1260 1460 πρώτη
1278 1421 1414 1459 εὐγένεια,
1437 1420 1467 1449 τὸ
1491 1421 1587 1449 εἰδέναι
1612 1419 1785 1458 μετριάζειν,
1800 1420 1839 1447 καὶ

1041 1466 1107 1507 [τὸ]
1124 1466 1202 1495 εἴκειν
1224 1468 1262 1505 τῷ
1285 1465 1408 1502 πλησίον.
1436 1464 1516 1495 Ἐπεὶ
1538 1465 1565 1494 δὲ
1580 1463 1675 1494 πολλοὶ
1697 1463 1841 1501 φοϐοῦνται

1040 1510 1088 1550 μὲν
1101 1506 1170 1544 erebi;
1199 1510 1343 1546 δεσπότας,
1369 1512 1417 1539 οὐκ
1439 1509 1465 1543 ἐξ
1489 1509 1590 1542 εὐνοίας
1616 1508 1664 1545 δὲ,
1690 1508 1755 1536 ἀλλ’
1783 1506 1839 1536 ὅταν

1039 1556 1164 1591 λάθωσιν,
1180 1554 1394 1584 ἐπιϐουλεύουσιν
1417 1555 1506 1587 αὐτοῖς
1521 1554 1567 1584 καὶ
1582 1555 1763 1592 κακουργοῦσι
1777 1575 1786 1590 ,
1802 1553 1840 1581 διὰ

1039 1603 1116 1630 τοῦτο
1132 1600 1302 1640 προστίθησιν
1315 1611 1322 1618 ·
1341 1611 1356 1629 (ι
1377 1599 1424 1629 Ἐν
1441 1599 1574 1635 ἁπλότητι
1588 1598 1698 1639 καρδίας
1711 1622 1718 1634 ⁷
1740 1610 1753 1624 ι
1771 1598 1840 1626 ἄναι-

185 1637 224 1674 eis
239 1650 336 1682 agunt;
352 1646 426 1680 ideo,
452 1657 465 1670 ι
482 1647 514 1674 ln
525 1645 698 1682 simplicitate
712 1644 814 1676 cordis,
835 1656 848 1669 ν
860 1645 984 1681 apponit,

1082 1658 1091 1673 ν
1107 1645 1154 1680 τὴν
1169 1646 1329 1684 κακουργίαν
1336 1669 1342 1674 .

185 1690 400 1719 fraudulentiam
415 1691 524 1718 tollens.

220 1737 308 1764 Vens.
328 1739 354 1764 6.
377 1747 390 1760 «ι
411 1736 473 1763 Non
489 1735 524 1763 ad
543 1735 654 1763 oculum
667 1735 824 1769 servientes,
840 1735 917 1771 quasi
931 1735 983 1763 ho-

185 1781 306 1809 minibus
321 1781 471 1816 placentes.
495 1792 508 1805 ν
525 1781 586 1808 Hoc
601 1784 650 1814 est,
666 1788 722 1808 non
737 1784 844 1808 tantum
862 1788 983 1816 praesen—

185 1826 258 1854 tibus
272 1825 392 1854 dominis
407 1829 435 1854 et
453 1824 620 1860 videntibus,
642 1824 690 1853 sed
703 1824 861 1853 absentibus
876 1833 984 1861 quoque

184 1870 284 1899 eodem
304 1870 387 1899 modo
401 1871 507 1898 servite.

221 1928 234 1940 ε
251 1915 304 1944 Sed
324 1920 355 1944 ut
378 1916 447 1944 servi
463 1915 577 1944 Christi.
603 1927 616 1938 υ
637 1915 691 1950 Qui
711 1915 803 1950 itaque
826 1914 984 1942 hominibus

184 1961 285 1996 placet,
311 1968 368 1988 non
391 1965 432 1988 est
453 1968 548 1988 servus
570 1959 683 1993 Christi,
706 1964 737 1986 nt
762 1964 788 1986 et
808 1959 836 1986 in
859 1959 912 1986 alio
924 1959 984 1986 loco

183 2005 260 2039 dicit,
277 2015 283 2033 :
305 2017 318 2030 ιι
334 2005 361 2033 Si
371 2005 530 2033 hominibus
544 2005 693 2040 placerem,
709 2003 811 2032 Christi
820 2011 914 2032 servus
928 2011 984 2031 non

183 2058 272 2079 essem
286 2055 308 2077 '.
326 2062 339 2074 ι

222 2105 236 2121 (ι
257 2095 397 2123 Facientes
420 2094 588 2122 voluntatem
602 2094 655 2122 Dei
676 2102 706 2121 ex
719 2094 813 2121 animo
835 2101 898 2121 cum
911 2093 982 2121 bona

183 2139 333 2167 voluntate.
350 2148 365 2166 »
378 2139 445 2174 Quia
455 2143 547 2174 potest
561 2138 658 2174 aliquis
670 2138 699 2165 in
707 2138 880 2174 simplicitate
893 2138 984 2166 cordis

183 2187 210 2212 et
222 2184 290 2211 citra
304 2183 399 2212 dolum
412 2183 524 2217 servire,
546 2191 597 2211 nec
612 2187 705 2210 tamen
725 2182 855 2210 omnibus
869 2182 982 2215 viribus,

182 2229 228 2258 sed
239 2234 344 2257 certum
358 2228 554 2256 tantummodo
569 2233 597 2256 et
609 2227 754 2256 definitum
767 2235 836 2262 opus
858 2227 983 2263 persequi

1080 1741 1092 1754 κ
1110 1726 1156 1763 Μὴ
1178 1727 1237 1756 κατ’
1253 1725 1494 1767 ὄφθαλμοδουλείαν
1506 1748 1514 1762 ,
1531 1727 1568 1757 ὥς
1584 1724 1815 1765 ἀνθρωπάρεσκοι.
1830 1738 1838 1748 ι

1039 1772 1186 1808 Τουτέστι,
1213 1771 1250 1809 μὴ
1283 1771 1360 1810 μόνον
1386 1771 1524 1810 παρόντοιν
1549 1771 1601 1799 τῶν
1628 1771 1768 1799 δεσποτῶν
1799 1769 1839 1798 καὶ

1038 1816 1182 1857 ὁρώντων,
1210 1816 1280 1846 ἀλλὰ
1308 1816 1354 1845 καὶ
1388 1814 1524 1852 ἀπόντων,
1552 1814 1635 1848 οὕτως
1661 1815 1753 1848 αὐτοῖς
1783 1815 1838 1843 δου-

1039 1862 1125 1892 λεύετε
1132 1885 1137 1890 .

1081 1918 1094 1935 τι
1112 1906 1184 1936 Ἀλλ’
1207 1908 1242 1940 ὡς
1258 1907 1344 1936 δοῦλοι
1371 1908 1417 1935 τοῦ
1446 1906 1575 1946 Χριστοῦ.
1608 1915 1622 1933 ι)
1651 1904 1686 1934 Ὁ
1714 1905 1838 1944 ἀνθρωπ-

1038 1951 1147 1990 άρεσκος
1162 1952 1191 1981 οὖ
1207 1952 1295 1984 δοῦλος
1317 1953 1363 1980 τοῦ
1383 1951 1515 1989 Χριστοῦ,
1532 1949 1622 1989 ὥσπερ
1647 1949 1694 1978 καὶ
1719 1951 1837 1986 ἀλλαχοῧ

1038 1997 1107 2034 λέγει
1121 2008 1127 2015 ·
1146 2008 1161 2025 (ι
1179 1997 1213 2026 Εἰ
1227 1995 1374 2035 ἀνθρώποις
1395 1995 1508 2036 ἤρεσκον
1518 2019 1526 2032 ,
1551 1995 1669 2034 Χριστοῦ
1685 1994 1780 2026 δοῦλος
1794 1994 1837 2022 οὐκ

1039 2041 1070 2070 ἂν
1085 2041 1168 2079 ἤμην.
1189 2052 1203 2069 ι

1081 2098 1096 2113 ιι
1122 2087 1263 2119 Ποιοῦντες
1286 2085 1315 2115 τὸ
1331 2085 1435 2123 θέλημα
1458 2088 1504 2114 τοῦ
1522 2086 1593 2114 Θεοῦ
1619 2085 1649 2112 ἔκ
1674 2084 1765 2123 ψυχῆς
1783 2083 1837 2119 μετ’

1038 2130 1138 2164 εὐνοίας
1153 2131 1190 2161 ⁸⁷.
1207 2142 1220 2160 ι)
1241 2129 1355 2166 Ἐπειδὴ
1376 2130 1432 2159 ἔστι
1451 2129 1499 2168 μὲν
1525 2130 1550 2158 ἐν
1576 2128 1710 2163 ἁπλότητι
1731 2127 1836 2167 καρδίας

1037 2176 1082 2205 καὶ
1106 2175 1206 2209 ἀδόλως
1221 2174 1365 2211 δουλεύειν,
1391 2174 1428 2213 μὴ
1455 2174 1546 2212 μέντοι
1568 2185 1598 2212 γε
1669 2172 1745 2211 πάσῃ
1759 2170 1835 2200 δυνά-

1039 2232 1101 2258 μει,
1118 2220 1187 2249 ἀλλὰ
1208 2220 1286 2258 μόνον
1310 2220 1340 2249 τὸ
1365 2219 1548 2258 ἀφωρισμένον
1572 2218 1657 2248 ποιεῖν
1679 2216 1757 2257 ἔργον
1776 2227 1783 2234 ·
1797 2214 1835 2244 διὰ

183 2278 210 2302 et
226 2273 353 2310 perﬁcere
373 2284 378 2301 :
404 2273 475 2301 hanc
489 2273 525 2301 ob
543 2281 603 2301 rem
620 2272 733 2308 apponit
743 2260 813 2308 jam,
832 2283 846 2296 «
859 2260 910 2300 iEx
924 2260 983 2299 ani-

1082 2269 1115 2294 ῐτο
1130 2265 1287 2305 προστίθησι
1302 2267 1346 2294 νῦν
1358 2287 1366 2302 ,
1381 2278 1393 2291 ιι
1406 2265 1457 2294 Ἐκ
1471 2265 1566 2303 ψυχῆς,
1583 2276 1594 2289 ιι
1610 2260 1760 2297 τουτέστιν,
1773 2262 1802 2290 ἐκ
1812 2260 1834 2278 ⁵⁵

182 2327 240 2353 mo,
256 2331 269 2343 ιι
284 2319 336 2346 hoc
351 2323 401 2351 est,
417 2319 483 2346 totis
497 2318 601 2345 viribus
615 2321 641 2345 et
648 2317 733 2345 animi
745 2317 978 2353 promptitudine:

181 2363 249 2397 imo,
273 2374 286 2388 η
316 2371 381 2390 cum
410 2362 599 2390 benevolentia
630 2362 733 2395 etiam,
764 2361 816 2389 hoc
841 2365 883 2389 est
908 2361 981 2388 ultro

182 2412 210 2436 et
223 2411 331 2443 sponte,
356 2415 412 2435 non
432 2407 465 2434 vi.
487 2408 548 2434 Hoc
564 2406 649 2434 modo
670 2407 810 2434 servitutis
824 2405 981 2443 ignobilitas

180 2452 298 2486 tollitur,
322 2452 346 2480 si
370 2451 525 2480 voluntario
552 2451 657 2480 bonum
688 2451 788 2479 faciant
816 2450 896 2484 servi,
924 2458 981 2478 non

181 2501 365 2532 exspectantes
399 2497 590 2525 necessitatem
621 2500 649 2524 et
675 2496 771 2531 flagra.
805 2495 981 2523 Volnntatem

179 2546 273 2570 autem
286 2541 336 2569 Dei
347 2541 387 2569 vel
398 2542 584 2570 obedientiam
598 2545 692 2568 vocate
706 2540 774 2575 (vult
788 2540 862 2567 enim
875 2540 979 2567 bonam

180 2595 273 2615 rerum
282 2587 506 2615 constitutionem
519 2591 546 2615 et
561 2585 687 2613 ordinem
700 2587 795 2618 Deus),
812 2585 864 2618 vel,
879 2586 910 2612 In
925 2584 979 2611 illis

180 2632 289 2660 obedite
300 2631 422 2660 dominis
441 2632 546 2665 vestris,
563 2630 591 2657 in
600 2629 699 2665 quibus
713 2631 789 2657 Deus
805 2637 854 2657 vos
868 2637 978 2656 morem

181 2677 238 2705 vult
255 2686 360 2714 gerere.
376 2678 504 2705 Fortasse
528 2675 612 2710 cnim,
631 2678 662 2702 ut
675 2678 701 2702 ct
715 2674 748 2702 de
765 2673 856 2703 liberis
870 2673 977 2702 dictum

215 2744 227 2757 ν
243 2739 337 2767 Galat.
351 2745 374 2773 ι,
390 2741 433 2765 1o.

1035 2310 1123 2346 πάσης
1148 2312 1196 2345 τῆς
1233 2310 1368 2348 δυνάμεως
1402 2309 1449 2338 καὶ
1476 2307 1645 2348 προθυμίας·
1674 2306 1744 2335 ἀλλὰ
1773 2305 1833 2339 καὶ,

1038 2367 1052 2383 α
1070 2357 1137 2385 Μετ’
1151 2354 1268 2392 εὐνοίας,
1290 2366 1305 2384 ))
1323 2353 1464 2389 τουτέστι,
1491 2352 1561 2391 μετὰ
1584 2351 1674 2387 πάσης
1697 2351 1828 2389 ἀποδοχῆς

1035 2400 1081 2429 καὶ
1099 2399 1275 2438 αὐθαιρέτως,
1294 2398 1332 2438 μὴ
1347 2398 1401 2428 ἀπὸ
1416 2398 1485 2437 βίας.
1504 2397 1586 2428 Οὕτω
1607 2396 1653 2425 καὶ
1666 2397 1684 2431 ἡ
1702 2395 1832 2434 δυσγένεια

1034 2447 1082 2480 τῆς
1111 2444 1230 2478 δουλείας
1262 2447 1454 2484 περιαιρεῖται,
1483 2442 1528 2471 ἐὰν
1566 2441 1669 2473 ἑκόντες
1696 2439 1727 2469 τὸ
1757 2437 1830 2468 καλὸν

1034 2491 1145 2520 ποιῶσιν
1159 2490 1183 2519 οἱ
1207 2482 1312 2527 δοῦλοι,
1336 2488 1382 2518 καὶ
1397 2487 1435 2526 μὴ
1459 2485 1636 2526 περιμένωσιν
1651 2484 1771 2522 ἀνάγκην
1791 2482 1832 2511 καὶ

1036 2534 1179 2574 μάστιγας.
1211 2534 1327 2572 Θέλημα
1364 2532 1392 2561 δὲ
1420 2533 1510 2570 Θεοῦ,
1539 2531 1557 2566 ἣ
1586 2531 1616 2559 τὸ
1643 2529 1834 2559 ὑποτάσσεσθαι

1035 2580 1127 2617 (τοῦτο
1141 2578 1192 2618 γὰρ
1209 2577 1278 2607 θέλει
1302 2580 1316 2607 ὃ
1339 2576 1425 2613 Θεὸς,
1441 2575 1490 2611 τὴν
1509 2574 1629 2608 εὐταξίαν
1641 2574 1663 2613 ),
1679 2573 1696 2608 ἢ
1708 2597 1715 2610 ,
1735 2574 1773 2618 ὅτι
1790 2573 1831 2618 Ei:

1035 2624 1122 2653 ἐκεῖνοι
1145 2623 1343 2660 ὑποτάσσεσθε,
1365 2623 1389 2651 οἱ
1414 2622 1520 2660 δοῦλοι,
1542 2624 1596 2652 τοῖς
1623 2618 1722 2658 κυρίοις
1746 2617 1780 2653 ⁵³,
1798 2617 1830 2645 εἷς

1034 2669 1050 2697 ἃ
1064 2669 1131 2698 θέλει
1149 2670 1162 2696 ὁ
1177 2667 1254 2700 Θεός.
1269 2667 1358 2707 Τυχὸν
1377 2665 1439 2706 γὰρ,
1453 2664 1519 2705 ὅπερ
1540 2664 1586 2694 καὶ
1603 2663 1648 2694 ἐπὶ
1669 2665 1722 2692 τῶν
1737 2662 1829 2691 τέκνων

881 2793 976 2822 Variae
1009 2793 1158 2822 lectiones.

220 2852 242 2868 ⁶⁶
253 2849 395 2884 οἰκονομίας
403 2857 430 2878 o.
474 2849 495 2866 ⁸⁷
509 2848 635 2884 εὐμενείας
645 2856 671 2876 ο.
711 2849 733 2866 (³⁸
748 2848 809 2884 μετὰ
824 2856 850 2876 0.

890 2847 912 2864 ω
933 2847 1062 2877 δεσπόταις
1074 2854 1101 2874 o.
