1886 3082
45 170 105 195 H25

483 170 656 198 EXPOSITIO
676 170 707 197 ΙΝ
729 170 830 197 EPIST.
852 170 897 197 AD
917 171 1037 199 EPHES.
1059 186 1094 191 —
1112 172 1187 198 CAP.
1208 171 1251 214 Vl.

1607 171 1675 198 H26

42 230 148 269 εἴρηται,
170 231 204 262 εἰς
223 230 323 270 αἰσχροί
342 242 401 259 τινα
424 234 584 261 συνωθοῦσιν
600 232 626 249 ⁷⁰
641 232 664 260 οἱ
680 232 820 268 δεσπόται,
836 235 862 265 Α

915 254 927 267 .,
961 233 996 260 ad
1022 233 1109 269 turpia
1132 232 1260 269 quaedam
1289 232 1454 268 compellant
1482 232 1597 267 domini,
1634 233 1675 260 vel

41 274 54 308 ἢ
76 276 108 308 εἰς
134 274 275 310 ἀσέϐειαν,
301 274 378 305 ἅτινα
401 277 450 305 οὐχ
469 276 520 306 εἶσὶ
542 279 588 305 τοῦ
613 277 682 306 θείου
704 277 823 315 θελήμα-

39 331 85 352 τος.

74 365 257 398 «Δουλεύοντες
268 364 326 403 [ὡς]
336 367 374 405 τῷ
392 365 501 405 Κυρίῳ,
515 366 560 395 καὶ
573 367 620 395 οὐκ
635 367 791 406 ἀνθρώποις.
813 379 824 392 ι

41 409 116 441 Αὐτὸς
130 408 180 448 γὰρ
205 410 364 449 ἀναδέχεται
390 409 438 445 τὴν
461 412 527 450 πρὸς
550 411 609 444 τοὺς
632 411 761 444 δεσπότας
781 412 825 440 εὖ-

37 455 211 492 γνωμοσύνην,
234 457 270 488 ὡς
289 455 311 472 ⁷⁸
331 455 377 484 καὶ
401 455 449 490 τὴν
477 456 599 490 εὐταξίαν
624 457 801 495 νομοθετήσας
817 468 824 475 ο

37 499 76 527 χαὶ
95 500 108 527 ὁ
130 497 166 537 μὴ
181 498 282 534 τούτοις
301 501 336 534 ὣς
357 499 410 540 χρὴ
436 500 583 538 δουλεύων,
609 502 648 542 τῷ
669 501 730 542 θείῳ
751 501 825 541 νόμῳ

38 543 191 573 ἀνθίσταται.

75 599 89 616 ιι
104 589 222 627 Εἰδότεςὶ
245 589 286 619 ὅτι
307 590 321 620 ὃ
343 591 388 620 ἐάν
410 603 435 619 τι
453 591 564 624 ἕκαστος
587 592 688 630 ποιήσῃ
709 591 825 631 ἀγαθὸν,

37 635 105 662 τοῦτο
118 633 248 670 κομιεῖται
270 634 346 673 παρὰ
360 638 408 664 τοῦ
431 635 543 675 Κυρίου,
566 636 618 665 εἴτε
644 637 749 671 δοῦλος,
770 638 825 666 εἴτε

37 677 168 717 ἐλεύθερος.
187 689 201 706 »
235 678 348 716 Ἐπειδὴ
378 679 446 713 εἰκὸς
481 676 514 716 ἦν
542 680 652 714 πολλοὺς
680 681 824 717 δεσπότας,

39 719 161 758 Ἕλληνας
182 722 260 757 ὄντας
283 724 328 753 χαὶ
353 724 495 761 ἀπίστους,
511 726 595 762 μηδὲν
618 726 716 761 ἀγαθὸν
740 730 824 755 ποιεῖν

40 770 84 799 τοῖς
97 767 181 799 καλῶς
195 768 366 798 δουλεύουσιν
387 770 498 803 εἰχέταις
511 792 520 805 ,
536 770 627 810 φησὶν,
653 770 693 799 ὅτι
712 770 769 800 Κᾶν
787 770 824 807 μὴ

39 811 103 849 παρὰ
117 814 162 841 τοῦ
174 813 244 841 κατὰ
257 824 345 852 capita
359 813 385 831 ⁷³
401 814 528 844 δεσπότου
544 814 628 854 λάϐῃς
643 814 689 848 τὰς
701 815 825 852 ἀμοιϐὰς,

39 856 103 894 παρὰ
127 859 171 886 τοῦ
196 858 306 887 πάντων
329 858 466 888 Δεσπότου
492 860 611 898 ἓχδέχου.
636 860 770 889 Ἐνταῦθα
798 859 825 889 δὲ

38 898 141 937 ἔδειξεν,
167 902 207 931 ὅτι
223 903 259 935 ὡς
284 903 454 943 τελειοτέροις
479 905 567 937 αὐτοῖς
589 904 756 944 διαλέγεται,
780 904 825 933 χαὶ

38 945 80 984 οὐχ
100 947 133 979 ὡς
150 951 202 980 τοῖς
225 947 328 977 παισίν.
353 947 482 981 Ἐκείνοις
507 949 555 987 μὲν
582 949 633 988 γὰρ
658 949 705 984 τὴν
722 949 765 978 ἐπὶ
780 951 828 988 γῆς

39 988 192 1028 μαχροζωίαν
219 991 374 1031 προέτεινε,
400 992 506 1027 τούτους
536 993 564 1023 δὲ
587 994 652 1034 πρὸς
678 994 708 1023 τὸ
731 993 828 1033 μέλλον

38 1034 196 1076 παρέπεμψε.

72 1092 82 1104 ι
95 1079 146 1109 Καὶ
158 1081 181 1109 οἱ
195 1080 300 1121 κύριοι,
313 1082 347 1112 τὰ
364 1081 431 1111 αὐτὰ
445 1087 545 1112 ποιεῖτε
561 1082 626 1123 πρὸς
641 1082 745 1116 αὐτούς.
761 1096 773 1110 ι)
788 1101 828 1107 -—

39 1135 48 1147 ι
60 1123 98 1152 Τὰ
113 1125 190 1156 αὐτοί.
206 1139 219 1151 υ
245 1127 334 1162 Heia;
352 1127 418 1156 Μετ’
441 1128 542 1161 εὐνοίας
563 1128 712 1165 δουλεύετε,
728 1129 774 1157 καὶ
789 1129 827 1168 μὴ

39 1168 67 1200 ὡς
88 1170 321 1208 ἀνθρωπάρεσκοι,
347 1171 417 1200 ἀλλὰ
445 1171 514 1208 μετὰ
535 1172 616 1212 φόϐου
642 1173 688 1201 χαὶ
710 1173 825 1213 τρόμου,

38 1215 77 1241 τοῦ
98 1214 158 1252 πρὸς
179 1215 251 1246 Θεὸν
269 1215 382 1252 δηλαδή.
412 1216 468 1245 Κᾶν
487 1217 539 1256 γὰρ
555 1217 688 1252 αὐτολεξεὶ
712 1219 760 1247 οὐχ
783 1213 825 1247 εἶ-

37 1267 95 1292 πεν,
120 1258 189 1296 ὅμως
213 1263 298 1289 ταῦτα
323 1260 458 1299 βούλεται.
476 1261 601 1290 Δουλεύει
619 1261 670 1300 γὰρ
693 1262 738 1292 καὶ
753 1264 766 1291 ὁ
782 1264 825 1293 δε-

38 1301 125 1337 σπότης
139 1306 175 1342 τῷ
189 1304 290 1343 δούλῳ,
308 1306 442 1343 μεριμνῶν
465 1307 532 1345 ὑπὲρ
555 1308 634 1335 αὐτοῦ
647 1329 655 1343 ,
672 1306 718 1336 καὶ
738 1307 824 1337 πάντα

37 1345 64 1374 τὰ
91 1348 200 1386 χρειώδη
233 1349 358 1389 παρέχων
386 1349 424 1386 7³,
450 1350 495 1378 καὶ
525 1352 631 1387 ἁπλῶς,
668 1353 825 1390 ἀνεχόμενος

38 1391 121 1427 αὐτοῦ,
139 1394 183 1422 καὶ
207 1394 433 1431 συγκαταϐαίνων
459 1396 547 1434 αὐτῷ,
575 1396 620 1424 καὶ
642 1395 657 1424 8
679 1408 744 1435 φησι
769 1398 824 1427 Σο-

38 1434 132 1474 λομὼν,
148 1438 420 1478 συμπεριφερόμενος.
438 1437 530 1469 Ἄκουε
546 1442 597 1479 γὰρ
621 1440 667 1469 καὶ
690 1442 741 1469 τῶν
758 1442 826 1477 ἑξῆς·

75 1491 88 1508 ιι
104 1481 226 1516 Ἀνιέντες
241 1483 289 1518 τὴν
313 1483 434 1519 ἀπειλήν.
455 1495 469 1512 n
499 1485 557 1513 υῦχ
586 1480 675 1519 εἶπεν,
704 1484 826 1520 Ἀνιέντες

841 924 865 956 Β

879 277 912 305 da
952 277 1133 314 impietatem,
1174 285 1237 314 quae
1267 285 1324 305 non
1357 281 1423 305 sunt
1441 277 1540 306 divinae
1577 277 1675 306 volun-

879 323 953 350 tatis.

913 369 1002 396 Vens.
1018 371 1046 395 7.
1063 379 1076 392 ‹‹
1103 366 1255 395 Servientes
1269 367 1401 400 Domino,
1417 371 1446 395 et
1468 375 1524 394 non
1553 367 1675 395 homini-

880 413 940 440 bus.
959 425 971 437 η
985 414 1045 448 Ipse
1056 412 1128 439 enim
1139 412 1232 448 recipit
1238 419 1309 443 eam.
1323 419 1406 447 quam
1417 411 1540 440 dominis
1548 411 1679 440 exhibent

881 457 1086 494 gratitudinem,
1109 457 1210 493 quippe
1220 456 1268 493 qui
1286 456 1391 484 bonum
1407 456 1435 484 in
1449 456 1532 484 rebus
1553 457 1678 485 ordinem

881 503 938 538 lege
952 502 1082 530 sanxerit.
1101 503 1134 529 Et
1148 501 1194 538 qui
1209 500 1285 530 hisce
1304 509 1360 529 non
1379 501 1508 536 inservit,
1522 505 1554 529 ut
1566 509 1615 538 par
1626 506 1678 536 est,

881 547 980 576 divinae
995 547 1044 583 legi
1059 547 1172 575 resistit.

915 593 1002 620 Vens.
1019 595 1046 620 8.
1062 604 1074 617 ει
1092 592 1214 620 Scientes
1227 593 1300 628 quod
1322 592 1520 629 unusquisque,
1536 591 1677 628 quodcun-

880 645 933 671 que
960 637 1056 665 fecerit
1077 637 1190 671 bonum,
1216 636 1270 665 hoc
1291 637 1402 672 recipiet
1424 645 1439 665 a
1467 637 1599 671 Domino,
1623 637 1679 665 sive

881 690 986 716 servus,
1002 682 1060 710 sive
1086 681 1165 710 liber.
1186 693 1198 706 υ
1221 682 1290 716 Quia
1309 682 1457 710 verisimile
1478 686 1549 714 erat,
1577 682 1680 709 multos

881 726 1013 754 dominos
1025 727 1138 763 gentiles
1151 730 1178 754 et
1194 726 1319 754 inﬁdeles
1332 726 1399 754 nihil
1415 726 1478 754 honi
1493 727 1681 762 impertituros

879 772 963 800 servis
979 772 1027 808 qui
1048 771 1166 799 ﬁdeliter
1191 771 1366 805 inservirent,
1389 771 1514 805 Etiamsi,
1536 772 1635 806 inquit,
1664 779 1680 798 a

880 816 993 844 domino
1003 816 1153 844 secundum
1169 825 1282 844 carnem
1302 816 1409 844 nullam
1423 816 1679 852 compensationem

879 861 961 895 feras,
995 861 1029 889 ab
1062 862 1252 889 universorum
1276 865 1366 888 tamen
1396 861 1517 888 Domino
1541 864 1676 895 exspecta.

881 907 931 934 Hic
955 911 1048 934 autem
1070 905 1191 934 ostendit
1212 906 1286 941 quod
1309 905 1383 933 velut
1407 905 1616 941 perfectioribus
1639 905 1679 932 eis

883 951 1021 986 loquatur,
1046 955 1074 978 et
1096 958 1151 978 non
1177 950 1258 978 veluti
1285 950 1384 986 pueris.
1407 950 1463 977 lllis
1490 949 1564 976 enim
1588 949 1636 977 diu
1650 949 1680 976 in

882 996 964 1024 terris
979 997 1062 1023 vitam
1077 995 1240 1023 duraturam
1263 994 1444 1031 proponebat,
1472 994 1523 1022 hos
1536 997 1630 1022 autem
1644 993 1679 1022 ad

883 1041 1004 1069 futuram
1023 1041 1106 1069 vitam
1126 1040 1244 1068 remisit.

918 1087 1004 1114 Vens.
1020 1089 1047 1114 9.
1069 1097 1080 1108 ιι
1099 1087 1136 1113 Et
1155 1093 1212 1118 vos,
1228 1084 1343 1118 domini,
1359 1084 1453 1112 eadem
1462 1084 1632 1113 faciteillis»
1643 1100 1679 1105 —

885 1143 896 1155 α
915 1131 1028 1159 Eadem.
1046 1143 1058 1154 ι»
1072 1130 1186 1166 Qualia?
1206 1131 1247 1158 Ut
1262 1138 1327 1157 cum
1346 1129 1532 1158 benevolentia
1544 1129 1678 1164 servietis,

882 1180 909 1203 et
936 1183 993 1203 non
1016 1180 1146 1212 tanquam
1175 1175 1336 1202 hominibus
1364 1175 1512 1210 placentes,
1538 1174 1586 1202 sed
1615 1183 1679 1202 cum

883 1221 979 1248 timore
1003 1229 1034 1249 ac
1055 1225 1183 1254 tremore,
1202 1227 1265 1255 erga
1282 1221 1373 1247 Deum
1388 1219 1521 1247 videlicet.
1534 1219 1594 1246 Etsi
1606 1219 1679 1246 enim

882 1266 1016 1293 verbatim
1030 1273 1084 1293 non
1098 1265 1206 1296 dixerit.
1221 1269 1342 1292 attamen
1358 1265 1407 1292 ista
1419 1263 1488 1292 vult.
1508 1264 1594 1292 Servi!
1605 1263 1679 1291 enim

881 1310 1010 1338 dominus
1039 1318 1130 1343 servo,
1147 1317 1244 1337 curam
1268 1309 1326 1345 ejus
1358 1316 1465 1345 gerens.
1496 1308 1642 1344 omniaque
1655 1307 1678 1336 ei

879 1355 1029 1382 necessaria
1043 1354 1177 1390 praebens,
1189 1362 1220 1381 ac
1232 1353 1403 1388 simpliciter.
1432 1360 1497 1380 eum
1529 1352 1678 1385 sustinens,

881 1400 961 1434 eique
987 1399 1158 1432 condonans,
1181 1403 1208 1425 et
1223 1397 1298 1434 quod
1324 1398 1363 1425 ait
1389 1397 1532 1431 Salomon,
1557 1405 1622 1425 cum
1646 1405 1679 1425 eo

881 1444 959 1472 simul
973 1451 1031 1472 Sese
1049 1444 1249 1479 circumagens.
1266 1442 1337 1470 Audi
1353 1442 1426 1469 enim
1441 1449 1503 1478 quae
1515 1446 1676 1478 sequuntur.

918 1502 930 1514 ‹ι
941 1489 1124 1517 Remittentes
1133 1488 1231 1516 minas.
1245 1498 1257 1511 ιι
1270 1488 1332 1514 Non
1346 1486 1421 1520 dixit,
1435 1487 1616 1514 Remittentes
1634 1486 1680 1514 ﬂa-

37 1523 78 1570 ςτὴν
94 1527 207 1566 μάστιγα
217 1551 227 1564 ,
244 1527 324 1563 ἀλλὰ,
338 1528 391 1558 Καὶ
406 1528 487 1563 αὐτὴν
506 1543 516 1553 ε
531 1528 578 1564 τὴν
593 1529 716 1565 ἀπειλήν.
735 1544 746 1555 ι
761 1532 830 1561 [Ιολ-
846 1537 868 1568 C

915 1542 971 1567 um,
987 1533 1035 1561 sed
1043 1533 1124 1561 etiam
1135 1533 1208 1568 ipsas
1219 1543 1231 1555 α
1250 1531 1347 1559 minas.
1365 1543 1377 1555 ιι
1390 1532 1476 1559 Multo
1486 1531 1572 1567 magis
1587 1530 1681 1566 itaque

37 1568 70 1607 λῷ
86 1573 142 1609 γοῦν
166 1574 268 1609 μᾶλλον
291 1573 338 1607 τὴν
359 1573 504 1612 τιμωρίαν·
531 1573 664 1611 τουτέστι,
691 1576 770 1612 Μηδὲ
796 1578 823 1606 ἐν

37 1614 85 1647 ταῖς
98 1616 213 1650 ἀπειλαῖς
233 1617 321 1656 βαρεῖς
337 1617 469 1657 φαίνεσθε.

74 1670 85 1687 υ
103 1661 203 1695 Εἷδότες
228 1661 268 1690 ὅτι
283 1661 328 1690 καὶ
348 1663 421 1698 ὑμῶν
444 1663 530 1692 αὐτῶν
549 1665 564 1692 ὁ
590 1663 686 1703 Κύριός
708 1666 780 1694 ἐστιν
796 1667 822 1695 ἐν

36 1707 81 1736 τοῖς
91 1704 213 1745 οὐρανοῖς.
233 1720 245 1733 ››
263 1705 336 1746 "Ope
348 1728 355 1742 ,
373 1708 428 1740 πῶς
444 1707 526 1748 ῃοϐεῖ.
541 1722 553 1735 ιι
569 1702 608 1750 ἱᾮ
624 1702 713 1749 μέτρῳ
730 1724 741 1735 .
756 1715 820 1750 γὰρ,

37 1750 102 1785 φησὶ,
117 1763 127 1774 ι
139 1755 260 1791 μετρεῖς,
281 1752 535 1791 ἄντιμετρηθήσεταί
550 1764 606 1782 σοι’
620 1767 632 1779 ιο
656 1754 693 1788 μὴ
707 1755 823 1791 ἀκούσῃς

35 1793 134 1823 καὶσύθ
149 1809 160 1821 ι
178 1788 284 1835 Πονηρὲ
308 1788 400 1833 δοῦλε,
418 1801 508 1826 πᾶσαν
530 1798 577 1832 τὴν
599 1797 706 1838 ὀφειλὴν
732 1788 822 1839 ἀφῆέᾶ

36 1847 80 1875 σοι,
92 1839 136 1868 οὐκ
150 1840 201 1870 ἔδει
212 1841 259 1870 καὶ
274 1839 303 1870 σὲ
321 1841 431 1877 ἐλεῆσαι
444 1842 486 1871 τὸν
503 1841 642 1872 σύνδουλόν
658 1853 721 1880 σου;

70 1937 81 1951 ι
99 1926 148 1956 Καὶ
168 1928 383 1969 προσωποληψία
408 1929 455 1957 οὐχ
476 1928 533 1958 ἔστι
556 1930 620 1968 παρ’
637 1930 720 1969 αὐτῷ.
740 1942 754 1958 ν
775 1930 821 1966 Μὴ

35 1969 135 2014 νομίσῃς
146 1993 153 2007 ,
170 1974 265 2012 φησιν,
286 1973 326 2002 ὅτι
346 1975 391 2002 ἐὰν
409 1973 513 2009 ἀπηνὴς
528 1973 576 2012 ἔσῃ
592 1976 629 2013 τῷ
645 1973 731 2014 δούλῳ
742 1997 751 2013 ,
774 1976 822 2004 οὐκ

35 2012 185 2056 ἐξετασθήσῃ
208 2017 283 2057 παρὰ
310 2021 354 2047 τοῦ
382 2020 453 2048 Θεοῦ
478 2019 520 2047 διὰ
546 2018 576 2047 τὸ
601 2021 647 2047 τοῦ
679 2012 822 2057 προσώπου

36 2057 136 2093 εὐτελές.
162 2063 258 2091 Ταῦτα
276 2062 327 2102 γὰρ
351 2064 402 2092 τῶν
426 2061 475 2096 ἔξω
498 2063 586 2100 νόμων
603 2063 729 2103 διαφορὰς
751 2064 822 2093 εἰδό-

34 2113 79 2132 των
103 2106 230 2144 εὐγενείας
257 2107 302 2136 καὶ
319 2108 435 2141 δουλείας
460 2107 495 2128 ⁷4·
522 2107 667 2147 ἀνθρώπων
692 2108 743 2148 γάρ
772 2109 823 2138 εἶσι

34 2147 110 2181 νόμοι,
137 2150 268 2181 Ἐνταῦθα
290 2151 336 2181 καὶ
424 2151 470 2192 δὲ]
495 2153 546 2192 οὐχ
563 2153 659 2189 οὕτως,
684 2147 754 2182 ἀλλὰ
777 2153 823 2182 καὶ

878 1578 1043 1614 supplicium
1061 1587 1067 1605 :
1081 1578 1132 1606 hoc
1142 1581 1194 1612 est,
1210 1578 1307 1613 Neque
1320 1576 1350 1603 in
1362 1575 1430 1612 ipsis
1445 1576 1525 1604 minis
1543 1582 1641 1612 graves
1653 1578 1680 1602 et

878 1624 987 1652 onerosi
1003 1622 1164 1650 videamini.

916 1680 929 1692 ι
951 1668 1072 1696 Scienles
1099 1666 1175 1703 quod
1189 1671 1217 1695 et
1233 1666 1317 1695 vestri
1339 1666 1466 1703 ipsorum
1486 1666 1625 1694 Dominus
1638 1669 1680 1694 est

878 1714 906 1742 in
918 1714 1009 1741 caelis.
1034 1724 1047 1737 ν
1072 1712 1268 1740 Animadverte
1292 1711 1433 1748 quomodo
1459 1710 1676 1747 perterrefaciat.

880 1771 892 1783 α
920 1760 980 1794 Qua
998 1765 1124 1785 mensura
1141 1769 1154 1781 ν
1171 1757 1258 1788 enim.
1273 1756 1374 1792 inquit,
1393 1768 1406 1780 ιι
1424 1756 1559 1787 metieris,
1571 1764 1679 1784 remen-

878 1803 1014 1831 surabitur
1027 1802 1075 1829 tibi
1091 1811 1098 1830 :
1114 1815 1126 1826 ι
1140 1809 1174 1828 ne
1189 1801 1285 1829 audias
1301 1805 1327 1827 et
1343 1805 1372 1828 tu
1390 1811 1395 1828 :
1415 1812 1427 1825 ι
1446 1801 1526 1828 Serve
1546 1808 1677 1836 nequam,

878 1854 949 1874 onne
969 1845 1091 1872 debitum
1115 1844 1209 1872 remisi
1232 1843 1294 1878 tibi,
1315 1851 1410 1872 nonne
1433 1843 1581 1879 oportebat
1599 1848 1629 1871 et
1641 1849 1679 1872 te-

878 1890 999 1919 misereri
1017 1889 1142 1918 conservi
1156 1890 1194 1917 tui
1202 1895 1214 1907 ι
1225 1892 1235 1917 ξ’
1250 1902 1264 1914 ι)

914 1949 927 1961 α
945 1938 978 1964 Ει
990 1943 1168 1971 personarum
1182 1935 1304 1971 acceptio
1323 1944 1379 1964 non
1395 1939 1437 1963 est
1460 1935 1535 1972 apud
1559 1943 1633 1963 eum.
1661 1946 1674 1959 ν

879 1983 919 2009 Ne
932 1981 1082 2012 existimes,
1099 1980 1196 2016 inquit,
1215 1980 1238 2008 si
1261 1981 1379 2008 immitis
1397 1980 1435 2008 sis
1450 1987 1529 2008 servo
1542 1984 1602 2014 tuo,
1618 1981 1676 2008 Do—

879 2027 983 2055 minum
1007 2026 1077 2054 istuc
1099 2026 1156 2058 abs,
1173 2030 1200 2054 te
1214 2034 1270 2054 non
1283 2026 1480 2062 inquisiturum
1494 2026 1530 2054 ob
1553 2033 1677 2061 personae

877 2070 1174 2106 contemptibilitatem.
1198 2071 1265 2098 Haec
1290 2070 1362 2097 enim
1390 2069 1557 2097 exteriorum
1585 2069 1678 2105 legum

877 2120 950 2150 sunt,
967 2123 1029 2151 quae
1054 2115 1164 2143 novisse
1179 2115 1268 2142 solent
1291 2114 1442 2142 discrimen
1468 2113 1540 2142 inter
1554 2113 1677 2150 ingenui-

878 2165 963 2188 tatem
979 2165 1006 2188 et
1027 2160 1187 2188 servitutem
1213 2169 1219 2187 :
1236 2159 1383 2188 hominum
1416 2159 1490 2187 enim
1515 2159 1588 2194 leges
1602 2162 1677 2186 sunt.

35 2193 102 2226 αὐτὸς
116 2194 205 2227 δοῦλος
220 2191 244 2225 εἶ
263 2199 307 2225 τοῦ
323 2198 402 2226 αὐτοῦ
425 2191 544 2236 Κυρίου,
555 2197 604 2225 κᾶν
620 2197 656 2230 εἰς
678 2198 821 2235 ὁμόδουλον
839 2203 864 2234 D

917 2209 1034 2233 cautem
1050 2205 1088 2232 sic
1111 2212 1165 2232 non
1195 2204 1239 2238 ﬁt;
1260 2212 1353 2232 verum
1372 2207 1398 2231 et
1410 2208 1440 2231 tu
1458 2204 1515 2239 ipse
1541 2210 1637 2231 servus
1648 2210 1678 2230 es

35 2237 214 2278 αὐστηρεύων·
232 2241 288 2271 ἐπεὶ
310 2241 367 2270 οὐδὲ
394 2241 420 2275 ἐξ
443 2244 528 2282 ἀρχῆς
553 2241 672 2271 δουλείαν
699 2243 823 2277 ἐποίησεν

34 2282 136 2318 δθεὸς,
153 2286 213 2314 ἀλλ’
229 2287 245 2320 ἡ
261 2285 417 2320 πλεονεξία,
434 2288 469 2319 ὡς
488 2287 531 2316 ἐπὶ
549 2287 601 2315 τῶν
623 2287 803 2326 αἰχμαλώτων
818 2299 825 2305 ·

33 2327 72 2354 χαὶ
87 2330 102 2363 ἡ
117 2329 180 2368 πρὸς
194 2329 254 2363 τοὺς
272 2331 390 2369 πατέρας
414 2330 502 2369 ὕϐρις,
517 2333 552 2365 ὥς
576 2330 619 2360 ἐπὶ
633 2334 678 2360 τοῦ
703 2331 825 2363 Χαναάν.

35 2370 102 2406 Πλὴν
115 2374 194 2402 εἶκαὶ
210 2374 248 2412 μὴ
265 2375 314 2404 ὕπὸ
335 2376 407 2405 Θεοῦ
424 2376 530 2415 γέγονεν
543 2398 552 2414 ,
568 2375 640 2413 ὅμως
654 2376 703 2411 τήν
722 2378 823 2405 ὑποτα-

33 2415 76 2452 γὴν
89 2417 154 2451 Θεὸς
180 2420 332 2456 νομοθετεῖ,
347 2420 391 2449 διὰ
415 2421 463 2456 τὴν
480 2419 620 2457 εὐταξίαν,
646 2421 692 2450 καὶ
716 2420 761 2451 ἵνα
786 2421 824 2460 μὴ

34 2461 56 2487 αἶ
87 2461 93 2471 ¹
213 2463 220 2473 ¹
284 2465 290 2475 ’

59 2473 145 2498 ματων
160 2465 175 2492 ὁ
191 2465 247 2503 βιος
259 2476 340 2505 γεμῃ.

69 2614 83 2629 α
99 2603 138 2633 Τὸ
152 2604 262 2640 λοιπον,
286 2604 396 2646 ἀδελφοί
415 2616 482 2644 μου,
508 2606 701 2644 ἐνδυναμοῦσθε
722 2606 748 2634 ἐν
766 2606 822 2635 Κυ-

33 2645 90 2685 ρίῳ,
103 2648 148 2677 καὶ
163 2651 189 2678 ἐν
204 2651 245 2689 τῷ
259 2651 350 2689 κράτει
367 2652 414 2686 τῆς
437 2651 528 2691 ἰσχύος
548 2652 639 2682 αὐτοῦ.
660 2662 673 2680 ι)
697 2649 822 2690 Στρατό-

65 2735 76 2748 ι
87 2733 186 2761 Matth.
201 2740 262 2769 vn,
277 2737 305 2763 2.
341 2740 355 2757 ι
370 2735 468 2764 Matth.
487 2743 577 2770 xvui,
595 2739 640 2765 32.

880 2250 1003 2285 ejusdem
1019 2250 1139 2277 Domini.
1155 2249 1217 2276 licet
1231 2249 1257 2276 in
1271 2256 1437 2276 conservum
1452 2247 1538 2284 418
1551 2251 1676 2275 austeras

880 2295 924 2322 sis.
949 2296 1019 2322 Nam
1044 2303 1059 2322 a
1080 2294 1214 2330 principio
1241 2295 1317 2321 Deus
1341 2293 1469 2321 servilem
1491 2292 1677 2321 conditionem

880 2340 959 2367 istam
972 2347 1029 2367 non
1058 2339 1169 2373 creavit,
1193 2337 1242 2366 sed
1257 2338 1379 2373 avaritia,
1395 2342 1426 2366 ut
1449 2338 1476 2366 in
1488 2337 1604 2373 captivis
1620 2345 1627 2365 :
1648 2340 1678 2364 et

878 2383 989 2420 injuria,
1011 2391 1064 2420 qua
1085 2388 1174 2419 patres
1203 2388 1232 2412 et
1258 2384 1374 2420 majores
1397 2382 1559 2417 affecerunt,
1592 2386 1623 2410 ut
1648 2381 1676 2409 in

879 2430 1008 2457 Chanaan
1024 2428 1148 2464 contigit.
1174 2429 1290 2456 Etiamsi
1311 2432 1406 2456 autem
1438 2436 1454 2456 a
1474 2429 1536 2456 Deo
1561 2434 1620 2454 non
1639 2426 1676 2454 sit

879 2473 998 2508 condita,
1035 2473 1232 2509 subjectionem
1263 2477 1357 2500 tamen
1396 2474 1472 2501 Deus
1516 2471 1614 2505 sancit,
1641 2471 1677 2499 ob

878 2517 991 2546 felicem
1011 2518 1147 2554 politiam,
1162 2521 1190 2546 et
1205 2525 1239 2545 ne
1264 2518 1322 2546 vita
1336 2517 1459 2546 humana
1480 2516 1614 2554 sanguine
1631 2522 1676 2543 re-

875 2563 993 2599 pleatur.

912 2609 1004 2636 Vsus.
1030 2611 1073 2636 10.
1091 2618 1106 2632 ι
1131 2607 1212 2643 Quod
1227 2611 1361 2644 superest,
1376 2607 1475 2636 fratres
1488 2606 1554 2641 mei,
1567 2605 1676 2634 conforv

875 2653 972 2681 tamini
985 2653 1019 2688 in
1039 2654 1172 2687 Domino,
1194 2653 1260 2682 etin
1277 2653 1394 2689 potentia
1432 2651 1539 2680 roboris
1560 2651 1627 2686 ejus.
1660 2661 1673 2674 ι

722 2772 821 2802 Variae
843 2770 990 2800 lectiones.

64 2819 83 2836 π’
106 2822 232 2856 βιάζουσιν
243 2831 280 2852 ιιι.
319 2824 338 2842 7‘
354 2825 368 2852 ὁ
382 2833 408 2854 ο.
447 2825 468 2842 τ¹
480 2827 596 2861 σαρκικοΰ
611 2833 639 2855 ο.

676 2825 698 2842 ⁷⁸
709 2825 818 2860 πορίζων
831 2833 857 2853 ο-

896 2824 918 2840 7‘
930 2823 1027 2851 δούλων
1040 2832 1066 2852 0.
