1886 3082
1860 54 1866 151 l

236 158 304 184 H27
715 157 971 185 THEOPHYLACTI
991 156 1170 185 BULGARIE
1188 157 1347 185 ARCHIEP.
1799 157 1843 183 H28
1865 164 1866 228 γ

231 221 381 258 Cujuslibet
412 222 513 250 domus
541 226 584 251 est
606 223 761 251 exercitus:
785 224 918 252 omnibus
939 225 1018 260 itaqul

1091 220 1168 249 πεδόν
1195 221 1264 250 ἐστιν
1279 223 1296 256 ἡ
1319 219 1388 249 οἰκία
1409 219 1524 249 ἑκάστου
1537 231 1543 238 ⁸
1559 218 1682 253 διατάξας
1704 214 1746 247 οὖν
1760 217 1799 250 τὰς
1816 219 1844 257 ἀρ

232 267 411 303 potestatibus
437 267 570 296 ordinatis
594 267 681 296 sicin
714 268 815 296 bellum
849 276 895 297 eas
931 268 1018 297 educit

1091 264 1135 304 (ἃς
1149 265 1237 298 πάσας
1248 288 1256 302 ,
1270 264 1352 298 οὕτως
1374 264 1417 294 ἐπὶ
1433 265 1477 295 τὸν
1499 264 1614 301 πόλεμον
1632 263 1728 301 ἐξάγει.
1752 264 1798 292 Καὶ
1812 263 1843 301 γὰρ

229 313 298 340 Nam
313 320 377 340 cum
391 313 531 348 proprium
554 313 679 342 ordinem
696 321 779 341 nemo
801 313 1018 350 transgrediatur

1091 309 1147 339 ἴταν
1174 309 1212 349 μὴ
1243 309 1290 345 τὴν
1314 310 1412 339 οἰκείαν
1437 309 1511 343 τάξιν
1536 308 1726 348 ὑπερϐαίνωσιν
1751 307 1844 341 ἔκαστοι,

229 360 296 384 tunc
316 365 360 385 res
382 356 478 384 bellica
496 357 567 385 bene
589 358 706 387 habebit.
729 358 798 393 Quia
821 366 885 386 vero
905 358 1018 394 pleraqul

1091 355 1144 384 τότε
1159 355 1205 384 καὶ
1221 354 1254 384 τὰ
1272 358 1318 384 τοῦ
1334 355 1452 392 πολέμου
1468 351 1497 383 εὖ
1516 353 1642 383 κείσεται.
1666 352 1741 382 Ἐπεὶ
1760 353 1784 380 δὲ
1800 352 1844 380 πολ-

229 401 412 437 imperaverat
434 409 495 438 qua:
517 402 572 431 visa
592 408 656 431 sunt
677 402 796 431 difﬁcilia
816 407 967 436 transactu,
990 404 1018 431 Νι

1091 400 1119 429 λὰ
1141 399 1250 434 ἐπέταξε
1277 400 1404 429 δοκοῦντα
1433 399 1656 437 δυσκατόρθωτα,
1684 397 1729 432 Μὴ
1759 396 1844 431 δείσητε.

228 446 343 474 metuite
358 447 458 482 inquit,
477 447 525 475 sed
550 447 579 475 in
603 448 727 481 Domini,
748 447 870 483 potentia
887 447 1017 476 conﬁdite

1091 444 1164 484 ρησὶν
1175 467 1183 480 ,
1203 445 1261 474 ἀλλ’
1285 446 1311 474 ἐν
1381 447 1426 473 τοῦ
1442 443 1541 484 Κυρίου
1559 442 1668 481 δυνάμει
1688 443 1805 482 θαῤῥεῖτι.
1818 441 1844 470 0':

231 492 293 518 Non
321 491 395 519 enim
420 492 582 527 simpliciter
604 493 631 520 ei
654 492 739 521 robur
758 497 810 527 est,
843 492 892 520 sed
908 493 1018 528 potenti;

1091 489 1134 528 (οίρ
1150 491 1220 519 ἐστιν
1241 488 1316 529 ἰσχὺς
1339 489 1431 522 ἁπλῶς
1453 489 1541 528 αὐτῷ,
1556 488 1625 517 ἀλλὰ
1651 487 1742 526 κράτος
1762 486 1843 524 ἰσχύος,

232 535 339 564 roboris
354 545 362 562 :
378 535 431 564 hoc
453 541 505 570 est,
520 537 689 565 ineffabilem
705 537 787 566 habet
798 537 989 565 fortitudinem
1003 545 1017 565 e

1091 534 1217 564 τουτέστιν
1227 557 1235 573 ,
1254 534 1353 574 ἄφατον
1379 534 1434 574 ἔχει
1456 533 1506 570 τὴν
1522 532 1598 573 ἰσχὺν
1607 555 1615 569 ,
1632 532 1678 561 καὶ
1693 532 1788 561 πάντων
1800 541 1844 570 1.91-

231 589 292 616 quaa
306 580 334 608 in
348 588 445 608 omnes
464 581 634 610 dominetur.

267 627 357 654 Vsns.
376 629 418 653 ll.
437 637 449 649 ι(
470 626 577 654 Induite
603 631 773 655 armaturam
789 627 850 659 Dei,
874 631 905 655 ut
919 627 1028 662 possitis

231 678 278 698 vos
296 674 369 698 stare
392 670 522 699 adversus
543 671 654 699 insidias
675 672 785 700 diaboli.
808 683 820 696 ιι
844 672 913 706 Quae
935 672 969 699 sit
983 679 1028 700 ar-

232 719 350 749 matura,
373 715 456 750 paulo
478 719 538 751 post
556 716 675 744 docebit.
720 716 912 744 Animadverte
937 720 1028 744 autem

231 759 371 796 quomodo
390 767 446 787 non
461 759 563 788 dixerit
583 769 687 797 pugnas
713 765 760 788 aut
785 760 865 795 bella,
891 761 938 788 sed
960 761 1026 788 insi-

230 803 289 832 dias
304 813 311 832 :
325 804 432 833 insidiae
443 805 516 833 enim
530 810 594 833 sunt
607 806 742 842 decipere,
766 813 799 833 ac
826 814 874 841 per
901 804 1026 834 fraudem

1084 582 1179 609 τοῢσαν
1184 602 1191 609 .

1126 637 1141 652 α
1159 625 1320 654 Ἐνδύσασθε
1344 622 1392 659 τὴν
1413 623 1564 653 πανοπλίαν
1589 625 1634 652 τοῦ
1654 623 1738 658 Θεοῦ,
1758 620 1809 658 πρὸς
1824 619 1843 647 τε

1084 669 1209 698 δύνασθαι
1232 671 1302 707 ὑμᾶς
1327 671 1423 704 στῆναι
1456 667 1520 708 πρὸς
1546 666 1593 700 τὰς
1618 666 1749 705 μεθοδείας
1771 665 1791 683 ⁷⁵
1813 667 1843 692 τῆ

1083 714 1217 744 διαϐόλου,
1235 726 1251 742 ι)
1269 713 1318 746 Τίς
1335 714 1405 743 ἐστιν
1429 715 1446 748 ἡ
1473 712 1623 747 πανοπλία,
1648 713 1706 749 μετ’
1727 710 1798 746 ὀλίγον
1816 709 1843 736 31-

1082 758 1163 792 δοίξει.
1175 756 1250 798 δορα
1264 758 1304 794 δὲ,
1314 760 1370 792 πῶς
1384 758 1431 787 οὖκ
1442 752 1509 792 εἷπε,
1525 757 1625 796 Μάχας
1634 778 1642 792 ,
1652 755 1670 791 ἢ
1681 755 1716 794 ⁷³,
1727 754 1842 791 Πολέμονςγ

1081 804 1167 842 ἀλλὰ,
1182 817 1193 829 α
1209 803 1364 836 Μεθοδείας.
1377 817 1387 828 ι
1403 801 1535 832 Μεθοδεία
1559 802 1611 841 γάρ
1626 803 1684 830 ἐστι
1695 801 1724 829 τὸ
1738 800 1843 832 ἀπατῆσαι

229 857 336 885 capere.
345 851 406 877 Non
417 850 490 878 enim
501 849 645 878 manifesta
660 850 788 886 proponit
800 849 887 878 hostis
899 855 1008 886 peccata

1091 848 1126 877 ιαὶ
1152 848 1194 878 διὰ
1221 850 1344 888 μηχανῆς
1364 849 1443 877 ἑλεῖν.
1467 846 1576 888 Οὖῗγὰρ
1601 846 1701 886 φανερὰ
1723 844 1842 884 προτίθησιν

230 894 345 929 exempli
359 894 444 930 gratia
458 905 465 922 :
483 894 526 922 Ad
539 894 723 922 idololatriam
738 899 830 931 aperte
849 903 905 922 non
933 895 1025 922 horta-

231 942 285 971 tur,
300 938 348 966 sed
363 939 416 967 alia
441 939 560 975 quadam
590 939 697 967 ratione
719 939 889 975 aggreditur,
913 939 1025 967 insidias

230 987 354 1017 struens,
376 983 427 1011 hoc
451 988 493 1012 est
507 984 640 1012 verimilia
656 984 749 1012 verbat
767 983 868 1012 faciens
887 984 1027 1012 velamen-

231 1032 315 1064 toque
337 1032 427 1057 utens.
452 1028 579 1062 Proinde,
607 1037 672 1057 cum
698 1028 822 1056 ostendit
839 1029 1026 1056 adversarium

231 1080 290 1101 esse
314 1077 468 1108 potentem,
488 1073 661 1101 horrendum
679 1077 707 1101 et
726 1073 843 1107 varium,
861 1074 964 1102 excitat
977 1081 1026 1102 eos

230 1126 262 1146 ac
282 1118 422 1154 vigilantes
432 1118 507 1146 facit.

265 1163 353 1191 Vans.
380 1166 421 1191 12.
443 1175 455 1187 ι
477 1163 614 1198 Quoniam
629 1171 684 1191 non
705 1167 748 1192 est
772 1163 854 1191 nobis
872 1163 1026 1192 colluctatio

230 1206 359 1235 adversus
387 1208 550 1243 sanguinein
566 1212 593 1236 et
619 1216 741 1236 carnem.
761 1219 773 1232 ι›
797 1209 830 1236 Et
846 1208 909 1242 hoc,
927 1215 983 1236 non
999 1212 1027 1236 ut

231 1251 445 1287 perterrefaciat,
461 1260 556 1280 verum
581 1256 612 1280 ut
628 1252 788 1280 attentiores
809 1252 918 1287 reddat,
947 1252 1024 1280 dicit.

229 1297 298 1324 Nam
320 1297 369 1333 qui
390 1297 477 1325 hostis
500 1297 570 1325 vires
594 1298 640 1332 et}
653 1298 803 1333 potentiam
835 1301 938 1330 narrat,
962 1304 1027 1325 suos

228 1339 294 1369 facit
308 1341 395 1378 magis
417 1346 524 1375 cautos,
545 1343 606 1370 Non
617 1342 762 1370 adversum
778 1342 914 1378 vulgares,
928 1342 1025 1377 inquit,

230 1385 324 1414 hostes
347 1387 425 1415 nobis
448 1387 520 1415 lucta
544 1391 598 1420 est,
618 1394 707 1423 neque
730 1386 878 1415 adversum
897 1386 1026 1414 homines

229 1431 327 1459 iisdem
349 1432 495 1460 nobiscum
517 1430 664 1460 affectibus
687 1431 819 1465 imbutos,
847 1431 1026 1467 ejusdemque

228 1475 374 1503 nobiscum
387 1476 526 1512 potentia.

267 1531 280 1544 α
295 1520 346 1548 Sed
354 1520 500 1548 adversum
510 1520 685 1556 principatus,
698 1520 828 1548 adversus
838 1524 996 1556 potestates.
1011 1532 1023 1545 υ
1043 1523 1065 1555 C

230 1564 349 1592 Perinde
370 1572 402 1592 ac
424 1566 499 1592 Deus
520 1565 688 1600 principatus
710 1564 792 1592 habet
815 1573 848 1592 ac
866 1569 1027 1600 potestates,

231 1608 303 1636 hunc
331 1609 364 1636 ad
388 1609 502 1637 modum
517 1617 650 1645 arrogans
661 1615 795 1645 tyrannus
809 1608 966 1644 hujusmodi
983 1618 1028 1638 or-

230 1652 307 1681 dines
327 1653 402 1681 fecit.

269 1709 281 1720 οι
319 1697 459 1726 Adversus
488 1698 583 1726 mundi
609 1702 737 1726 rectores.
773 1710 785 1722 υ
810 1699 874 1726 Non
902 1698 976 1734 quod
1001 1699 1028 1727 in

229 1742 367 1772 mundum
381 1750 430 1771 seu
445 1748 598 1771 creaturam
613 1743 800 1777 dominentur,
815 1743 907 1780 ejusve
921 1743 1027 1772 domini

229 1787 285 1815 sint
301 1797 306 1815 :
320 1787 368 1816 sed
380 1788 519 1824 Scriptura
534 1788 670 1816 mundum
685 1788 827 1824 vocatipsa
840 1796 923 1824 prava
934 1796 1026 1824 opera,

229 1836 257 1860 et
270 1833 314 1869 qui
325 1841 357 1861 ea
368 1837 538 1870 perpetrant,
549 1832 784 1870 quemadmodum
801 1837 829 1861 et
845 1833 912 1861 illud
927 1842 933 1859 :
947 1844 958 1857 α
973 1835 1028 1862 Vos

229 1885 286 1905 non
302 1878 366 1906 estis
387 1886 419 1906 ex
438 1878 541 1906 mundo
568 1887 591 1911 ει,
604 1888 618 1903 ››
635 1877 690 1905 hoc
706 1880 758 1910 est,
782 1885 815 1905 ex
830 1877 864 1905 iis
883 1877 929 1913 qui
944 1885 1026 1913 prava

228 1927 385 1958 operantur.
414 1923 446 1950 In
474 1922 524 1950 hos
547 1922 628 1959 igitur
655 1921 809 1950 voluntario
842 1922 871 1949 in
904 1922 1028 1958 ipsorum

229 1967 389 1995 servitutem
420 1967 545 1995 redactos
580 1967 727 2003 imperium
762 1970 890 1994 exercent
921 1966 1027 1994 daemo-

229 2019 288 2040 nes.

266 2067 277 2080 «
299 2056 487 2084 Tenebrarum
500 2055 592 2084 szeculi
617 2056 708 2092 hujus.
725 2067 737 2080 ιι
761 2056 904 2085 Tenebras
926 2056 1027 2092 nequi-

229 2100 295 2128 tiam
310 2100 386 2135 dicit,
411 2108 473 2137 quae
486 2101 513 2128 in
529 2100 580 2129 hoc
603 2101 705 2129 saeculo
719 2100 829 2129 videtur
848 2105 875 2128 et
889 2101 1028 2135 consistit;

231 2145 346 2173 ulterius
357 2149 448 2173 autem
467 2153 524 2173 non
541 2146 634 2182 pergit.

269 2201 280 2214 α
308 2189 448 2219 Adversus
474 2190 625 2227 spiritualia
646 2190 784 2227 nequitiae.
816 2202 828 2215 ν
857 2191 916 2218 Hos
941 2189 1026 2226 419
1042 2195 1066 2225 D

231 2236 303 2271 ipsos
319 2236 460 2264 daemones
472 2240 560 2264 vocat.
577 2238 648 2264 Cum
661 2235 736 2264 enim
756 2240 783 2263 et
801 2234 887 2271 angeli
903 2235 958 2262 sint
973 2236 1027 2270 spi-

231 2281 310 2315 ritus,
327 2281 466 2317 apposnit,
486 2293 497 2305 ιι
519 2281 680 2317 Nequitiaa;
701 2291 714 2305 ν
729 2279 865 2316 siquidem
885 2279 941 2307 illic
964 2287 1028 2308 cum

231 2325 370 2358 bonitatis,
386 2329 445 2353 tnm
459 2324 570 2353 luminis
583 2329 650 2354 sunt
672 2324 792 2361 spiritus.
809 2325 879 2360 Quia
899 2332 964 2352 vero
978 2332 1030 2352 nos

230 2369 333 2397 bellum
345 2377 400 2398 non
413 2377 508 2405 gerere
521 2369 671 2398 afﬁrmavit
683 2370 813 2398 adversus
826 2369 991 2406 sanguinem
1003 2373 1031 2396 et

232 2422 353 2448 carnem,
380 2423 395 2442 e
413 2414 549 2442 contrario
579 2415 682 2451 adjicit,
714 2414 763 2442 sed
788 2414 919 2443 adversus
945 2414 1028 2449 leves,

232 2458 411 2493 invincibiles,
432 2463 459 2487 et
477 2467 524 2487 eos
548 2459 594 2494 qui
620 2459 783 2487 difﬁcillime
807 2459 960 2495 capiuntur,
982 2467 1030 2495 pu-

255 2512 355 2532 namus
362 2525 368 2532 .

255 2512 368 2532 namus.

234 2512 252 2541 g
270 2561 283 2574 α
304 2551 336 2578 ln
364 2548 531 2578 coelestibus.
560 2560 572 2574 ιι
600 2550 652 2577 Per
680 2548 734 2577 hoc
757 2556 852 2577 rursus
873 2548 1028 2577 auditorem

233 2595 343 2624 excitat.
376 2597 418 2623 De
441 2593 560 2630 magnis,
576 2594 676 2631 inquit,
699 2593 850 2629 periculum
873 2597 915 2622 est
939 2602 945 2621 :
970 2602 1029 2622 non

233 2641 309 2670 enim
331 2640 366 2668 de
395 2639 570 2668 terrestribus
595 2644 623 2667 et
658 2638 898 2674 corruptibilibus,
919 2638 967 2667 sed
993 2638 1028 2666 de

269 2710 280 2722 ⁵
295 2705 375 2732 Joan.
391 2710 444 2737 xv,
461 2706 502 2731 19.

1071 2634 1176 2669 .δυνος,
1201 2631 1230 2660 οὖ
1259 2629 1320 2671 περὶ
1346 2628 1471 2669 ἐπιγείων
1497 2627 1544 2658 καὶ
1571 2628 1708 2668 φθαρτῶν,

1080 895 1093 922 ὁ
1115 893 1206 933 ἐχθρὸς
1227 887 1475 932 τὰννὰμαρτ-ήματγ
1495 887 1549 920 οἷον
1561 913 1569 928 ,
1586 891 1777 930 εἰδωλολατρεῖν
1790 898 1843 933 eati-

1082 940 1130 977 ρῶς
1154 939 1183 967 οὖ
1208 938 1347 978 παραινεῖ,
1384 937 1442 966 ἀλλ’
1467 937 1563 975 ἑτέρως
1593 937 1660 966 αὐτὸ
1686 932 1843 983 κατασκευάζει

1081 982 1243 1021 μεθοδεύων,
1260 982 1397 1018 τουτέστι,
1420 981 1530 1011 πιθανὸν
1550 981 1596 1010 τὸν
1622 981 1701 1020 λόγον
1714 980 1801 1013 ποιῶν,
1813 980 1845 1004 xli

1080 1027 1283 1066 ἐπικαλύμματι
1297 1027 1445 1067 χρώμενος.
1468 1026 1521 1057 Διὰ
1539 1026 1567 1055 δὲ
1588 1029 1636 1056 τοῦ
1652 1025 1730 1058 δεῖξαι
1743 1024 1780 1052 τὸν
1793 1020 1844 1067 ἀντί·

1080 1073 1164 1101 παλον
1189 1072 1272 1102 δεινὸν
1309 1072 1374 1101 ὄντα
1398 1071 1443 1100 καὶ
1474 1070 1610 1107 ποικίλον,
1635 1069 1752 1109 διεγείρει
1779 1064 1846 1096 adrui:

1081 1117 1126 1146 καὶ
1141 1117 1232 1156 νήφειν
1247 1118 1455 1155 παρασκευάζει.

1123 1174 1136 1189 (ι
1154 1162 1219 1193 "Ou
1234 1163 1281 1191 οὐκ
1295 1162 1365 1191 ἔστιν
1386 1163 1450 1199 ἡμῖν
1466 1163 1483 1196 ἡ
1499 1161 1573 1196 πάλη
1593 1160 1657 1200 πρὸς
1672 1155 1737 1197 αἷμα
1748 1157 1788 1188 καὶ
1800 1156 1844 1193 σέρ-

1080 1219 1125 1237 κα.
1144 1219 1158 1236 ))
1178 1207 1232 1237 Καὶ
1253 1209 1330 1236 τοῦτο
1345 1207 1391 1236 οὐκ
1411 1205 1531 1246 ἐκφοϐῶν
1555 1205 1645 1245 λέγει⁷
1661 1204 1727 1233 ἀλλὰ
1741 1211 1845 1242 agonum-

1080 1251 1209 1291 κωτέρους
1231 1253 1323 1281 ποιῶν.
1360 1250 1395 1281 ¢0
1420 1252 1474 1290 γὰρ
1498 1252 1544 1279 τοῦ
1574 1251 1672 1290 ἐχθροῦ
1695 1249 1738 1284 τὴν
1764 1246 1844 1283 δύναμιν

1081 1297 1261 1336 ἀφηγούμενος
1296 1296 1509 1336 ἆσφαλεστέρους
1549 1295 1624 1324 ποιεῖ
1660 1295 1719 1327 τοὺς
1752 1291 1844 1339 οἰκείως-

1080 1342 1121 1370 Οὐ
1146 1341 1211 1380 πρὸς
1239 1341 1297 1375 τοὺς
1319 1341 1447 1381 τυχόντας
1470 1341 1583 1380 ἔχομεν,
1615 1338 1710 1380 φησὶν,
1734 1336 1785 1367 οὐδὲ
1801 1336 1846 1373 ﬁgat

1081 1386 1232 1426 ἀνθρώπους
1246 1386 1414 1425 ὁμοιοπαθεῖς
1428 1388 1492 1424 ἡμῖν
1509 1384 1555 1415 καὶ
1574 1383 1756 1422 ἱσοδυνάμους.

1124 1533 1138 1550 α
1152 1521 1233 1552 Ἀλλὰ
1259 1521 1324 1562 πρὸς
1343 1521 1391 1554 τὰς
1414 1522 1517 1561 ἀρχὰς,
1543 1519 1610 1560 πρὸς
1637 1519 1684 1553 τὰς
1709 1516 1818 1552 ἐξουσίας.

1081 1566 1186 1606 Ὥσπερ
1210 1569 1223 1596 ὁ
1238 1559 1306 1601 Θεος
1327 1565 1412 1607 ἀρχὰς
1434 1559 1490 1605 ἕλει
1508 1565 1555 1595 καὶ
1584 1563 1719 1600 ἐξουσίας,
1741 1561 1801 1591 οὕτω
1819 1559 1847 1587 Hi

1081 1614 1094 1641 ὁ
1111 1612 1214 1646 ἀλαζὼν
1230 1611 1352 1651 τύραννος
1365 1613 1476 1640 τοιαῦτα
1489 1609 1636 1645 ἐποιήσατο
1653 1609 1783 1648 τάγματα.

1126 1709 1141 1726 (ι
1157 1698 1228 1737 Πρὸς
1243 1696 1301 1730 τοὺς
1324 1695 1552 1737 κοσμοκράτορας.
1569 1707 1584 1724 ))
1612 1696 1687 1735 Οὐχὶ
1704 1694 1759 1727 τοὺς
1772 1693 1809 1743 τοῦ

1082 1755 1166 1780 σμου,
1192 1743 1276 1782 ἤγουν
1310 1744 1355 1776 τῆς
1381 1741 1490 1774 κτίσεως
1526 1743 1692 1780 κρατοῦντας
1716 1751 1723 1758 '
1744 1736 1795 1767 ἀλλ’
1813 1736 1849 1781 οἶδέ

1081 1787 1179 1825 κόσμον
1205 1790 1222 1823 ἡ
1251 1788 1272 1817 Γ
1275 1786 1344 1827 ραφὴ
1371 1786 1418 1819 τὰς
1434 1785 1550 1825 πονηρὰς
1575 1785 1685 1824 πράξεις
1712 1784 1850 1831 λέγειννὶκξιι

1081 1832 1140 1865 τοὺς
1156 1831 1254 1866 ταύτας
1269 1830 1407 1869 μετιόντας
1417 1854 1424 1866 ,
1442 1832 1478 1864 ὥς
1491 1831 1536 1866 τὸ,
1560 1841 1574 1859 (ι
1591 1830 1690 1868 (Υμεῖς
1705 1829 1751 1858 οὒκ
1765 1825 1813 1856 ἐστὲ
1829 1825 1850 1874 ξι

1082 1879 1127 1905 τοῦ
1142 1876 1245 1914 κόσμου
1255 1898 1263 1912 ,
1282 1887 1296 1903 ιι
1314 1875 1446 1905 τουτέστιν
1456 1897 1463 1911 ,
1487 1875 1517 1904 ἐκ
1533 1876 1586 1904 τῶν
1609 1874 1644 1904 τὰ
1659 1872 1759 1913 πονηρᾶ
1776 1872 1850 1917 tum";

1082 1933 1144 1950 των.
1171 1921 1279 1950 Τούτων
1306 1915 1351 1949 οὖν
1377 1921 1518 1959 κρατοῦσιν
1541 1920 1565 1948 οἱ
1593 1918 1735 1958 δαίμονες,
1760 1916 1851 1950 αὐθαιρέ-

1081 1978 1133 2000 τως
1148 1964 1384 1994 ὓποδουλωθέντων
1401 1965 1426 1984 ⁷⁷
1440 1965 1538 1997 αὐτοῖς.

1127 2066 1138 2077 τι
1154 2053 1209 2082 Τοῦ
1224 2052 1332 2085 σκότους
1355 2053 1403 2081 τοῧ
1429 2051 1522 2084 αἰῶνος
1547 2049 1653 2080 τούτου.
1673 2061 1688 2079 ι)
1713 2047 1800 2079 Σκότος
1819 2043 1852 2077 τὴν

1083 2096 1210 2137 πονηρίαν
1236 2097 1330 2137 φησὶν,
1357 2095 1416 2131 ἥτις
1440 2097 1467 2125 ἐν
1490 2097 1528 2135 τῷ
1552 2095 1629 2124 αἰῶνι
1655 2094 1740 2133 τούτῳ
1759 2089 1852 2132 φαίνεται

1083 2143 1128 2174 καὶ
1144 2142 1309 2172 συνίσταται·
1327 2140 1476 2181 περαιτέρω
1491 2140 1519 2170 δὲ
1540 2141 1569 2169 οὖ
1585 2138 1702 2179 πρόεισι.

1127 2199 1142 2217 α
1158 2187 1228 2226 Πρὸς
1244 2185 1277 2215 τὰ
1299 2178 1471 2224 πνευματικὰ
1496 2186 1544 2220 τῆς
1569 2178 1710 2222 πονηρίας.
1731 2195 1742 2208 ιι
1767 2178 1852 2226 TW

1084 2232 1176 2265 αὐτοὺς
1200 2230 1260 2265 τοὺς
1285 2230 1412 2269 δαίμονάς
1438 2241 1528 2270 φησιν.
1558 2228 1674 2264 Ἐπειδὴ
1695 2227 1744 2267 γάρ
1763 2226 1806 2270 εἰσι
1821 2231 1852 2248 και

1083 2279 1107 2308 οἱ
1132 2277 1240 2316 ἄγγελοι
1263 2278 1384 2313 πνεῦμα,
1406 2269 1555 2314 προσέθηκε
1572 2283 1578 2291 ⁸
1603 2284 1618 2302 ιι
1635 2274 1694 2309 Τῆς
1711 2269 1851 2316 πονηρίας]

1085 2310 1178 2352 ἐκεῖνοί
1203 2321 1273 2361 γὰρ,
1296 2310 1460 2359 ἀγαθότητος
1487 2319 1532 2349 καί
1554 2317 1647 2361 φωτὸς
1665 2317 1802 2361 πνεύματαί
1823 2310 1854 2340 Εἰ·

1085 2366 1140 2396 πὼν
1156 2356 1267 2402 δὲ,-ὂίτι
1287 2356 1324 2394 οὗ.
1332 2365 1501 2403 πολεμοῦμεν
1526 2356 1590 2402 προς
1614 2358 1683 2401 αἷμα
1712 2360 1755 2391 χαὶ
1772 2356 1853 2403 σάρκα,

1085 2409 1294 2442 ἆντιδιαστέλλει
1305 2433 1312 2446 ,
1330 2409 1375 2439 καὶ
1397 2421 1496 2449 φησιν,
1513 2407 1554 2438 ὅτι
1567 2407 1648 2437 Ἀλλὰ
1663 2406 1729 2446 πρὸς
1750 2402 1852 2441 κούφους)

1085 2457 1130 2486 καὶ
1146 2455 1284 2491 ἀνικήτους
1300 2454 1326 2474 ’⁷⁸
1341 2453 1387 2483 καὶ
1402 2453 1571 2487 δυσαλώτους
1585 2451 1736 2492 μαχόμεθα.

1127 2553 1141 2571 α
1158 2541 1205 2572 Ἐν
1223 2541 1276 2574 τοῖς
1291 2539 1467 2580 ἐπουρανίοις.
1487 2550 1501 2567 li
1524 2538 1575 2569 Διὰ
1597 2540 1674 2567 τοῦτο
1688 2535 1764 2580 πάλιν
1784 2527 1854 2580 all?"

1086 2599 1124 2628 ρει
1139 2587 1183 2616 τὸν
1201 2585 1347 2626 ἀκροατήν.
1368 2585 1438 2624 Περὶ
1460 2583 1584 2622 μεγάλων
1600 2583 1666 2622 γὰρ,
1692 2573 1853 2625 “ante:

1086 2634 1160 2652 2mm.
1201 2631 1230 2652 ΛΡ.
1259 2629 1318 2652 una}
1347 2628 1471 2652 ἐτι-πνείων
1497 2627 1542 2652 xui
1571 2628 1707 2652 ωθηοτίῖῖν.
1817 2628 1854 2646 των

929 2746 1023 2776 Variae
1044 2746 1194 2775 lectiones.

269 2812 290 2829 ⁷⁵
308 2812 352 2845 τὴν
369 2811 499 2848 μεθοδείαν
518 2819 546 2840 ο.
585 2810 606 2828 7“
619 2810 660 2838 καὶ
675 2819 702 2839 0.
742 2809 763 2826 77
775 2809 809 2840 ὡς
821 2808 936 2836 ὓποδουλ.
954 2816 983 2837 ο.

1024 2808 1046 2825 ’⁷⁸
1060 2806 1199 2840 εὖκινήτους
1209 2814 1236 2835 o.
