  <div class='ocr_page' id='page_1' title='image "/cluster/home/n/w/nwhite01/storage/ocr_20150623/124/njp.32101010942728/732.png"; bbox 0 0 1886 3082; ppageno 0'>
   <div class='ocr_carea' id='block_1_1' title="bbox 21 136 63 162">
    <p class='ocr_par' dir='ltr' id='par_1_1' title="bbox 21 136 63 162">
     <span class='ocr_line' id='line_1_1' title="bbox 21 136 63 162; baseline -0.048 0"><span class='ocrx_word' id='word_1_1' title='bbox 21 136 63 162; x_wconf 67' lang='grc'><strong>129</strong></span> 
     </span>
    </p>
   </div>
   <div class='ocr_carea' id='block_1_2' title="bbox 20 193 820 235">
    <p class='ocr_par' dir='ltr' id='par_1_2' title="bbox 20 193 820 235">
     <span class='ocr_line' id='line_1_2' title="bbox 20 193 820 235; baseline -0.001 -10"><span class='ocrx_word' id='word_1_2' title='bbox 20 195 156 235; x_wconf 79' lang='grc' dir='ltr'>ιουρανίων.</span> <span class='ocrx_word' id='word_1_3' title='bbox 180 194 218 225; x_wconf 89' lang='grc' dir='ltr'>Τὸ</span> <span class='ocrx_word' id='word_1_4' title='bbox 232 194 303 234; x_wconf 72' lang='grc' dir='ltr'>γὰρ,</span> <span class='ocrx_word' id='word_1_5' title='bbox 331 207 342 221; x_wconf 74' lang='grc' dir='ltr'><strong>ι</strong></span> <span class='ocrx_word' id='word_1_6' title='bbox 361 195 401 232; x_wconf 75' lang='grc' dir='ltr'><strong>ἐν,</strong></span> <span class='ocrx_word' id='word_1_7' title='bbox 420 208 432 222; x_wconf 77' lang='lat'><strong>»</strong></span> <span class='ocrx_word' id='word_1_8' title='bbox 448 195 505 225; x_wconf 78' lang='grc' dir='ltr'>ἀντὶ</span> <span class='ocrx_word' id='word_1_9' title='bbox 530 197 591 231; x_wconf 72' lang='grc' dir='ltr'>τοῦ,</span> <span class='ocrx_word' id='word_1_10' title='bbox 616 194 697 234; x_wconf 76' lang='grc' dir='ltr'>ὑπὲρ,</span> <span class='ocrx_word' id='word_1_11' title='bbox 723 193 779 223; x_wconf 83' lang='grc' dir='ltr'>ἔστι</span> <span class='ocrx_word' id='word_1_12' title='bbox 793 193 820 224; x_wconf 88' lang='grc' dir='ltr'><strong>Α</strong></span> 
     </span>
    </p>
   </div>
   <div class='ocr_carea' id='block_1_3' title="bbox 20 239 780 279">
    <p class='ocr_par' dir='ltr' id='par_1_3' title="bbox 20 239 780 279">
     <span class='ocr_line' id='line_1_3' title="bbox 20 239 780 279; baseline -0.003 -9"><span class='ocrx_word' id='word_1_13' title='bbox 20 242 106 278; x_wconf 80' lang='grc' dir='ltr'>ιὶτοῧ,</span> <span class='ocrx_word' id='word_1_14' title='bbox 129 240 185 270; x_wconf 83' lang='grc' dir='ltr'>διά·</span> <span class='ocrx_word' id='word_1_15' title='bbox 207 240 271 269; x_wconf 76' lang='grc' dir='ltr'>ὡσεὶ</span> <span class='ocrx_word' id='word_1_16' title='bbox 287 239 374 279; x_wconf 78' lang='grc' dir='ltr'>ἔλεγε⁶</span> <span class='ocrx_word' id='word_1_17' title='bbox 400 239 451 271; x_wconf 76' lang='grc' dir='ltr'>Διὰ</span> <span class='ocrx_word' id='word_1_18' title='bbox 476 240 510 269; x_wconf 77' lang='grc' dir='ltr'><strong>τὰ</strong></span> <span class='ocrx_word' id='word_1_19' title='bbox 535 239 679 279; x_wconf 79' lang='grc' dir='ltr'><strong>ἐπουράνια</strong></span> <span class='ocrx_word' id='word_1_20' title='bbox 702 240 780 269; x_wconf 87' lang='grc' dir='ltr'>πολε-</span> 
     </span>
    </p>
   </div>
   <div class='ocr_carea' id='block_1_4' title="bbox 20 283 488 326">
    <p class='ocr_par' dir='ltr' id='par_1_4' title="bbox 20 283 488 326">
     <span class='ocr_line' id='line_1_4' title="bbox 20 283 488 326; baseline -0.002 -11"><span class='ocrx_word' id='word_1_21' title='bbox 20 290 87 324; x_wconf 73' lang='grc' dir='ltr'>οὖμεν</span> <span class='ocrx_word' id='word_1_22' title='bbox 96 308 104 323; x_wconf 86' lang='lat'><strong>,</strong></span> <span class='ocrx_word' id='word_1_23' title='bbox 116 285 159 314; x_wconf 79' lang='grc' dir='ltr'>καὶ</span> <span class='ocrx_word' id='word_1_24' title='bbox 173 283 215 313; x_wconf 77' lang='grc' dir='ltr'><strong>διὰ</strong></span> <span class='ocrx_word' id='word_1_25' title='bbox 229 287 306 314; x_wconf 66' lang='grc' dir='ltr'>τοῦτο</span> <span class='ocrx_word' id='word_1_26' title='bbox 318 284 408 325; x_wconf 80' lang='grc' dir='ltr'>νήφειν</span> <span class='ocrx_word' id='word_1_27' title='bbox 422 285 488 326; x_wconf 84' lang='grc' dir='ltr'>χρή.</span> 
     </span>
    </p>
   </div>
   <div class='ocr_carea' id='block_1_5' title="bbox 37 374 780 412">
    <p class='ocr_par' dir='ltr' id='par_1_5' title="bbox 37 374 780 412">
     <span class='ocr_line' id='line_1_5' title="bbox 37 374 780 412; baseline 0.001 -9"><span class='ocrx_word' id='word_1_28' title='bbox 37 386 49 403; x_wconf 80' lang='grc' dir='ltr'>(ι</span> <span class='ocrx_word' id='word_1_29' title='bbox 64 374 112 405; x_wconf 85' lang='grc' dir='ltr'>Διὰ</span> <span class='ocrx_word' id='word_1_30' title='bbox 126 377 200 405; x_wconf 75' lang='grc' dir='ltr'>τοῦτο</span> <span class='ocrx_word' id='word_1_31' title='bbox 215 374 358 404; x_wconf 78' lang='grc' dir='ltr'>ἀνελάϐετε</span> <span class='ocrx_word' id='word_1_32' title='bbox 381 374 428 410; x_wconf 83' lang='grc' dir='ltr'><strong>τὴν</strong></span> <span class='ocrx_word' id='word_1_33' title='bbox 453 374 604 404; x_wconf 76' lang='grc' dir='ltr'><strong>πανοπλίαν</strong></span> <span class='ocrx_word' id='word_1_34' title='bbox 629 376 676 405; x_wconf 69' lang='grc' dir='ltr'><strong>τοῦ</strong></span> <span class='ocrx_word' id='word_1_35' title='bbox 692 375 780 412; x_wconf 74' lang='grc' dir='ltr'>Θεοῦ,</span> 
     </span>
    </p>
   </div>
   <div class='ocr_carea' id='block_1_6' title="bbox 23 419 778 460">
    <p class='ocr_par' dir='ltr' id='par_1_6' title="bbox 23 419 778 460">
     <span class='ocr_line' id='line_1_6' title="bbox 23 419 778 460; baseline 0.001 -12"><span class='ocrx_word' id='word_1_36' title='bbox 23 432 36 448; x_wconf 77' lang='grc' dir='ltr'><strong>α</strong></span> <span class='ocrx_word' id='word_1_37' title='bbox 55 420 176 455; x_wconf 78' lang='grc' dir='ltr'>δυνηθῆτε</span> <span class='ocrx_word' id='word_1_38' title='bbox 197 420 350 455; x_wconf 72' lang='grc' dir='ltr'><strong>ἀντιστῆναι</strong></span> <span class='ocrx_word' id='word_1_39' title='bbox 371 421 397 449; x_wconf 85' lang='grc' dir='ltr'>ἐν</span> <span class='ocrx_word' id='word_1_40' title='bbox 414 421 447 458; x_wconf 76' lang='grc' dir='ltr'><strong>τῇ</strong></span> <span class='ocrx_word' id='word_1_41' title='bbox 464 419 552 460; x_wconf 74' lang='grc' dir='ltr'>ἡμέρᾳ</span> <span class='ocrx_word' id='word_1_42' title='bbox 627 425 741 460; x_wconf 76' lang='grc' dir='ltr'>πονηρᾷ.</span> <span class='ocrx_word' id='word_1_43' title='bbox 764 432 778 449; x_wconf 69' lang='lat' dir='ltr'><strong>p</strong></span> 
     </span>
    </p>
   </div>
   <div class='ocr_carea' id='block_1_7' title="bbox 20 464 782 504">
    <p class='ocr_par' dir='ltr' id='par_1_7' title="bbox 20 464 782 504">
     <span class='ocr_line' id='line_1_7' title="bbox 20 464 782 504; baseline 0.001 -11"><span class='ocrx_word' id='word_1_44' title='bbox 20 464 144 501; x_wconf 62' lang='grc' dir='ltr'><strong>’συκέα-τιν,</strong></span> <span class='ocrx_word' id='word_1_45' title='bbox 170 465 196 493; x_wconf 75' lang='grc' dir='ltr'>ἐν</span> <span class='ocrx_word' id='word_1_46' title='bbox 213 466 250 504; x_wconf 87' lang='grc' dir='ltr'><strong>τῷ</strong></span> <span class='ocrx_word' id='word_1_47' title='bbox 266 464 376 503; x_wconf 71' lang='grc' dir='ltr'>παρόντι</span> <span class='ocrx_word' id='word_1_48' title='bbox 391 465 467 493; x_wconf 84' lang='grc' dir='ltr'>αἰῶνι</span> <span class='ocrx_word' id='word_1_49' title='bbox 479 464 520 492; x_wconf 68' lang='grc'><strong>⁷9.</strong></span> <span class='ocrx_word' id='word_1_50' title='bbox 535 466 626 494; x_wconf 73' lang='grc' dir='ltr'>τοῦτον</span> <span class='ocrx_word' id='word_1_51' title='bbox 642 464 693 504; x_wconf 84' lang='grc' dir='ltr'>γὰρ</span> <span class='ocrx_word' id='word_1_52' title='bbox 709 464 782 502; x_wconf 80' lang='grc' dir='ltr'>ἡμέ-</span> 
     </span>
    </p>
   </div>
   <div class='ocr_carea' id='block_1_8' title="bbox 20 508 781 549">
    <p class='ocr_par' dir='ltr' id='par_1_8' title="bbox 20 508 781 549">
     <span class='ocr_line' id='line_1_8' title="bbox 20 508 781 549; baseline 0.001 -11"><span class='ocrx_word' id='word_1_53' title='bbox 20 522 42 538; x_wconf 81' lang='grc' dir='ltr'><strong>ιν</strong></span> <span class='ocrx_word' id='word_1_54' title='bbox 60 508 171 549; x_wconf 82' lang='grc' dir='ltr'>πονηράν</span> <span class='ocrx_word' id='word_1_55' title='bbox 186 520 280 548; x_wconf 82' lang='grc' dir='ltr'>φησιν,</span> <span class='ocrx_word' id='word_1_56' title='bbox 296 509 349 539; x_wconf 77' lang='grc' dir='ltr'><strong>ἀπὸ</strong></span> <span class='ocrx_word' id='word_1_57' title='bbox 362 511 414 538; x_wconf 75' lang='grc' dir='ltr'><strong>τῶν</strong></span> <span class='ocrx_word' id='word_1_58' title='bbox 429 510 455 538; x_wconf 84' lang='grc' dir='ltr'><strong>ἐν</strong></span> <span class='ocrx_word' id='word_1_59' title='bbox 477 509 550 549; x_wconf 80' lang='grc' dir='ltr'>αὐτῷ</span> <span class='ocrx_word' id='word_1_60' title='bbox 569 509 715 548; x_wconf 77' lang='grc' dir='ltr'><strong>γινομένων</strong></span> <span class='ocrx_word' id='word_1_61' title='bbox 731 521 781 539; x_wconf 85' lang='grc' dir='ltr'>κα-</span> 
     </span>
    </p>
   </div>
   <div class='ocr_carea' id='block_1_9' title="bbox 20 553 782 594">
    <p class='ocr_par' dir='ltr' id='par_1_9' title="bbox 20 553 782 594">
     <span class='ocr_line' id='line_1_9' title="bbox 20 553 782 594; baseline 0 -11"><span class='ocrx_word' id='word_1_62' title='bbox 20 557 56 583; x_wconf 65' lang='grc' dir='ltr'>ὖν.</span> <span class='ocrx_word' id='word_1_63' title='bbox 73 555 269 594; x_wconf 78' lang='grc' dir='ltr'>Παραμυθεῖται</span> <span class='ocrx_word' id='word_1_64' title='bbox 295 553 321 582; x_wconf 79' lang='grc' dir='ltr'><strong>δὲ</strong></span> <span class='ocrx_word' id='word_1_65' title='bbox 349 554 394 583; x_wconf 82' lang='grc' dir='ltr'><strong>καὶ</strong></span> <span class='ocrx_word' id='word_1_66' title='bbox 422 554 474 582; x_wconf 79' lang='grc' dir='ltr'>ἀπὸ</span> <span class='ocrx_word' id='word_1_67' title='bbox 500 557 546 584; x_wconf 73' lang='grc' dir='ltr'><strong>τοῦ</strong></span> <span class='ocrx_word' id='word_1_68' title='bbox 571 553 654 588; x_wconf 81' lang='grc' dir='ltr'>δεῖξαι</span> <span class='ocrx_word' id='word_1_69' title='bbox 679 553 782 594; x_wconf 73' lang='grc' dir='ltr'>βραχὺν</span> 
     </span>
    </p>
   </div>
   <div class='ocr_carea' id='block_1_10' title="bbox 20 597 781 639">
    <p class='ocr_par' dir='ltr' id='par_1_10' title="bbox 20 597 781 639">
     <span class='ocr_line' id='line_1_10' title="bbox 20 597 781 639; baseline 0.003 -13"><span class='ocrx_word' id='word_1_70' title='bbox 20 610 54 627; x_wconf 68' lang='grc' dir='ltr'><strong>ιτα</strong></span> <span class='ocrx_word' id='word_1_71' title='bbox 77 598 116 627; x_wconf 78' lang='grc' dir='ltr'><strong>τὸν</strong></span> <span class='ocrx_word' id='word_1_72' title='bbox 129 601 173 627; x_wconf 75' lang='grc' dir='ltr'><strong>τοῦ</strong></span> <span class='ocrx_word' id='word_1_73' title='bbox 197 597 314 635; x_wconf 84' lang='grc' dir='ltr'>πολέμου</span> <span class='ocrx_word' id='word_1_74' title='bbox 341 598 443 638; x_wconf 83' lang='grc' dir='ltr'>καιρόν.</span> <span class='ocrx_word' id='word_1_75' title='bbox 463 598 514 628; x_wconf 80' lang='grc' dir='ltr'>Διὰ</span> <span class='ocrx_word' id='word_1_76' title='bbox 531 598 582 638; x_wconf 81' lang='grc' dir='ltr'>γὰρ</span> <span class='ocrx_word' id='word_1_77' title='bbox 608 601 655 628; x_wconf 77' lang='grc' dir='ltr'><strong>τοῦ</strong></span> <span class='ocrx_word' id='word_1_78' title='bbox 678 598 781 639; x_wconf 84' lang='grc' dir='ltr'>ἡμέραν</span> 
     </span>
    </p>
   </div>
   <div class='ocr_carea' id='block_1_11' title="bbox 20 642 366 683">
    <p class='ocr_par' dir='ltr' id='par_1_11' title="bbox 20 642 366 683">
     <span class='ocr_line' id='line_1_11' title="bbox 20 642 366 683; baseline 0 -12"><span class='ocrx_word' id='word_1_79' title='bbox 20 643 85 678; x_wconf 71' lang='grc' dir='ltr'><strong>ὶπεῖν,</strong></span> <span class='ocrx_word' id='word_1_80' title='bbox 99 643 126 673; x_wconf 86' lang='grc' dir='ltr'><strong>τὸ</strong></span> <span class='ocrx_word' id='word_1_81' title='bbox 139 642 226 683; x_wconf 75' lang='grc' dir='ltr'>βραχὺ</span> <span class='ocrx_word' id='word_1_82' title='bbox 241 642 366 678; x_wconf 80' lang='grc' dir='ltr'>ἐδήλωσε.</span> 
     </span>
    </p>
   </div>
   <div class='ocr_carea' id='block_1_12' title="bbox 39 687 782 728">
    <p class='ocr_par' dir='ltr' id='par_1_12' title="bbox 39 687 782 728">
     <span class='ocr_line' id='line_1_12' title="bbox 39 687 782 728; baseline 0 -11"><span class='ocrx_word' id='word_1_83' title='bbox 39 702 49 713; x_wconf 76' lang='grc' dir='ltr'><strong>ι</strong></span> <span class='ocrx_word' id='word_1_84' title='bbox 62 689 111 718; x_wconf 83' lang='grc' dir='ltr'>Καὶ</span> <span class='ocrx_word' id='word_1_85' title='bbox 135 687 241 717; x_wconf 76' lang='grc' dir='ltr'>ἅπαντα</span> <span class='ocrx_word' id='word_1_86' title='bbox 263 688 492 728; x_wconf 75' lang='grc' dir='ltr'><strong>κατεργασάμενοι</strong></span> <span class='ocrx_word' id='word_1_87' title='bbox 513 690 616 724; x_wconf 67' lang='grc' dir='ltr'>στῆναι.</span> <span class='ocrx_word' id='word_1_88' title='bbox 633 703 645 714; x_wconf 75' lang='grc' dir='ltr'>υ</span> <span class='ocrx_word' id='word_1_89' title='bbox 660 688 782 718; x_wconf 79' lang='grc' dir='ltr'>Ἅπαντα</span> 
     </span>
    </p>
   </div>
   <div class='ocr_carea' id='block_1_13' title="bbox 21 731 784 774">
    <p class='ocr_par' dir='ltr' id='par_1_13' title="bbox 21 731 784 774">
     <span class='ocr_line' id='line_1_13' title="bbox 21 731 784 774; baseline 0.001 -13"><span class='ocrx_word' id='word_1_90' title='bbox 21 732 122 769; x_wconf 75' lang='grc' dir='ltr'>ὰπάθη,</span> <span class='ocrx_word' id='word_1_91' title='bbox 147 732 192 761; x_wconf 80' lang='grc' dir='ltr'><strong>καὶ</strong></span> <span class='ocrx_word' id='word_1_92' title='bbox 215 731 262 766; x_wconf 80' lang='grc' dir='ltr'>τὰς</span> <span class='ocrx_word' id='word_1_93' title='bbox 281 733 396 766; x_wconf 73' lang='grc' dir='ltr'>ἀτόπους</span> <span class='ocrx_word' id='word_1_94' title='bbox 425 733 564 771; x_wconf 74' lang='grc' dir='ltr'>ἐπιθυμίας</span> <span class='ocrx_word' id='word_1_95' title='bbox 581 734 784 774; x_wconf 82' lang='grc' dir='ltr'>κατεργασάμε-</span> 
     </span>
    </p>
   </div>
   <div class='ocr_carea' id='block_1_14' title="bbox 20 777 783 816">
    <p class='ocr_par' dir='ltr' id='par_1_14' title="bbox 20 777 783 816">
     <span class='ocr_line' id='line_1_14' title="bbox 20 777 783 816; baseline 0.004 -11"><span class='ocrx_word' id='word_1_96' title='bbox 20 789 50 812; x_wconf 88' lang='grc' dir='ltr'>οι,</span> <span class='ocrx_word' id='word_1_97' title='bbox 63 777 173 806; x_wconf 81' lang='grc' dir='ltr'><strong>τουτέστι</strong></span> <span class='ocrx_word' id='word_1_98' title='bbox 187 777 473 816; x_wconf 73' lang='grc' dir='ltr'>καταπολεμήσαντες,</span> <span class='ocrx_word' id='word_1_99' title='bbox 491 777 655 810; x_wconf 79' lang='grc' dir='ltr'>καθελόντες.</span> <span class='ocrx_word' id='word_1_100' title='bbox 671 777 783 814; x_wconf 84' lang='grc' dir='ltr'>Ἐπειδὴ</span> 
     </span>
    </p>
   </div>
   <div class='ocr_carea' id='block_1_15' title="bbox 21 821 780 863">
    <p class='ocr_par' dir='ltr' id='par_1_15' title="bbox 21 821 780 863">
     <span class='ocr_line' id='line_1_15' title="bbox 21 821 780 863; baseline 0.001 -13"><span class='ocrx_word' id='word_1_101' title='bbox 41 822 124 852; x_wconf 72' lang='grc' dir='ltr'>πολλοὶ</span> <span class='ocrx_word' id='word_1_102' title='bbox 137 821 204 860; x_wconf 80' lang='grc' dir='ltr'>μετὰ</span> <span class='ocrx_word' id='word_1_103' title='bbox 219 822 248 850; x_wconf 80' lang='grc' dir='ltr'><strong>τὸ</strong></span> <span class='ocrx_word' id='word_1_104' title='bbox 261 824 369 857; x_wconf 76' lang='grc' dir='ltr'>νικῆσαι</span> <span class='ocrx_word' id='word_1_105' title='bbox 382 822 491 860; x_wconf 81' lang='grc' dir='ltr'>ἔπεσον,</span> <span class='ocrx_word' id='word_1_106' title='bbox 505 822 571 863; x_wconf 74' lang='grc' dir='ltr'>φησί</span> <span class='ocrx_word' id='word_1_107' title='bbox 583 834 588 841; x_wconf 94' lang='grc'><strong>·</strong></span> <span class='ocrx_word' id='word_1_108' title='bbox 605 834 619 852; x_wconf 87' lang='grc' dir='ltr'>ι(</span> <span class='ocrx_word' id='word_1_109' title='bbox 636 824 746 858; x_wconf 79' lang='grc' dir='ltr'>Στῆναι.</span> <span class='ocrx_word' id='word_1_110' title='bbox 765 835 780 850; x_wconf 72' lang='lat' dir='ltr'><strong>in</strong></span> 
     </span>
    </p>
   </div>
   <div class='ocr_carea' id='block_1_16' title="bbox 20 866 820 906">
    <p class='ocr_par' dir='ltr' id='par_1_16' title="bbox 20 866 820 906">
     <span class='ocr_line' id='line_1_16' title="bbox 20 866 820 906; baseline 0.003 -12"><span class='ocrx_word' id='word_1_111' title='bbox 20 866 46 895; x_wconf 67' lang='grc' dir='ltr'><strong>ιεῖ</strong></span> <span class='ocrx_word' id='word_1_112' title='bbox 59 866 104 905; x_wconf 66' lang='grc' dir='ltr'>γὰρ</span> <span class='ocrx_word' id='word_1_113' title='bbox 127 866 193 901; x_wconf 85' lang='grc' dir='ltr'>μετὰ</span> <span class='ocrx_word' id='word_1_114' title='bbox 208 866 258 901; x_wconf 83' lang='grc' dir='ltr'><strong>τὴν</strong></span> <span class='ocrx_word' id='word_1_115' title='bbox 273 867 348 901; x_wconf 85' lang='grc' dir='ltr'>νίκην</span> <span class='ocrx_word' id='word_1_116' title='bbox 371 867 502 903; x_wconf 79' lang='grc' dir='ltr'>στάσεως,</span> <span class='ocrx_word' id='word_1_117' title='bbox 524 866 567 895; x_wconf 77' lang='grc' dir='ltr'><strong>ἵνα</strong></span> <span class='ocrx_word' id='word_1_118' title='bbox 584 868 620 906; x_wconf 85' lang='grc' dir='ltr'><strong>μὴ</strong></span> <span class='ocrx_word' id='word_1_119' title='bbox 643 869 657 896; x_wconf 85' lang='grc' dir='ltr'><strong>ὁ</strong></span> <span class='ocrx_word' id='word_1_120' title='bbox 672 867 783 903; x_wconf 76' lang='grc' dir='ltr'>νικηθεὶς</span> <span class='ocrx_word' id='word_1_121' title='bbox 796 872 820 903; x_wconf 87' lang='grc' dir='ltr'>Β</span> 
     </span>
    </p>
   </div>
   <div class='ocr_carea' id='block_1_17' title="bbox 20 911 784 952">
    <p class='ocr_par' dir='ltr' id='par_1_17' title="bbox 20 911 784 952">
     <span class='ocr_line' id='line_1_17' title="bbox 20 911 784 952; baseline 0.005 -15"><span class='ocrx_word' id='word_1_122' title='bbox 20 912 72 940; x_wconf 68' lang='grc' dir='ltr'>τάλιν</span> <span class='ocrx_word' id='word_1_123' title='bbox 82 911 295 951; x_wconf 71' lang='grc' dir='ltr'>ἀναμαχέσηται.</span> <span class='ocrx_word' id='word_1_124' title='bbox 315 912 346 940; x_wconf 75' lang='grc' dir='ltr'><strong>ΙΞῖ</strong></span> <span class='ocrx_word' id='word_1_125' title='bbox 359 911 409 952; x_wconf 82' lang='grc' dir='ltr'>γὰρ</span> <span class='ocrx_word' id='word_1_126' title='bbox 429 912 634 952; x_wconf 75' lang='grc' dir='ltr'>ῥᾳθυμήσομεν,</span> <span class='ocrx_word' id='word_1_127' title='bbox 659 912 784 948; x_wconf 78' lang='grc' dir='ltr'>ἀναζήσει</span> 
     </span>
    </p>
   </div>
   <div class='ocr_carea' id='block_1_18' title="bbox 20 955 784 997">
    <p class='ocr_par' dir='ltr' id='par_1_18' title="bbox 20 955 784 997">
     <span class='ocr_line' id='line_1_18' title="bbox 20 955 784 997; baseline 0.003 -13"><span class='ocrx_word' id='word_1_128' title='bbox 20 955 94 989; x_wconf 57' lang='lat' dir='ltr'><strong>ivro);</strong></span> <span class='ocrx_word' id='word_1_129' title='bbox 108 958 121 984; x_wconf 84' lang='grc' dir='ltr'>ὁ</span> <span class='ocrx_word' id='word_1_130' title='bbox 143 956 282 995; x_wconf 77' lang='grc' dir='ltr'>νεκρωθεὶς</span> <span class='ocrx_word' id='word_1_131' title='bbox 296 956 321 975; x_wconf 75' lang='grc' dir='ltr'><strong>⁸ο</strong></span> <span class='ocrx_word' id='word_1_132' title='bbox 334 955 434 996; x_wconf 79' lang='grc' dir='ltr'>ἐχθρός.</span> <span class='ocrx_word' id='word_1_133' title='bbox 449 955 523 997; x_wconf 73' lang='grc' dir='ltr'>⁶ορα</span> <span class='ocrx_word' id='word_1_134' title='bbox 551 956 594 994; x_wconf 77' lang='grc' dir='ltr'><strong>δὲ,</strong></span> <span class='ocrx_word' id='word_1_135' title='bbox 614 956 654 986; x_wconf 76' lang='grc' dir='ltr'><strong>ὅτι</strong></span> <span class='ocrx_word' id='word_1_136' title='bbox 676 957 784 986; x_wconf 79' lang='grc' dir='ltr'>δυνατὸν</span> 
     </span>
    </p>
   </div>
   <div class='ocr_carea' id='block_1_19' title="bbox 20 999 783 1042">
    <p class='ocr_par' dir='ltr' id='par_1_19' title="bbox 20 999 783 1042">
     <span class='ocr_line' id='line_1_19' title="bbox 20 999 783 1042; baseline 0.001 -13"><span class='ocrx_word' id='word_1_137' title='bbox 20 999 255 1040; x_wconf 64' lang='grc' dir='ltr'>οχατεργάσασθαι</span> <span class='ocrx_word' id='word_1_138' title='bbox 281 1000 327 1030; x_wconf 80' lang='grc' dir='ltr'><strong>καὶ</strong></span> <span class='ocrx_word' id='word_1_139' title='bbox 356 1002 468 1037; x_wconf 81' lang='grc' dir='ltr'>στῆναι,</span> <span class='ocrx_word' id='word_1_140' title='bbox 501 1001 546 1030; x_wconf 80' lang='grc' dir='ltr'><strong>καὶ</strong></span> <span class='ocrx_word' id='word_1_141' title='bbox 573 1002 621 1030; x_wconf 79' lang='grc' dir='ltr'>οὐκ</span> <span class='ocrx_word' id='word_1_142' title='bbox 646 1001 783 1042; x_wconf 66' lang='grc' dir='ltr'>ὀφείλομεν</span> 
     </span>
    </p>
   </div>
   <div class='ocr_carea' id='block_1_20' title="bbox 21 1045 784 1086">
    <p class='ocr_par' dir='ltr' id='par_1_20' title="bbox 21 1045 784 1086">
     <span class='ocr_line' id='line_1_20' title="bbox 21 1045 784 1086; baseline 0.004 -14"><span class='ocrx_word' id='word_1_143' title='bbox 21 1045 81 1073; x_wconf 71' lang='grc' dir='ltr'>οιπὸν</span> <span class='ocrx_word' id='word_1_144' title='bbox 110 1046 253 1085; x_wconf 69' lang='grc' dir='ltr'>ῥᾳθυμεῖν,</span> <span class='ocrx_word' id='word_1_145' title='bbox 290 1046 512 1086; x_wconf 72' lang='grc' dir='ltr'>προφασιζόμενοι</span> <span class='ocrx_word' id='word_1_146' title='bbox 550 1047 590 1075; x_wconf 76' lang='grc' dir='ltr'>ὅτι</span> <span class='ocrx_word' id='word_1_147' title='bbox 626 1046 732 1076; x_wconf 74' lang='grc' dir='ltr'>δυνατοὶ</span> <span class='ocrx_word' id='word_1_148' title='bbox 760 1047 784 1075; x_wconf 78' lang='grc' dir='ltr'>οἷ</span> 
     </span>
    </p>
   </div>
   <div class='ocr_carea' id='block_1_21' title="bbox 20 1089 782 1129">
    <p class='ocr_par' dir='ltr' id='par_1_21' title="bbox 20 1089 782 1129">
     <span class='ocr_line' id='line_1_21' title="bbox 20 1089 782 1129; baseline 0.005 -13"><span class='ocrx_word' id='word_1_149' title='bbox 20 1089 89 1129; x_wconf 51' lang='grc' dir='ltr'>λθροί.</span> <span class='ocrx_word' id='word_1_150' title='bbox 114 1089 166 1120; x_wconf 83' lang='grc' dir='ltr'>Καὶ</span> <span class='ocrx_word' id='word_1_151' title='bbox 181 1089 234 1129; x_wconf 76' lang='grc' dir='ltr'>γὰρ</span> <span class='ocrx_word' id='word_1_152' title='bbox 252 1089 508 1128; x_wconf 77' lang='grc' dir='ltr'>ἐνεδυναμώθημεν,</span> <span class='ocrx_word' id='word_1_153' title='bbox 535 1090 579 1119; x_wconf 82' lang='grc' dir='ltr'><strong>καὶ</strong></span> <span class='ocrx_word' id='word_1_154' title='bbox 597 1090 721 1126; x_wconf 73' lang='grc' dir='ltr'>τοιαύτην</span> <span class='ocrx_word' id='word_1_155' title='bbox 738 1090 782 1120; x_wconf 84' lang='grc' dir='ltr'><strong>τέ-</strong></span> 
     </span>
    </p>
   </div>
   <div class='ocr_carea' id='block_1_22' title="bbox 20 1134 783 1175">
    <p class='ocr_par' dir='ltr' id='par_1_22' title="bbox 20 1134 783 1175">
     <span class='ocr_line' id='line_1_22' title="bbox 20 1134 783 1175; baseline 0.003 -13"><span class='ocrx_word' id='word_1_156' title='bbox 20 1146 61 1172; x_wconf 39' lang='grc' dir='ltr'>,νην</span> <span class='ocrx_word' id='word_1_157' title='bbox 77 1134 251 1174; x_wconf 75' lang='grc' dir='ltr'>ἐδιδάχθημεν</span> <span class='ocrx_word' id='word_1_158' title='bbox 264 1134 286 1152; x_wconf 77' lang='grc'><strong>⁸⁸</strong></span> <span class='ocrx_word' id='word_1_159' title='bbox 300 1159 309 1173; x_wconf 82' lang='grc'><strong>,</strong></span> <span class='ocrx_word' id='word_1_160' title='bbox 329 1134 400 1164; x_wconf 84' lang='grc' dir='ltr'>ὥστε</span> <span class='ocrx_word' id='word_1_161' title='bbox 421 1135 468 1164; x_wconf 78' lang='grc' dir='ltr'><strong>καὶ</strong></span> <span class='ocrx_word' id='word_1_162' title='bbox 481 1134 546 1175; x_wconf 75' lang='grc' dir='ltr'>πρὸς</span> <span class='ocrx_word' id='word_1_163' title='bbox 561 1135 686 1173; x_wconf 80' lang='grc' dir='ltr'>δαίμονας</span> <span class='ocrx_word' id='word_1_164' title='bbox 705 1135 783 1165; x_wconf 76' lang='grc' dir='ltr'>δύνα-</span> 
     </span>
    </p>
   </div>
   <div class='ocr_carea' id='block_1_23' title="bbox 20 1179 784 1217">
    <p class='ocr_par' dir='ltr' id='par_1_23' title="bbox 20 1179 784 1217">
     <span class='ocr_line' id='line_1_23' title="bbox 20 1179 784 1217; baseline 0.003 -10"><span class='ocrx_word' id='word_1_165' title='bbox 20 1180 58 1207; x_wconf 81' lang='grc' dir='ltr'>·οαι</span> <span class='ocrx_word' id='word_1_166' title='bbox 70 1179 185 1208; x_wconf 81' lang='grc' dir='ltr'>παλαίειν</span> <span class='ocrx_word' id='word_1_167' title='bbox 199 1191 205 1198; x_wconf 86' lang='grc'>·</span> <span class='ocrx_word' id='word_1_168' title='bbox 224 1180 326 1217; x_wconf 77' lang='grc' dir='ltr'>μᾶλλον</span> <span class='ocrx_word' id='word_1_169' title='bbox 344 1179 371 1208; x_wconf 84' lang='grc' dir='ltr'><em>δὲ</em></span> <span class='ocrx_word' id='word_1_170' title='bbox 393 1179 452 1209; x_wconf 83' lang='grc' dir='ltr'>οὐδὲ</span> <span class='ocrx_word' id='word_1_171' title='bbox 467 1179 608 1215; x_wconf 83' lang='grc' dir='ltr'>παλαίειν,</span> <span class='ocrx_word' id='word_1_172' title='bbox 633 1181 691 1208; x_wconf 80' lang='grc' dir='ltr'>ἀλλ’</span> <span class='ocrx_word' id='word_1_173' title='bbox 704 1181 784 1213; x_wconf 69' lang='grc' dir='ltr'>οὕτως</span> 
     </span>
    </p>
   </div>
   <div class='ocr_carea' id='block_1_24' title="bbox 20 1218 785 1264">
    <p class='ocr_par' dir='ltr' id='par_1_24' title="bbox 20 1218 785 1264">
     <span class='ocr_line' id='line_1_24' title="bbox 20 1218 785 1264; baseline 0.005 -14"><span class='ocrx_word' id='word_1_174' title='bbox 20 1218 61 1251; x_wconf 74' lang='lat' dir='ltr'><strong>im</strong></span> <span class='ocrx_word' id='word_1_175' title='bbox 75 1223 174 1264; x_wconf 78' lang='grc' dir='ltr'>φοϐεροὶ</span> <span class='ocrx_word' id='word_1_176' title='bbox 198 1225 255 1258; x_wconf 84' lang='grc' dir='ltr'>τοῖς</span> <span class='ocrx_word' id='word_1_177' title='bbox 278 1223 401 1263; x_wconf 78' lang='grc' dir='ltr'>δαίμοσι,</span> <span class='ocrx_word' id='word_1_178' title='bbox 421 1224 464 1254; x_wconf 71' lang='grc' dir='ltr'><strong>διὰ</strong></span> <span class='ocrx_word' id='word_1_179' title='bbox 485 1225 533 1260; x_wconf 77' lang='grc' dir='ltr'><strong>τὴν</strong></span> <span class='ocrx_word' id='word_1_180' title='bbox 560 1227 606 1254; x_wconf 74' lang='grc' dir='ltr'><strong>τοῦ</strong></span> <span class='ocrx_word' id='word_1_181' title='bbox 627 1226 785 1258; x_wconf 75' lang='grc' dir='ltr'>ἐνοικοῦντος</span> 
     </span>
    </p>
   </div>
   <div class='ocr_carea' id='block_1_25' title="bbox 20 1268 784 1308">
    <p class='ocr_par' dir='ltr' id='par_1_25' title="bbox 20 1268 784 1308">
     <span class='ocr_line' id='line_1_25' title="bbox 20 1268 784 1308; baseline 0.001 -11"><span class='ocrx_word' id='word_1_182' title='bbox 20 1269 96 1305; x_wconf 75' lang='grc' dir='ltr'>ἰἠμὶν</span> <span class='ocrx_word' id='word_1_183' title='bbox 120 1269 246 1308; x_wconf 81' lang='grc' dir='ltr'>δύναμιν,</span> <span class='ocrx_word' id='word_1_184' title='bbox 276 1268 344 1298; x_wconf 79' lang='grc' dir='ltr'>ὥστε</span> <span class='ocrx_word' id='word_1_185' title='bbox 370 1269 437 1307; x_wconf 83' lang='grc' dir='ltr'>μηδὲ</span> <span class='ocrx_word' id='word_1_186' title='bbox 463 1269 549 1306; x_wconf 83' lang='grc' dir='ltr'>πάλης</span> <span class='ocrx_word' id='word_1_187' title='bbox 572 1270 688 1308; x_wconf 79' lang='grc' dir='ltr'>δεῖσθαι,</span> <span class='ocrx_word' id='word_1_188' title='bbox 716 1270 784 1299; x_wconf 81' lang='grc' dir='ltr'>ἀλλὰ</span> 
     </span>
    </p>
   </div>
   <div class='ocr_carea' id='block_1_26' title="bbox 20 1313 784 1354">
    <p class='ocr_par' dir='ltr' id='par_1_26' title="bbox 20 1313 784 1354">
     <span class='ocr_line' id='line_1_26' title="bbox 20 1313 784 1354; baseline 0.004 -14"><span class='ocrx_word' id='word_1_189' title='bbox 20 1314 84 1341; x_wconf 69' lang='grc' dir='ltr'>τττεῖν</span> <span class='ocrx_word' id='word_1_190' title='bbox 97 1313 182 1343; x_wconf 76' lang='grc' dir='ltr'>ἐπάνω</span> <span class='ocrx_word' id='word_1_191' title='bbox 200 1314 288 1354; x_wconf 71' lang='grc' dir='ltr'>ὄφεων</span> <span class='ocrx_word' id='word_1_192' title='bbox 315 1313 360 1342; x_wconf 74' lang='grc' dir='ltr'>καὶ</span> <span class='ocrx_word' id='word_1_193' title='bbox 381 1314 525 1354; x_wconf 85' lang='grc' dir='ltr'>σκορπίων.</span> <span class='ocrx_word' id='word_1_194' title='bbox 548 1316 642 1344; x_wconf 74' lang='grc' dir='ltr'>Ταῦτα</span> <span class='ocrx_word' id='word_1_195' title='bbox 671 1314 697 1344; x_wconf 82' lang='grc' dir='ltr'><strong>δὲ</strong></span> <span class='ocrx_word' id='word_1_196' title='bbox 715 1314 784 1353; x_wconf 83' lang='grc' dir='ltr'>λέγει</span> 
     </span>
    </p>
   </div>
   <div class='ocr_carea' id='block_1_27' title="bbox 20 1353 784 1397">
    <p class='ocr_par' dir='ltr' id='par_1_27' title="bbox 20 1353 784 1397">
     <span class='ocr_line' id='line_1_27' title="bbox 20 1353 784 1397; baseline 0.004 -12"><span class='ocrx_word' id='word_1_197' title='bbox 20 1358 114 1396; x_wconf 67' lang='grc' dir='ltr'>Ῐιῖλος,</span> <span class='ocrx_word' id='word_1_198' title='bbox 139 1357 233 1393; x_wconf 80' lang='grc' dir='ltr'>ἐπειδὴ</span> <span class='ocrx_word' id='word_1_199' title='bbox 255 1358 348 1387; x_wconf 78' lang='grc' dir='ltr'>πολλοὶ</span> <span class='ocrx_word' id='word_1_200' title='bbox 363 1353 437 1394; x_wconf 70' lang='grc' dir='ltr'>ἦσαν</span> <span class='ocrx_word' id='word_1_201' title='bbox 456 1360 479 1388; x_wconf 80' lang='grc' dir='ltr'><strong>οἱ</strong></span> <span class='ocrx_word' id='word_1_202' title='bbox 495 1359 668 1397; x_wconf 75' lang='grc' dir='ltr'>ἀντικείμενοι</span> <span class='ocrx_word' id='word_1_203' title='bbox 683 1360 784 1395; x_wconf 82' lang='grc' dir='ltr'>αὐτοῖς,</span> 
     </span>
    </p>
   </div>
   <div class='ocr_carea' id='block_1_28' title="bbox 24 1402 784 1442">
    <p class='ocr_par' dir='ltr' id='par_1_28' title="bbox 24 1402 784 1442">
     <span class='ocr_line' id='line_1_28' title="bbox 24 1402 784 1442; baseline 0.003 -12"><span class='ocrx_word' id='word_1_204' title='bbox 24 1402 120 1431; x_wconf 70' lang='grc' dir='ltr'>ιέάσκων</span> <span class='ocrx_word' id='word_1_205' title='bbox 141 1402 179 1432; x_wconf 78' lang='grc' dir='ltr'>ὅτι</span> <span class='ocrx_word' id='word_1_206' title='bbox 199 1403 227 1433; x_wconf 74' lang='grc' dir='ltr'>οἳ</span> <span class='ocrx_word' id='word_1_207' title='bbox 257 1402 380 1439; x_wconf 81' lang='grc' dir='ltr'>δαίμονες</span> <span class='ocrx_word' id='word_1_208' title='bbox 405 1405 470 1441; x_wconf 83' lang='grc' dir='ltr'>ἡμῖν</span> <span class='ocrx_word' id='word_1_209' title='bbox 498 1404 644 1441; x_wconf 78' lang='grc' dir='ltr'>πολεμοῦσι</span> <span class='ocrx_word' id='word_1_210' title='bbox 672 1403 714 1433; x_wconf 76' lang='grc' dir='ltr'><strong>διὰ</strong></span> <span class='ocrx_word' id='word_1_211' title='bbox 733 1404 784 1442; x_wconf 82' lang='grc' dir='ltr'><strong>μέ-</strong></span> 
     </span>
    </p>
   </div>
   <div class='ocr_carea' id='block_1_29' title="bbox 20 1437 823 1489">
    <p class='ocr_par' dir='ltr' id='par_1_29' title="bbox 20 1437 823 1489">
     <span class='ocr_line' id='line_1_29' title="bbox 20 1437 823 1489; baseline 0.007 -17"><span class='ocrx_word' id='word_1_212' title='bbox 20 1457 53 1473; x_wconf 69' lang='lat' dir='ltr'><strong>tow</strong></span> <span class='ocrx_word' id='word_1_213' title='bbox 73 1448 151 1476; x_wconf 72' lang='grc' dir='ltr'>αὐτῶν</span> <span class='ocrx_word' id='word_1_214' title='bbox 160 1448 197 1478; x_wconf 74' lang='grc'><strong>⁸².</strong></span> <span class='ocrx_word' id='word_1_215' title='bbox 219 1437 310 1478; x_wconf 58' lang='lat' dir='ltr'><strong>&quot;Qa-1e</strong></span> <span class='ocrx_word' id='word_1_216' title='bbox 328 1447 366 1486; x_wconf 80' lang='grc' dir='ltr'><strong>μὴ</strong></span> <span class='ocrx_word' id='word_1_217' title='bbox 387 1437 442 1481; x_wconf 67' lang='lat' dir='ltr'><strong>rei:</strong></span> <span class='ocrx_word' id='word_1_218' title='bbox 465 1437 611 1488; x_wconf 70' lang='grc' dir='ltr'>ἀνθρώποις</span> <span class='ocrx_word' id='word_1_219' title='bbox 635 1437 784 1489; x_wconf 76' lang='grc' dir='ltr'>ὀργίζεσθε,</span> <span class='ocrx_word' id='word_1_220' title='bbox 799 1437 823 1469; x_wconf 78' lang='lat' dir='ltr'><strong>C</strong></span> 
     </span>
    </p>
   </div>
   <div class='ocr_carea' id='block_1_30' title="bbox 20 1490 571 1533">
    <p class='ocr_par' dir='ltr' id='par_1_30' title="bbox 20 1490 571 1533">
     <span class='ocr_line' id='line_1_30' title="bbox 20 1490 571 1533; baseline 0.011 -16"><span class='ocrx_word' id='word_1_221' title='bbox 20 1490 65 1519; x_wconf 64' lang='grc' dir='ltr'>ὶὶλὰ</span> <span class='ocrx_word' id='word_1_222' title='bbox 77 1492 135 1532; x_wconf 81' lang='grc' dir='ltr'>πρὸς</span> <span class='ocrx_word' id='word_1_223' title='bbox 148 1492 206 1526; x_wconf 79' lang='grc' dir='ltr'>τοὺς</span> <span class='ocrx_word' id='word_1_224' title='bbox 219 1492 349 1531; x_wconf 80' lang='grc' dir='ltr'>δαίμονας</span> <span class='ocrx_word' id='word_1_225' title='bbox 364 1492 571 1533; x_wconf 80' lang='grc' dir='ltr'>αὖστηρεύεσθε.</span> 
     </span>
    </p>
   </div>
   <div class='ocr_carea' id='block_1_31' title="bbox 46 1623 786 1668">
    <p class='ocr_par' dir='ltr' id='par_1_31' title="bbox 46 1623 786 1668">
     <span class='ocr_line' id='line_1_31' title="bbox 46 1623 786 1668; baseline 0.004 -13"><span class='ocrx_word' id='word_1_226' title='bbox 46 1639 54 1649; x_wconf 72' lang='grc' dir='ltr'><em>κ</em></span> <span class='ocrx_word' id='word_1_227' title='bbox 69 1627 146 1662; x_wconf 76' lang='grc' dir='ltr'>Στῆτε</span> <span class='ocrx_word' id='word_1_228' title='bbox 166 1623 208 1657; x_wconf 66' lang='grc' dir='ltr'><strong>οὖν</strong></span> <span class='ocrx_word' id='word_1_229' title='bbox 233 1627 445 1667; x_wconf 74' lang='grc' dir='ltr'>περιζωσάμενοι</span> <span class='ocrx_word' id='word_1_230' title='bbox 468 1628 516 1664; x_wconf 79' lang='grc' dir='ltr'><strong>τὴν</strong></span> <span class='ocrx_word' id='word_1_231' title='bbox 545 1628 627 1668; x_wconf 73' lang='grc' dir='ltr'>ὀσφὺν</span> <span class='ocrx_word' id='word_1_232' title='bbox 655 1630 729 1667; x_wconf 78' lang='grc' dir='ltr'>ὓμῶν</span> <span class='ocrx_word' id='word_1_233' title='bbox 760 1631 786 1658; x_wconf 83' lang='grc' dir='ltr'>ἐν</span> 
     </span>
    </p>
   </div>
   <div class='ocr_carea' id='block_1_32' title="bbox 20 1669 785 1712">
    <p class='ocr_par' dir='ltr' id='par_1_32' title="bbox 20 1669 785 1712">
     <span class='ocr_line' id='line_1_32' title="bbox 20 1669 785 1712; baseline 0.009 -16"><span class='ocrx_word' id='word_1_234' title='bbox 20 1669 114 1709; x_wconf 61' lang='grc' dir='ltr'>ἱὶηθείᾳ.</span> <span class='ocrx_word' id='word_1_235' title='bbox 132 1685 142 1697; x_wconf 77' lang='grc' dir='ltr'><strong><em>ι</em></strong></span> <span class='ocrx_word' id='word_1_236' title='bbox 162 1671 207 1702; x_wconf 88' lang='grc' dir='ltr'><strong>Ἐν</strong></span> <span class='ocrx_word' id='word_1_237' title='bbox 230 1677 285 1705; x_wconf 82' lang='grc' dir='ltr'>τοῖς</span> <span class='ocrx_word' id='word_1_238' title='bbox 306 1677 437 1706; x_wconf 78' lang='grc' dir='ltr'>τακτικοῖς</span> <span class='ocrx_word' id='word_1_239' title='bbox 463 1673 567 1712; x_wconf 74' lang='grc' dir='ltr'>πρῶτόν</span> <span class='ocrx_word' id='word_1_240' title='bbox 591 1675 647 1702; x_wconf 81' lang='grc' dir='ltr'>ἐστι</span> <span class='ocrx_word' id='word_1_241' title='bbox 666 1673 696 1703; x_wconf 83' lang='grc' dir='ltr'><strong>τὸ</strong></span> <span class='ocrx_word' id='word_1_242' title='bbox 718 1675 785 1704; x_wconf 69' lang='grc' dir='ltr'>εἰδέ-</span> 
     </span>
    </p>
   </div>
   <div class='ocr_carea' id='block_1_33' title="bbox 20 1716 784 1756">
    <p class='ocr_par' dir='ltr' id='par_1_33' title="bbox 20 1716 784 1756">
     <span class='ocr_line' id='line_1_33' title="bbox 20 1716 784 1756; baseline 0.009 -16"><span class='ocrx_word' id='word_1_243' title='bbox 20 1724 46 1741; x_wconf 68' lang='grc' dir='ltr'><strong>ναι</strong></span> <span class='ocrx_word' id='word_1_244' title='bbox 59 1716 156 1745; x_wconf 75' lang='grc' dir='ltr'>ἑστάναι</span> <span class='ocrx_word' id='word_1_245' title='bbox 170 1718 258 1750; x_wconf 78' lang='grc' dir='ltr'>καλῶς</span> <span class='ocrx_word' id='word_1_246' title='bbox 270 1728 277 1735; x_wconf 90' lang='grc'><strong>·</strong></span> <span class='ocrx_word' id='word_1_247' title='bbox 298 1717 342 1746; x_wconf 68' lang='grc' dir='ltr'>διὰ</span> <span class='ocrx_word' id='word_1_248' title='bbox 361 1721 437 1747; x_wconf 77' lang='grc' dir='ltr'>τοῦτο</span> <span class='ocrx_word' id='word_1_249' title='bbox 452 1719 560 1751; x_wconf 77' lang='grc' dir='ltr'>Παῦλος</span> <span class='ocrx_word' id='word_1_250' title='bbox 577 1718 638 1756; x_wconf 81' lang='grc' dir='ltr'>περὶ</span> <span class='ocrx_word' id='word_1_251' title='bbox 653 1720 699 1754; x_wconf 72' lang='grc' dir='ltr'><strong>τῆς</strong></span> <span class='ocrx_word' id='word_1_252' title='bbox 716 1719 784 1747; x_wconf 84' lang='grc' dir='ltr'>στοί-</span> 
     </span>
    </p>
   </div>
   <div class='ocr_carea' id='block_1_34' title="bbox 20 1761 787 1802">
    <p class='ocr_par' dir='ltr' id='par_1_34' title="bbox 20 1761 787 1802">
     <span class='ocr_line' id='line_1_34' title="bbox 20 1761 787 1802; baseline 0.008 -16"><span class='ocrx_word' id='word_1_253' title='bbox 20 1770 65 1791; x_wconf 73' lang='grc' dir='ltr'>ῖεως</span> <span class='ocrx_word' id='word_1_254' title='bbox 79 1762 194 1800; x_wconf 78' lang='grc' dir='ltr'>παραινεῖ</span> <span class='ocrx_word' id='word_1_255' title='bbox 207 1761 318 1800; x_wconf 80' lang='grc' dir='ltr'><strong>[λέγων]</strong></span> <span class='ocrx_word' id='word_1_256' title='bbox 334 1764 453 1802; x_wconf 79' lang='grc' dir='ltr'>πρῶτον,</span> <span class='ocrx_word' id='word_1_257' title='bbox 465 1764 556 1791; x_wconf 83' lang='grc' dir='ltr'>στάσιν</span> <span class='ocrx_word' id='word_1_258' title='bbox 570 1764 690 1792; x_wconf 76' lang='grc' dir='ltr'>ἀπαιτῶν</span> <span class='ocrx_word' id='word_1_259' title='bbox 707 1763 787 1792; x_wconf 77' lang='grc' dir='ltr'>εὔτα-</span> 
     </span>
    </p>
   </div>
   <div class='ocr_carea' id='block_1_35' title="bbox 20 1805 786 1847">
    <p class='ocr_par' dir='ltr' id='par_1_35' title="bbox 20 1805 786 1847">
     <span class='ocr_line' id='line_1_35' title="bbox 20 1805 786 1847; baseline 0.008 -15"><span class='ocrx_word' id='word_1_260' title='bbox 20 1814 78 1847; x_wconf 66' lang='lat' dir='ltr'><strong>Lm,</strong></span> <span class='ocrx_word' id='word_1_261' title='bbox 103 1805 145 1834; x_wconf 76' lang='grc' dir='ltr'><strong>χαὶ</strong></span> <span class='ocrx_word' id='word_1_262' title='bbox 168 1805 342 1845; x_wconf 72' lang='grc' dir='ltr'>στρατιώταις</span> <span class='ocrx_word' id='word_1_263' title='bbox 371 1806 537 1845; x_wconf 81' lang='grc' dir='ltr'>πρέπουσαν,</span> <span class='ocrx_word' id='word_1_264' title='bbox 565 1807 610 1836; x_wconf 78' lang='grc' dir='ltr'><strong>καὶ</strong></span> <span class='ocrx_word' id='word_1_265' title='bbox 634 1807 725 1847; x_wconf 82' lang='grc' dir='ltr'>ὀρθήν.</span> <span class='ocrx_word' id='word_1_266' title='bbox 752 1807 786 1838; x_wconf 90' lang='grc' dir='ltr'>Ὁ</span> 
     </span>
    </p>
   </div>
   <div class='ocr_carea' id='block_1_36' title="bbox 20 1846 785 1890">
    <p class='ocr_par' dir='ltr' id='par_1_36' title="bbox 20 1846 785 1890">
     <span class='ocr_line' id='line_1_36' title="bbox 20 1846 785 1890; baseline 0.007 -12"><span class='ocrx_word' id='word_1_267' title='bbox 20 1846 52 1887; x_wconf 63' lang='grc' dir='ltr'><strong>’ἄρ</strong></span> <span class='ocrx_word' id='word_1_268' title='bbox 73 1850 106 1888; x_wconf 81' lang='grc' dir='ltr'><strong>τῷ</strong></span> <span class='ocrx_word' id='word_1_269' title='bbox 132 1851 183 1879; x_wconf 80' lang='grc' dir='ltr'>ὄντι</span> <span class='ocrx_word' id='word_1_270' title='bbox 212 1850 296 1884; x_wconf 80' lang='grc' dir='ltr'>ἑστὼς</span> <span class='ocrx_word' id='word_1_271' title='bbox 329 1850 402 1890; x_wconf 78' lang='grc' dir='ltr'>ὀρθὸς</span> <span class='ocrx_word' id='word_1_272' title='bbox 426 1850 555 1888; x_wconf 77' lang='grc' dir='ltr'>ἔστηκεν,</span> <span class='ocrx_word' id='word_1_273' title='bbox 581 1853 628 1881; x_wconf 82' lang='grc' dir='ltr'>οὐκ</span> <span class='ocrx_word' id='word_1_274' title='bbox 651 1846 785 1883; x_wconf 17' lang='grc' dir='ltr'>νέπιχλινό-</span> 
     </span>
    </p>
   </div>
   <div class='ocr_carea' id='block_1_37' title="bbox 20 1893 785 1936">
    <p class='ocr_par' dir='ltr' id='par_1_37' title="bbox 20 1893 785 1936">
     <span class='ocr_line' id='line_1_37' title="bbox 20 1893 785 1936; baseline 0.008 -16"><span class='ocrx_word' id='word_1_275' title='bbox 20 1893 76 1926; x_wconf 74' lang='grc' dir='ltr'>ιενός</span> <span class='ocrx_word' id='word_1_276' title='bbox 85 1894 107 1911; x_wconf 70' lang='grc'><strong>⁸³</strong></span> <span class='ocrx_word' id='word_1_277' title='bbox 122 1906 185 1923; x_wconf 87' lang='grc' dir='ltr'>τινι·</span> <span class='ocrx_word' id='word_1_278' title='bbox 205 1896 241 1929; x_wconf 78' lang='grc' dir='ltr'><strong>ὣς</strong></span> <span class='ocrx_word' id='word_1_279' title='bbox 251 1894 267 1924; x_wconf 76' lang='lat'><strong><em>3</em></strong></span> <span class='ocrx_word' id='word_1_280' title='bbox 278 1907 307 1934; x_wconf 90' lang='grc' dir='ltr'>γε</span> <span class='ocrx_word' id='word_1_281' title='bbox 319 1896 356 1934; x_wconf 76' lang='grc' dir='ltr'><strong>μὴ</strong></span> <span class='ocrx_word' id='word_1_282' title='bbox 370 1895 452 1929; x_wconf 78' lang='grc' dir='ltr'>ἑστὼς</span> <span class='ocrx_word' id='word_1_283' title='bbox 477 1895 534 1925; x_wconf 81' lang='grc' dir='ltr'>οὐδὲ</span> <span class='ocrx_word' id='word_1_284' title='bbox 550 1897 623 1936; x_wconf 81' lang='grc' dir='ltr'>ὀρθός</span> <span class='ocrx_word' id='word_1_285' title='bbox 635 1897 717 1926; x_wconf 82' lang='grc' dir='ltr'>ἐστιν·</span> <span class='ocrx_word' id='word_1_286' title='bbox 732 1893 785 1927; x_wconf 73' lang='grc' dir='ltr'>οἷον</span> 
     </span>
    </p>
   </div>
   <div class='ocr_carea' id='block_1_38' title="bbox 20 1937 786 1982">
    <p class='ocr_par' dir='ltr' id='par_1_38' title="bbox 20 1937 786 1982">
     <span class='ocr_line' id='line_1_38' title="bbox 20 1937 786 1982; baseline 0.004 -15"><span class='ocrx_word' id='word_1_287' title='bbox 20 1937 129 1976; x_wconf 66' lang='grc' dir='ltr'>’λάγνος,</span> <span class='ocrx_word' id='word_1_288' title='bbox 155 1941 168 1968; x_wconf 76' lang='grc' dir='ltr'>ὁ</span> <span class='ocrx_word' id='word_1_289' title='bbox 188 1940 401 1979; x_wconf 74' lang='grc' dir='ltr'>φιλοχρήματος,</span> <span class='ocrx_word' id='word_1_290' title='bbox 427 1942 575 1982; x_wconf 65' lang='grc' dir='ltr'>ὁτρυφῶν,</span> <span class='ocrx_word' id='word_1_291' title='bbox 603 1943 652 1981; x_wconf 76' lang='grc' dir='ltr'><strong>οὐχ</strong></span> <span class='ocrx_word' id='word_1_292' title='bbox 678 1940 786 1972; x_wconf 73' lang='grc' dir='ltr'>ἵσταται</span> 
     </span>
    </p>
   </div>
   <div class='ocr_carea' id='block_1_39' title="bbox 20 1982 784 2021">
    <p class='ocr_par' dir='ltr' id='par_1_39' title="bbox 20 1982 784 2021">
     <span class='ocr_line' id='line_1_39' title="bbox 20 1982 784 2021; baseline 0.008 -12"><span class='ocrx_word' id='word_1_293' title='bbox 20 1982 84 2018; x_wconf 61' lang='grc' dir='ltr'>ηρθὸς,</span> <span class='ocrx_word' id='word_1_294' title='bbox 99 1983 163 2013; x_wconf 80' lang='grc' dir='ltr'>ἀλλὰ</span> <span class='ocrx_word' id='word_1_295' title='bbox 178 1985 310 2015; x_wconf 75' lang='grc' dir='ltr'>κέκλιται.</span> <span class='ocrx_word' id='word_1_296' title='bbox 337 1984 412 2014; x_wconf 79' lang='grc' dir='ltr'><strong>Μετᾶ</strong></span> <span class='ocrx_word' id='word_1_297' title='bbox 429 1984 457 2014; x_wconf 76' lang='grc' dir='ltr'><strong>δὲ</strong></span> <span class='ocrx_word' id='word_1_298' title='bbox 481 1986 528 2021; x_wconf 78' lang='grc' dir='ltr'><strong>τὴν</strong></span> <span class='ocrx_word' id='word_1_299' title='bbox 554 1986 646 2016; x_wconf 86' lang='grc' dir='ltr'>στάσιν</span> <span class='ocrx_word' id='word_1_300' title='bbox 675 1986 784 2020; x_wconf 81' lang='grc' dir='ltr'>ζώννυσι</span> 
     </span>
    </p>
   </div>
   <div class='ocr_carea' id='block_1_40' title="bbox 20 2024 785 2070">
    <p class='ocr_par' dir='ltr' id='par_1_40' title="bbox 20 2024 785 2070">
     <span class='ocr_line' id='line_1_40' title="bbox 20 2024 785 2070; baseline 0.005 -14"><span class='ocrx_word' id='word_1_301' title='bbox 20 2024 47 2052; x_wconf 60' lang='grc' dir='ltr'><strong>ῖδν</strong></span> <span class='ocrx_word' id='word_1_302' title='bbox 67 2028 222 2067; x_wconf 76' lang='grc' dir='ltr'>στρατιώτην</span> <span class='ocrx_word' id='word_1_303' title='bbox 246 2030 346 2064; x_wconf 80' lang='grc' dir='ltr'>νοητῶς</span> <span class='ocrx_word' id='word_1_304' title='bbox 360 2029 464 2063; x_wconf 83' lang='grc' dir='ltr'>πάντως</span> <span class='ocrx_word' id='word_1_305' title='bbox 482 2029 523 2065; x_wconf 67' lang='grc' dir='ltr'><strong>δ’ί,</strong></span> <span class='ocrx_word' id='word_1_306' title='bbox 552 2030 597 2060; x_wconf 84' lang='grc' dir='ltr'>καὶ</span> <span class='ocrx_word' id='word_1_307' title='bbox 619 2031 785 2070; x_wconf 69' lang='grc' dir='ltr'>περισφίγγει</span> 
     </span>
    </p>
   </div>
   <div class='ocr_carea' id='block_1_41' title="bbox 20 2070 786 2114">
    <p class='ocr_par' dir='ltr' id='par_1_41' title="bbox 20 2070 786 2114">
     <span class='ocr_line' id='line_1_41' title="bbox 20 2070 786 2114; baseline 0.009 -16"><span class='ocrx_word' id='word_1_308' title='bbox 20 2070 46 2097; x_wconf 68' lang='grc' dir='ltr'><strong>τὸν</strong></span> <span class='ocrx_word' id='word_1_309' title='bbox 57 2071 197 2112; x_wconf 73' lang='grc' dir='ltr'>διαρῤέοντα</span> <span class='ocrx_word' id='word_1_310' title='bbox 213 2073 239 2093; x_wconf 77' lang='grc'><strong>⁸⁵</strong></span> <span class='ocrx_word' id='word_1_311' title='bbox 267 2073 313 2103; x_wconf 80' lang='grc' dir='ltr'><strong>καὶ</strong></span> <span class='ocrx_word' id='word_1_312' title='bbox 335 2074 580 2114; x_wconf 73' lang='grc' dir='ltr'>διακεχαλασμένον</span> <span class='ocrx_word' id='word_1_313' title='bbox 608 2080 666 2109; x_wconf 88' lang='grc' dir='ltr'>ταῖς</span> <span class='ocrx_word' id='word_1_314' title='bbox 693 2077 786 2105; x_wconf 84' lang='grc' dir='ltr'>ἐπιθυ-</span> 
     </span>
    </p>
   </div>
   <div class='ocr_carea' id='block_1_42' title="bbox 413 129 1178 160">
    <p class='ocr_par' dir='ltr' id='par_1_42' title="bbox 413 129 1178 160">
     <span class='ocr_line' id='line_1_42' title="bbox 413 129 1178 160; baseline -0.005 0"><span class='ocrx_word' id='word_1_315' title='bbox 413 131 587 160; x_wconf 78' lang='lat' dir='ltr'><strong>EXPOSITlO</strong></span> <span class='ocrx_word' id='word_1_316' title='bbox 606 131 638 159; x_wconf 83' lang='lat' dir='ltr'><strong>IN</strong></span> <span class='ocrx_word' id='word_1_317' title='bbox 658 130 763 158; x_wconf 78' lang='lat' dir='ltr'><strong>EPIST.</strong></span> <span class='ocrx_word' id='word_1_318' title='bbox 783 129 828 157; x_wconf 80' lang='lat' dir='ltr'><strong>AD</strong></span> <span class='ocrx_word' id='word_1_319' title='bbox 849 129 967 156; x_wconf 83' lang='lat' dir='ltr'><strong>EPllES.</strong></span> <span class='ocrx_word' id='word_1_320' title='bbox 986 143 1021 150; x_wconf 96' lang='lat'>—</span> <span class='ocrx_word' id='word_1_321' title='bbox 1040 130 1114 157; x_wconf 76' lang='lat' dir='ltr'><strong>CAP.</strong></span> <span class='ocrx_word' id='word_1_322' title='bbox 1136 130 1178 157; x_wconf 76' lang='lat' dir='ltr'><strong>Xl.</strong></span> 
     </span>
    </p>
   </div>
   <div class='ocr_carea' id='block_1_43' title="bbox 1565 131 1629 158">
    <p class='ocr_par' dir='ltr' id='par_1_43' title="bbox 1565 131 1629 158">
     <span class='ocr_line' id='line_1_43' title="bbox 1565 131 1629 158; baseline 0 -1"><span class='ocrx_word' id='word_1_323' title='bbox 1565 131 1629 158; x_wconf 85' lang='lat' dir='ltr'><strong>H30</strong></span> 
     </span>
    </p>
   </div>
   <div class='ocr_carea' id='block_1_44' title="bbox 836 192 1629 228">
    <p class='ocr_par' dir='ltr' id='par_1_44' title="bbox 836 192 1629 228">
     <span class='ocr_line' id='line_1_44' title="bbox 836 192 1629 228; baseline 0.001 -8"><span class='ocrx_word' id='word_1_324' title='bbox 836 192 992 220; x_wconf 84' lang='lat' dir='ltr'><strong>coelestibus</strong></span> <span class='ocrx_word' id='word_1_325' title='bbox 1013 200 1057 221; x_wconf 86' lang='lat' dir='ltr'><strong>res</strong></span> <span class='ocrx_word' id='word_1_326' title='bbox 1087 192 1184 228; x_wconf 78' lang='lat' dir='ltr'><strong>agitur.</strong></span> <span class='ocrx_word' id='word_1_327' title='bbox 1207 192 1369 228; x_wconf 81' lang='lat' dir='ltr'><strong>Praepositio</strong></span> <span class='ocrx_word' id='word_1_328' title='bbox 1384 193 1458 220; x_wconf 89' lang='lat' dir='ltr'><strong>enim</strong></span> <span class='ocrx_word' id='word_1_329' title='bbox 1475 204 1486 216; x_wconf 76' lang='grc' dir='ltr'>οι</span> <span class='ocrx_word' id='word_1_330' title='bbox 1508 193 1536 220; x_wconf 91' lang='lat' dir='ltr'><strong>in</strong></span> <span class='ocrx_word' id='word_1_331' title='bbox 1558 204 1571 216; x_wconf 75' lang='grc' dir='ltr'><strong>ιι</strong></span> <span class='ocrx_word' id='word_1_332' title='bbox 1588 197 1629 221; x_wconf 91' lang='lat' dir='ltr'><strong>est</strong></span> 
     </span>
    </p>
   </div>
   <div class='ocr_carea' id='block_1_45' title="bbox 835 237 1630 273">
    <p class='ocr_par' dir='ltr' id='par_1_45' title="bbox 835 237 1630 273">
     <span class='ocr_line' id='line_1_45' title="bbox 835 237 1630 273; baseline 0.001 -8"><span class='ocrx_word' id='word_1_333' title='bbox 835 245 894 273; x_wconf 76' lang='lat' dir='ltr'><strong>pro.</strong></span> <span class='ocrx_word' id='word_1_334' title='bbox 919 245 1009 273; x_wconf 83' lang='lat' dir='ltr'><strong>super,</strong></span> <span class='ocrx_word' id='word_1_335' title='bbox 1042 237 1094 271; x_wconf 87' lang='lat' dir='ltr'><strong>vel,</strong></span> <span class='ocrx_word' id='word_1_336' title='bbox 1119 239 1240 273; x_wconf 84' lang='lat' dir='ltr'><strong>propter:</strong></span> <span class='ocrx_word' id='word_1_337' title='bbox 1264 240 1294 263; x_wconf 90' lang='lat' dir='ltr'><strong>ut</strong></span> <span class='ocrx_word' id='word_1_338' title='bbox 1318 237 1354 264; x_wconf 87' lang='lat' dir='ltr'><strong>sit</strong></span> <span class='ocrx_word' id='word_1_339' title='bbox 1380 237 1537 265; x_wconf 71' lang='lat' dir='ltr'><strong>sententia:</strong></span> <span class='ocrx_word' id='word_1_340' title='bbox 1563 239 1630 266; x_wconf 90' lang='lat' dir='ltr'><strong>Pro-</strong></span> 
     </span>
    </p>
   </div>
   <div class='ocr_carea' id='block_1_46' title="bbox 835 281 1628 318">
    <p class='ocr_par' dir='ltr' id='par_1_46' title="bbox 835 281 1628 318">
     <span class='ocr_line' id='line_1_46' title="bbox 835 281 1628 318; baseline 0.001 -8"><span class='ocrx_word' id='word_1_341' title='bbox 835 287 894 318; x_wconf 87' lang='lat' dir='ltr'><strong>pter</strong></span> <span class='ocrx_word' id='word_1_342' title='bbox 907 282 1029 310; x_wconf 81' lang='lat' dir='ltr'><strong>coelestia</strong></span> <span class='ocrx_word' id='word_1_343' title='bbox 1048 282 1249 318; x_wconf 85' lang='lat' dir='ltr'><strong>belligeramus,</strong></span> <span class='ocrx_word' id='word_1_344' title='bbox 1279 281 1395 317; x_wconf 87' lang='lat' dir='ltr'><strong>ideoque</strong></span> <span class='ocrx_word' id='word_1_345' title='bbox 1418 282 1528 317; x_wconf 84' lang='lat' dir='ltr'><strong>vigilare</strong></span> <span class='ocrx_word' id='word_1_346' title='bbox 1547 290 1628 318; x_wconf 87' lang='lat' dir='ltr'><strong>opor-</strong></span> 
     </span>
    </p>
   </div>
   <div class='ocr_carea' id='block_1_47' title="bbox 835 331 882 354">
    <p class='ocr_par' dir='ltr' id='par_1_47' title="bbox 835 331 882 354">
     <span class='ocr_line' id='line_1_47' title="bbox 835 331 882 354; baseline 0 0"><span class='ocrx_word' id='word_1_347' title='bbox 835 331 882 354; x_wconf 88' lang='lat' dir='ltr'><strong>tet.</strong></span> 
     </span>
    </p>
   </div>
   <div class='ocr_carea' id='block_1_48' title="bbox 868 371 1624 407">
    <p class='ocr_par' dir='ltr' id='par_1_48' title="bbox 868 371 1624 407">
     <span class='ocr_line' id='line_1_48' title="bbox 868 371 1624 407; baseline -0.003 -7"><span class='ocrx_word' id='word_1_348' title='bbox 868 373 958 403; x_wconf 73' lang='lat' dir='ltr'><strong>Vens,</strong></span> <span class='ocrx_word' id='word_1_349' title='bbox 984 375 1025 399; x_wconf 85' lang='lat' dir='ltr'><strong>l3.</strong></span> <span class='ocrx_word' id='word_1_350' title='bbox 1051 383 1063 395; x_wconf 78' lang='grc' dir='ltr'>«ι</span> <span class='ocrx_word' id='word_1_351' title='bbox 1082 373 1229 407; x_wconf 87' lang='lat' dir='ltr'><strong>Propterea</strong></span> <span class='ocrx_word' id='word_1_352' title='bbox 1250 371 1364 406; x_wconf 84' lang='lat' dir='ltr'><strong>accipite</strong></span> <span class='ocrx_word' id='word_1_353' title='bbox 1379 375 1548 399; x_wconf 88' lang='lat' dir='ltr'><strong>armaturam</strong></span> <span class='ocrx_word' id='word_1_354' title='bbox 1564 371 1624 406; x_wconf 88' lang='lat' dir='ltr'><strong>Dei,</strong></span> 
     </span>
    </p>
   </div>
   <div class='ocr_carea' id='block_1_49' title="bbox 835 415 1630 452">
    <p class='ocr_par' dir='ltr' id='par_1_49' title="bbox 835 415 1630 452">
     <span class='ocr_line' id='line_1_49' title="bbox 835 415 1630 452; baseline 0 -8"><span class='ocrx_word' id='word_1_355' title='bbox 835 421 866 444; x_wconf 92' lang='lat' dir='ltr'><strong>ut</strong></span> <span class='ocrx_word' id='word_1_356' title='bbox 884 417 993 452; x_wconf 81' lang='lat' dir='ltr'><strong>possitis</strong></span> <span class='ocrx_word' id='word_1_357' title='bbox 1008 416 1136 445; x_wconf 88' lang='lat' dir='ltr'><strong>resistere</strong></span> <span class='ocrx_word' id='word_1_358' title='bbox 1149 416 1176 444; x_wconf 91' lang='lat' dir='ltr'><strong>in</strong></span> <span class='ocrx_word' id='word_1_359' title='bbox 1198 415 1242 444; x_wconf 84' lang='lat' dir='ltr'><strong>die</strong></span> <span class='ocrx_word' id='word_1_360' title='bbox 1257 416 1340 444; x_wconf 91' lang='lat' dir='ltr'><strong>malo.</strong></span> <span class='ocrx_word' id='word_1_361' title='bbox 1363 427 1375 440; x_wconf 74' lang='grc' dir='ltr'><strong>η</strong></span> <span class='ocrx_word' id='word_1_362' title='bbox 1394 417 1453 444; x_wconf 85' lang='lat' dir='ltr'><strong>Hoc</strong></span> <span class='ocrx_word' id='word_1_363' title='bbox 1466 420 1508 443; x_wconf 91' lang='lat' dir='ltr'><strong>est</strong></span> <span class='ocrx_word' id='word_1_364' title='bbox 1522 416 1550 443; x_wconf 89' lang='lat' dir='ltr'><strong>in</strong></span> <span class='ocrx_word' id='word_1_365' title='bbox 1563 424 1630 452; x_wconf 81' lang='lat' dir='ltr'><strong>prae-</strong></span> 
     </span>
    </p>
   </div>
   <div class='ocr_carea' id='block_1_50' title="bbox 835 461 1630 497">
    <p class='ocr_par' dir='ltr' id='par_1_50' title="bbox 835 461 1630 497">
     <span class='ocr_line' id='line_1_50' title="bbox 835 461 1630 497; baseline -0.001 -8"><span class='ocrx_word' id='word_1_366' title='bbox 835 463 906 490; x_wconf 80' lang='lat' dir='ltr'><strong>senti</strong></span> <span class='ocrx_word' id='word_1_367' title='bbox 925 463 1026 490; x_wconf 64' lang='lat' dir='ltr'><strong>saeculo</strong></span> <span class='ocrx_word' id='word_1_368' title='bbox 1048 472 1053 489; x_wconf 89' lang='lat'><strong>:</strong></span> <span class='ocrx_word' id='word_1_369' title='bbox 1077 462 1129 490; x_wconf 91' lang='lat' dir='ltr'><strong>hoc</strong></span> <span class='ocrx_word' id='word_1_370' title='bbox 1152 462 1225 489; x_wconf 88' lang='lat' dir='ltr'><strong>enim</strong></span> <span class='ocrx_word' id='word_1_371' title='bbox 1251 461 1324 489; x_wconf 90' lang='lat' dir='ltr'><strong>diem</strong></span> <span class='ocrx_word' id='word_1_372' title='bbox 1345 462 1448 489; x_wconf 85' lang='lat' dir='ltr'><strong>malum</strong></span> <span class='ocrx_word' id='word_1_373' title='bbox 1471 461 1598 497; x_wconf 83' lang='lat' dir='ltr'><strong>appellat,</strong></span> <span class='ocrx_word' id='word_1_374' title='bbox 1615 470 1630 488; x_wconf 89' lang='lat' dir='ltr'><strong>a</strong></span> 
     </span>
    </p>
   </div>
   <div class='ocr_carea' id='block_1_51' title="bbox 835 506 1631 542">
    <p class='ocr_par' dir='ltr' id='par_1_51' title="bbox 835 506 1631 542">
     <span class='ocr_line' id='line_1_51' title="bbox 835 506 1631 542; baseline -0.001 -8"><span class='ocrx_word' id='word_1_375' title='bbox 835 506 913 535; x_wconf 87' lang='lat' dir='ltr'><strong>malis</strong></span> <span class='ocrx_word' id='word_1_376' title='bbox 926 507 1057 535; x_wconf 85' lang='lat' dir='ltr'><strong>nimirum</strong></span> <span class='ocrx_word' id='word_1_377' title='bbox 1077 514 1138 542; x_wconf 72' lang='lat' dir='ltr'><strong>qua:</strong></span> <span class='ocrx_word' id='word_1_378' title='bbox 1153 506 1178 534; x_wconf 89' lang='lat' dir='ltr'><strong>in</strong></span> <span class='ocrx_word' id='word_1_379' title='bbox 1193 507 1251 542; x_wconf 88' lang='lat' dir='ltr'><strong>ipso</strong></span> <span class='ocrx_word' id='word_1_380' title='bbox 1266 506 1344 534; x_wconf 87' lang='lat' dir='ltr'><strong>ﬁunt.</strong></span> <span class='ocrx_word' id='word_1_381' title='bbox 1360 506 1525 534; x_wconf 86' lang='lat' dir='ltr'><strong>Consolatur</strong></span> <span class='ocrx_word' id='word_1_382' title='bbox 1540 510 1631 534; x_wconf 87' lang='lat' dir='ltr'><strong>autem</strong></span> 
     </span>
    </p>
   </div>
   <div class='ocr_carea' id='block_1_52' title="bbox 835 551 1631 588">
    <p class='ocr_par' dir='ltr' id='par_1_52' title="bbox 835 551 1631 588">
     <span class='ocr_line' id='line_1_52' title="bbox 835 551 1631 588; baseline -0.001 -10"><span class='ocrx_word' id='word_1_383' title='bbox 835 560 883 587; x_wconf 84' lang='lat' dir='ltr'><strong>per</strong></span> <span class='ocrx_word' id='word_1_384' title='bbox 897 551 958 585; x_wconf 84' lang='lat' dir='ltr'><strong>hoc,</strong></span> <span class='ocrx_word' id='word_1_385' title='bbox 980 551 1053 588; x_wconf 92' lang='lat' dir='ltr'><strong>quod</strong></span> <span class='ocrx_word' id='word_1_386' title='bbox 1077 551 1202 579; x_wconf 76' lang='lat' dir='ltr'><strong>ostendat</strong></span> <span class='ocrx_word' id='word_1_387' title='bbox 1229 551 1310 578; x_wconf 83' lang='lat' dir='ltr'><strong>breve</strong></span> <span class='ocrx_word' id='word_1_388' title='bbox 1325 551 1476 578; x_wconf 83' lang='lat' dir='ltr'><strong>admodum</strong></span> <span class='ocrx_word' id='word_1_389' title='bbox 1497 559 1556 578; x_wconf 88' lang='lat' dir='ltr'><strong>esse</strong></span> <span class='ocrx_word' id='word_1_390' title='bbox 1570 551 1631 577; x_wconf 84' lang='lat' dir='ltr'><strong>belli</strong></span> 
     </span>
    </p>
   </div>
   <div class='ocr_carea' id='block_1_53' title="bbox 835 595 1631 632">
    <p class='ocr_par' dir='ltr' id='par_1_53' title="bbox 835 595 1631 632">
     <span class='ocr_line' id='line_1_53' title="bbox 835 595 1631 632; baseline -0.003 -8"><span class='ocrx_word' id='word_1_391' title='bbox 835 601 967 632; x_wconf 83' lang='lat' dir='ltr'><strong>tempus:</strong></span> <span class='ocrx_word' id='word_1_392' title='bbox 987 603 1051 625; x_wconf 87' lang='lat' dir='ltr'><strong>cum</strong></span> <span class='ocrx_word' id='word_1_393' title='bbox 1069 596 1144 624; x_wconf 88' lang='lat' dir='ltr'><strong>enim</strong></span> <span class='ocrx_word' id='word_1_394' title='bbox 1167 595 1242 624; x_wconf 88' lang='lat' dir='ltr'><strong>diem</strong></span> <span class='ocrx_word' id='word_1_395' title='bbox 1265 595 1345 630; x_wconf 82' lang='lat' dir='ltr'><strong>dixit,</strong></span> <span class='ocrx_word' id='word_1_396' title='bbox 1371 595 1533 623; x_wconf 76' lang='lat' dir='ltr'><strong>brevitatem</strong></span> <span class='ocrx_word' id='word_1_397' title='bbox 1557 595 1631 623; x_wconf 82' lang='lat' dir='ltr'><strong>indi-</strong></span> 
     </span>
    </p>
   </div>
   <div class='ocr_carea' id='block_1_54' title="bbox 835 642 914 669">
    <p class='ocr_par' dir='ltr' id='par_1_54' title="bbox 835 642 914 669">
     <span class='ocr_line' id='line_1_54' title="bbox 835 642 914 669; baseline 0 0"><span class='ocrx_word' id='word_1_398' title='bbox 835 642 914 669; x_wconf 81' lang='lat' dir='ltr'><strong>cavit.</strong></span> 
     </span>
    </p>
   </div>
   <div class='ocr_carea' id='block_1_55' title="bbox 871 694 1633 723">
    <p class='ocr_par' dir='ltr' id='par_1_55' title="bbox 871 694 1633 723">
     <span class='ocr_line' id='line_1_55' title="bbox 871 694 1633 723; baseline -0.001 0"><span class='ocrx_word' id='word_1_399' title='bbox 871 707 883 719; x_wconf 80' lang='grc' dir='ltr'><strong>ιι</strong></span> <span class='ocrx_word' id='word_1_400' title='bbox 896 697 931 723; x_wconf 80' lang='lat' dir='ltr'><strong>Et</strong></span> <span class='ocrx_word' id='word_1_401' title='bbox 943 695 1076 723; x_wconf 91' lang='lat' dir='ltr'><strong>omnibus</strong></span> <span class='ocrx_word' id='word_1_402' title='bbox 1087 694 1219 722; x_wconf 82' lang='lat' dir='ltr'><strong>confectis</strong></span> <span class='ocrx_word' id='word_1_403' title='bbox 1229 698 1309 722; x_wconf 87' lang='lat' dir='ltr'><strong>stare.</strong></span> <span class='ocrx_word' id='word_1_404' title='bbox 1323 705 1336 720; x_wconf 67' lang='grc' dir='ltr'>ι)</span> <span class='ocrx_word' id='word_1_405' title='bbox 1350 694 1487 723; x_wconf 87' lang='lat' dir='ltr'><strong>Omnibus</strong></span> <span class='ocrx_word' id='word_1_406' title='bbox 1500 694 1633 722; x_wconf 91' lang='lat' dir='ltr'><strong>nimirum</strong></span> 
     </span>
    </p>
   </div>
   <div class='ocr_carea' id='block_1_56' title="bbox 836 739 1635 775">
    <p class='ocr_par' dir='ltr' id='par_1_56' title="bbox 836 739 1635 775">
     <span class='ocr_line' id='line_1_56' title="bbox 836 739 1635 775; baseline -0.003 -7"><span class='ocrx_word' id='word_1_407' title='bbox 836 740 982 768; x_wconf 81' lang='lat' dir='ltr'><strong>affectibus</strong></span> <span class='ocrx_word' id='word_1_408' title='bbox 1007 744 1036 768; x_wconf 87' lang='lat' dir='ltr'><strong>et</strong></span> <span class='ocrx_word' id='word_1_409' title='bbox 1059 740 1148 775; x_wconf 84' lang='lat' dir='ltr'><strong>pravis</strong></span> <span class='ocrx_word' id='word_1_410' title='bbox 1171 739 1366 775; x_wconf 72' lang='lat' dir='ltr'><strong>cupiditatibus</strong></span> <span class='ocrx_word' id='word_1_411' title='bbox 1385 739 1529 773; x_wconf 86' lang='lat' dir='ltr'><strong>confectis,</strong></span> <span class='ocrx_word' id='word_1_412' title='bbox 1551 739 1579 767; x_wconf 89' lang='lat' dir='ltr'><strong>id</strong></span> <span class='ocrx_word' id='word_1_413' title='bbox 1593 743 1635 766; x_wconf 90' lang='lat' dir='ltr'><strong>est</strong></span> 
     </span>
    </p>
   </div>
   <div class='ocr_carea' id='block_1_57' title="bbox 835 784 1634 820">
    <p class='ocr_par' dir='ltr' id='par_1_57' title="bbox 835 784 1634 820">
     <span class='ocr_line' id='line_1_57' title="bbox 835 784 1634 820; baseline -0.001 -7"><span class='ocrx_word' id='word_1_414' title='bbox 835 785 988 818; x_wconf 75' lang='lat' dir='ltr'><strong>debellatis,</strong></span> <span class='ocrx_word' id='word_1_415' title='bbox 1015 785 1121 813; x_wconf 88' lang='lat' dir='ltr'><strong>ablatis.</strong></span> <span class='ocrx_word' id='word_1_416' title='bbox 1150 784 1380 820; x_wconf 85' lang='lat' dir='ltr'><strong>Quondoquidem</strong></span> <span class='ocrx_word' id='word_1_417' title='bbox 1414 793 1478 812; x_wconf 86' lang='lat' dir='ltr'><strong>vero</strong></span> <span class='ocrx_word' id='word_1_418' title='bbox 1512 784 1634 820; x_wconf 82' lang='lat' dir='ltr'><strong>plerique</strong></span> 
     </span>
    </p>
   </div>
   <div class='ocr_carea' id='block_1_58' title="bbox 838 828 1635 865">
    <p class='ocr_par' dir='ltr' id='par_1_58' title="bbox 838 828 1635 865">
     <span class='ocr_line' id='line_1_58' title="bbox 838 828 1635 865; baseline -0.001 -8"><span class='ocrx_word' id='word_1_419' title='bbox 838 834 899 865; x_wconf 87' lang='lat' dir='ltr'><strong>post</strong></span> <span class='ocrx_word' id='word_1_420' title='bbox 911 829 1054 857; x_wconf 81' lang='lat' dir='ltr'><strong>victoriam</strong></span> <span class='ocrx_word' id='word_1_421' title='bbox 1071 829 1240 863; x_wconf 87' lang='lat' dir='ltr'><strong>ceciderunt,</strong></span> <span class='ocrx_word' id='word_1_422' title='bbox 1255 840 1267 853; x_wconf 75' lang='grc' dir='ltr'>«ι</span> <span class='ocrx_word' id='word_1_423' title='bbox 1290 830 1376 863; x_wconf 88' lang='lat' dir='ltr'><strong>Stare,</strong></span> <span class='ocrx_word' id='word_1_424' title='bbox 1397 841 1407 853; x_wconf 74' lang='grc' dir='ltr'><strong>ιι</strong></span> <span class='ocrx_word' id='word_1_425' title='bbox 1428 828 1541 856; x_wconf 86' lang='lat' dir='ltr'><strong>addidit.</strong></span> <span class='ocrx_word' id='word_1_426' title='bbox 1552 830 1635 864; x_wconf 54' lang='lat' dir='ltr'><strong>ﬁOpus</strong></span> 
     </span>
    </p>
   </div>
   <div class='ocr_carea' id='block_1_59' title="bbox 840 874 1636 910">
    <p class='ocr_par' dir='ltr' id='par_1_59' title="bbox 840 874 1636 910">
     <span class='ocr_line' id='line_1_59' title="bbox 840 874 1636 910; baseline -0.001 -8"><span class='ocrx_word' id='word_1_427' title='bbox 840 879 880 902; x_wconf 84' lang='lat' dir='ltr'><strong>est</strong></span> <span class='ocrx_word' id='word_1_428' title='bbox 891 874 965 902; x_wconf 91' lang='lat' dir='ltr'><strong>enim</strong></span> <span class='ocrx_word' id='word_1_429' title='bbox 978 878 1039 910; x_wconf 88' lang='lat' dir='ltr'><strong>post</strong></span> <span class='ocrx_word' id='word_1_430' title='bbox 1053 874 1196 901; x_wconf 83' lang='lat' dir='ltr'><strong>victoriam</strong></span> <span class='ocrx_word' id='word_1_431' title='bbox 1205 874 1291 901; x_wconf 85' lang='lat' dir='ltr'><strong>etiam</strong></span> <span class='ocrx_word' id='word_1_432' title='bbox 1302 874 1486 906; x_wconf 78' lang='lat' dir='ltr'><strong>consistentia,</strong></span> <span class='ocrx_word' id='word_1_433' title='bbox 1504 881 1538 901; x_wconf 84' lang='lat' dir='ltr'><strong>ne</strong></span> <span class='ocrx_word' id='word_1_434' title='bbox 1549 874 1636 901; x_wconf 73' lang='lat' dir='ltr'><strong>victus</strong></span> 
     </span>
    </p>
   </div>
   <div class='ocr_carea' id='block_1_60' title="bbox 841 918 1635 954">
    <p class='ocr_par' dir='ltr' id='par_1_60' title="bbox 841 918 1635 954">
     <span class='ocr_line' id='line_1_60' title="bbox 841 918 1635 954; baseline 0.001 -9"><span class='ocrx_word' id='word_1_435' title='bbox 841 927 932 947; x_wconf 80' lang='lat' dir='ltr'><strong>rursus</strong></span> <span class='ocrx_word' id='word_1_436' title='bbox 943 918 977 946; x_wconf 90' lang='lat' dir='ltr'><strong>ad</strong></span> <span class='ocrx_word' id='word_1_437' title='bbox 989 918 1204 954; x_wconf 80' lang='lat' dir='ltr'><strong>oppugnandum</strong></span> <span class='ocrx_word' id='word_1_438' title='bbox 1225 918 1356 954; x_wconf 79' lang='lat' dir='ltr'><strong>insurgat.</strong></span> <span class='ocrx_word' id='word_1_439' title='bbox 1373 918 1400 946; x_wconf 93' lang='lat' dir='ltr'><strong>Si</strong></span> <span class='ocrx_word' id='word_1_440' title='bbox 1415 918 1488 946; x_wconf 86' lang='lat' dir='ltr'><strong>enim</strong></span> <span class='ocrx_word' id='word_1_441' title='bbox 1511 918 1546 945; x_wconf 89' lang='lat' dir='ltr'><strong>ad</strong></span> <span class='ocrx_word' id='word_1_442' title='bbox 1575 922 1635 946; x_wconf 89' lang='lat' dir='ltr'><strong>tor-</strong></span> 
     </span>
    </p>
   </div>
   <div class='ocr_carea' id='block_1_61' title="bbox 840 962 1633 999">
    <p class='ocr_par' dir='ltr' id='par_1_61' title="bbox 840 962 1633 999">
     <span class='ocr_line' id='line_1_61' title="bbox 840 962 1633 999; baseline 0 -8"><span class='ocrx_word' id='word_1_443' title='bbox 840 971 934 999; x_wconf 84' lang='lat' dir='ltr'><strong>porem</strong></span> <span class='ocrx_word' id='word_1_444' title='bbox 958 963 1024 999; x_wconf 85' lang='lat' dir='ltr'><strong>lapsi</strong></span> <span class='ocrx_word' id='word_1_445' title='bbox 1055 963 1200 997; x_wconf 83' lang='lat' dir='ltr'><strong>fuerimus,</strong></span> <span class='ocrx_word' id='word_1_446' title='bbox 1234 963 1376 990; x_wconf 81' lang='lat' dir='ltr'><strong>reviviscet</strong></span> <span class='ocrx_word' id='word_1_447' title='bbox 1402 963 1507 990; x_wconf 88' lang='lat' dir='ltr'><strong>occisus</strong></span> <span class='ocrx_word' id='word_1_448' title='bbox 1537 962 1633 991; x_wconf 88' lang='lat' dir='ltr'><strong>hostis.</strong></span> 
     </span>
    </p>
   </div>
   <div class='ocr_carea' id='block_1_62' title="bbox 839 1007 1637 1044">
    <p class='ocr_par' dir='ltr' id='par_1_62' title="bbox 839 1007 1637 1044">
     <span class='ocr_line' id='line_1_62' title="bbox 839 1007 1637 1044; baseline -0.001 -8"><span class='ocrx_word' id='word_1_449' title='bbox 839 1009 958 1036; x_wconf 80' lang='lat' dir='ltr'><strong>Observa</strong></span> <span class='ocrx_word' id='word_1_450' title='bbox 982 1011 1075 1036; x_wconf 88' lang='lat' dir='ltr'><strong>autem</strong></span> <span class='ocrx_word' id='word_1_451' title='bbox 1098 1007 1171 1044; x_wconf 92' lang='lat' dir='ltr'><strong>quod</strong></span> <span class='ocrx_word' id='word_1_452' title='bbox 1204 1007 1330 1043; x_wconf 85' lang='lat' dir='ltr'><strong>possibile</strong></span> <span class='ocrx_word' id='word_1_453' title='bbox 1362 1011 1403 1035; x_wconf 86' lang='lat' dir='ltr'><strong>est</strong></span> <span class='ocrx_word' id='word_1_454' title='bbox 1428 1011 1460 1034; x_wconf 84' lang='lat' dir='ltr'><strong>ut</strong></span> <span class='ocrx_word' id='word_1_455' title='bbox 1491 1007 1637 1035; x_wconf 88' lang='lat' dir='ltr'><strong>vincamus</strong></span> 
     </span>
    </p>
   </div>
   <div class='ocr_carea' id='block_1_63' title="bbox 838 1051 1636 1088">
    <p class='ocr_par' dir='ltr' id='par_1_63' title="bbox 838 1051 1636 1088">
     <span class='ocr_line' id='line_1_63' title="bbox 838 1051 1636 1088; baseline -0.001 -8"><span class='ocrx_word' id='word_1_456' title='bbox 838 1057 920 1088; x_wconf 84' lang='lat' dir='ltr'><strong>atque</strong></span> <span class='ocrx_word' id='word_1_457' title='bbox 941 1052 1133 1086; x_wconf 86' lang='lat' dir='ltr'><strong>consistamus,</strong></span> <span class='ocrx_word' id='word_1_458' title='bbox 1161 1055 1188 1079; x_wconf 86' lang='lat' dir='ltr'><strong>ct</strong></span> <span class='ocrx_word' id='word_1_459' title='bbox 1210 1059 1265 1080; x_wconf 91' lang='lat' dir='ltr'><strong>non</strong></span> <span class='ocrx_word' id='word_1_460' title='bbox 1286 1051 1419 1079; x_wconf 84' lang='lat' dir='ltr'><strong>debemus</strong></span> <span class='ocrx_word' id='word_1_461' title='bbox 1442 1052 1470 1079; x_wconf 91' lang='lat' dir='ltr'><strong>in</strong></span> <span class='ocrx_word' id='word_1_462' title='bbox 1494 1056 1636 1088; x_wconf 88' lang='lat' dir='ltr'><strong>posterum</strong></span> 
     </span>
    </p>
   </div>
   <div class='ocr_carea' id='block_1_64' title="bbox 839 1095 1636 1133">
    <p class='ocr_par' dir='ltr' id='par_1_64' title="bbox 839 1095 1636 1133">
     <span class='ocr_line' id='line_1_64' title="bbox 839 1095 1636 1133; baseline 0 -8"><span class='ocrx_word' id='word_1_463' title='bbox 839 1105 896 1125; x_wconf 84' lang='lat' dir='ltr'><strong>esse</strong></span> <span class='ocrx_word' id='word_1_464' title='bbox 916 1097 1035 1131; x_wconf 85' lang='lat' dir='ltr'><strong>desides,</strong></span> <span class='ocrx_word' id='word_1_465' title='bbox 1067 1100 1246 1133; x_wconf 63' lang='lat' dir='ltr'><strong>praetexentes</strong></span> <span class='ocrx_word' id='word_1_466' title='bbox 1275 1095 1404 1124; x_wconf 78' lang='lat' dir='ltr'><strong>fortiores</strong></span> <span class='ocrx_word' id='word_1_467' title='bbox 1438 1103 1497 1124; x_wconf 89' lang='lat' dir='ltr'><strong>esse</strong></span> <span class='ocrx_word' id='word_1_468' title='bbox 1533 1097 1636 1130; x_wconf 85' lang='lat' dir='ltr'><strong>hostes,</strong></span> 
     </span>
    </p>
   </div>
   <div class='ocr_carea' id='block_1_65' title="bbox 839 1141 1636 1178">
    <p class='ocr_par' dir='ltr' id='par_1_65' title="bbox 839 1141 1636 1178">
     <span class='ocr_line' id='line_1_65' title="bbox 839 1141 1636 1178; baseline -0.001 -9"><span class='ocrx_word' id='word_1_469' title='bbox 839 1150 924 1178; x_wconf 87' lang='lat' dir='ltr'><strong>quam</strong></span> <span class='ocrx_word' id='word_1_470' title='bbox 938 1142 1037 1178; x_wconf 88' lang='lat' dir='ltr'><strong>quibus</strong></span> <span class='ocrx_word' id='word_1_471' title='bbox 1057 1142 1181 1170; x_wconf 84' lang='lat' dir='ltr'><strong>resistere</strong></span> <span class='ocrx_word' id='word_1_472' title='bbox 1195 1149 1340 1178; x_wconf 85' lang='lat' dir='ltr'><strong>queamus.</strong></span> <span class='ocrx_word' id='word_1_473' title='bbox 1357 1141 1466 1170; x_wconf 77' lang='lat' dir='ltr'><strong>Etenim</strong></span> <span class='ocrx_word' id='word_1_474' title='bbox 1487 1141 1636 1170; x_wconf 84' lang='lat' dir='ltr'><strong>confortati</strong></span> 
     </span>
    </p>
   </div>
   <div class='ocr_carea' id='block_1_66' title="bbox 839 1185 1639 1219">
    <p class='ocr_par' dir='ltr' id='par_1_66' title="bbox 839 1185 1639 1219">
     <span class='ocr_line' id='line_1_66' title="bbox 839 1185 1639 1219; baseline -0.001 -5"><span class='ocrx_word' id='word_1_475' title='bbox 839 1194 943 1219; x_wconf 88' lang='lat' dir='ltr'><strong>sumus,</strong></span> <span class='ocrx_word' id='word_1_476' title='bbox 964 1195 996 1214; x_wconf 81' lang='lat' dir='ltr'><strong>ac</strong></span> <span class='ocrx_word' id='word_1_477' title='bbox 1011 1186 1085 1214; x_wconf 86' lang='lat' dir='ltr'><strong>docti</strong></span> <span class='ocrx_word' id='word_1_478' title='bbox 1099 1194 1196 1214; x_wconf 87' lang='lat' dir='ltr'><strong>sumus</strong></span> <span class='ocrx_word' id='word_1_479' title='bbox 1206 1186 1288 1213; x_wconf 80' lang='lat' dir='ltr'><strong>talem</strong></span> <span class='ocrx_word' id='word_1_480' title='bbox 1303 1189 1401 1219; x_wconf 83' lang='lat' dir='ltr'><strong>artem,</strong></span> <span class='ocrx_word' id='word_1_481' title='bbox 1417 1189 1448 1213; x_wconf 89' lang='lat' dir='ltr'><strong>ut</strong></span> <span class='ocrx_word' id='word_1_482' title='bbox 1466 1190 1494 1213; x_wconf 87' lang='lat' dir='ltr'><strong>et</strong></span> <span class='ocrx_word' id='word_1_483' title='bbox 1505 1185 1639 1214; x_wconf 77' lang='lat' dir='ltr'><strong>adversus</strong></span> 
     </span>
    </p>
   </div>
   <div class='ocr_carea' id='block_1_67' title="bbox 839 1230 1638 1266">
    <p class='ocr_par' dir='ltr' id='par_1_67' title="bbox 839 1230 1638 1266">
     <span class='ocr_line' id='line_1_67' title="bbox 839 1230 1638 1266; baseline 0 -8"><span class='ocrx_word' id='word_1_484' title='bbox 839 1231 980 1259; x_wconf 74' lang='lat' dir='ltr'><strong>dmmones</strong></span> <span class='ocrx_word' id='word_1_485' title='bbox 994 1231 1087 1258; x_wconf 87' lang='lat' dir='ltr'><strong>luctari</strong></span> <span class='ocrx_word' id='word_1_486' title='bbox 1103 1239 1237 1266; x_wconf 81' lang='lat' dir='ltr'><strong>queamus</strong></span> <span class='ocrx_word' id='word_1_487' title='bbox 1253 1241 1258 1257; x_wconf 92' lang='lat'>:</span> <span class='ocrx_word' id='word_1_488' title='bbox 1273 1230 1329 1258; x_wconf 91' lang='lat' dir='ltr'><strong>imo</strong></span> <span class='ocrx_word' id='word_1_489' title='bbox 1344 1238 1401 1258; x_wconf 89' lang='lat' dir='ltr'><strong>non</strong></span> <span class='ocrx_word' id='word_1_490' title='bbox 1414 1230 1505 1258; x_wconf 90' lang='lat' dir='ltr'><strong>solum</strong></span> <span class='ocrx_word' id='word_1_491' title='bbox 1521 1231 1619 1258; x_wconf 84' lang='lat' dir='ltr'><strong>luctari</strong></span> <span class='ocrx_word' id='word_1_492' title='bbox 1630 1251 1638 1263; x_wconf 84' lang='lat'><strong>.</strong></span> 
     </span>
    </p>
   </div>
   <div class='ocr_carea' id='block_1_68' title="bbox 840 1275 1639 1311">
    <p class='ocr_par' dir='ltr' id='par_1_68' title="bbox 840 1275 1639 1311">
     <span class='ocr_line' id='line_1_68' title="bbox 840 1275 1639 1311; baseline -0.001 -8"><span class='ocrx_word' id='word_1_493' title='bbox 840 1284 932 1304; x_wconf 78' lang='lat' dir='ltr'><strong>verum</strong></span> <span class='ocrx_word' id='word_1_494' title='bbox 946 1275 1027 1304; x_wconf 87' lang='lat' dir='ltr'><strong>etiam</strong></span> <span class='ocrx_word' id='word_1_495' title='bbox 1048 1279 1127 1303; x_wconf 83' lang='lat' dir='ltr'><strong>tanto</strong></span> <span class='ocrx_word' id='word_1_496' title='bbox 1140 1275 1238 1303; x_wconf 89' lang='lat' dir='ltr'><strong>terrori</strong></span> <span class='ocrx_word' id='word_1_497' title='bbox 1253 1283 1311 1303; x_wconf 88' lang='lat' dir='ltr'><strong>esse</strong></span> <span class='ocrx_word' id='word_1_498' title='bbox 1325 1275 1513 1306; x_wconf 59' lang='lat' dir='ltr'><strong>daemonibus,</strong></span> <span class='ocrx_word' id='word_1_499' title='bbox 1528 1279 1639 1311; x_wconf 85' lang='lat' dir='ltr'><strong>propter</strong></span> 
     </span>
    </p>
   </div>
   <div class='ocr_carea' id='block_1_69' title="bbox 839 1319 1639 1356">
    <p class='ocr_par' dir='ltr' id='par_1_69' title="bbox 839 1319 1639 1356">
     <span class='ocr_line' id='line_1_69' title="bbox 839 1319 1639 1356; baseline -0.001 -8"><span class='ocrx_word' id='word_1_500' title='bbox 839 1321 897 1354; x_wconf 73' lang='lat' dir='ltr'><strong>eius</strong></span> <span class='ocrx_word' id='word_1_501' title='bbox 911 1320 956 1356; x_wconf 91' lang='lat' dir='ltr'><strong>qui</strong></span> <span class='ocrx_word' id='word_1_502' title='bbox 979 1320 1007 1348; x_wconf 90' lang='lat' dir='ltr'><strong>in</strong></span> <span class='ocrx_word' id='word_1_503' title='bbox 1022 1319 1101 1348; x_wconf 91' lang='lat' dir='ltr'><strong>nobis</strong></span> <span class='ocrx_word' id='word_1_504' title='bbox 1122 1319 1229 1348; x_wconf 86' lang='lat' dir='ltr'><strong>habitat</strong></span> <span class='ocrx_word' id='word_1_505' title='bbox 1246 1319 1381 1353; x_wconf 82' lang='lat' dir='ltr'><strong>virtutem,</strong></span> <span class='ocrx_word' id='word_1_506' title='bbox 1396 1323 1428 1347; x_wconf 91' lang='lat' dir='ltr'><strong>ut</strong></span> <span class='ocrx_word' id='word_1_507' title='bbox 1442 1327 1477 1347; x_wconf 90' lang='lat' dir='ltr'><strong>ne</strong></span> <span class='ocrx_word' id='word_1_508' title='bbox 1493 1319 1567 1347; x_wconf 89' lang='lat' dir='ltr'><strong>lucta</strong></span> <span class='ocrx_word' id='word_1_509' title='bbox 1583 1320 1639 1355; x_wconf 64' lang='lat' dir='ltr'><strong>qui«</strong></span> 
     </span>
    </p>
   </div>
   <div class='ocr_carea' id='block_1_70' title="bbox 839 1364 1640 1401">
    <p class='ocr_par' dir='ltr' id='par_1_70' title="bbox 839 1364 1640 1401">
     <span class='ocr_line' id='line_1_70' title="bbox 839 1364 1640 1401; baseline -0.001 -9"><span class='ocrx_word' id='word_1_510' title='bbox 839 1365 901 1392; x_wconf 78' lang='lat' dir='ltr'><strong>dem</strong></span> <span class='ocrx_word' id='word_1_511' title='bbox 918 1373 985 1401; x_wconf 89' lang='lat' dir='ltr'><strong>opus</strong></span> <span class='ocrx_word' id='word_1_512' title='bbox 1009 1365 1053 1399; x_wconf 89' lang='lat' dir='ltr'><strong>sit,</strong></span> <span class='ocrx_word' id='word_1_513' title='bbox 1075 1365 1123 1393; x_wconf 88' lang='lat' dir='ltr'><strong>sed</strong></span> <span class='ocrx_word' id='word_1_514' title='bbox 1137 1372 1220 1400; x_wconf 87' lang='lat' dir='ltr'><strong>supra</strong></span> <span class='ocrx_word' id='word_1_515' title='bbox 1241 1368 1383 1400; x_wconf 83' lang='lat' dir='ltr'><strong>serpentes</strong></span> <span class='ocrx_word' id='word_1_516' title='bbox 1404 1368 1431 1392; x_wconf 87' lang='lat' dir='ltr'><strong>et</strong></span> <span class='ocrx_word' id='word_1_517' title='bbox 1446 1364 1567 1400; x_wconf 84' lang='lat' dir='ltr'><strong>scorpios</strong></span> <span class='ocrx_word' id='word_1_518' title='bbox 1582 1373 1640 1399; x_wconf 82' lang='lat' dir='ltr'><strong>gra-</strong></span> 
     </span>
    </p>
   </div>
   <div class='ocr_carea' id='block_1_71' title="bbox 839 1408 1641 1444">
    <p class='ocr_par' dir='ltr' id='par_1_71' title="bbox 839 1408 1641 1444">
     <span class='ocr_line' id='line_1_71' title="bbox 839 1408 1641 1444; baseline -0.001 -7"><span class='ocrx_word' id='word_1_519' title='bbox 839 1409 960 1443; x_wconf 89' lang='lat' dir='ltr'><strong>diamur,</strong></span> <span class='ocrx_word' id='word_1_520' title='bbox 987 1416 1088 1444; x_wconf 88' lang='lat' dir='ltr'><strong>eosque</strong></span> <span class='ocrx_word' id='word_1_521' title='bbox 1124 1409 1324 1437; x_wconf 87' lang='lat' dir='ltr'><strong>conculcemus.</strong></span> <span class='ocrx_word' id='word_1_522' title='bbox 1359 1410 1426 1436; x_wconf 76' lang='lat' dir='ltr'><strong>Haec</strong></span> <span class='ocrx_word' id='word_1_523' title='bbox 1455 1412 1548 1436; x_wconf 87' lang='lat' dir='ltr'><strong>autem</strong></span> <span class='ocrx_word' id='word_1_524' title='bbox 1573 1408 1641 1436; x_wconf 85' lang='lat' dir='ltr'><strong>dicit</strong></span> 
     </span>
    </p>
   </div>
   <div class='ocr_carea' id='block_1_72' title="bbox 843 1453 1639 1489">
    <p class='ocr_par' dir='ltr' id='par_1_72' title="bbox 843 1453 1639 1489">
     <span class='ocr_line' id='line_1_72' title="bbox 843 1453 1639 1489; baseline -0.003 -7"><span class='ocrx_word' id='word_1_525' title='bbox 843 1454 950 1487; x_wconf 78' lang='lat' dir='ltr'><strong>Paulus,</strong></span> <span class='ocrx_word' id='word_1_526' title='bbox 966 1461 998 1482; x_wconf 93' lang='lat' dir='ltr'><strong>eo</strong></span> <span class='ocrx_word' id='word_1_527' title='bbox 1011 1453 1086 1489; x_wconf 92' lang='lat' dir='ltr'><strong>quod</strong></span> <span class='ocrx_word' id='word_1_528' title='bbox 1103 1453 1180 1480; x_wconf 90' lang='lat' dir='ltr'><strong>multi</strong></span> <span class='ocrx_word' id='word_1_529' title='bbox 1197 1457 1288 1481; x_wconf 87' lang='lat' dir='ltr'><strong>essent</strong></span> <span class='ocrx_word' id='word_1_530' title='bbox 1316 1457 1486 1489; x_wconf 89' lang='lat' dir='ltr'><strong>opponentes</strong></span> <span class='ocrx_word' id='word_1_531' title='bbox 1499 1460 1557 1481; x_wconf 84' lang='lat' dir='ltr'><strong>sese</strong></span> <span class='ocrx_word' id='word_1_532' title='bbox 1571 1453 1639 1486; x_wconf 77' lang='lat' dir='ltr'><strong>illis;</strong></span> 
     </span>
    </p>
   </div>
   <div class='ocr_carea' id='block_1_73' title="bbox 841 1497 1639 1534">
    <p class='ocr_par' dir='ltr' id='par_1_73' title="bbox 841 1497 1639 1534">
     <span class='ocr_line' id='line_1_73' title="bbox 841 1497 1639 1534; baseline -0.003 -7"><span class='ocrx_word' id='word_1_533' title='bbox 841 1499 941 1527; x_wconf 89' lang='lat' dir='ltr'><strong>docens</strong></span> <span class='ocrx_word' id='word_1_534' title='bbox 956 1498 1030 1534; x_wconf 92' lang='lat' dir='ltr'><strong>quod</strong></span> <span class='ocrx_word' id='word_1_535' title='bbox 1042 1497 1184 1526; x_wconf 70' lang='lat' dir='ltr'><strong>dzemones</strong></span> <span class='ocrx_word' id='word_1_536' title='bbox 1198 1497 1342 1526; x_wconf 82' lang='lat' dir='ltr'><strong>nobiscum</strong></span> <span class='ocrx_word' id='word_1_537' title='bbox 1365 1497 1474 1525; x_wconf 91' lang='lat' dir='ltr'><strong>illorum</strong></span> <span class='ocrx_word' id='word_1_538' title='bbox 1487 1497 1639 1525; x_wconf 85' lang='lat' dir='ltr'><strong>interventu</strong></span> 
     </span>
    </p>
   </div>
   <div class='ocr_carea' id='block_1_74' title="bbox 841 1541 1641 1578">
    <p class='ocr_par' dir='ltr' id='par_1_74' title="bbox 841 1541 1641 1578">
     <span class='ocr_line' id='line_1_74' title="bbox 841 1541 1641 1578; baseline 0 -8"><span class='ocrx_word' id='word_1_539' title='bbox 841 1543 981 1571; x_wconf 88' lang='lat' dir='ltr'><strong>dimicent.</strong></span> <span class='ocrx_word' id='word_1_540' title='bbox 999 1544 1094 1578; x_wconf 86' lang='lat' dir='ltr'><strong>Itaque</strong></span> <span class='ocrx_word' id='word_1_541' title='bbox 1107 1542 1269 1570; x_wconf 89' lang='lat' dir='ltr'><strong>hominibus</strong></span> <span class='ocrx_word' id='word_1_542' title='bbox 1287 1550 1322 1570; x_wconf 88' lang='lat' dir='ltr'><strong>ne</strong></span> <span class='ocrx_word' id='word_1_543' title='bbox 1341 1541 1500 1576; x_wconf 88' lang='lat' dir='ltr'><strong>irascimini,</strong></span> <span class='ocrx_word' id='word_1_544' title='bbox 1515 1542 1563 1570; x_wconf 87' lang='lat' dir='ltr'><strong>sed</strong></span> <span class='ocrx_word' id='word_1_545' title='bbox 1582 1541 1641 1570; x_wconf 80' lang='lat' dir='ltr'><strong>dac-</strong></span> 
     </span>
    </p>
   </div>
   <div class='ocr_carea' id='block_1_75' title="bbox 842 1586 1462 1616">
    <p class='ocr_par' dir='ltr' id='par_1_75' title="bbox 842 1586 1462 1616">
     <span class='ocr_line' id='line_1_75' title="bbox 842 1586 1462 1616; baseline -0.003 0"><span class='ocrx_word' id='word_1_546' title='bbox 842 1588 968 1616; x_wconf 90' lang='lat' dir='ltr'><strong>monibus</strong></span> <span class='ocrx_word' id='word_1_547' title='bbox 982 1587 1171 1615; x_wconf 77' lang='lat' dir='ltr'><strong>austeritatem</strong></span> <span class='ocrx_word' id='word_1_548' title='bbox 1186 1591 1308 1615; x_wconf 81' lang='lat' dir='ltr'><strong>vestram</strong></span> <span class='ocrx_word' id='word_1_549' title='bbox 1327 1586 1462 1614; x_wconf 78' lang='lat' dir='ltr'><strong>exhibete.</strong></span> 
     </span>
    </p>
   </div>
   <div class='ocr_carea' id='block_1_76' title="bbox 876 1631 1643 1668">
    <p class='ocr_par' dir='ltr' id='par_1_76' title="bbox 876 1631 1643 1668">
     <span class='ocr_line' id='line_1_76' title="bbox 876 1631 1643 1668; baseline -0.001 -8"><span class='ocrx_word' id='word_1_550' title='bbox 876 1635 965 1660; x_wconf 81' lang='lat' dir='ltr'><strong>Vsus.</strong></span> <span class='ocrx_word' id='word_1_551' title='bbox 979 1636 1008 1660; x_wconf 80' lang='lat' dir='ltr'><strong>H</strong></span> <span class='ocrx_word' id='word_1_552' title='bbox 1023 1643 1035 1657; x_wconf 83' lang='grc'><strong>‹‹</strong></span> <span class='ocrx_word' id='word_1_553' title='bbox 1049 1633 1123 1660; x_wconf 84' lang='lat' dir='ltr'><strong>State</strong></span> <span class='ocrx_word' id='word_1_554' title='bbox 1136 1639 1201 1668; x_wconf 83' lang='lat' dir='ltr'><strong>ergo</strong></span> <span class='ocrx_word' id='word_1_555' title='bbox 1212 1631 1402 1659; x_wconf 84' lang='lat' dir='ltr'><strong>circumcineti</strong></span> <span class='ocrx_word' id='word_1_556' title='bbox 1415 1631 1526 1659; x_wconf 86' lang='lat' dir='ltr'><strong>lumbos</strong></span> <span class='ocrx_word' id='word_1_557' title='bbox 1538 1636 1643 1659; x_wconf 82' lang='lat' dir='ltr'><strong>vestros</strong></span> 
     </span>
    </p>
   </div>
   <div class='ocr_carea' id='block_1_77' title="bbox 841 1676 1640 1712">
    <p class='ocr_par' dir='ltr' id='par_1_77' title="bbox 841 1676 1640 1712">
     <span class='ocr_line' id='line_1_77' title="bbox 841 1676 1640 1712; baseline -0.001 -8"><span class='ocrx_word' id='word_1_558' title='bbox 841 1677 866 1704; x_wconf 92' lang='lat' dir='ltr'><strong>in</strong></span> <span class='ocrx_word' id='word_1_559' title='bbox 882 1677 1004 1705; x_wconf 81' lang='lat' dir='ltr'><strong>veritate.</strong></span> <span class='ocrx_word' id='word_1_560' title='bbox 1021 1689 1033 1700; x_wconf 83' lang='grc' dir='ltr'><strong>ιι</strong></span> <span class='ocrx_word' id='word_1_561' title='bbox 1060 1678 1088 1704; x_wconf 92' lang='lat' dir='ltr'><strong>ln</strong></span> <span class='ocrx_word' id='word_1_562' title='bbox 1109 1676 1190 1704; x_wconf 84' lang='lat' dir='ltr'><strong>rebus</strong></span> <span class='ocrx_word' id='word_1_563' title='bbox 1209 1676 1313 1704; x_wconf 86' lang='lat' dir='ltr'><strong>bellicis</strong></span> <span class='ocrx_word' id='word_1_564' title='bbox 1335 1677 1455 1712; x_wconf 88' lang='lat' dir='ltr'><strong>primum</strong></span> <span class='ocrx_word' id='word_1_565' title='bbox 1473 1680 1514 1704; x_wconf 83' lang='lat' dir='ltr'><strong>est</strong></span> <span class='ocrx_word' id='word_1_566' title='bbox 1534 1677 1640 1704; x_wconf 83' lang='lat' dir='ltr'><strong>novisse</strong></span> 
     </span>
    </p>
   </div>
   <div class='ocr_carea' id='block_1_78' title="bbox 840 1721 1641 1757">
    <p class='ocr_par' dir='ltr' id='par_1_78' title="bbox 840 1721 1641 1757">
     <span class='ocr_line' id='line_1_78' title="bbox 840 1721 1641 1757; baseline -0.002 -7"><span class='ocrx_word' id='word_1_567' title='bbox 840 1723 908 1750; x_wconf 89' lang='lat' dir='ltr'><strong>bene</strong></span> <span class='ocrx_word' id='word_1_568' title='bbox 941 1727 1023 1750; x_wconf 90' lang='lat' dir='ltr'><strong>stare.</strong></span> <span class='ocrx_word' id='word_1_569' title='bbox 1051 1722 1199 1757; x_wconf 80' lang='lat' dir='ltr'><strong>Propterea</strong></span> <span class='ocrx_word' id='word_1_570' title='bbox 1234 1721 1333 1748; x_wconf 85' lang='lat' dir='ltr'><strong>Paulus</strong></span> <span class='ocrx_word' id='word_1_571' title='bbox 1363 1721 1490 1748; x_wconf 89' lang='lat' dir='ltr'><strong>stationis</strong></span> <span class='ocrx_word' id='word_1_572' title='bbox 1521 1722 1641 1757; x_wconf 89' lang='lat' dir='ltr'><strong>primum</strong></span> 
     </span>
    </p>
   </div>
   <div class='ocr_carea' id='block_1_79' title="bbox 840 1765 1642 1802">
    <p class='ocr_par' dir='ltr' id='par_1_79' title="bbox 840 1765 1642 1802">
     <span class='ocr_line' id='line_1_79' title="bbox 840 1765 1642 1802; baseline -0.001 -8"><span class='ocrx_word' id='word_1_573' title='bbox 840 1767 976 1800; x_wconf 88' lang='lat' dir='ltr'><strong>meminit,</strong></span> <span class='ocrx_word' id='word_1_574' title='bbox 991 1770 1018 1793; x_wconf 86' lang='lat' dir='ltr'><strong>et</strong></span> <span class='ocrx_word' id='word_1_575' title='bbox 1038 1766 1071 1793; x_wconf 89' lang='lat' dir='ltr'><strong>ad</strong></span> <span class='ocrx_word' id='word_1_576' title='bbox 1096 1773 1158 1793; x_wconf 80' lang='lat' dir='ltr'><strong>eam</strong></span> <span class='ocrx_word' id='word_1_577' title='bbox 1173 1765 1348 1798; x_wconf 84' lang='lat' dir='ltr'><strong>adhortatur,</strong></span> <span class='ocrx_word' id='word_1_578' title='bbox 1362 1766 1511 1793; x_wconf 81' lang='lat' dir='ltr'><strong>stationem</strong></span> <span class='ocrx_word' id='word_1_579' title='bbox 1531 1766 1642 1802; x_wconf 78' lang='lat' dir='ltr'><strong>exigens</strong></span> 
     </span>
    </p>
   </div>
   <div class='ocr_carea' id='block_1_80' title="bbox 841 1809 1641 1846">
    <p class='ocr_par' dir='ltr' id='par_1_80' title="bbox 841 1809 1641 1846">
     <span class='ocr_line' id='line_1_80' title="bbox 841 1809 1641 1846; baseline -0.001 -8"><span class='ocrx_word' id='word_1_580' title='bbox 841 1811 925 1846; x_wconf 87' lang='lat' dir='ltr'><strong>probe</strong></span> <span class='ocrx_word' id='word_1_581' title='bbox 957 1809 1123 1843; x_wconf 87' lang='lat' dir='ltr'><strong>ordinatam,</strong></span> <span class='ocrx_word' id='word_1_582' title='bbox 1154 1809 1342 1844; x_wconf 88' lang='lat' dir='ltr'><strong>militibusque</strong></span> <span class='ocrx_word' id='word_1_583' title='bbox 1372 1809 1580 1836; x_wconf 86' lang='lat' dir='ltr'><strong>convenientem</strong></span> <span class='ocrx_word' id='word_1_584' title='bbox 1612 1813 1641 1837; x_wconf 88' lang='lat' dir='ltr'><strong>et</strong></span> 
     </span>
    </p>
   </div>
   <div class='ocr_carea' id='block_1_81' title="bbox 840 1854 1638 1889">
    <p class='ocr_par' dir='ltr' id='par_1_81' title="bbox 840 1854 1638 1889">
     <span class='ocr_line' id='line_1_81' title="bbox 840 1854 1638 1889; baseline -0.004 -7"><span class='ocrx_word' id='word_1_585' title='bbox 840 1859 967 1883; x_wconf 88' lang='lat' dir='ltr'><strong>erectam.</strong></span> <span class='ocrx_word' id='word_1_586' title='bbox 992 1854 1043 1889; x_wconf 88' lang='lat' dir='ltr'><strong>Qui</strong></span> <span class='ocrx_word' id='word_1_587' title='bbox 1068 1854 1142 1881; x_wconf 87' lang='lat' dir='ltr'><strong>enim</strong></span> <span class='ocrx_word' id='word_1_588' title='bbox 1165 1860 1258 1881; x_wconf 87' lang='lat' dir='ltr'><strong>revera</strong></span> <span class='ocrx_word' id='word_1_589' title='bbox 1278 1856 1341 1886; x_wconf 86' lang='lat' dir='ltr'><strong>stat,</strong></span> <span class='ocrx_word' id='word_1_590' title='bbox 1370 1856 1477 1880; x_wconf 86' lang='lat' dir='ltr'><strong>erectus</strong></span> <span class='ocrx_word' id='word_1_591' title='bbox 1495 1857 1558 1887; x_wconf 87' lang='lat' dir='ltr'><strong>stat,</strong></span> <span class='ocrx_word' id='word_1_592' title='bbox 1580 1861 1638 1880; x_wconf 91' lang='lat' dir='ltr'><strong>non</strong></span> 
     </span>
    </p>
   </div>
   <div class='ocr_carea' id='block_1_82' title="bbox 840 1897 1638 1935">
    <p class='ocr_par' dir='ltr' id='par_1_82' title="bbox 840 1897 1638 1935">
     <span class='ocr_line' id='line_1_82' title="bbox 840 1897 1638 1935; baseline -0.003 -8"><span class='ocrx_word' id='word_1_593' title='bbox 840 1899 958 1928; x_wconf 88' lang='lat' dir='ltr'><strong>innitens</strong></span> <span class='ocrx_word' id='word_1_594' title='bbox 981 1899 1120 1935; x_wconf 85' lang='lat' dir='ltr'><strong>cuipiam;</strong></span> <span class='ocrx_word' id='word_1_595' title='bbox 1150 1897 1386 1934; x_wconf 86' lang='lat' dir='ltr'><strong>quemadmodum</strong></span> <span class='ocrx_word' id='word_1_596' title='bbox 1400 1897 1423 1924; x_wconf 92' lang='lat' dir='ltr'><strong>is</strong></span> <span class='ocrx_word' id='word_1_597' title='bbox 1445 1897 1491 1933; x_wconf 88' lang='lat' dir='ltr'><strong>qui</strong></span> <span class='ocrx_word' id='word_1_598' title='bbox 1505 1905 1559 1925; x_wconf 91' lang='lat' dir='ltr'><strong>non</strong></span> <span class='ocrx_word' id='word_1_599' title='bbox 1574 1902 1638 1932; x_wconf 89' lang='lat' dir='ltr'><strong>stat,</strong></span> 
     </span>
    </p>
   </div>
   <div class='ocr_carea' id='block_1_83' title="bbox 839 1941 1640 1981">
    <p class='ocr_par' dir='ltr' id='par_1_83' title="bbox 839 1941 1640 1981">
     <span class='ocr_line' id='line_1_83' title="bbox 839 1941 1640 1981; baseline -0.004 -8"><span class='ocrx_word' id='word_1_600' title='bbox 839 1952 927 1981; x_wconf 88' lang='lat' dir='ltr'><strong>neque</strong></span> <span class='ocrx_word' id='word_1_601' title='bbox 943 1949 1033 1972; x_wconf 86' lang='lat' dir='ltr'><strong>rectus</strong></span> <span class='ocrx_word' id='word_1_602' title='bbox 1056 1947 1097 1971; x_wconf 85' lang='lat' dir='ltr'><strong>est</strong></span> <span class='ocrx_word' id='word_1_603' title='bbox 1118 1953 1124 1971; x_wconf 93' lang='lat'><strong>:</strong></span> <span class='ocrx_word' id='word_1_604' title='bbox 1146 1947 1177 1971; x_wconf 88' lang='lat' dir='ltr'><strong>ut</strong></span> <span class='ocrx_word' id='word_1_605' title='bbox 1201 1942 1327 1976; x_wconf 87' lang='lat' dir='ltr'><strong>lascivus,</strong></span> <span class='ocrx_word' id='word_1_606' title='bbox 1343 1941 1558 1978; x_wconf 88' lang='lat' dir='ltr'><strong>etpecnniarum</strong></span> <span class='ocrx_word' id='word_1_607' title='bbox 1568 1950 1640 1970; x_wconf 88' lang='lat' dir='ltr'><strong>ama-</strong></span> 
     </span>
    </p>
   </div>
   <div class='ocr_carea' id='block_1_84' title="bbox 840 1987 1641 2025">
    <p class='ocr_par' dir='ltr' id='par_1_84' title="bbox 840 1987 1641 2025">
     <span class='ocr_line' id='line_1_84' title="bbox 840 1987 1641 2025; baseline -0.002 -8"><span class='ocrx_word' id='word_1_608' title='bbox 840 1995 894 2022; x_wconf 87' lang='lat' dir='ltr'><strong>tor,</strong></span> <span class='ocrx_word' id='word_1_609' title='bbox 913 1993 941 2017; x_wconf 87' lang='lat' dir='ltr'><strong>et</strong></span> <span class='ocrx_word' id='word_1_610' title='bbox 954 1989 1001 2025; x_wconf 93' lang='lat' dir='ltr'><strong>qui</strong></span> <span class='ocrx_word' id='word_1_611' title='bbox 1014 1988 1043 2016; x_wconf 90' lang='lat' dir='ltr'><strong>in</strong></span> <span class='ocrx_word' id='word_1_612' title='bbox 1058 1987 1161 2015; x_wconf 89' lang='lat' dir='ltr'><strong>deliciis</strong></span> <span class='ocrx_word' id='word_1_613' title='bbox 1176 1991 1307 2021; x_wconf 81' lang='lat' dir='ltr'><strong>versatur,</strong></span> <span class='ocrx_word' id='word_1_614' title='bbox 1324 1995 1381 2014; x_wconf 90' lang='lat' dir='ltr'><strong>non</strong></span> <span class='ocrx_word' id='word_1_615' title='bbox 1398 1991 1451 2014; x_wconf 82' lang='lat' dir='ltr'><strong>stat</strong></span> <span class='ocrx_word' id='word_1_616' title='bbox 1475 1991 1565 2014; x_wconf 88' lang='lat' dir='ltr'><strong>rectus</strong></span> <span class='ocrx_word' id='word_1_617' title='bbox 1591 1987 1641 2015; x_wconf 86' lang='lat' dir='ltr'><strong>sed</strong></span> 
     </span>
    </p>
   </div>
   <div class='ocr_carea' id='block_1_85' title="bbox 840 2031 1637 2067">
    <p class='ocr_par' dir='ltr' id='par_1_85' title="bbox 840 2031 1637 2067">
     <span class='ocr_line' id='line_1_85' title="bbox 840 2031 1637 2067; baseline -0.004 -6"><span class='ocrx_word' id='word_1_618' title='bbox 840 2034 957 2062; x_wconf 85' lang='lat' dir='ltr'><strong>inﬂexus</strong></span> <span class='ocrx_word' id='word_1_619' title='bbox 971 2037 1021 2061; x_wconf 89' lang='lat' dir='ltr'><strong>est.</strong></span> <span class='ocrx_word' id='word_1_620' title='bbox 1043 2032 1146 2060; x_wconf 84' lang='lat' dir='ltr'><strong>Edocta</strong></span> <span class='ocrx_word' id='word_1_621' title='bbox 1168 2032 1295 2066; x_wconf 86' lang='lat' dir='ltr'><strong>statione,</strong></span> <span class='ocrx_word' id='word_1_622' title='bbox 1308 2031 1392 2067; x_wconf 82' lang='lat' dir='ltr'><strong>cingit</strong></span> <span class='ocrx_word' id='word_1_623' title='bbox 1407 2031 1504 2059; x_wconf 82' lang='lat' dir='ltr'><strong>deinde</strong></span> <span class='ocrx_word' id='word_1_624' title='bbox 1520 2031 1637 2059; x_wconf 88' lang='lat' dir='ltr'><strong>militem</strong></span> 
     </span>
    </p>
   </div>
   <div class='ocr_carea' id='block_1_86' title="bbox 839 2075 1641 2115">
    <p class='ocr_par' dir='ltr' id='par_1_86' title="bbox 839 2075 1641 2115">
     <span class='ocr_line' id='line_1_86' title="bbox 839 2075 1641 2115; baseline -0.004 -8"><span class='ocrx_word' id='word_1_625' title='bbox 839 2079 1016 2115; x_wconf 85' lang='lat' dir='ltr'><strong>spiritualiter</strong></span> <span class='ocrx_word' id='word_1_626' title='bbox 1031 2078 1156 2112; x_wconf 90' lang='lat' dir='ltr'><strong>omnino,</strong></span> <span class='ocrx_word' id='word_1_627' title='bbox 1178 2085 1209 2105; x_wconf 88' lang='lat' dir='ltr'><strong>ac</strong></span> <span class='ocrx_word' id='word_1_628' title='bbox 1222 2076 1411 2112; x_wconf 86' lang='lat' dir='ltr'><strong>circumcingit</strong></span> <span class='ocrx_word' id='word_1_629' title='bbox 1425 2075 1599 2104; x_wconf 82' lang='lat' dir='ltr'><strong>difﬂuentem</strong></span> <span class='ocrx_word' id='word_1_630' title='bbox 1613 2081 1641 2104; x_wconf 89' lang='lat' dir='ltr'><strong>et</strong></span> 
     </span>
    </p>
   </div>
   <div class='ocr_carea' id='block_1_87' title="bbox 20 2113 792 2160">
    <p class='ocr_par' dir='ltr' id='par_1_87' title="bbox 20 2113 789 2160">
     <span class='ocr_line' id='line_1_87' title="bbox 20 2113 789 2160; baseline 0.012 -20"><span class='ocrx_word' id='word_1_631' title='bbox 20 2113 86 2153; x_wconf 72' lang='grc' dir='ltr'>ιίιιις,</span> <span class='ocrx_word' id='word_1_632' title='bbox 100 2118 265 2147; x_wconf 78' lang='grc' dir='ltr'>ἀναστέλλων</span> <span class='ocrx_word' id='word_1_633' title='bbox 286 2118 329 2148; x_wconf 84' lang='grc' dir='ltr'><strong>διὰ</strong></span> <span class='ocrx_word' id='word_1_634' title='bbox 345 2120 391 2154; x_wconf 78' lang='grc' dir='ltr'>τῆς</span> <span class='ocrx_word' id='word_1_635' title='bbox 406 2113 498 2154; x_wconf 73' lang='grc' dir='ltr'>ζώνης.</span> <span class='ocrx_word' id='word_1_636' title='bbox 517 2119 618 2160; x_wconf 67' lang='grc' dir='ltr'>Ὀσφὺν</span> <span class='ocrx_word' id='word_1_637' title='bbox 634 2120 660 2148; x_wconf 84' lang='grc' dir='ltr'><strong>δὲ</strong></span> <span class='ocrx_word' id='word_1_638' title='bbox 677 2121 789 2150; x_wconf 78' lang='grc' dir='ltr'>ἐνταῦθά</span> 
     </span>
    </p>
   </div>
   <div class='ocr_carea' id='block_1_88' title="bbox 871 2113 1640 2160">
    <p class='ocr_par' dir='ltr' id='par_1_88' title="bbox 871 2120 1640 2158">
     <span class='ocr_line' id='line_1_88' title="bbox 871 2120 1640 2158; baseline -0.004 -7"><span class='ocrx_word' id='word_1_639' title='bbox 871 2124 964 2151; x_wconf 83' lang='lat' dir='ltr'><strong>lutum</strong></span> <span class='ocrx_word' id='word_1_640' title='bbox 983 2123 1010 2151; x_wconf 90' lang='lat' dir='ltr'><strong>in</strong></span> <span class='ocrx_word' id='word_1_641' title='bbox 1031 2121 1269 2158; x_wconf 85' lang='lat' dir='ltr'><strong>concupiscentiis,</strong></span> <span class='ocrx_word' id='word_1_642' title='bbox 1305 2129 1352 2157; x_wconf 83' lang='lat' dir='ltr'><strong>per</strong></span> <span class='ocrx_word' id='word_1_643' title='bbox 1384 2120 1469 2157; x_wconf 69' lang='grc'>420</span> <span class='ocrx_word' id='word_1_644' title='bbox 1500 2120 1640 2157; x_wconf 88' lang='lat' dir='ltr'><strong>cingulum</strong></span> 
     </span>
    </p>
   </div>
   <div class='ocr_carea' id='block_1_89' title="bbox 20 2160 785 2203">
    <p class='ocr_par' dir='ltr' id='par_1_89' title="bbox 20 2160 785 2203">
     <span class='ocr_line' id='line_1_89' title="bbox 20 2160 785 2203; baseline 0.009 -15"><span class='ocrx_word' id='word_1_645' title='bbox 20 2169 64 2193; x_wconf 62' lang='grc' dir='ltr'>ὶησι</span> <span class='ocrx_word' id='word_1_646' title='bbox 78 2160 121 2196; x_wconf 75' lang='grc' dir='ltr'><strong>τὴν</strong></span> <span class='ocrx_word' id='word_1_647' title='bbox 132 2164 177 2198; x_wconf 81' lang='grc' dir='ltr'>τῆς</span> <span class='ocrx_word' id='word_1_648' title='bbox 190 2164 278 2203; x_wconf 75' lang='grc' dir='ltr'>ψυχῆς</span> <span class='ocrx_word' id='word_1_649' title='bbox 293 2162 396 2192; x_wconf 78' lang='grc' dir='ltr'>εὔτονον</span> <span class='ocrx_word' id='word_1_650' title='bbox 413 2163 459 2192; x_wconf 79' lang='grc' dir='ltr'><strong>καὶ</strong></span> <span class='ocrx_word' id='word_1_651' title='bbox 474 2163 504 2192; x_wconf 83' lang='grc' dir='ltr'>τὸ</span> <span class='ocrx_word' id='word_1_652' title='bbox 518 2168 571 2193; x_wconf 77' lang='grc' dir='ltr'><strong>πᾶν</strong></span> <span class='ocrx_word' id='word_1_653' title='bbox 589 2164 785 2200; x_wconf 78' lang='grc' dir='ltr'>διαϐαστάζου-</span> 
     </span>
    </p>
   </div>
   <div class='ocr_carea' id='block_1_90' title="bbox 20 2205 787 2248">
    <p class='ocr_par' dir='ltr' id='par_1_90' title="bbox 20 2205 787 2248">
     <span class='ocr_line' id='line_1_90' title="bbox 20 2205 787 2248; baseline 0.01 -17"><span class='ocrx_word' id='word_1_654' title='bbox 20 2213 50 2231; x_wconf 60' lang='grc' dir='ltr'>ίαν</span> <span class='ocrx_word' id='word_1_655' title='bbox 66 2205 178 2244; x_wconf 75' lang='grc' dir='ltr'>δύναμιν,</span> <span class='ocrx_word' id='word_1_656' title='bbox 195 2207 244 2241; x_wconf 85' lang='grc' dir='ltr'><strong>Ὡς</strong></span> <span class='ocrx_word' id='word_1_657' title='bbox 263 2207 314 2247; x_wconf 86' lang='grc' dir='ltr'>γὰρ</span> <span class='ocrx_word' id='word_1_658' title='bbox 334 2209 349 2243; x_wconf 87' lang='grc' dir='ltr'>ἡ</span> <span class='ocrx_word' id='word_1_659' title='bbox 377 2207 468 2248; x_wconf 83' lang='grc' dir='ltr'>τρόπις</span> <span class='ocrx_word' id='word_1_660' title='bbox 483 2209 525 2238; x_wconf 75' lang='grc' dir='ltr'>ἐπὶ</span> <span class='ocrx_word' id='word_1_661' title='bbox 546 2210 597 2238; x_wconf 80' lang='grc' dir='ltr'><strong>τῶν</strong></span> <span class='ocrx_word' id='word_1_662' title='bbox 619 2211 706 2247; x_wconf 70' lang='grc' dir='ltr'><strong>νηῶν⁷</strong></span> <span class='ocrx_word' id='word_1_663' title='bbox 718 2210 787 2240; x_wconf 79' lang='grc' dir='ltr'>οὕτω</span> 
     </span>
    </p>
   </div>
   <div class='ocr_carea' id='block_1_91' title="bbox 20 2247 787 2293">
    <p class='ocr_par' dir='ltr' id='par_1_91' title="bbox 20 2247 787 2293">
     <span class='ocr_line' id='line_1_91' title="bbox 20 2247 787 2293; baseline 0.014 -20"><span class='ocrx_word' id='word_1_664' title='bbox 20 2247 46 2293; x_wconf 70' lang='lat' dir='ltr'><strong>nti</strong></span> <span class='ocrx_word' id='word_1_665' title='bbox 60 2249 98 2278; x_wconf 72' lang='grc' dir='ltr'><strong>ἐπὶ</strong></span> <span class='ocrx_word' id='word_1_666' title='bbox 112 2254 156 2280; x_wconf 67' lang='grc' dir='ltr'><strong>τοῦ</strong></span> <span class='ocrx_word' id='word_1_667' title='bbox 179 2251 275 2288; x_wconf 80' lang='grc' dir='ltr'>ζώουὴ</span> <span class='ocrx_word' id='word_1_668' title='bbox 297 2251 393 2293; x_wconf 73' lang='grc' dir='ltr'>ὀσφὺς,</span> <span class='ocrx_word' id='word_1_669' title='bbox 409 2248 462 2282; x_wconf 75' lang='grc' dir='ltr'>οἶόν</span> <span class='ocrx_word' id='word_1_670' title='bbox 486 2265 525 2286; x_wconf 82' lang='grc' dir='ltr'><strong>τις</strong></span> <span class='ocrx_word' id='word_1_671' title='bbox 550 2253 680 2291; x_wconf 83' lang='grc' dir='ltr'>θεμέλιος.</span> <span class='ocrx_word' id='word_1_672' title='bbox 704 2253 787 2285; x_wconf 65' lang='grc' dir='ltr'>υΟθεν</span> 
     </span>
    </p>
   </div>
   <div class='ocr_carea' id='block_1_92' title="bbox 20 2291 787 2337">
    <p class='ocr_par' dir='ltr' id='par_1_92' title="bbox 20 2291 787 2337">
     <span class='ocr_line' id='line_1_92' title="bbox 20 2291 787 2337; baseline 0.012 -18"><span class='ocrx_word' id='word_1_673' title='bbox 20 2291 178 2337; x_wconf 27' lang='grc' dir='ltr'>ιιὶΔπολλάκις</span> <span class='ocrx_word' id='word_1_674' title='bbox 202 2291 349 2335; x_wconf 24' lang='grc' dir='ltr'>χαμόντεςγ,</span> <span class='ocrx_word' id='word_1_675' title='bbox 375 2296 423 2330; x_wconf 83' lang='grc' dir='ltr'><strong>τὰς</strong></span> <span class='ocrx_word' id='word_1_676' title='bbox 442 2301 534 2337; x_wconf 79' lang='grc' dir='ltr'>χεῖρας</span> <span class='ocrx_word' id='word_1_677' title='bbox 551 2299 592 2327; x_wconf 82' lang='grc' dir='ltr'><strong>ἐπ’</strong></span> <span class='ocrx_word' id='word_1_678' title='bbox 603 2299 686 2334; x_wconf 79' lang='grc' dir='ltr'>αὐτὴν</span> <span class='ocrx_word' id='word_1_679' title='bbox 702 2299 787 2333; x_wconf 82' lang='grc' dir='ltr'>θέντες</span> 
     </span>
    </p>
   </div>
   <div class='ocr_carea' id='block_1_93' title="bbox 20 2335 788 2383">
    <p class='ocr_par' dir='ltr' id='par_1_93' title="bbox 20 2335 788 2383">
     <span class='ocr_line' id='line_1_93' title="bbox 20 2335 788 2383; baseline 0.009 -17"><span class='ocrx_word' id='word_1_680' title='bbox 20 2335 201 2383; x_wconf 34' lang='grc' dir='ltr'>ξιαεαστάζομεν</span> <span class='ocrx_word' id='word_1_681' title='bbox 229 2341 348 2375; x_wconf 77' lang='grc' dir='ltr'>ἑαυτούς.</span> <span class='ocrx_word' id='word_1_682' title='bbox 378 2341 459 2371; x_wconf 82' lang='grc' dir='ltr'>Οὕτω</span> <span class='ocrx_word' id='word_1_683' title='bbox 487 2343 532 2371; x_wconf 84' lang='grc' dir='ltr'><strong>καὶ</strong></span> <span class='ocrx_word' id='word_1_684' title='bbox 556 2345 572 2378; x_wconf 87' lang='grc' dir='ltr'><strong>ἡ</strong></span> <span class='ocrx_word' id='word_1_685' title='bbox 603 2343 686 2379; x_wconf 84' lang='grc' dir='ltr'>νοητὴ</span> <span class='ocrx_word' id='word_1_686' title='bbox 708 2343 788 2383; x_wconf 74' lang='grc' dir='ltr'>ὀσφὺς</span> 
     </span>
    </p>
   </div>
   <div class='ocr_carea' id='block_1_94' title="bbox 20 2379 786 2427">
    <p class='ocr_par' dir='ltr' id='par_1_94' title="bbox 20 2379 786 2427">
     <span class='ocr_line' id='line_1_94' title="bbox 20 2379 786 2427; baseline 0.005 -14"><span class='ocrx_word' id='word_1_687' title='bbox 20 2379 70 2427; x_wconf 46' lang='grc' dir='ltr'>ἵζει,</span> <span class='ocrx_word' id='word_1_688' title='bbox 89 2383 119 2418; x_wconf 81' lang='grc' dir='ltr'>ἣν</span> <span class='ocrx_word' id='word_1_689' title='bbox 133 2386 231 2415; x_wconf 75' lang='grc' dir='ltr'>κελεύει</span> <span class='ocrx_word' id='word_1_690' title='bbox 252 2386 373 2421; x_wconf 79' lang='grc' dir='ltr'>ζωννύειν</span> <span class='ocrx_word' id='word_1_691' title='bbox 392 2387 419 2415; x_wconf 78' lang='grc' dir='ltr'>ἐν</span> <span class='ocrx_word' id='word_1_692' title='bbox 435 2386 547 2427; x_wconf 79' lang='grc' dir='ltr'>ἀληθείᾳ</span> <span class='ocrx_word' id='word_1_693' title='bbox 557 2409 564 2422; x_wconf 88' lang='grc'><em>,</em></span> <span class='ocrx_word' id='word_1_694' title='bbox 580 2390 612 2427; x_wconf 80' lang='grc' dir='ltr'><strong>τῇ</strong></span> <span class='ocrx_word' id='word_1_695' title='bbox 627 2399 656 2416; x_wconf 87' lang='grc' dir='ltr'><strong>τε</strong></span> <span class='ocrx_word' id='word_1_696' title='bbox 671 2379 786 2417; x_wconf 45' lang='grc' dir='ltr'>κατὰ-τὰ</span> 
     </span>
    </p>
   </div>
   <div class='ocr_carea' id='block_1_95' title="bbox 20 2424 788 2472">
    <p class='ocr_par' dir='ltr' id='par_1_95' title="bbox 20 2424 788 2472">
     <span class='ocr_line' id='line_1_95' title="bbox 20 2424 788 2472; baseline 0.01 -17"><span class='ocrx_word' id='word_1_697' title='bbox 20 2424 132 2464; x_wconf 68' lang='grc' dir='ltr'>ῖόγματα,</span> <span class='ocrx_word' id='word_1_698' title='bbox 158 2430 246 2470; x_wconf 57' lang='lat' dir='ltr'><strong>xui-ri</strong></span> <span class='ocrx_word' id='word_1_699' title='bbox 260 2431 329 2460; x_wconf 82' lang='grc' dir='ltr'>κατὰ</span> <span class='ocrx_word' id='word_1_700' title='bbox 347 2431 390 2461; x_wconf 84' lang='grc' dir='ltr'><strong>τὸν</strong></span> <span class='ocrx_word' id='word_1_701' title='bbox 409 2431 475 2470; x_wconf 83' lang='grc' dir='ltr'>βίον.</span> <span class='ocrx_word' id='word_1_702' title='bbox 498 2432 592 2464; x_wconf 76' lang='grc' dir='ltr'>Οὐδεὶς</span> <span class='ocrx_word' id='word_1_703' title='bbox 607 2432 657 2472; x_wconf 86' lang='grc' dir='ltr'>γὰρ</span> <span class='ocrx_word' id='word_1_704' title='bbox 671 2435 724 2462; x_wconf 80' lang='grc' dir='ltr'><strong>τῶν</strong></span> <span class='ocrx_word' id='word_1_705' title='bbox 748 2434 788 2463; x_wconf 86' lang='grc' dir='ltr'>αἱ-</span> 
     </span>
    </p>
   </div>
   <div class='ocr_carea' id='block_1_96' title="bbox 20 2472 788 2517">
    <p class='ocr_par' dir='ltr' id='par_1_96' title="bbox 20 2472 788 2517">
     <span class='ocr_line' id='line_1_96' title="bbox 20 2472 788 2517; baseline 0.005 -15"><span class='ocrx_word' id='word_1_706' title='bbox 20 2472 107 2517; x_wconf 63' lang='grc' dir='ltr'>)ετξκῶν</span> <span class='ocrx_word' id='word_1_707' title='bbox 123 2473 248 2507; x_wconf 80' lang='grc' dir='ltr'>ζώννυται</span> <span class='ocrx_word' id='word_1_708' title='bbox 276 2476 303 2504; x_wconf 79' lang='grc' dir='ltr'><strong>ἐν</strong></span> <span class='ocrx_word' id='word_1_709' title='bbox 317 2475 445 2517; x_wconf 73' lang='grc' dir='ltr'>ἀληθείᾳ,</span> <span class='ocrx_word' id='word_1_710' title='bbox 475 2476 544 2506; x_wconf 83' lang='grc' dir='ltr'>ἀλλὰ</span> <span class='ocrx_word' id='word_1_711' title='bbox 564 2475 638 2506; x_wconf 83' lang='grc' dir='ltr'>κάτω</span> <span class='ocrx_word' id='word_1_712' title='bbox 665 2477 788 2517; x_wconf 75' lang='grc' dir='ltr'>σύρονται</span> 
     </span>
    </p>
   </div>
   <div class='ocr_carea' id='block_1_97' title="bbox 20 2514 790 2565">
    <p class='ocr_par' dir='ltr' id='par_1_97' title="bbox 20 2514 790 2565">
     <span class='ocr_line' id='line_1_97' title="bbox 20 2514 790 2565; baseline 0.014 -24"><span class='ocrx_word' id='word_1_713' title='bbox 20 2514 118 2565; x_wconf 61' lang='grc' dir='ltr'>ξερὶτὴν</span> <span class='ocrx_word' id='word_1_714' title='bbox 131 2521 196 2557; x_wconf 71' lang='grc' dir='ltr'>γῆν,</span> <span class='ocrx_word' id='word_1_715' title='bbox 218 2519 291 2549; x_wconf 75' lang='grc' dir='ltr'>οὖδὲν</span> <span class='ocrx_word' id='word_1_716' title='bbox 315 2521 414 2560; x_wconf 80' lang='grc' dir='ltr'>ὑψηλὸν</span> <span class='ocrx_word' id='word_1_717' title='bbox 435 2523 528 2557; x_wconf 81' lang='grc' dir='ltr'>νοῆσαι</span> <span class='ocrx_word' id='word_1_718' title='bbox 551 2521 707 2560; x_wconf 79' lang='grc' dir='ltr'>δυνάμενοι,</span> <span class='ocrx_word' id='word_1_719' title='bbox 731 2522 790 2552; x_wconf 74' lang='grc' dir='ltr'>ἀλλ’</span> 
     </span>
    </p>
   </div>
   <div class='ocr_carea' id='block_1_98' title="bbox 20 2560 786 2609">
    <p class='ocr_par' dir='ltr' id='par_1_98' title="bbox 20 2560 786 2609">
     <span class='ocr_line' id='line_1_98' title="bbox 20 2560 786 2609; baseline 0 -13"><span class='ocrx_word' id='word_1_720' title='bbox 20 2560 163 2609; x_wconf 50' lang='grc' dir='ltr'>Ῠζθρξιζπίνοις</span> <span class='ocrx_word' id='word_1_721' title='bbox 185 2564 321 2609; x_wconf 76' lang='grc' dir='ltr'>λογισμοῖς</span> <span class='ocrx_word' id='word_1_722' title='bbox 337 2565 383 2594; x_wconf 76' lang='grc' dir='ltr'><strong>καὶ</strong></span> <span class='ocrx_word' id='word_1_723' title='bbox 408 2565 482 2595; x_wconf 82' lang='grc' dir='ltr'>κάτω</span> <span class='ocrx_word' id='word_1_724' title='bbox 499 2567 652 2606; x_wconf 81' lang='grc' dir='ltr'>συρομένοις</span> <span class='ocrx_word' id='word_1_725' title='bbox 678 2567 712 2596; x_wconf 80' lang='grc' dir='ltr'><strong>τὰ</strong></span> <span class='ocrx_word' id='word_1_726' title='bbox 729 2569 786 2596; x_wconf 79' lang='grc' dir='ltr'>θεῖα</span> 
     </span>
    </p>
   </div>
   <div class='ocr_carea' id='block_1_99' title="bbox 20 2604 788 2652">
    <p class='ocr_par' dir='ltr' id='par_1_99' title="bbox 20 2604 788 2652">
     <span class='ocr_line' id='line_1_99' title="bbox 20 2604 788 2652; baseline 0.012 -19"><span class='ocrx_word' id='word_1_727' title='bbox 20 2604 166 2652; x_wconf 71' lang='grc' dir='ltr'>εξετάζοντες.</span> <span class='ocrx_word' id='word_1_728' title='bbox 188 2607 270 2638; x_wconf 81' lang='grc' dir='ltr'>Ἀλλὰ</span> <span class='ocrx_word' id='word_1_729' title='bbox 285 2609 330 2639; x_wconf 70' lang='grc' dir='ltr'>καὶ</span> <span class='ocrx_word' id='word_1_730' title='bbox 353 2611 376 2639; x_wconf 77' lang='grc' dir='ltr'><strong>οἱ</strong></span> <span class='ocrx_word' id='word_1_731' title='bbox 398 2609 468 2640; x_wconf 79' lang='grc' dir='ltr'>κατᾶ</span> <span class='ocrx_word' id='word_1_732' title='bbox 483 2604 538 2640; x_wconf 33' lang='grc' dir='ltr'>τὸν.</span> <span class='ocrx_word' id='word_1_733' title='bbox 553 2611 608 2651; x_wconf 88' lang='grc' dir='ltr'>βίον</span> <span class='ocrx_word' id='word_1_734' title='bbox 635 2611 788 2652; x_wconf 70' lang='grc' dir='ltr'>σφαλλόμε-</span> 
     </span>
    </p>
   </div>
   <div class='ocr_carea' id='block_1_100' title="bbox 20 2650 787 2696">
    <p class='ocr_par' dir='ltr' id='par_1_100' title="bbox 20 2650 787 2696">
     <span class='ocr_line' id='line_1_100' title="bbox 20 2650 787 2696; baseline 0.003 -12"><span class='ocrx_word' id='word_1_735' title='bbox 20 2655 60 2684; x_wconf 66' lang='grc' dir='ltr'>’θιν</span> <span class='ocrx_word' id='word_1_736' title='bbox 78 2650 120 2679; x_wconf 72' lang='grc' dir='ltr'>καὶ</span> <span class='ocrx_word' id='word_1_737' title='bbox 195 2653 284 2694; x_wconf 77' lang='grc' dir='ltr'>ἀπάτῃ</span> <span class='ocrx_word' id='word_1_738' title='bbox 311 2656 357 2684; x_wconf 75' lang='grc' dir='ltr'><strong>τοῦ</strong></span> <span class='ocrx_word' id='word_1_739' title='bbox 380 2650 699 2696; x_wconf 28' lang='grc' dir='ltr'>χόσμονιπροσέχοντες,</span> <span class='ocrx_word' id='word_1_740' title='bbox 728 2656 787 2686; x_wconf 79' lang='grc' dir='ltr'>οὐδὲ</span> 
     </span>
    </p>
   </div>
   <div class='ocr_carea' id='block_1_101' title="bbox 841 2165 1641 2196">
    <p class='ocr_par' dir='ltr' id='par_1_101' title="bbox 841 2165 1641 2196">
     <span class='ocr_line' id='line_1_101' title="bbox 841 2165 1641 2196; baseline -0.003 0"><span class='ocrx_word' id='word_1_741' title='bbox 841 2168 981 2196; x_wconf 85' lang='lat' dir='ltr'><strong>cohibens.</strong></span> <span class='ocrx_word' id='word_1_742' title='bbox 997 2167 1122 2195; x_wconf 87' lang='lat' dir='ltr'><strong>anbos</strong></span> <span class='ocrx_word' id='word_1_743' title='bbox 1142 2171 1234 2194; x_wconf 87' lang='lat' dir='ltr'><strong>autem</strong></span> <span class='ocrx_word' id='word_1_744' title='bbox 1256 2166 1302 2194; x_wconf 88' lang='lat' dir='ltr'><strong>hic</strong></span> <span class='ocrx_word' id='word_1_745' title='bbox 1326 2165 1394 2194; x_wconf 89' lang='lat' dir='ltr'><strong>dicit</strong></span> <span class='ocrx_word' id='word_1_746' title='bbox 1414 2165 1512 2193; x_wconf 79' lang='lat' dir='ltr'><strong>animae</strong></span> <span class='ocrx_word' id='word_1_747' title='bbox 1529 2165 1641 2194; x_wconf 43' lang='lat' dir='ltr'><strong>fortitu‘</strong></span> 
     </span>
    </p>
   </div>
   <div class='ocr_carea' id='block_1_102' title="bbox 840 2208 1639 2248">
    <p class='ocr_par' dir='ltr' id='par_1_102' title="bbox 840 2208 1639 2248">
     <span class='ocr_line' id='line_1_102' title="bbox 840 2208 1639 2248; baseline -0.006 -7"><span class='ocrx_word' id='word_1_748' title='bbox 840 2213 932 2241; x_wconf 89' lang='lat' dir='ltr'><strong>dinem</strong></span> <span class='ocrx_word' id='word_1_749' title='bbox 947 2217 973 2240; x_wconf 89' lang='lat' dir='ltr'><strong>et</strong></span> <span class='ocrx_word' id='word_1_750' title='bbox 995 2212 1147 2248; x_wconf 88' lang='lat' dir='ltr'><strong>potentiam</strong></span> <span class='ocrx_word' id='word_1_751' title='bbox 1168 2211 1202 2239; x_wconf 88' lang='lat' dir='ltr'><strong>ad</strong></span> <span class='ocrx_word' id='word_1_752' title='bbox 1214 2211 1308 2239; x_wconf 89' lang='lat' dir='ltr'><strong>omnia</strong></span> <span class='ocrx_word' id='word_1_753' title='bbox 1327 2208 1483 2238; x_wconf 86' lang='lat' dir='ltr'><strong>ferendum.</strong></span> <span class='ocrx_word' id='word_1_754' title='bbox 1500 2210 1639 2245; x_wconf 84' lang='lat' dir='ltr'><strong>Quemad-</strong></span> 
     </span>
    </p>
   </div>
   <div class='ocr_carea' id='block_1_103' title="bbox 841 2254 1638 2289">
    <p class='ocr_par' dir='ltr' id='par_1_103' title="bbox 841 2254 1638 2289">
     <span class='ocr_line' id='line_1_103' title="bbox 841 2254 1638 2289; baseline -0.005 -4"><span class='ocrx_word' id='word_1_755' title='bbox 841 2257 958 2286; x_wconf 90' lang='lat' dir='ltr'><strong>modum</strong></span> <span class='ocrx_word' id='word_1_756' title='bbox 972 2257 1046 2285; x_wconf 88' lang='lat' dir='ltr'><strong>enim</strong></span> <span class='ocrx_word' id='word_1_757' title='bbox 1061 2256 1151 2284; x_wconf 86' lang='lat' dir='ltr'><strong>carina</strong></span> <span class='ocrx_word' id='word_1_758' title='bbox 1169 2259 1211 2283; x_wconf 89' lang='lat' dir='ltr'><strong>est</strong></span> <span class='ocrx_word' id='word_1_759' title='bbox 1230 2256 1258 2282; x_wconf 93' lang='lat' dir='ltr'><strong>in</strong></span> <span class='ocrx_word' id='word_1_760' title='bbox 1277 2254 1400 2289; x_wconf 86' lang='lat' dir='ltr'><strong>navibus,</strong></span> <span class='ocrx_word' id='word_1_761' title='bbox 1423 2254 1459 2282; x_wconf 91' lang='lat' dir='ltr'><strong>ita</strong></span> <span class='ocrx_word' id='word_1_762' title='bbox 1480 2254 1508 2282; x_wconf 91' lang='lat' dir='ltr'><strong>in</strong></span> <span class='ocrx_word' id='word_1_763' title='bbox 1528 2254 1638 2282; x_wconf 86' lang='lat' dir='ltr'><strong>animali</strong></span> 
     </span>
    </p>
   </div>
   <div class='ocr_carea' id='block_1_104' title="bbox 842 2299 1637 2337">
    <p class='ocr_par' dir='ltr' id='par_1_104' title="bbox 842 2299 1637 2337">
     <span class='ocr_line' id='line_1_104' title="bbox 842 2299 1637 2337; baseline -0.005 -7"><span class='ocrx_word' id='word_1_764' title='bbox 842 2303 963 2337; x_wconf 91' lang='lat' dir='ltr'><strong>lumbus,</strong></span> <span class='ocrx_word' id='word_1_765' title='bbox 984 2302 1067 2330; x_wconf 85' lang='lat' dir='ltr'><strong>veluti</strong></span> <span class='ocrx_word' id='word_1_766' title='bbox 1084 2301 1216 2329; x_wconf 90' lang='lat' dir='ltr'><strong>nimirum</strong></span> <span class='ocrx_word' id='word_1_767' title='bbox 1234 2299 1445 2328; x_wconf 76' lang='lat' dir='ltr'><strong>fundamentum</strong></span> <span class='ocrx_word' id='word_1_768' title='bbox 1467 2299 1608 2335; x_wconf 88' lang='lat' dir='ltr'><strong>quoddam</strong></span> <span class='ocrx_word' id='word_1_769' title='bbox 1630 2309 1637 2326; x_wconf 91' lang='lat'><strong>:</strong></span> 
     </span>
    </p>
   </div>
   <div class='ocr_carea' id='block_1_105' title="bbox 840 2344 1638 2382">
    <p class='ocr_par' dir='ltr' id='par_1_105' title="bbox 840 2344 1638 2382">
     <span class='ocr_line' id='line_1_105' title="bbox 840 2344 1638 2382; baseline -0.005 -6"><span class='ocrx_word' id='word_1_770' title='bbox 840 2348 913 2376; x_wconf 88' lang='lat' dir='ltr'><strong>unde</strong></span> <span class='ocrx_word' id='word_1_771' title='bbox 928 2351 955 2375; x_wconf 86' lang='lat' dir='ltr'><strong>et</strong></span> <span class='ocrx_word' id='word_1_772' title='bbox 966 2354 1156 2382; x_wconf 75' lang='lat' dir='ltr'><strong>smpenumero</strong></span> <span class='ocrx_word' id='word_1_773' title='bbox 1172 2344 1283 2378; x_wconf 82' lang='lat' dir='ltr'><strong>defessi,</strong></span> <span class='ocrx_word' id='word_1_774' title='bbox 1297 2345 1424 2372; x_wconf 85' lang='lat' dir='ltr'><strong>manibus</strong></span> <span class='ocrx_word' id='word_1_775' title='bbox 1437 2352 1519 2380; x_wconf 91' lang='lat' dir='ltr'><strong>super</strong></span> <span class='ocrx_word' id='word_1_776' title='bbox 1535 2344 1638 2372; x_wconf 92' lang='lat' dir='ltr'><strong>lumbis</strong></span> 
     </span>
    </p>
   </div>
   <div class='ocr_carea' id='block_1_106' title="bbox 842 2388 1640 2428">
    <p class='ocr_par' dir='ltr' id='par_1_106' title="bbox 842 2388 1640 2428">
     <span class='ocr_line' id='line_1_106' title="bbox 842 2388 1640 2428; baseline -0.005 -8"><span class='ocrx_word' id='word_1_777' title='bbox 842 2391 986 2428; x_wconf 88' lang='lat' dir='ltr'><strong>impositis,</strong></span> <span class='ocrx_word' id='word_1_778' title='bbox 1008 2399 1059 2419; x_wconf 90' lang='lat' dir='ltr'><strong>nos</strong></span> <span class='ocrx_word' id='word_1_779' title='bbox 1085 2391 1160 2426; x_wconf 90' lang='lat' dir='ltr'><strong>ipsos</strong></span> <span class='ocrx_word' id='word_1_780' title='bbox 1185 2389 1348 2425; x_wconf 78' lang='lat' dir='ltr'><strong>baiulamus.</strong></span> <span class='ocrx_word' id='word_1_781' title='bbox 1370 2390 1451 2417; x_wconf 80' lang='lat' dir='ltr'><strong>Hunc</strong></span> <span class='ocrx_word' id='word_1_782' title='bbox 1467 2389 1501 2417; x_wconf 89' lang='lat' dir='ltr'><strong>ad</strong></span> <span class='ocrx_word' id='word_1_783' title='bbox 1522 2388 1640 2417; x_wconf 89' lang='lat' dir='ltr'><strong>modum</strong></span> 
     </span>
    </p>
   </div>
   <div class='ocr_carea' id='block_1_107' title="bbox 840 2434 1640 2473">
    <p class='ocr_par' dir='ltr' id='par_1_107' title="bbox 840 2434 1640 2473">
     <span class='ocr_line' id='line_1_107' title="bbox 840 2434 1640 2473; baseline -0.003 -9"><span class='ocrx_word' id='word_1_784' title='bbox 840 2436 987 2473; x_wconf 87' lang='lat' dir='ltr'><strong>spiritualis</strong></span> <span class='ocrx_word' id='word_1_785' title='bbox 1000 2435 1111 2463; x_wconf 90' lang='lat' dir='ltr'><strong>lumbus</strong></span> <span class='ocrx_word' id='word_1_786' title='bbox 1130 2434 1222 2468; x_wconf 87' lang='lat' dir='ltr'><strong>habet,</strong></span> <span class='ocrx_word' id='word_1_787' title='bbox 1247 2441 1330 2470; x_wconf 88' lang='lat' dir='ltr'><strong>quem</strong></span> <span class='ocrx_word' id='word_1_788' title='bbox 1344 2434 1372 2462; x_wconf 90' lang='lat' dir='ltr'><strong>in</strong></span> <span class='ocrx_word' id='word_1_789' title='bbox 1391 2434 1507 2462; x_wconf 84' lang='lat' dir='ltr'><strong>veritate</strong></span> <span class='ocrx_word' id='word_1_790' title='bbox 1519 2434 1640 2462; x_wconf 87' lang='lat' dir='ltr'><strong>circum-</strong></span> 
     </span>
    </p>
   </div>
   <div class='ocr_carea' id='block_1_108' title="bbox 842 2478 1642 2518">
    <p class='ocr_par' dir='ltr' id='par_1_108' title="bbox 842 2478 1642 2518">
     <span class='ocr_line' id='line_1_108' title="bbox 842 2478 1642 2518; baseline -0.005 -8"><span class='ocrx_word' id='word_1_791' title='bbox 842 2481 950 2518; x_wconf 86' lang='lat' dir='ltr'><strong>cingere</strong></span> <span class='ocrx_word' id='word_1_792' title='bbox 965 2480 1097 2517; x_wconf 66' lang='lat' dir='ltr'><strong>prmeipit,</strong></span> <span class='ocrx_word' id='word_1_793' title='bbox 1123 2486 1184 2516; x_wconf 73' lang='lat' dir='ltr'><strong>quae</strong></span> <span class='ocrx_word' id='word_1_794' title='bbox 1202 2487 1266 2506; x_wconf 90' lang='lat' dir='ltr'><strong>cum</strong></span> <span class='ocrx_word' id='word_1_795' title='bbox 1287 2479 1315 2506; x_wconf 90' lang='lat' dir='ltr'><strong>in</strong></span> <span class='ocrx_word' id='word_1_796' title='bbox 1335 2478 1509 2515; x_wconf 84' lang='lat' dir='ltr'><strong>dogmatibus</strong></span> <span class='ocrx_word' id='word_1_797' title='bbox 1537 2483 1598 2507; x_wconf 91' lang='lat' dir='ltr'><strong>tum</strong></span> <span class='ocrx_word' id='word_1_798' title='bbox 1614 2478 1642 2506; x_wconf 92' lang='lat' dir='ltr'><strong>in</strong></span> 
     </span>
    </p>
   </div>
   <div class='ocr_carea' id='block_1_109' title="bbox 843 2522 1642 2558">
    <p class='ocr_par' dir='ltr' id='par_1_109' title="bbox 843 2522 1642 2558">
     <span class='ocr_line' id='line_1_109' title="bbox 843 2522 1642 2558; baseline -0.005 -4"><span class='ocrx_word' id='word_1_799' title='bbox 843 2526 897 2554; x_wconf 85' lang='lat' dir='ltr'><strong>vita</strong></span> <span class='ocrx_word' id='word_1_800' title='bbox 911 2526 1039 2554; x_wconf 88' lang='lat' dir='ltr'><strong>reniteat.</strong></span> <span class='ocrx_word' id='word_1_801' title='bbox 1059 2526 1148 2553; x_wconf 87' lang='lat' dir='ltr'><strong>Nemo</strong></span> <span class='ocrx_word' id='word_1_802' title='bbox 1166 2523 1238 2551; x_wconf 90' lang='lat' dir='ltr'><strong>enim</strong></span> <span class='ocrx_word' id='word_1_803' title='bbox 1258 2523 1455 2552; x_wconf 73' lang='lat' dir='ltr'><strong>bmreticornm</strong></span> <span class='ocrx_word' id='word_1_804' title='bbox 1478 2523 1598 2558; x_wconf 73' lang='lat' dir='ltr'><strong>cingitur</strong></span> <span class='ocrx_word' id='word_1_805' title='bbox 1614 2522 1642 2550; x_wconf 92' lang='lat' dir='ltr'><strong>in</strong></span> 
     </span>
    </p>
   </div>
   <div class='ocr_carea' id='block_1_110' title="bbox 843 2567 1643 2605">
    <p class='ocr_par' dir='ltr' id='par_1_110' title="bbox 843 2567 1643 2605">
     <span class='ocr_line' id='line_1_110' title="bbox 843 2567 1643 2605; baseline -0.006 -6"><span class='ocrx_word' id='word_1_806' title='bbox 843 2571 967 2605; x_wconf 85' lang='lat' dir='ltr'><strong>veritate,</strong></span> <span class='ocrx_word' id='word_1_807' title='bbox 988 2570 1037 2598; x_wconf 89' lang='lat' dir='ltr'><strong>sed</strong></span> <span class='ocrx_word' id='word_1_808' title='bbox 1060 2568 1131 2597; x_wconf 85' lang='lat' dir='ltr'><strong>infra</strong></span> <span class='ocrx_word' id='word_1_809' title='bbox 1156 2568 1183 2596; x_wconf 87' lang='lat' dir='ltr'><strong>in</strong></span> <span class='ocrx_word' id='word_1_810' title='bbox 1205 2571 1307 2596; x_wconf 84' lang='lat' dir='ltr'><strong>terram</strong></span> <span class='ocrx_word' id='word_1_811' title='bbox 1334 2572 1444 2604; x_wconf 86' lang='lat' dir='ltr'><strong>repunt,</strong></span> <span class='ocrx_word' id='word_1_812' title='bbox 1468 2567 1536 2595; x_wconf 90' lang='lat' dir='ltr'><strong>nihil</strong></span> <span class='ocrx_word' id='word_1_813' title='bbox 1557 2567 1643 2594; x_wconf 87' lang='lat' dir='ltr'><strong>altum</strong></span> 
     </span>
    </p>
   </div>
   <div class='ocr_carea' id='block_1_111' title="bbox 843 2610 1645 2652">
    <p class='ocr_par' dir='ltr' id='par_1_111' title="bbox 843 2610 1645 2652">
     <span class='ocr_line' id='line_1_111' title="bbox 843 2610 1645 2652; baseline -0.007 -8"><span class='ocrx_word' id='word_1_814' title='bbox 843 2616 992 2652; x_wconf 85' lang='lat' dir='ltr'><strong>intelligere</strong></span> <span class='ocrx_word' id='word_1_815' title='bbox 1011 2614 1143 2647; x_wconf 85' lang='lat' dir='ltr'><strong>valentes,</strong></span> <span class='ocrx_word' id='word_1_816' title='bbox 1166 2612 1212 2641; x_wconf 90' lang='lat' dir='ltr'><strong>sed</strong></span> <span class='ocrx_word' id='word_1_817' title='bbox 1240 2612 1371 2640; x_wconf 90' lang='lat' dir='ltr'><strong>humanis</strong></span> <span class='ocrx_word' id='word_1_818' title='bbox 1389 2610 1600 2648; x_wconf 87' lang='lat' dir='ltr'><strong>cogitationibus</strong></span> <span class='ocrx_word' id='word_1_819' title='bbox 1617 2615 1645 2639; x_wconf 90' lang='lat' dir='ltr'><strong>et</strong></span> 
     </span>
    </p>
   </div>
   <div class='ocr_carea' id='block_1_112' title="bbox 844 2656 1643 2696">
    <p class='ocr_par' dir='ltr' id='par_1_112' title="bbox 844 2656 1643 2696">
     <span class='ocr_line' id='line_1_112' title="bbox 844 2656 1643 2696; baseline -0.006 -7"><span class='ocrx_word' id='word_1_820' title='bbox 844 2660 921 2689; x_wconf 90' lang='lat' dir='ltr'><strong>humi</strong></span> <span class='ocrx_word' id='word_1_821' title='bbox 936 2659 1092 2696; x_wconf 87' lang='lat' dir='ltr'><strong>repentibus</strong></span> <span class='ocrx_word' id='word_1_822' title='bbox 1111 2658 1204 2687; x_wconf 89' lang='lat' dir='ltr'><strong>divina</strong></span> <span class='ocrx_word' id='word_1_823' title='bbox 1225 2657 1412 2694; x_wconf 82' lang='lat' dir='ltr'><strong>explorantes.</strong></span> <span class='ocrx_word' id='word_1_824' title='bbox 1437 2657 1574 2684; x_wconf 71' lang='lat' dir='ltr'><strong>Prazterea</strong></span> <span class='ocrx_word' id='word_1_825' title='bbox 1594 2656 1643 2691; x_wconf 89' lang='lat' dir='ltr'><strong>qui</strong></span> 
     </span>
    </p>
   </div>
   <div class='ocr_carea' id='block_1_113' title="bbox 700 2706 970 2736">
    <p class='ocr_par' dir='ltr' id='par_1_113' title="bbox 700 2706 970 2736">
     <span class='ocr_line' id='line_1_113' title="bbox 700 2706 970 2736; baseline 0 0"><span class='ocrx_word' id='word_1_826' title='bbox 700 2706 796 2736; x_wconf 80' lang='lat' dir='ltr'><strong>Variae</strong></span> <span class='ocrx_word' id='word_1_827' title='bbox 819 2706 970 2736; x_wconf 86' lang='lat' dir='ltr'><strong>lectiones.</strong></span> 
     </span>
    </p>
   </div>
   <div class='ocr_carea' id='block_1_114' title="bbox 44 2738 1643 2786">
    <p class='ocr_par' dir='ltr' id='par_1_114' title="bbox 44 2738 1643 2786">
     <span class='ocr_line' id='line_1_114' title="bbox 44 2738 1643 2786; baseline -0.008 -1"><span class='ocrx_word' id='word_1_828' title='bbox 44 2738 182 2786; x_wconf 32' lang='grc' dir='ltr'>Ἰλκῗίρῷνο·</span> <span class='ocrx_word' id='word_1_829' title='bbox 221 2746 244 2763; x_wconf 66' lang='grc' dir='ltr'><strong>³ο</strong></span> <span class='ocrx_word' id='word_1_830' title='bbox 256 2749 360 2782; x_wconf 75' lang='grc' dir='ltr'>νικηθεὶς</span> <span class='ocrx_word' id='word_1_831' title='bbox 374 2757 402 2778; x_wconf 84' lang='grc' dir='ltr'>ο.</span> <span class='ocrx_word' id='word_1_832' title='bbox 439 2749 459 2767; x_wconf 78' lang='grc' dir='ltr'>⁸ί</span> <span class='ocrx_word' id='word_1_833' title='bbox 471 2749 619 2786; x_wconf 70' lang='grc' dir='ltr'>ἐνεόὗθημεν</span> <span class='ocrx_word' id='word_1_834' title='bbox 636 2759 664 2779; x_wconf 95' lang='grc' dir='ltr'>ο.</span> <span class='ocrx_word' id='word_1_835' title='bbox 702 2751 735 2786; x_wconf 51' lang='lat'><strong>3&#39;,</strong></span> <span class='ocrx_word' id='word_1_836' title='bbox 747 2751 808 2779; x_wconf 80' lang='grc' dir='ltr'>εἰσιν</span> <span class='ocrx_word' id='word_1_837' title='bbox 821 2751 846 2778; x_wconf 82' lang='grc' dir='ltr'>οἱ</span> <span class='ocrx_word' id='word_1_838' title='bbox 861 2750 1026 2785; x_wconf 79' lang='grc' dir='ltr'>ἀντικείμενοι</span> <span class='ocrx_word' id='word_1_839' title='bbox 1039 2748 1122 2779; x_wconf 68' lang='grc' dir='ltr'>αὐτοῖς</span> <span class='ocrx_word' id='word_1_840' title='bbox 1136 2747 1178 2774; x_wconf 73' lang='grc' dir='ltr'><strong>καὶ</strong></span> <span class='ocrx_word' id='word_1_841' title='bbox 1194 2745 1466 2782; x_wconf 69' lang='grc' dir='ltr'>πολεμοῦντεςξαῦτοῖς</span> <span class='ocrx_word' id='word_1_842' title='bbox 1480 2744 1521 2771; x_wconf 79' lang='grc' dir='ltr'>διὰ</span> <span class='ocrx_word' id='word_1_843' title='bbox 1537 2754 1564 2781; x_wconf 87' lang='grc' dir='ltr'>μ.</span> <span class='ocrx_word' id='word_1_844' title='bbox 1581 2754 1607 2773; x_wconf 86' lang='grc' dir='ltr'>α,</span> <span class='ocrx_word' id='word_1_845' title='bbox 1617 2752 1643 2772; x_wconf 90' lang='grc' dir='ltr'>ο.</span> 
     </span>
    </p>
   </div>
   <div class='ocr_carea' id='block_1_115' title="bbox 20 2775 696 2827">
    <p class='ocr_par' dir='ltr' id='par_1_115' title="bbox 20 2775 696 2827">
     <span class='ocr_line' id='line_1_115' title="bbox 20 2775 696 2827; baseline 0.037 -22"><span class='ocrx_word' id='word_1_846' title='bbox 20 2775 38 2793; x_wconf 69' lang='grc'><strong>³⁸</strong></span> <span class='ocrx_word' id='word_1_847' title='bbox 51 2779 120 2810; x_wconf 71' lang='grc' dir='ltr'>οὐκέτι</span> <span class='ocrx_word' id='word_1_848' title='bbox 137 2784 187 2812; x_wconf 82' lang='grc' dir='ltr'>χλι.</span> <span class='ocrx_word' id='word_1_849' title='bbox 203 2793 229 2815; x_wconf 91' lang='grc' dir='ltr'>ο.</span> <span class='ocrx_word' id='word_1_850' title='bbox 268 2787 291 2806; x_wconf 84' lang='grc'><strong>³¹⁵</strong></span> <span class='ocrx_word' id='word_1_851' title='bbox 304 2775 378 2815; x_wconf 52' lang='grc' dir='ltr'>πάλιν</span> <span class='ocrx_word' id='word_1_852' title='bbox 388 2797 415 2818; x_wconf 68' lang='grc' dir='ltr'><strong>οο</strong></span> <span class='ocrx_word' id='word_1_853' title='bbox 455 2790 479 2810; x_wconf 75' lang='grc'><strong>⁸⁸</strong></span> <span class='ocrx_word' id='word_1_854' title='bbox 499 2790 528 2818; x_wconf 66' lang='grc' dir='ltr'><strong>τὶ)</strong></span> <span class='ocrx_word' id='word_1_855' title='bbox 539 2775 696 2827; x_wconf 41' lang='grc' dir='ltr'><strong>διὲῤῥέοῖοο</strong></span> 
     </span>
    </p>
   </div>
   <div class='ocr_carea' id='block_1_116' title="bbox 141 2829 453 2863">
    <p class='ocr_par' dir='ltr' id='par_1_116' title="bbox 141 2829 453 2863">
     <span class='ocr_line' id='line_1_116' title="bbox 141 2829 453 2863; baseline 0.019 -6"><span class='ocrx_word' id='word_1_856' title='bbox 141 2829 259 2859; x_wconf 69' lang='grc' dir='ltr'>ΡΔτιιοι..</span> <span class='ocrx_word' id='word_1_857' title='bbox 277 2833 326 2862; x_wconf 75' lang='lat' dir='ltr'><strong>Gn.</strong></span> <span class='ocrx_word' id='word_1_858' title='bbox 345 2835 453 2863; x_wconf 80' lang='lat' dir='ltr'><strong>CXXIV.</strong></span> 
     </span>
    </p>
   </div>
   <div class='ocr_carea' id='block_1_117' title="bbox 1454 2833 1488 2859">
    <p class='ocr_par' dir='ltr' id='par_1_117' title="bbox 1454 2833 1488 2859">
     <span class='ocr_line' id='line_1_117' title="bbox 1454 2833 1488 2859; baseline -0.029 0"><span class='ocrx_word' id='word_1_859' title='bbox 1454 2833 1488 2859; x_wconf 74' lang='lat'><strong>&#39;36</strong></span> 
     </span>
    </p>
   </div>
  </div>
