  <div class='ocr_page' id='page_1' title='image "/cluster/home/n/w/nwhite01/storage/ocr_20150623/124/njp.32101010942728/734.png"; bbox 0 0 1886 3082; ppageno 0'>
   <div class='ocr_carea' id='block_1_1' title="bbox 12 171 836 200">
    <p class='ocr_par' dir='ltr' id='par_1_1' title="bbox 12 171 836 200">
     <span class='ocr_line' id='line_1_1' title="bbox 12 171 836 200; baseline -0.004 -1"><span class='ocrx_word' id='word_1_1' title='bbox 12 172 74 199; x_wconf 77' lang='lat' dir='ltr'><strong>H33</strong></span> <span class='ocrx_word' id='word_1_2' title='bbox 419 171 593 200; x_wconf 74' lang='lat' dir='ltr'><strong>EXPOSITIO</strong></span> <span class='ocrx_word' id='word_1_3' title='bbox 614 172 646 199; x_wconf 84' lang='lat' dir='ltr'><strong>IN</strong></span> <span class='ocrx_word' id='word_1_4' title='bbox 666 172 771 199; x_wconf 83' lang='lat' dir='ltr'><strong>EPIST.</strong></span> <span class='ocrx_word' id='word_1_5' title='bbox 791 172 836 198; x_wconf 82' lang='grc' dir='ltr'><strong>ΛΙ)</strong></span> 
     </span>
    </p>
   </div>
   <div class='ocr_carea' id='block_1_2' title="bbox 857 172 1653 203">
    <p class='ocr_par' dir='ltr' id='par_1_2' title="bbox 857 172 1653 203">
     <span class='ocr_line' id='line_1_2' title="bbox 857 172 1653 203; baseline 0.005 -5"><span class='ocrx_word' id='word_1_6' title='bbox 857 172 973 199; x_wconf 75' lang='lat' dir='ltr'><strong>EPHES.</strong></span> <span class='ocrx_word' id='word_1_7' title='bbox 993 187 1027 192; x_wconf 94' lang='lat'><strong>—</strong></span> <span class='ocrx_word' id='word_1_8' title='bbox 1045 173 1119 200; x_wconf 76' lang='lat' dir='ltr'><strong>CAP.</strong></span> <span class='ocrx_word' id='word_1_9' title='bbox 1141 173 1184 200; x_wconf 88' lang='lat' dir='ltr'><strong>Vl.</strong></span> <span class='ocrx_word' id='word_1_10' title='bbox 1587 175 1653 203; x_wconf 76' lang='grc'><strong>1134</strong></span> 
     </span>
    </p>
   </div>
   <div class='ocr_carea' id='block_1_3' title="bbox 12 233 797 275">
    <p class='ocr_par' dir='ltr' id='par_1_3' title="bbox 12 233 796 275">
     <span class='ocr_line' id='line_1_3' title="bbox 12 233 796 275; baseline 0.001 -13"><span class='ocrx_word' id='word_1_11' title='bbox 12 233 83 271; x_wconf 74' lang='grc' dir='ltr'>ξγουν</span> <span class='ocrx_word' id='word_1_12' title='bbox 100 235 117 270; x_wconf 91' lang='grc' dir='ltr'>ἡ</span> <span class='ocrx_word' id='word_1_13' title='bbox 146 234 224 267; x_wconf 72' lang='grc' dir='ltr'>ἀσπὶς</span> <span class='ocrx_word' id='word_1_14' title='bbox 249 234 434 275; x_wconf 77' lang='grc' dir='ltr'>προϐέϐληται</span> <span class='ocrx_word' id='word_1_15' title='bbox 458 234 555 268; x_wconf 81' lang='grc' dir='ltr'>παντὸς</span> <span class='ocrx_word' id='word_1_16' title='bbox 579 236 625 264; x_wconf 75' lang='grc' dir='ltr'><strong>τοῦ</strong></span> <span class='ocrx_word' id='word_1_17' title='bbox 654 234 796 273; x_wconf 79' lang='grc' dir='ltr'>σώματος,</span> 
     </span>
    </p>
   </div>
   <div class='ocr_carea' id='block_1_4' title="bbox 897 233 1652 275">
    <p class='ocr_par' dir='ltr' id='par_1_4' title="bbox 897 234 1652 273">
     <span class='ocr_line' id='line_1_4' title="bbox 897 234 1652 273; baseline 0.007 -12"><span class='ocrx_word' id='word_1_18' title='bbox 897 243 899 261; x_wconf 88' lang='grc' dir='ltr'><strong>ι</strong></span> <span class='ocrx_word' id='word_1_19' title='bbox 907 234 991 270; x_wconf 87' lang='lat' dir='ltr'><strong>janua</strong></span> <span class='ocrx_word' id='word_1_20' title='bbox 1002 234 1127 271; x_wconf 68' lang='lat' dir='ltr'><strong>quaedam</strong></span> <span class='ocrx_word' id='word_1_21' title='bbox 1143 234 1298 263; x_wconf 85' lang='lat' dir='ltr'><strong>custodiens</strong></span> <span class='ocrx_word' id='word_1_22' title='bbox 1311 239 1338 263; x_wconf 93' lang='lat' dir='ltr'><strong>et</strong></span> <span class='ocrx_word' id='word_1_23' title='bbox 1359 235 1524 264; x_wconf 84' lang='lat' dir='ltr'><strong>concludens</strong></span> <span class='ocrx_word' id='word_1_24' title='bbox 1543 237 1634 273; x_wconf 88' lang='lat' dir='ltr'><strong>ipsum</strong></span> <span class='ocrx_word' id='word_1_25' title='bbox 1646 252 1652 270; x_wconf 86' lang='grc'>;</span> 
     </span>
    </p>
   </div>
   <div class='ocr_carea' id='block_1_5' title="bbox 12 275 805 319">
    <p class='ocr_par' dir='ltr' id='par_1_5' title="bbox 12 275 805 319">
     <span class='ocr_line' id='line_1_5' title="bbox 12 275 805 319; baseline 0 -12"><span class='ocrx_word' id='word_1_26' title='bbox 12 275 56 307; x_wconf 68' lang='grc' dir='ltr'>ἶῖόν</span> <span class='ocrx_word' id='word_1_27' title='bbox 74 291 113 312; x_wconf 89' lang='grc' dir='ltr'><strong>τις</strong></span> <span class='ocrx_word' id='word_1_28' title='bbox 140 278 204 319; x_wconf 74' lang='grc' dir='ltr'>θύρα</span> <span class='ocrx_word' id='word_1_29' title='bbox 229 279 368 319; x_wconf 82' lang='grc' dir='ltr'><strong>φυλάττων</strong></span> <span class='ocrx_word' id='word_1_30' title='bbox 383 278 430 308; x_wconf 81' lang='grc' dir='ltr'><strong>χαὶ</strong></span> <span class='ocrx_word' id='word_1_31' title='bbox 456 278 611 319; x_wconf 83' lang='grc' dir='ltr'>περιχλείων</span> <span class='ocrx_word' id='word_1_32' title='bbox 637 278 721 316; x_wconf 79' lang='grc' dir='ltr'>αὖτὸ,</span> <span class='ocrx_word' id='word_1_33' title='bbox 737 278 805 308; x_wconf 78' lang='grc' dir='ltr'>οὕτω</span> 
     </span>
    </p>
   </div>
   <div class='ocr_carea' id='block_1_6' title="bbox 12 323 803 366">
    <p class='ocr_par' dir='ltr' id='par_1_6' title="bbox 12 323 803 366">
     <span class='ocr_line' id='line_1_6' title="bbox 12 323 803 366; baseline 0.003 -14"><span class='ocrx_word' id='word_1_34' title='bbox 12 324 49 352; x_wconf 74' lang='grc' dir='ltr'><strong>ιαὶ</strong></span> <span class='ocrx_word' id='word_1_35' title='bbox 64 325 82 359; x_wconf 87' lang='grc' dir='ltr'><strong>ἡ</strong></span> <span class='ocrx_word' id='word_1_36' title='bbox 105 323 262 358; x_wconf 81' lang='grc' dir='ltr'>ἀδίσταχτος</span> <span class='ocrx_word' id='word_1_37' title='bbox 284 325 372 358; x_wconf 80' lang='grc' dir='ltr'><strong>πίστις</strong></span> <span class='ocrx_word' id='word_1_38' title='bbox 387 323 492 366; x_wconf 78' lang='grc' dir='ltr'>φυλακὴ</span> <span class='ocrx_word' id='word_1_39' title='bbox 514 325 560 360; x_wconf 79' lang='grc' dir='ltr'><strong>τῆς</strong></span> <span class='ocrx_word' id='word_1_40' title='bbox 570 325 657 364; x_wconf 79' lang='grc' dir='ltr'>ψυχῆς</span> <span class='ocrx_word' id='word_1_41' title='bbox 673 323 746 361; x_wconf 72' lang='grc' dir='ltr'>ὅλης,</span> <span class='ocrx_word' id='word_1_42' title='bbox 769 323 803 354; x_wconf 86' lang='grc' dir='ltr'><strong>Ἡ</strong></span> 
     </span>
    </p>
   </div>
   <div class='ocr_carea' id='block_1_7' title="bbox 12 367 805 410">
    <p class='ocr_par' dir='ltr' id='par_1_7' title="bbox 12 367 805 410">
     <span class='ocr_line' id='line_1_7' title="bbox 12 367 805 410; baseline -0.001 -12"><span class='ocrx_word' id='word_1_43' title='bbox 12 369 92 403; x_wconf 79' lang='grc' dir='ltr'>ιίστις</span> <span class='ocrx_word' id='word_1_44' title='bbox 106 367 134 398; x_wconf 82' lang='grc' dir='ltr'><strong>δέ</strong></span> <span class='ocrx_word' id='word_1_45' title='bbox 162 369 219 399; x_wconf 76' lang='grc' dir='ltr'>ἐστι</span> <span class='ocrx_word' id='word_1_46' title='bbox 244 369 347 409; x_wconf 84' lang='grc' dir='ltr'>θυρεὸς,</span> <span class='ocrx_word' id='word_1_47' title='bbox 375 370 404 399; x_wconf 78' lang='grc' dir='ltr'>οὐ</span> <span class='ocrx_word' id='word_1_48' title='bbox 424 368 458 398; x_wconf 84' lang='grc' dir='ltr'><strong>τὰ</strong></span> <span class='ocrx_word' id='word_1_49' title='bbox 482 369 648 410; x_wconf 70' lang='grc' dir='ltr'><strong>σοφίσματα.</strong></span> <span class='ocrx_word' id='word_1_50' title='bbox 665 367 700 398; x_wconf 84' lang='grc' dir='ltr'>Ὁ</span> <span class='ocrx_word' id='word_1_51' title='bbox 716 368 805 408; x_wconf 73' lang='grc' dir='ltr'>θυρεὸς</span> 
     </span>
    </p>
   </div>
   <div class='ocr_carea' id='block_1_8' title="bbox 12 413 483 453">
    <p class='ocr_par' dir='ltr' id='par_1_8' title="bbox 12 413 483 453">
     <span class='ocr_line' id='line_1_8' title="bbox 12 413 483 453; baseline -0.002 -11"><span class='ocrx_word' id='word_1_52' title='bbox 12 414 97 442; x_wconf 70' lang='grc' dir='ltr'>πχέπει</span> <span class='ocrx_word' id='word_1_53' title='bbox 109 438 114 448; x_wconf 83' lang='grc'><strong>,</strong></span> <span class='ocrx_word' id='word_1_54' title='bbox 128 414 215 443; x_wconf 81' lang='grc' dir='ltr'>ἐκεῖνα</span> <span class='ocrx_word' id='word_1_55' title='bbox 228 413 255 444; x_wconf 84' lang='grc' dir='ltr'><strong>δὲ</strong></span> <span class='ocrx_word' id='word_1_56' title='bbox 271 413 483 453; x_wconf 86' lang='grc' dir='ltr'>συμποδίζουσιν.</span> 
     </span>
    </p>
   </div>
   <div class='ocr_carea' id='block_1_9' title="bbox 46 453 804 499">
    <p class='ocr_par' dir='ltr' id='par_1_9' title="bbox 46 453 804 499">
     <span class='ocr_line' id='line_1_9' title="bbox 46 453 804 499; baseline 0.001 -13"><span class='ocrx_word' id='word_1_57' title='bbox 46 469 60 486; x_wconf 81' lang='grc'><strong>‹</strong></span> <span class='ocrx_word' id='word_1_58' title='bbox 74 453 159 499; x_wconf 58' lang='grc' dir='ltr'>Ἐνδῷ</span> <span class='ocrx_word' id='word_1_59' title='bbox 173 458 314 494; x_wconf 84' lang='grc' dir='ltr'>δυνήσεσθε</span> <span class='ocrx_word' id='word_1_60' title='bbox 329 459 417 488; x_wconf 81' lang='grc' dir='ltr'>πάντα</span> <span class='ocrx_word' id='word_1_61' title='bbox 432 457 465 488; x_wconf 78' lang='grc' dir='ltr'><strong>τὰ</strong></span> <span class='ocrx_word' id='word_1_62' title='bbox 486 458 550 497; x_wconf 86' lang='grc' dir='ltr'><strong>βέλη</strong></span> <span class='ocrx_word' id='word_1_63' title='bbox 579 460 624 487; x_wconf 78' lang='grc' dir='ltr'><strong>τοῦ</strong></span> <span class='ocrx_word' id='word_1_64' title='bbox 641 459 755 498; x_wconf 69' lang='grc' dir='ltr'>πονηροῦ</span> <span class='ocrx_word' id='word_1_65' title='bbox 771 457 804 487; x_wconf 71' lang='grc' dir='ltr'><strong>τὰ</strong></span> 
     </span>
    </p>
   </div>
   <div class='ocr_carea' id='block_1_10' title="bbox 12 502 804 543">
    <p class='ocr_par' dir='ltr' id='par_1_10' title="bbox 12 502 804 543">
     <span class='ocr_line' id='line_1_10' title="bbox 12 502 804 543; baseline 0 -11"><span class='ocrx_word' id='word_1_66' title='bbox 12 502 185 543; x_wconf 79' lang='grc' dir='ltr'>τεπυρωμένα</span> <span class='ocrx_word' id='word_1_67' title='bbox 202 502 307 534; x_wconf 83' lang='grc' dir='ltr'>σϐέσαι.</span> <span class='ocrx_word' id='word_1_68' title='bbox 320 515 334 533; x_wconf 83' lang='lat' dir='ltr'><strong>n</strong></span> <span class='ocrx_word' id='word_1_69' title='bbox 357 503 487 534; x_wconf 83' lang='grc' dir='ltr'>Τουτέστι</span> <span class='ocrx_word' id='word_1_70' title='bbox 497 525 506 539; x_wconf 86' lang='grc'><strong>,</strong></span> <span class='ocrx_word' id='word_1_71' title='bbox 527 503 574 536; x_wconf 77' lang='grc' dir='ltr'><strong>τὰς</strong></span> <span class='ocrx_word' id='word_1_72' title='bbox 589 502 702 536; x_wconf 80' lang='grc' dir='ltr'><strong>ἀτόπους</strong></span> <span class='ocrx_word' id='word_1_73' title='bbox 713 504 804 532; x_wconf 74' lang='grc' dir='ltr'>ἐπιϐυ-</span> 
     </span>
    </p>
   </div>
   <div class='ocr_carea' id='block_1_11' title="bbox 12 543 804 588">
    <p class='ocr_par' dir='ltr' id='par_1_11' title="bbox 12 543 804 588">
     <span class='ocr_line' id='line_1_11' title="bbox 12 543 804 588; baseline 0.001 -13"><span class='ocrx_word' id='word_1_74' title='bbox 12 547 66 581; x_wconf 71' lang='grc' dir='ltr'>ιίπς</span> <span class='ocrx_word' id='word_1_75' title='bbox 78 570 85 584; x_wconf 86' lang='grc'><strong>,</strong></span> <span class='ocrx_word' id='word_1_76' title='bbox 101 548 161 581; x_wconf 73' lang='grc' dir='ltr'>τοὺς</span> <span class='ocrx_word' id='word_1_77' title='bbox 176 550 222 584; x_wconf 82' lang='grc' dir='ltr'><strong>τῆς</strong></span> <span class='ocrx_word' id='word_1_78' title='bbox 238 548 362 582; x_wconf 78' lang='grc' dir='ltr'><strong>ἀπιστίας</strong></span> <span class='ocrx_word' id='word_1_79' title='bbox 383 548 525 588; x_wconf 79' lang='grc' dir='ltr'>λογισμοὺς</span> <span class='ocrx_word' id='word_1_80' title='bbox 554 543 637 587; x_wconf 70' lang='grc' dir='ltr'>(οἷον,</span> <span class='ocrx_word' id='word_1_81' title='bbox 655 543 722 588; x_wconf 71' lang='grc' dir='ltr'>Ἆρα</span> <span class='ocrx_word' id='word_1_82' title='bbox 739 548 804 577; x_wconf 82' lang='grc' dir='ltr'>ἀνά-</span> 
     </span>
    </p>
   </div>
   <div class='ocr_carea' id='block_1_12' title="bbox 12 588 803 633">
    <p class='ocr_par' dir='ltr' id='par_1_12' title="bbox 12 588 803 633">
     <span class='ocr_line' id='line_1_12' title="bbox 12 588 803 633; baseline 0.001 -12"><span class='ocrx_word' id='word_1_83' title='bbox 12 603 98 626; x_wconf 77' lang='grc' dir='ltr'>ιτασις</span> <span class='ocrx_word' id='word_1_84' title='bbox 125 592 212 630; x_wconf 60' lang='lat' dir='ltr'><strong>(ortv;</strong></span> <span class='ocrx_word' id='word_1_85' title='bbox 239 588 292 633; x_wconf 63' lang='grc' dir='ltr'><strong>ἆρα</strong></span> <span class='ocrx_word' id='word_1_86' title='bbox 320 593 455 633; x_wconf 76' lang='grc' dir='ltr'>κρίσιςς),</span> <span class='ocrx_word' id='word_1_87' title='bbox 471 593 517 622; x_wconf 78' lang='grc' dir='ltr'>καὶ</span> <span class='ocrx_word' id='word_1_88' title='bbox 543 592 602 626; x_wconf 83' lang='grc' dir='ltr'>τοὺς</span> <span class='ocrx_word' id='word_1_89' title='bbox 628 592 803 632; x_wconf 81' lang='grc' dir='ltr'>πειρασμούς.</span> 
     </span>
    </p>
   </div>
   <div class='ocr_carea' id='block_1_13' title="bbox 12 636 804 677">
    <p class='ocr_par' dir='ltr' id='par_1_13' title="bbox 12 636 804 677">
     <span class='ocr_line' id='line_1_13' title="bbox 12 636 804 677; baseline -0.001 -10"><span class='ocrx_word' id='word_1_90' title='bbox 12 637 195 677; x_wconf 78' lang='grc' dir='ltr'>[Ῑεπυρωμίνα</span> <span class='ocrx_word' id='word_1_91' title='bbox 212 636 259 673; x_wconf 83' lang='grc' dir='ltr'>δὲ,</span> <span class='ocrx_word' id='word_1_92' title='bbox 287 638 316 666; x_wconf 83' lang='grc' dir='ltr'>οὐ</span> <span class='ocrx_word' id='word_1_93' title='bbox 345 638 423 676; x_wconf 88' lang='grc' dir='ltr'>μόνον</span> <span class='ocrx_word' id='word_1_94' title='bbox 441 637 481 666; x_wconf 79' lang='grc' dir='ltr'><strong>ὅτι</strong></span> <span class='ocrx_word' id='word_1_95' title='bbox 510 639 538 667; x_wconf 83' lang='grc' dir='ltr'>αἱ</span> <span class='ocrx_word' id='word_1_96' title='bbox 565 636 701 675; x_wconf 79' lang='grc' dir='ltr'><strong>ἐπιθυμίαι</strong></span> <span class='ocrx_word' id='word_1_97' title='bbox 725 637 804 666; x_wconf 79' lang='grc' dir='ltr'>ἐκπυ-</span> 
     </span>
    </p>
   </div>
   <div class='ocr_carea' id='block_1_14' title="bbox 12 681 805 722">
    <p class='ocr_par' dir='ltr' id='par_1_14' title="bbox 12 681 805 722">
     <span class='ocr_line' id='line_1_14' title="bbox 12 681 805 722; baseline 0 -12"><span class='ocrx_word' id='word_1_98' title='bbox 12 685 100 720; x_wconf 64' lang='grc' dir='ltr'>ιοῧσι,</span> <span class='ocrx_word' id='word_1_99' title='bbox 118 682 184 722; x_wconf 84' lang='grc' dir='ltr'>πρὸς</span> <span class='ocrx_word' id='word_1_100' title='bbox 206 681 313 722; x_wconf 82' lang='grc' dir='ltr'>πράξεις</span> <span class='ocrx_word' id='word_1_101' title='bbox 337 681 451 722; x_wconf 78' lang='grc' dir='ltr'>αἰσχρὰς</span> <span class='ocrx_word' id='word_1_102' title='bbox 473 682 668 720; x_wconf 80' lang='grc' dir='ltr'>ἆναχαίουσαι,</span> <span class='ocrx_word' id='word_1_103' title='bbox 691 682 749 710; x_wconf 83' lang='grc' dir='ltr'>ἀλλ’</span> <span class='ocrx_word' id='word_1_104' title='bbox 765 681 805 710; x_wconf 77' lang='grc' dir='ltr'>ὅτι</span> 
     </span>
    </p>
   </div>
   <div class='ocr_carea' id='block_1_15' title="bbox 12 725 804 765">
    <p class='ocr_par' dir='ltr' id='par_1_15' title="bbox 12 725 804 765">
     <span class='ocr_line' id='line_1_15' title="bbox 12 725 804 765; baseline -0.001 -10"><span class='ocrx_word' id='word_1_105' title='bbox 12 726 51 755; x_wconf 77' lang='grc' dir='ltr'><strong>ιαὶ</strong></span> <span class='ocrx_word' id='word_1_106' title='bbox 77 728 116 765; x_wconf 82' lang='grc' dir='ltr'><strong>τῷ</strong></span> <span class='ocrx_word' id='word_1_107' title='bbox 143 726 271 756; x_wconf 80' lang='grc' dir='ltr'><strong>συνειδότι</strong></span> <span class='ocrx_word' id='word_1_108' title='bbox 298 728 415 756; x_wconf 83' lang='grc' dir='ltr'>ἔντε’ὖθεν</span> <span class='ocrx_word' id='word_1_109' title='bbox 435 727 486 763; x_wconf 80' lang='grc' dir='ltr'><strong>ἤδη</strong></span> <span class='ocrx_word' id='word_1_110' title='bbox 516 727 658 764; x_wconf 80' lang='grc' dir='ltr'>καιόμεθα.</span> <span class='ocrx_word' id='word_1_111' title='bbox 679 725 733 756; x_wconf 84' lang='grc' dir='ltr'><strong>Καὶ</strong></span> <span class='ocrx_word' id='word_1_112' title='bbox 761 726 804 755; x_wconf 78' lang='grc' dir='ltr'><strong>διὰ</strong></span> 
     </span>
    </p>
   </div>
   <div class='ocr_carea' id='block_1_16' title="bbox 12 771 804 811">
    <p class='ocr_par' dir='ltr' id='par_1_16' title="bbox 12 771 804 811">
     <span class='ocr_line' id='line_1_16' title="bbox 12 771 804 811; baseline 0 -12"><span class='ocrx_word' id='word_1_113' title='bbox 12 773 59 800; x_wconf 77' lang='grc' dir='ltr'><strong>τῶν</strong></span> <span class='ocrx_word' id='word_1_114' title='bbox 86 772 135 807; x_wconf 84' lang='grc' dir='ltr'>τ’ἧς</span> <span class='ocrx_word' id='word_1_115' title='bbox 150 771 274 805; x_wconf 77' lang='grc' dir='ltr'>ἀπιστίας</span> <span class='ocrx_word' id='word_1_116' title='bbox 297 771 324 801; x_wconf 82' lang='grc' dir='ltr'><strong>δὲ</strong></span> <span class='ocrx_word' id='word_1_117' title='bbox 344 773 478 811; x_wconf 82' lang='grc' dir='ltr'>λογισμῶν</span> <span class='ocrx_word' id='word_1_118' title='bbox 505 771 595 811; x_wconf 84' lang='grc' dir='ltr'>φλέγει</span> <span class='ocrx_word' id='word_1_119' title='bbox 620 773 691 810; x_wconf 82' lang='grc' dir='ltr'>ἡμᾶς</span> <span class='ocrx_word' id='word_1_120' title='bbox 715 773 729 800; x_wconf 86' lang='grc' dir='ltr'>ὁ</span> <span class='ocrx_word' id='word_1_121' title='bbox 745 771 804 800; x_wconf 57' lang='grc' dir='ltr'>διάη</span> 
     </span>
    </p>
   </div>
   <div class='ocr_carea' id='block_1_17' title="bbox 12 811 804 857">
    <p class='ocr_par' dir='ltr' id='par_1_17' title="bbox 12 811 804 857">
     <span class='ocr_line' id='line_1_17' title="bbox 12 811 804 857; baseline 0 -13"><span class='ocrx_word' id='word_1_122' title='bbox 12 815 99 851; x_wconf 69' lang='grc' dir='ltr'>Ξολος,</span> <span class='ocrx_word' id='word_1_123' title='bbox 115 815 161 845; x_wconf 76' lang='grc' dir='ltr'>καὶ</span> <span class='ocrx_word' id='word_1_124' title='bbox 177 815 221 845; x_wconf 81' lang='grc' dir='ltr'><strong>διᾶ</strong></span> <span class='ocrx_word' id='word_1_125' title='bbox 247 818 299 846; x_wconf 77' lang='grc' dir='ltr'><strong>τῶν</strong></span> <span class='ocrx_word' id='word_1_126' title='bbox 317 817 482 857; x_wconf 80' lang='grc' dir='ltr'>πειρασμῶν.</span> <span class='ocrx_word' id='word_1_127' title='bbox 504 815 539 846; x_wconf 83' lang='grc' dir='ltr'><strong>Ἦ</strong></span> <span class='ocrx_word' id='word_1_128' title='bbox 556 815 644 850; x_wconf 80' lang='grc' dir='ltr'>πίστις</span> <span class='ocrx_word' id='word_1_129' title='bbox 661 811 705 845; x_wconf 62' lang='grc' dir='ltr'><strong>οὖν</strong></span> <span class='ocrx_word' id='word_1_130' title='bbox 720 818 804 845; x_wconf 79' lang='grc' dir='ltr'>ταῦτα</span> 
     </span>
    </p>
   </div>
   <div class='ocr_carea' id='block_1_18' title="bbox 12 860 844 901">
    <p class='ocr_par' dir='ltr' id='par_1_18' title="bbox 12 860 844 901">
     <span class='ocr_line' id='line_1_18' title="bbox 12 860 844 901; baseline 0 -12"><span class='ocrx_word' id='word_1_131' title='bbox 12 860 162 890; x_wconf 79' lang='grc' dir='ltr'>ιϐέννυσιν·</span> <span class='ocrx_word' id='word_1_132' title='bbox 189 862 211 890; x_wconf 88' lang='grc' dir='ltr'><strong>εἰ</strong></span> <span class='ocrx_word' id='word_1_133' title='bbox 226 861 276 901; x_wconf 89' lang='grc' dir='ltr'><strong>γὰρ</strong></span> <span class='ocrx_word' id='word_1_134' title='bbox 293 860 418 899; x_wconf 75' lang='grc' dir='ltr'>δαίμονας</span> <span class='ocrx_word' id='word_1_135' title='bbox 439 860 595 897; x_wconf 75' lang='grc' dir='ltr'>ὓποτᾶττει,</span> <span class='ocrx_word' id='word_1_136' title='bbox 620 861 710 900; x_wconf 80' lang='grc' dir='ltr'>πολλῷ</span> <span class='ocrx_word' id='word_1_137' title='bbox 734 862 802 898; x_wconf 78' lang='grc' dir='ltr'>μᾶλ-</span> <span class='ocrx_word' id='word_1_138' title='bbox 821 864 844 895; x_wconf 79' lang='grc' dir='ltr'><strong>Β</strong></span> 
     </span>
    </p>
   </div>
   <div class='ocr_carea' id='block_1_19' title="bbox 12 905 802 945">
    <p class='ocr_par' dir='ltr' id='par_1_19' title="bbox 12 905 802 945">
     <span class='ocr_line' id='line_1_19' title="bbox 12 905 802 945; baseline 0 -11"><span class='ocrx_word' id='word_1_139' title='bbox 12 910 53 934; x_wconf 77' lang='grc' dir='ltr'>’.ον</span> <span class='ocrx_word' id='word_1_140' title='bbox 73 905 159 942; x_wconf 80' lang='grc' dir='ltr'>πάθη.</span> <span class='ocrx_word' id='word_1_141' title='bbox 184 905 247 936; x_wconf 83' lang='grc' dir='ltr'>Εἴτε</span> <span class='ocrx_word' id='word_1_142' title='bbox 262 905 312 945; x_wconf 85' lang='grc' dir='ltr'><strong>γὰρ</strong></span> <span class='ocrx_word' id='word_1_143' title='bbox 333 905 458 943; x_wconf 81' lang='grc' dir='ltr'>ἐπιθυμία</span> <span class='ocrx_word' id='word_1_144' title='bbox 474 905 606 945; x_wconf 76' lang='grc' dir='ltr'>φλογίζει,</span> <span class='ocrx_word' id='word_1_145' title='bbox 626 909 680 938; x_wconf 83' lang='grc' dir='ltr'>τοῖς</span> <span class='ocrx_word' id='word_1_146' title='bbox 693 905 802 942; x_wconf 80' lang='grc' dir='ltr'>μέλλου-</span> 
     </span>
    </p>
   </div>
   <div class='ocr_carea' id='block_1_20' title="bbox 12 949 801 989">
    <p class='ocr_par' dir='ltr' id='par_1_20' title="bbox 12 949 801 989">
     <span class='ocr_line' id='line_1_20' title="bbox 12 949 801 989; baseline 0 -11"><span class='ocrx_word' id='word_1_147' title='bbox 12 961 50 978; x_wconf 84' lang='lat' dir='ltr'><strong>nv</strong></span> <span class='ocrx_word' id='word_1_148' title='bbox 75 951 182 989; x_wconf 76' lang='grc' dir='ltr'><strong>ἀγαθοῖς</strong></span> <span class='ocrx_word' id='word_1_149' title='bbox 198 950 345 987; x_wconf 79' lang='grc' dir='ltr'><strong>πιστεύων,</strong></span> <span class='ocrx_word' id='word_1_150' title='bbox 366 950 412 979; x_wconf 77' lang='grc' dir='ltr'><strong>καὶ</strong></span> <span class='ocrx_word' id='word_1_151' title='bbox 475 949 608 989; x_wconf 75' lang='grc' dir='ltr'>μελλούσῃ</span> <span class='ocrx_word' id='word_1_152' title='bbox 637 949 801 989; x_wconf 65' lang='grc' dir='ltr'>εὐφροσύνῃ,</span> 
     </span>
    </p>
   </div>
   <div class='ocr_carea' id='block_1_21' title="bbox 12 993 804 1034">
    <p class='ocr_par' dir='ltr' id='par_1_21' title="bbox 12 993 804 1034">
     <span class='ocr_line' id='line_1_21' title="bbox 12 993 804 1034; baseline 0.001 -12"><span class='ocrx_word' id='word_1_153' title='bbox 12 994 184 1028; x_wconf 75' lang='grc' dir='ltr'>ιατασϐἑσεις</span> <span class='ocrx_word' id='word_1_154' title='bbox 210 994 309 1030; x_wconf 80' lang='grc' dir='ltr'>ταύτην</span> <span class='ocrx_word' id='word_1_155' title='bbox 322 1007 328 1013; x_wconf 90' lang='grc'><strong>·</strong></span> <span class='ocrx_word' id='word_1_156' title='bbox 346 993 398 1024; x_wconf 77' lang='grc' dir='ltr'>εἴτε</span> <span class='ocrx_word' id='word_1_157' title='bbox 413 994 574 1034; x_wconf 74' lang='grc' dir='ltr'>πειρασμοὶ,</span> <span class='ocrx_word' id='word_1_158' title='bbox 600 994 730 1024; x_wconf 83' lang='grc' dir='ltr'>πιστεύων</span> <span class='ocrx_word' id='word_1_159' title='bbox 751 998 804 1028; x_wconf 87' lang='grc' dir='ltr'>τοῖς</span> 
     </span>
    </p>
   </div>
   <div class='ocr_carea' id='block_1_22' title="bbox 12 1039 804 1080">
    <p class='ocr_par' dir='ltr' id='par_1_22' title="bbox 12 1039 804 1080">
     <span class='ocr_line' id='line_1_22' title="bbox 12 1039 804 1080; baseline 0.003 -13"><span class='ocrx_word' id='word_1_160' title='bbox 12 1039 152 1076; x_wconf 77' lang='grc' dir='ltr'>ιέλλουσι,</span> <span class='ocrx_word' id='word_1_161' title='bbox 172 1039 380 1080; x_wconf 74' lang='grc' dir='ltr'>παρακληθήσῃ.</span> <span class='ocrx_word' id='word_1_162' title='bbox 408 1039 566 1076; x_wconf 71' lang='grc' dir='ltr'>Ἐννόησον,</span> <span class='ocrx_word' id='word_1_163' title='bbox 593 1040 648 1073; x_wconf 80' lang='grc' dir='ltr'><strong>πῶς</strong></span> <span class='ocrx_word' id='word_1_164' title='bbox 682 1039 804 1080; x_wconf 76' lang='grc' dir='ltr'>ἐφλέγετο</span> 
     </span>
    </p>
   </div>
   <div class='ocr_carea' id='block_1_23' title="bbox 12 1083 805 1124">
    <p class='ocr_par' dir='ltr' id='par_1_23' title="bbox 12 1083 805 1124">
     <span class='ocr_line' id='line_1_23' title="bbox 12 1083 805 1124; baseline 0 -12"><span class='ocrx_word' id='word_1_165' title='bbox 12 1083 149 1123; x_wconf 65' lang='grc' dir='ltr'>Ᾱέρςιὰμ,</span> <span class='ocrx_word' id='word_1_166' title='bbox 177 1084 220 1113; x_wconf 79' lang='grc' dir='ltr'><strong>ὅτε</strong></span> <span class='ocrx_word' id='word_1_167' title='bbox 242 1085 285 1114; x_wconf 85' lang='grc' dir='ltr'><strong>τὸν</strong></span> <span class='ocrx_word' id='word_1_168' title='bbox 311 1085 365 1114; x_wconf 79' lang='grc' dir='ltr'>υἱὸν</span> <span class='ocrx_word' id='word_1_169' title='bbox 395 1084 574 1124; x_wconf 82' lang='grc' dir='ltr'>προσέφερεν,</span> <span class='ocrx_word' id='word_1_170' title='bbox 599 1085 657 1114; x_wconf 83' lang='grc' dir='ltr'>ἀλλ’</span> <span class='ocrx_word' id='word_1_171' title='bbox 677 1086 694 1120; x_wconf 87' lang='grc' dir='ltr'>ἡ</span> <span class='ocrx_word' id='word_1_172' title='bbox 718 1084 805 1117; x_wconf 84' lang='grc' dir='ltr'>πίστις</span> 
     </span>
    </p>
   </div>
   <div class='ocr_carea' id='block_1_24' title="bbox 12 1128 310 1168">
    <p class='ocr_par' dir='ltr' id='par_1_24' title="bbox 12 1128 310 1168">
     <span class='ocr_line' id='line_1_24' title="bbox 12 1128 310 1168; baseline 0.007 -12"><span class='ocrx_word' id='word_1_173' title='bbox 12 1128 132 1158; x_wconf 73' lang='grc' dir='ltr'>Ξσϐέννυε</span> <span class='ocrx_word' id='word_1_174' title='bbox 148 1129 194 1164; x_wconf 68' lang='grc' dir='ltr'><strong>τὴν</strong></span> <span class='ocrx_word' id='word_1_175' title='bbox 214 1129 310 1168; x_wconf 77' lang='grc' dir='ltr'>φλόγα.</span> 
     </span>
    </p>
   </div>
   <div class='ocr_carea' id='block_1_25' title="bbox 50 1173 802 1214">
    <p class='ocr_par' dir='ltr' id='par_1_25' title="bbox 50 1173 802 1214">
     <span class='ocr_line' id='line_1_25' title="bbox 50 1173 802 1214; baseline -0.001 -11"><span class='ocrx_word' id='word_1_176' title='bbox 50 1187 61 1198; x_wconf 78' lang='grc' dir='ltr'>ι</span> <span class='ocrx_word' id='word_1_177' title='bbox 80 1173 134 1203; x_wconf 77' lang='grc' dir='ltr'><strong>Καὶ</strong></span> <span class='ocrx_word' id='word_1_178' title='bbox 150 1173 197 1208; x_wconf 85' lang='grc' dir='ltr'><strong>τὴν</strong></span> <span class='ocrx_word' id='word_1_179' title='bbox 219 1173 427 1214; x_wconf 78' lang='grc' dir='ltr'>περικεφαλαίαν</span> <span class='ocrx_word' id='word_1_180' title='bbox 442 1175 487 1203; x_wconf 74' lang='grc' dir='ltr'><strong>τοῦ</strong></span> <span class='ocrx_word' id='word_1_181' title='bbox 502 1173 634 1212; x_wconf 85' lang='grc' dir='ltr'>σωτηρίου</span> <span class='ocrx_word' id='word_1_182' title='bbox 656 1173 773 1207; x_wconf 78' lang='grc' dir='ltr'>δέξασθε.</span> <span class='ocrx_word' id='word_1_183' title='bbox 792 1187 802 1200; x_wconf 78' lang='grc' dir='ltr'><strong>ι</strong></span> 
     </span>
    </p>
   </div>
   <div class='ocr_carea' id='block_1_26' title="bbox 12 1217 803 1258">
    <p class='ocr_par' dir='ltr' id='par_1_26' title="bbox 12 1217 803 1258">
     <span class='ocr_line' id='line_1_26' title="bbox 12 1217 803 1258; baseline 0.001 -12"><span class='ocrx_word' id='word_1_184' title='bbox 12 1219 156 1254; x_wconf 74' lang='grc' dir='ltr'>Γουτέςτι,</span> <span class='ocrx_word' id='word_1_185' title='bbox 173 1219 220 1254; x_wconf 71' lang='grc' dir='ltr'><strong>τὴν</strong></span> <span class='ocrx_word' id='word_1_186' title='bbox 245 1218 380 1253; x_wconf 84' lang='grc' dir='ltr'>σώζουσαν</span> <span class='ocrx_word' id='word_1_187' title='bbox 395 1219 441 1248; x_wconf 80' lang='grc' dir='ltr'>καὶ</span> <span class='ocrx_word' id='word_1_188' title='bbox 463 1218 656 1258; x_wconf 78' lang='grc' dir='ltr'>φυλάττουσαν.</span> <span class='ocrx_word' id='word_1_189' title='bbox 674 1217 739 1248; x_wconf 80' lang='grc' dir='ltr'>Ἐὰν</span> <span class='ocrx_word' id='word_1_190' title='bbox 753 1218 803 1258; x_wconf 77' lang='grc' dir='ltr'><strong>γὰρ</strong></span> 
     </span>
    </p>
   </div>
   <div class='ocr_carea' id='block_1_27' title="bbox 12 1262 804 1304">
    <p class='ocr_par' dir='ltr' id='par_1_27' title="bbox 12 1262 804 1304">
     <span class='ocr_line' id='line_1_27' title="bbox 12 1262 804 1304; baseline 0.001 -13"><span class='ocrx_word' id='word_1_191' title='bbox 12 1263 56 1298; x_wconf 73' lang='grc' dir='ltr'><strong>τὴν</strong></span> <span class='ocrx_word' id='word_1_192' title='bbox 72 1262 160 1292; x_wconf 81' lang='grc' dir='ltr'>πίτσιν</span> <span class='ocrx_word' id='word_1_193' title='bbox 187 1263 308 1302; x_wconf 80' lang='grc' dir='ltr'>ἔχωμεν,</span> <span class='ocrx_word' id='word_1_194' title='bbox 325 1263 475 1304; x_wconf 57' lang='lat' dir='ltr'><strong>hauriam,</strong></span> <span class='ocrx_word' id='word_1_195' title='bbox 500 1262 548 1298; x_wconf 79' lang='grc' dir='ltr'><strong>τὴν</strong></span> <span class='ocrx_word' id='word_1_196' title='bbox 575 1263 709 1297; x_wconf 85' lang='grc' dir='ltr'>σώζουσαν</span> <span class='ocrx_word' id='word_1_197' title='bbox 733 1265 804 1301; x_wconf 77' lang='grc' dir='ltr'>ἡμᾶς</span> 
     </span>
    </p>
   </div>
   <div class='ocr_carea' id='block_1_28' title="bbox 12 1307 803 1348">
    <p class='ocr_par' dir='ltr' id='par_1_28' title="bbox 12 1307 803 1348">
     <span class='ocr_line' id='line_1_28' title="bbox 12 1307 803 1348; baseline 0 -12"><span class='ocrx_word' id='word_1_198' title='bbox 12 1309 54 1336; x_wconf 66' lang='grc' dir='ltr'>επὶ</span> <span class='ocrx_word' id='word_1_199' title='bbox 83 1308 299 1348; x_wconf 76' lang='grc' dir='ltr'>φυλάττουσαν,]</span> <span class='ocrx_word' id='word_1_200' title='bbox 314 1308 418 1348; x_wconf 80' lang='grc' dir='ltr'>ταχέως</span> <span class='ocrx_word' id='word_1_201' title='bbox 443 1307 561 1341; x_wconf 77' lang='grc' dir='ltr'>καὶτοὺς</span> <span class='ocrx_word' id='word_1_202' title='bbox 585 1307 715 1342; x_wconf 82' lang='grc' dir='ltr'>σώζοντας</span> <span class='ocrx_word' id='word_1_203' title='bbox 730 1308 803 1347; x_wconf 83' lang='grc' dir='ltr'>λογι-</span> 
     </span>
    </p>
   </div>
   <div class='ocr_carea' id='block_1_29' title="bbox 12 1351 803 1393">
    <p class='ocr_par' dir='ltr' id='par_1_29' title="bbox 12 1351 803 1393">
     <span class='ocr_line' id='line_1_29' title="bbox 12 1351 803 1393; baseline 0 -12"><span class='ocrx_word' id='word_1_204' title='bbox 12 1353 90 1390; x_wconf 57' lang='grc' dir='ltr'>ῖςλοὺς</span> <span class='ocrx_word' id='word_1_205' title='bbox 106 1352 248 1390; x_wconf 75' lang='grc' dir='ltr'>δεξόμεθα,</span> <span class='ocrx_word' id='word_1_206' title='bbox 273 1352 320 1389; x_wconf 85' lang='grc' dir='ltr'><strong>τὴν</strong></span> <span class='ocrx_word' id='word_1_207' title='bbox 337 1351 453 1393; x_wconf 73' lang='grc' dir='ltr'>κεφαλὴν</span> <span class='ocrx_word' id='word_1_208' title='bbox 478 1353 553 1392; x_wconf 79' lang='grc' dir='ltr'>ἡμῶν</span> <span class='ocrx_word' id='word_1_209' title='bbox 563 1375 572 1391; x_wconf 89' lang='grc'><strong>,</strong></span> <span class='ocrx_word' id='word_1_210' title='bbox 588 1352 646 1388; x_wconf 85' lang='grc' dir='ltr'>ἤτοι</span> <span class='ocrx_word' id='word_1_211' title='bbox 660 1352 688 1382; x_wconf 84' lang='grc' dir='ltr'><strong>τὸ</strong></span> <span class='ocrx_word' id='word_1_212' title='bbox 703 1354 803 1391; x_wconf 84' lang='grc' dir='ltr'>ἡγεμο-</span> 
     </span>
    </p>
   </div>
   <div class='ocr_carea' id='block_1_30' title="bbox 12 1401 245 1437">
    <p class='ocr_par' dir='ltr' id='par_1_30' title="bbox 12 1401 245 1437">
     <span class='ocr_line' id='line_1_30' title="bbox 12 1401 245 1437; baseline 0.004 -12"><span class='ocrx_word' id='word_1_213' title='bbox 12 1401 80 1426; x_wconf 65' lang='grc' dir='ltr'>νικὸν</span> <span class='ocrx_word' id='word_1_214' title='bbox 93 1401 245 1437; x_wconf 70' lang='grc' dir='ltr'>τηροῦντας.</span> 
     </span>
    </p>
   </div>
   <div class='ocr_carea' id='block_1_31' title="bbox 53 1441 803 1482">
    <p class='ocr_par' dir='ltr' id='par_1_31' title="bbox 53 1441 803 1482">
     <span class='ocr_line' id='line_1_31' title="bbox 53 1441 803 1482; baseline -0.001 -10"><span class='ocrx_word' id='word_1_215' title='bbox 53 1454 67 1469; x_wconf 73' lang='grc' dir='ltr'><strong>α</strong></span> <span class='ocrx_word' id='word_1_216' title='bbox 84 1442 139 1472; x_wconf 80' lang='grc' dir='ltr'><strong>Καὶ</strong></span> <span class='ocrx_word' id='word_1_217' title='bbox 159 1442 207 1478; x_wconf 72' lang='grc' dir='ltr'><strong>τὴν</strong></span> <span class='ocrx_word' id='word_1_218' title='bbox 219 1442 353 1482; x_wconf 68' lang='grc' dir='ltr'>μάχαιραν</span> <span class='ocrx_word' id='word_1_219' title='bbox 368 1444 415 1472; x_wconf 80' lang='grc' dir='ltr'><strong>τοῦ</strong></span> <span class='ocrx_word' id='word_1_220' title='bbox 440 1442 594 1482; x_wconf 76' lang='grc' dir='ltr'>Πνεύματος</span> <span class='ocrx_word' id='word_1_221' title='bbox 605 1465 614 1480; x_wconf 91' lang='grc'><strong>,</strong></span> <span class='ocrx_word' id='word_1_222' title='bbox 629 1441 645 1470; x_wconf 80' lang='grc' dir='ltr'>ὅ</span> <span class='ocrx_word' id='word_1_223' title='bbox 658 1442 713 1471; x_wconf 84' lang='grc' dir='ltr'>ἐστι</span> <span class='ocrx_word' id='word_1_224' title='bbox 730 1443 803 1482; x_wconf 80' lang='grc' dir='ltr'>ῥῆμα</span> 
     </span>
    </p>
   </div>
   <div class='ocr_carea' id='block_1_32' title="bbox 12 1485 847 1527">
    <p class='ocr_par' dir='ltr' id='par_1_32' title="bbox 12 1485 847 1527">
     <span class='ocr_line' id='line_1_32' title="bbox 12 1485 847 1527; baseline -0.001 -10"><span class='ocrx_word' id='word_1_225' title='bbox 12 1489 92 1517; x_wconf 58' lang='grc' dir='ltr'>θεοῦ.</span> <span class='ocrx_word' id='word_1_226' title='bbox 106 1498 120 1515; x_wconf 85' lang='grc'>›)</span> <span class='ocrx_word' id='word_1_227' title='bbox 137 1486 190 1516; x_wconf 81' lang='grc' dir='ltr'>Διὰ</span> <span class='ocrx_word' id='word_1_228' title='bbox 202 1486 249 1525; x_wconf 85' lang='grc' dir='ltr'>μὲν</span> <span class='ocrx_word' id='word_1_229' title='bbox 268 1489 319 1516; x_wconf 78' lang='grc' dir='ltr'><strong>τῶν</strong></span> <span class='ocrx_word' id='word_1_230' title='bbox 335 1486 391 1516; x_wconf 83' lang='grc' dir='ltr'><strong>ἄνω</strong></span> <span class='ocrx_word' id='word_1_231' title='bbox 412 1487 543 1527; x_wconf 77' lang='grc' dir='ltr'>ῥηθέντων</span> <span class='ocrx_word' id='word_1_232' title='bbox 559 1486 711 1517; x_wconf 79' lang='grc' dir='ltr'>καθώπλισε</span> <span class='ocrx_word' id='word_1_233' title='bbox 729 1488 806 1516; x_wconf 74' lang='grc' dir='ltr'>Παῧ-</span> <span class='ocrx_word' id='word_1_234' title='bbox 826 1485 847 1516; x_wconf 88' lang='lat' dir='ltr'>C</span> 
     </span>
    </p>
   </div>
   <div class='ocr_carea' id='block_1_33' title="bbox 12 1531 805 1571">
    <p class='ocr_par' dir='ltr' id='par_1_33' title="bbox 12 1531 805 1571">
     <span class='ocr_line' id='line_1_33' title="bbox 12 1531 805 1571; baseline 0 -11"><span class='ocrx_word' id='word_1_235' title='bbox 12 1535 67 1570; x_wconf 66' lang='grc' dir='ltr'>⁵ος,</span> <span class='ocrx_word' id='word_1_236' title='bbox 96 1531 165 1560; x_wconf 82' lang='grc' dir='ltr'>ὥστε</span> <span class='ocrx_word' id='word_1_237' title='bbox 185 1532 223 1570; x_wconf 86' lang='grc' dir='ltr'><strong>μὴ</strong></span> <span class='ocrx_word' id='word_1_238' title='bbox 239 1531 403 1570; x_wconf 78' lang='grc' dir='ltr'>βλάπτεσθαι</span> <span class='ocrx_word' id='word_1_239' title='bbox 427 1531 477 1561; x_wconf 76' lang='grc' dir='ltr'>ὑπὸ</span> <span class='ocrx_word' id='word_1_240' title='bbox 501 1533 552 1561; x_wconf 81' lang='grc' dir='ltr'><strong>τῶν</strong></span> <span class='ocrx_word' id='word_1_241' title='bbox 568 1533 669 1571; x_wconf 81' lang='grc' dir='ltr'>ἐχθρῶν</span> <span class='ocrx_word' id='word_1_242' title='bbox 682 1543 689 1550; x_wconf 74' lang='grc' dir='ltr'><strong>ο</strong></span> <span class='ocrx_word' id='word_1_243' title='bbox 714 1533 760 1560; x_wconf 72' lang='grc' dir='ltr'><strong>νῦν</strong></span> <span class='ocrx_word' id='word_1_244' title='bbox 778 1531 805 1560; x_wconf 85' lang='grc' dir='ltr'><strong>δὲ</strong></span> 
     </span>
    </p>
   </div>
   <div class='ocr_carea' id='block_1_34' title="bbox 12 1572 806 1616">
    <p class='ocr_par' dir='ltr' id='par_1_34' title="bbox 12 1572 806 1616">
     <span class='ocr_line' id='line_1_34' title="bbox 12 1572 806 1616; baseline 0 -11"><span class='ocrx_word' id='word_1_245' title='bbox 12 1578 115 1607; x_wconf 71' lang='grc' dir='ltr'>Ξίδωσιν</span> <span class='ocrx_word' id='word_1_246' title='bbox 128 1576 214 1614; x_wconf 78' lang='grc' dir='ltr'>ὅπλα,</span> <span class='ocrx_word' id='word_1_247' title='bbox 231 1577 263 1605; x_wconf 85' lang='grc' dir='ltr'>δι’</span> <span class='ocrx_word' id='word_1_248' title='bbox 289 1572 325 1606; x_wconf 70' lang='grc' dir='ltr'><strong>ὧν</strong></span> <span class='ocrx_word' id='word_1_249' title='bbox 341 1576 367 1596; x_wconf 78' lang='grc'><strong>⁰⁴⁵</strong></span> <span class='ocrx_word' id='word_1_250' title='bbox 382 1576 456 1606; x_wconf 70' lang='grc' dir='ltr'>αὐτοὶ</span> <span class='ocrx_word' id='word_1_251' title='bbox 480 1577 581 1615; x_wconf 81' lang='grc' dir='ltr'>μᾶλλον</span> <span class='ocrx_word' id='word_1_252' title='bbox 606 1575 733 1616; x_wconf 71' lang='grc' dir='ltr'>βλάπτειν</span> <span class='ocrx_word' id='word_1_253' title='bbox 746 1576 806 1610; x_wconf 77' lang='grc' dir='ltr'>τοὺς</span> 
     </span>
    </p>
   </div>
   <div class='ocr_carea' id='block_1_35' title="bbox 12 1616 806 1661">
    <p class='ocr_par' dir='ltr' id='par_1_35' title="bbox 12 1616 806 1661">
     <span class='ocr_line' id='line_1_35' title="bbox 12 1616 806 1661; baseline 0 -11"><span class='ocrx_word' id='word_1_254' title='bbox 12 1620 119 1661; x_wconf 69' lang='grc' dir='ltr'>ἐχθροὺς</span> <span class='ocrx_word' id='word_1_255' title='bbox 144 1620 299 1661; x_wconf 75' lang='grc' dir='ltr'>ῖσχύσομεν.</span> <span class='ocrx_word' id='word_1_256' title='bbox 320 1621 401 1651; x_wconf 84' lang='grc' dir='ltr'>Ἤτοι</span> <span class='ocrx_word' id='word_1_257' title='bbox 415 1616 460 1650; x_wconf 69' lang='grc' dir='ltr'><strong>οὖν</strong></span> <span class='ocrx_word' id='word_1_258' title='bbox 479 1621 509 1650; x_wconf 84' lang='grc' dir='ltr'><strong>τὸ</strong></span> <span class='ocrx_word' id='word_1_259' title='bbox 528 1622 638 1659; x_wconf 74' lang='grc' dir='ltr'>Πνεῦμα</span> <span class='ocrx_word' id='word_1_260' title='bbox 655 1621 718 1650; x_wconf 83' lang='grc' dir='ltr'>αὖτό</span> <span class='ocrx_word' id='word_1_261' title='bbox 741 1632 806 1661; x_wconf 82' lang='grc' dir='ltr'>φησι</span> 
     </span>
    </p>
   </div>
   <div class='ocr_carea' id='block_1_36' title="bbox 12 1665 805 1706">
    <p class='ocr_par' dir='ltr' id='par_1_36' title="bbox 12 1665 805 1706">
     <span class='ocr_line' id='line_1_36' title="bbox 12 1665 805 1706; baseline 0 -12"><span class='ocrx_word' id='word_1_262' title='bbox 12 1667 148 1706; x_wconf 71' lang='grc' dir='ltr'>,ιάχαιραν</span> <span class='ocrx_word' id='word_1_263' title='bbox 165 1665 320 1703; x_wconf 75' lang='grc' dir='ltr'>ΙΙνεύματος</span> <span class='ocrx_word' id='word_1_264' title='bbox 336 1667 565 1706; x_wconf 82' lang='grc' dir='ltr'>περιφραστυιῶς,</span> <span class='ocrx_word' id='word_1_265' title='bbox 583 1665 600 1701; x_wconf 86' lang='grc' dir='ltr'><strong>ἢ</strong></span> <span class='ocrx_word' id='word_1_266' title='bbox 618 1665 666 1701; x_wconf 81' lang='grc' dir='ltr'><strong>τὴν</strong></span> <span class='ocrx_word' id='word_1_267' title='bbox 688 1677 805 1704; x_wconf 84' lang='grc' dir='ltr'>πνευμα-</span> 
     </span>
    </p>
   </div>
   <div class='ocr_carea' id='block_1_37' title="bbox 12 1707 806 1751">
    <p class='ocr_par' dir='ltr' id='par_1_37' title="bbox 12 1707 806 1751">
     <span class='ocr_line' id='line_1_37' title="bbox 12 1707 806 1751; baseline 0 -11"><span class='ocrx_word' id='word_1_268' title='bbox 12 1710 85 1747; x_wconf 73' lang='grc' dir='ltr'>Γικὴν</span> <span class='ocrx_word' id='word_1_269' title='bbox 111 1711 260 1748; x_wconf 78' lang='grc' dir='ltr'>πολιτείαν,</span> <span class='ocrx_word' id='word_1_270' title='bbox 284 1711 317 1740; x_wconf 80' lang='grc' dir='ltr'>δι’</span> <span class='ocrx_word' id='word_1_271' title='bbox 331 1707 362 1746; x_wconf 76' lang='grc' dir='ltr'><strong>ἧς</strong></span> <span class='ocrx_word' id='word_1_272' title='bbox 385 1713 402 1747; x_wconf 88' lang='grc' dir='ltr'><strong>ἡ</strong></span> <span class='ocrx_word' id='word_1_273' title='bbox 417 1710 519 1751; x_wconf 71' lang='grc' dir='ltr'>κεφαλὴ</span> <span class='ocrx_word' id='word_1_274' title='bbox 539 1712 586 1740; x_wconf 72' lang='grc' dir='ltr'>τοῖί</span> <span class='ocrx_word' id='word_1_275' title='bbox 601 1710 741 1750; x_wconf 77' lang='grc' dir='ltr'>δράκοντος</span> <span class='ocrx_word' id='word_1_276' title='bbox 763 1710 806 1740; x_wconf 85' lang='grc' dir='ltr'><strong>τέ-</strong></span> 
     </span>
    </p>
   </div>
   <div class='ocr_carea' id='block_1_38' title="bbox 12 1754 805 1795">
    <p class='ocr_par' dir='ltr' id='par_1_38' title="bbox 12 1754 805 1795">
     <span class='ocr_line' id='line_1_38' title="bbox 12 1754 805 1795; baseline 0 -11"><span class='ocrx_word' id='word_1_277' title='bbox 12 1766 116 1784; x_wconf 67' lang='lat' dir='ltr'><strong>uetat.</strong></span> <span class='ocrx_word' id='word_1_278' title='bbox 134 1754 168 1785; x_wconf 84' lang='grc' dir='ltr'><em>Ἦ</em></span> <span class='ocrx_word' id='word_1_279' title='bbox 185 1754 212 1784; x_wconf 77' lang='grc' dir='ltr'><strong>δὲ</strong></span> <span class='ocrx_word' id='word_1_280' title='bbox 225 1754 393 1794; x_wconf 77' lang='grc' dir='ltr'>πνευματικὴ</span> <span class='ocrx_word' id='word_1_281' title='bbox 411 1754 479 1791; x_wconf 79' lang='grc' dir='ltr'>αὕτη</span> <span class='ocrx_word' id='word_1_282' title='bbox 502 1755 624 1795; x_wconf 84' lang='grc' dir='ltr'>μάχαιρα</span> <span class='ocrx_word' id='word_1_283' title='bbox 646 1756 719 1793; x_wconf 82' lang='grc' dir='ltr'>ῥῆμα</span> <span class='ocrx_word' id='word_1_284' title='bbox 734 1757 805 1786; x_wconf 79' lang='grc' dir='ltr'>Θεοῦ</span> 
     </span>
    </p>
   </div>
   <div class='ocr_carea' id='block_1_39' title="bbox 12 1799 806 1840">
    <p class='ocr_par' dir='ltr' id='par_1_39' title="bbox 12 1799 806 1840">
     <span class='ocr_line' id='line_1_39' title="bbox 12 1799 806 1840; baseline -0.001 -10"><span class='ocrx_word' id='word_1_285' title='bbox 12 1802 82 1838; x_wconf 69' lang='grc' dir='ltr'>εστι,</span> <span class='ocrx_word' id='word_1_286' title='bbox 108 1799 228 1829; x_wconf 83' lang='grc' dir='ltr'>τουτέστι</span> <span class='ocrx_word' id='word_1_287' title='bbox 248 1800 424 1840; x_wconf 82' lang='grc' dir='ltr'>πρόσταγμα.</span> <span class='ocrx_word' id='word_1_288' title='bbox 451 1799 518 1829; x_wconf 80' lang='grc' dir='ltr'>Ἐὰν</span> <span class='ocrx_word' id='word_1_289' title='bbox 542 1799 594 1839; x_wconf 80' lang='grc' dir='ltr'><strong>γὰρ</strong></span> <span class='ocrx_word' id='word_1_290' title='bbox 622 1799 656 1828; x_wconf 82' lang='grc' dir='ltr'><strong>τὰ</strong></span> <span class='ocrx_word' id='word_1_291' title='bbox 683 1799 806 1839; x_wconf 83' lang='grc' dir='ltr'>προστά-</span> 
     </span>
    </p>
   </div>
   <div class='ocr_carea' id='block_1_40' title="bbox 12 1844 805 1884">
    <p class='ocr_par' dir='ltr' id='par_1_40' title="bbox 12 1844 805 1884">
     <span class='ocr_line' id='line_1_40' title="bbox 12 1844 805 1884; baseline 0 -10"><span class='ocrx_word' id='word_1_292' title='bbox 12 1856 102 1884; x_wconf 69' lang='grc' dir='ltr'>γματα</span> <span class='ocrx_word' id='word_1_293' title='bbox 123 1845 201 1874; x_wconf 76' lang='grc' dir='ltr'>αὖτοῦ</span> <span class='ocrx_word' id='word_1_294' title='bbox 233 1846 368 1884; x_wconf 80' lang='grc' dir='ltr'>ποιῶμεν,</span> <span class='ocrx_word' id='word_1_295' title='bbox 394 1845 591 1882; x_wconf 73' lang='grc' dir='ltr'>ἀποκτενοῦμεν</span> <span class='ocrx_word' id='word_1_296' title='bbox 616 1844 660 1873; x_wconf 80' lang='grc' dir='ltr'><strong>τὸν</strong></span> <span class='ocrx_word' id='word_1_297' title='bbox 682 1844 740 1884; x_wconf 76' lang='grc' dir='ltr'>ὄφιν</span> <span class='ocrx_word' id='word_1_298' title='bbox 761 1844 805 1874; x_wconf 83' lang='grc' dir='ltr'><strong>τὸν</strong></span> 
     </span>
    </p>
   </div>
   <div class='ocr_carea' id='block_1_41' title="bbox 12 1887 805 1929">
    <p class='ocr_par' dir='ltr' id='par_1_41' title="bbox 12 1887 805 1929">
     <span class='ocr_line' id='line_1_41' title="bbox 12 1887 805 1929; baseline 0 -10"><span class='ocrx_word' id='word_1_299' title='bbox 12 1889 133 1925; x_wconf 56' lang='lat' dir='ltr'><strong>money,</strong></span> <span class='ocrx_word' id='word_1_300' title='bbox 148 1890 183 1923; x_wconf 83' lang='grc' dir='ltr'>ὡς</span> <span class='ocrx_word' id='word_1_301' title='bbox 201 1888 316 1923; x_wconf 79' lang='grc' dir='ltr'>Ἡσαΐας</span> <span class='ocrx_word' id='word_1_302' title='bbox 331 1889 419 1929; x_wconf 84' lang='grc' dir='ltr'>φησίν.</span> <span class='ocrx_word' id='word_1_303' title='bbox 435 1887 475 1919; x_wconf 82' lang='grc' dir='ltr'>Ἢ</span> <span class='ocrx_word' id='word_1_304' title='bbox 500 1890 573 1928; x_wconf 81' lang='grc' dir='ltr'>ῥῆμα</span> <span class='ocrx_word' id='word_1_305' title='bbox 589 1890 659 1918; x_wconf 83' lang='grc' dir='ltr'>Θεοῦ</span> <span class='ocrx_word' id='word_1_306' title='bbox 672 1889 729 1918; x_wconf 82' lang='grc' dir='ltr'>ἐστι</span> <span class='ocrx_word' id='word_1_307' title='bbox 739 1911 747 1925; x_wconf 89' lang='grc'><strong>,</strong></span> <span class='ocrx_word' id='word_1_308' title='bbox 759 1890 805 1925; x_wconf 79' lang='grc' dir='ltr'>τὸ,</span> 
     </span>
    </p>
   </div>
   <div class='ocr_carea' id='block_1_42' title="bbox 12 1933 804 1975">
    <p class='ocr_par' dir='ltr' id='par_1_42' title="bbox 12 1933 804 1975">
     <span class='ocr_line' id='line_1_42' title="bbox 12 1933 804 1975; baseline 0 -13"><span class='ocrx_word' id='word_1_309' title='bbox 12 1946 22 1963; x_wconf 80' lang='grc' dir='ltr'>ῑι</span> <span class='ocrx_word' id='word_1_310' title='bbox 34 1935 88 1965; x_wconf 84' lang='grc' dir='ltr'>Ἐν</span> <span class='ocrx_word' id='word_1_311' title='bbox 99 1935 137 1974; x_wconf 84' lang='grc' dir='ltr'><strong>τῷ</strong></span> <span class='ocrx_word' id='word_1_312' title='bbox 147 1933 256 1974; x_wconf 82' lang='grc' dir='ltr'>ὀνόματι</span> <span class='ocrx_word' id='word_1_313' title='bbox 269 1934 328 1975; x_wconf 70' lang='grc' dir='ltr'>[τοῦ</span> <span class='ocrx_word' id='word_1_314' title='bbox 342 1933 455 1974; x_wconf 82' lang='grc' dir='ltr'>Κυρίου]</span> <span class='ocrx_word' id='word_1_315' title='bbox 467 1933 556 1968; x_wconf 78' lang='grc' dir='ltr'>Ἰησοῦ</span> <span class='ocrx_word' id='word_1_316' title='bbox 570 1934 689 1973; x_wconf 80' lang='grc' dir='ltr'>Χριστοῦ</span> <span class='ocrx_word' id='word_1_317' title='bbox 705 1933 804 1974; x_wconf 83' lang='grc' dir='ltr'>ἔγειραι</span> 
     </span>
    </p>
   </div>
   <div class='ocr_carea' id='block_1_43' title="bbox 12 1976 805 2019">
    <p class='ocr_par' dir='ltr' id='par_1_43' title="bbox 12 1976 805 2019">
     <span class='ocr_line' id='line_1_43' title="bbox 12 1976 805 2019; baseline -0.001 -11"><span class='ocrx_word' id='word_1_318' title='bbox 12 1980 49 2009; x_wconf 63' lang='lat' dir='ltr'><strong>ut</strong></span> <span class='ocrx_word' id='word_1_319' title='bbox 75 1978 231 2018; x_wconf 79' lang='grc' dir='ltr'>περιπάτει,</span> <span class='ocrx_word' id='word_1_320' title='bbox 253 1990 268 2008; x_wconf 76' lang='grc' dir='ltr'>ι)</span> <span class='ocrx_word' id='word_1_321' title='bbox 286 1978 332 2008; x_wconf 70' lang='grc' dir='ltr'><strong>καὶ</strong></span> <span class='ocrx_word' id='word_1_322' title='bbox 346 1981 381 2008; x_wconf 82' lang='grc' dir='ltr'><strong>τὰ.</strong></span> <span class='ocrx_word' id='word_1_323' title='bbox 396 1981 516 2008; x_wconf 77' lang='grc' dir='ltr'>τοιαῦτα.</span> <span class='ocrx_word' id='word_1_324' title='bbox 533 1976 572 2008; x_wconf 85' lang='grc' dir='ltr'>Ἦ</span> <span class='ocrx_word' id='word_1_325' title='bbox 590 1979 680 2012; x_wconf 78' lang='grc' dir='ltr'>ἁπλῶς</span> <span class='ocrx_word' id='word_1_326' title='bbox 705 1978 805 2019; x_wconf 72' lang='grc' dir='ltr'>μάχαι-</span> 
     </span>
    </p>
   </div>
   <div class='ocr_carea' id='block_1_44' title="bbox 12 2022 805 2064">
    <p class='ocr_par' dir='ltr' id='par_1_44' title="bbox 12 2022 805 2064">
     <span class='ocr_line' id='line_1_44' title="bbox 12 2022 805 2064; baseline 0 -12"><span class='ocrx_word' id='word_1_327' title='bbox 12 2036 52 2053; x_wconf 70' lang='grc' dir='ltr'>&gt;αν</span> <span class='ocrx_word' id='word_1_328' title='bbox 72 2023 242 2061; x_wconf 81' lang='grc' dir='ltr'>Πνεύματος,</span> <span class='ocrx_word' id='word_1_329' title='bbox 257 2023 305 2060; x_wconf 73' lang='grc' dir='ltr'><strong>τὴν</strong></span> <span class='ocrx_word' id='word_1_330' title='bbox 323 2025 348 2053; x_wconf 78' lang='grc' dir='ltr'>ἐν</span> <span class='ocrx_word' id='word_1_331' title='bbox 368 2023 506 2062; x_wconf 78' lang='grc' dir='ltr'>Πνεῦματι</span> <span class='ocrx_word' id='word_1_332' title='bbox 521 2022 627 2063; x_wconf 74' lang='grc' dir='ltr'>σοφίαν.</span> <span class='ocrx_word' id='word_1_333' title='bbox 656 2033 670 2052; x_wconf 86' lang='grc' dir='ltr'>(ι</span> <span class='ocrx_word' id='word_1_334' title='bbox 683 2023 742 2052; x_wconf 82' lang='grc' dir='ltr'>Ζῶν</span> <span class='ocrx_word' id='word_1_335' title='bbox 754 2023 805 2064; x_wconf 84' lang='grc' dir='ltr'><strong>γὰρ</strong></span> 
     </span>
    </p>
   </div>
   <div class='ocr_carea' id='block_1_45' title="bbox 12 2067 805 2108">
    <p class='ocr_par' dir='ltr' id='par_1_45' title="bbox 12 2067 805 2108">
     <span class='ocr_line' id='line_1_45' title="bbox 12 2067 805 2108; baseline -0.001 -10"><span class='ocrx_word' id='word_1_336' title='bbox 12 2069 112 2107; x_wconf 59' lang='grc' dir='ltr'>ὀλόγος</span> <span class='ocrx_word' id='word_1_337' title='bbox 127 2070 173 2097; x_wconf 75' lang='grc' dir='ltr'><strong>τοῦ</strong></span> <span class='ocrx_word' id='word_1_338' title='bbox 194 2069 277 2104; x_wconf 74' lang='grc' dir='ltr'>Θεοῦ,</span> <span class='ocrx_word' id='word_1_339' title='bbox 305 2068 350 2097; x_wconf 71' lang='grc' dir='ltr'><strong>καὶ</strong></span> <span class='ocrx_word' id='word_1_340' title='bbox 376 2067 482 2108; x_wconf 80' lang='grc' dir='ltr'>ἐνεργὴς</span> <span class='ocrx_word' id='word_1_341' title='bbox 505 2067 551 2097; x_wconf 78' lang='grc' dir='ltr'><strong>χαὶ</strong></span> <span class='ocrx_word' id='word_1_342' title='bbox 567 2067 716 2107; x_wconf 84' lang='grc' dir='ltr'>τομώτερος</span> <span class='ocrx_word' id='word_1_343' title='bbox 739 2068 805 2107; x_wconf 80' lang='grc' dir='ltr'>ὗπὲρ</span> 
     </span>
    </p>
   </div>
   <div class='ocr_carea' id='block_1_46' title="bbox 12 2112 805 2153">
    <p class='ocr_par' dir='ltr' id='par_1_46' title="bbox 12 2112 805 2153">
     <span class='ocr_line' id='line_1_46' title="bbox 12 2112 805 2153; baseline 0 -11"><span class='ocrx_word' id='word_1_344' title='bbox 12 2118 100 2143; x_wconf 76' lang='grc' dir='ltr'>τᾶσαν</span> <span class='ocrx_word' id='word_1_345' title='bbox 116 2112 252 2153; x_wconf 72' lang='grc' dir='ltr'>μάχαιραν</span> <span class='ocrx_word' id='word_1_346' title='bbox 263 2125 269 2132; x_wconf 90' lang='grc'>·</span> <span class='ocrx_word' id='word_1_347' title='bbox 287 2126 300 2139; x_wconf 72' lang='grc' dir='ltr'><strong>ι</strong></span> <span class='ocrx_word' id='word_1_348' title='bbox 314 2113 359 2142; x_wconf 77' lang='grc' dir='ltr'><strong>καὶ</strong></span> <span class='ocrx_word' id='word_1_349' title='bbox 376 2114 390 2142; x_wconf 78' lang='grc' dir='ltr'>ὁ</span> <span class='ocrx_word' id='word_1_350' title='bbox 404 2113 434 2142; x_wconf 80' lang='grc' dir='ltr'>τὸ</span> <span class='ocrx_word' id='word_1_351' title='bbox 449 2112 569 2152; x_wconf 75' lang='grc' dir='ltr'>χάρισμα</span> <span class='ocrx_word' id='word_1_352' title='bbox 591 2114 638 2148; x_wconf 77' lang='grc' dir='ltr'><strong>τῆς</strong></span> <span class='ocrx_word' id='word_1_353' title='bbox 655 2124 805 2150; x_wconf 78' lang='grc' dir='ltr'>πνευματι-</span> 
     </span>
    </p>
   </div>
   <div class='ocr_carea' id='block_1_47' title="bbox 12 2156 848 2198">
    <p class='ocr_par' dir='ltr' id='par_1_47' title="bbox 12 2156 848 2198">
     <span class='ocr_line' id='line_1_47' title="bbox 12 2156 848 2198; baseline -0.001 -11"><span class='ocrx_word' id='word_1_354' title='bbox 12 2161 51 2194; x_wconf 75' lang='grc' dir='ltr'><strong>ιῆς</strong></span> <span class='ocrx_word' id='word_1_355' title='bbox 69 2158 172 2193; x_wconf 82' lang='grc' dir='ltr'>ταύτης</span> <span class='ocrx_word' id='word_1_356' title='bbox 186 2158 255 2198; x_wconf 84' lang='grc' dir='ltr'>ἔχων</span> <span class='ocrx_word' id='word_1_357' title='bbox 276 2157 412 2198; x_wconf 85' lang='grc' dir='ltr'>μαχαίρας</span> <span class='ocrx_word' id='word_1_358' title='bbox 423 2180 431 2195; x_wconf 87' lang='lat'><strong>,</strong></span> <span class='ocrx_word' id='word_1_359' title='bbox 445 2156 595 2198; x_wconf 30' lang='grc' dir='ltr'>χαὶηλαλῶν</span> <span class='ocrx_word' id='word_1_360' title='bbox 613 2157 646 2185; x_wconf 82' lang='grc' dir='ltr'><strong>τὰ</strong></span> <span class='ocrx_word' id='word_1_361' title='bbox 660 2159 706 2186; x_wconf 61' lang='grc' dir='ltr'><strong>τοῦ</strong></span> <span class='ocrx_word' id='word_1_362' title='bbox 719 2159 790 2187; x_wconf 73' lang='grc' dir='ltr'>Θεοῦ</span> <span class='ocrx_word' id='word_1_363' title='bbox 799 2181 807 2197; x_wconf 78' lang='grc'><strong>,</strong></span> <span class='ocrx_word' id='word_1_364' title='bbox 824 2162 848 2193; x_wconf 80' lang='grc' dir='ltr'>υ</span> 
     </span>
    </p>
   </div>
   <div class='ocr_carea' id='block_1_48' title="bbox 12 2197 704 2242">
    <p class='ocr_par' dir='ltr' id='par_1_48' title="bbox 12 2197 704 2242">
     <span class='ocr_line' id='line_1_48' title="bbox 12 2197 704 2242; baseline -0.001 -9"><span class='ocrx_word' id='word_1_365' title='bbox 12 2203 167 2236; x_wconf 81' lang='grc' dir='ltr'>ἱνύποιστός</span> <span class='ocrx_word' id='word_1_366' title='bbox 178 2197 203 2227; x_wconf 62' lang='lat'><strong>97</strong></span> <span class='ocrx_word' id='word_1_367' title='bbox 219 2204 289 2232; x_wconf 78' lang='grc' dir='ltr'>ἐστιν</span> <span class='ocrx_word' id='word_1_368' title='bbox 300 2224 308 2239; x_wconf 91' lang='grc'><strong>,</strong></span> <span class='ocrx_word' id='word_1_369' title='bbox 316 2197 375 2236; x_wconf 76' lang='grc' dir='ltr'>οἶος</span> <span class='ocrx_word' id='word_1_370' title='bbox 386 2201 462 2242; x_wconf 68' lang='grc' dir='ltr'>αὐτὸς</span> <span class='ocrx_word' id='word_1_371' title='bbox 475 2197 548 2235; x_wconf 67' lang='grc' dir='ltr'>οἶτος</span> <span class='ocrx_word' id='word_1_372' title='bbox 558 2203 572 2230; x_wconf 82' lang='grc' dir='ltr'>ὁ</span> <span class='ocrx_word' id='word_1_373' title='bbox 588 2202 704 2235; x_wconf 75' lang='grc' dir='ltr'>Παῦλος.</span> 
     </span>
    </p>
   </div>
   <div class='ocr_carea' id='block_1_49' title="bbox 47 2246 807 2288">
    <p class='ocr_par' dir='ltr' id='par_1_49' title="bbox 47 2246 807 2288">
     <span class='ocr_line' id='line_1_49' title="bbox 47 2246 807 2288; baseline 0 -12"><span class='ocrx_word' id='word_1_374' title='bbox 47 2260 64 2276; x_wconf 81' lang='grc' dir='ltr'><strong>ιι</strong></span> <span class='ocrx_word' id='word_1_375' title='bbox 83 2246 138 2277; x_wconf 79' lang='grc' dir='ltr'>Διὰ</span> <span class='ocrx_word' id='word_1_376' title='bbox 157 2247 244 2284; x_wconf 86' lang='grc' dir='ltr'>πάσης</span> <span class='ocrx_word' id='word_1_377' title='bbox 258 2249 408 2288; x_wconf 83' lang='grc' dir='ltr'>προσευχῆς</span> <span class='ocrx_word' id='word_1_378' title='bbox 423 2247 468 2276; x_wconf 81' lang='grc' dir='ltr'><strong>χαὶ</strong></span> <span class='ocrx_word' id='word_1_379' title='bbox 483 2246 610 2282; x_wconf 82' lang='grc' dir='ltr'>δεήσεως,</span> <span class='ocrx_word' id='word_1_380' title='bbox 625 2246 807 2287; x_wconf 85' lang='grc' dir='ltr'>προσευχόμε-</span> 
     </span>
    </p>
   </div>
   <div class='ocr_carea' id='block_1_50' title="bbox 12 2291 808 2332">
    <p class='ocr_par' dir='ltr' id='par_1_50' title="bbox 12 2291 808 2332">
     <span class='ocr_line' id='line_1_50' title="bbox 12 2291 808 2332; baseline -0.004 -9"><span class='ocrx_word' id='word_1_381' title='bbox 12 2306 43 2323; x_wconf 81' lang='grc' dir='ltr'><strong>ὀι</strong></span> <span class='ocrx_word' id='word_1_382' title='bbox 56 2294 88 2323; x_wconf 80' lang='grc' dir='ltr'>ἐν</span> <span class='ocrx_word' id='word_1_383' title='bbox 103 2291 183 2321; x_wconf 78' lang='grc' dir='ltr'>παντὶ</span> <span class='ocrx_word' id='word_1_384' title='bbox 295 2294 380 2332; x_wconf 77' lang='grc' dir='ltr'>καιρῷ</span> <span class='ocrx_word' id='word_1_385' title='bbox 394 2293 421 2322; x_wconf 77' lang='grc' dir='ltr'>ἐν</span> <span class='ocrx_word' id='word_1_386' title='bbox 436 2291 584 2330; x_wconf 82' lang='grc' dir='ltr'>Πνεύματι.</span> <span class='ocrx_word' id='word_1_387' title='bbox 601 2305 612 2318; x_wconf 78' lang='grc' dir='ltr'><strong>ι</strong></span> <span class='ocrx_word' id='word_1_388' title='bbox 637 2291 808 2325; x_wconf 77' lang='grc' dir='ltr'>Καοοπλίσας</span> 
     </span>
    </p>
   </div>
   <div class='ocr_carea' id='block_1_51' title="bbox 12 2335 809 2376">
    <p class='ocr_par' dir='ltr' id='par_1_51' title="bbox 12 2335 809 2376">
     <span class='ocr_line' id='line_1_51' title="bbox 12 2335 809 2376; baseline -0.003 -9"><span class='ocrx_word' id='word_1_389' title='bbox 12 2337 118 2373; x_wconf 84' lang='grc' dir='ltr'>ιῦτοὺς,</span> <span class='ocrx_word' id='word_1_390' title='bbox 134 2336 224 2366; x_wconf 76' lang='grc' dir='ltr'>λοιπὸν</span> <span class='ocrx_word' id='word_1_391' title='bbox 238 2337 284 2366; x_wconf 78' lang='grc' dir='ltr'>καὶ</span> <span class='ocrx_word' id='word_1_392' title='bbox 307 2336 351 2366; x_wconf 75' lang='grc' dir='ltr'><strong>ἐπὶ</strong></span> <span class='ocrx_word' id='word_1_393' title='bbox 365 2337 409 2366; x_wconf 74' lang='grc' dir='ltr'><strong>τὸν</strong></span> <span class='ocrx_word' id='word_1_394' title='bbox 434 2336 545 2376; x_wconf 87' lang='grc' dir='ltr'>βασιλέα</span> <span class='ocrx_word' id='word_1_395' title='bbox 567 2335 642 2376; x_wconf 86' lang='grc' dir='ltr'>ἄγει,</span> <span class='ocrx_word' id='word_1_396' title='bbox 668 2335 736 2366; x_wconf 84' lang='grc' dir='ltr'>ὥστε</span> <span class='ocrx_word' id='word_1_397' title='bbox 753 2337 809 2366; x_wconf 80' lang='grc' dir='ltr'>δεῖ·</span> 
     </span>
    </p>
   </div>
   <div class='ocr_carea' id='block_1_52' title="bbox 12 2375 809 2422">
    <p class='ocr_par' dir='ltr' id='par_1_52' title="bbox 12 2375 809 2422">
     <span class='ocr_line' id='line_1_52' title="bbox 12 2375 809 2422; baseline 0 -10"><span class='ocrx_word' id='word_1_398' title='bbox 12 2386 67 2412; x_wconf 71' lang='grc' dir='ltr'>ῖθαι</span> <span class='ocrx_word' id='word_1_399' title='bbox 83 2383 164 2411; x_wconf 73' lang='grc' dir='ltr'>αὐτοῦ</span> <span class='ocrx_word' id='word_1_400' title='bbox 173 2406 179 2416; x_wconf 87' lang='lat'><strong>,</strong></span> <span class='ocrx_word' id='word_1_401' title='bbox 195 2380 239 2410; x_wconf 77' lang='grc' dir='ltr'><strong>ἵνα</strong></span> <span class='ocrx_word' id='word_1_402' title='bbox 253 2386 331 2421; x_wconf 85' lang='grc' dir='ltr'>χεῖρα</span> <span class='ocrx_word' id='word_1_403' title='bbox 341 2375 438 2422; x_wconf 46' lang='grc' dir='ltr'><strong>ὀρέξῃξ</strong></span> <span class='ocrx_word' id='word_1_404' title='bbox 450 2380 564 2417; x_wconf 83' lang='grc' dir='ltr'>Ἐπειδὴ</span> <span class='ocrx_word' id='word_1_405' title='bbox 578 2375 629 2421; x_wconf 77' lang='grc' dir='ltr'><strong>γὰρ</strong></span> <span class='ocrx_word' id='word_1_406' title='bbox 645 2375 712 2417; x_wconf 74' lang='grc' dir='ltr'>εἶπε,</span> <span class='ocrx_word' id='word_1_407' title='bbox 725 2392 740 2410; x_wconf 76' lang='grc' dir='ltr'>ι(</span> <span class='ocrx_word' id='word_1_408' title='bbox 757 2384 809 2412; x_wconf 90' lang='grc' dir='ltr'><strong>Δυ-</strong></span> 
     </span>
    </p>
   </div>
   <div class='ocr_carea' id='block_1_53' title="bbox 12 2425 810 2466">
    <p class='ocr_par' dir='ltr' id='par_1_53' title="bbox 12 2425 810 2466">
     <span class='ocr_line' id='line_1_53' title="bbox 12 2425 810 2466; baseline 0 -10"><span class='ocrx_word' id='word_1_409' title='bbox 12 2428 122 2464; x_wconf 68' lang='grc' dir='ltr'>νήσεσθε</span> <span class='ocrx_word' id='word_1_410' title='bbox 140 2425 247 2462; x_wconf 79' lang='grc' dir='ltr'>σϐέσαι,</span> <span class='ocrx_word' id='word_1_411' title='bbox 260 2437 276 2455; x_wconf 75' lang='grc' dir='ltr'>ι)</span> <span class='ocrx_word' id='word_1_412' title='bbox 289 2425 334 2456; x_wconf 74' lang='grc' dir='ltr'>ἵνα</span> <span class='ocrx_word' id='word_1_413' title='bbox 346 2426 384 2465; x_wconf 76' lang='grc' dir='ltr'><strong>μὴ</strong></span> <span class='ocrx_word' id='word_1_414' title='bbox 397 2427 532 2466; x_wconf 73' lang='grc' dir='ltr'>φυσηθῶσι</span> <span class='ocrx_word' id='word_1_415' title='bbox 541 2426 578 2462; x_wconf 71' lang='grc'><strong>9³,</strong></span> <span class='ocrx_word' id='word_1_416' title='bbox 594 2425 673 2465; x_wconf 85' lang='grc' dir='ltr'>φησὶν</span> <span class='ocrx_word' id='word_1_417' title='bbox 683 2448 691 2462; x_wconf 86' lang='grc'><strong>,</strong></span> <span class='ocrx_word' id='word_1_418' title='bbox 702 2425 743 2455; x_wconf 76' lang='grc' dir='ltr'><strong>ὅτι</strong></span> <span class='ocrx_word' id='word_1_419' title='bbox 762 2429 810 2456; x_wconf 87' lang='grc' dir='ltr'>Δεῖ</span> 
     </span>
    </p>
   </div>
   <div class='ocr_carea' id='block_1_54' title="bbox 12 2470 808 2511">
    <p class='ocr_par' dir='ltr' id='par_1_54' title="bbox 12 2470 808 2511">
     <span class='ocr_line' id='line_1_54' title="bbox 12 2470 808 2511; baseline 0 -11"><span class='ocrx_word' id='word_1_420' title='bbox 12 2473 69 2511; x_wconf 74' lang='grc' dir='ltr'>ιμῖν</span> <span class='ocrx_word' id='word_1_421' title='bbox 86 2473 133 2500; x_wconf 77' lang='grc' dir='ltr'><strong>τοῦ</strong></span> <span class='ocrx_word' id='word_1_422' title='bbox 160 2471 249 2510; x_wconf 74' lang='grc' dir='ltr'>Θεοῦ,</span> <span class='ocrx_word' id='word_1_423' title='bbox 265 2471 310 2501; x_wconf 80' lang='grc' dir='ltr'>καὶ</span> <span class='ocrx_word' id='word_1_424' title='bbox 335 2470 516 2510; x_wconf 81' lang='grc' dir='ltr'>κατορθώσετε</span> <span class='ocrx_word' id='word_1_425' title='bbox 537 2470 568 2500; x_wconf 79' lang='grc' dir='ltr'><strong>τὸ</strong></span> <span class='ocrx_word' id='word_1_426' title='bbox 592 2475 646 2500; x_wconf 77' lang='grc' dir='ltr'><strong>πᾶν</strong></span> <span class='ocrx_word' id='word_1_427' title='bbox 670 2470 738 2509; x_wconf 79' lang='grc' dir='ltr'>μετὰ</span> <span class='ocrx_word' id='word_1_428' title='bbox 756 2473 808 2500; x_wconf 81' lang='grc' dir='ltr'><strong>τῶν</strong></span> 
     </span>
    </p>
   </div>
   <div class='ocr_carea' id='block_1_55' title="bbox 12 2515 806 2557">
    <p class='ocr_par' dir='ltr' id='par_1_55' title="bbox 12 2515 806 2557">
     <span class='ocr_line' id='line_1_55' title="bbox 12 2515 806 2557; baseline -0.003 -11"><span class='ocrx_word' id='word_1_429' title='bbox 12 2515 157 2557; x_wconf 71' lang='grc' dir='ltr'>ιῖρημένων</span> <span class='ocrx_word' id='word_1_430' title='bbox 172 2515 218 2545; x_wconf 80' lang='grc' dir='ltr'><strong>καὶ</strong></span> <span class='ocrx_word' id='word_1_431' title='bbox 238 2526 252 2545; x_wconf 84' lang='grc' dir='ltr'>(ι</span> <span class='ocrx_word' id='word_1_432' title='bbox 271 2515 494 2556; x_wconf 80' lang='grc' dir='ltr'>προσευχόμενὸι·</span> <span class='ocrx_word' id='word_1_433' title='bbox 514 2526 529 2545; x_wconf 78' lang='lat' dir='ltr'><strong>n</strong></span> <span class='ocrx_word' id='word_1_434' title='bbox 545 2516 596 2556; x_wconf 79' lang='grc' dir='ltr'>οὐχ</span> <span class='ocrx_word' id='word_1_435' title='bbox 610 2515 712 2552; x_wconf 76' lang='grc' dir='ltr'>ἁπλῶς,</span> <span class='ocrx_word' id='word_1_436' title='bbox 727 2515 806 2551; x_wconf 80' lang='grc' dir='ltr'>ἀλλὰ,</span> 
     </span>
    </p>
   </div>
   <div class='ocr_carea' id='block_1_56' title="bbox 12 2560 809 2601">
    <p class='ocr_par' dir='ltr' id='par_1_56' title="bbox 12 2560 809 2601">
     <span class='ocr_line' id='line_1_56' title="bbox 12 2560 809 2601; baseline -0.001 -10"><span class='ocrx_word' id='word_1_437' title='bbox 12 2577 16 2587; x_wconf 80' lang='grc' dir='ltr'><strong>ι</strong></span> <span class='ocrx_word' id='word_1_438' title='bbox 34 2561 92 2592; x_wconf 78' lang='grc' dir='ltr'>Διὰ</span> <span class='ocrx_word' id='word_1_439' title='bbox 121 2560 209 2597; x_wconf 85' lang='grc' dir='ltr'>πάσης</span> <span class='ocrx_word' id='word_1_440' title='bbox 230 2562 380 2601; x_wconf 78' lang='grc' dir='ltr'>προσευχῆς</span> <span class='ocrx_word' id='word_1_441' title='bbox 407 2560 453 2591; x_wconf 80' lang='grc' dir='ltr'><strong>καὶ</strong></span> <span class='ocrx_word' id='word_1_442' title='bbox 475 2560 587 2597; x_wconf 84' lang='grc' dir='ltr'>δεήσεως</span> <span class='ocrx_word' id='word_1_443' title='bbox 600 2582 609 2597; x_wconf 87' lang='grc'><strong>,</strong></span> <span class='ocrx_word' id='word_1_444' title='bbox 635 2573 648 2586; x_wconf 74' lang='grc' dir='ltr'><strong>ι</strong></span> <span class='ocrx_word' id='word_1_445' title='bbox 666 2562 713 2596; x_wconf 77' lang='grc' dir='ltr'><strong>τῆς</strong></span> <span class='ocrx_word' id='word_1_446' title='bbox 741 2561 809 2599; x_wconf 82' lang='grc' dir='ltr'>μετὰ</span> 
     </span>
    </p>
   </div>
   <div class='ocr_carea' id='block_1_57' title="bbox 12 2605 807 2645">
    <p class='ocr_par' dir='ltr' id='par_1_57' title="bbox 12 2605 807 2645">
     <span class='ocr_line' id='line_1_57' title="bbox 12 2605 807 2645; baseline 0 -10"><span class='ocrx_word' id='word_1_447' title='bbox 12 2608 167 2644; x_wconf 70' lang='grc' dir='ltr'>ιλςιυθμοῧ,</span> <span class='ocrx_word' id='word_1_448' title='bbox 186 2607 233 2641; x_wconf 85' lang='grc' dir='ltr'><strong>τῆς</strong></span> <span class='ocrx_word' id='word_1_449' title='bbox 253 2605 320 2645; x_wconf 77' lang='grc' dir='ltr'>μετὰ</span> <span class='ocrx_word' id='word_1_450' title='bbox 338 2605 558 2645; x_wconf 79' lang='grc' dir='ltr'>στερνοκτυπίας,</span> <span class='ocrx_word' id='word_1_451' title='bbox 584 2607 632 2642; x_wconf 83' lang='grc' dir='ltr'><strong>τῆς</strong></span> <span class='ocrx_word' id='word_1_452' title='bbox 646 2605 714 2644; x_wconf 75' lang='grc' dir='ltr'>μετὰ</span> <span class='ocrx_word' id='word_1_453' title='bbox 729 2617 807 2645; x_wconf 89' lang='grc' dir='ltr'>γονυ-</span> 
     </span>
    </p>
   </div>
   <div class='ocr_carea' id='block_1_58' title="bbox 12 2649 809 2687">
    <p class='ocr_par' dir='ltr' id='par_1_58' title="bbox 12 2649 809 2687">
     <span class='ocr_line' id='line_1_58' title="bbox 12 2649 809 2687; baseline 0 -7"><span class='ocrx_word' id='word_1_454' title='bbox 12 2651 132 2687; x_wconf 76' lang='grc' dir='ltr'>ιλισίας,</span> <span class='ocrx_word' id='word_1_455' title='bbox 150 2651 262 2680; x_wconf 79' lang='grc' dir='ltr'>καὶτῶν</span> <span class='ocrx_word' id='word_1_456' title='bbox 288 2649 425 2682; x_wconf 77' lang='grc' dir='ltr'>τοιούτων.</span> <span class='ocrx_word' id='word_1_457' title='bbox 452 2650 531 2681; x_wconf 79' lang='grc' dir='ltr'>Ἀλλὰ</span> <span class='ocrx_word' id='word_1_458' title='bbox 555 2650 602 2680; x_wconf 78' lang='grc' dir='ltr'>καὶ</span> <span class='ocrx_word' id='word_1_459' title='bbox 624 2650 688 2687; x_wconf 74' lang='grc' dir='ltr'>οὐκ,</span> <span class='ocrx_word' id='word_1_460' title='bbox 713 2651 739 2680; x_wconf 86' lang='grc' dir='ltr'>ἐν</span> <span class='ocrx_word' id='word_1_461' title='bbox 758 2662 809 2680; x_wconf 83' lang='grc' dir='ltr'>τα-</span> 
     </span>
    </p>
   </div>
   <div class='ocr_carea' id='block_1_59' title="bbox 44 2714 769 2753">
    <p class='ocr_par' dir='ltr' id='par_1_59' title="bbox 44 2714 769 2753">
     <span class='ocr_line' id='line_1_59' title="bbox 44 2714 769 2753; baseline -0.001 -7"><span class='ocrx_word' id='word_1_462' title='bbox 44 2718 54 2736; x_wconf 65' lang='grc' dir='ltr'><strong>ί</strong></span> <span class='ocrx_word' id='word_1_463' title='bbox 67 2720 112 2746; x_wconf 86' lang='lat' dir='ltr'><strong>lsa</strong></span> <span class='ocrx_word' id='word_1_464' title='bbox 128 2725 226 2753; x_wconf 80' lang='lat' dir='ltr'><strong>xxvn,</strong></span> <span class='ocrx_word' id='word_1_465' title='bbox 242 2720 269 2747; x_wconf 87' lang='grc' dir='ltr'><strong>ι,</strong></span> <span class='ocrx_word' id='word_1_466' title='bbox 306 2719 319 2738; x_wconf 73' lang='grc' dir='ltr'><strong>ε</strong></span> <span class='ocrx_word' id='word_1_467' title='bbox 333 2719 396 2746; x_wconf 78' lang='lat' dir='ltr'><strong>Act.</strong></span> <span class='ocrx_word' id='word_1_468' title='bbox 410 2725 459 2746; x_wconf 86' lang='grc' dir='ltr'>ιιι.</span> <span class='ocrx_word' id='word_1_469' title='bbox 473 2720 499 2746; x_wconf 88' lang='lat'><strong>6.</strong></span> <span class='ocrx_word' id='word_1_470' title='bbox 537 2714 552 2735; x_wconf 79' lang='grc'>¹¹</span> <span class='ocrx_word' id='word_1_471' title='bbox 564 2717 650 2746; x_wconf 85' lang='lat' dir='ltr'><strong>Hebr.</strong></span> <span class='ocrx_word' id='word_1_472' title='bbox 663 2725 706 2751; x_wconf 80' lang='lat' dir='ltr'><strong>IV,</strong></span> <span class='ocrx_word' id='word_1_473' title='bbox 722 2720 769 2746; x_wconf 86' lang='lat'><strong>42.</strong></span> 
     </span>
    </p>
   </div>
   <div class='ocr_carea' id='block_1_60' title="bbox 859 279 1655 315">
    <p class='ocr_par' dir='ltr' id='par_1_60' title="bbox 859 279 1655 315">
     <span class='ocr_line' id='line_1_60' title="bbox 859 279 1655 315; baseline 0.003 -8"><span class='ocrx_word' id='word_1_474' title='bbox 859 279 930 308; x_wconf 84' lang='lat' dir='ltr'><strong>hanc</strong></span> <span class='ocrx_word' id='word_1_475' title='bbox 944 280 978 308; x_wconf 88' lang='lat' dir='ltr'><strong>ad</strong></span> <span class='ocrx_word' id='word_1_476' title='bbox 998 280 1130 308; x_wconf 86' lang='lat' dir='ltr'><strong>rationem</strong></span> <span class='ocrx_word' id='word_1_477' title='bbox 1155 279 1234 307; x_wconf 90' lang='lat' dir='ltr'><strong>ﬁrma</strong></span> <span class='ocrx_word' id='word_1_478' title='bbox 1249 283 1277 308; x_wconf 87' lang='lat' dir='ltr'><strong>et</strong></span> <span class='ocrx_word' id='word_1_479' title='bbox 1298 279 1448 308; x_wconf 74' lang='lat' dir='ltr'><strong>indubitata</strong></span> <span class='ocrx_word' id='word_1_480' title='bbox 1467 280 1547 315; x_wconf 87' lang='lat' dir='ltr'><strong>ﬁdes,</strong></span> <span class='ocrx_word' id='word_1_481' title='bbox 1568 282 1655 309; x_wconf 79' lang='lat' dir='ltr'><strong>totius</strong></span> 
     </span>
    </p>
   </div>
   <div class='ocr_carea' id='block_1_61' title="bbox 858 324 1654 360">
    <p class='ocr_par' dir='ltr' id='par_1_61' title="bbox 858 324 1654 360">
     <span class='ocr_line' id='line_1_61' title="bbox 858 324 1654 360; baseline 0.003 -8"><span class='ocrx_word' id='word_1_482' title='bbox 858 324 956 353; x_wconf 72' lang='lat' dir='ltr'><strong>animae</strong></span> <span class='ocrx_word' id='word_1_483' title='bbox 980 329 1022 353; x_wconf 84' lang='lat' dir='ltr'><strong>est</strong></span> <span class='ocrx_word' id='word_1_484' title='bbox 1046 324 1177 352; x_wconf 88' lang='lat' dir='ltr'><strong>custodia.</strong></span> <span class='ocrx_word' id='word_1_485' title='bbox 1199 324 1280 353; x_wconf 85' lang='lat' dir='ltr'><strong>Fides</strong></span> <span class='ocrx_word' id='word_1_486' title='bbox 1295 329 1388 353; x_wconf 89' lang='lat' dir='ltr'><strong>autem</strong></span> <span class='ocrx_word' id='word_1_487' title='bbox 1406 329 1447 353; x_wconf 87' lang='lat' dir='ltr'><strong>est</strong></span> <span class='ocrx_word' id='word_1_488' title='bbox 1461 330 1581 360; x_wconf 84' lang='lat' dir='ltr'><strong>scutum,</strong></span> <span class='ocrx_word' id='word_1_489' title='bbox 1598 335 1654 355; x_wconf 92' lang='lat' dir='ltr'><strong>non</strong></span> 
     </span>
    </p>
   </div>
   <div class='ocr_carea' id='block_1_62' title="bbox 857 369 1654 407">
    <p class='ocr_par' dir='ltr' id='par_1_62' title="bbox 857 369 1654 407">
     <span class='ocr_line' id='line_1_62' title="bbox 857 369 1654 407; baseline 0.003 -10"><span class='ocrx_word' id='word_1_490' title='bbox 857 369 1036 405; x_wconf 85' lang='lat' dir='ltr'><strong>sophismata.</strong></span> <span class='ocrx_word' id='word_1_491' title='bbox 1072 370 1187 398; x_wconf 92' lang='lat' dir='ltr'><strong>Scutum</strong></span> <span class='ocrx_word' id='word_1_492' title='bbox 1213 369 1345 405; x_wconf 78' lang='lat' dir='ltr'><strong>contegit,</strong></span> <span class='ocrx_word' id='word_1_493' title='bbox 1384 370 1430 398; x_wconf 88' lang='lat' dir='ltr'><strong>illa</strong></span> <span class='ocrx_word' id='word_1_494' title='bbox 1470 379 1534 399; x_wconf 88' lang='lat' dir='ltr'><strong>vero</strong></span> <span class='ocrx_word' id='word_1_495' title='bbox 1567 371 1654 407; x_wconf 89' lang='lat' dir='ltr'><strong>impe-</strong></span> 
     </span>
    </p>
   </div>
   <div class='ocr_carea' id='block_1_63' title="bbox 857 413 946 442">
    <p class='ocr_par' dir='ltr' id='par_1_63' title="bbox 857 413 946 442">
     <span class='ocr_line' id='line_1_63' title="bbox 857 413 946 442; baseline 0 0"><span class='ocrx_word' id='word_1_496' title='bbox 857 413 946 442; x_wconf 88' lang='lat' dir='ltr'><strong>diunt.</strong></span> 
     </span>
    </p>
   </div>
   <div class='ocr_carea' id='block_1_64' title="bbox 900 459 1655 497">
    <p class='ocr_par' dir='ltr' id='par_1_64' title="bbox 900 459 1655 497">
     <span class='ocr_line' id='line_1_64' title="bbox 900 459 1655 497; baseline 0 -8"><span class='ocrx_word' id='word_1_497' title='bbox 900 472 911 485; x_wconf 78' lang='grc' dir='ltr'>α</span> <span class='ocrx_word' id='word_1_498' title='bbox 935 463 968 489; x_wconf 88' lang='lat' dir='ltr'><strong>In</strong></span> <span class='ocrx_word' id='word_1_499' title='bbox 982 468 1036 497; x_wconf 89' lang='lat' dir='ltr'><strong>quo</strong></span> <span class='ocrx_word' id='word_1_500' title='bbox 1051 460 1158 496; x_wconf 89' lang='lat' dir='ltr'><strong>possitis</strong></span> <span class='ocrx_word' id='word_1_501' title='bbox 1186 459 1280 487; x_wconf 81' lang='lat' dir='ltr'><strong>omnia</strong></span> <span class='ocrx_word' id='word_1_502' title='bbox 1303 459 1358 487; x_wconf 86' lang='lat' dir='ltr'><strong>tela</strong></span> <span class='ocrx_word' id='word_1_503' title='bbox 1382 460 1447 487; x_wconf 84' lang='lat' dir='ltr'><strong>mali</strong></span> <span class='ocrx_word' id='word_1_504' title='bbox 1473 459 1547 488; x_wconf 91' lang='lat' dir='ltr'><strong>illius</strong></span> <span class='ocrx_word' id='word_1_505' title='bbox 1570 460 1655 496; x_wconf 86' lang='lat' dir='ltr'><strong>ignita</strong></span> 
     </span>
    </p>
   </div>
   <div class='ocr_carea' id='block_1_65' title="bbox 857 503 1653 542">
    <p class='ocr_par' dir='ltr' id='par_1_65' title="bbox 857 503 1653 542">
     <span class='ocr_line' id='line_1_65' title="bbox 857 503 1653 542; baseline -0.003 -7"><span class='ocrx_word' id='word_1_506' title='bbox 857 507 1036 542; x_wconf 76' lang='lat' dir='ltr'><strong>exstinguere.</strong></span> <span class='ocrx_word' id='word_1_507' title='bbox 1050 517 1062 529; x_wconf 74' lang='grc' dir='ltr'><strong>ν</strong></span> <span class='ocrx_word' id='word_1_508' title='bbox 1079 505 1139 533; x_wconf 77' lang='lat' dir='ltr'><strong>Hoc</strong></span> <span class='ocrx_word' id='word_1_509' title='bbox 1151 508 1202 538; x_wconf 90' lang='lat' dir='ltr'><strong>est,</strong></span> <span class='ocrx_word' id='word_1_510' title='bbox 1216 504 1349 532; x_wconf 88' lang='lat' dir='ltr'><strong>absurdas</strong></span> <span class='ocrx_word' id='word_1_511' title='bbox 1370 503 1543 540; x_wconf 75' lang='lat' dir='ltr'><strong>cupiditates,</strong></span> <span class='ocrx_word' id='word_1_512' title='bbox 1554 504 1653 533; x_wconf 82' lang='lat' dir='ltr'><strong>inﬁde-</strong></span> 
     </span>
    </p>
   </div>
   <div class='ocr_carea' id='block_1_66' title="bbox 859 549 1654 585">
    <p class='ocr_par' dir='ltr' id='par_1_66' title="bbox 859 549 1654 585">
     <span class='ocr_line' id='line_1_66' title="bbox 859 549 1654 585; baseline -0.004 -5"><span class='ocrx_word' id='word_1_513' title='bbox 859 553 942 580; x_wconf 77' lang='lat' dir='ltr'><strong>litatis</strong></span> <span class='ocrx_word' id='word_1_514' title='bbox 963 549 1156 585; x_wconf 74' lang='lat' dir='ltr'><strong>cogitationes,</strong></span> <span class='ocrx_word' id='word_1_515' title='bbox 1173 549 1266 585; x_wconf 80' lang='lat' dir='ltr'><strong>quales</strong></span> <span class='ocrx_word' id='word_1_516' title='bbox 1285 553 1350 576; x_wconf 89' lang='lat' dir='ltr'><strong>sunt</strong></span> <span class='ocrx_word' id='word_1_517' title='bbox 1377 558 1383 577; x_wconf 91' lang='lat'><strong>:</strong></span> <span class='ocrx_word' id='word_1_518' title='bbox 1406 551 1478 577; x_wconf 88' lang='lat' dir='ltr'><strong>Num</strong></span> <span class='ocrx_word' id='word_1_519' title='bbox 1495 550 1654 578; x_wconf 77' lang='lat' dir='ltr'><strong>resurrectio</strong></span> 
     </span>
    </p>
   </div>
   <div class='ocr_carea' id='block_1_67' title="bbox 857 594 1652 631">
    <p class='ocr_par' dir='ltr' id='par_1_67' title="bbox 857 594 1652 631">
     <span class='ocr_line' id='line_1_67' title="bbox 857 594 1652 631; baseline -0.004 -6"><span class='ocrx_word' id='word_1_520' title='bbox 857 599 916 625; x_wconf 84' lang='lat' dir='ltr'><strong>est?</strong></span> <span class='ocrx_word' id='word_1_521' title='bbox 931 604 996 624; x_wconf 91' lang='lat' dir='ltr'><strong>num</strong></span> <span class='ocrx_word' id='word_1_522' title='bbox 1010 594 1167 631; x_wconf 77' lang='lat' dir='ltr'><strong>judicium?</strong></span> <span class='ocrx_word' id='word_1_523' title='bbox 1182 602 1214 622; x_wconf 88' lang='lat' dir='ltr'><strong>ac</strong></span> <span class='ocrx_word' id='word_1_524' title='bbox 1229 595 1403 622; x_wconf 84' lang='lat' dir='ltr'><strong>tentationes.</strong></span> <span class='ocrx_word' id='word_1_525' title='bbox 1419 594 1506 631; x_wconf 84' lang='lat' dir='ltr'><strong>lguita</strong></span> <span class='ocrx_word' id='word_1_526' title='bbox 1524 602 1588 623; x_wconf 84' lang='lat' dir='ltr'><strong>vero</strong></span> <span class='ocrx_word' id='word_1_527' title='bbox 1604 603 1652 631; x_wconf 91' lang='lat' dir='ltr'><strong>ap-</strong></span> 
     </span>
    </p>
   </div>
   <div class='ocr_carea' id='block_1_68' title="bbox 859 638 1654 678">
    <p class='ocr_par' dir='ltr' id='par_1_68' title="bbox 859 638 1654 678">
     <span class='ocr_line' id='line_1_68' title="bbox 859 638 1654 678; baseline -0.003 -8"><span class='ocrx_word' id='word_1_528' title='bbox 859 643 953 678; x_wconf 83' lang='lat' dir='ltr'><strong>pellat,</strong></span> <span class='ocrx_word' id='word_1_529' title='bbox 968 649 1023 669; x_wconf 91' lang='lat' dir='ltr'><strong>non</strong></span> <span class='ocrx_word' id='word_1_530' title='bbox 1038 640 1129 668; x_wconf 90' lang='lat' dir='ltr'><strong>solum</strong></span> <span class='ocrx_word' id='word_1_531' title='bbox 1152 638 1228 675; x_wconf 91' lang='lat' dir='ltr'><strong>quod</strong></span> <span class='ocrx_word' id='word_1_532' title='bbox 1243 638 1407 675; x_wconf 80' lang='lat' dir='ltr'><strong>cupiditates</strong></span> <span class='ocrx_word' id='word_1_533' title='bbox 1421 639 1606 674; x_wconf 86' lang='lat' dir='ltr'><strong>inﬂammant,</strong></span> <span class='ocrx_word' id='word_1_534' title='bbox 1620 640 1654 668; x_wconf 88' lang='lat' dir='ltr'><strong>ad</strong></span> 
     </span>
    </p>
   </div>
   <div class='ocr_carea' id='block_1_69' title="bbox 858 683 1651 722">
    <p class='ocr_par' dir='ltr' id='par_1_69' title="bbox 858 683 1651 722">
     <span class='ocr_line' id='line_1_69' title="bbox 858 683 1651 722; baseline -0.003 -8"><span class='ocrx_word' id='word_1_535' title='bbox 858 687 946 722; x_wconf 85' lang='lat' dir='ltr'><strong>turpia</strong></span> <span class='ocrx_word' id='word_1_536' title='bbox 961 693 1043 721; x_wconf 88' lang='lat' dir='ltr'><strong>opera</strong></span> <span class='ocrx_word' id='word_1_537' title='bbox 1053 683 1242 718; x_wconf 81' lang='lat' dir='ltr'><strong>incendentes,</strong></span> <span class='ocrx_word' id='word_1_538' title='bbox 1257 691 1352 712; x_wconf 85' lang='lat' dir='ltr'><strong>verum</strong></span> <span class='ocrx_word' id='word_1_539' title='bbox 1369 684 1452 712; x_wconf 89' lang='lat' dir='ltr'><strong>etiam</strong></span> <span class='ocrx_word' id='word_1_540' title='bbox 1464 684 1536 720; x_wconf 90' lang='lat' dir='ltr'><strong>quod</strong></span> <span class='ocrx_word' id='word_1_541' title='bbox 1547 684 1574 712; x_wconf 91' lang='lat' dir='ltr'><strong>in</strong></span> <span class='ocrx_word' id='word_1_542' title='bbox 1585 693 1651 712; x_wconf 92' lang='lat' dir='ltr'><strong>eon-</strong></span> 
     </span>
    </p>
   </div>
   <div class='ocr_carea' id='block_1_70' title="bbox 858 728 1654 766">
    <p class='ocr_par' dir='ltr' id='par_1_70' title="bbox 858 728 1654 766">
     <span class='ocr_line' id='line_1_70' title="bbox 858 728 1654 766; baseline -0.003 -7"><span class='ocrx_word' id='word_1_543' title='bbox 858 731 967 759; x_wconf 81' lang='lat' dir='ltr'><strong>scientia</strong></span> <span class='ocrx_word' id='word_1_544' title='bbox 983 730 1045 758; x_wconf 90' lang='lat' dir='ltr'><strong>inde</strong></span> <span class='ocrx_word' id='word_1_545' title='bbox 1061 729 1120 766; x_wconf 89' lang='lat' dir='ltr'><strong>jam</strong></span> <span class='ocrx_word' id='word_1_546' title='bbox 1130 728 1287 757; x_wconf 84' lang='lat' dir='ltr'><strong>ardeamus.</strong></span> <span class='ocrx_word' id='word_1_547' title='bbox 1299 729 1413 765; x_wconf 84' lang='lat' dir='ltr'><strong>Insuper</strong></span> <span class='ocrx_word' id='word_1_548' title='bbox 1425 737 1471 764; x_wconf 87' lang='lat' dir='ltr'><strong>per</strong></span> <span class='ocrx_word' id='word_1_549' title='bbox 1484 729 1654 757; x_wconf 79' lang='lat' dir='ltr'><strong>inﬁdelitatis</strong></span> 
     </span>
    </p>
   </div>
   <div class='ocr_carea' id='block_1_71' title="bbox 856 773 1652 809">
    <p class='ocr_par' dir='ltr' id='par_1_71' title="bbox 856 773 1652 809">
     <span class='ocr_line' id='line_1_71' title="bbox 856 773 1652 809; baseline -0.001 -6"><span class='ocrx_word' id='word_1_550' title='bbox 856 775 1074 803; x_wconf 81' lang='lat' dir='ltr'><strong>ratiocinationes</strong></span> <span class='ocrx_word' id='word_1_551' title='bbox 1089 773 1213 809; x_wconf 82' lang='lat' dir='ltr'><strong>adeoque</strong></span> <span class='ocrx_word' id='word_1_552' title='bbox 1225 773 1407 809; x_wconf 82' lang='lat' dir='ltr'><strong>cogitationes</strong></span> <span class='ocrx_word' id='word_1_553' title='bbox 1423 773 1478 801; x_wconf 90' lang='lat' dir='ltr'><strong>urit</strong></span> <span class='ocrx_word' id='word_1_554' title='bbox 1491 781 1542 802; x_wconf 89' lang='lat' dir='ltr'><strong>nos</strong></span> <span class='ocrx_word' id='word_1_555' title='bbox 1555 773 1652 802; x_wconf 78' lang='lat' dir='ltr'><strong>diabo—</strong></span> 
     </span>
    </p>
   </div>
   <div class='ocr_carea' id='block_1_72' title="bbox 857 818 1652 856">
    <p class='ocr_par' dir='ltr' id='par_1_72' title="bbox 857 818 1652 856">
     <span class='ocr_line' id='line_1_72' title="bbox 857 818 1652 856; baseline -0.003 -8"><span class='ocrx_word' id='word_1_556' title='bbox 857 822 908 854; x_wconf 85' lang='lat' dir='ltr'><strong>lus,</strong></span> <span class='ocrx_word' id='word_1_557' title='bbox 930 827 1031 856; x_wconf 89' lang='lat' dir='ltr'><strong>perque</strong></span> <span class='ocrx_word' id='word_1_558' title='bbox 1064 819 1243 846; x_wconf 83' lang='lat' dir='ltr'><strong>tentationes.</strong></span> <span class='ocrx_word' id='word_1_559' title='bbox 1266 818 1346 846; x_wconf 86' lang='lat' dir='ltr'><strong>Fides</strong></span> <span class='ocrx_word' id='word_1_560' title='bbox 1368 818 1450 854; x_wconf 83' lang='lat' dir='ltr'><strong>igitur</strong></span> <span class='ocrx_word' id='word_1_561' title='bbox 1466 818 1525 847; x_wconf 56' lang='lat' dir='ltr'><strong>hac</strong></span> <span class='ocrx_word' id='word_1_562' title='bbox 1547 819 1652 847; x_wconf 85' lang='lat' dir='ltr'><strong>exstin-</strong></span> 
     </span>
    </p>
   </div>
   <div class='ocr_carea' id='block_1_73' title="bbox 859 862 1652 901">
    <p class='ocr_par' dir='ltr' id='par_1_73' title="bbox 859 862 1652 901">
     <span class='ocr_line' id='line_1_73' title="bbox 859 862 1652 901; baseline -0.003 -9"><span class='ocrx_word' id='word_1_563' title='bbox 859 865 915 901; x_wconf 82' lang='lat' dir='ltr'><strong>guit</strong></span> <span class='ocrx_word' id='word_1_564' title='bbox 932 874 937 892; x_wconf 92' lang='lat'>:</span> <span class='ocrx_word' id='word_1_565' title='bbox 952 865 972 892; x_wconf 92' lang='lat' dir='ltr'><strong>si</strong></span> <span class='ocrx_word' id='word_1_566' title='bbox 988 864 1062 893; x_wconf 89' lang='lat' dir='ltr'><strong>enim</strong></span> <span class='ocrx_word' id='word_1_567' title='bbox 1078 863 1220 892; x_wconf 69' lang='lat' dir='ltr'><strong>daemones</strong></span> <span class='ocrx_word' id='word_1_568' title='bbox 1232 862 1355 898; x_wconf 81' lang='lat' dir='ltr'><strong>subjicit,</strong></span> <span class='ocrx_word' id='word_1_569' title='bbox 1376 863 1463 891; x_wconf 90' lang='lat' dir='ltr'><strong>multo</strong></span> <span class='ocrx_word' id='word_1_570' title='bbox 1479 863 1570 899; x_wconf 82' lang='lat' dir='ltr'><strong>potius</strong></span> <span class='ocrx_word' id='word_1_571' title='bbox 1580 863 1652 891; x_wconf 79' lang='lat' dir='ltr'><strong>affe-</strong></span> 
     </span>
    </p>
   </div>
   <div class='ocr_carea' id='block_1_74' title="bbox 858 907 1654 943">
    <p class='ocr_par' dir='ltr' id='par_1_74' title="bbox 858 907 1654 943">
     <span class='ocr_line' id='line_1_74' title="bbox 858 907 1654 943; baseline -0.003 -6"><span class='ocrx_word' id='word_1_572' title='bbox 858 914 926 937; x_wconf 84' lang='lat' dir='ltr'><strong>ctus.</strong></span> <span class='ocrx_word' id='word_1_573' title='bbox 940 910 1001 936; x_wconf 83' lang='lat' dir='ltr'><strong>Sive</strong></span> <span class='ocrx_word' id='word_1_574' title='bbox 1012 909 1084 936; x_wconf 90' lang='lat' dir='ltr'><strong>enim</strong></span> <span class='ocrx_word' id='word_1_575' title='bbox 1100 907 1317 943; x_wconf 80' lang='lat' dir='ltr'><strong>concupiscentia</strong></span> <span class='ocrx_word' id='word_1_576' title='bbox 1334 912 1359 935; x_wconf 88' lang='lat' dir='ltr'><strong>te</strong></span> <span class='ocrx_word' id='word_1_577' title='bbox 1371 907 1535 938; x_wconf 82' lang='lat' dir='ltr'><strong>inﬂammat,</strong></span> <span class='ocrx_word' id='word_1_578' title='bbox 1554 907 1654 935; x_wconf 83' lang='lat' dir='ltr'><strong>futuris</strong></span> 
     </span>
    </p>
   </div>
   <div class='ocr_carea' id='block_1_75' title="bbox 857 952 1652 987">
    <p class='ocr_par' dir='ltr' id='par_1_75' title="bbox 857 952 1652 987">
     <span class='ocr_line' id='line_1_75' title="bbox 857 952 1652 987; baseline -0.004 -5"><span class='ocrx_word' id='word_1_579' title='bbox 857 954 937 982; x_wconf 86' lang='lat' dir='ltr'><strong>bonis</strong></span> <span class='ocrx_word' id='word_1_580' title='bbox 961 952 1074 981; x_wconf 82' lang='lat' dir='ltr'><strong>credens</strong></span> <span class='ocrx_word' id='word_1_581' title='bbox 1095 952 1305 987; x_wconf 70' lang='lat' dir='ltr'><strong>obventuraeque</strong></span> <span class='ocrx_word' id='word_1_582' title='bbox 1326 952 1439 985; x_wconf 59' lang='lat' dir='ltr'><strong>laetitiae,</strong></span> <span class='ocrx_word' id='word_1_583' title='bbox 1461 960 1522 980; x_wconf 83' lang='lat' dir='ltr'><strong>eam</strong></span> <span class='ocrx_word' id='word_1_584' title='bbox 1544 952 1652 980; x_wconf 68' lang='lat' dir='ltr'><strong>exstin-</strong></span> 
     </span>
    </p>
   </div>
   <div class='ocr_carea' id='block_1_76' title="bbox 857 996 1652 1034">
    <p class='ocr_par' dir='ltr' id='par_1_76' title="bbox 857 996 1652 1034">
     <span class='ocr_line' id='line_1_76' title="bbox 857 996 1652 1034; baseline 0 -9"><span class='ocrx_word' id='word_1_585' title='bbox 857 1007 924 1034; x_wconf 79' lang='lat' dir='ltr'><strong>gues</strong></span> <span class='ocrx_word' id='word_1_586' title='bbox 939 1009 944 1026; x_wconf 93' lang='lat'><strong>:</strong></span> <span class='ocrx_word' id='word_1_587' title='bbox 961 998 1017 1026; x_wconf 87' lang='lat' dir='ltr'><strong>sive</strong></span> <span class='ocrx_word' id='word_1_588' title='bbox 1030 997 1194 1025; x_wconf 82' lang='lat' dir='ltr'><strong>tentationes</strong></span> <span class='ocrx_word' id='word_1_589' title='bbox 1206 1000 1232 1024; x_wconf 89' lang='lat' dir='ltr'><strong>te</strong></span> <span class='ocrx_word' id='word_1_590' title='bbox 1250 996 1390 1031; x_wconf 80' lang='lat' dir='ltr'><strong>invadant,</strong></span> <span class='ocrx_word' id='word_1_591' title='bbox 1419 996 1501 1024; x_wconf 85' lang='lat' dir='ltr'><strong>ﬁdem</strong></span> <span class='ocrx_word' id='word_1_592' title='bbox 1516 996 1652 1025; x_wconf 91' lang='lat' dir='ltr'><strong>adhibens</strong></span> 
     </span>
    </p>
   </div>
   <div class='ocr_carea' id='block_1_77' title="bbox 857 1040 1654 1077">
    <p class='ocr_par' dir='ltr' id='par_1_77' title="bbox 857 1040 1654 1077">
     <span class='ocr_line' id='line_1_77' title="bbox 857 1040 1654 1077; baseline -0.003 -5"><span class='ocrx_word' id='word_1_593' title='bbox 857 1043 970 1077; x_wconf 78' lang='lat' dir='ltr'><strong>futuris,</strong></span> <span class='ocrx_word' id='word_1_594' title='bbox 1002 1041 1222 1070; x_wconf 85' lang='lat' dir='ltr'><strong>consolationem</strong></span> <span class='ocrx_word' id='word_1_595' title='bbox 1256 1040 1380 1077; x_wconf 88' lang='lat' dir='ltr'><strong>recipies.</strong></span> <span class='ocrx_word' id='word_1_596' title='bbox 1418 1043 1525 1077; x_wconf 79' lang='lat' dir='ltr'><strong>Reputa</strong></span> <span class='ocrx_word' id='word_1_597' title='bbox 1559 1046 1654 1070; x_wconf 85' lang='lat' dir='ltr'><strong>tecum</strong></span> 
     </span>
    </p>
   </div>
   <div class='ocr_carea' id='block_1_78' title="bbox 857 1085 1654 1125">
    <p class='ocr_par' dir='ltr' id='par_1_78' title="bbox 857 1085 1654 1125">
     <span class='ocr_line' id='line_1_78' title="bbox 857 1085 1654 1125; baseline -0.003 -9"><span class='ocrx_word' id='word_1_598' title='bbox 857 1087 998 1125; x_wconf 90' lang='lat' dir='ltr'><strong>quomodo</strong></span> <span class='ocrx_word' id='word_1_599' title='bbox 1006 1090 1131 1115; x_wconf 84' lang='lat' dir='ltr'><strong>ureretur</strong></span> <span class='ocrx_word' id='word_1_600' title='bbox 1139 1085 1279 1114; x_wconf 80' lang='lat' dir='ltr'><strong>Abraham</strong></span> <span class='ocrx_word' id='word_1_601' title='bbox 1287 1085 1399 1122; x_wconf 90' lang='lat' dir='ltr'><strong>quando</strong></span> <span class='ocrx_word' id='word_1_602' title='bbox 1407 1089 1520 1121; x_wconf 85' lang='lat' dir='ltr'><strong>gnatum</strong></span> <span class='ocrx_word' id='word_1_603' title='bbox 1531 1085 1654 1122; x_wconf 78' lang='lat' dir='ltr'><strong>offerret,</strong></span> 
     </span>
    </p>
   </div>
   <div class='ocr_carea' id='block_1_79' title="bbox 858 1130 1439 1166">
    <p class='ocr_par' dir='ltr' id='par_1_79' title="bbox 858 1130 1439 1166">
     <span class='ocr_line' id='line_1_79' title="bbox 858 1130 1439 1166; baseline -0.007 -5"><span class='ocrx_word' id='word_1_604' title='bbox 858 1133 906 1162; x_wconf 93' lang='lat' dir='ltr'><strong>sed</strong></span> <span class='ocrx_word' id='word_1_605' title='bbox 918 1132 984 1160; x_wconf 83' lang='lat' dir='ltr'><strong>ﬁdes</strong></span> <span class='ocrx_word' id='word_1_606' title='bbox 994 1131 1136 1160; x_wconf 89' lang='lat' dir='ltr'><strong>ﬂammam</strong></span> <span class='ocrx_word' id='word_1_607' title='bbox 1147 1130 1227 1158; x_wconf 90' lang='lat' dir='ltr'><strong>istam</strong></span> <span class='ocrx_word' id='word_1_608' title='bbox 1239 1130 1439 1166; x_wconf 82' lang='lat' dir='ltr'><strong>exstinguebat.</strong></span> 
     </span>
    </p>
   </div>
   <div class='ocr_carea' id='block_1_80' title="bbox 893 1174 1655 1211">
    <p class='ocr_par' dir='ltr' id='par_1_80' title="bbox 893 1174 1655 1211">
     <span class='ocr_line' id='line_1_80' title="bbox 893 1174 1655 1211; baseline 0 -6"><span class='ocrx_word' id='word_1_609' title='bbox 893 1179 982 1205; x_wconf 77' lang='lat' dir='ltr'><strong>Vens.</strong></span> <span class='ocrx_word' id='word_1_610' title='bbox 1007 1180 1050 1204; x_wconf 85' lang='lat'><strong>17.</strong></span> <span class='ocrx_word' id='word_1_611' title='bbox 1066 1187 1079 1200; x_wconf 85' lang='grc'><strong>‹‹</strong></span> <span class='ocrx_word' id='word_1_612' title='bbox 1097 1177 1130 1203; x_wconf 84' lang='lat' dir='ltr'><strong>Et</strong></span> <span class='ocrx_word' id='word_1_613' title='bbox 1154 1175 1258 1211; x_wconf 88' lang='lat' dir='ltr'><strong>galeam</strong></span> <span class='ocrx_word' id='word_1_614' title='bbox 1277 1174 1372 1203; x_wconf 84' lang='lat' dir='ltr'><strong>salutis</strong></span> <span class='ocrx_word' id='word_1_615' title='bbox 1392 1175 1535 1204; x_wconf 86' lang='lat' dir='ltr'><strong>assumite.</strong></span> <span class='ocrx_word' id='word_1_616' title='bbox 1554 1187 1567 1201; x_wconf 67' lang='grc' dir='ltr'><strong>ιν</strong></span> <span class='ocrx_word' id='word_1_617' title='bbox 1593 1177 1655 1205; x_wconf 82' lang='lat' dir='ltr'><strong>Hoc</strong></span> 
     </span>
    </p>
   </div>
   <div class='ocr_carea' id='block_1_81' title="bbox 858 1219 1655 1259">
    <p class='ocr_par' dir='ltr' id='par_1_81' title="bbox 858 1219 1655 1259">
     <span class='ocr_line' id='line_1_81' title="bbox 858 1219 1655 1259; baseline -0.003 -8"><span class='ocrx_word' id='word_1_618' title='bbox 858 1227 908 1257; x_wconf 88' lang='lat' dir='ltr'><strong>est,</strong></span> <span class='ocrx_word' id='word_1_619' title='bbox 924 1230 986 1259; x_wconf 75' lang='lat' dir='ltr'><strong>quae</strong></span> <span class='ocrx_word' id='word_1_620' title='bbox 1005 1224 1093 1249; x_wconf 85' lang='lat' dir='ltr'><strong>servet</strong></span> <span class='ocrx_word' id='word_1_621' title='bbox 1113 1224 1141 1248; x_wconf 84' lang='lat' dir='ltr'><strong>et</strong></span> <span class='ocrx_word' id='word_1_622' title='bbox 1158 1219 1302 1248; x_wconf 83' lang='lat' dir='ltr'><strong>custodiat.</strong></span> <span class='ocrx_word' id='word_1_623' title='bbox 1319 1221 1388 1247; x_wconf 87' lang='lat' dir='ltr'><strong>Nam</strong></span> <span class='ocrx_word' id='word_1_624' title='bbox 1403 1220 1425 1248; x_wconf 89' lang='lat' dir='ltr'><strong>si</strong></span> <span class='ocrx_word' id='word_1_625' title='bbox 1440 1220 1523 1248; x_wconf 81' lang='lat' dir='ltr'><strong>tidem</strong></span> <span class='ocrx_word' id='word_1_626' title='bbox 1548 1219 1655 1249; x_wconf 86' lang='lat' dir='ltr'><strong>habea-</strong></span> 
     </span>
    </p>
   </div>
   <div class='ocr_carea' id='block_1_82' title="bbox 859 1265 1655 1304">
    <p class='ocr_par' dir='ltr' id='par_1_82' title="bbox 859 1265 1655 1304">
     <span class='ocr_line' id='line_1_82' title="bbox 859 1265 1655 1304; baseline -0.001 -9"><span class='ocrx_word' id='word_1_627' title='bbox 859 1276 930 1301; x_wconf 85' lang='lat' dir='ltr'><strong>mus,</strong></span> <span class='ocrx_word' id='word_1_628' title='bbox 947 1266 1071 1304; x_wconf 89' lang='lat' dir='ltr'><strong>protinus</strong></span> <span class='ocrx_word' id='word_1_629' title='bbox 1085 1265 1216 1293; x_wconf 84' lang='lat' dir='ltr'><strong>salutares</strong></span> <span class='ocrx_word' id='word_1_630' title='bbox 1236 1265 1320 1293; x_wconf 88' lang='lat' dir='ltr'><strong>etiam</strong></span> <span class='ocrx_word' id='word_1_631' title='bbox 1340 1265 1519 1301; x_wconf 82' lang='lat' dir='ltr'><strong>cogitationes</strong></span> <span class='ocrx_word' id='word_1_632' title='bbox 1534 1266 1655 1302; x_wconf 86' lang='lat' dir='ltr'><strong>accipie-</strong></span> 
     </span>
    </p>
   </div>
   <div class='ocr_carea' id='block_1_83' title="bbox 860 1310 1656 1347">
    <p class='ocr_par' dir='ltr' id='par_1_83' title="bbox 860 1310 1656 1347">
     <span class='ocr_line' id='line_1_83' title="bbox 860 1310 1656 1347; baseline -0.001 -7"><span class='ocrx_word' id='word_1_633' title='bbox 860 1320 931 1346; x_wconf 87' lang='lat' dir='ltr'><strong>mus,</strong></span> <span class='ocrx_word' id='word_1_634' title='bbox 953 1319 1014 1347; x_wconf 60' lang='lat' dir='ltr'><strong>qua‘</strong></span> <span class='ocrx_word' id='word_1_635' title='bbox 1029 1314 1111 1346; x_wconf 87' lang='lat' dir='ltr'><strong>caput</strong></span> <span class='ocrx_word' id='word_1_636' title='bbox 1124 1313 1250 1338; x_wconf 88' lang='lat' dir='ltr'><strong>nostrum</strong></span> <span class='ocrx_word' id='word_1_637' title='bbox 1272 1317 1321 1338; x_wconf 89' lang='lat' dir='ltr'><strong>seu</strong></span> <span class='ocrx_word' id='word_1_638' title='bbox 1335 1310 1498 1346; x_wconf 65' lang='lat' dir='ltr'><strong>prmeipuam</strong></span> <span class='ocrx_word' id='word_1_639' title='bbox 1519 1314 1546 1339; x_wconf 89' lang='lat' dir='ltr'><strong>et</strong></span> <span class='ocrx_word' id='word_1_640' title='bbox 1558 1311 1656 1347; x_wconf 88' lang='lat' dir='ltr'><strong>princi-</strong></span> 
     </span>
    </p>
   </div>
   <div class='ocr_carea' id='block_1_84' title="bbox 860 1356 1335 1393">
    <p class='ocr_par' dir='ltr' id='par_1_84' title="bbox 860 1356 1335 1393">
     <span class='ocr_line' id='line_1_84' title="bbox 860 1356 1335 1393; baseline -0.002 -9"><span class='ocrx_word' id='word_1_641' title='bbox 860 1365 920 1393; x_wconf 92' lang='lat' dir='ltr'><strong>pem</strong></span> <span class='ocrx_word' id='word_1_642' title='bbox 933 1356 1021 1384; x_wconf 81' lang='lat' dir='ltr'><strong>nostri</strong></span> <span class='ocrx_word' id='word_1_643' title='bbox 1038 1359 1145 1392; x_wconf 86' lang='lat' dir='ltr'><strong>partem</strong></span> <span class='ocrx_word' id='word_1_644' title='bbox 1162 1359 1335 1383; x_wconf 87' lang='lat' dir='ltr'><strong>conservent.</strong></span> 
     </span>
    </p>
   </div>
   <div class='ocr_carea' id='block_1_85' title="bbox 897 1445 1655 1482">
    <p class='ocr_par' dir='ltr' id='par_1_85' title="bbox 897 1445 1655 1482">
     <span class='ocr_line' id='line_1_85' title="bbox 897 1445 1655 1482; baseline 0 -8"><span class='ocrx_word' id='word_1_645' title='bbox 897 1458 909 1470; x_wconf 74' lang='grc' dir='ltr'><strong>α</strong></span> <span class='ocrx_word' id='word_1_646' title='bbox 929 1447 962 1474; x_wconf 78' lang='lat' dir='ltr'><strong>Et</strong></span> <span class='ocrx_word' id='word_1_647' title='bbox 976 1445 1096 1482; x_wconf 84' lang='lat' dir='ltr'><strong>gladium</strong></span> <span class='ocrx_word' id='word_1_648' title='bbox 1113 1445 1239 1482; x_wconf 81' lang='lat' dir='ltr'><strong>Spiritus,</strong></span> <span class='ocrx_word' id='word_1_649' title='bbox 1257 1445 1332 1481; x_wconf 89' lang='lat' dir='ltr'><strong>quod</strong></span> <span class='ocrx_word' id='word_1_650' title='bbox 1355 1449 1397 1474; x_wconf 83' lang='lat' dir='ltr'><strong>est</strong></span> <span class='ocrx_word' id='word_1_651' title='bbox 1412 1445 1526 1474; x_wconf 86' lang='lat' dir='ltr'><strong>verbum</strong></span> <span class='ocrx_word' id='word_1_652' title='bbox 1548 1446 1611 1474; x_wconf 91' lang='lat' dir='ltr'><strong>Dei.</strong></span> <span class='ocrx_word' id='word_1_653' title='bbox 1643 1458 1655 1470; x_wconf 71' lang='grc' dir='ltr'>ι»</span> 
     </span>
    </p>
   </div>
   <div class='ocr_carea' id='block_1_86' title="bbox 863 1489 1656 1526">
    <p class='ocr_par' dir='ltr' id='par_1_86' title="bbox 863 1489 1656 1526">
     <span class='ocr_line' id='line_1_86' title="bbox 863 1489 1656 1526; baseline -0.001 -7"><span class='ocrx_word' id='word_1_654' title='bbox 863 1493 914 1520; x_wconf 88' lang='lat' dir='ltr'><strong>Per</strong></span> <span class='ocrx_word' id='word_1_655' title='bbox 932 1499 963 1519; x_wconf 89' lang='lat' dir='ltr'><strong>ea</strong></span> <span class='ocrx_word' id='word_1_656' title='bbox 984 1498 1045 1526; x_wconf 69' lang='lat' dir='ltr'><strong>quae</strong></span> <span class='ocrx_word' id='word_1_657' title='bbox 1068 1498 1149 1526; x_wconf 87' lang='lat' dir='ltr'><strong>supra</strong></span> <span class='ocrx_word' id='word_1_658' title='bbox 1163 1489 1235 1518; x_wconf 83' lang='lat' dir='ltr'><strong>dicta</strong></span> <span class='ocrx_word' id='word_1_659' title='bbox 1259 1494 1334 1524; x_wconf 82' lang='lat' dir='ltr'><strong>sunt,</strong></span> <span class='ocrx_word' id='word_1_660' title='bbox 1351 1491 1468 1518; x_wconf 84' lang='lat' dir='ltr'><strong>armavit</strong></span> <span class='ocrx_word' id='word_1_661' title='bbox 1481 1498 1532 1518; x_wconf 91' lang='lat' dir='ltr'><strong>nos</strong></span> <span class='ocrx_word' id='word_1_662' title='bbox 1555 1490 1656 1519; x_wconf 86' lang='lat' dir='ltr'><strong>Paulus</strong></span> 
     </span>
    </p>
   </div>
   <div class='ocr_carea' id='block_1_87' title="bbox 861 1534 1656 1564">
    <p class='ocr_par' dir='ltr' id='par_1_87' title="bbox 861 1534 1656 1564">
     <span class='ocr_line' id='line_1_87' title="bbox 861 1534 1656 1564; baseline -0.001 -1"><span class='ocrx_word' id='word_1_663' title='bbox 861 1544 895 1564; x_wconf 92' lang='lat' dir='ltr'><strong>ne</strong></span> <span class='ocrx_word' id='word_1_664' title='bbox 913 1535 1045 1563; x_wconf 55' lang='lat' dir='ltr'><strong>laudamur</strong></span> <span class='ocrx_word' id='word_1_665' title='bbox 1065 1535 1099 1563; x_wconf 86' lang='lat' dir='ltr'><strong>ab</strong></span> <span class='ocrx_word' id='word_1_666' title='bbox 1128 1534 1355 1563; x_wconf 79' lang='lat' dir='ltr'><strong>hostibusznunc</strong></span> <span class='ocrx_word' id='word_1_667' title='bbox 1370 1543 1435 1562; x_wconf 87' lang='lat' dir='ltr'><strong>vero</strong></span> <span class='ocrx_word' id='word_1_668' title='bbox 1449 1543 1527 1563; x_wconf 87' lang='lat' dir='ltr'><strong>arma</strong></span> <span class='ocrx_word' id='word_1_669' title='bbox 1551 1535 1656 1563; x_wconf 91' lang='lat' dir='ltr'><strong>submi-</strong></span> 
     </span>
    </p>
   </div>
   <div class='ocr_carea' id='block_1_88' title="bbox 859 1579 1657 1616">
    <p class='ocr_par' dir='ltr' id='par_1_88' title="bbox 859 1579 1657 1616">
     <span class='ocr_line' id='line_1_88' title="bbox 859 1579 1657 1616; baseline -0.001 -8"><span class='ocrx_word' id='word_1_670' title='bbox 859 1580 968 1615; x_wconf 80' lang='lat' dir='ltr'><strong>nistrat,</strong></span> <span class='ocrx_word' id='word_1_671' title='bbox 984 1580 1085 1616; x_wconf 87' lang='lat' dir='ltr'><strong>quibus</strong></span> <span class='ocrx_word' id='word_1_672' title='bbox 1100 1579 1151 1616; x_wconf 86' lang='lat' dir='ltr'><strong>ipsi</strong></span> <span class='ocrx_word' id='word_1_673' title='bbox 1167 1579 1255 1616; x_wconf 87' lang='lat' dir='ltr'><strong>potius</strong></span> <span class='ocrx_word' id='word_1_674' title='bbox 1270 1587 1321 1607; x_wconf 92' lang='lat' dir='ltr'><strong>nos</strong></span> <span class='ocrx_word' id='word_1_675' title='bbox 1338 1579 1431 1608; x_wconf 88' lang='lat' dir='ltr'><strong>hostes</strong></span> <span class='ocrx_word' id='word_1_676' title='bbox 1454 1580 1553 1607; x_wconf 70' lang='lat' dir='ltr'><strong>laedere</strong></span> <span class='ocrx_word' id='word_1_677' title='bbox 1568 1580 1657 1615; x_wconf 87' lang='lat' dir='ltr'><strong>possi-</strong></span> 
     </span>
    </p>
   </div>
   <div class='ocr_carea' id='block_1_89' title="bbox 860 1623 1658 1661">
    <p class='ocr_par' dir='ltr' id='par_1_89' title="bbox 860 1623 1658 1661">
     <span class='ocr_line' id='line_1_89' title="bbox 860 1623 1658 1661; baseline 0 -9"><span class='ocrx_word' id='word_1_678' title='bbox 860 1632 934 1654; x_wconf 86' lang='lat' dir='ltr'><strong>mus.</strong></span> <span class='ocrx_word' id='word_1_679' title='bbox 953 1625 1000 1653; x_wconf 90' lang='lat' dir='ltr'><strong>Vel</strong></span> <span class='ocrx_word' id='word_1_680' title='bbox 1024 1624 1109 1661; x_wconf 83' lang='lat' dir='ltr'><strong>igitur</strong></span> <span class='ocrx_word' id='word_1_681' title='bbox 1127 1624 1261 1660; x_wconf 86' lang='lat' dir='ltr'><strong>Spiritum</strong></span> <span class='ocrx_word' id='word_1_682' title='bbox 1275 1624 1364 1660; x_wconf 88' lang='lat' dir='ltr'><strong>ipsum</strong></span> <span class='ocrx_word' id='word_1_683' title='bbox 1378 1623 1445 1652; x_wconf 89' lang='lat' dir='ltr'><strong>dicit</strong></span> <span class='ocrx_word' id='word_1_684' title='bbox 1458 1623 1582 1659; x_wconf 76' lang='lat' dir='ltr'><strong>gladium</strong></span> <span class='ocrx_word' id='word_1_685' title='bbox 1598 1624 1658 1660; x_wconf 85' lang='lat' dir='ltr'><strong>Spi-</strong></span> 
     </span>
    </p>
   </div>
   <div class='ocr_carea' id='block_1_90' title="bbox 861 1668 1659 1706">
    <p class='ocr_par' dir='ltr' id='par_1_90' title="bbox 861 1668 1659 1706">
     <span class='ocr_line' id='line_1_90' title="bbox 861 1668 1659 1706; baseline -0.001 -9"><span class='ocrx_word' id='word_1_686' title='bbox 861 1669 928 1698; x_wconf 89' lang='lat' dir='ltr'><strong>ritus</strong></span> <span class='ocrx_word' id='word_1_687' title='bbox 941 1669 1143 1706; x_wconf 87' lang='lat' dir='ltr'><strong>periphrastice,</strong></span> <span class='ocrx_word' id='word_1_688' title='bbox 1161 1669 1201 1696; x_wconf 87' lang='lat' dir='ltr'><strong>vel</strong></span> <span class='ocrx_word' id='word_1_689' title='bbox 1215 1668 1388 1704; x_wconf 86' lang='lat' dir='ltr'><strong>spiritualem</strong></span> <span class='ocrx_word' id='word_1_690' title='bbox 1403 1668 1497 1702; x_wconf 87' lang='lat' dir='ltr'><strong>vitam,</strong></span> <span class='ocrx_word' id='word_1_691' title='bbox 1514 1676 1561 1704; x_wconf 90' lang='lat' dir='ltr'><strong>per</strong></span> <span class='ocrx_word' id='word_1_692' title='bbox 1575 1676 1659 1704; x_wconf 87' lang='lat' dir='ltr'><strong>quam</strong></span> 
     </span>
    </p>
   </div>
   <div class='ocr_carea' id='block_1_91' title="bbox 860 1713 1660 1750">
    <p class='ocr_par' dir='ltr' id='par_1_91' title="bbox 860 1713 1660 1750">
     <span class='ocr_line' id='line_1_91' title="bbox 860 1713 1660 1750; baseline -0.003 -8"><span class='ocrx_word' id='word_1_693' title='bbox 860 1718 941 1750; x_wconf 85' lang='lat' dir='ltr'><strong>caput</strong></span> <span class='ocrx_word' id='word_1_694' title='bbox 966 1713 1095 1742; x_wconf 86' lang='lat' dir='ltr'><strong>draconis</strong></span> <span class='ocrx_word' id='word_1_695' title='bbox 1114 1713 1294 1742; x_wconf 86' lang='lat' dir='ltr'><strong>abscinditur.</strong></span> <span class='ocrx_word' id='word_1_696' title='bbox 1316 1713 1467 1749; x_wconf 85' lang='lat' dir='ltr'><strong>Spiritualis</strong></span> <span class='ocrx_word' id='word_1_697' title='bbox 1489 1717 1583 1741; x_wconf 88' lang='lat' dir='ltr'><strong>autem</strong></span> <span class='ocrx_word' id='word_1_698' title='bbox 1614 1713 1660 1741; x_wconf 87' lang='lat' dir='ltr'><strong>hic</strong></span> 
     </span>
    </p>
   </div>
   <div class='ocr_carea' id='block_1_92' title="bbox 860 1757 1658 1792">
    <p class='ocr_par' dir='ltr' id='par_1_92' title="bbox 860 1757 1658 1792">
     <span class='ocr_line' id='line_1_92' title="bbox 860 1757 1658 1792; baseline -0.001 -5"><span class='ocrx_word' id='word_1_699' title='bbox 860 1759 934 1787; x_wconf 88' lang='lat' dir='ltr'><strong>ensis</strong></span> <span class='ocrx_word' id='word_1_700' title='bbox 959 1759 1075 1787; x_wconf 88' lang='lat' dir='ltr'><strong>verbum</strong></span> <span class='ocrx_word' id='word_1_701' title='bbox 1093 1759 1142 1787; x_wconf 88' lang='lat' dir='ltr'><strong>Dei</strong></span> <span class='ocrx_word' id='word_1_702' title='bbox 1158 1762 1207 1792; x_wconf 88' lang='lat' dir='ltr'><strong>est,</strong></span> <span class='ocrx_word' id='word_1_703' title='bbox 1231 1757 1283 1786; x_wconf 90' lang='lat' dir='ltr'><strong>hoc</strong></span> <span class='ocrx_word' id='word_1_704' title='bbox 1297 1762 1324 1785; x_wconf 86' lang='lat' dir='ltr'><strong>et</strong></span> <span class='ocrx_word' id='word_1_705' title='bbox 1347 1757 1519 1785; x_wconf 89' lang='lat' dir='ltr'><strong>mandatum.</strong></span> <span class='ocrx_word' id='word_1_706' title='bbox 1542 1757 1569 1785; x_wconf 92' lang='lat' dir='ltr'><strong>Si</strong></span> <span class='ocrx_word' id='word_1_707' title='bbox 1585 1757 1658 1786; x_wconf 88' lang='lat' dir='ltr'><strong>enim</strong></span> 
     </span>
    </p>
   </div>
   <div class='ocr_carea' id='block_1_93' title="bbox 861 1802 1659 1840">
    <p class='ocr_par' dir='ltr' id='par_1_93' title="bbox 861 1802 1659 1840">
     <span class='ocr_line' id='line_1_93' title="bbox 861 1802 1659 1840; baseline -0.004 -8"><span class='ocrx_word' id='word_1_708' title='bbox 861 1803 988 1832; x_wconf 85' lang='lat' dir='ltr'><strong>mandata</strong></span> <span class='ocrx_word' id='word_1_709' title='bbox 1025 1804 1084 1840; x_wconf 87' lang='lat' dir='ltr'><strong>ejus</strong></span> <span class='ocrx_word' id='word_1_710' title='bbox 1117 1803 1273 1836; x_wconf 81' lang='lat' dir='ltr'><strong>fecerimus,</strong></span> <span class='ocrx_word' id='word_1_711' title='bbox 1308 1802 1466 1830; x_wconf 87' lang='lat' dir='ltr'><strong>occidemus</strong></span> <span class='ocrx_word' id='word_1_712' title='bbox 1504 1806 1659 1838; x_wconf 87' lang='lat' dir='ltr'><strong>serpentem</strong></span> 
     </span>
    </p>
   </div>
   <div class='ocr_carea' id='block_1_94' title="bbox 859 1845 1657 1882">
    <p class='ocr_par' dir='ltr' id='par_1_94' title="bbox 859 1845 1657 1882">
     <span class='ocr_line' id='line_1_94' title="bbox 859 1845 1657 1882; baseline -0.004 -6"><span class='ocrx_word' id='word_1_713' title='bbox 859 1848 940 1876; x_wconf 87' lang='lat' dir='ltr'><strong>istum</strong></span> <span class='ocrx_word' id='word_1_714' title='bbox 950 1852 1116 1881; x_wconf 87' lang='lat' dir='ltr'><strong>tortuosum,</strong></span> <span class='ocrx_word' id='word_1_715' title='bbox 1138 1852 1171 1875; x_wconf 91' lang='lat' dir='ltr'><strong>ut</strong></span> <span class='ocrx_word' id='word_1_716' title='bbox 1197 1846 1282 1875; x_wconf 84' lang='lat' dir='ltr'><strong>Isaias</strong></span> <span class='ocrx_word' id='word_1_717' title='bbox 1308 1845 1417 1882; x_wconf 77' lang='lat' dir='ltr'><strong>inquitr</strong></span> <span class='ocrx_word' id='word_1_718' title='bbox 1435 1867 1442 1874; x_wconf 94' lang='lat'><strong>.</strong></span> <span class='ocrx_word' id='word_1_719' title='bbox 1464 1846 1511 1874; x_wconf 86' lang='lat' dir='ltr'><strong>Vel</strong></span> <span class='ocrx_word' id='word_1_720' title='bbox 1539 1846 1657 1874; x_wconf 88' lang='lat' dir='ltr'><strong>verbum</strong></span> 
     </span>
    </p>
   </div>
   <div class='ocr_carea' id='block_1_95' title="bbox 862 1890 1659 1928">
    <p class='ocr_par' dir='ltr' id='par_1_95' title="bbox 862 1890 1659 1928">
     <span class='ocr_line' id='line_1_95' title="bbox 862 1890 1659 1928; baseline -0.001 -8"><span class='ocrx_word' id='word_1_721' title='bbox 862 1893 910 1920; x_wconf 78' lang='lat' dir='ltr'><strong>Dei</strong></span> <span class='ocrx_word' id='word_1_722' title='bbox 922 1896 964 1920; x_wconf 78' lang='lat' dir='ltr'><strong>est</strong></span> <span class='ocrx_word' id='word_1_723' title='bbox 979 1901 986 1919; x_wconf 89' lang='lat'>:</span> <span class='ocrx_word' id='word_1_724' title='bbox 1013 1892 1097 1928; x_wconf 68' lang='grc'><strong>422</strong></span> <span class='ocrx_word' id='word_1_725' title='bbox 1113 1896 1154 1925; x_wconf 76' lang='grc' dir='ltr'>ιη,</span> <span class='ocrx_word' id='word_1_726' title='bbox 1167 1903 1180 1916; x_wconf 79' lang='grc' dir='ltr'>σι</span> <span class='ocrx_word' id='word_1_727' title='bbox 1199 1893 1229 1919; x_wconf 87' lang='lat' dir='ltr'><strong>In</strong></span> <span class='ocrx_word' id='word_1_728' title='bbox 1255 1890 1367 1918; x_wconf 90' lang='lat' dir='ltr'><strong>nomine</strong></span> <span class='ocrx_word' id='word_1_729' title='bbox 1382 1891 1448 1918; x_wconf 82' lang='lat' dir='ltr'><strong>Jcsu</strong></span> <span class='ocrx_word' id='word_1_730' title='bbox 1462 1890 1562 1918; x_wconf 89' lang='lat' dir='ltr'><strong>Christi</strong></span> <span class='ocrx_word' id='word_1_731' title='bbox 1577 1898 1659 1927; x_wconf 81' lang='lat' dir='ltr'><strong>surge</strong></span> 
     </span>
    </p>
   </div>
   <div class='ocr_carea' id='block_1_96' title="bbox 857 1935 1655 1972">
    <p class='ocr_par' dir='ltr' id='par_1_96' title="bbox 857 1935 1655 1972">
     <span class='ocr_line' id='line_1_96' title="bbox 857 1935 1655 1972; baseline -0.004 -6"><span class='ocrx_word' id='word_1_732' title='bbox 857 1942 884 1966; x_wconf 92' lang='lat' dir='ltr'><strong>ct</strong></span> <span class='ocrx_word' id='word_1_733' title='bbox 895 1937 1004 1965; x_wconf 88' lang='lat' dir='ltr'><strong>ambula</strong></span> <span class='ocrx_word' id='word_1_734' title='bbox 1015 1942 1028 1963; x_wconf 67' lang='grc' dir='ltr'><strong><em>Β</em></strong></span> <span class='ocrx_word' id='word_1_735' title='bbox 1043 1958 1050 1972; x_wconf 88' lang='lat'><strong>,</strong></span> <span class='ocrx_word' id='word_1_736' title='bbox 1065 1947 1080 1963; x_wconf 82' lang='lat'>»</span> <span class='ocrx_word' id='word_1_737' title='bbox 1093 1937 1227 1972; x_wconf 81' lang='lat' dir='ltr'><strong>hujusque</strong></span> <span class='ocrx_word' id='word_1_738' title='bbox 1237 1935 1349 1963; x_wconf 80' lang='lat' dir='ltr'><strong>similia.</strong></span> <span class='ocrx_word' id='word_1_739' title='bbox 1364 1935 1413 1964; x_wconf 88' lang='lat' dir='ltr'><strong>Vel</strong></span> <span class='ocrx_word' id='word_1_740' title='bbox 1427 1935 1588 1971; x_wconf 87' lang='lat' dir='ltr'><strong>simpliciter</strong></span> <span class='ocrx_word' id='word_1_741' title='bbox 1601 1935 1655 1971; x_wconf 83' lang='lat' dir='ltr'><strong>gla-</strong></span> 
     </span>
    </p>
   </div>
   <div class='ocr_carea' id='block_1_97' title="bbox 859 1979 1659 2017">
    <p class='ocr_par' dir='ltr' id='par_1_97' title="bbox 859 1979 1659 2017">
     <span class='ocr_line' id='line_1_97' title="bbox 859 1979 1659 2017; baseline -0.003 -7"><span class='ocrx_word' id='word_1_742' title='bbox 859 1982 937 2010; x_wconf 92' lang='lat' dir='ltr'><strong>dium</strong></span> <span class='ocrx_word' id='word_1_743' title='bbox 950 1981 1069 2017; x_wconf 90' lang='lat' dir='ltr'><strong>Spiritus</strong></span> <span class='ocrx_word' id='word_1_744' title='bbox 1081 1981 1249 2017; x_wconf 85' lang='lat' dir='ltr'><strong>spiritualem</strong></span> <span class='ocrx_word' id='word_1_745' title='bbox 1263 1980 1423 2016; x_wconf 85' lang='lat' dir='ltr'><strong>sapientiam</strong></span> <span class='ocrx_word' id='word_1_746' title='bbox 1434 1984 1524 2008; x_wconf 86' lang='lat' dir='ltr'><strong>vocat.</strong></span> <span class='ocrx_word' id='word_1_747' title='bbox 1546 1991 1558 2004; x_wconf 80' lang='lat'><em>«</em></span> <span class='ocrx_word' id='word_1_748' title='bbox 1574 1979 1659 2008; x_wconf 83' lang='lat' dir='ltr'><strong>Vivus</strong></span> 
     </span>
    </p>
   </div>
   <div class='ocr_carea' id='block_1_98' title="bbox 861 2025 1658 2061">
    <p class='ocr_par' dir='ltr' id='par_1_98' title="bbox 861 2025 1658 2061">
     <span class='ocr_line' id='line_1_98' title="bbox 861 2025 1658 2061; baseline -0.003 -7"><span class='ocrx_word' id='word_1_749' title='bbox 861 2032 901 2055; x_wconf 90' lang='lat' dir='ltr'><strong>est</strong></span> <span class='ocrx_word' id='word_1_750' title='bbox 911 2026 982 2054; x_wconf 87' lang='lat' dir='ltr'><strong>enim</strong></span> <span class='ocrx_word' id='word_1_751' title='bbox 995 2034 1086 2054; x_wconf 91' lang='lat' dir='ltr'><strong>sermo</strong></span> <span class='ocrx_word' id='word_1_752' title='bbox 1099 2025 1149 2054; x_wconf 89' lang='lat' dir='ltr'><strong>Dei</strong></span> <span class='ocrx_word' id='word_1_753' title='bbox 1159 2029 1186 2054; x_wconf 90' lang='lat' dir='ltr'><strong>et</strong></span> <span class='ocrx_word' id='word_1_754' title='bbox 1197 2025 1305 2059; x_wconf 84' lang='lat' dir='ltr'><strong>efﬁcax,</strong></span> <span class='ocrx_word' id='word_1_755' title='bbox 1319 2029 1345 2053; x_wconf 88' lang='lat' dir='ltr'><strong>et</strong></span> <span class='ocrx_word' id='word_1_756' title='bbox 1356 2025 1550 2061; x_wconf 87' lang='lat' dir='ltr'><strong>penetrabilior</strong></span> <span class='ocrx_word' id='word_1_757' title='bbox 1560 2025 1658 2060; x_wconf 88' lang='lat' dir='ltr'><strong>quovis</strong></span> 
     </span>
    </p>
   </div>
   <div class='ocr_carea' id='block_1_99' title="bbox 860 2069 1657 2108">
    <p class='ocr_par' dir='ltr' id='par_1_99' title="bbox 860 2069 1657 2108">
     <span class='ocr_line' id='line_1_99' title="bbox 860 2069 1657 2108; baseline -0.001 -10"><span class='ocrx_word' id='word_1_758' title='bbox 860 2072 948 2108; x_wconf 76' lang='lat' dir='ltr'><strong>gladio</strong></span> <span class='ocrx_word' id='word_1_759' title='bbox 959 2071 996 2096; x_wconf 79' lang='grc' dir='ltr'><strong>ιι.</strong></span> <span class='ocrx_word' id='word_1_760' title='bbox 1026 2083 1038 2096; x_wconf 69' lang='grc' dir='ltr'><strong>ι</strong></span> <span class='ocrx_word' id='word_1_761' title='bbox 1056 2072 1088 2099; x_wconf 89' lang='lat' dir='ltr'><strong>Et</strong></span> <span class='ocrx_word' id='word_1_762' title='bbox 1112 2071 1156 2107; x_wconf 92' lang='lat' dir='ltr'><strong>qui</strong></span> <span class='ocrx_word' id='word_1_763' title='bbox 1174 2070 1255 2106; x_wconf 90' lang='lat' dir='ltr'><strong>hujus</strong></span> <span class='ocrx_word' id='word_1_764' title='bbox 1280 2069 1429 2105; x_wconf 86' lang='lat' dir='ltr'><strong>spiritualis</strong></span> <span class='ocrx_word' id='word_1_765' title='bbox 1455 2070 1528 2098; x_wconf 88' lang='lat' dir='ltr'><strong>ensis</strong></span> <span class='ocrx_word' id='word_1_766' title='bbox 1553 2069 1657 2098; x_wconf 91' lang='lat' dir='ltr'><strong>donum</strong></span> 
     </span>
    </p>
   </div>
   <div class='ocr_carea' id='block_1_100' title="bbox 861 2114 1659 2152">
    <p class='ocr_par' dir='ltr' id='par_1_100' title="bbox 861 2114 1659 2152">
     <span class='ocr_line' id='line_1_100' title="bbox 861 2114 1659 2152; baseline -0.003 -8"><span class='ocrx_word' id='word_1_767' title='bbox 861 2116 952 2151; x_wconf 74' lang='lat' dir='ltr'><strong>habet,</strong></span> <span class='ocrx_word' id='word_1_768' title='bbox 968 2121 1069 2152; x_wconf 72' lang='lat' dir='ltr'><strong>etquae</strong></span> <span class='ocrx_word' id='word_1_769' title='bbox 1082 2115 1133 2144; x_wconf 87' lang='lat' dir='ltr'><strong>Dei</strong></span> <span class='ocrx_word' id='word_1_770' title='bbox 1156 2119 1222 2144; x_wconf 89' lang='lat' dir='ltr'><strong>sunt</strong></span> <span class='ocrx_word' id='word_1_771' title='bbox 1244 2114 1374 2151; x_wconf 87' lang='lat' dir='ltr'><strong>loquitur,</strong></span> <span class='ocrx_word' id='word_1_772' title='bbox 1391 2122 1505 2151; x_wconf 86' lang='lat' dir='ltr'><strong>prorsus</strong></span> <span class='ocrx_word' id='word_1_773' title='bbox 1526 2114 1659 2143; x_wconf 85' lang='lat' dir='ltr'><strong>intolera-</strong></span> 
     </span>
    </p>
   </div>
   <div class='ocr_carea' id='block_1_101' title="bbox 864 2159 1373 2198">
    <p class='ocr_par' dir='ltr' id='par_1_101' title="bbox 864 2159 1373 2198">
     <span class='ocr_line' id='line_1_101' title="bbox 864 2159 1373 2198; baseline -0.004 -9"><span class='ocrx_word' id='word_1_774' title='bbox 864 2162 925 2190; x_wconf 88' lang='lat' dir='ltr'><strong>bilis</strong></span> <span class='ocrx_word' id='word_1_775' title='bbox 947 2166 998 2194; x_wconf 81' lang='lat' dir='ltr'><strong>est.</strong></span> <span class='ocrx_word' id='word_1_776' title='bbox 1014 2161 1102 2198; x_wconf 87' lang='lat' dir='ltr'><strong>qualis</strong></span> <span class='ocrx_word' id='word_1_777' title='bbox 1122 2160 1178 2197; x_wconf 90' lang='lat' dir='ltr'><strong>ipse</strong></span> <span class='ocrx_word' id='word_1_778' title='bbox 1198 2160 1242 2188; x_wconf 90' lang='lat' dir='ltr'><strong>hic</strong></span> <span class='ocrx_word' id='word_1_779' title='bbox 1261 2159 1373 2188; x_wconf 84' lang='lat' dir='ltr'><strong>Paulus.</strong></span> 
     </span>
    </p>
   </div>
   <div class='ocr_carea' id='block_1_102' title="bbox 898 2249 1658 2285">
    <p class='ocr_par' dir='ltr' id='par_1_102' title="bbox 898 2249 1658 2285">
     <span class='ocr_line' id='line_1_102' title="bbox 898 2249 1658 2285; baseline -0.003 -5"><span class='ocrx_word' id='word_1_780' title='bbox 898 2254 988 2282; x_wconf 76' lang='lat' dir='ltr'><strong>Vsus.</strong></span> <span class='ocrx_word' id='word_1_781' title='bbox 1006 2255 1048 2280; x_wconf 86' lang='lat'><strong>18.</strong></span> <span class='ocrx_word' id='word_1_782' title='bbox 1062 2263 1075 2277; x_wconf 84' lang='grc'><strong>‹‹</strong></span> <span class='ocrx_word' id='word_1_783' title='bbox 1089 2254 1141 2280; x_wconf 87' lang='lat' dir='ltr'><strong>Per</strong></span> <span class='ocrx_word' id='word_1_784' title='bbox 1156 2258 1270 2280; x_wconf 91' lang='lat' dir='ltr'><strong>omnem</strong></span> <span class='ocrx_word' id='word_1_785' title='bbox 1283 2250 1438 2279; x_wconf 88' lang='lat' dir='ltr'><strong>orationem</strong></span> <span class='ocrx_word' id='word_1_786' title='bbox 1452 2253 1479 2278; x_wconf 91' lang='lat' dir='ltr'><strong>et</strong></span> <span class='ocrx_word' id='word_1_787' title='bbox 1487 2249 1658 2285; x_wconf 87' lang='lat' dir='ltr'><strong>deprecatio-</strong></span> 
     </span>
    </p>
   </div>
   <div class='ocr_carea' id='block_1_103' title="bbox 862 2295 1659 2332">
    <p class='ocr_par' dir='ltr' id='par_1_103' title="bbox 862 2295 1659 2332">
     <span class='ocr_line' id='line_1_103' title="bbox 862 2295 1659 2332; baseline -0.005 -6"><span class='ocrx_word' id='word_1_788' title='bbox 862 2306 926 2326; x_wconf 84' lang='lat' dir='ltr'><strong>nem</strong></span> <span class='ocrx_word' id='word_1_789' title='bbox 945 2302 1055 2326; x_wconf 88' lang='lat' dir='ltr'><strong>orantes</strong></span> <span class='ocrx_word' id='word_1_790' title='bbox 1069 2297 1146 2325; x_wconf 89' lang='lat' dir='ltr'><strong>omni</strong></span> <span class='ocrx_word' id='word_1_791' title='bbox 1165 2301 1288 2332; x_wconf 88' lang='lat' dir='ltr'><strong>tempore</strong></span> <span class='ocrx_word' id='word_1_792' title='bbox 1303 2296 1331 2323; x_wconf 92' lang='lat' dir='ltr'><strong>in</strong></span> <span class='ocrx_word' id='word_1_793' title='bbox 1344 2295 1456 2332; x_wconf 88' lang='lat' dir='ltr'><strong>Spiritu.</strong></span> <span class='ocrx_word' id='word_1_794' title='bbox 1476 2306 1487 2319; x_wconf 70' lang='grc' dir='ltr'><strong>ν</strong></span> <span class='ocrx_word' id='word_1_795' title='bbox 1509 2296 1659 2330; x_wconf 91' lang='lat' dir='ltr'><strong>Postquam</strong></span> 
     </span>
    </p>
   </div>
   <div class='ocr_carea' id='block_1_104' title="bbox 862 2339 1660 2376">
    <p class='ocr_par' dir='ltr' id='par_1_104' title="bbox 862 2339 1660 2376">
     <span class='ocr_line' id='line_1_104' title="bbox 862 2339 1660 2376; baseline -0.005 -5"><span class='ocrx_word' id='word_1_796' title='bbox 862 2343 945 2371; x_wconf 86' lang='lat' dir='ltr'><strong>armis</strong></span> <span class='ocrx_word' id='word_1_797' title='bbox 964 2350 1012 2370; x_wconf 88' lang='lat' dir='ltr'><strong>eos</strong></span> <span class='ocrx_word' id='word_1_798' title='bbox 1034 2341 1132 2376; x_wconf 90' lang='lat' dir='ltr'><strong>induit,</strong></span> <span class='ocrx_word' id='word_1_799' title='bbox 1174 2340 1208 2369; x_wconf 89' lang='lat' dir='ltr'><strong>ad</strong></span> <span class='ocrx_word' id='word_1_800' title='bbox 1246 2341 1442 2376; x_wconf 83' lang='lat' dir='ltr'><strong>imperatorem</strong></span> <span class='ocrx_word' id='word_1_801' title='bbox 1463 2347 1510 2368; x_wconf 90' lang='lat' dir='ltr'><strong>eos</strong></span> <span class='ocrx_word' id='word_1_802' title='bbox 1532 2339 1660 2375; x_wconf 88' lang='lat' dir='ltr'><strong>deinceps</strong></span> 
     </span>
    </p>
   </div>
   <div class='ocr_carea' id='block_1_105' title="bbox 861 2384 1660 2423">
    <p class='ocr_par' dir='ltr' id='par_1_105' title="bbox 861 2384 1660 2423">
     <span class='ocr_line' id='line_1_105' title="bbox 861 2384 1660 2423; baseline -0.004 -8"><span class='ocrx_word' id='word_1_803' title='bbox 861 2387 944 2421; x_wconf 83' lang='lat' dir='ltr'><strong>ducit,</strong></span> <span class='ocrx_word' id='word_1_804' title='bbox 959 2391 989 2415; x_wconf 92' lang='lat' dir='ltr'><strong>ut</strong></span> <span class='ocrx_word' id='word_1_805' title='bbox 1002 2391 1144 2423; x_wconf 89' lang='lat' dir='ltr'><strong>precentur</strong></span> <span class='ocrx_word' id='word_1_806' title='bbox 1156 2393 1222 2414; x_wconf 91' lang='lat' dir='ltr'><strong>eum</strong></span> <span class='ocrx_word' id='word_1_807' title='bbox 1236 2393 1290 2421; x_wconf 90' lang='lat' dir='ltr'><strong>quo</strong></span> <span class='ocrx_word' id='word_1_808' title='bbox 1306 2393 1420 2413; x_wconf 89' lang='lat' dir='ltr'><strong>manum</strong></span> <span class='ocrx_word' id='word_1_809' title='bbox 1435 2384 1566 2420; x_wconf 86' lang='lat' dir='ltr'><strong>porrigat.</strong></span> <span class='ocrx_word' id='word_1_810' title='bbox 1588 2385 1660 2413; x_wconf 89' lang='lat' dir='ltr'><strong>Cum</strong></span> 
     </span>
    </p>
   </div>
   <div class='ocr_carea' id='block_1_106' title="bbox 861 2429 1661 2466">
    <p class='ocr_par' dir='ltr' id='par_1_106' title="bbox 861 2429 1661 2466">
     <span class='ocr_line' id='line_1_106' title="bbox 861 2429 1661 2466; baseline -0.004 -6"><span class='ocrx_word' id='word_1_811' title='bbox 861 2432 933 2460; x_wconf 87' lang='lat' dir='ltr'><strong>enim</strong></span> <span class='ocrx_word' id='word_1_812' title='bbox 953 2431 1078 2465; x_wconf 74' lang='lat' dir='ltr'><strong>dixisset,</strong></span> <span class='ocrx_word' id='word_1_813' title='bbox 1095 2442 1109 2456; x_wconf 73' lang='grc' dir='ltr'>«ι</span> <span class='ocrx_word' id='word_1_814' title='bbox 1136 2430 1260 2458; x_wconf 86' lang='lat' dir='ltr'><strong>Poteritis</strong></span> <span class='ocrx_word' id='word_1_815' title='bbox 1275 2429 1463 2466; x_wconf 83' lang='lat' dir='ltr'><strong>exstinguere;</strong></span> <span class='ocrx_word' id='word_1_816' title='bbox 1481 2441 1494 2454; x_wconf 73' lang='grc' dir='ltr'><strong>ιι</strong></span> <span class='ocrx_word' id='word_1_817' title='bbox 1512 2436 1547 2457; x_wconf 88' lang='lat' dir='ltr'><strong>ne</strong></span> <span class='ocrx_word' id='word_1_818' title='bbox 1558 2429 1661 2458; x_wconf 87' lang='lat' dir='ltr'><strong>inﬂen-</strong></span> 
     </span>
    </p>
   </div>
   <div class='ocr_carea' id='block_1_107' title="bbox 862 2473 1661 2512">
    <p class='ocr_par' dir='ltr' id='par_1_107' title="bbox 862 2473 1661 2512">
     <span class='ocr_line' id='line_1_107' title="bbox 862 2473 1661 2512; baseline -0.003 -8"><span class='ocrx_word' id='word_1_819' title='bbox 862 2481 917 2510; x_wconf 84' lang='lat' dir='ltr'><strong>tur,</strong></span> <span class='ocrx_word' id='word_1_820' title='bbox 936 2475 1035 2512; x_wconf 87' lang='lat' dir='ltr'><strong>inquit,</strong></span> <span class='ocrx_word' id='word_1_821' title='bbox 1055 2476 1113 2503; x_wconf 93' lang='lat' dir='ltr'><strong>Deo</strong></span> <span class='ocrx_word' id='word_1_822' title='bbox 1140 2475 1277 2510; x_wconf 83' lang='lat' dir='ltr'><strong>indigetis,</strong></span> <span class='ocrx_word' id='word_1_823' title='bbox 1305 2478 1334 2502; x_wconf 91' lang='lat' dir='ltr'><strong>et</strong></span> <span class='ocrx_word' id='word_1_824' title='bbox 1355 2482 1410 2501; x_wconf 87' lang='lat' dir='ltr'><strong>una</strong></span> <span class='ocrx_word' id='word_1_825' title='bbox 1435 2481 1500 2502; x_wconf 93' lang='lat' dir='ltr'><strong>cum</strong></span> <span class='ocrx_word' id='word_1_826' title='bbox 1522 2473 1661 2510; x_wconf 72' lang='lat' dir='ltr'><strong>praedictis</strong></span> 
     </span>
    </p>
   </div>
   <div class='ocr_carea' id='block_1_108' title="bbox 862 2518 1659 2555">
    <p class='ocr_par' dir='ltr' id='par_1_108' title="bbox 862 2518 1659 2555">
     <span class='ocr_line' id='line_1_108' title="bbox 862 2518 1659 2555; baseline -0.003 -7"><span class='ocrx_word' id='word_1_827' title='bbox 862 2520 965 2549; x_wconf 84' lang='lat' dir='ltr'><strong>orando</strong></span> <span class='ocrx_word' id='word_1_828' title='bbox 979 2520 1061 2548; x_wconf 85' lang='lat' dir='ltr'><strong>etiam</strong></span> <span class='ocrx_word' id='word_1_829' title='bbox 1073 2528 1133 2548; x_wconf 87' lang='lat' dir='ltr'><strong>rem</strong></span> <span class='ocrx_word' id='word_1_830' title='bbox 1144 2523 1231 2548; x_wconf 88' lang='lat' dir='ltr'><strong>totam</strong></span> <span class='ocrx_word' id='word_1_831' title='bbox 1245 2518 1391 2555; x_wconf 87' lang='lat' dir='ltr'><strong>perﬁcietis</strong></span> <span class='ocrx_word' id='word_1_832' title='bbox 1403 2529 1409 2547; x_wconf 90' lang='lat'>:</span> <span class='ocrx_word' id='word_1_833' title='bbox 1421 2527 1476 2547; x_wconf 91' lang='lat' dir='ltr'><strong>non</strong></span> <span class='ocrx_word' id='word_1_834' title='bbox 1487 2518 1659 2554; x_wconf 90' lang='lat' dir='ltr'><strong>simpliciter,</strong></span> 
     </span>
    </p>
   </div>
   <div class='ocr_carea' id='block_1_109' title="bbox 863 2563 1658 2600">
    <p class='ocr_par' dir='ltr' id='par_1_109' title="bbox 863 2563 1658 2600">
     <span class='ocr_line' id='line_1_109' title="bbox 863 2563 1658 2600; baseline -0.006 -7"><span class='ocrx_word' id='word_1_835' title='bbox 863 2566 921 2600; x_wconf 83' lang='lat' dir='ltr'><strong>sed,</strong></span> <span class='ocrx_word' id='word_1_836' title='bbox 941 2577 953 2590; x_wconf 74' lang='grc' dir='ltr'><strong>ι</strong></span> <span class='ocrx_word' id='word_1_837' title='bbox 971 2566 1023 2593; x_wconf 84' lang='lat' dir='ltr'><strong>Per</strong></span> <span class='ocrx_word' id='word_1_838' title='bbox 1033 2573 1146 2593; x_wconf 90' lang='lat' dir='ltr'><strong>omnem</strong></span> <span class='ocrx_word' id='word_1_839' title='bbox 1161 2564 1315 2593; x_wconf 86' lang='lat' dir='ltr'><strong>orationem</strong></span> <span class='ocrx_word' id='word_1_840' title='bbox 1330 2567 1358 2592; x_wconf 90' lang='lat' dir='ltr'><strong>et</strong></span> <span class='ocrx_word' id='word_1_841' title='bbox 1370 2563 1592 2600; x_wconf 85' lang='lat' dir='ltr'><strong>deprecationem</strong></span> <span class='ocrx_word' id='word_1_842' title='bbox 1603 2582 1611 2596; x_wconf 91' lang='lat'><strong>,</strong></span> <span class='ocrx_word' id='word_1_843' title='bbox 1646 2574 1658 2587; x_wconf 71' lang='grc' dir='ltr'><strong>υ</strong></span> 
     </span>
    </p>
   </div>
   <div class='ocr_carea' id='block_1_110' title="bbox 863 2606 1662 2646">
    <p class='ocr_par' dir='ltr' id='par_1_110' title="bbox 863 2606 1662 2646">
     <span class='ocr_line' id='line_1_110' title="bbox 863 2606 1662 2646; baseline -0.005 -8"><span class='ocrx_word' id='word_1_844' title='bbox 863 2618 926 2638; x_wconf 90' lang='lat' dir='ltr'><strong>cum</strong></span> <span class='ocrx_word' id='word_1_845' title='bbox 952 2610 1018 2638; x_wconf 89' lang='lat' dir='ltr'><strong>ﬂetu</strong></span> <span class='ocrx_word' id='word_1_846' title='bbox 1032 2610 1069 2645; x_wconf 77' lang='lat' dir='ltr'><strong>{et</strong></span> <span class='ocrx_word' id='word_1_847' title='bbox 1100 2610 1218 2646; x_wconf 88' lang='lat' dir='ltr'><strong>pectoris</strong></span> <span class='ocrx_word' id='word_1_848' title='bbox 1240 2608 1412 2643; x_wconf 89' lang='lat' dir='ltr'><strong>contusione,</strong></span> <span class='ocrx_word' id='word_1_849' title='bbox 1435 2615 1499 2636; x_wconf 91' lang='lat' dir='ltr'><strong>cum</strong></span> <span class='ocrx_word' id='word_1_850' title='bbox 1518 2606 1662 2635; x_wconf 83' lang='lat' dir='ltr'><strong>inﬂexione</strong></span> 
     </span>
    </p>
   </div>
   <div class='ocr_carea' id='block_1_111' title="bbox 863 2651 1650 2692">
    <p class='ocr_par' dir='ltr' id='par_1_111' title="bbox 863 2651 1650 2692">
     <span class='ocr_line' id='line_1_111' title="bbox 863 2651 1650 2692; baseline -0.006 -8"><span class='ocrx_word' id='word_1_851' title='bbox 863 2663 995 2692; x_wconf 79' lang='lat' dir='ltr'><strong>genuum,</strong></span> <span class='ocrx_word' id='word_1_852' title='bbox 1009 2653 1091 2691; x_wconf 89' lang='lat' dir='ltr'><strong>idque</strong></span> <span class='ocrx_word' id='word_1_853' title='bbox 1107 2662 1193 2691; x_wconf 78' lang='lat' dir='ltr'><strong>genus</strong></span> <span class='ocrx_word' id='word_1_854' title='bbox 1213 2654 1346 2682; x_wconf 89' lang='lat' dir='ltr'><strong>similibus</strong></span> <span class='ocrx_word' id='word_1_855' title='bbox 1355 2653 1457 2681; x_wconf 82' lang='lat' dir='ltr'><strong>factam</strong></span> <span class='ocrx_word' id='word_1_856' title='bbox 1480 2662 1486 2681; x_wconf 90' lang='lat'><strong>:</strong></span> <span class='ocrx_word' id='word_1_857' title='bbox 1514 2659 1565 2680; x_wconf 88' lang='lat' dir='ltr'><strong>nec</strong></span> <span class='ocrx_word' id='word_1_858' title='bbox 1580 2651 1650 2680; x_wconf 87' lang='lat' dir='ltr'><strong>stati</strong></span> 
     </span>
    </p>
   </div>
   <div class='ocr_carea' id='block_1_112' title="bbox 703 2769 967 2802">
    <p class='ocr_par' dir='ltr' id='par_1_112' title="bbox 703 2769 967 2802">
     <span class='ocr_line' id='line_1_112' title="bbox 703 2769 967 2802; baseline 0.015 -4"><span class='ocrx_word' id='word_1_859' title='bbox 703 2769 796 2799; x_wconf 83' lang='lat' dir='ltr'><strong>Variae</strong></span> <span class='ocrx_word' id='word_1_860' title='bbox 818 2770 967 2802; x_wconf 86' lang='lat' dir='ltr'><strong>lectiones.</strong></span> 
     </span>
    </p>
   </div>
   <div class='ocr_carea' id='block_1_113' title="bbox 45 2826 852 2866">
    <p class='ocr_par' dir='ltr' id='par_1_113' title="bbox 45 2826 852 2866">
     <span class='ocr_line' id='line_1_113' title="bbox 45 2826 852 2866; baseline 0.004 -11"><span class='ocrx_word' id='word_1_861' title='bbox 45 2828 69 2846; x_wconf 70' lang='grc' dir='ltr'><strong><em>κ</em></strong></span> <span class='ocrx_word' id='word_1_862' title='bbox 84 2828 175 2864; x_wconf 72' lang='grc' dir='ltr'>ὅπλον,</span> <span class='ocrx_word' id='word_1_863' title='bbox 187 2827 220 2854; x_wconf 84' lang='grc' dir='ltr'><strong>δι’</strong></span> <span class='ocrx_word' id='word_1_864' title='bbox 232 2826 260 2856; x_wconf 71' lang='grc' dir='ltr'><strong>οὗ</strong></span> <span class='ocrx_word' id='word_1_865' title='bbox 276 2835 305 2858; x_wconf 95' lang='lat' dir='ltr'><strong>o.</strong></span> <span class='ocrx_word' id='word_1_866' title='bbox 341 2827 363 2847; x_wconf 69' lang='lat'><strong>‘7</strong></span> <span class='ocrx_word' id='word_1_867' title='bbox 381 2827 549 2860; x_wconf 78' lang='grc' dir='ltr'>ἀνυπόστατός</span> <span class='ocrx_word' id='word_1_868' title='bbox 560 2837 588 2858; x_wconf 85' lang='grc' dir='ltr'>ο.</span> <span class='ocrx_word' id='word_1_869' title='bbox 625 2828 647 2846; x_wconf 74' lang='grc'><strong>³⁸</strong></span> <span class='ocrx_word' id='word_1_870' title='bbox 659 2829 788 2866; x_wconf 75' lang='grc' dir='ltr'>φυσιωθῶσ</span> <span class='ocrx_word' id='word_1_871' title='bbox 799 2839 807 2855; x_wconf 93' lang='grc' dir='ltr'><strong>ι</strong></span> <span class='ocrx_word' id='word_1_872' title='bbox 821 2836 852 2858; x_wconf 81' lang='grc' dir='ltr'>ο.</span> 
     </span>
    </p>
   </div>
  </div>
