  <div class='ocr_page' id='page_1' title='image "/cluster/home/n/w/nwhite01/storage/ocr_20150623/124/njp.32101010942728/736.png"; bbox 0 0 1886 3082; ppageno 0'>
   <div class='ocr_carea' id='block_1_1' title="bbox 17 152 94 180">
    <p class='ocr_par' dir='ltr' id='par_1_1' title="bbox 17 152 94 180">
     <span class='ocr_line' id='line_1_1' title="bbox 17 152 94 180; baseline -0.026 0"><span class='ocrx_word' id='word_1_1' title='bbox 17 152 94 180; x_wconf 80' lang='lat' dir='ltr'><strong>H37</strong></span> 
     </span>
    </p>
   </div>
   <div class='ocr_carea' id='block_1_2' title="bbox 17 212 834 254">
    <p class='ocr_par' dir='ltr' id='par_1_2' title="bbox 17 212 834 254">
     <span class='ocr_line' id='line_1_2' title="bbox 17 212 834 254; baseline 0.001 -12"><span class='ocrx_word' id='word_1_2' title='bbox 17 214 52 249; x_wconf 89' lang='grc' dir='ltr'><strong>ἢ,</strong></span> <span class='ocrx_word' id='word_1_3' title='bbox 70 214 86 242; x_wconf 81' lang='grc' dir='ltr'><strong>ὃ</strong></span> <span class='ocrx_word' id='word_1_4' title='bbox 117 213 241 254; x_wconf 75' lang='grc' dir='ltr'>ἀδελφὸς</span> <span class='ocrx_word' id='word_1_5' title='bbox 268 213 294 242; x_wconf 79' lang='grc' dir='ltr'>ἐν</span> <span class='ocrx_word' id='word_1_6' title='bbox 316 212 422 253; x_wconf 83' lang='grc' dir='ltr'>Κυρίῳ,</span> <span class='ocrx_word' id='word_1_7' title='bbox 456 212 589 244; x_wconf 74' lang='grc' dir='ltr'><strong>τουτέστιν</strong></span> <span class='ocrx_word' id='word_1_8' title='bbox 612 214 626 242; x_wconf 81' lang='grc' dir='ltr'><strong>ὃ</strong></span> <span class='ocrx_word' id='word_1_9' title='bbox 656 213 834 253; x_wconf 78' lang='grc' dir='ltr'>πνευματικὸς</span> 
     </span>
    </p>
   </div>
   <div class='ocr_carea' id='block_1_3' title="bbox 19 258 156 298">
    <p class='ocr_par' dir='ltr' id='par_1_3' title="bbox 19 258 156 298">
     <span class='ocr_line' id='line_1_3' title="bbox 19 258 156 298; baseline 0.022 -12"><span class='ocrx_word' id='word_1_10' title='bbox 19 258 156 298; x_wconf 76' lang='grc' dir='ltr'>ἀδελφός.</span> 
     </span>
    </p>
   </div>
   <div class='ocr_carea' id='block_1_4' title="bbox 66 347 838 389">
    <p class='ocr_par' dir='ltr' id='par_1_4' title="bbox 66 347 838 389">
     <span class='ocr_line' id='line_1_4' title="bbox 66 347 838 389; baseline 0.003 -11"><span class='ocrx_word' id='word_1_11' title='bbox 66 347 160 378; x_wconf 65' lang='grc' dir='ltr'><strong>((⁸ον</strong></span> <span class='ocrx_word' id='word_1_12' title='bbox 196 347 305 389; x_wconf 80' lang='grc' dir='ltr'>ἔπεμψα</span> <span class='ocrx_word' id='word_1_13' title='bbox 331 348 396 389; x_wconf 86' lang='grc' dir='ltr'>πρὸς</span> <span class='ocrx_word' id='word_1_14' title='bbox 422 349 489 388; x_wconf 73' lang='grc' dir='ltr'>ὑμᾶς</span> <span class='ocrx_word' id='word_1_15' title='bbox 515 349 551 382; x_wconf 85' lang='grc' dir='ltr'><strong>εἰς</strong></span> <span class='ocrx_word' id='word_1_16' title='bbox 586 348 650 378; x_wconf 78' lang='grc' dir='ltr'>αὐτὸ</span> <span class='ocrx_word' id='word_1_17' title='bbox 678 352 770 386; x_wconf 78' lang='grc' dir='ltr'>τοῦτο,</span> <span class='ocrx_word' id='word_1_18' title='bbox 794 349 838 380; x_wconf 77' lang='grc' dir='ltr'><strong>ἵνα</strong></span> 
     </span>
    </p>
   </div>
   <div class='ocr_carea' id='block_1_5' title="bbox 21 393 839 436">
    <p class='ocr_par' dir='ltr' id='par_1_5' title="bbox 21 393 839 436">
     <span class='ocr_line' id='line_1_5' title="bbox 21 393 839 436; baseline 0.001 -13"><span class='ocrx_word' id='word_1_19' title='bbox 21 396 111 432; x_wconf 78' lang='grc' dir='ltr'>γνῶτε</span> <span class='ocrx_word' id='word_1_20' title='bbox 122 393 135 411; x_wconf 86' lang='grc'>⁴</span> <span class='ocrx_word' id='word_1_21' title='bbox 152 393 193 423; x_wconf 82' lang='grc' dir='ltr'><strong>τὰ</strong></span> <span class='ocrx_word' id='word_1_22' title='bbox 220 393 281 433; x_wconf 84' lang='grc' dir='ltr'>περὶ</span> <span class='ocrx_word' id='word_1_23' title='bbox 305 395 383 432; x_wconf 83' lang='grc' dir='ltr'>ἡμῶν</span> <span class='ocrx_word' id='word_1_24' title='bbox 396 393 420 430; x_wconf 80' lang='grc'>⁵,</span> <span class='ocrx_word' id='word_1_25' title='bbox 449 393 494 422; x_wconf 75' lang='grc' dir='ltr'><strong>καὶ</strong></span> <span class='ocrx_word' id='word_1_26' title='bbox 517 393 694 434; x_wconf 75' lang='grc' dir='ltr'><strong>παρακαλέσῃ</strong></span> <span class='ocrx_word' id='word_1_27' title='bbox 709 394 754 428; x_wconf 80' lang='grc' dir='ltr'><strong>τὰς</strong></span> <span class='ocrx_word' id='word_1_28' title='bbox 770 407 839 436; x_wconf 82' lang='grc' dir='ltr'>καρ-</span> 
     </span>
    </p>
   </div>
   <div class='ocr_carea' id='block_1_6' title="bbox 20 437 838 479">
    <p class='ocr_par' dir='ltr' id='par_1_6' title="bbox 20 437 838 479">
     <span class='ocr_line' id='line_1_6' title="bbox 20 437 838 479; baseline 0.004 -12"><span class='ocrx_word' id='word_1_29' title='bbox 20 439 79 472; x_wconf 74' lang='grc' dir='ltr'>δίας</span> <span class='ocrx_word' id='word_1_30' title='bbox 95 439 194 478; x_wconf 78' lang='grc' dir='ltr'>ὑμῶν.</span> <span class='ocrx_word' id='word_1_31' title='bbox 211 449 226 468; x_wconf 77' lang='lat' dir='ltr'><strong>n</strong></span> <span class='ocrx_word' id='word_1_32' title='bbox 245 438 282 468; x_wconf 67' lang='lat'><strong>&#39;0</strong></span> <span class='ocrx_word' id='word_1_33' title='bbox 297 438 371 478; x_wconf 74' lang='grc' dir='ltr'>ἅγιος</span> <span class='ocrx_word' id='word_1_34' title='bbox 383 437 509 474; x_wconf 80' lang='grc' dir='ltr'><strong>Ἰωάννης</strong></span> <span class='ocrx_word' id='word_1_35' title='bbox 521 437 604 473; x_wconf 78' lang='grc' dir='ltr'>οὕτως</span> <span class='ocrx_word' id='word_1_36' title='bbox 619 438 736 479; x_wconf 76' lang='grc' dir='ltr'>ἀνέγνω·</span> <span class='ocrx_word' id='word_1_37' title='bbox 750 450 766 469; x_wconf 83' lang='grc' dir='ltr'><strong>ιι</strong></span> <span class='ocrx_word' id='word_1_38' title='bbox 779 439 838 470; x_wconf 82' lang='grc' dir='ltr'>Ἵνα</span> 
     </span>
    </p>
   </div>
   <div class='ocr_carea' id='block_1_7' title="bbox 21 482 837 524">
    <p class='ocr_par' dir='ltr' id='par_1_7' title="bbox 21 482 837 524">
     <span class='ocr_line' id='line_1_7' title="bbox 21 482 837 524; baseline 0.001 -12"><span class='ocrx_word' id='word_1_39' title='bbox 21 484 109 521; x_wconf 81' lang='grc' dir='ltr'>γνῶτε</span> <span class='ocrx_word' id='word_1_40' title='bbox 141 482 183 512; x_wconf 84' lang='grc' dir='ltr'><strong>τὰ</strong></span> <span class='ocrx_word' id='word_1_41' title='bbox 218 482 279 523; x_wconf 72' lang='grc' dir='ltr'>περὶ</span> <span class='ocrx_word' id='word_1_42' title='bbox 305 485 398 522; x_wconf 86' lang='grc' dir='ltr'>ἡμῶν·</span> <span class='ocrx_word' id='word_1_43' title='bbox 419 496 432 510; x_wconf 75' lang='grc' dir='ltr'>ι»</span> <span class='ocrx_word' id='word_1_44' title='bbox 449 483 602 520; x_wconf 82' lang='grc' dir='ltr'><strong>τουτέστιν,</strong></span> <span class='ocrx_word' id='word_1_45' title='bbox 617 482 660 513; x_wconf 74' lang='grc' dir='ltr'><strong>ἵνα</strong></span> <span class='ocrx_word' id='word_1_46' title='bbox 687 484 837 524; x_wconf 79' lang='grc' dir='ltr'><strong>ἀπαγγείλῃ</strong></span> 
     </span>
    </p>
   </div>
   <div class='ocr_carea' id='block_1_8' title="bbox 22 527 837 570">
    <p class='ocr_par' dir='ltr' id='par_1_8' title="bbox 22 527 837 570">
     <span class='ocr_line' id='line_1_8' title="bbox 22 527 837 570; baseline 0.002 -14"><span class='ocrx_word' id='word_1_47' title='bbox 22 529 86 566; x_wconf 74' lang='grc' dir='ltr'>ὑμῖν</span> <span class='ocrx_word' id='word_1_48' title='bbox 102 527 141 557; x_wconf 82' lang='grc' dir='ltr'><strong>τὰ</strong></span> <span class='ocrx_word' id='word_1_49' title='bbox 157 527 228 568; x_wconf 81' lang='grc' dir='ltr'>περὶ</span> <span class='ocrx_word' id='word_1_50' title='bbox 238 529 302 566; x_wconf 77' lang='grc' dir='ltr'>ἐμοῦ</span> <span class='ocrx_word' id='word_1_51' title='bbox 314 551 322 564; x_wconf 90' lang='grc'><strong>,</strong></span> <span class='ocrx_word' id='word_1_52' title='bbox 332 527 378 557; x_wconf 76' lang='grc' dir='ltr'>καὶ</span> <span class='ocrx_word' id='word_1_53' title='bbox 391 527 429 567; x_wconf 89' lang='grc' dir='ltr'><strong>μὴ</strong></span> <span class='ocrx_word' id='word_1_54' title='bbox 445 529 499 569; x_wconf 68' lang='grc' dir='ltr'>ἀφῇ</span> <span class='ocrx_word' id='word_1_55' title='bbox 514 530 584 566; x_wconf 77' lang='grc' dir='ltr'>ὑμᾶς</span> <span class='ocrx_word' id='word_1_56' title='bbox 598 533 758 558; x_wconf 77' lang='grc' dir='ltr'>καταπεσεῖν</span> <span class='ocrx_word' id='word_1_57' title='bbox 773 528 837 570; x_wconf 79' lang='grc' dir='ltr'>ὑπὲρ</span> 
     </span>
    </p>
   </div>
   <div class='ocr_carea' id='block_1_9' title="bbox 26 572 836 613">
    <p class='ocr_par' dir='ltr' id='par_1_9' title="bbox 26 572 836 613">
     <span class='ocr_line' id='line_1_9' title="bbox 26 572 836 613; baseline 0.005 -12"><span class='ocrx_word' id='word_1_58' title='bbox 26 574 112 611; x_wconf 74' lang='grc' dir='ltr'>ἐμοῦ,</span> <span class='ocrx_word' id='word_1_59' title='bbox 139 574 180 606; x_wconf 83' lang='grc' dir='ltr'>ὡς</span> <span class='ocrx_word' id='word_1_60' title='bbox 214 573 241 602; x_wconf 72' lang='grc' dir='ltr'>ἕν</span> <span class='ocrx_word' id='word_1_61' title='bbox 265 572 356 606; x_wconf 85' lang='grc' dir='ltr'>δεινοῖς</span> <span class='ocrx_word' id='word_1_62' title='bbox 386 573 474 608; x_wconf 83' lang='grc' dir='ltr'>ὄντος,</span> <span class='ocrx_word' id='word_1_63' title='bbox 511 572 558 602; x_wconf 80' lang='grc' dir='ltr'><strong>καὶ</strong></span> <span class='ocrx_word' id='word_1_64' title='bbox 581 572 672 603; x_wconf 81' lang='grc' dir='ltr'>ἅλυσιν</span> <span class='ocrx_word' id='word_1_65' title='bbox 689 576 836 613; x_wconf 76' lang='grc' dir='ltr'>φοροῦντος.</span> 
     </span>
    </p>
   </div>
   <div class='ocr_carea' id='block_1_10' title="bbox 23 616 838 659">
    <p class='ocr_par' dir='ltr' id='par_1_10' title="bbox 23 616 838 659">
     <span class='ocr_line' id='line_1_10' title="bbox 23 616 838 659; baseline 0.002 -13"><span class='ocrx_word' id='word_1_66' title='bbox 23 618 116 647; x_wconf 87' lang='grc' dir='ltr'>Τοῦτο</span> <span class='ocrx_word' id='word_1_67' title='bbox 144 617 177 647; x_wconf 88' lang='grc' dir='ltr'>δὲ</span> <span class='ocrx_word' id='word_1_68' title='bbox 193 616 244 652; x_wconf 81' lang='grc' dir='ltr'><strong>τὴν</strong></span> <span class='ocrx_word' id='word_1_69' title='bbox 258 616 364 655; x_wconf 80' lang='grc' dir='ltr'>ἀγάπην</span> <span class='ocrx_word' id='word_1_70' title='bbox 386 618 476 654; x_wconf 85' lang='grc' dir='ltr'>δηλοῖ,</span> <span class='ocrx_word' id='word_1_71' title='bbox 490 618 538 654; x_wconf 77' lang='grc' dir='ltr'><strong>τὴν</strong></span> <span class='ocrx_word' id='word_1_72' title='bbox 553 629 581 647; x_wconf 83' lang='grc' dir='ltr'><strong>τε</strong></span> <span class='ocrx_word' id='word_1_73' title='bbox 603 618 683 648; x_wconf 77' lang='grc' dir='ltr'>αὐτοῦ</span> <span class='ocrx_word' id='word_1_74' title='bbox 705 617 769 659; x_wconf 79' lang='grc' dir='ltr'>πρὸς</span> <span class='ocrx_word' id='word_1_75' title='bbox 784 619 838 648; x_wconf 80' lang='grc' dir='ltr'><strong>αὐ-</strong></span> 
     </span>
    </p>
   </div>
   <div class='ocr_carea' id='block_1_11' title="bbox 27 662 536 703">
    <p class='ocr_par' dir='ltr' id='par_1_11' title="bbox 27 662 536 703">
     <span class='ocr_line' id='line_1_11' title="bbox 27 662 536 703; baseline 0.004 -12"><span class='ocrx_word' id='word_1_76' title='bbox 27 662 100 700; x_wconf 78' lang='grc' dir='ltr'>τοὺς,</span> <span class='ocrx_word' id='word_1_77' title='bbox 115 663 166 692; x_wconf 80' lang='grc' dir='ltr'><strong>καὶ</strong></span> <span class='ocrx_word' id='word_1_78' title='bbox 180 662 232 700; x_wconf 82' lang='grc' dir='ltr'><strong>τὴν</strong></span> <span class='ocrx_word' id='word_1_79' title='bbox 250 662 356 692; x_wconf 78' lang='grc' dir='ltr'>ἐκείνων</span> <span class='ocrx_word' id='word_1_80' title='bbox 370 662 434 703; x_wconf 80' lang='grc' dir='ltr'>πρὸς</span> <span class='ocrx_word' id='word_1_81' title='bbox 448 663 536 693; x_wconf 76' lang='grc' dir='ltr'>αὐτόν.</span> 
     </span>
    </p>
   </div>
   <div class='ocr_carea' id='block_1_12' title="bbox 72 753 836 795">
    <p class='ocr_par' dir='ltr' id='par_1_12' title="bbox 72 753 836 795">
     <span class='ocr_line' id='line_1_12' title="bbox 72 753 836 795; baseline 0.003 -12"><span class='ocrx_word' id='word_1_82' title='bbox 72 768 83 779; x_wconf 66' lang='grc' dir='ltr'><strong>ιι</strong></span> <span class='ocrx_word' id='word_1_83' title='bbox 102 753 214 794; x_wconf 76' lang='grc' dir='ltr'>Εἰρήνη</span> <span class='ocrx_word' id='word_1_84' title='bbox 230 756 282 788; x_wconf 84' lang='grc' dir='ltr'>τοῖς</span> <span class='ocrx_word' id='word_1_85' title='bbox 298 755 418 795; x_wconf 68' lang='grc' dir='ltr'>ἀδελφοῖς</span> <span class='ocrx_word' id='word_1_86' title='bbox 444 754 488 784; x_wconf 68' lang='grc' dir='ltr'><strong>καὶ</strong></span> <span class='ocrx_word' id='word_1_87' title='bbox 510 755 603 794; x_wconf 67' lang='grc' dir='ltr'>ἀγάπη</span> <span class='ocrx_word' id='word_1_88' title='bbox 620 755 689 794; x_wconf 81' lang='grc' dir='ltr'>μετὰ</span> <span class='ocrx_word' id='word_1_89' title='bbox 705 755 836 794; x_wconf 84' lang='grc' dir='ltr'>πίστεως,</span> 
     </span>
    </p>
   </div>
   <div class='ocr_carea' id='block_1_13' title="bbox 29 799 833 841">
    <p class='ocr_par' dir='ltr' id='par_1_13' title="bbox 29 799 833 841">
     <span class='ocr_line' id='line_1_13' title="bbox 29 799 833 841; baseline 0.004 -14"><span class='ocrx_word' id='word_1_90' title='bbox 29 799 81 827; x_wconf 80' lang='grc' dir='ltr'><strong>ἀπὸ</strong></span> <span class='ocrx_word' id='word_1_91' title='bbox 104 799 182 828; x_wconf 83' lang='grc' dir='ltr'>Θεοῦ</span> <span class='ocrx_word' id='word_1_92' title='bbox 211 799 337 838; x_wconf 85' lang='grc' dir='ltr'>Πατρὸς,</span> <span class='ocrx_word' id='word_1_93' title='bbox 362 799 408 829; x_wconf 80' lang='grc' dir='ltr'><strong>καὶ</strong></span> <span class='ocrx_word' id='word_1_94' title='bbox 438 799 536 840; x_wconf 84' lang='grc' dir='ltr'>Κυρίου</span> <span class='ocrx_word' id='word_1_95' title='bbox 561 799 650 836; x_wconf 82' lang='grc' dir='ltr'>Ἰησοῦ</span> <span class='ocrx_word' id='word_1_96' title='bbox 678 801 804 841; x_wconf 75' lang='grc' dir='ltr'><strong>Χριστοῦ.</strong></span> <span class='ocrx_word' id='word_1_97' title='bbox 819 812 833 830; x_wconf 76' lang='grc' dir='ltr'>ι)</span> 
     </span>
    </p>
   </div>
   <div class='ocr_carea' id='block_1_14' title="bbox 30 843 840 885">
    <p class='ocr_par' dir='ltr' id='par_1_14' title="bbox 30 843 840 885">
     <span class='ocr_line' id='line_1_14' title="bbox 30 843 840 885; baseline 0.004 -13"><span class='ocrx_word' id='word_1_98' title='bbox 30 843 201 883; x_wconf 83' lang='grc' dir='ltr'>Ἐπεύχεται</span> <span class='ocrx_word' id='word_1_99' title='bbox 233 844 321 877; x_wconf 80' lang='grc' dir='ltr'>αὐτοῖς</span> <span class='ocrx_word' id='word_1_100' title='bbox 358 844 464 884; x_wconf 81' lang='grc' dir='ltr'>εἰρήνην</span> <span class='ocrx_word' id='word_1_101' title='bbox 491 844 536 874; x_wconf 82' lang='grc' dir='ltr'><strong>καὶ</strong></span> <span class='ocrx_word' id='word_1_102' title='bbox 561 845 609 881; x_wconf 83' lang='grc' dir='ltr'><strong>τὴν</strong></span> <span class='ocrx_word' id='word_1_103' title='bbox 638 845 706 885; x_wconf 83' lang='grc' dir='ltr'>μετὰ</span> <span class='ocrx_word' id='word_1_104' title='bbox 727 846 840 879; x_wconf 80' lang='grc' dir='ltr'>πίστεως</span> 
     </span>
    </p>
   </div>
   <div class='ocr_carea' id='block_1_15' title="bbox 31 887 837 930">
    <p class='ocr_par' dir='ltr' id='par_1_15' title="bbox 31 887 837 930">
     <span class='ocr_line' id='line_1_15' title="bbox 31 887 837 930; baseline 0.005 -14"><span class='ocrx_word' id='word_1_105' title='bbox 31 887 150 926; x_wconf 74' lang='grc' dir='ltr'>ἀγάπην.</span> <span class='ocrx_word' id='word_1_106' title='bbox 170 889 260 918; x_wconf 79' lang='grc' dir='ltr'>Τοῦτο</span> <span class='ocrx_word' id='word_1_107' title='bbox 282 889 309 918; x_wconf 83' lang='grc' dir='ltr'>δὲ</span> <span class='ocrx_word' id='word_1_108' title='bbox 321 888 439 918; x_wconf 85' lang='grc' dir='ltr'>τοιοῦτόν</span> <span class='ocrx_word' id='word_1_109' title='bbox 454 890 540 925; x_wconf 84' lang='grc' dir='ltr'>ἐστιν,</span> <span class='ocrx_word' id='word_1_110' title='bbox 556 889 625 925; x_wconf 79' lang='grc' dir='ltr'><strong>ἢὸτι</strong></span> <span class='ocrx_word' id='word_1_111' title='bbox 638 889 682 919; x_wconf 79' lang='grc' dir='ltr'><strong>ἵνα</strong></span> <span class='ocrx_word' id='word_1_112' title='bbox 697 889 735 928; x_wconf 86' lang='grc' dir='ltr'><strong>μὴ</strong></span> <span class='ocrx_word' id='word_1_113' title='bbox 749 891 837 930; x_wconf 85' lang='grc' dir='ltr'>ἑτερο-</span> 
     </span>
    </p>
   </div>
   <div class='ocr_carea' id='block_1_16' title="bbox 32 932 838 972">
    <p class='ocr_par' dir='ltr' id='par_1_16' title="bbox 32 932 838 972">
     <span class='ocr_line' id='line_1_16' title="bbox 32 932 838 972; baseline 0.002 -11"><span class='ocrx_word' id='word_1_114' title='bbox 32 932 118 966; x_wconf 75' lang='grc' dir='ltr'>ὂόξους</span> <span class='ocrx_word' id='word_1_115' title='bbox 142 933 306 972; x_wconf 74' lang='grc' dir='ltr'>ἀγαπῶσιν,</span> <span class='ocrx_word' id='word_1_116' title='bbox 328 933 397 964; x_wconf 80' lang='grc' dir='ltr'>ἀλλὰ</span> <span class='ocrx_word' id='word_1_117' title='bbox 422 933 536 972; x_wconf 82' lang='grc' dir='ltr'>μόνους⁶</span> <span class='ocrx_word' id='word_1_118' title='bbox 556 933 678 968; x_wconf 78' lang='grc' dir='ltr'>πιστούς·</span> <span class='ocrx_word' id='word_1_119' title='bbox 697 935 714 970; x_wconf 86' lang='grc' dir='ltr'><strong>ἢ</strong></span> <span class='ocrx_word' id='word_1_120' title='bbox 733 933 773 964; x_wconf 82' lang='grc' dir='ltr'><strong>ὅτι</strong></span> <span class='ocrx_word' id='word_1_121' title='bbox 799 935 838 964; x_wconf 87' lang='grc' dir='ltr'>δεῖ</span> 
     </span>
    </p>
   </div>
   <div class='ocr_carea' id='block_1_17' title="bbox 31 977 835 1020">
    <p class='ocr_par' dir='ltr' id='par_1_17' title="bbox 31 977 835 1020">
     <span class='ocr_line' id='line_1_17' title="bbox 31 977 835 1020; baseline 0.005 -15"><span class='ocrx_word' id='word_1_122' title='bbox 31 977 74 1005; x_wconf 74' lang='grc' dir='ltr'><strong>καὶ</strong></span> <span class='ocrx_word' id='word_1_123' title='bbox 87 977 183 1007; x_wconf 84' lang='grc' dir='ltr'>πίστιν</span> <span class='ocrx_word' id='word_1_124' title='bbox 201 979 274 1018; x_wconf 72' lang='grc' dir='ltr'>ἔχειν</span> <span class='ocrx_word' id='word_1_125' title='bbox 296 978 403 1015; x_wconf 80' lang='grc' dir='ltr'>αὐτοὺς,</span> <span class='ocrx_word' id='word_1_126' title='bbox 428 978 497 1008; x_wconf 79' lang='grc' dir='ltr'>ὥστε</span> <span class='ocrx_word' id='word_1_127' title='bbox 517 978 563 1008; x_wconf 82' lang='grc' dir='ltr'>καὶ</span> <span class='ocrx_word' id='word_1_128' title='bbox 585 980 691 1020; x_wconf 83' lang='grc' dir='ltr'>θαῤῥεῖν</span> <span class='ocrx_word' id='word_1_129' title='bbox 704 980 765 1019; x_wconf 83' lang='grc' dir='ltr'>περὶ</span> <span class='ocrx_word' id='word_1_130' title='bbox 784 980 835 1009; x_wconf 73' lang='grc' dir='ltr'><strong>τῶν</strong></span> 
     </span>
    </p>
   </div>
   <div class='ocr_carea' id='block_1_18' title="bbox 34 1021 836 1064">
    <p class='ocr_par' dir='ltr' id='par_1_18' title="bbox 34 1021 836 1064">
     <span class='ocr_line' id='line_1_18' title="bbox 34 1021 836 1064; baseline 0.004 -14"><span class='ocrx_word' id='word_1_131' title='bbox 34 1021 196 1059; x_wconf 78' lang='grc' dir='ltr'>μελλόντῶν.</span> <span class='ocrx_word' id='word_1_132' title='bbox 237 1023 324 1063; x_wconf 80' lang='grc' dir='ltr'>Χωρὶς</span> <span class='ocrx_word' id='word_1_133' title='bbox 356 1023 407 1063; x_wconf 82' lang='grc' dir='ltr'><strong>γὰρ</strong></span> <span class='ocrx_word' id='word_1_134' title='bbox 442 1023 555 1058; x_wconf 81' lang='grc' dir='ltr'>πίστεως</span> <span class='ocrx_word' id='word_1_135' title='bbox 592 1023 665 1054; x_wconf 80' lang='grc' dir='ltr'>οὐδὲν</span> <span class='ocrx_word' id='word_1_136' title='bbox 695 1025 793 1064; x_wconf 72' lang='grc' dir='ltr'>ὠφελεῖ</span> <span class='ocrx_word' id='word_1_137' title='bbox 819 1026 836 1060; x_wconf 91' lang='grc' dir='ltr'><strong>ἡ</strong></span> 
     </span>
    </p>
   </div>
   <div class='ocr_carea' id='block_1_19' title="bbox 35 1066 838 1109">
    <p class='ocr_par' dir='ltr' id='par_1_19' title="bbox 35 1066 838 1109">
     <span class='ocr_line' id='line_1_19' title="bbox 35 1066 838 1109; baseline 0.005 -15"><span class='ocrx_word' id='word_1_138' title='bbox 35 1066 142 1104; x_wconf 85' lang='grc' dir='ltr'>ἀγάπη,</span> <span class='ocrx_word' id='word_1_139' title='bbox 169 1068 274 1105; x_wconf 79' lang='grc' dir='ltr'>μᾶλλον</span> <span class='ocrx_word' id='word_1_140' title='bbox 283 1067 324 1109; x_wconf 68' lang='grc' dir='ltr'><strong>Δδὲ</strong></span> <span class='ocrx_word' id='word_1_141' title='bbox 344 1068 398 1098; x_wconf 80' lang='grc' dir='ltr'>οὐδ’</span> <span class='ocrx_word' id='word_1_142' title='bbox 421 1067 451 1097; x_wconf 78' lang='grc' dir='ltr'><strong>ἂν</strong></span> <span class='ocrx_word' id='word_1_143' title='bbox 475 1068 576 1108; x_wconf 86' lang='grc' dir='ltr'>γένοιτο</span> <span class='ocrx_word' id='word_1_144' title='bbox 590 1068 682 1109; x_wconf 79' lang='grc' dir='ltr'>ἀγάπη</span> <span class='ocrx_word' id='word_1_145' title='bbox 697 1069 779 1109; x_wconf 76' lang='grc' dir='ltr'>χωρὶς</span> <span class='ocrx_word' id='word_1_146' title='bbox 794 1068 838 1098; x_wconf 86' lang='grc' dir='ltr'>πί-</span> 
     </span>
    </p>
   </div>
   <div class='ocr_carea' id='block_1_20' title="bbox 35 1106 838 1153">
    <p class='ocr_par' dir='ltr' id='par_1_20' title="bbox 35 1106 838 1153">
     <span class='ocr_line' id='line_1_20' title="bbox 35 1106 838 1153; baseline 0.006 -15"><span class='ocrx_word' id='word_1_147' title='bbox 35 1121 124 1144; x_wconf 82' lang='grc' dir='ltr'>στεως.</span> <span class='ocrx_word' id='word_1_148' title='bbox 137 1111 236 1152; x_wconf 62' lang='grc' dir='ltr'>θοπερ</span> <span class='ocrx_word' id='word_1_149' title='bbox 247 1113 259 1130; x_wconf 95' lang='grc'><strong>⁷</strong></span> <span class='ocrx_word' id='word_1_150' title='bbox 275 1106 348 1141; x_wconf 71' lang='grc' dir='ltr'>εἶπεν</span> <span class='ocrx_word' id='word_1_151' title='bbox 369 1106 493 1152; x_wconf 59' lang='grc' dir='ltr'>εἰρήνην,</span> <span class='ocrx_word' id='word_1_152' title='bbox 510 1113 556 1143; x_wconf 84' lang='grc' dir='ltr'>καὶ</span> <span class='ocrx_word' id='word_1_153' title='bbox 634 1106 838 1153; x_wconf 33' lang='grc' dir='ltr'>μετᾶνπίστεως</span> 
     </span>
    </p>
   </div>
   <div class='ocr_carea' id='block_1_21' title="bbox 38 1155 839 1198">
    <p class='ocr_par' dir='ltr' id='par_1_21' title="bbox 38 1155 839 1198">
     <span class='ocr_line' id='line_1_21' title="bbox 38 1155 839 1198; baseline 0.004 -13"><span class='ocrx_word' id='word_1_154' title='bbox 38 1155 150 1194; x_wconf 72' lang='grc' dir='ltr'>ἀγάπην.</span> <span class='ocrx_word' id='word_1_155' title='bbox 178 1156 321 1186; x_wconf 83' lang='grc' dir='ltr'>Διδάσκων</span> <span class='ocrx_word' id='word_1_156' title='bbox 337 1157 364 1186; x_wconf 80' lang='grc' dir='ltr'>δὲ</span> <span class='ocrx_word' id='word_1_157' title='bbox 382 1159 437 1191; x_wconf 76' lang='grc' dir='ltr'><strong>πῶς</strong></span> <span class='ocrx_word' id='word_1_158' title='bbox 459 1157 489 1187; x_wconf 87' lang='grc' dir='ltr'><strong>ἂν</strong></span> <span class='ocrx_word' id='word_1_159' title='bbox 510 1157 611 1196; x_wconf 85' lang='grc' dir='ltr'>γένοιτο</span> <span class='ocrx_word' id='word_1_160' title='bbox 635 1158 720 1198; x_wconf 79' lang='grc' dir='ltr'>αὕτη,</span> <span class='ocrx_word' id='word_1_161' title='bbox 737 1158 839 1197; x_wconf 79' lang='grc' dir='ltr'>ἐπήγα-</span> 
     </span>
    </p>
   </div>
   <div class='ocr_carea' id='block_1_22' title="bbox 36 1200 836 1242">
    <p class='ocr_par' dir='ltr' id='par_1_22' title="bbox 36 1200 836 1242">
     <span class='ocr_line' id='line_1_22' title="bbox 36 1200 836 1242; baseline 0.014 -14"><span class='ocrx_word' id='word_1_162' title='bbox 36 1211 96 1238; x_wconf 82' lang='grc' dir='ltr'>γεν,</span> <span class='ocrx_word' id='word_1_163' title='bbox 118 1200 160 1230; x_wconf 77' lang='grc' dir='ltr'>ὅτι</span> <span class='ocrx_word' id='word_1_164' title='bbox 182 1201 231 1231; x_wconf 81' lang='grc' dir='ltr'><strong>διὰ</strong></span> <span class='ocrx_word' id='word_1_165' title='bbox 246 1204 293 1238; x_wconf 81' lang='grc' dir='ltr'><strong>τῆς</strong></span> <span class='ocrx_word' id='word_1_166' title='bbox 317 1202 433 1241; x_wconf 85' lang='grc' dir='ltr'>ἀγάπης.</span> <span class='ocrx_word' id='word_1_167' title='bbox 448 1202 484 1233; x_wconf 87' lang='grc' dir='ltr'><strong>Ἡ</strong></span> <span class='ocrx_word' id='word_1_168' title='bbox 511 1203 602 1242; x_wconf 78' lang='grc' dir='ltr'>ἀγάπη</span> <span class='ocrx_word' id='word_1_169' title='bbox 629 1202 656 1232; x_wconf 86' lang='grc' dir='ltr'>δὲ</span> <span class='ocrx_word' id='word_1_170' title='bbox 679 1205 750 1241; x_wconf 56' lang='grc' dir='ltr'>πῶς</span> <span class='ocrx_word' id='word_1_171' title='bbox 771 1203 836 1234; x_wconf 73' lang='grc' dir='ltr'>Ἐὰν</span> 
     </span>
    </p>
   </div>
   <div class='ocr_carea' id='block_1_23' title="bbox 38 1245 260 1286">
    <p class='ocr_par' dir='ltr' id='par_1_23' title="bbox 38 1245 260 1286">
     <span class='ocr_line' id='line_1_23' title="bbox 38 1245 260 1286; baseline 0.018 -14"><span class='ocrx_word' id='word_1_172' title='bbox 38 1245 121 1274; x_wconf 77' lang='grc' dir='ltr'>πίστιν</span> <span class='ocrx_word' id='word_1_173' title='bbox 137 1245 260 1286; x_wconf 83' lang='grc' dir='ltr'>ἔχωμεν.</span> 
     </span>
    </p>
   </div>
   <div class='ocr_carea' id='block_1_24' title="bbox 80 1289 837 1332">
    <p class='ocr_par' dir='ltr' id='par_1_24' title="bbox 80 1289 837 1332">
     <span class='ocr_line' id='line_1_24' title="bbox 80 1289 837 1332; baseline 0.003 -12"><span class='ocrx_word' id='word_1_174' title='bbox 80 1301 95 1319; x_wconf 78' lang='grc' dir='ltr'><strong>α</strong></span> <span class='ocrx_word' id='word_1_175' title='bbox 107 1289 144 1321; x_wconf 89' lang='grc' dir='ltr'><strong>Ή</strong></span> <span class='ocrx_word' id='word_1_176' title='bbox 160 1291 243 1332; x_wconf 81' lang='grc' dir='ltr'>χάρις</span> <span class='ocrx_word' id='word_1_177' title='bbox 258 1291 326 1330; x_wconf 70' lang='grc' dir='ltr'>μετὰ</span> <span class='ocrx_word' id='word_1_178' title='bbox 343 1291 449 1321; x_wconf 82' lang='grc' dir='ltr'>πάντων</span> <span class='ocrx_word' id='word_1_179' title='bbox 471 1292 523 1322; x_wconf 74' lang='grc' dir='ltr'><strong>τῶν</strong></span> <span class='ocrx_word' id='word_1_180' title='bbox 539 1293 703 1332; x_wconf 82' lang='grc' dir='ltr'>ἀγαπώντων</span> <span class='ocrx_word' id='word_1_181' title='bbox 718 1293 762 1323; x_wconf 83' lang='grc' dir='ltr'><strong>τὸν</strong></span> <span class='ocrx_word' id='word_1_182' title='bbox 779 1292 837 1324; x_wconf 80' lang='grc' dir='ltr'><strong>Κύ-</strong></span> 
     </span>
    </p>
   </div>
   <div class='ocr_carea' id='block_1_25' title="bbox 41 1336 835 1378">
    <p class='ocr_par' dir='ltr' id='par_1_25' title="bbox 41 1336 835 1378">
     <span class='ocr_line' id='line_1_25' title="bbox 41 1336 835 1378; baseline 0.004 -15"><span class='ocrx_word' id='word_1_183' title='bbox 41 1345 90 1371; x_wconf 84' lang='grc' dir='ltr'>ριον</span> <span class='ocrx_word' id='word_1_184' title='bbox 110 1337 190 1374; x_wconf 84' lang='grc' dir='ltr'>ἡμῶν</span> <span class='ocrx_word' id='word_1_185' title='bbox 217 1336 321 1372; x_wconf 87' lang='grc' dir='ltr'>Ἰησοῦν</span> <span class='ocrx_word' id='word_1_186' title='bbox 342 1337 459 1377; x_wconf 84' lang='grc' dir='ltr'>Χριστὸν</span> <span class='ocrx_word' id='word_1_187' title='bbox 476 1338 502 1367; x_wconf 83' lang='grc' dir='ltr'>ἐν</span> <span class='ocrx_word' id='word_1_188' title='bbox 530 1338 691 1378; x_wconf 63' lang='grc' dir='ltr'>ἀφθαρσίᾳά</span> <span class='ocrx_word' id='word_1_189' title='bbox 706 1338 798 1377; x_wconf 85' lang='grc' dir='ltr'>Ἀμήν.</span> <span class='ocrx_word' id='word_1_190' title='bbox 820 1348 835 1367; x_wconf 72' lang='grc' dir='ltr'>ι)</span> 
     </span>
    </p>
   </div>
   <div class='ocr_carea' id='block_1_26' title="bbox 42 1378 839 1424">
    <p class='ocr_par' dir='ltr' id='par_1_26' title="bbox 42 1378 839 1424">
     <span class='ocr_line' id='line_1_26' title="bbox 42 1378 839 1424; baseline 0.005 -16"><span class='ocrx_word' id='word_1_191' title='bbox 42 1378 168 1410; x_wconf 81' lang='grc' dir='ltr'>Ἐνταῦθα</span> <span class='ocrx_word' id='word_1_192' title='bbox 181 1381 194 1400; x_wconf 76' lang='grc'>8</span> <span class='ocrx_word' id='word_1_193' title='bbox 211 1382 292 1410; x_wconf 87' lang='grc' dir='ltr'>διεῖλε</span> <span class='ocrx_word' id='word_1_194' title='bbox 315 1381 364 1417; x_wconf 83' lang='grc' dir='ltr'><strong>τὴν</strong></span> <span class='ocrx_word' id='word_1_195' title='bbox 381 1382 487 1421; x_wconf 82' lang='grc' dir='ltr'>εἰρήνην</span> <span class='ocrx_word' id='word_1_196' title='bbox 505 1381 559 1412; x_wconf 79' lang='grc' dir='ltr'><strong>ἀπὸ</strong></span> <span class='ocrx_word' id='word_1_197' title='bbox 575 1384 622 1418; x_wconf 80' lang='grc' dir='ltr'><strong>τῆς</strong></span> <span class='ocrx_word' id='word_1_198' title='bbox 642 1383 766 1424; x_wconf 86' lang='grc' dir='ltr'>χάριτος,</span> <span class='ocrx_word' id='word_1_199' title='bbox 785 1383 839 1424; x_wconf 77' lang='grc' dir='ltr'>ἰδία</span> 
     </span>
    </p>
   </div>
   <div class='ocr_carea' id='block_1_27' title="bbox 43 1424 838 1467">
    <p class='ocr_par' dir='ltr' id='par_1_27' title="bbox 43 1424 838 1467">
     <span class='ocr_line' id='line_1_27' title="bbox 43 1424 838 1467; baseline 0.008 -16"><span class='ocrx_word' id='word_1_200' title='bbox 43 1424 90 1456; x_wconf 72' lang='grc' dir='ltr'>Θεὶς</span> <span class='ocrx_word' id='word_1_201' title='bbox 101 1425 271 1466; x_wconf 74' lang='grc' dir='ltr'>ἀμφοτέρας,</span> <span class='ocrx_word' id='word_1_202' title='bbox 298 1425 383 1456; x_wconf 85' lang='grc' dir='ltr'>καίτοι</span> <span class='ocrx_word' id='word_1_203' title='bbox 404 1429 544 1467; x_wconf 74' lang='grc' dir='ltr'>πανταχοῦ</span> <span class='ocrx_word' id='word_1_204' title='bbox 570 1426 722 1458; x_wconf 81' lang='grc' dir='ltr'>συνάπτων.</span> <span class='ocrx_word' id='word_1_205' title='bbox 737 1427 776 1458; x_wconf 83' lang='grc' dir='ltr'>Τὸ</span> <span class='ocrx_word' id='word_1_206' title='bbox 792 1427 817 1457; x_wconf 79' lang='grc' dir='ltr'>δὲ</span> <span class='ocrx_word' id='word_1_207' title='bbox 830 1450 838 1466; x_wconf 88' lang='grc'><strong>,</strong></span> 
     </span>
    </p>
   </div>
   <div class='ocr_carea' id='block_1_28' title="bbox 47 1467 839 1511">
    <p class='ocr_par' dir='ltr' id='par_1_28' title="bbox 47 1467 839 1511">
     <span class='ocr_line' id='line_1_28' title="bbox 47 1467 839 1511; baseline 0.004 -14"><span class='ocrx_word' id='word_1_208' title='bbox 47 1478 59 1495; x_wconf 78' lang='grc' dir='ltr'><strong>α</strong></span> <span class='ocrx_word' id='word_1_209' title='bbox 70 1467 115 1498; x_wconf 82' lang='grc' dir='ltr'><strong>Ἐν</strong></span> <span class='ocrx_word' id='word_1_210' title='bbox 131 1470 284 1510; x_wconf 67' lang='grc' dir='ltr'>ἀφθαρσίᾳ,</span> <span class='ocrx_word' id='word_1_211' title='bbox 307 1482 322 1500; x_wconf 76' lang='grc' dir='ltr'>ι)</span> <span class='ocrx_word' id='word_1_212' title='bbox 348 1470 407 1506; x_wconf 85' lang='grc' dir='ltr'>ἤτοι</span> <span class='ocrx_word' id='word_1_213' title='bbox 425 1472 450 1501; x_wconf 84' lang='grc' dir='ltr'>ἔν</span> <span class='ocrx_word' id='word_1_214' title='bbox 478 1472 653 1510; x_wconf 84' lang='grc' dir='ltr'>κοσμιότητι,</span> <span class='ocrx_word' id='word_1_215' title='bbox 670 1471 687 1508; x_wconf 80' lang='grc' dir='ltr'>ἢ</span> <span class='ocrx_word' id='word_1_216' title='bbox 704 1474 755 1502; x_wconf 79' lang='grc' dir='ltr'><strong>τῶν</strong></span> <span class='ocrx_word' id='word_1_217' title='bbox 773 1474 839 1511; x_wconf 84' lang='grc' dir='ltr'>ἀγα-</span> 
     </span>
    </p>
   </div>
   <div class='ocr_carea' id='block_1_29' title="bbox 45 1513 838 1557">
    <p class='ocr_par' dir='ltr' id='par_1_29' title="bbox 45 1513 838 1557">
     <span class='ocr_line' id='line_1_29' title="bbox 45 1513 838 1557; baseline 0.008 -17"><span class='ocrx_word' id='word_1_218' title='bbox 45 1513 147 1542; x_wconf 74' lang='grc' dir='ltr'>πώντων</span> <span class='ocrx_word' id='word_1_219' title='bbox 162 1514 208 1544; x_wconf 77' lang='grc' dir='ltr'><strong>τὸν</strong></span> <span class='ocrx_word' id='word_1_220' title='bbox 227 1515 344 1554; x_wconf 80' lang='grc' dir='ltr'>Χριστὸν</span> <span class='ocrx_word' id='word_1_221' title='bbox 355 1516 367 1533; x_wconf 73' lang='lat'><strong>9</strong></span> <span class='ocrx_word' id='word_1_222' title='bbox 383 1515 421 1554; x_wconf 86' lang='grc' dir='ltr'><strong>μὴ</strong></span> <span class='ocrx_word' id='word_1_223' title='bbox 440 1518 466 1546; x_wconf 85' lang='grc' dir='ltr'><strong>ἐν</strong></span> <span class='ocrx_word' id='word_1_224' title='bbox 493 1515 601 1557; x_wconf 85' lang='grc' dir='ltr'>πλούτῳ</span> <span class='ocrx_word' id='word_1_225' title='bbox 614 1516 632 1553; x_wconf 81' lang='grc' dir='ltr'>ἢ</span> <span class='ocrx_word' id='word_1_226' title='bbox 648 1518 674 1546; x_wconf 81' lang='grc' dir='ltr'>ἐν</span> <span class='ocrx_word' id='word_1_227' title='bbox 689 1516 762 1557; x_wconf 82' lang='grc' dir='ltr'>δὸξῃ,</span> <span class='ocrx_word' id='word_1_228' title='bbox 778 1518 838 1546; x_wconf 78' lang='grc' dir='ltr'>ἀλλ’</span> 
     </span>
    </p>
   </div>
   <div class='ocr_carea' id='block_1_30' title="bbox 45 1556 838 1601">
    <p class='ocr_par' dir='ltr' id='par_1_30' title="bbox 45 1556 838 1601">
     <span class='ocr_line' id='line_1_30' title="bbox 45 1556 838 1601; baseline 0.005 -16"><span class='ocrx_word' id='word_1_229' title='bbox 45 1556 68 1585; x_wconf 85' lang='grc' dir='ltr'>ἔν</span> <span class='ocrx_word' id='word_1_230' title='bbox 82 1562 132 1592; x_wconf 79' lang='grc' dir='ltr'>τοῖς</span> <span class='ocrx_word' id='word_1_231' title='bbox 154 1559 314 1599; x_wconf 77' lang='grc' dir='ltr'>ἄφθάρτοις,</span> <span class='ocrx_word' id='word_1_232' title='bbox 334 1559 472 1599; x_wconf 71' lang='grc' dir='ltr'>τουτέστι,</span> <span class='ocrx_word' id='word_1_233' title='bbox 489 1560 532 1590; x_wconf 83' lang='grc' dir='ltr'><strong>διὰ</strong></span> <span class='ocrx_word' id='word_1_234' title='bbox 547 1556 591 1590; x_wconf 18' lang='grc' dir='ltr'>τὰν</span> <span class='ocrx_word' id='word_1_235' title='bbox 606 1561 726 1601; x_wconf 74' lang='grc' dir='ltr'>ἄφθαρτα</span> <span class='ocrx_word' id='word_1_236' title='bbox 739 1573 746 1580; x_wconf 90' lang='grc'>·</span> <span class='ocrx_word' id='word_1_237' title='bbox 765 1561 782 1597; x_wconf 83' lang='grc' dir='ltr'>ἢ</span> <span class='ocrx_word' id='word_1_238' title='bbox 798 1562 838 1591; x_wconf 77' lang='grc' dir='ltr'>ὅτι</span> 
     </span>
    </p>
   </div>
   <div class='ocr_carea' id='block_1_31' title="bbox 47 1602 837 1646">
    <p class='ocr_par' dir='ltr' id='par_1_31' title="bbox 47 1602 837 1646">
     <span class='ocr_line' id='line_1_31' title="bbox 47 1602 837 1646; baseline 0.006 -16"><span class='ocrx_word' id='word_1_239' title='bbox 47 1602 176 1640; x_wconf 70' lang='grc' dir='ltr'>ὂᾶγαπῶν</span> <span class='ocrx_word' id='word_1_240' title='bbox 191 1604 238 1633; x_wconf 76' lang='grc' dir='ltr'><strong>τὸν</strong></span> <span class='ocrx_word' id='word_1_241' title='bbox 254 1604 368 1643; x_wconf 84' lang='grc' dir='ltr'>Χριστὸν</span> <span class='ocrx_word' id='word_1_242' title='bbox 391 1605 434 1634; x_wconf 80' lang='grc' dir='ltr'>διὰ</span> <span class='ocrx_word' id='word_1_243' title='bbox 449 1607 494 1640; x_wconf 76' lang='grc' dir='ltr'><strong>τῆς</strong></span> <span class='ocrx_word' id='word_1_244' title='bbox 509 1607 604 1644; x_wconf 75' lang='grc' dir='ltr'>ἀρετῆς</span> <span class='ocrx_word' id='word_1_245' title='bbox 630 1606 708 1635; x_wconf 79' lang='grc' dir='ltr'>αὐτὸν</span> <span class='ocrx_word' id='word_1_246' title='bbox 735 1607 837 1646; x_wconf 76' lang='grc' dir='ltr'>ἀγαπᾷ.</span> 
     </span>
    </p>
   </div>
   <div class='ocr_carea' id='block_1_32' title="bbox 47 1645 837 1691">
    <p class='ocr_par' dir='ltr' id='par_1_32' title="bbox 47 1645 837 1691">
     <span class='ocr_line' id='line_1_32' title="bbox 47 1645 837 1691; baseline 0.006 -16"><span class='ocrx_word' id='word_1_247' title='bbox 47 1645 76 1691; x_wconf 40' lang='lat' dir='ltr'><strong>iii</strong></span> <span class='ocrx_word' id='word_1_248' title='bbox 96 1647 142 1685; x_wconf 82' lang='grc' dir='ltr'>μὲν</span> <span class='ocrx_word' id='word_1_249' title='bbox 155 1648 207 1689; x_wconf 76' lang='grc' dir='ltr'><strong>γὰρ</strong></span> <span class='ocrx_word' id='word_1_250' title='bbox 233 1649 353 1689; x_wconf 79' lang='grc' dir='ltr'>ἁμαρτία</span> <span class='ocrx_word' id='word_1_251' title='bbox 365 1672 372 1686; x_wconf 85' lang='grc'><strong>,</strong></span> <span class='ocrx_word' id='word_1_252' title='bbox 389 1649 483 1690; x_wconf 75' lang='grc' dir='ltr'>φθορά·</span> <span class='ocrx_word' id='word_1_253' title='bbox 499 1653 514 1685; x_wconf 85' lang='grc' dir='ltr'>ἡ</span> <span class='ocrx_word' id='word_1_254' title='bbox 530 1650 557 1679; x_wconf 81' lang='grc' dir='ltr'>δὲ</span> <span class='ocrx_word' id='word_1_255' title='bbox 574 1650 669 1690; x_wconf 78' lang='grc' dir='ltr'>ἀρετὴ,</span> <span class='ocrx_word' id='word_1_256' title='bbox 693 1645 837 1691; x_wconf 79' lang='grc' dir='ltr'>ἀφθαρσία.</span> 
     </span>
    </p>
   </div>
   <div class='ocr_carea' id='block_1_33' title="bbox 48 1689 838 1734">
    <p class='ocr_par' dir='ltr' id='par_1_33' title="bbox 48 1689 838 1734">
     <span class='ocr_line' id='line_1_33' title="bbox 48 1689 838 1734; baseline 0.004 -14"><span class='ocrx_word' id='word_1_257' title='bbox 48 1689 89 1723; x_wconf 83' lang='grc' dir='ltr'>Ὡς</span> <span class='ocrx_word' id='word_1_258' title='bbox 103 1692 153 1733; x_wconf 75' lang='grc' dir='ltr'><strong>γὰρ</strong></span> <span class='ocrx_word' id='word_1_259' title='bbox 176 1693 228 1729; x_wconf 85' lang='grc' dir='ltr'><strong>τὴν</strong></span> <span class='ocrx_word' id='word_1_260' title='bbox 242 1693 371 1734; x_wconf 86' lang='grc' dir='ltr'>παρθένον</span> <span class='ocrx_word' id='word_1_261' title='bbox 387 1694 536 1733; x_wconf 71' lang='grc' dir='ltr'>φθείρεσθαι</span> <span class='ocrx_word' id='word_1_262' title='bbox 555 1689 681 1734; x_wconf 83' lang='grc' dir='ltr'>λέγομεν,</span> <span class='ocrx_word' id='word_1_263' title='bbox 706 1689 775 1725; x_wconf 71' lang='grc' dir='ltr'>οῦτω</span> <span class='ocrx_word' id='word_1_264' title='bbox 794 1695 838 1724; x_wconf 81' lang='grc' dir='ltr'>καὶ</span> 
     </span>
    </p>
   </div>
   <div class='ocr_carea' id='block_1_34' title="bbox 48 1734 836 1780">
    <p class='ocr_par' dir='ltr' id='par_1_34' title="bbox 48 1734 836 1780">
     <span class='ocr_line' id='line_1_34' title="bbox 48 1734 836 1780; baseline 0.004 -16"><span class='ocrx_word' id='word_1_265' title='bbox 48 1734 91 1770; x_wconf 80' lang='grc' dir='ltr'><strong>τὴν</strong></span> <span class='ocrx_word' id='word_1_266' title='bbox 108 1737 209 1777; x_wconf 81' lang='grc' dir='ltr'>ψυχήν·</span> <span class='ocrx_word' id='word_1_267' title='bbox 238 1738 279 1768; x_wconf 84' lang='grc' dir='ltr'><strong>διὸ</strong></span> <span class='ocrx_word' id='word_1_268' title='bbox 313 1738 359 1767; x_wconf 77' lang='grc' dir='ltr'><strong>καὶ</strong></span> <span class='ocrx_word' id='word_1_269' title='bbox 384 1738 506 1772; x_wconf 82' lang='grc' dir='ltr'>Παῦλος·</span> <span class='ocrx_word' id='word_1_270' title='bbox 531 1753 542 1766; x_wconf 86' lang='grc' dir='ltr'><strong>ι</strong></span> <span class='ocrx_word' id='word_1_271' title='bbox 568 1740 673 1775; x_wconf 78' lang='grc' dir='ltr'>Μήπως</span> <span class='ocrx_word' id='word_1_272' title='bbox 702 1741 805 1780; x_wconf 77' lang='grc' dir='ltr'>φθαρῇ,</span> <span class='ocrx_word' id='word_1_273' title='bbox 822 1753 836 1767; x_wconf 76' lang='lat'><strong>»</strong></span> 
     </span>
    </p>
   </div>
   <div class='ocr_carea' id='block_1_35' title="bbox 49 1779 840 1824">
    <p class='ocr_par' dir='ltr' id='par_1_35' title="bbox 49 1779 840 1824">
     <span class='ocr_line' id='line_1_35' title="bbox 49 1779 840 1824; baseline 0.005 -16"><span class='ocrx_word' id='word_1_274' title='bbox 49 1779 126 1824; x_wconf 52' lang='lat' dir='ltr'><strong>pact,</strong></span> <span class='ocrx_word' id='word_1_275' title='bbox 143 1794 157 1809; x_wconf 73' lang='grc' dir='ltr'>ι)</span> <span class='ocrx_word' id='word_1_276' title='bbox 169 1782 203 1811; x_wconf 83' lang='grc' dir='ltr'><strong>τὰ</strong></span> <span class='ocrx_word' id='word_1_277' title='bbox 229 1782 351 1821; x_wconf 78' lang='grc' dir='ltr'>νοήματα</span> <span class='ocrx_word' id='word_1_278' title='bbox 369 1785 460 1824; x_wconf 48' lang='lat' dir='ltr'><strong>oga».-</strong></span> <span class='ocrx_word' id='word_1_279' title='bbox 477 1796 491 1811; x_wconf 72' lang='grc' dir='ltr'><strong>ν</strong></span> <span class='ocrx_word' id='word_1_280' title='bbox 510 1783 552 1813; x_wconf 77' lang='grc' dir='ltr'><strong>καὶ</strong></span> <span class='ocrx_word' id='word_1_281' title='bbox 565 1806 572 1820; x_wconf 88' lang='grc'><strong>,</strong></span> <span class='ocrx_word' id='word_1_282' title='bbox 592 1797 604 1811; x_wconf 77' lang='grc' dir='ltr'><strong>ι</strong></span> <span class='ocrx_word' id='word_1_283' title='bbox 624 1779 840 1824; x_wconf 56' lang='grc' dir='ltr'>Κατεερθαρμένοι</span> 
     </span>
    </p>
   </div>
   <div class='ocr_carea' id='block_1_36' title="bbox 48 1823 839 1868">
    <p class='ocr_par' dir='ltr' id='par_1_36' title="bbox 48 1823 839 1868">
     <span class='ocr_line' id='line_1_36' title="bbox 48 1823 839 1868; baseline 0.011 -18"><span class='ocrx_word' id='word_1_284' title='bbox 48 1823 86 1852; x_wconf 78' lang='grc' dir='ltr'><strong>τὸν</strong></span> <span class='ocrx_word' id='word_1_285' title='bbox 100 1829 168 1856; x_wconf 83' lang='grc' dir='ltr'>νοῦν.</span> <span class='ocrx_word' id='word_1_286' title='bbox 187 1838 201 1856; x_wconf 82' lang='grc' dir='ltr'>ι)</span> <span class='ocrx_word' id='word_1_287' title='bbox 232 1827 339 1858; x_wconf 85' lang='grc' dir='ltr'>Γένοιτο</span> <span class='ocrx_word' id='word_1_288' title='bbox 354 1823 398 1857; x_wconf 66' lang='grc' dir='ltr'><strong>οὖν</strong></span> <span class='ocrx_word' id='word_1_289' title='bbox 420 1827 466 1856; x_wconf 78' lang='grc' dir='ltr'>καὶ</span> <span class='ocrx_word' id='word_1_290' title='bbox 487 1831 559 1866; x_wconf 77' lang='grc' dir='ltr'>ἡμᾶς</span> <span class='ocrx_word' id='word_1_291' title='bbox 574 1829 620 1864; x_wconf 88' lang='grc' dir='ltr'><strong>τὴν</strong></span> <span class='ocrx_word' id='word_1_292' title='bbox 636 1823 758 1868; x_wconf 20' lang='grc' dir='ltr'>πρὸςντὸν</span> <span class='ocrx_word' id='word_1_293' title='bbox 774 1830 839 1868; x_wconf 85' lang='grc' dir='ltr'>Χρι-</span> 
     </span>
    </p>
   </div>
   <div class='ocr_carea' id='block_1_37' title="bbox 50 1868 838 1914">
    <p class='ocr_par' dir='ltr' id='par_1_37' title="bbox 50 1868 838 1914">
     <span class='ocr_line' id='line_1_37' title="bbox 50 1868 838 1914; baseline 0.004 -15"><span class='ocrx_word' id='word_1_294' title='bbox 50 1868 105 1897; x_wconf 72' lang='grc' dir='ltr'>στὸν</span> <span class='ocrx_word' id='word_1_295' title='bbox 130 1871 237 1910; x_wconf 79' lang='grc' dir='ltr'>ἀγάπην</span> <span class='ocrx_word' id='word_1_296' title='bbox 255 1872 399 1909; x_wconf 78' lang='grc' dir='ltr'>δεικνύειν,</span> <span class='ocrx_word' id='word_1_297' title='bbox 416 1872 460 1902; x_wconf 81' lang='grc' dir='ltr'><strong>διά</strong></span> <span class='ocrx_word' id='word_1_298' title='bbox 473 1884 502 1901; x_wconf 78' lang='grc' dir='ltr'><strong>τε</strong></span> <span class='ocrx_word' id='word_1_299' title='bbox 524 1873 698 1911; x_wconf 80' lang='grc' dir='ltr'>κοσμιότητος</span> <span class='ocrx_word' id='word_1_300' title='bbox 715 1874 739 1891; x_wconf 83' lang='grc'><strong>⁴⁰</strong></span> <span class='ocrx_word' id='word_1_301' title='bbox 764 1873 838 1914; x_wconf 84' lang='grc' dir='ltr'>βίου,</span> 
     </span>
    </p>
   </div>
   <div class='ocr_carea' id='block_1_38' title="bbox 50 1913 840 1958">
    <p class='ocr_par' dir='ltr' id='par_1_38' title="bbox 50 1913 840 1958">
     <span class='ocr_line' id='line_1_38' title="bbox 50 1913 840 1958; baseline 0.006 -15"><span class='ocrx_word' id='word_1_302' title='bbox 50 1913 91 1958; x_wconf 48' lang='grc' dir='ltr'><strong>καὶ</strong></span> <span class='ocrx_word' id='word_1_303' title='bbox 109 1915 150 1944; x_wconf 80' lang='grc' dir='ltr'><strong>διὰ</strong></span> <span class='ocrx_word' id='word_1_304' title='bbox 177 1919 222 1946; x_wconf 89' lang='grc' dir='ltr'><strong>τοῦ</strong></span> <span class='ocrx_word' id='word_1_305' title='bbox 244 1916 279 1947; x_wconf 84' lang='grc' dir='ltr'><strong>τὰ</strong></span> <span class='ocrx_word' id='word_1_306' title='bbox 301 1917 422 1958; x_wconf 81' lang='grc' dir='ltr'>ἄφθαρτα</span> <span class='ocrx_word' id='word_1_307' title='bbox 450 1918 536 1946; x_wconf 77' lang='grc' dir='ltr'>ἐκεῖνα</span> <span class='ocrx_word' id='word_1_308' title='bbox 561 1919 648 1954; x_wconf 86' lang='grc' dir='ltr'>ζητεῖν</span> <span class='ocrx_word' id='word_1_309' title='bbox 667 1913 769 1956; x_wconf 59' lang='grc' dir='ltr'>ἀγαθάλ</span> <span class='ocrx_word' id='word_1_310' title='bbox 794 1918 840 1948; x_wconf 74' lang='grc' dir='ltr'><strong>καὶ</strong></span> 
     </span>
    </p>
   </div>
   <div class='ocr_carea' id='block_1_39' title="bbox 51 1955 838 2002">
    <p class='ocr_par' dir='ltr' id='par_1_39' title="bbox 51 1955 838 2002">
     <span class='ocr_line' id='line_1_39' title="bbox 51 1955 838 2002; baseline 0.004 -12"><span class='ocrx_word' id='word_1_311' title='bbox 51 1955 147 2002; x_wconf 32' lang='grc' dir='ltr'><strong>ὅετξλῖἷιῖς,</strong></span> <span class='ocrx_word' id='word_1_312' title='bbox 180 1961 224 1991; x_wconf 83' lang='grc' dir='ltr'><strong>διὰ</strong></span> <span class='ocrx_word' id='word_1_313' title='bbox 250 1955 338 1997; x_wconf 65' lang='grc' dir='ltr'>πάσης</span> <span class='ocrx_word' id='word_1_314' title='bbox 363 1955 409 1997; x_wconf 71' lang='grc' dir='ltr'><strong>τῆς</strong></span> <span class='ocrx_word' id='word_1_315' title='bbox 444 1962 567 2002; x_wconf 73' lang='grc' dir='ltr'>ἐναρέτου</span> <span class='ocrx_word' id='word_1_316' title='bbox 596 1955 745 1999; x_wconf 75' lang='grc' dir='ltr'>πολιτείας,</span> <span class='ocrx_word' id='word_1_317' title='bbox 780 1963 838 1999; x_wconf 74' lang='grc' dir='ltr'>ἥτις</span> 
     </span>
    </p>
   </div>
   <div class='ocr_carea' id='block_1_40' title="bbox 53 2001 838 2047">
    <p class='ocr_par' dir='ltr' id='par_1_40' title="bbox 53 2001 838 2047">
     <span class='ocr_line' id='line_1_40' title="bbox 53 2001 838 2047; baseline 0.008 -17"><span class='ocrx_word' id='word_1_318' title='bbox 53 2001 173 2047; x_wconf 66' lang='grc' dir='ltr'>ᾆρθαρτον</span> <span class='ocrx_word' id='word_1_319' title='bbox 192 2009 268 2046; x_wconf 82' lang='grc' dir='ltr'>τηρεῖ</span> <span class='ocrx_word' id='word_1_320' title='bbox 292 2005 339 2042; x_wconf 80' lang='grc' dir='ltr'><strong>τὴν</strong></span> <span class='ocrx_word' id='word_1_321' title='bbox 366 2007 471 2047; x_wconf 75' lang='grc' dir='ltr'>ψυχὴν,</span> <span class='ocrx_word' id='word_1_322' title='bbox 494 2001 538 2045; x_wconf 77' lang='grc' dir='ltr'><strong>μὴ</strong></span> <span class='ocrx_word' id='word_1_323' title='bbox 571 2007 787 2047; x_wconf 76' lang='grc' dir='ltr'>διαφθειρομένην</span> <span class='ocrx_word' id='word_1_324' title='bbox 812 2009 838 2036; x_wconf 85' lang='grc' dir='ltr'><strong>ἐν</strong></span> 
     </span>
    </p>
   </div>
   <div class='ocr_carea' id='block_1_41' title="bbox 53 2045 839 2092">
    <p class='ocr_par' dir='ltr' id='par_1_41' title="bbox 53 2045 839 2092">
     <span class='ocr_line' id='line_1_41' title="bbox 53 2045 839 2092; baseline 0.011 -19"><span class='ocrx_word' id='word_1_325' title='bbox 53 2045 236 2092; x_wconf 42' lang='grc' dir='ltr'>ἐπιτηδεύμασι</span> <span class='ocrx_word' id='word_1_326' title='bbox 266 2050 312 2080; x_wconf 85' lang='grc' dir='ltr'><strong>καὶ</strong></span> <span class='ocrx_word' id='word_1_327' title='bbox 327 2051 460 2090; x_wconf 81' lang='grc' dir='ltr'>άνομίαις,</span> <span class='ocrx_word' id='word_1_328' title='bbox 478 2052 504 2080; x_wconf 81' lang='grc' dir='ltr'>ἰν</span> <span class='ocrx_word' id='word_1_329' title='bbox 521 2053 593 2092; x_wconf 85' lang='grc' dir='ltr'>αὖτῷ</span> <span class='ocrx_word' id='word_1_330' title='bbox 609 2053 647 2092; x_wconf 78' lang='grc' dir='ltr'><strong>τῷ</strong></span> <span class='ocrx_word' id='word_1_331' title='bbox 663 2053 772 2092; x_wconf 84' lang='grc' dir='ltr'>Χριστῷ</span> <span class='ocrx_word' id='word_1_332' title='bbox 801 2053 839 2092; x_wconf 87' lang='grc' dir='ltr'><strong>τῷ</strong></span> 
     </span>
    </p>
   </div>
   <div class='ocr_carea' id='block_1_42' title="bbox 54 2089 839 2137">
    <p class='ocr_par' dir='ltr' id='par_1_42' title="bbox 54 2089 839 2137">
     <span class='ocr_line' id='line_1_42' title="bbox 54 2089 839 2137; baseline 0.006 -17"><span class='ocrx_word' id='word_1_333' title='bbox 54 2089 183 2137; x_wconf 52' lang='grc' dir='ltr'>ᾇφθάρτῳ-</span> <span class='ocrx_word' id='word_1_334' title='bbox 204 2096 309 2136; x_wconf 79' lang='grc' dir='ltr'>νυμφίῳ</span> <span class='ocrx_word' id='word_1_335' title='bbox 336 2097 387 2125; x_wconf 81' lang='grc' dir='ltr'><strong>τῶν</strong></span> <span class='ocrx_word' id='word_1_336' title='bbox 423 2096 560 2135; x_wconf 83' lang='grc' dir='ltr'>παρθένων</span> <span class='ocrx_word' id='word_1_337' title='bbox 580 2089 639 2126; x_wconf 24' lang='grc' dir='ltr'>νκαί</span> <span class='ocrx_word' id='word_1_338' title='bbox 674 2089 839 2137; x_wconf 74' lang='grc' dir='ltr'>ἀδιαφθόρων</span> 
     </span>
    </p>
   </div>
   <div class='ocr_carea' id='block_1_43' title="bbox 53 2132 838 2206">
    <p class='ocr_par' dir='ltr' id='par_1_43' title="bbox 53 2132 838 2206">
     <span class='ocr_line' id='line_1_43' title="bbox 53 2132 838 2206; baseline 0.005 -39"><span class='ocrx_word' id='word_1_339' title='bbox 53 2134 146 2206; x_wconf 42' lang='grc' dir='ltr'>ζνλῷν.</span> <span class='ocrx_word' id='word_1_340' title='bbox 167 2132 210 2181; x_wconf 57' lang='grc' dir='ltr'><strong>ἓνῼ</strong></span> <span class='ocrx_word' id='word_1_341' title='bbox 236 2141 253 2175; x_wconf 88' lang='grc' dir='ltr'><strong>ἡ</strong></span> <span class='ocrx_word' id='word_1_342' title='bbox 283 2139 345 2175; x_wconf 81' lang='grc' dir='ltr'>δόξα</span> <span class='ocrx_word' id='word_1_343' title='bbox 373 2142 409 2174; x_wconf 85' lang='grc' dir='ltr'><strong>εἰς</strong></span> <span class='ocrx_word' id='word_1_344' title='bbox 440 2139 499 2174; x_wconf 75' lang='grc' dir='ltr'>τοὺς</span> <span class='ocrx_word' id='word_1_345' title='bbox 523 2141 620 2175; x_wconf 81' lang='grc' dir='ltr'>αἰῶνας</span> <span class='ocrx_word' id='word_1_346' title='bbox 647 2143 700 2171; x_wconf 81' lang='grc' dir='ltr'><strong>τῶν</strong></span> <span class='ocrx_word' id='word_1_347' title='bbox 725 2141 838 2172; x_wconf 84' lang='grc' dir='ltr'>αἰώνων.</span> 
     </span>
     <span class='ocr_line' id='line_1_44' title="bbox 81 2191 139 2206; baseline 0 0"><span class='ocrx_word' id='word_1_348' title='bbox 81 2191 139 2206; x_wconf 70' lang='grc' dir='ltr'>ιιην.</span> 
     </span>
    </p>
   </div>
   <div class='ocr_carea' id='block_1_44' title="bbox 81 2191 139 2217">
    <p class='ocr_par' dir='ltr' id='par_1_44' title="bbox 81 2191 139 2217">
     <span class='ocr_line' id='line_1_45' title="bbox 81 2191 139 2217; baseline -0.017 0"><span class='ocrx_word' id='word_1_349' title='bbox 81 2191 139 2217; x_wconf 81' lang='grc' dir='ltr'><strong>μην-</strong></span> 
     </span>
    </p>
   </div>
   <div class='ocr_carea' id='block_1_45' title="bbox 86 2269 585 2309">
    <p class='ocr_par' dir='ltr' id='par_1_45' title="bbox 86 2269 585 2309">
     <span class='ocr_line' id='line_1_46' title="bbox 86 2269 585 2309; baseline 0.014 -12"><span class='ocrx_word' id='word_1_350' title='bbox 86 2276 91 2297; x_wconf 74' lang='lat' dir='ltr'><strong><em>s</em></strong></span> <span class='ocrx_word' id='word_1_351' title='bbox 107 2269 130 2298; x_wconf 95' lang='lat' dir='ltr'><strong>ll</strong></span> <span class='ocrx_word' id='word_1_352' title='bbox 142 2271 202 2300; x_wconf 91' lang='lat' dir='ltr'><strong>Cor.</strong></span> <span class='ocrx_word' id='word_1_353' title='bbox 216 2280 256 2307; x_wconf 70' lang='grc' dir='ltr'><strong>ιι,</strong></span> <span class='ocrx_word' id='word_1_354' title='bbox 273 2275 297 2301; x_wconf 80' lang='lat'><strong>3.</strong></span> <span class='ocrx_word' id='word_1_355' title='bbox 335 2274 349 2291; x_wconf 72' lang='grc' dir='ltr'>ι</span> <span class='ocrx_word' id='word_1_356' title='bbox 361 2274 388 2302; x_wconf 85' lang='grc' dir='ltr'><strong>ιι</strong></span> <span class='ocrx_word' id='word_1_357' title='bbox 397 2273 471 2303; x_wconf 86' lang='lat' dir='ltr'><strong>Tim.</strong></span> <span class='ocrx_word' id='word_1_358' title='bbox 487 2282 536 2309; x_wconf 86' lang='grc' dir='ltr'>ιιι,</span> <span class='ocrx_word' id='word_1_359' title='bbox 556 2277 585 2303; x_wconf 84' lang='grc'><strong>8.</strong></span> 
     </span>
    </p>
   </div>
   <div class='ocr_carea' id='block_1_46' title="bbox 464 149 1231 183">
    <p class='ocr_par' dir='ltr' id='par_1_46' title="bbox 464 149 1231 183">
     <span class='ocr_line' id='line_1_47' title="bbox 464 149 1231 183; baseline 0.007 -5"><span class='ocrx_word' id='word_1_360' title='bbox 464 149 639 178; x_wconf 85' lang='lat' dir='ltr'><strong>EXPOSlTIO</strong></span> <span class='ocrx_word' id='word_1_361' title='bbox 657 149 691 178; x_wconf 85' lang='grc' dir='ltr'><strong>ΙΝ</strong></span> <span class='ocrx_word' id='word_1_362' title='bbox 710 149 816 178; x_wconf 77' lang='lat' dir='ltr'><strong>EPIST.</strong></span> <span class='ocrx_word' id='word_1_363' title='bbox 836 151 882 179; x_wconf 81' lang='lat' dir='ltr'><strong>AD</strong></span> <span class='ocrx_word' id='word_1_364' title='bbox 902 151 1018 181; x_wconf 83' lang='lat' dir='ltr'><strong>EPHES.</strong></span> <span class='ocrx_word' id='word_1_365' title='bbox 1039 168 1073 174; x_wconf 93' lang='lat'><strong>-—</strong></span> <span class='ocrx_word' id='word_1_366' title='bbox 1092 154 1167 183; x_wconf 84' lang='lat' dir='ltr'><strong>CAP.</strong></span> <span class='ocrx_word' id='word_1_367' title='bbox 1186 155 1231 183; x_wconf 77' lang='lat' dir='ltr'><strong>Vl.</strong></span> 
     </span>
    </p>
   </div>
   <div class='ocr_carea' id='block_1_47' title="bbox 1623 159 1690 187">
    <p class='ocr_par' dir='ltr' id='par_1_47' title="bbox 1623 159 1690 187">
     <span class='ocr_line' id='line_1_48' title="bbox 1623 159 1690 187; baseline 0 -1"><span class='ocrx_word' id='word_1_368' title='bbox 1623 159 1690 187; x_wconf 83' lang='lat' dir='ltr'><strong>H38</strong></span> 
     </span>
    </p>
   </div>
   <div class='ocr_carea' id='block_1_48' title="bbox 853 213 1688 256">
    <p class='ocr_par' dir='ltr' id='par_1_48' title="bbox 853 213 1688 256">
     <span class='ocr_line' id='line_1_49' title="bbox 853 213 1688 256; baseline 0.01 -15"><span class='ocrx_word' id='word_1_369' title='bbox 853 216 880 248; x_wconf 76' lang='grc' dir='ltr'><strong>Α</strong></span> <span class='ocrx_word' id='word_1_370' title='bbox 895 213 921 242; x_wconf 90' lang='lat' dir='ltr'><strong>in</strong></span> <span class='ocrx_word' id='word_1_371' title='bbox 936 214 1035 244; x_wconf 88' lang='lat' dir='ltr'><strong>divinis</strong></span> <span class='ocrx_word' id='word_1_372' title='bbox 1050 216 1142 251; x_wconf 88' lang='lat' dir='ltr'><strong>rebus,</strong></span> <span class='ocrx_word' id='word_1_373' title='bbox 1156 225 1213 246; x_wconf 92' lang='lat' dir='ltr'><strong>non</strong></span> <span class='ocrx_word' id='word_1_374' title='bbox 1235 222 1346 255; x_wconf 83' lang='lat' dir='ltr'><strong>propter</strong></span> <span class='ocrx_word' id='word_1_375' title='bbox 1359 219 1479 256; x_wconf 85' lang='lat' dir='ltr'><strong>aliquam</strong></span> <span class='ocrx_word' id='word_1_376' title='bbox 1493 227 1554 248; x_wconf 89' lang='lat' dir='ltr'><strong>rem</strong></span> <span class='ocrx_word' id='word_1_377' title='bbox 1570 220 1688 249; x_wconf 91' lang='lat' dir='ltr'><strong>munda-</strong></span> 
     </span>
    </p>
   </div>
   <div class='ocr_carea' id='block_1_49' title="bbox 892 260 1688 298">
    <p class='ocr_par' dir='ltr' id='par_1_49' title="bbox 892 260 1688 298">
     <span class='ocr_line' id='line_1_50' title="bbox 892 260 1688 298; baseline 0.01 -12"><span class='ocrx_word' id='word_1_378' title='bbox 892 267 966 293; x_wconf 83' lang='lat' dir='ltr'><strong>nam,</strong></span> <span class='ocrx_word' id='word_1_379' title='bbox 982 260 1022 288; x_wconf 85' lang='lat' dir='ltr'><strong>vel</strong></span> <span class='ocrx_word' id='word_1_380' title='bbox 1049 260 1084 289; x_wconf 93' lang='lat' dir='ltr'><strong>ob</strong></span> <span class='ocrx_word' id='word_1_381' title='bbox 1099 263 1259 298; x_wconf 80' lang='lat' dir='ltr'><strong>quampiam</strong></span> <span class='ocrx_word' id='word_1_382' title='bbox 1279 271 1338 292; x_wconf 89' lang='lat' dir='ltr'><strong>rem</strong></span> <span class='ocrx_word' id='word_1_383' title='bbox 1355 268 1535 293; x_wconf 84' lang='lat' dir='ltr'><strong>terrestrem:</strong></span> <span class='ocrx_word' id='word_1_384' title='bbox 1549 265 1590 294; x_wconf 87' lang='lat' dir='ltr'><strong>vel</strong></span> <span class='ocrx_word' id='word_1_385' title='bbox 1603 265 1688 294; x_wconf 80' lang='lat' dir='ltr'><strong>frater</strong></span> 
     </span>
    </p>
   </div>
   <div class='ocr_carea' id='block_1_50' title="bbox 892 303 1488 342">
    <p class='ocr_par' dir='ltr' id='par_1_50' title="bbox 892 303 1488 342">
     <span class='ocr_line' id='line_1_51' title="bbox 892 303 1488 342; baseline 0.008 -10"><span class='ocrx_word' id='word_1_386' title='bbox 892 303 921 332; x_wconf 89' lang='lat' dir='ltr'><strong>iu</strong></span> <span class='ocrx_word' id='word_1_387' title='bbox 936 305 1067 339; x_wconf 87' lang='lat' dir='ltr'><strong>Domino,</strong></span> <span class='ocrx_word' id='word_1_388' title='bbox 1080 306 1155 342; x_wconf 90' lang='lat' dir='ltr'><strong>quod</strong></span> <span class='ocrx_word' id='word_1_389' title='bbox 1168 311 1220 341; x_wconf 88' lang='lat' dir='ltr'><strong>est,</strong></span> <span class='ocrx_word' id='word_1_390' title='bbox 1233 308 1378 342; x_wconf 74' lang='lat' dir='ltr'><strong>rpiritualis</strong></span> <span class='ocrx_word' id='word_1_391' title='bbox 1399 309 1488 338; x_wconf 81' lang='lat' dir='ltr'><strong>frater.</strong></span> 
     </span>
    </p>
   </div>
   <div class='ocr_carea' id='block_1_51' title="bbox 927 350 1686 390">
    <p class='ocr_par' dir='ltr' id='par_1_51' title="bbox 927 350 1686 390">
     <span class='ocr_line' id='line_1_52' title="bbox 927 350 1686 390; baseline 0.008 -13"><span class='ocrx_word' id='word_1_392' title='bbox 927 350 1013 378; x_wconf 79' lang='lat' dir='ltr'><strong>VEns.</strong></span> <span class='ocrx_word' id='word_1_393' title='bbox 1035 354 1078 379; x_wconf 80' lang='lat'><strong>22.</strong></span> <span class='ocrx_word' id='word_1_394' title='bbox 1098 363 1109 375; x_wconf 79' lang='lat'>«</span> <span class='ocrx_word' id='word_1_395' title='bbox 1125 352 1212 386; x_wconf 90' lang='lat' dir='ltr'><strong>Quem</strong></span> <span class='ocrx_word' id='word_1_396' title='bbox 1238 353 1299 381; x_wconf 87' lang='lat' dir='ltr'><strong>misi</strong></span> <span class='ocrx_word' id='word_1_397' title='bbox 1318 353 1353 381; x_wconf 88' lang='lat' dir='ltr'><strong>ad</strong></span> <span class='ocrx_word' id='word_1_398' title='bbox 1365 362 1412 382; x_wconf 90' lang='lat' dir='ltr'><strong>vos</strong></span> <span class='ocrx_word' id='word_1_399' title='bbox 1427 354 1454 382; x_wconf 91' lang='lat' dir='ltr'><strong>in</strong></span> <span class='ocrx_word' id='word_1_400' title='bbox 1469 354 1521 383; x_wconf 90' lang='lat' dir='ltr'><strong>hoc</strong></span> <span class='ocrx_word' id='word_1_401' title='bbox 1535 354 1634 390; x_wconf 87' lang='lat' dir='ltr'><strong>ipsum,</strong></span> <span class='ocrx_word' id='word_1_402' title='bbox 1655 360 1686 383; x_wconf 91' lang='lat' dir='ltr'><strong>ut</strong></span> 
     </span>
    </p>
   </div>
   <div class='ocr_carea' id='block_1_52' title="bbox 892 396 1685 432">
    <p class='ocr_par' dir='ltr' id='par_1_52' title="bbox 892 396 1685 432">
     <span class='ocr_line' id='line_1_53' title="bbox 892 396 1685 432; baseline 0.008 -10"><span class='ocrx_word' id='word_1_403' title='bbox 892 396 1063 431; x_wconf 77' lang='lat' dir='ltr'><strong>cognoscatis</strong></span> <span class='ocrx_word' id='word_1_404' title='bbox 1077 404 1139 432; x_wconf 64' lang='lat' dir='ltr'><strong>qua;</strong></span> <span class='ocrx_word' id='word_1_405' title='bbox 1149 397 1221 424; x_wconf 86' lang='lat' dir='ltr'><strong>circa</strong></span> <span class='ocrx_word' id='word_1_406' title='bbox 1233 405 1285 425; x_wconf 88' lang='lat' dir='ltr'><strong>nos</strong></span> <span class='ocrx_word' id='word_1_407' title='bbox 1294 403 1368 432; x_wconf 85' lang='lat' dir='ltr'><strong>sunt,</strong></span> <span class='ocrx_word' id='word_1_408' title='bbox 1389 402 1416 427; x_wconf 91' lang='lat' dir='ltr'><strong>et</strong></span> <span class='ocrx_word' id='word_1_409' title='bbox 1433 400 1590 427; x_wconf 71' lang='lat' dir='ltr'><strong>consoletur</strong></span> <span class='ocrx_word' id='word_1_410' title='bbox 1603 399 1685 427; x_wconf 87' lang='lat' dir='ltr'><strong>corda</strong></span> 
     </span>
    </p>
   </div>
   <div class='ocr_carea' id='block_1_53' title="bbox 892 441 1686 479">
    <p class='ocr_par' dir='ltr' id='par_1_53' title="bbox 892 441 1686 479">
     <span class='ocr_line' id='line_1_54' title="bbox 892 441 1686 479; baseline 0.006 -13"><span class='ocrx_word' id='word_1_411' title='bbox 892 443 992 468; x_wconf 84' lang='lat' dir='ltr'><strong>vestra.</strong></span> <span class='ocrx_word' id='word_1_412' title='bbox 1009 452 1021 465; x_wconf 73' lang='grc' dir='ltr'><strong>υ</strong></span> <span class='ocrx_word' id='word_1_413' title='bbox 1036 441 1122 470; x_wconf 87' lang='lat' dir='ltr'><strong>Divus</strong></span> <span class='ocrx_word' id='word_1_414' title='bbox 1134 443 1255 470; x_wconf 83' lang='lat' dir='ltr'><strong>Joannes</strong></span> <span class='ocrx_word' id='word_1_415' title='bbox 1269 442 1308 470; x_wconf 91' lang='lat' dir='ltr'><strong>sic</strong></span> <span class='ocrx_word' id='word_1_416' title='bbox 1323 442 1386 479; x_wconf 81' lang='lat' dir='ltr'><strong>legit</strong></span> <span class='ocrx_word' id='word_1_417' title='bbox 1402 452 1408 471; x_wconf 93' lang='lat'>:</span> <span class='ocrx_word' id='word_1_418' title='bbox 1433 454 1445 468; x_wconf 81' lang='grc' dir='ltr'><strong>ι</strong></span> <span class='ocrx_word' id='word_1_419' title='bbox 1464 445 1502 472; x_wconf 91' lang='lat' dir='ltr'><strong>Ut</strong></span> <span class='ocrx_word' id='word_1_420' title='bbox 1513 444 1686 479; x_wconf 79' lang='lat' dir='ltr'><strong>cognoscatis</strong></span> 
     </span>
    </p>
   </div>
   <div class='ocr_carea' id='block_1_54' title="bbox 892 484 1686 522">
    <p class='ocr_par' dir='ltr' id='par_1_54' title="bbox 892 484 1686 522">
     <span class='ocr_line' id='line_1_55' title="bbox 892 484 1686 522; baseline 0.005 -10"><span class='ocrx_word' id='word_1_421' title='bbox 892 491 954 520; x_wconf 73' lang='lat' dir='ltr'><strong>quin</strong></span> <span class='ocrx_word' id='word_1_422' title='bbox 968 484 1039 513; x_wconf 86' lang='lat' dir='ltr'><strong>circa</strong></span> <span class='ocrx_word' id='word_1_423' title='bbox 1052 493 1102 514; x_wconf 89' lang='lat' dir='ltr'><strong>nos</strong></span> <span class='ocrx_word' id='word_1_424' title='bbox 1116 490 1191 520; x_wconf 89' lang='lat' dir='ltr'><strong>sunt,</strong></span> <span class='ocrx_word' id='word_1_425' title='bbox 1205 498 1217 511; x_wconf 67' lang='grc' dir='ltr'><strong>η</strong></span> <span class='ocrx_word' id='word_1_426' title='bbox 1234 486 1286 516; x_wconf 89' lang='lat' dir='ltr'><strong>hoc</strong></span> <span class='ocrx_word' id='word_1_427' title='bbox 1304 491 1356 522; x_wconf 85' lang='lat' dir='ltr'><strong>est,</strong></span> <span class='ocrx_word' id='word_1_428' title='bbox 1372 488 1412 516; x_wconf 93' lang='lat' dir='ltr'><strong>Ut</strong></span> <span class='ocrx_word' id='word_1_429' title='bbox 1431 488 1506 516; x_wconf 85' lang='lat' dir='ltr'><strong>vobis</strong></span> <span class='ocrx_word' id='word_1_430' title='bbox 1519 488 1553 516; x_wconf 83' lang='lat' dir='ltr'><strong>de</strong></span> <span class='ocrx_word' id='word_1_431' title='bbox 1572 496 1619 516; x_wconf 87' lang='lat' dir='ltr'><strong>me</strong></span> <span class='ocrx_word' id='word_1_432' title='bbox 1634 497 1686 516; x_wconf 87' lang='lat' dir='ltr'><strong>an—</strong></span> 
     </span>
    </p>
   </div>
   <div class='ocr_carea' id='block_1_55' title="bbox 890 529 1686 567">
    <p class='ocr_par' dir='ltr' id='par_1_55' title="bbox 890 529 1686 567">
     <span class='ocr_line' id='line_1_56' title="bbox 890 529 1686 567; baseline 0.005 -11"><span class='ocrx_word' id='word_1_433' title='bbox 890 529 1007 564; x_wconf 81' lang='lat' dir='ltr'><strong>nuntiet,</strong></span> <span class='ocrx_word' id='word_1_434' title='bbox 1021 537 1072 558; x_wconf 85' lang='lat' dir='ltr'><strong>nec</strong></span> <span class='ocrx_word' id='word_1_435' title='bbox 1096 530 1167 559; x_wconf 82' lang='lat' dir='ltr'><strong>sinat</strong></span> <span class='ocrx_word' id='word_1_436' title='bbox 1188 539 1236 560; x_wconf 85' lang='lat' dir='ltr'><strong>vos</strong></span> <span class='ocrx_word' id='word_1_437' title='bbox 1255 532 1309 560; x_wconf 91' lang='lat' dir='ltr'><strong>mei</strong></span> <span class='ocrx_word' id='word_1_438' title='bbox 1322 540 1406 560; x_wconf 82' lang='lat' dir='ltr'><strong>causa</strong></span> <span class='ocrx_word' id='word_1_439' title='bbox 1421 532 1613 567; x_wconf 81' lang='lat' dir='ltr'><strong>succumbere,</strong></span> <span class='ocrx_word' id='word_1_440' title='bbox 1642 532 1686 560; x_wconf 89' lang='lat' dir='ltr'><strong>ni-</strong></span> 
     </span>
    </p>
   </div>
   <div class='ocr_carea' id='block_1_56' title="bbox 892 574 1686 614">
    <p class='ocr_par' dir='ltr' id='par_1_56' title="bbox 892 574 1686 614">
     <span class='ocr_line' id='line_1_57' title="bbox 892 574 1686 614; baseline 0.005 -13"><span class='ocrx_word' id='word_1_441' title='bbox 892 574 1014 602; x_wconf 86' lang='lat' dir='ltr'><strong>miumve</strong></span> <span class='ocrx_word' id='word_1_442' title='bbox 1034 575 1201 610; x_wconf 87' lang='lat' dir='ltr'><strong>contristari,</strong></span> <span class='ocrx_word' id='word_1_443' title='bbox 1223 577 1324 613; x_wconf 88' lang='lat' dir='ltr'><strong>quippe</strong></span> <span class='ocrx_word' id='word_1_444' title='bbox 1338 577 1384 613; x_wconf 90' lang='lat' dir='ltr'><strong>qui</strong></span> <span class='ocrx_word' id='word_1_445' title='bbox 1406 577 1464 614; x_wconf 89' lang='lat' dir='ltr'><strong>jam</strong></span> <span class='ocrx_word' id='word_1_446' title='bbox 1484 577 1576 613; x_wconf 78' lang='lat' dir='ltr'><strong>gravia</strong></span> <span class='ocrx_word' id='word_1_447' title='bbox 1591 577 1686 605; x_wconf 89' lang='lat' dir='ltr'><strong>admo-</strong></span> 
     </span>
    </p>
   </div>
   <div class='ocr_carea' id='block_1_57' title="bbox 891 618 1687 657">
    <p class='ocr_par' dir='ltr' id='par_1_57' title="bbox 891 618 1687 657">
     <span class='ocr_line' id='line_1_58' title="bbox 891 618 1687 657; baseline 0.004 -11"><span class='ocrx_word' id='word_1_448' title='bbox 891 618 958 646; x_wconf 87' lang='lat' dir='ltr'><strong>dum</strong></span> <span class='ocrx_word' id='word_1_449' title='bbox 980 619 1078 655; x_wconf 86' lang='lat' dir='ltr'><strong>patiar,</strong></span> <span class='ocrx_word' id='word_1_450' title='bbox 1099 625 1280 657; x_wconf 84' lang='lat' dir='ltr'><strong>catenamque</strong></span> <span class='ocrx_word' id='word_1_451' title='bbox 1298 620 1397 650; x_wconf 84' lang='lat' dir='ltr'><strong>feram.</strong></span> <span class='ocrx_word' id='word_1_452' title='bbox 1428 623 1488 650; x_wconf 86' lang='lat' dir='ltr'><strong>Hoc</strong></span> <span class='ocrx_word' id='word_1_453' title='bbox 1503 626 1595 650; x_wconf 90' lang='lat' dir='ltr'><strong>autem</strong></span> <span class='ocrx_word' id='word_1_454' title='bbox 1622 622 1687 650; x_wconf 87' lang='lat' dir='ltr'><strong>dile-</strong></span> 
     </span>
    </p>
   </div>
   <div class='ocr_carea' id='block_1_58' title="bbox 892 663 1687 703">
    <p class='ocr_par' dir='ltr' id='par_1_58' title="bbox 892 663 1687 703">
     <span class='ocr_line' id='line_1_59' title="bbox 892 663 1687 703; baseline 0.005 -12"><span class='ocrx_word' id='word_1_455' title='bbox 892 663 1010 692; x_wconf 88' lang='lat' dir='ltr'><strong>ctionem</strong></span> <span class='ocrx_word' id='word_1_456' title='bbox 1025 664 1137 700; x_wconf 85' lang='lat' dir='ltr'><strong>indicat,</strong></span> <span class='ocrx_word' id='word_1_457' title='bbox 1152 673 1216 693; x_wconf 91' lang='lat' dir='ltr'><strong>cum</strong></span> <span class='ocrx_word' id='word_1_458' title='bbox 1235 665 1293 702; x_wconf 80' lang='lat' dir='ltr'><strong>ejus</strong></span> <span class='ocrx_word' id='word_1_459' title='bbox 1315 674 1378 703; x_wconf 85' lang='lat' dir='ltr'><strong>erga</strong></span> <span class='ocrx_word' id='word_1_460' title='bbox 1392 666 1475 703; x_wconf 89' lang='lat' dir='ltr'><strong>ipsos,</strong></span> <span class='ocrx_word' id='word_1_461' title='bbox 1493 670 1554 695; x_wconf 92' lang='lat' dir='ltr'><strong>tum</strong></span> <span class='ocrx_word' id='word_1_462' title='bbox 1576 666 1687 695; x_wconf 84' lang='lat' dir='ltr'><strong>illorum</strong></span> 
     </span>
    </p>
   </div>
   <div class='ocr_carea' id='block_1_59' title="bbox 892 709 1074 745">
    <p class='ocr_par' dir='ltr' id='par_1_59' title="bbox 892 709 1074 745">
     <span class='ocr_line' id='line_1_60' title="bbox 892 709 1074 745; baseline 0.011 -9"><span class='ocrx_word' id='word_1_463' title='bbox 892 716 955 744; x_wconf 83' lang='lat' dir='ltr'><strong>erga</strong></span> <span class='ocrx_word' id='word_1_464' title='bbox 975 709 1074 745; x_wconf 87' lang='lat' dir='ltr'><strong>ipsum.</strong></span> 
     </span>
    </p>
   </div>
   <div class='ocr_carea' id='block_1_60' title="bbox 929 755 1688 790">
    <p class='ocr_par' dir='ltr' id='par_1_60' title="bbox 929 755 1688 790">
     <span class='ocr_line' id='line_1_61' title="bbox 929 755 1688 790; baseline 0.004 -9"><span class='ocrx_word' id='word_1_465' title='bbox 929 755 1018 782; x_wconf 73' lang='lat' dir='ltr'><strong>Vrsas.</strong></span> <span class='ocrx_word' id='word_1_466' title='bbox 1033 757 1077 782; x_wconf 82' lang='grc'><strong>23.</strong></span> <span class='ocrx_word' id='word_1_467' title='bbox 1096 767 1107 779; x_wconf 75' lang='grc' dir='ltr'><strong>ιι</strong></span> <span class='ocrx_word' id='word_1_468' title='bbox 1124 757 1177 783; x_wconf 78' lang='lat' dir='ltr'><strong>Pax</strong></span> <span class='ocrx_word' id='word_1_469' title='bbox 1191 755 1331 790; x_wconf 82' lang='lat' dir='ltr'><strong>fratribus,</strong></span> <span class='ocrx_word' id='word_1_470' title='bbox 1357 760 1384 784; x_wconf 89' lang='lat' dir='ltr'><strong>et</strong></span> <span class='ocrx_word' id='word_1_471' title='bbox 1406 755 1525 784; x_wconf 84' lang='lat' dir='ltr'><strong>charitas</strong></span> <span class='ocrx_word' id='word_1_472' title='bbox 1547 765 1611 784; x_wconf 91' lang='lat' dir='ltr'><strong>cum</strong></span> <span class='ocrx_word' id='word_1_473' title='bbox 1634 757 1688 785; x_wconf 84' lang='lat' dir='ltr'><strong>ﬁde</strong></span> 
     </span>
    </p>
   </div>
   <div class='ocr_carea' id='block_1_61' title="bbox 892 799 1688 833">
    <p class='ocr_par' dir='ltr' id='par_1_61' title="bbox 892 799 1688 833">
     <span class='ocr_line' id='line_1_62' title="bbox 892 799 1688 833; baseline 0.006 -8"><span class='ocrx_word' id='word_1_474' title='bbox 892 806 907 826; x_wconf 89' lang='lat' dir='ltr'><strong>a</strong></span> <span class='ocrx_word' id='word_1_475' title='bbox 924 799 982 826; x_wconf 88' lang='lat' dir='ltr'><strong>Deo</strong></span> <span class='ocrx_word' id='word_1_476' title='bbox 997 801 1086 833; x_wconf 82' lang='lat' dir='ltr'><strong>Patre,</strong></span> <span class='ocrx_word' id='word_1_477' title='bbox 1098 805 1126 828; x_wconf 88' lang='lat' dir='ltr'><strong>et</strong></span> <span class='ocrx_word' id='word_1_478' title='bbox 1145 801 1264 829; x_wconf 89' lang='lat' dir='ltr'><strong>Domino</strong></span> <span class='ocrx_word' id='word_1_479' title='bbox 1282 802 1349 829; x_wconf 87' lang='lat' dir='ltr'><strong>Jesu</strong></span> <span class='ocrx_word' id='word_1_480' title='bbox 1364 801 1486 830; x_wconf 90' lang='lat' dir='ltr'><strong>Christo.</strong></span> <span class='ocrx_word' id='word_1_481' title='bbox 1503 813 1516 826; x_wconf 75' lang='grc' dir='ltr'>ι</span> <span class='ocrx_word' id='word_1_482' title='bbox 1535 802 1635 830; x_wconf 85' lang='lat' dir='ltr'><strong>Pacem</strong></span> <span class='ocrx_word' id='word_1_483' title='bbox 1650 802 1688 830; x_wconf 87' lang='lat' dir='ltr'><strong>eis</strong></span> 
     </span>
    </p>
   </div>
   <div class='ocr_carea' id='block_1_62' title="bbox 892 845 1687 881">
    <p class='ocr_par' dir='ltr' id='par_1_62' title="bbox 892 845 1687 881">
     <span class='ocr_line' id='line_1_63' title="bbox 892 845 1687 881; baseline 0.005 -11"><span class='ocrx_word' id='word_1_484' title='bbox 892 847 1012 878; x_wconf 85' lang='lat' dir='ltr'><strong>exoptat,</strong></span> <span class='ocrx_word' id='word_1_485' title='bbox 1034 848 1115 881; x_wconf 87' lang='lat' dir='ltr'><strong>atque</strong></span> <span class='ocrx_word' id='word_1_486' title='bbox 1135 853 1198 873; x_wconf 92' lang='lat' dir='ltr'><strong>cum</strong></span> <span class='ocrx_word' id='word_1_487' title='bbox 1221 845 1273 874; x_wconf 85' lang='lat' dir='ltr'><strong>ﬁde</strong></span> <span class='ocrx_word' id='word_1_488' title='bbox 1299 845 1488 874; x_wconf 76' lang='lat' dir='ltr'><strong>dilectionem.</strong></span> <span class='ocrx_word' id='word_1_489' title='bbox 1517 847 1576 874; x_wconf 87' lang='lat' dir='ltr'><strong>Hoc</strong></span> <span class='ocrx_word' id='word_1_490' title='bbox 1595 850 1687 874; x_wconf 88' lang='lat' dir='ltr'><strong>autem</strong></span> 
     </span>
    </p>
   </div>
   <div class='ocr_carea' id='block_1_63' title="bbox 854 888 1688 926">
    <p class='ocr_par' dir='ltr' id='par_1_63' title="bbox 854 888 1688 926">
     <span class='ocr_line' id='line_1_64' title="bbox 854 888 1688 926; baseline 0.004 -11"><span class='ocrx_word' id='word_1_491' title='bbox 854 889 880 922; x_wconf 80' lang='grc' dir='ltr'><strong><em>Β</em></strong></span> <span class='ocrx_word' id='word_1_492' title='bbox 892 888 944 916; x_wconf 85' lang='lat' dir='ltr'><strong>tale</strong></span> <span class='ocrx_word' id='word_1_493' title='bbox 957 892 1008 922; x_wconf 86' lang='lat' dir='ltr'><strong>est,</strong></span> <span class='ocrx_word' id='word_1_494' title='bbox 1029 890 1067 917; x_wconf 88' lang='lat' dir='ltr'><strong>vel</strong></span> <span class='ocrx_word' id='word_1_495' title='bbox 1086 893 1116 917; x_wconf 92' lang='lat' dir='ltr'><strong>ut</strong></span> <span class='ocrx_word' id='word_1_496' title='bbox 1130 889 1245 918; x_wconf 69' lang='lat' dir='ltr'><strong>diversae</strong></span> <span class='ocrx_word' id='word_1_497' title='bbox 1260 890 1400 926; x_wconf 87' lang='lat' dir='ltr'><strong>opinionis</strong></span> <span class='ocrx_word' id='word_1_498' title='bbox 1421 890 1548 918; x_wconf 87' lang='lat' dir='ltr'><strong>homines</strong></span> <span class='ocrx_word' id='word_1_499' title='bbox 1563 899 1617 918; x_wconf 89' lang='lat' dir='ltr'><strong>non</strong></span> <span class='ocrx_word' id='word_1_500' title='bbox 1630 891 1688 919; x_wconf 92' lang='lat' dir='ltr'><strong>dili-</strong></span> 
     </span>
    </p>
   </div>
   <div class='ocr_carea' id='block_1_64' title="bbox 891 933 1686 970">
    <p class='ocr_par' dir='ltr' id='par_1_64' title="bbox 891 933 1686 970">
     <span class='ocr_line' id='line_1_65' title="bbox 891 933 1686 970; baseline 0.004 -10"><span class='ocrx_word' id='word_1_501' title='bbox 891 937 967 968; x_wconf 82' lang='lat' dir='ltr'><strong>gant,</strong></span> <span class='ocrx_word' id='word_1_502' title='bbox 986 933 1035 961; x_wconf 84' lang='lat' dir='ltr'><strong>sed</strong></span> <span class='ocrx_word' id='word_1_503' title='bbox 1049 934 1123 962; x_wconf 90' lang='lat' dir='ltr'><strong>solos</strong></span> <span class='ocrx_word' id='word_1_504' title='bbox 1143 934 1235 962; x_wconf 84' lang='lat' dir='ltr'><strong>ﬁdeles</strong></span> <span class='ocrx_word' id='word_1_505' title='bbox 1255 944 1262 962; x_wconf 86' lang='lat'>:</span> <span class='ocrx_word' id='word_1_506' title='bbox 1283 935 1323 962; x_wconf 88' lang='lat' dir='ltr'><strong>vel</strong></span> <span class='ocrx_word' id='word_1_507' title='bbox 1343 935 1407 970; x_wconf 87' lang='lat' dir='ltr'><strong>quia</strong></span> <span class='ocrx_word' id='word_1_508' title='bbox 1425 939 1534 970; x_wconf 78' lang='lat' dir='ltr'><strong>oportet</strong></span> <span class='ocrx_word' id='word_1_509' title='bbox 1549 940 1577 963; x_wconf 85' lang='lat' dir='ltr'><strong>et</strong></span> <span class='ocrx_word' id='word_1_510' title='bbox 1604 935 1686 963; x_wconf 82' lang='lat' dir='ltr'><strong>ﬁdem</strong></span> 
     </span>
    </p>
   </div>
   <div class='ocr_carea' id='block_1_65' title="bbox 891 977 1686 1012">
    <p class='ocr_par' dir='ltr' id='par_1_65' title="bbox 891 977 1686 1012">
     <span class='ocr_line' id='line_1_66' title="bbox 891 977 1686 1012; baseline 0.004 -7"><span class='ocrx_word' id='word_1_511' title='bbox 891 977 993 1006; x_wconf 85' lang='lat' dir='ltr'><strong>habere</strong></span> <span class='ocrx_word' id='word_1_512' title='bbox 1012 986 1069 1012; x_wconf 87' lang='lat' dir='ltr'><strong>eos,</strong></span> <span class='ocrx_word' id='word_1_513' title='bbox 1082 979 1157 1006; x_wconf 77' lang='lat' dir='ltr'><strong>little</strong></span> <span class='ocrx_word' id='word_1_514' title='bbox 1174 978 1274 1008; x_wconf 80' lang='lat' dir='ltr'><strong>futuris</strong></span> <span class='ocrx_word' id='word_1_515' title='bbox 1287 979 1437 1007; x_wconf 83' lang='lat' dir='ltr'><strong>conﬁdant.</strong></span> <span class='ocrx_word' id='word_1_516' title='bbox 1452 980 1516 1007; x_wconf 88' lang='lat' dir='ltr'><strong>Siue</strong></span> <span class='ocrx_word' id='word_1_517' title='bbox 1540 979 1595 1007; x_wconf 83' lang='lat' dir='ltr'><strong>ﬁde</strong></span> <span class='ocrx_word' id='word_1_518' title='bbox 1611 981 1686 1008; x_wconf 89' lang='lat' dir='ltr'><strong>enim</strong></span> 
     </span>
    </p>
   </div>
   <div class='ocr_carea' id='block_1_66' title="bbox 889 1022 1688 1060">
    <p class='ocr_par' dir='ltr' id='par_1_66' title="bbox 889 1022 1688 1060">
     <span class='ocr_line' id='line_1_67' title="bbox 889 1022 1688 1060; baseline 0.003 -10"><span class='ocrx_word' id='word_1_519' title='bbox 889 1022 958 1050; x_wconf 86' lang='lat' dir='ltr'><strong>nihil</strong></span> <span class='ocrx_word' id='word_1_520' title='bbox 971 1023 1082 1058; x_wconf 87' lang='lat' dir='ltr'><strong>prodest</strong></span> <span class='ocrx_word' id='word_1_521' title='bbox 1092 1024 1222 1057; x_wconf 84' lang='lat' dir='ltr'><strong>charitas,</strong></span> <span class='ocrx_word' id='word_1_522' title='bbox 1239 1024 1294 1052; x_wconf 92' lang='lat' dir='ltr'><strong>imo</strong></span> <span class='ocrx_word' id='word_1_523' title='bbox 1306 1032 1340 1052; x_wconf 88' lang='lat' dir='ltr'><strong>ne</strong></span> <span class='ocrx_word' id='word_1_524' title='bbox 1354 1023 1464 1052; x_wconf 83' lang='lat' dir='ltr'><strong>dilectio</strong></span> <span class='ocrx_word' id='word_1_525' title='bbox 1478 1024 1590 1060; x_wconf 85' lang='lat' dir='ltr'><strong>quidem</strong></span> <span class='ocrx_word' id='word_1_526' title='bbox 1605 1024 1688 1052; x_wconf 80' lang='lat' dir='ltr'><strong>fuerit</strong></span> 
     </span>
    </p>
   </div>
   <div class='ocr_carea' id='block_1_67' title="bbox 889 1067 1687 1104">
    <p class='ocr_par' dir='ltr' id='par_1_67' title="bbox 889 1067 1687 1104">
     <span class='ocr_line' id='line_1_68' title="bbox 889 1067 1687 1104; baseline 0.003 -10"><span class='ocrx_word' id='word_1_527' title='bbox 889 1067 950 1095; x_wconf 87' lang='lat' dir='ltr'><strong>sine</strong></span> <span class='ocrx_word' id='word_1_528' title='bbox 965 1067 1018 1096; x_wconf 87' lang='lat' dir='ltr'><strong>ﬁde</strong></span> <span class='ocrx_word' id='word_1_529' title='bbox 1035 1078 1041 1096; x_wconf 92' lang='lat'><strong>:</strong></span> <span class='ocrx_word' id='word_1_530' title='bbox 1069 1067 1097 1096; x_wconf 88' lang='lat' dir='ltr'><strong>id</strong></span> <span class='ocrx_word' id='word_1_531' title='bbox 1110 1068 1183 1104; x_wconf 89' lang='lat' dir='ltr'><strong>quod</strong></span> <span class='ocrx_word' id='word_1_532' title='bbox 1199 1076 1294 1104; x_wconf 85' lang='lat' dir='ltr'><strong>pacem</strong></span> <span class='ocrx_word' id='word_1_533' title='bbox 1313 1068 1394 1102; x_wconf 85' lang='lat' dir='ltr'><strong>dixit,</strong></span> <span class='ocrx_word' id='word_1_534' title='bbox 1405 1073 1431 1096; x_wconf 92' lang='lat' dir='ltr'><strong>et</strong></span> <span class='ocrx_word' id='word_1_535' title='bbox 1445 1077 1510 1096; x_wconf 88' lang='lat' dir='ltr'><strong>cum</strong></span> <span class='ocrx_word' id='word_1_536' title='bbox 1533 1068 1586 1096; x_wconf 85' lang='lat' dir='ltr'><strong>lide</strong></span> <span class='ocrx_word' id='word_1_537' title='bbox 1600 1069 1687 1096; x_wconf 86' lang='lat' dir='ltr'><strong>chari-</strong></span> 
     </span>
    </p>
   </div>
   <div class='ocr_carea' id='block_1_68' title="bbox 890 1113 1686 1149">
    <p class='ocr_par' dir='ltr' id='par_1_68' title="bbox 890 1113 1686 1149">
     <span class='ocr_line' id='line_1_69' title="bbox 890 1113 1686 1149; baseline 0.001 -9"><span class='ocrx_word' id='word_1_538' title='bbox 890 1116 986 1140; x_wconf 85' lang='lat' dir='ltr'><strong>tatem.</strong></span> <span class='ocrx_word' id='word_1_539' title='bbox 999 1114 1108 1140; x_wconf 89' lang='lat' dir='ltr'><strong>Docens</strong></span> <span class='ocrx_word' id='word_1_540' title='bbox 1118 1117 1207 1141; x_wconf 86' lang='lat' dir='ltr'><strong>autem</strong></span> <span class='ocrx_word' id='word_1_541' title='bbox 1222 1113 1362 1149; x_wconf 89' lang='lat' dir='ltr'><strong>quomodo</strong></span> <span class='ocrx_word' id='word_1_542' title='bbox 1375 1113 1434 1142; x_wconf 67' lang='lat' dir='ltr'><strong>haec</strong></span> <span class='ocrx_word' id='word_1_543' title='bbox 1445 1113 1500 1148; x_wconf 90' lang='lat' dir='ltr'><strong>ipsa</strong></span> <span class='ocrx_word' id='word_1_544' title='bbox 1512 1114 1570 1148; x_wconf 83' lang='lat' dir='ltr'><strong>ﬁat,</strong></span> <span class='ocrx_word' id='word_1_545' title='bbox 1583 1114 1686 1148; x_wconf 80' lang='lat' dir='ltr'><strong>intulit,</strong></span> 
     </span>
    </p>
   </div>
   <div class='ocr_carea' id='block_1_69' title="bbox 891 1157 1688 1186">
    <p class='ocr_par' dir='ltr' id='par_1_69' title="bbox 891 1157 1688 1186">
     <span class='ocr_line' id='line_1_70' title="bbox 891 1157 1688 1186; baseline 0 0"><span class='ocrx_word' id='word_1_546' title='bbox 891 1159 943 1185; x_wconf 86' lang='lat' dir='ltr'><strong>Per</strong></span> <span class='ocrx_word' id='word_1_547' title='bbox 955 1157 1125 1186; x_wconf 84' lang='lat' dir='ltr'><strong>charitatem.</strong></span> <span class='ocrx_word' id='word_1_548' title='bbox 1143 1160 1179 1186; x_wconf 84' lang='lat' dir='ltr'><strong>At</strong></span> <span class='ocrx_word' id='word_1_549' title='bbox 1200 1157 1271 1186; x_wconf 86' lang='lat' dir='ltr'><strong>unde</strong></span> <span class='ocrx_word' id='word_1_550' title='bbox 1287 1158 1423 1186; x_wconf 79' lang='lat' dir='ltr'><strong>Charitas?</strong></span> <span class='ocrx_word' id='word_1_551' title='bbox 1438 1158 1465 1186; x_wconf 93' lang='lat' dir='ltr'><strong>Si</strong></span> <span class='ocrx_word' id='word_1_552' title='bbox 1482 1157 1565 1186; x_wconf 78' lang='lat' dir='ltr'><strong>[idem</strong></span> <span class='ocrx_word' id='word_1_553' title='bbox 1591 1158 1688 1186; x_wconf 77' lang='lat' dir='ltr'><strong>habes-</strong></span> 
     </span>
    </p>
   </div>
   <div class='ocr_carea' id='block_1_70' title="bbox 893 1210 965 1230">
    <p class='ocr_par' dir='ltr' id='par_1_70' title="bbox 893 1210 965 1230">
     <span class='ocr_line' id='line_1_71' title="bbox 893 1210 965 1230; baseline 0.014 -1"><span class='ocrx_word' id='word_1_554' title='bbox 893 1210 965 1230; x_wconf 87' lang='lat' dir='ltr'><strong>mus.</strong></span> 
     </span>
    </p>
   </div>
   <div class='ocr_carea' id='block_1_71' title="bbox 929 1290 1690 1327">
    <p class='ocr_par' dir='ltr' id='par_1_71' title="bbox 929 1290 1690 1327">
     <span class='ocr_line' id='line_1_72' title="bbox 929 1290 1690 1327; baseline 0 -9"><span class='ocrx_word' id='word_1_555' title='bbox 929 1292 1017 1319; x_wconf 70' lang='lat' dir='ltr'><strong>Vsus.</strong></span> <span class='ocrx_word' id='word_1_556' title='bbox 1037 1293 1082 1319; x_wconf 85' lang='lat'><strong>24.</strong></span> <span class='ocrx_word' id='word_1_557' title='bbox 1107 1303 1119 1315; x_wconf 79' lang='grc' dir='ltr'><strong>α</strong></span> <span class='ocrx_word' id='word_1_558' title='bbox 1143 1291 1237 1319; x_wconf 80' lang='lat' dir='ltr'><strong>Gratia</strong></span> <span class='ocrx_word' id='word_1_559' title='bbox 1264 1299 1329 1319; x_wconf 88' lang='lat' dir='ltr'><strong>cum</strong></span> <span class='ocrx_word' id='word_1_560' title='bbox 1351 1290 1482 1319; x_wconf 89' lang='lat' dir='ltr'><strong>omnibus</strong></span> <span class='ocrx_word' id='word_1_561' title='bbox 1507 1291 1553 1327; x_wconf 88' lang='lat' dir='ltr'><strong>qui</strong></span> <span class='ocrx_word' id='word_1_562' title='bbox 1570 1290 1690 1327; x_wconf 86' lang='lat' dir='ltr'><strong>diligunt</strong></span> 
     </span>
    </p>
   </div>
   <div class='ocr_carea' id='block_1_72' title="bbox 891 1335 1690 1372">
    <p class='ocr_par' dir='ltr' id='par_1_72' title="bbox 891 1335 1690 1372">
     <span class='ocr_line' id='line_1_73' title="bbox 891 1335 1690 1372; baseline 0 -9"><span class='ocrx_word' id='word_1_563' title='bbox 891 1335 1043 1364; x_wconf 85' lang='lat' dir='ltr'><strong>Dominum</strong></span> <span class='ocrx_word' id='word_1_564' title='bbox 1064 1340 1189 1364; x_wconf 86' lang='lat' dir='ltr'><strong>nostrum</strong></span> <span class='ocrx_word' id='word_1_565' title='bbox 1203 1337 1300 1364; x_wconf 85' lang='lat' dir='ltr'><strong>Jcsum</strong></span> <span class='ocrx_word' id='word_1_566' title='bbox 1312 1335 1453 1364; x_wconf 88' lang='lat' dir='ltr'><strong>Christum</strong></span> <span class='ocrx_word' id='word_1_567' title='bbox 1466 1335 1493 1363; x_wconf 90' lang='lat' dir='ltr'><strong>in</strong></span> <span class='ocrx_word' id='word_1_568' title='bbox 1509 1336 1690 1372; x_wconf 86' lang='lat' dir='ltr'><strong>incorruptio-</strong></span> 
     </span>
    </p>
   </div>
   <div class='ocr_carea' id='block_1_73' title="bbox 892 1379 1687 1416">
    <p class='ocr_par' dir='ltr' id='par_1_73' title="bbox 892 1379 1687 1416">
     <span class='ocr_line' id='line_1_74' title="bbox 892 1379 1687 1416; baseline -0.001 -8"><span class='ocrx_word' id='word_1_569' title='bbox 892 1389 937 1409; x_wconf 85' lang='lat' dir='ltr'><strong>ne.</strong></span> <span class='ocrx_word' id='word_1_570' title='bbox 950 1384 1048 1408; x_wconf 88' lang='lat' dir='ltr'><strong>Amen.</strong></span> <span class='ocrx_word' id='word_1_571' title='bbox 1067 1392 1080 1405; x_wconf 77' lang='grc' dir='ltr'><strong>ι</strong></span> <span class='ocrx_word' id='word_1_572' title='bbox 1092 1380 1145 1408; x_wconf 81' lang='lat' dir='ltr'><strong>Hic</strong></span> <span class='ocrx_word' id='word_1_573' title='bbox 1161 1388 1253 1416; x_wconf 88' lang='lat' dir='ltr'><strong>pacem</strong></span> <span class='ocrx_word' id='word_1_574' title='bbox 1271 1388 1285 1407; x_wconf 87' lang='lat' dir='ltr'><strong>a</strong></span> <span class='ocrx_word' id='word_1_575' title='bbox 1303 1380 1390 1416; x_wconf 84' lang='lat' dir='ltr'><strong>gratia</strong></span> <span class='ocrx_word' id='word_1_576' title='bbox 1409 1379 1564 1415; x_wconf 84' lang='lat' dir='ltr'><strong>distinguit,</strong></span> <span class='ocrx_word' id='word_1_577' title='bbox 1580 1383 1687 1408; x_wconf 83' lang='lat' dir='ltr'><strong>utram-</strong></span> 
     </span>
    </p>
   </div>
   <div class='ocr_carea' id='block_1_74' title="bbox 893 1423 1685 1462">
    <p class='ocr_par' dir='ltr' id='par_1_74' title="bbox 893 1423 1685 1462">
     <span class='ocr_line' id='line_1_75' title="bbox 893 1423 1685 1462; baseline -0.004 -8"><span class='ocrx_word' id='word_1_578' title='bbox 893 1433 947 1462; x_wconf 87' lang='lat' dir='ltr'><strong>que</strong></span> <span class='ocrx_word' id='word_1_579' title='bbox 959 1425 1076 1454; x_wconf 87' lang='lat' dir='ltr'><strong>seorsim</strong></span> <span class='ocrx_word' id='word_1_580' title='bbox 1091 1432 1204 1461; x_wconf 83' lang='lat' dir='ltr'><strong>ponens,</strong></span> <span class='ocrx_word' id='word_1_581' title='bbox 1221 1424 1326 1452; x_wconf 87' lang='lat' dir='ltr'><strong>etiamsi</strong></span> <span class='ocrx_word' id='word_1_582' title='bbox 1342 1423 1442 1460; x_wconf 88' lang='lat' dir='ltr'><strong>ubique</strong></span> <span class='ocrx_word' id='word_1_583' title='bbox 1454 1424 1520 1452; x_wconf 88' lang='lat' dir='ltr'><strong>alias</strong></span> <span class='ocrx_word' id='word_1_584' title='bbox 1532 1428 1685 1452; x_wconf 86' lang='lat' dir='ltr'><strong>connectat.</strong></span> 
     </span>
    </p>
   </div>
   <div class='ocr_carea' id='block_1_75' title="bbox 895 1469 1690 1505">
    <p class='ocr_par' dir='ltr' id='par_1_75' title="bbox 895 1469 1690 1505">
     <span class='ocr_line' id='line_1_76' title="bbox 895 1469 1690 1505; baseline 0 -9"><span class='ocrx_word' id='word_1_585' title='bbox 895 1469 963 1498; x_wconf 89' lang='lat' dir='ltr'><strong>Illud</strong></span> <span class='ocrx_word' id='word_1_586' title='bbox 988 1478 1063 1498; x_wconf 84' lang='lat' dir='ltr'><strong>vero.</strong></span> <span class='ocrx_word' id='word_1_587' title='bbox 1092 1479 1105 1496; x_wconf 76' lang='grc' dir='ltr'><strong>α</strong></span> <span class='ocrx_word' id='word_1_588' title='bbox 1134 1470 1164 1496; x_wconf 89' lang='lat' dir='ltr'><strong>In</strong></span> <span class='ocrx_word' id='word_1_589' title='bbox 1190 1469 1410 1504; x_wconf 87' lang='lat' dir='ltr'><strong>incorruptione,</strong></span> <span class='ocrx_word' id='word_1_590' title='bbox 1437 1478 1451 1495; x_wconf 74' lang='grc' dir='ltr'>ι»</span> <span class='ocrx_word' id='word_1_591' title='bbox 1477 1469 1532 1496; x_wconf 87' lang='lat' dir='ltr'><strong>sive</strong></span> <span class='ocrx_word' id='word_1_592' title='bbox 1559 1469 1690 1505; x_wconf 76' lang='lat' dir='ltr'><strong>puritate,</strong></span> 
     </span>
    </p>
   </div>
   <div class='ocr_carea' id='block_1_76' title="bbox 895 1512 1689 1550">
    <p class='ocr_par' dir='ltr' id='par_1_76' title="bbox 895 1512 1689 1550">
     <span class='ocr_line' id='line_1_77' title="bbox 895 1512 1689 1550; baseline -0.003 -8"><span class='ocrx_word' id='word_1_593' title='bbox 895 1514 973 1547; x_wconf 87' lang='lat' dir='ltr'><strong>dicit,</strong></span> <span class='ocrx_word' id='word_1_594' title='bbox 992 1515 1033 1542; x_wconf 88' lang='lat' dir='ltr'><strong>vel</strong></span> <span class='ocrx_word' id='word_1_595' title='bbox 1047 1513 1216 1550; x_wconf 84' lang='lat' dir='ltr'><strong>diligentium</strong></span> <span class='ocrx_word' id='word_1_596' title='bbox 1235 1512 1388 1546; x_wconf 83' lang='lat' dir='ltr'><strong>Christum,</strong></span> <span class='ocrx_word' id='word_1_597' title='bbox 1411 1521 1466 1540; x_wconf 93' lang='lat' dir='ltr'><strong>non</strong></span> <span class='ocrx_word' id='word_1_598' title='bbox 1488 1513 1516 1540; x_wconf 89' lang='lat' dir='ltr'><strong>in</strong></span> <span class='ocrx_word' id='word_1_599' title='bbox 1531 1512 1631 1540; x_wconf 87' lang='lat' dir='ltr'><strong>divitiis</strong></span> <span class='ocrx_word' id='word_1_600' title='bbox 1642 1518 1689 1541; x_wconf 83' lang='lat' dir='ltr'><strong>aut</strong></span> 
     </span>
    </p>
   </div>
   <div class='ocr_carea' id='block_1_77' title="bbox 895 1557 1690 1595">
    <p class='ocr_par' dir='ltr' id='par_1_77' title="bbox 895 1557 1690 1595">
     <span class='ocr_line' id='line_1_78' title="bbox 895 1557 1690 1595; baseline -0.001 -9"><span class='ocrx_word' id='word_1_601' title='bbox 895 1559 992 1595; x_wconf 76' lang='lat' dir='ltr'><strong>gloria,</strong></span> <span class='ocrx_word' id='word_1_602' title='bbox 1018 1557 1065 1586; x_wconf 86' lang='lat' dir='ltr'><strong>sed</strong></span> <span class='ocrx_word' id='word_1_603' title='bbox 1084 1559 1111 1586; x_wconf 92' lang='lat' dir='ltr'><strong>in</strong></span> <span class='ocrx_word' id='word_1_604' title='bbox 1132 1557 1395 1594; x_wconf 88' lang='lat' dir='ltr'><strong>iucorruptibilibus,</strong></span> <span class='ocrx_word' id='word_1_605' title='bbox 1420 1557 1473 1585; x_wconf 83' lang='lat' dir='ltr'><strong>hoc</strong></span> <span class='ocrx_word' id='word_1_606' title='bbox 1498 1561 1549 1589; x_wconf 85' lang='lat' dir='ltr'><strong>est,</strong></span> <span class='ocrx_word' id='word_1_607' title='bbox 1578 1561 1690 1593; x_wconf 72' lang='lat' dir='ltr'><strong>propter</strong></span> 
     </span>
    </p>
   </div>
   <div class='ocr_carea' id='block_1_78' title="bbox 892 1603 1690 1642">
    <p class='ocr_par' dir='ltr' id='par_1_78' title="bbox 892 1603 1690 1642">
     <span class='ocr_line' id='line_1_79' title="bbox 892 1603 1690 1642; baseline -0.004 -8"><span class='ocrx_word' id='word_1_608' title='bbox 892 1605 1119 1642; x_wconf 82' lang='lat' dir='ltr'><strong>iucorruptibilia;</strong></span> <span class='ocrx_word' id='word_1_609' title='bbox 1137 1605 1177 1632; x_wconf 82' lang='lat' dir='ltr'><strong>vel</strong></span> <span class='ocrx_word' id='word_1_610' title='bbox 1198 1605 1260 1641; x_wconf 86' lang='lat' dir='ltr'><strong>quia</strong></span> <span class='ocrx_word' id='word_1_611' title='bbox 1279 1604 1395 1640; x_wconf 77' lang='lat' dir='ltr'><strong>diligens</strong></span> <span class='ocrx_word' id='word_1_612' title='bbox 1408 1603 1559 1636; x_wconf 87' lang='lat' dir='ltr'><strong>Christum,</strong></span> <span class='ocrx_word' id='word_1_613' title='bbox 1580 1608 1690 1639; x_wconf 82' lang='lat' dir='ltr'><strong>propter</strong></span> 
     </span>
    </p>
   </div>
   <div class='ocr_carea' id='block_1_79' title="bbox 894 1649 1691 1686">
    <p class='ocr_par' dir='ltr' id='par_1_79' title="bbox 894 1649 1691 1686">
     <span class='ocr_line' id='line_1_80' title="bbox 894 1649 1691 1686; baseline -0.004 -8"><span class='ocrx_word' id='word_1_614' title='bbox 894 1651 1021 1678; x_wconf 86' lang='lat' dir='ltr'><strong>\irtutem</strong></span> <span class='ocrx_word' id='word_1_615' title='bbox 1045 1650 1134 1686; x_wconf 87' lang='lat' dir='ltr'><strong>ipsum</strong></span> <span class='ocrx_word' id='word_1_616' title='bbox 1159 1649 1256 1685; x_wconf 79' lang='lat' dir='ltr'><strong>diligit.</strong></span> <span class='ocrx_word' id='word_1_617' title='bbox 1288 1651 1433 1677; x_wconf 71' lang='lat' dir='ltr'><strong>Peccatum</strong></span> <span class='ocrx_word' id='word_1_618' title='bbox 1452 1649 1525 1676; x_wconf 86' lang='lat' dir='ltr'><strong>enim</strong></span> <span class='ocrx_word' id='word_1_619' title='bbox 1541 1653 1582 1676; x_wconf 87' lang='lat' dir='ltr'><strong>est</strong></span> <span class='ocrx_word' id='word_1_620' title='bbox 1597 1656 1691 1676; x_wconf 89' lang='lat' dir='ltr'><strong>corru-</strong></span> 
     </span>
    </p>
   </div>
   <div class='ocr_carea' id='block_1_80' title="bbox 894 1693 1687 1732">
    <p class='ocr_par' dir='ltr' id='par_1_80' title="bbox 894 1693 1687 1732">
     <span class='ocr_line' id='line_1_81' title="bbox 894 1693 1687 1732; baseline -0.004 -9"><span class='ocrx_word' id='word_1_621' title='bbox 894 1696 959 1732; x_wconf 87' lang='lat' dir='ltr'><strong>ptio,</strong></span> <span class='ocrx_word' id='word_1_622' title='bbox 989 1696 1075 1723; x_wconf 85' lang='lat' dir='ltr'><strong>virtus</strong></span> <span class='ocrx_word' id='word_1_623' title='bbox 1104 1699 1196 1722; x_wconf 76' lang='lat' dir='ltr'><strong>autem</strong></span> <span class='ocrx_word' id='word_1_624' title='bbox 1233 1693 1485 1729; x_wconf 88' lang='lat' dir='ltr'><strong>incorruptibilitas.</strong></span> <span class='ocrx_word' id='word_1_625' title='bbox 1511 1694 1586 1721; x_wconf 87' lang='lat' dir='ltr'><strong>Sicut</strong></span> <span class='ocrx_word' id='word_1_626' title='bbox 1614 1693 1687 1720; x_wconf 86' lang='lat' dir='ltr'><strong>enim</strong></span> 
     </span>
    </p>
   </div>
   <div class='ocr_carea' id='block_1_81' title="bbox 894 1737 1688 1776">
    <p class='ocr_par' dir='ltr' id='par_1_81' title="bbox 894 1737 1688 1776">
     <span class='ocr_line' id='line_1_82' title="bbox 894 1737 1688 1776; baseline -0.004 -9"><span class='ocrx_word' id='word_1_627' title='bbox 894 1740 1025 1776; x_wconf 71' lang='lat' dir='ltr'><strong>virginem</strong></span> <span class='ocrx_word' id='word_1_628' title='bbox 1036 1739 1121 1775; x_wconf 65' lang='grc'><strong>424</strong></span> <span class='ocrx_word' id='word_1_629' title='bbox 1136 1739 1276 1774; x_wconf 86' lang='lat' dir='ltr'><strong>corrumpi</strong></span> <span class='ocrx_word' id='word_1_630' title='bbox 1291 1738 1416 1770; x_wconf 87' lang='lat' dir='ltr'><strong>dicimus,</strong></span> <span class='ocrx_word' id='word_1_631' title='bbox 1434 1737 1499 1765; x_wconf 90' lang='lat' dir='ltr'><strong>item</strong></span> <span class='ocrx_word' id='word_1_632' title='bbox 1513 1741 1540 1765; x_wconf 85' lang='lat' dir='ltr'><strong>et</strong></span> <span class='ocrx_word' id='word_1_633' title='bbox 1553 1737 1688 1764; x_wconf 87' lang='lat' dir='ltr'><strong>animam.</strong></span> 
     </span>
    </p>
   </div>
   <div class='ocr_carea' id='block_1_82' title="bbox 894 1781 1688 1819">
    <p class='ocr_par' dir='ltr' id='par_1_82' title="bbox 894 1781 1688 1819">
     <span class='ocr_line' id='line_1_83' title="bbox 894 1781 1688 1819; baseline -0.005 -8"><span class='ocrx_word' id='word_1_634' title='bbox 894 1785 1040 1819; x_wconf 86' lang='lat' dir='ltr'><strong>Propterea</strong></span> <span class='ocrx_word' id='word_1_635' title='bbox 1063 1787 1089 1810; x_wconf 89' lang='lat' dir='ltr'><strong>et</strong></span> <span class='ocrx_word' id='word_1_636' title='bbox 1116 1783 1228 1815; x_wconf 77' lang='lat' dir='ltr'><strong>Paulus,</strong></span> <span class='ocrx_word' id='word_1_637' title='bbox 1252 1794 1262 1806; x_wconf 73' lang='grc' dir='ltr'><strong>ιι</strong></span> <span class='ocrx_word' id='word_1_638' title='bbox 1291 1783 1333 1810; x_wconf 86' lang='lat' dir='ltr'><strong>Ne</strong></span> <span class='ocrx_word' id='word_1_639' title='bbox 1349 1789 1404 1818; x_wconf 91' lang='lat' dir='ltr'><strong>quo</strong></span> <span class='ocrx_word' id='word_1_640' title='bbox 1428 1781 1522 1815; x_wconf 90' lang='lat' dir='ltr'><strong>modo,</strong></span> <span class='ocrx_word' id='word_1_641' title='bbox 1550 1790 1562 1807; x_wconf 81' lang='lat'>»</span> <span class='ocrx_word' id='word_1_642' title='bbox 1591 1781 1688 1817; x_wconf 77' lang='lat' dir='ltr'><strong>inquit,</strong></span> 
     </span>
    </p>
   </div>
   <div class='ocr_carea' id='block_1_83' title="bbox 896 1825 1692 1863">
    <p class='ocr_par' dir='ltr' id='par_1_83' title="bbox 896 1825 1692 1863">
     <span class='ocr_line' id='line_1_84' title="bbox 896 1825 1692 1863; baseline -0.003 -9"><span class='ocrx_word' id='word_1_643' title='bbox 896 1831 1132 1863; x_wconf 84' lang='lat' dir='ltr'><strong>«corrumpantur</strong></span> <span class='ocrx_word' id='word_1_644' title='bbox 1154 1835 1251 1854; x_wconf 80' lang='lat' dir='ltr'><strong>sensus</strong></span> <span class='ocrx_word' id='word_1_645' title='bbox 1277 1827 1358 1854; x_wconf 78' lang='lat' dir='ltr'><strong>vestri</strong></span> <span class='ocrx_word' id='word_1_646' title='bbox 1397 1835 1404 1853; x_wconf 88' lang='lat'><strong>:</strong></span> <span class='ocrx_word' id='word_1_647' title='bbox 1428 1835 1441 1851; x_wconf 87' lang='lat'><strong>»</strong></span> <span class='ocrx_word' id='word_1_648' title='bbox 1464 1829 1501 1860; x_wconf 84' lang='lat' dir='ltr'><strong>et,</strong></span> <span class='ocrx_word' id='word_1_649' title='bbox 1531 1835 1544 1851; x_wconf 88' lang='grc' dir='ltr'>ι(</span> <span class='ocrx_word' id='word_1_650' title='bbox 1560 1825 1692 1861; x_wconf 76' lang='lat' dir='ltr'><strong>Corrupzi</strong></span> 
     </span>
    </p>
   </div>
   <div class='ocr_carea' id='block_1_84' title="bbox 895 1869 1690 1906">
    <p class='ocr_par' dir='ltr' id='par_1_84' title="bbox 895 1869 1690 1906">
     <span class='ocr_line' id='line_1_85' title="bbox 895 1869 1690 1906; baseline -0.006 -5"><span class='ocrx_word' id='word_1_651' title='bbox 895 1877 988 1901; x_wconf 85' lang='lat' dir='ltr'><strong>mente</strong></span> <span class='ocrx_word' id='word_1_652' title='bbox 1025 1869 1049 1898; x_wconf 63' lang='grc' dir='ltr'><strong>ι.</strong></span> <span class='ocrx_word' id='word_1_653' title='bbox 1086 1883 1099 1896; x_wconf 72' lang='grc' dir='ltr'><strong>ν</strong></span> <span class='ocrx_word' id='word_1_654' title='bbox 1125 1871 1273 1906; x_wconf 84' lang='lat' dir='ltr'><strong>Contingat</strong></span> <span class='ocrx_word' id='word_1_655' title='bbox 1305 1870 1388 1906; x_wconf 82' lang='lat' dir='ltr'><strong>igitur</strong></span> <span class='ocrx_word' id='word_1_656' title='bbox 1421 1874 1450 1898; x_wconf 88' lang='lat' dir='ltr'><strong>et</strong></span> <span class='ocrx_word' id='word_1_657' title='bbox 1482 1877 1532 1897; x_wconf 90' lang='lat' dir='ltr'><strong>nos</strong></span> <span class='ocrx_word' id='word_1_658' title='bbox 1568 1869 1690 1897; x_wconf 89' lang='lat' dir='ltr'><strong>dilectio-</strong></span> 
     </span>
    </p>
   </div>
   <div class='ocr_carea' id='block_1_85' title="bbox 894 1913 1688 1952">
    <p class='ocr_par' dir='ltr' id='par_1_85' title="bbox 894 1913 1688 1952">
     <span class='ocr_line' id='line_1_86' title="bbox 894 1913 1688 1952; baseline -0.006 -7"><span class='ocrx_word' id='word_1_659' title='bbox 894 1925 957 1945; x_wconf 88' lang='lat' dir='ltr'><strong>nem</strong></span> <span class='ocrx_word' id='word_1_660' title='bbox 976 1924 1039 1952; x_wconf 85' lang='lat' dir='ltr'><strong>erga</strong></span> <span class='ocrx_word' id='word_1_661' title='bbox 1059 1915 1199 1944; x_wconf 83' lang='lat' dir='ltr'><strong>Christum</strong></span> <span class='ocrx_word' id='word_1_662' title='bbox 1217 1914 1369 1948; x_wconf 86' lang='lat' dir='ltr'><strong>ostendere,</strong></span> <span class='ocrx_word' id='word_1_663' title='bbox 1388 1921 1450 1941; x_wconf 90' lang='lat' dir='ltr'><strong>cum</strong></span> <span class='ocrx_word' id='word_1_664' title='bbox 1466 1921 1513 1950; x_wconf 87' lang='lat' dir='ltr'><strong>per</strong></span> <span class='ocrx_word' id='word_1_665' title='bbox 1533 1913 1595 1941; x_wconf 73' lang='lat' dir='ltr'><strong>vita:</strong></span> <span class='ocrx_word' id='word_1_666' title='bbox 1609 1921 1688 1941; x_wconf 81' lang='lat' dir='ltr'><strong>orna-</strong></span> 
     </span>
    </p>
   </div>
   <div class='ocr_carea' id='block_1_86' title="bbox 894 1958 1687 1997">
    <p class='ocr_par' dir='ltr' id='par_1_86' title="bbox 894 1958 1687 1997">
     <span class='ocr_line' id='line_1_87' title="bbox 894 1958 1687 1997; baseline -0.005 -8"><span class='ocrx_word' id='word_1_667' title='bbox 894 1966 953 1990; x_wconf 87' lang='lat' dir='ltr'><strong>tum</strong></span> <span class='ocrx_word' id='word_1_668' title='bbox 966 1966 993 1988; x_wconf 85' lang='lat' dir='ltr'><strong>et</strong></span> <span class='ocrx_word' id='word_1_669' title='bbox 1007 1962 1162 1997; x_wconf 84' lang='lat' dir='ltr'><strong>puritatem,</strong></span> <span class='ocrx_word' id='word_1_670' title='bbox 1183 1964 1242 1987; x_wconf 90' lang='lat' dir='ltr'><strong>tum</strong></span> <span class='ocrx_word' id='word_1_671' title='bbox 1254 1967 1301 1995; x_wconf 87' lang='lat' dir='ltr'><strong>per</strong></span> <span class='ocrx_word' id='word_1_672' title='bbox 1315 1959 1368 1986; x_wconf 88' lang='lat' dir='ltr'><strong>hoc</strong></span> <span class='ocrx_word' id='word_1_673' title='bbox 1379 1958 1453 1994; x_wconf 87' lang='lat' dir='ltr'><strong>quod</strong></span> <span class='ocrx_word' id='word_1_674' title='bbox 1468 1958 1687 1994; x_wconf 87' lang='lat' dir='ltr'><strong>incorruptibilia</strong></span> 
     </span>
    </p>
   </div>
   <div class='ocr_carea' id='block_1_87' title="bbox 894 2002 1686 2041">
    <p class='ocr_par' dir='ltr' id='par_1_87' title="bbox 894 2002 1686 2041">
     <span class='ocr_line' id='line_1_88' title="bbox 894 2002 1686 2041; baseline -0.005 -8"><span class='ocrx_word' id='word_1_675' title='bbox 894 2006 938 2034; x_wconf 64' lang='lat' dir='ltr'><strong>illa</strong></span> <span class='ocrx_word' id='word_1_676' title='bbox 955 2006 1026 2033; x_wconf 88' lang='lat' dir='ltr'><strong>bona</strong></span> <span class='ocrx_word' id='word_1_677' title='bbox 1054 2005 1223 2041; x_wconf 86' lang='lat' dir='ltr'><strong>inquiramus</strong></span> <span class='ocrx_word' id='word_1_678' title='bbox 1245 2005 1256 2031; x_wconf 82' lang='lat'><strong><em>?</em></strong></span> <span class='ocrx_word' id='word_1_679' title='bbox 1285 2011 1317 2031; x_wconf 87' lang='lat' dir='ltr'><strong>ac</strong></span> <span class='ocrx_word' id='word_1_680' title='bbox 1335 2003 1509 2038; x_wconf 88' lang='lat' dir='ltr'><strong>simpliciter,</strong></span> <span class='ocrx_word' id='word_1_681' title='bbox 1532 2010 1581 2038; x_wconf 88' lang='lat' dir='ltr'><strong>per</strong></span> <span class='ocrx_word' id='word_1_682' title='bbox 1607 2002 1686 2029; x_wconf 83' lang='lat' dir='ltr'><strong>vitam</strong></span> 
     </span>
    </p>
   </div>
   <div class='ocr_carea' id='block_1_88' title="bbox 893 2048 1688 2085">
    <p class='ocr_par' dir='ltr' id='par_1_88' title="bbox 893 2048 1688 2085">
     <span class='ocr_line' id='line_1_89' title="bbox 893 2048 1688 2085; baseline -0.005 -6"><span class='ocrx_word' id='word_1_683' title='bbox 893 2050 969 2079; x_wconf 91' lang='lat' dir='ltr'><strong>omni</strong></span> <span class='ocrx_word' id='word_1_684' title='bbox 994 2050 1093 2078; x_wconf 89' lang='lat' dir='ltr'><strong>virtute</strong></span> <span class='ocrx_word' id='word_1_685' title='bbox 1107 2049 1296 2085; x_wconf 80' lang='lat' dir='ltr'><strong>conspicuam,</strong></span> <span class='ocrx_word' id='word_1_686' title='bbox 1313 2055 1374 2084; x_wconf 63' lang='lat' dir='ltr'><strong>quae</strong></span> <span class='ocrx_word' id='word_1_687' title='bbox 1391 2048 1580 2083; x_wconf 85' lang='lat' dir='ltr'><strong>incorruptam</strong></span> <span class='ocrx_word' id='word_1_688' title='bbox 1596 2051 1688 2075; x_wconf 80' lang='lat' dir='ltr'><strong>servat</strong></span> 
     </span>
    </p>
   </div>
   <div class='ocr_carea' id='block_1_89' title="bbox 893 2091 1688 2129">
    <p class='ocr_par' dir='ltr' id='par_1_89' title="bbox 893 2091 1688 2129">
     <span class='ocr_line' id='line_1_90' title="bbox 893 2091 1688 2129; baseline -0.008 -5"><span class='ocrx_word' id='word_1_689' title='bbox 893 2096 1025 2128; x_wconf 76' lang='lat' dir='ltr'><strong>animum,</strong></span> <span class='ocrx_word' id='word_1_690' title='bbox 1044 2102 1101 2122; x_wconf 87' lang='lat' dir='ltr'><strong>non</strong></span> <span class='ocrx_word' id='word_1_691' title='bbox 1114 2097 1272 2129; x_wconf 84' lang='lat' dir='ltr'><strong>corruptam</strong></span> <span class='ocrx_word' id='word_1_692' title='bbox 1291 2093 1389 2120; x_wconf 89' lang='lat' dir='ltr'><strong>studiis</strong></span> <span class='ocrx_word' id='word_1_693' title='bbox 1401 2096 1430 2120; x_wconf 89' lang='lat' dir='ltr'><strong>et</strong></span> <span class='ocrx_word' id='word_1_694' title='bbox 1445 2091 1647 2128; x_wconf 86' lang='lat' dir='ltr'><strong>iniquitatibus,</strong></span> <span class='ocrx_word' id='word_1_695' title='bbox 1660 2091 1688 2118; x_wconf 85' lang='lat' dir='ltr'><strong>in</strong></span> 
     </span>
    </p>
   </div>
   <div class='ocr_carea' id='block_1_90' title="bbox 896 2136 1688 2175">
    <p class='ocr_par' dir='ltr' id='par_1_90' title="bbox 896 2136 1688 2175">
     <span class='ocr_line' id='line_1_91' title="bbox 896 2136 1688 2175; baseline -0.004 -9"><span class='ocrx_word' id='word_1_696' title='bbox 896 2139 955 2175; x_wconf 89' lang='lat' dir='ltr'><strong>ipso</strong></span> <span class='ocrx_word' id='word_1_697' title='bbox 991 2138 1100 2168; x_wconf 90' lang='lat' dir='ltr'><strong>Christo</strong></span> <span class='ocrx_word' id='word_1_698' title='bbox 1136 2136 1336 2172; x_wconf 89' lang='lat' dir='ltr'><strong>incorruptibili</strong></span> <span class='ocrx_word' id='word_1_699' title='bbox 1366 2144 1467 2172; x_wconf 83' lang='lat' dir='ltr'><strong>sponso</strong></span> <span class='ocrx_word' id='word_1_700' title='bbox 1496 2136 1631 2171; x_wconf 83' lang='lat' dir='ltr'><strong>virginum</strong></span> <span class='ocrx_word' id='word_1_701' title='bbox 1661 2139 1688 2163; x_wconf 89' lang='lat' dir='ltr'><strong>et</strong></span> 
     </span>
    </p>
   </div>
   <div class='ocr_carea' id='block_1_91' title="bbox 893 2179 1684 2220">
    <p class='ocr_par' dir='ltr' id='par_1_91' title="bbox 893 2179 1684 2220">
     <span class='ocr_line' id='line_1_92' title="bbox 893 2179 1684 2220; baseline -0.006 -8"><span class='ocrx_word' id='word_1_702' title='bbox 893 2185 1114 2220; x_wconf 88' lang='lat' dir='ltr'><strong>incorruptarum</strong></span> <span class='ocrx_word' id='word_1_703' title='bbox 1133 2182 1297 2216; x_wconf 89' lang='lat' dir='ltr'><strong>animarum,</strong></span> <span class='ocrx_word' id='word_1_704' title='bbox 1324 2181 1368 2209; x_wconf 89' lang='lat' dir='ltr'><strong>cui</strong></span> <span class='ocrx_word' id='word_1_705' title='bbox 1394 2180 1477 2217; x_wconf 84' lang='lat' dir='ltr'><strong>gloria</strong></span> <span class='ocrx_word' id='word_1_706' title='bbox 1521 2180 1548 2208; x_wconf 92' lang='lat' dir='ltr'><strong>in</strong></span> <span class='ocrx_word' id='word_1_707' title='bbox 1571 2179 1684 2208; x_wconf 67' lang='lat' dir='ltr'><strong>saecula.</strong></span> 
     </span>
    </p>
   </div>
   <div class='ocr_carea' id='block_1_92' title="bbox 857 2230 996 2262">
    <p class='ocr_par' dir='ltr' id='par_1_92' title="bbox 857 2230 996 2262">
     <span class='ocr_line' id='line_1_93' title="bbox 857 2230 996 2262; baseline -0.014 -4"><span class='ocrx_word' id='word_1_708' title='bbox 857 2230 882 2262; x_wconf 89' lang='lat' dir='ltr'><strong>D</strong></span> <span class='ocrx_word' id='word_1_709' title='bbox 897 2233 996 2259; x_wconf 77' lang='lat' dir='ltr'><strong>Amen.</strong></span> 
     </span>
    </p>
   </div>
   <div class='ocr_carea' id='block_1_93' title="bbox 735 2311 1002 2343">
    <p class='ocr_par' dir='ltr' id='par_1_93' title="bbox 735 2311 1002 2343">
     <span class='ocr_line' id='line_1_94' title="bbox 735 2311 1002 2343; baseline -0.004 -2"><span class='ocrx_word' id='word_1_710' title='bbox 735 2311 831 2342; x_wconf 66' lang='lat' dir='ltr'><strong>Variae</strong></span> <span class='ocrx_word' id='word_1_711' title='bbox 853 2313 1002 2343; x_wconf 85' lang='lat' dir='ltr'><strong>lectiones.</strong></span> 
     </span>
    </p>
   </div>
   <div class='ocr_carea' id='block_1_94' title="bbox 88 2382 1687 2428">
    <p class='ocr_par' dir='ltr' id='par_1_94' title="bbox 88 2382 1687 2428">
     <span class='ocr_line' id='line_1_95' title="bbox 88 2382 1687 2428; baseline -0.004 -9"><span class='ocrx_word' id='word_1_712' title='bbox 88 2382 157 2421; x_wconf 62' lang='grc' dir='ltr'><strong>⁴Υν¹ἷ³</strong></span> <span class='ocrx_word' id='word_1_713' title='bbox 170 2395 196 2415; x_wconf 88' lang='grc'><strong>0-</strong></span> <span class='ocrx_word' id='word_1_714' title='bbox 235 2390 245 2406; x_wconf 84' lang='grc'><strong><em>⁵</em></strong></span> <span class='ocrx_word' id='word_1_715' title='bbox 260 2389 328 2426; x_wconf 74' lang='grc' dir='ltr'><strong>ὓμῶν</strong></span> <span class='ocrx_word' id='word_1_716' title='bbox 343 2398 370 2419; x_wconf 91' lang='grc' dir='ltr'>ο.</span> <span class='ocrx_word' id='word_1_717' title='bbox 409 2390 420 2408; x_wconf 79' lang='grc'>⁸</span> <span class='ocrx_word' id='word_1_718' title='bbox 434 2391 539 2426; x_wconf 80' lang='grc' dir='ltr'>μόνονο</span> <span class='ocrx_word' id='word_1_719' title='bbox 588 2391 597 2408; x_wconf 92' lang='grc'>⁷</span> <span class='ocrx_word' id='word_1_720' title='bbox 611 2392 656 2427; x_wconf 77' lang='grc' dir='ltr'><strong>ὅρα</strong></span> <span class='ocrx_word' id='word_1_721' title='bbox 673 2391 699 2419; x_wconf 75' lang='grc' dir='ltr'><strong>δὶ</strong></span> <span class='ocrx_word' id='word_1_722' title='bbox 715 2394 766 2423; x_wconf 82' lang='grc' dir='ltr'><strong>πῶς</strong></span> <span class='ocrx_word' id='word_1_723' title='bbox 788 2391 857 2419; x_wconf 76' lang='grc' dir='ltr'>εἶπεν</span> <span class='ocrx_word' id='word_1_724' title='bbox 882 2392 992 2428; x_wconf 73' lang='grc' dir='ltr'>εἰρήνην.</span> <span class='ocrx_word' id='word_1_725' title='bbox 1013 2389 1143 2416; x_wconf 77' lang='grc' dir='ltr'>Διδάσκων</span> <span class='ocrx_word' id='word_1_726' title='bbox 1158 2388 1183 2415; x_wconf 76' lang='grc' dir='ltr'>δὲ</span> <span class='ocrx_word' id='word_1_727' title='bbox 1198 2397 1224 2417; x_wconf 90' lang='lat' dir='ltr'><strong>o.</strong></span> <span class='ocrx_word' id='word_1_728' title='bbox 1263 2388 1274 2405; x_wconf 80' lang='grc'>⁸</span> <span class='ocrx_word' id='word_1_729' title='bbox 1295 2388 1340 2423; x_wconf 77' lang='grc' dir='ltr'><strong>ὅρα</strong></span> <span class='ocrx_word' id='word_1_730' title='bbox 1363 2390 1415 2418; x_wconf 81' lang='grc' dir='ltr'>πῶς</span> <span class='ocrx_word' id='word_1_731' title='bbox 1440 2395 1480 2415; x_wconf 92' lang='lat' dir='ltr'><strong>m.</strong></span> <span class='ocrx_word' id='word_1_732' title='bbox 1519 2387 1530 2404; x_wconf 71' lang='grc' dir='ltr'><strong><em>ν</em></strong></span> <span class='ocrx_word' id='word_1_733' title='bbox 1548 2387 1637 2422; x_wconf 73' lang='grc' dir='ltr'>Κύριον</span> <span class='ocrx_word' id='word_1_734' title='bbox 1661 2394 1687 2413; x_wconf 87' lang='grc' dir='ltr'>ο.</span> 
     </span>
    </p>
   </div>
   <div class='ocr_carea' id='block_1_95' title="bbox 59 2421 233 2459">
    <p class='ocr_par' dir='ltr' id='par_1_95' title="bbox 59 2421 233 2459">
     <span class='ocr_line' id='line_1_96' title="bbox 59 2421 233 2459; baseline -0.017 0"><span class='ocrx_word' id='word_1_735' title='bbox 59 2421 77 2437; x_wconf 77' lang='grc'><strong>¹⁰</strong></span> <span class='ocrx_word' id='word_1_736' title='bbox 91 2435 192 2459; x_wconf 78' lang='grc' dir='ltr'>-τητα</span> <span class='ocrx_word' id='word_1_737' title='bbox 207 2437 233 2457; x_wconf 94' lang='grc' dir='ltr'>ο.</span> 
     </span>
    </p>
   </div>
  </div>
