1886 3082
6 159 106 187 ii“

509 161 685 190 EXPOSITIO
705 162 737 189 IN
758 161 861 189 EPIST.
881 162 926 189 AD
946 162 1085 190 PHILIPP.
1102 178 1136 183 —
1156 164 1229 192 CAP.
1251 167 1270 192 l.

0 223 92 262 στῷ
120 222 190 261 μετὰ
228 224 275 258 τῆς
310 223 394 256 οἰκὶας
431 224 507 260 ὅλης·
536 225 647 254 ἐνταῦθα
676 226 699 254 οἱ
737 236 834 264 στρατ-

0 268 95 304 ηγοὶ
127 267 297 306 ἐφοϐήθησαν
321 267 365 297 τὸν
400 270 523 305 Παῦλον,
548 269 594 298 καὶ
624 268 740 305 ἠξίωσαν
766 269 836 303 ἐξελο

0 314 103 340 θεῐνο
131 312 176 342 καὶ
211 312 278 346 ὅλως
314 312 441 352 λαμπρὰν
476 313 538 354 ἔσχε
567 314 598 343 τὸ
627 314 753 353 κήρυγμα
789 314 836 350 τὴν

1621 170 1691 198 1142

850 227 875 258 Α
894 225 952 259 ejus
974 225 1147 260 splendidum
1171 227 1310 255 exordium
1338 229 1443 258 habuit.
1464 230 1558 266 Atque
1584 232 1638 259 haec
1656 241 1690 261 ex

891 270 970 298 Actis
982 270 1124 298 discimus.
1140 272 1296 299 Attestatur
1308 276 1398 301 autem
1419 275 1486 309 ipsis
1511 276 1612 304 Paulus
1635 285 1689 305 non

890 315 968 342 modo
980 315 1060 349 ﬁdem
1072 319 1181 350 rectum,
1196 317 1315 352 adeoque
1336 319 1470 353 pericula,
1494 327 1586 348 verum
1609 323 1688 349 etiam

2 356 144 396 ἀρχήν·
179 357 226 387 καὶ
257 361 340 388 ταῦτα
383 358 435 387 ἀπὸ
468 360 520 387 τῶν
549 358 674 398 Πράξεων
703 359 836 396 μοινθάνο-
887 360 937 386 vola

916 360 1060 392 >1untatem,
1073 369 1133 396 qua:
1151 361 1261 389 libenter
1282 363 1419 397 impertiat
1446 365 1598 398 egentibus.
1615 367 1686 400 Quo-

10 413 98 439 μεν.
139 403 346 443 Προσμαρτυρεί
372 402 399 432 δὲ
424 404 521 442 ξαῦτοῑς
546 405 560 432 ὃ
592 405 696 437 Παῦλος
734 404 762 433 οὖ
791 404 838 442 μό-

1 458 71 475 νον
104 446 197 476 πίστιν
218 448 299 487 ὀρθὴν
327 447 372 477 καὶ
410 447 558 485 κινδύνους,
587 448 658 477 ἀλλὰ
686 448 731 478 καὶ
759 449 838 487 εὔμε-

392 487 444 522 ῗΩν
481 491 567 522 ἕνεκεν
605 492 729 522 ἁπάντων
770 493 836 534 σφό-

2 503 24 518 τ
31 491 147 520 ἄδυτον
187 492 350 532 προαίρεσιν.

6 536 78 574 δρα
93 537 181 575 φιλῶν
198 536 292 570 αὐτοὺς
304 537 349 566 καὶ
368 539 453 575 τιμῶν
467 537 597 578 φαίνεται.
620 551 632 563 ι

896 413 957 432 rum
976 407 1096 433 onmium
1110 415 1190 434 causa
1203 407 1369 436 vehementer
1380 417 1421 437 eos
1435 418 1495 437 cum
1518 418 1619 443 amare,
1632 414 1689 440 tum

893 449 1024 477 honorare
1056 451 1173 479 videtur.
1367 451 1373 457 “

12 627 1688 643 Ἥ

294 697 841 757 THEOPHYLACTI
884 699 1429 761 COMMENTARIUS

544 809 583 840 IN
606 809 819 842 EPISTOLAM

227 975 249 1003 K
257 973 454 1003 ΕΦΑΛΑΙΟΝ
472 973 624 1002 ΠΡΩΤΟΝ
631 996 637 1003 .

72 1047 87 1063 (ι
106 1036 214 1069 Παῦλος
237 1035 282 1065 καὶ
299 1036 426 1074 Τιμόθεος
441 1036 528 1065 δοῦλοι
554 1035 644 1070 Ἰησοῦ
663 1036 790 1074 Χριστοῦ,
812 1047 826 1064 ι)

15 1081 167 1111 Ἐνταῦθα
182 1082 211 1110 οὖ
229 1080 316 1115 τίθησι
336 1080 367 1109 τὸ
379 1082 458 1109 αὑτοῦ
472 1079 575 1118 ἀξίωμα
589 1080 650 1119 [ὅτι]
672 1082 686 1108 ὀ
703 1079 828 1110 Ἀπόστο-

17 1128 89 1162 λος,
108 1125 178 1154 ἀλλὰ
199 1126 287 1155 δοῦλον
313 1125 402 1160 Ἰησοῦ
419 1126 536 1164 Χριστοῦ
552 1125 642 1154 ἑαυτὸν
663 1125 827 1166 προγράφει·

15 1171 100 1210 μέγα
125 1170 173 1208 μὲν
197 1169 243 1199 καὶ
267 1172 344 1198 τοῦτο
359 1169 406 1206 ὂν,
423 1169 494 1205 πλὴν
520 1169 676 1210 κοινότερον.
704 1170 828 1210 Τιμοθέῳ

16 1215 49 1245 δὲ
74 1214 188 1256 γροίρων
202 1214 247 1244 καὶ
268 1215 432 1254 Κορινθίοις,
458 1213 604 1243 ἀπόστολον
629 1214 722 1243 ἑαυτὸν
738 1216 826 1246 καλεῖ.

14 1260 59 1290 Τί
81 1260 199 1296 Erimus;
214 1259 278 1289 ’Ὁτι
301 1259 354 1288 ἐκεῖ
378 1259 427 1297 μὲν
455 1257 550 1296 ἔμελλε
576 1259 662 1288 πολλὰ
692 1259 828 1289 διατάττε-

19 1308 112 1342 σθαι,
136 1303 182 1333 καὶ
207 1304 248 1333 διὰ
269 1305 345 1333 τοῦτο
371 1302 516 1333 ἀνελάϐετο
550 1303 581 1332 τὸ
614 1305 659 1332 τοῦ
681 1304 827 1334 ἀποστόλου

20 1350 157 1387 ἀξίωμα·
178 1349 288 1378 ἐνταῦθα
308 1348 335 1377 δὲ
359 1347 433 1378 οὐδὲν
449 1350 564 1377 τοιοῦτον
592 1348 744 1385 ἐπιτάττει,
769 1349 827 1378 ἀλλ’

21 1396 61 1428 ὣς
79 1393 223 1432 ὁμοτίμους
235 1398 312 1431 τιμᾷ.

71 1450 89 1465 (ι
109 1440 181 1468 nam
206 1443 258 1471 τοῖς
280 1438 362 1476 ἁγίοις
390 1440 417 1466 ἓν
444 1438 551 1477 Χριστῷ
564 1441 618 1470 τοῖς
630 1438 736 1476 Ἰησοῦ,
753 1434 827 1467 οὖσιν

24 1485 52 1513 ἐν
71 1483 234 1515 Φιλίπποις.
252 1495 267 1510 ιι
280 1481 392 1518 Ἐπειδὴ
405 1482 450 1511 καὶ
468 1482 590 1512 Ἰουδαῖοι
605 1482 714 1515 ἑαυτοὺς
739 1483 828 1522 ἁγίους

23 1528 160 1564 ἐκάλουν,
178 1529 212 1560 ὡς
222 1527 285 1560 λαὸς
304 1526 377 1566 ἅγιος
388 1550 397 1564 ,
417 1525 459 1555 διὰ
472 1530 548 1556 τοῦτο
564 1526 739 1565 προσέθηκεν·
757 1528 827 1557 «Ἰίν

26 1574 142 1612 Χριστῷ
157 1572 255 1607 Ἰησοῦ,
276 1585 288 1597 ν
307 1573 342 1601 Οἱ
366 1571 416 1610 γὰρ
444 1572 470 1600 ἐν
500 1572 610 1611 Χριστῷ
625 1571 723 1610 ΙἸησοῦ
757 1573 827 1612 ἅγιοι

25 1617 112 1650 ὅντως
125 1616 207 1655 εἰσὶν,
225 1618 318 1646 ἐκεῖνοι
331 1615 358 1645 δὲ
373 1615 492 1655 βέϐηλοι.

75 1673 92 1691 α
107 1660 313 1694 Συνεπισκόποις
341 1661 386 1690 καὶ
411 1660 551 1693 διακόνοις.
567 1672 582 1688 »
615 1660 827 1695 Συνεπισχόπους

26 1701 89 1735 εἷπε
113 1705 171 1739 τοὺς
196 1705 407 1745 πρεσϐυτέρους·
434 1706 464 1734 οὖ
491 1704 544 1745 γὰρ
566 1704 611 1746 δὴη
627 1707 654 1735 ἐν
677 1709 726 1746 μιᾷ
751 1707 827 1736 πόλει

24 1751 123 1780 πολλοὶ
144 1746 210 1786 ἦσαν
228 1750 378 1780 ἐπίσκοποι.
402 1749 490 1780 Οὔπω
515 1749 566 1790 γὰρ
595 1745 663 1785 ἦσαν
692 1745 826 1790 διακεκρι-

27 1797 99 1834 μένα
121 1794 155 1824 τὰ
173 1795 305 1833 ὀνόματα,
329 1794 397 1824 ἀλλὰ
423 1795 469 1823 καὶ
492 1796 516 1824 οἱ
541 1794 680 1824 ἐπίσκοποι
711 1795 826 1825 διάκονοι

27 1840 75 1870 καὶ
103 1839 276 1880 πρεσϐύτεροι
301 1841 457 1869 ἐκαλοῦντο.
485 1840 534 1878 Τῷ
559 1838 609 1879 γὰρ
633 1839 758 1880 Τιμοθέῳ
772 1841 828 1869 ἐπι-

27 1885 123 1925 σκόπῳ
148 1884 202 1914 ὄντι
223 1885 304 1924 φησί’
322 1896 336 1911 ιι
350 1883 407 1919 Τὴν
419 1884 553 1913 διακονίαν
583 1895 630 1912 σου
660 1885 827 1924 πληροφόρη-

25 1941 73 1958 σον
86 1941 93 1947 ·
108 1940 124 1957 ι)
144 1929 189 1958 καὶ
202 1929 295 1965 πάλιν,
315 1939 329 1957 (ι
343 1927 382 1958 ¹¹Ο
394 1928 523 1964 ἐδόθη”σοι
540 1927 607 1967 μετὰ
621 1929 759 1962 ἐπιθέσεως
774 1931 825 1958 τῶν

27 1975 128 2014 χειρῶν
152 1976 198 2004 τοῦ
227 1972 431 2014 πρεσϐυτερίου-
450 1985 465 2001 ››
481 1973 601 2003 τουτέστι
629 1975 681 2002 τῶν
717 1975 826 2003 ἐπισχό-

27 2030 101 2048 πων·
127 2019 155 2048 οὗ
177 2018 228 2058 γὰρ
258 2018 431 2058 πρεσϐύτεροι
457 2018 502 2047 τὸν
525 2017 668 2047 ἐπίσκοπον
693 2019 825 2058 ἐχειροτό-

26 2075 101 2094 νουν.
127 2063 180 2093 Καὶ
200 2059 279 2099 αὖ¹⁵,
293 2064 317 2093 οἱ
338 2062 512 2102 πρεσϐύτεροι
532 2062 671 2092 ἐπίσκοποι
689 2063 823 2102 ἐλέγοντο,

27 2111 62 2140 ὡς
82 2110 282 2140 ἐπισκοποῦντες
305 2107 406 2143 δηλαδὴ
428 2108 473 2136 καὶ
488 2107 562 2136 αὐτοὶ
578 2107 621 2137 τὸν
647 2106 730 2145 λαὸν,
756 2107 825 2138 ιῗόστε

28 2152 164 2191 καθαίρειν
203 2153 248 2182 καὶ
276 2152 398 2192 φωτίζειν
431 2151 489 2184 τοὺς
515 2151 662 2189 δεομένους.
693 2152 771 2185 Τίνος
797 2153 823 2181 δὲ

29 2198 110 2237 χάριν
133 2198 170 2236 τῷ
185 2197 275 2237 κλήρῳ
291 2199 334 2226 νῦν
350 2196 464 2236 γράφει,
482 2196 546 2236 ὅπερ
570 2197 686 2234 οὐδαμοῦ
705 2198 824 2237 ἀλλαχοῦ

28 2241 168 2278 ἐποίησεν;
193 2240 256 2270 ιὈτι
292 2241 367 2270 αὐτοὶ
399 2241 442 2270 τὸν
467 2241 663 2281 Ἐπαφρόδιτον
687 2241 824 2282 ἔπεμψαν,

29 2286 192 2324 ἐπαγόμενον
207 2285 240 2315 τὰ
257 2286 321 2326 πρὸς
335 2285 427 2325 χρείαν
440 2286 478 2325 τῷ
501 2285 663 2326 Ἀποστόλῳ.

75 2342 90 2358 ι
106 2330 187 2383 Χάρις
202 2332 263 2383 ιξμῐν
279 2330 325 2360 καὶ
335 2331 424 2370 εἰρήνη
441 2330 493 2359 ἀπὸ
513 2329 702 2383 (ξιεοῦΙΠατρὸς
727 2332 821 2383 ἡμῶν,
839 2352 864 2383 D

29 2375 76 2405 καὶ
96 2374 194 2415 Κυρίου
210 2374 297 2411 Ἰησοῦ
312 2376 440 2414 Χριστοῦ.
459 2387 474 2403 ιν
489 2375 537 2414 1Τὸ
567 2375 674 2411 σύνηθες
702 2375 822 2416 πρόσρη-

31 2432 70 2458 μα
96 2419 262 2458 προτίθησιν,
293 2419 469 2460 ἐπευχόμενος
496 2420 583 2453 αὐτοῖς
605 2419 648 2449 ἵνα
677 2431 823 2460 κεχαριτω-

33 2465 104 2502 μένοι
128 2459 193 2501 εἷεν,
210 2465 255 2494 καὶ
277 2464 314 2502 μὴ
339 2464 495 2504 ἐπαρθέντες
527 2464 586 2494 κατ’
602 2464 724 2500 ἀλλήλων
748 2459 826 2495 ἔκ.πέ-

33 2520 98 2538 σωσι
116 2511 162 2544 τῆς
182 2508 286 2549 εἰρήνης
315 2509 362 2538 καὶ
382 2511 429 2545 τῆς
457 2509 588 2547 ὁμονοίας.
604 2508 648 2539 Τὰ
674 2508 724 2550 γὰρ
750 2510 826 2550 χαρί-

34 2565 123 2592 σματα
136 2557 190 2587 τοῖς
206 2552 243 2593 μὴ
255 2553 281 2573 ⁴⁰
293 2553 455 2594 προσέχουσι
466 2552 549 2595 τύφου
559 2553 682 2594 πρόξενα.

68 2634 117 2662 ιιι
127 2634 200 2662 Tim.
213 2641 258 2668 ιν,
273 2637 300 2662 5.
339 2637 357 2653 ιιι
374 2633 471 2663 ITim.
485 2641 529 2668 ιν,
541 2638 569 2662 4.

843 811 896 842 AD
921 811 1204 844 PHILIPPENSES.

843 977 865 1008 Β
1077 974 1161 1011 427
1177 976 1298 1004 CAPUT
1311 978 1470 1006 PRIMUM.

919 1039 1006 1065 Vens.
1028 1041 1056 1066 1.
1075 1039 1176 1066 Paulus
1189 1041 1216 1066 et
1230 1041 1391 1071 Timotheus,
1404 1042 1477 1068 servi
1490 1042 1555 1068 Jesu
1569 1042 1682 1070 Christi.

884 1083 935 1110 Hic
948 1091 1004 1111 non
1016 1083 1096 1118 ponit
1111 1083 1270 1123 dignitatem
1281 1085 1506 1113 auctoritatemve
1521 1093 1599 1114 suam
1612 1088 1683 1123 Apo-

883 1127 981 1162 stolus,
994 1135 1089 1155 verum
1107 1136 1137 1156 se
1162 1134 1276 1156 servum
1290 1130 1355 1157 Jesu
1380 1129 1480 1157 Christi
1497 1130 1601 1158 scribit.
1625 1132 1683 1158 Ma-

883 1181 966 1208 gnum
992 1173 1106 1209 quidem
1137 1174 1219 1202 etiam
1247 1174 1299 1202 hoc
1327 1179 1377 1208 est,
1418 1175 1465 1203 sed
1494 1177 1681 1205 communitis.

881 1218 1028 1246 Timotheo
1047 1223 1138 1246 autem
1161 1219 1281 1247 scribens
1299 1224 1326 1248 et
1342 1220 1490 1248 Corinthiis
1502 1240 1509 1254 ,
1525 1221 1681 1256 apostolum

881 1270 940 1291 sese
954 1267 1045 1291 vocat.
1065 1264 1152 1298 Quam
1166 1264 1202 1291 ob
1212 1272 1321 1292 causam
1333 1266 1344 1292 Ρ
1360 1265 1430 1300 Quia
1442 1265 1496 1292 illic
1508 1265 1592 1294 multa
1603 1265 1681 1294 ordi-

881 1311 993 1335 naturus
1007 1312 1074 1343 erat,
1088 1313 1232 1344 propterea
1244 1309 1358 1345 apostoli
1371 1310 1562 1339 auctoritatem
1573 1318 1666 1339 assum

881 1353 943 1389 psit.
964 1354 1016 1381 Hic
1030 1358 1123 1382 autem
1147 1354 1212 1381 nihil
1230 1354 1283 1382 tale
1299 1354 1428 1391 injungit,
1443 1354 1491 1383 sed
1511 1355 1586 1383 velut
1596 1362 1675 1391 pares

883 1398 989 1426 honore
1013 1400 1194 1435 prosequitur.

918 1444 1046 1471 Omnibus
1063 1445 1163 1472 sanctis
1176 1445 1205 1472 in
1219 1444 1329 1472 Christo
1339 1446 1402 1472 Jcsu
1414 1466 1422 1476 ,
1438 1446 1487 1480 qui
1503 1448 1565 1473 sunt
1578 1446 1680 1482 Philip—

880 1489 932 1523 pis.
945 1488 1014 1522 Quia
1027 1488 1115 1517 Judmi
1129 1489 1233 1524 seipsos
1247 1494 1356 1518 sanctos
1377 1490 1556 1526 appellabant,
1579 1491 1680 1526 quippe

880 1533 942 1568 quia
958 1533 1074 1569 populus
1093 1537 1203 1561 sanctus
1229 1537 1318 1567 erant,
1335 1541 1398 1562 eam
1423 1534 1460 1562 ob
1483 1542 1544 1562 rem
1567 1534 1678 1571 adjecit,

882 1580 912 1606 In
930 1579 1033 1607 Christo
1051 1580 1124 1607 Jesu.
1139 1579 1192 1615 Qui
1206 1579 1323 1607 enimin
1348 1579 1457 1608 Christo
1471 1580 1538 1608 Jesn
1562 1583 1640 1615 sunt,
1663 1581 1679 1608 ii

882 1629 943 1650 vere
955 1626 1020 1650 sunt
1045 1622 1143 1656 sancti,
1160 1623 1196 1650 illi
1215 1627 1307 1651 autem
1324 1623 1445 1659 profani.

844 1681 866 1712 Ο
917 1667 1089 1702 Coepz'scopis
1110 1670 1136 1695 et
1156 1668 1285 1696 diaconis.
1307 1668 1491 1705 Coepiscopos
1503 1669 1678 1706 presbyteros

881 1711 1024 1746 appellavit
1048 1721 1055 1740 :
1073 1720 1131 1740 non
1146 1712 1221 1740 enim
1248 1713 1276 1740 in
1299 1720 1352 1740 una
1375 1712 1442 1740 urbe
1462 1713 1542 1741 multi
1560 1713 1678 1749 episcopi

881 1754 1001 1783 fuerunt.
1021 1756 1151 1784 Nondum
1180 1757 1253 1784 enim
1287 1761 1364 1785 erant
1399 1757 1526 1785 distincta
1552 1758 1677 1791 nomina,

881 1807 974 1827 verum
989 1801 1039 1836 ipsi
1057 1801 1186 1836 episcopi,
1198 1801 1306 1828 diaconi
1328 1805 1355 1829 et
1372 1802 1523 1837 presbyteri
1543 1802 1677 1830 vocaban-

879 1848 932 1872 tur.
947 1845 1091 1873 Timotheo
1102 1846 1175 1873 enim
1189 1845 1327 1881 episcopo,
1341 1846 1462 1874 scribens
1475 1846 1563 1882 inquit
1578 1856 1584 1874 :
1596 1848 1676 1874 Mini-

880 1891 995 1917 sterium
1011 1892 1087 1917 tuum
1100 1890 1202 1924 imple'
1227 1911 1233 1918 .
1252 1891 1287 1917 Et
1298 1897 1392 1918 rursus
1408 1900 1414 1916 :
1432 1890 1509 1924 Quod
1528 1891 1621 1918 datum
1638 1893 1676 1919 est

881 1935 931 1961 tibi
941 1942 1001 1961 cum
1012 1935 1180 1969 impositione
1195 1943 1325 1962 manuum
1342 1935 1528 1970 ,m'esbyteriz'Ill
1538 1956 1545 1968 ,
1559 1934 1612 1963 hoc
1635 1939 1676 1963 est

879 1979 1070 2015 episcoporum
1100 1989 1105 2007 :
1140 1987 1196 2007 non
1222 1979 1296 2007 enim
1327 1978 1476 2015 presbyteri
1516 1979 1674 2016 episcopum

879 2023 1052 2051 ordinabant.
1066 2025 1173 2051 Rursus
1195 2023 1346 2060 presbyteri
1360 2023 1477 2059 episcopi
1505 2023 1588 2052 etiam
1603 2023 1676 2060 diee-

880 2067 988 2101 bantur,
1001 2072 1032 2095 ut
1046 2068 1093 2104 qui
1106 2072 1133 2096 et
1144 2068 1193 2104 ipsi
1207 2068 1340 2104 populum
1352 2068 1548 2103 inspectarent,
1563 2067 1675 2104 ejusque

878 2120 974 2140 curam
1000 2117 1135 2148 gererent,
1159 2117 1190 2140 ut
1213 2116 1361 2148 purgarent
1387 2112 1611 2149 illustrarentque
1626 2121 1673 2142 eos

879 2165 948 2192 quos
966 2161 1037 2185 eSSet
1059 2164 1178 2185 necesse.
1204 2157 1290 2193 Cujus
1312 2161 1404 2185 autem
1430 2158 1468 2185 rei
1493 2157 1579 2193 gratia
1603 2165 1676 2185 nunc

878 2202 950 2230 clero
978 2202 1073 2230 scribit
1093 2203 1138 2236 (l),
1156 2202 1230 2238 quod
1257 2210 1394 2238 nusquam
1420 2202 1483 2230 alibi
1509 2202 1589 2230 fecit?
1607 2202 1675 2236 Quia

878 2246 928 2282 ipsi
949 2246 1166 2282 Epaphroditum
1192 2247 1395 2283 ablegaverant,
1410 2247 1456 2283 qui
1475 2255 1537 2283 quae
1550 2247 1675 2282 apostolo

878 2294 969 2318 essent
982 2291 1052 2324 usui,
1073 2290 1193 2319 afferret.

913 2337 1001 2363 Vsus.
1018 2338 1044 2363 2.
1061 2336 1160 2364 Gratia
1176 2336 1250 2363 vobis
1269 2338 1295 2364 et
1308 2344 1367 2371 pun:
1377 2343 1395 2364 α
1409 2337 1462 2364 Deo
1475 2336 1558 2364 Patre
1570 2337 1672 2367 nostro,

879 2382 904 2408 et
931 2381 1043 2408 Domino
1068 2382 1129 2408 Jcsu
1157 2381 1271 2409 Christo.
1289 2381 1457 2409 Consuetam
1484 2380 1676 2409 salutationem

877 2425 999 2460 apponit,
1023 2432 1204 2461 comprecans
1218 2425 1258 2453 eis
1280 2429 1311 2453 ut
1333 2425 1419 2462 gratia
1438 2425 1587 2459 donentur,
1602 2428 1631 2453 et
1643 2433 1678 2453 ne

879 2469 947 2497 alter
957 2468 984 2496 in
1000 2469 1116 2498 alterum
1129 2469 1193 2497 elati
1209 2469 1334 2498 excidant
1360 2478 1374 2498 a
1391 2478 1456 2507 pace
1476 2473 1504 2498 et
1518 2469 1675 2498 concordia.

881 2513 1050 2542 charismata
1065 2513 1137 2542 enim
1152 2522 1208 2542 non
1232 2514 1435 2543 attendentibus
1459 2514 1561 2543 fastum
1581 2518 1607 2543 et
1621 2513 1678 2542 ela-

880 2558 987 2587 tionem
1016 2558 1162 2587 advehunt.

728 2683 822 2714 Variae
841 2683 991 2715 lectiones.

70 2736 90 2754 ¹⁶
105 2734 171 2767 αὖθις
190 2744 217 2764 o.
256 2736 278 2754 ¹⁸
293 2737 336 2772 μὲν
350 2745 378 2765 0.

70 2784 102 2814 (ι)
114 2783 175 2817 Quo
188 2785 350 2817 argumento
359 2785 482 2817 constet,
498 2789 514 2811 a
526 2782 610 2816 clero,
626 2789 683 2811 non
693 2789 708 2810 a
720 2782 822 2819 populo
836 2782 955 2811 missum
969 2782 1200 2819 Epaphroditum,
1214 2791 1264 2819 ego
1282 2781 1391 2818 quidem
1403 2780 1527 2809 nondum
1544 2789 1615 2817 queo
1635 2780 1679 2808 vi-

39 2821 107 2850 dere.
128 2823 266 2851 LATINUS
279 2823 442 2851 Lulmus.
