1886 3082
77 179 152 206 1145

503 177 678 207 EXPOSITIO
698 179 728 206 [N
749 179 853 207 EPIST.
873 181 919 208 AD
939 181 1078 208 PillLlPP.
1097 197 1133 201 —
1151 181 1225 209 CAP.
1247 182 1267 210 Ι.

1656 181 1725 208 1146

76 242 166 280 ὑμᾶς,
197 240 223 271 ἔν
238 253 265 270 τε
293 244 346 275 τοῖς
366 241 472 280 δεσμοῖς
505 253 570 279 μου,
596 241 642 271 καὶ
724 243 872 283 ἀπολογία,
890 245 913 276 Α
930 244 974 270 vin

967 243 1046 271 iculis
1056 244 1128 278 meis,
1142 247 1165 271 ei
1175 246 1205 271 in
1216 245 1371 278 defensione
1386 246 1412 272 et
1424 244 1623 279 conﬁrmatione
1635 245 1726 272 Evan-

77 286 126 315 καὶ
153 285 295 326 βεϐαιώσει
310 288 353 316 τοῦ
373 286 562 325 ,Εὐαγγελίοψ
580 297 594 315 ι)
611 286 748 324 ΙΙέποιθα,
775 287 871 326 φησὶν,

80 330 122 360 ὅτι
140 331 203 371 ἄχρι
227 331 317 364 τέλους
343 334 454 360 τοιοῦτοι
484 331 590 370 ἔσεσθε,
616 332 660 361 καὶ
685 334 771 372 φρονῶ
797 335 874 362 τοῦτο

77 375 146 416 ὑπὲρ
161 377 251 413 ὑμῶν,
277 375 341 405 διότι
358 375 399 404 ἀεὶ
421 377 477 415 ἔχω
496 377 523 404 ἐν
540 378 573 416 τῇ
601 377 698 416 καρδίαι⁵
722 378 804 416 ὑμᾶς,
829 377 875 406 καὶ

76 416 138 450 οἶδα
159 419 194 450 τὰ
208 420 321 460 ὑμέτερα
350 420 560 460 κατορθώματα,
582 421 628 450 καὶ
649 421 690 450 ὅτι
715 422 874 456 σπουδάζετε

77 465 134 504 xui:
146 465 258 498 ἀπόντες
280 465 450 503 συγκοινωνοί
475 477 526 503 μου
550 465 670 504 γενέσθαι
694 468 741 502 τῆς
768 467 875 506 χάριτος

76 513 125 539 τοῦ
164 509 328 549 Εὖαγγελίου
354 510 402 539 καὶ
430 511 480 539 τῶν
507 511 622 548 δεσμῶν.
657 510 743 541 "non
776 511 875 541 δίκαιόν

77 555 150 584 ἐστιν
162 555 208 592 ἐμὲ
230 557 340 584 τοιαῦτα
363 555 537 594 στοχάζεσθαι
562 555 628 595 ὑπὲρ
643 557 732 594 ὑμῶν,
755 556 800 585 καὶ
823 556 875 584 ἀπὸ

76 602 131 628 τῶν
153 598 298 638 προοιμίων
335 600 524 638 τεκμαίρεσθαι
532 599 559 617 ²²
574 600 664 630 καὶτὸ
688 600 769 634 τέλος.
788 599 875 630 ⁴¹Οσον

79 643 108 671 δὲ
131 643 262 682 ἐγκώμιον
284 643 314 673 τὸ
344 645 370 672 ἐν
397 643 494 684 καρδίᾳ
524 639 591 674 εἶναι
607 644 732 681 Παύλου,
761 648 807 675 τοῦ
837 645 874 683 μὴ

78 688 171 720 ἁπλῶς
195 688 294 724 οὕτως,
317 688 386 718 ἀλλὰ
407 688 474 726 μετὰ
499 688 628 729 κρίσεως,
650 689 695 718 καὶ
717 689 776 723 τοὺς
790 689 875 723 ἀξίους

77 733 251 771 ἀγαπῶντος
269 732 347 762 Ἀλλ’
362 734 415 762 οὐδ’
428 733 485 769 ὅτε,
501 733 580 773 φησιν
591 757 598 770 ,
614 734 799 773 ἀπελογούμην
820 733 875 763 Νέ-

82 789 162 815 ρωνι,
181 777 305 812 ἑξέστητέ
320 789 369 816 μου
399 780 445 813 τ’ῆς
471 778 586 816 μνήμης.
606 777 756 808 Βεϐαίωσιν
779 779 806 808 δὲ
829 782 874 808 τοῦ

82 822 245 862 Εὐαγγελίου
268 822 301 852 τὰ
337 822 422 861 δεσμά
450 834 514 862 φησι
539 823 585 852 καὶ
609 823 655 856 τὰς
679 823 788 863 θλίψεις.
822 823 875 853 Καὶ

82 867 227 905 ἀπολογίαν
256 867 282 896 δὲ
297 867 364 896 αὐτὰ
379 870 463 896 ταῦτα
486 867 566 900 εἴποις
582 867 625 898 ἄν.
651 867 787 908 Πρόδηλον
806 869 874 908 γὰρ,

80 912 121 940 δτι
143 912 218 949 εἰμὴ
246 911 386 941 ἐπέπειστο
403 911 532 952 ἀῤῥήτους
556 908 622 941 εἶναι
648 912 806 949 ἀντιδόσεις,
831 912 875 942 καὶ

80 957 171 996 ἄφατα
186 955 291 996 ἀγαθὰξ,
307 957 353 986 οὐκ
371 956 402 985 ἂν
418 957 563 994 ἐδεσμεῐτο·
580 957 626 986 οὐκ
637 956 662 974 ²³
679 957 709 985 ἂν
725 958 762 997 τῷ
778 957 874 997 θηριώ-

79 1002 119 1029 εει
135 1001 238 1040 Νέρωνι
261 1001 453 1041 προσέκρουεν,
481 1002 503 1029 εἰ
524 1000 561 1040 μὴ
577 1001 657 1031 ἄλλον
674 1001 786 1041 βασιλέα
803 1014 876 1040 μονιυ

79 1045 199 1084 μώτερον
215 1045 240 1063 ²⁴
267 1045 400 1085 προεώρα.
433 1045 519 1075 υΩστε
548 1046 574 1074 αἱ
609 1046 709 1086 θλίψεις
735 1045 876 1085 βεϐαίωσις

77 1092 126 1119 τοῦ
144 1091 318 1129 Εὖαγγελίου.

125 1146 141 1163 (ι
157 1134 351 1174 Συγκοινωνούς
375 1146 420 1173 μοι
452 1136 499 1170 τῆς
526 1134 634 1174 χάριτος
677 1135 779 1168 πάντας
808 1136 877 1174 aps;

78 1179 198 1212 ὄντας.»
217 1179 356 1209 Δείκνυσιν
373 1179 499 1216 ἐνταῦθα,
520 1179 560 1208 ὅτι
575 1180 622 1209 οὐκ
648 1179 761 1218 ἀκρίτως
783 1181 878 1214 αὐτοὺς

78 1226 185 1263 ἀγαπᾷ.
202 1223 253 1254 Διὰ
269 1226 346 1253 τοῦτο
359 1224 411 1263 γὰρ
421 1246 430 1260 ,
449 1223 544 1264 φησὶν,
559 1223 614 1263 ἔχω
636 1225 704 1262 ὑμᾶς
717 1225 744 1253 ἐν
759 1226 792 1264 τῇ
808 1236 877 1264 καρ-

78 1267 136 1307 δίᾳ,
150 1268 215 1298 διότι
243 1268 414 1307 συγκοινωνοί
436 1268 482 1306 μοί
497 1270 556 1298 ἐστε
572 1270 619 1304 τῆς
630 1269 738 1308 χάριτος
759 1269 857 1305 ταύτης
868 1293 876 1307 ,

78 1312 200 1342 τουτέστι
223 1314 275 1342 τῶν
298 1313 410 1353 θλίψεων
439 1313 484 1342 καὶ
508 1315 560 1342 τῶν
581 1314 700 1351 δεσμῶν
721 1313 767 1342 καὶ
792 1325 877 1343 σπου-

78 1358 173 1391 δάζετε
211 1357 248 1395 μὴ
277 1359 468 1397 ἀπολειφθῆναι
495 1359 572 1395 ἡμῶν
595 1359 622 1387 ἐν
647 1362 703 1391 ταῖς
740 1358 875 1399 θλίψεσιν,

79 1401 152 1431 ἀλλὰ
180 1403 233 1431 τῶν
255 1402 320 1440 ὑπὲρ
343 1405 388 1431 τοῦ
416 1403 578 1440 Εὖαγγελίου
604 1404 759 1442 πειρασμῶν
785 1415 877 1432 κοινω-

79 1449 170 1482 ν’ἧσαι.
181 1444 290 1482 Ὅτι-δὲ
300 1447 327 1465 2⁵
342 1446 418 1486 χάρις
435 1446 467 1475 τὰ
479 1447 579 1485 δεσμὰ,
602 1447 682 1481 δῆλον
693 1459 699 1465 ·
711 1461 723 1473 α
735 1448 823 1487 Ἀρκεῖ
837 1459 878 1477 σοι

78 1494 96 1526 ἡ
126 1491 204 1531 χάρις
233 1503 292 1530 μου.
321 1490 354 1521 Ἡ
380 1491 431 1531 γὰρ
466 1491 575 1528 δύναμίς
606 1503 656 1530 μου
688 1493 714 1520 ἐν
755 1493 876 1533 ἀσθενείᾳ

79 1537 240 1565 τελειοῦται,
255 1549 267 1562 ιι
277 1534 314 1566 Ἢ
331 1536 345 1564 ὃ
361 1535 407 1566 καὶ
423 1537 533 1574 μᾶλλον,
544 1537 578 1569 ὡς
589 1536 740 1575 προκατιὼν
751 1537 777 1556 π
793 1537 875 1576 λέγει,

79 1580 243 1618 ὅτιιι“ἶ’μῖν
271 1580 398 1622 ἐχαρίσθη
427 1581 457 1610 τὸ
484 1580 550 1620 ὑπὲρ
580 1582 696 1620 Χριστοῦ
728 1581 877 1622 πάσχειν.»

78 1624 158 1664 ιὍροι
167 1625 209 1663 δὲ,
224 1627 279 1658 πῶς
289 1627 337 1654 οὐκ
348 1620 417 1662 εἶπε,
429 1624 575 1659 Κοινωνοὺς
583 1649 591 1662 ,
606 1625 674 1654 ἀλλὰ
683 1648 690 1661 ,
702 1639 714 1652 ι
725 1620 878 1666 Συγκοινω-

79 1669 154 1704 γοὺς,
177 1683 190 1695 ι
203 1669 302 1703 δεικνὺς
318 1669 358 1698 ὅτι
369 1669 414 1699 καὶ
430 1669 508 1703 αὐτὸς
523 1670 549 1689 ²⁷
565 1671 655 1703 ἄλλοις
675 1670 731 1700 ἐστὶ
743 1671 878 1708 κοινωνὸς,

79 1713 175 1753 ὥσπερ
189 1715 308 1754 ἀλλαχοῦ
325 1725 413 1755 φησιν,
430 1725 445 1743 (ί
457 1713 517 1744 Ἵνα
534 1715 707 1753 συγκοινωνὸς
719 1717 765 1745 τοῦ
791 1717 879 1754 Εὐαγ-

77 1758 170 1797 γελίου
195 1758 328 1797 γένωμαι,
344 1770 359 1788 ι)
386 1759 536 1799 τουτέστιν,
561 1759 622 1790 Ἵνα
656 1760 813 1796 κοινωνήσω
826 1762 877 1789 τῶν

78 1802 263 1842 ἀποκειμένων
275 1805 396 1843 ἀγαθῶν,
418 1808 472 1837 τοῖς
497 1803 526 1833 τὸ
543 1804 703 1844 Εὖαγγέλιον
725 1805 877 1844 καταγγέλ-

77 1850 167 1879 λουσι.

123 1893 259 1933 «Μάρτυς
275 1892 326 1932 γάρ
354 1892 404 1932 μού
436 1895 505 1923 ἐστιν
535 1895 548 1923 ὁ
574 1893 656 1930 Θεὸς,
687 1895 723 1927 ὥς
759 1895 877 1924 ἐπιποθῶ

77 1938 182 1970 πάντας
209 1939 278 1974 ὑμᾶς
322 1939 347 1967 ἐν
375 1937 536 1978 σπλάγχνοις
580 1937 668 1974 Ἰησοῦ
711 1939 841 1978 Χριστοῦ.
866 1955 876 1966 ν

77 1984 145 2021 Οὐχ
161 1984 195 2015 ὡς
212 1982 402 2020 ἀπιστούμενος
416 1983 539 2022 μάρτυρα
561 1984 637 2012 καλεῖ
652 1982 694 2012 τὸν
709 1984 792 2019 Θεὸν,
809 1984 877 2014 ἀλλὰ

76 2027 130 2062 τὴν
144 2027 242 2063 πολλὴν
253 2027 379 2058 διάθεσιν.
397 2029 455 2058 Οὐκ
466 2027 534 2067 ἔχων
546 2029 718 2067 παραστῆσαι
727 2027 770 2056 διὰ
783 2028 875 2068 λόγου,

77 2074 117 2112 τῷ
150 2073 212 2111 Θεῷ
237 2073 432 2109 καταλιμπάνει
457 2075 548 2109 τοῦτο,
575 2074 613 2112 τῷ
629 2072 675 2105 τὰς
704 2073 814 2112 καρδίας
835 2073 878 2108 ἐξ-

75 2117 207 2150 ετάζοι-οτι.
234 2117 321 2146 Τοῦτο
337 2117 363 2146 δὲ
392 2119 438 2146 τοῦ
455 2117 593 2153 ἀληθεύειν
620 2116 698 2146 αὐτὸν
722 2116 876 2158 τεκμήριον.

75 2163 120 2190 Οὔ
146 2161 196 2200 γὰρ
226 2160 270 2197 ἂν,
293 2163 315 2190 εἰ
351 2161 506 2191 ἐκολάκευεν
541 2160 653 2198 αὐτοὺς,
683 2161 804 2201 μάρτυρα
832 2162 876 2191 τὸν

76 2205 150 2235 Θεὸν
162 2205 296 2235 ἐκάλεσεν.
307 2219 319 2232 α
337 2205 382 2236 Ἐν
404 2206 567 2246 σπλάγχνοις
579 2220 590 2232 ιο
603 2205 630 2235 δὲ
641 2228 648 2244 ,
665 2202 736 2236 εἶπεν
745 2220 774 2243 ,α
789 2206 878 2242 Ἰησοῦ

928 289 999 322 gelii.
1016 288 1141 322 Conﬁdo,
1154 289 1250 324 inquit,
1266 297 1315 316 vos
1324 288 1358 317 ad
1371 288 1453 317 ﬁnem
1464 295 1549 324 usque
1563 289 1633 316 tales
1654 287 1721 321 fore,

926 337 1007 369 atque
1021 333 1073 361 hoc
1087 333 1121 361 de
1135 333 1211 361 vobis
1221 334 1322 367 sentio,
1336 333 1422 369 429
1435 332 1658 369 quandoquidem
1673 341 1722 360 vos

928 377 956 405 in
975 377 1058 407 corde
1081 386 1144 406 meo
1169 386 1277 414 semper
1301 386 1378 414 gero,
1403 382 1484 414 atque
1507 377 1564 406 scio
1591 378 1721 413 praeclara

928 431 1011 459 opera
1024 427 1124 457 vestra,
1140 427 1168 451 et
1181 423 1252 460 quod
1276 423 1400 452 absentes
1421 422 1504 450 etiam
1518 422 1589 450 dctis
1610 430 1722 458 operam

929 472 1071 496 consortes
1080 467 1147 495 mihi
1160 468 1219 496 ﬁeri
1228 468 1322 504 gratias
1332 467 1469 502 Evangelii
1484 467 1721 502 vinculorumque.

929 512 1047 541 Proinde
1067 513 1172 549 justum
1196 515 1238 541 est
1258 520 1304 540 me
1329 512 1392 540 talia
1420 511 1455 540 de
1479 511 1556 539 vobis
1579 511 1722 547 conjicere,

927 562 1009 593 atque
1022 566 1055 585 ex
1070 557 1228 593 primordiis
1243 557 1326 585 ﬁnem
1341 557 1479 593 eolligcre.
1496 556 1603 591 Quanta
1627 560 1724 583 autem

929 602 987 630 laus
1007 606 1047 630 est
1060 601 1146 630 Paulo
1170 610 1228 630 esse
1242 601 1330 635 cordi,
1352 602 1397 638 qui
1423 609 1481 629 non
1505 601 1539 628 ita
1555 600 1725 636 simpliciter,

929 647 977 674 sed
991 655 1054 674 cum
1067 646 1182 683 judicio,
1198 651 1225 674 et
1239 646 1337 683 dignos
1350 645 1463 681 diligit?
1478 648 1517 674 At
1530 653 1564 673 ne
1583 649 1644 672 tum
1662 645 1726 680 qui-

930 691 1007 725 dem,
1024 691 1121 727 inquit,
1144 691 1254 727 quando
1279 690 1349 727 apud
1375 692 1510 719 Neronem
1536 689 1726 718 defensionem

931 744 1022 764 meam
1037 735 1104 770 feci,
1126 736 1257 764 memoria
1286 743 1345 764 mea
1373 735 1517 763 excidistis.
1534 733 1728 763 Conﬁrmatio-

929 789 993 808 nem
1007 785 1099 808 autem
1114 781 1253 816 Evangelii
1279 780 1383 808 vincula
1407 785 1433 808 et
1453 779 1616 808 afﬁictiones
1636 782 1726 812 vocat,

928 831 956 854 et
968 826 1028 854 haec
1042 826 1100 862 ipsa
1113 825 1302 854 defensionem
1315 825 1404 853 dicere
1420 825 1530 861 poteris.
1546 824 1724 860 Perspicuum

928 871 1001 899 enim
1015 875 1067 904 est,
1084 870 1135 898 nisi
1149 870 1247 899 fuisset
1266 877 1414 906 persuasus
1434 869 1588 898 ineffabiles
1607 876 1665 897 esse
1678 876 1725 896 re—

931 916 1105 949 tributiones,
1127 920 1154 943 et
1173 915 1253 942 nullis
1268 915 1358 942 verbis
1381 914 1544 942 enarrabilia
1567 914 1639 941 bona
1664 921 1725 948 qua:

930 965 1109 996 exspectaret,
1125 967 1181 988 non
1201 960 1299 988 fuisset
1312 960 1423 987 vinctus
1447 969 1455 986 :
1481 958 1588 986 efferati
1610 958 1727 986 Neronis

931 1005 1112 1033 oiieiisionem
1128 1013 1184 1032 non
1208 1004 1375 1036 incurrisset,
1396 1004 1449 1032 nisi
1472 1004 1557 1031 alium
1577 1003 1726 1038 imperato-

931 1058 988 1077 rem
1013 1049 1116 1077 diutius
1143 1048 1307 1077 duraturum
1334 1049 1427 1076 animo
1455 1056 1505 1076 suo
1533 1047 1725 1083 prospexisset.

933 1096 1027 1130 Itaque
1036 1094 1199 1122 aillictiones
1213 1098 1278 1122 sunt
1295 1093 1466 1122 conﬁrmatio
1482 1092 1626 1128 Evangelii.

967 1141 1035 1166 Dum
1057 1139 1171 1166 consocii
1192 1139 1292 1173 gratiae
1313 1146 1378 1165 mele
1391 1146 1437 1166 eos
1458 1145 1546 1164 omnes
1561 1138 1633 1164 sitis.
1648 1136 1728 1164 Ponit

931 1183 975 1211 hic
989 1183 1025 1212 ob
1042 1183 1145 1217 oculos,
1159 1190 1187 1211 se
1201 1184 1266 1211 citra
1285 1182 1418 1219 judicium
1441 1181 1515 1210 haud
1530 1189 1578 1210 eos
1597 1181 1726 1216 diligere;

932 1232 1087 1264 propterea,
1108 1227 1207 1264 inquit,
1223 1228 1310 1256 habeo
1334 1235 1382 1255 vos
1403 1227 1431 1255 in
1450 1226 1543 1259 corde,
1567 1226 1638 1262 quod
1662 1225 1728 1253 estis

932 1273 997 1300 mihi
1026 1273 1145 1300 consocii
1170 1273 1265 1308 gratiae
1282 1272 1373 1309 huius,
1396 1271 1424 1299 id
1438 1275 1478 1299 est
1494 1271 1674 1299 afﬁictiouum
1701 1274 1729 1298 et

931 1318 1103 1344 vinculorum
1118 1326 1124 1343 :
1140 1317 1296 1352 navatisque
1306 1324 1430 1352 operam,
1444 1324 1479 1343 ne
1492 1324 1507 1343 a
1522 1315 1600 1343 nobis
1614 1315 1641 1342 iu
1656 1314 1726 1342 aiﬁi-

931 1361 1067 1389 clionibus
1081 1361 1222 1395 deﬁciatis,
1236 1369 1331 1389 verum
1344 1365 1375 1389 ut
1388 1360 1575 1388 tentationum
1588 1367 1655 1395 quas
1678 1367 1727 1395 pro

932 1407 1078 1443 Evangelio
1093 1406 1271 1440 sustinemus,
1288 1405 1378 1441 potius
1393 1404 1540 1441 participes
1554 1403 1724 1432 efﬁciamini.

933 1451 1015 1487 Quod
1030 1456 1121 1479 autem
1150 1451 1257 1478 vincula
1273 1451 1325 1478 sint
1345 1450 1442 1486 gratia,
1458 1450 1570 1486 planum
1589 1453 1630 1477 est
1644 1457 1677 1476 ex
1695 1456 1728 1476 eo

931 1495 1006 1532 quod
1021 1496 1158 1523 Dominus
1168 1495 1207 1523 ait
1223 1506 1229 1523 :
1246 1496 1352 1530 Sufﬁcit
1365 1495 1415 1522 tibi
1424 1495 1514 1529 gratia
1523 1502 1597 1524 mea:
1607 1494 1727 1529 potenlia

933 1542 1002 1568 enim
1015 1548 1079 1568 mea
1096 1542 1124 1568 in
1147 1541 1312 1574 inﬁrmitate
1322 1541 1492 1574 perﬁcitur°.
1518 1538 1566 1566 Vel
1587 1538 1661 1574 quod
1676 1546 1721 1574 po-

931 1585 985 1613 tius
999 1589 1051 1617 est,
1067 1589 1098 1612 ut
1110 1585 1136 1612 in
1150 1592 1294 1620 progressu
1309 1584 1385 1617 dicit,
1402 1584 1483 1611 Vobis
1494 1584 1622 1611 donatum
1633 1586 1683 1616 est,
1698 1585 1729 1610 ut

930 1638 979 1664 pro
1013 1631 1117 1658 Christo
1149 1631 1308 1664 patiamini.
1337 1629 1530 1656 Animadverte
1553 1632 1645 1655 autem
1674 1627 1728 1661 hic,

930 1674 1072 1710 quomodo
1084 1682 1141 1702 non
1153 1674 1267 1707 dixerit,
1279 1673 1361 1707 socii,
1376 1673 1438 1707 sed,
1455 1673 1592 1706 consocii,
1607 1672 1729 1700 indicans

931 1727 960 1747 se
973 1719 1032 1747 aliis
1050 1719 1134 1746 etiam
1149 1718 1365 1746 communicare.
1380 1717 1495 1746 Perinde
1509 1726 1542 1745 ac
1558 1718 1585 1745 in
1598 1717 1652 1745 alio
1669 1716 1728 1744 loco

931 1764 981 1797 ait,
1010 1765 1044 1791 Ut
1057 1770 1165 1791 consors
1184 1764 1332 1797 Evangelii
1347 1765 1425 1798 ﬁam,
1441 1762 1492 1790 hoc
1512 1766 1562 1796 est,
1579 1763 1619 1790 Ut
1641 1762 1725 1796 parti-

930 1816 995 1844 ceps
1007 1807 1072 1836 ﬁam
1092 1807 1229 1836 bonorum
1246 1807 1384 1843 Evangelii
1408 1806 1634 1842 praedicatoribus
1647 1813 1727 1841 repo-

932 1853 1061 1881 sitorum.

967 1899 1052 1925 Vens.
1067 1901 1094 1925 8.
1112 1898 1199 1925 Testis
1213 1898 1282 1924 enim
1296 1897 1364 1924 mihi
1383 1898 1421 1923 est
1439 1898 1519 1927 Deus,
1540 1895 1671 1930 quomodo
1687 1903 1730 1921 cu-

929 1944 1006 1977 piam
1020 1950 1109 1969 omnes
1126 1949 1172 1969 vos
1185 1943 1213 1968 in
1223 1941 1367 1968 visceribus
1382 1942 1444 1968 Jesu
1453 1941 1565 1968 Christi.
1579 1941 1640 1967 Non
1655 1939 1728 1975 quod

930 1988 954 2015 ei
977 1995 1035 2015 non
1055 1986 1231 2015 adhiberetur
1254 1985 1333 2019 ﬁdes,
1353 1987 1442 2013 Deum
1465 1988 1563 2012 testem
1584 1983 1697 2012 adducit
1719 1993 1726 2010 :

930 2032 977 2060 sed
991 2032 1055 2068 quia
1068 2039 1197 2067 magnum
1217 2031 1301 2058 animi
1317 2031 1359 2058 sui
1374 2029 1508 2058 affectum
1529 2028 1621 2057 verbis
1636 2029 1728 2064 expri-

930 2084 1005 2104 mere
1018 2084 1076 2104 non
1098 2080 1200 2112 posset,
1218 2076 1274 2103 Deo
1299 2075 1352 2103 hoc
1369 2074 1510 2110 relinquit,
1532 2073 1616 2102 corda
1637 2073 1730 2109 explo-

929 2121 1008 2149 ranti.
1027 2123 1128 2157 Estque
1155 2120 1207 2148 hoc
1232 2120 1344 2148 evidens
1368 2123 1563 2156 argumentum
1582 2126 1645 2147 eum
1669 2126 1729 2146 esse

930 2174 1054 2194 veracem
1070 2176 1076 2194 :
1090 2173 1145 2194 non
1161 2165 1235 2192 enim
1250 2165 1273 2192 si
1289 2165 1330 2192 eis
1344 2164 1512 2198 adularetur,
1528 2165 1618 2191 Deum
1633 2171 1727 2191 vocas-

929 2215 971 2238 set
989 2214 1097 2239 testem.
1119 2211 1151 2238 Ιιι
1169 2210 1315 2237 visceribus
1332 2213 1426 2237 autem
1446 2208 1516 2236 dixit
1532 2209 1595 2235 Jesu
1616 2208 1728 2241 Christi,

77 2251 211 2290 Χριστοῦ·
226 2264 237 2277 ι
248 2249 379 2280 τουτέστιν
387 2250 482 2291 ,χΟὐχὶ
504 2251 546 2280 διά
570 2263 596 2280 τι
615 2250 776 2290 ἀνθρώπινον
787 2273 794 2287 ,
823 2252 877 2281 οὐδ’
892 2266 917 2297 D
932 2255 975 2283 [104

967 2264 985 2283 ic
1003 2259 1053 2290 est,
1074 2263 1131 2283 non
1148 2254 1184 2283 ob
1204 2254 1352 2282 humanam
1367 2253 1523 2289 quampiam
1541 2252 1731 2281 commodita—

76 2296 120 2325 ὅτι
139 2294 275 2336 ἐπέμψατέ
299 2307 344 2331 μοι
359 2295 393 2324 τὰ
411 2296 476 2334 πρὸς
492 2295 601 2335 χρείαν,
633 2295 692 2324 ἀλλ’
706 2297 732 2324 ἐν
752 2298 785 2336 τῇ
808 2297 876 2325 κατὰ

77 2339 152 2371 Θεὸν
166 2340 268 2378 ἀγάπῃ.
286 2338 325 2369 Ἢ
336 2362 344 2376 ,
365 2339 406 2369 ὅτι
423 2339 518 2380 Πατὴρ
534 2342 607 2378 ὑμῶν
634 2339 748 2379 γεγονὼς
763 2340 807 2369 διὰ
831 2343 878 2377 τῆς

77 2385 195 2418 πίστεως
223 2387 270 2420 τῆς
291 2386 326 2418 εἷς
352 2384 485 2425 Χριστὸν,
510 2385 653 2425 σπλάγχνα
673 2385 727 2425 ἔχω
749 2385 788 2425 ἐφ’
802 2387 878 2424 ὑμῖν,

77 2431 107 2459 οὖ
126 2428 241 2468 φυσικὰ,
262 2429 320 2458 ἀλλ’
342 2425 384 2459 οἶα
400 2430 515 2469 Χριστὸς
534 2430 674 2470 χαρίζεται
695 2434 748 2463 τοῖς
763 2430 879 2469 γνησίοις

78 2474 289 2514 αὑτοῦιδούλοις,
303 2478 356 2507 τοῖς
371 2475 443 2514 αὐτῷ
462 2475 571 2513 γεννῶσι
595 2473 628 2503 τὰ
643 2477 689 2503 τοῦ
715 2475 878 2514 Εὖαγγελίου

78 2519 172 2550 τέκνα.
196 2519 302 2553 Πάντας
318 2518 345 2548 δὲ
366 2520 454 2558 ποθῶ,
480 2519 571 2555 ἐπειδὴ
586 2519 631 2550 καὶ
650 2519 747 2553 πάντες
770 2519 881 2550 τοιοῦτοί

83 2565 156 2594 ἔστι.

121 2622 133 2635 α
150 2608 206 2639 Καὶ
240 2609 317 2638 τοῦτο
340 2607 545 2649 προσεύχομαι,
573 2607 618 2638 ἵνα
641 2611 658 2646 ἠ
683 2609 776 2647 ἀγάπη
805 2611 879 2648 ὓμῶν

82 2653 121 2683 ἔτι
149 2654 250 2692 μᾶλλον
273 2653 319 2683 καὶ
339 2655 441 2693 μᾶλλον
478 2654 631 2695 περισσεύῃ.
655 2668 666 2681 ν
684 2654 778 2685 Καίτοι
810 2654 878 2684 οὕτω

119 2736 131 2751 °
150 2735 174 2762 ii
195 2734 260 2763 Cor.
275 2741 333 2770 ιη,
349 2737 380 2763 9.

931 2304 998 2334 tem,
1013 2308 1063 2328 nec
1077 2300 1142 2335 quia
1164 2299 1359 2327 transmisistis
1383 2298 1449 2326 mihi
1474 2297 1573 2334 quibus
1595 2297 1729 2326 haberem

932 2353 1011 2380 opus,
1027 2344 1076 2372 sed
1101 2344 1136 2372 ob
1159 2344 1279 2372 divinam
1304 2342 1486 2371 dilectionem.
1506 2342 1552 2370 Vel
1572 2342 1637 2378 quia
1652 2346 1732 2377 pater

933 2392 1020 2417 vester
1035 2388 1122 2416 iactus
1137 2396 1184 2424 per
1199 2387 1283 2415 ﬁdem
1300 2388 1326 2415 in
1346 2387 1499 2422 Christum,
1515 2387 1620 2416 viscera
1640 2386 1729 2414 habeo

932 2441 996 2469 erga
1009 2441 1067 2468 vos,
1081 2441 1137 2461 non
1156 2432 1301 2467 naturalia,
1318 2432 1368 2460 sed
1382 2432 1473 2468 qualia
1495 2431 1619 2460 Christus
1633 2431 1731 2468 genui-

933 2480 978 2508 nis
995 2480 1052 2508 suis
1066 2480 1149 2509 servis
1169 2479 1302 2515 impertit,
1324 2479 1519 2515 generantibus
1538 2479 1595 2515 ipse
1613 2479 1735 2514 Evange-

934 2525 961 2553 lii
972 2525 1052 2553 iilios.
1062 2525 1166 2553 Omnes
1177 2528 1271 2552 autem
1283 2523 1410 2552 desidero
1425 2528 1452 2552 et
1467 2523 1643 2552 vehementer
1657 2531 1730 2556 amo,

935 2569 1159 2606 quandoquidem
1183 2573 1210 2596 et
1225 2576 1322 2597 omnes
1336 2569 1405 2597 tales
1424 2568 1497 2597 estis.

969 2616 1060 2642 Vens.
1077 2617 1104 2642 9.
1116 2616 1151 2642 Et
1162 2615 1212 2642 hoc
1227 2622 1284 2648 oro,
1300 2616 1331 2641 ut
1346 2615 1466 2641 charitas
1476 2615 1567 2640 vestra
1576 2611 1661 2647 430
1675 2620 1731 2638 ma-

933 2660 975 2695 gis
989 2667 1020 2687 ac
1041 2660 1135 2695 magis
1149 2659 1278 2687 abundet.
1301 2658 1417 2687 Etiamsi
1441 2658 1478 2686 ita
1501 2657 1643 2685 adamatus
1662 2660 1722 2684 erat

792 2771 888 2802 Variae
912 2771 1060 2802 lectiones.

119 2823 141 2841 ²²
164 2824 332 2860 τεκμαίρομαι
345 2831 371 2853 o.
411 2823 434 2842 “
445 2824 497 2851 οὐδ’
511 2831 540 2854 o.
577 2824 599 2842 ³⁸
615 2825 776 2861 μονιμώτατα
790 2833 816 2854 ο.
854 2825 877 2843 ’⁵
890 2825 938 2862 γὰρ
952 2833 979 2855 o.
1017 2825 1039 2844 ³⁸⁵
1053 2825 1210 2860 παρακατιὼν
1221 2832 1248 2853 ο.
1287 2823 1308 2840 ’⁷
1321 2822 1390 2853 οὗτος
1401 2829 1427 2850 ο-
