1886 3082
45 171 134 198 1149

508 169 683 198 EXPOSlTlO
703 171 737 199 IN
755 171 859 200 EPIST.
879 172 924 200 AD
942 172 1083 201 PHILIPP.
1102 188 1137 195 —-
1156 173 1231 202 CAP.
1252 174 1272 201 1.

1643 175 1713 203 “50

44 232 145 271 μόνον
158 233 208 263 οὐκ
229 232 382 264 ἐνεπόδισαν
401 232 435 263 τὰ
452 233 537 272 δεσμά
554 245 604 272 μου
626 234 664 274 τῷ
689 233 862 276 Εὔαγγιιλίῳ,
880 241 905 272 Α

948 240 958 264 ι
972 245 979 265 z
995 237 1056 265 Non
1069 236 1158 265 solum
1174 244 1230 264 non
1241 236 1442 273 impediverunt
1453 237 1633 273 Evangelium
1648 237 1712 266 vin-

44 276 134 307 ἀλλὰ
147 278 195 308 καὶ
207 279 307 316 μᾶλλον
318 279 355 312 εἰς
365 277 505 319 προκοπὴν
520 277 648 319 ἐγένοντο.

99 336 113 350 ιι
131 321 225 353 εὨιι-τι
240 322 300 357 τοὺς
319 323 430 362 δεσμούς
469 335 520 362 μου
540 322 667 364 φανεροὺς
690 323 811 364 γενέσθαι
835 327 862 355 ἐν

45 367 176 409 Χριστῷ
204 369 230 398 ἐν
256 367 310 408 ὅλῳ
346 369 385 397 τῶ
408 368 576 409 πραιτωρίῳ,
610 368 656 398 καὶ
686 372 740 402 τοῖς
764 371 863 403 λοιποῖς

44 416 142 444 πᾶσι.
159 426 171 439 ι
184 412 338 449 Τουτέστιν,
348 410 438 443 Ὥστε
452 412 498 442 καὶ
513 412 650 451 δεδεμένον
661 413 724 442 ὄντα
735 425 769 452 με
783 414 862 444 πλέον

43 457 308 499 παρρησιάζεσθαι,
326 457 373 488 καὶ
389 457 427 496 μὴ
443 458 553 496 σιγῆσαί
575 469 622 497 με,
638 458 707 488 ἀλλὰ
725 458 756 488 τὸ
779 458 861 499 κήρυ-

45 514 117 543 γμα
133 505 183 532 τοῦ
198 503 276 543 λόγου
302 502 348 532 καὶ
371 503 449 543 ἄχρις
473 504 554 533 αὐτοῦ
568 503 668 543 φθάσαι
680 504 726 532 τοῦ
747 514 862 543 πραιτω-

48 547 118 588 ρίου
129 569 140 587 ,
152 548 274 578 τουτέστι
288 549 341 577 τῶν
358 547 518 587 βασιλείων,
533 547 578 577 καὶ
593 548 619 577 ἐν
688 547 764 578 πόλει
776 548 861 588 πάσῃ.

46 593 152 623 Τοῦτο
166 592 194 622 δὲ
214 593 241 622 ἕν
268 593 379 633 Χριστῷ
400 593 509 632 γέγονε·
529 593 681 629 τουτέστιν,
709 594 768 622 Οὐκ
799 593 861 632 ἐμὸν

50 637 229 676 κατόρθωμα
239 660 248 677 ,
259 637 328 667 ἀλλὰ
342 639 389 667 τοῦ
407 637 535 677 Χριστοῦ.
546 635 595 673 Ἣ,
607 636 676 671 Τοὺς
689 638 801 676 δεσμούς
812 650 861 677 μου

49 681 119 716 τοὺς
129 683 157 711 ἐν
174 682 284 722 Χριστῷ
293 705 300 719 ,
312 681 514 719 τουτέστι,τοὺς
527 682 570 712 διὰ
582 682 708 721 Χριστόν.

103 740 117 752 ε
141 726 197 756 Καὶ
224 725 284 760 τοὺς
309 725 431 760 πλείονας
460 728 513 756 τῶν
549 727 668 765 ἀδελφῶν
698 727 724 756 ἐν
756 726 861 768 Κυρίῳ,

49 771 222 805 πεποιθότας
247 775 301 804 τοῖς
335 771 440 809 δεσμοῖς
473 783 540 809 μου,
571 771 672 811 τολμᾷν
701 771 861 812 περισσοτέ-

53 826 114 855 ρως
139 814 247 856 ἀφόϐως
261 815 352 845 λαλεῖν
366 815 410 845 τὸν
443 815 530 854 λόγον.
547 826 562 845 1)
581 816 634 845 Καὶ
656 815 784 855 πρότερον
812 816 860 855 μὲν

52 860 305 900 ἐπαρρησιάζοντο,
328 862 373 888 νῦν
400 860 427 890 δὲ
449 859 635 900 περισσότερον
647 860 673 879 ³³
695 862 724 890 ἐκ
739 863 785 890 τοῦ
813 860 860 900 ἐμὲ

51 905 125 934 ἰδεῖν
145 903 225 934 πλέον
249 904 512 946 παῤῥησιαζόμινον,
538 905 686 935 καὶταῦτα
710 905 858 944 δεδεμένον.
876 900 898 931 Β

52 948 142 979 Ἐπεὶ
166 949 218 989 γὰρ
241 944 312 979 εἶδον
331 949 378 987 ἐμὲ
401 949 556 987 δεδεμένον,
582 949 786 991 ἄνεῤῥώσθησαν
811 951 860 980 χᾶ-

51 997 144 1023 κεῖνοι
168 994 204 1027 εἷς
227 994 317 1030 ζ’ῆλον.
333 993 411 1024 Ἐπεὶ
442 993 469 1023 δὲ
486 994 554 1033 μέγα
582 995 667 1023 ἐδόκει
689 994 792 1034 λέγειν,
821 995 861 1025 ὅτι

53 1037 137 1078 Ἐγὼ
152 1037 247 1072 αὖτοὺς
262 1038 392 1078 ἔθάῤῥυνα
405 1038 441 1074 ³⁴,
468 1034 540 1068 εἶπεν
552 1050 559 1057 ·
581 1050 595 1067 ‹‹
606 1037 654 1068 Ἐν
675 1039 778 1080 Κυρίῳ.
794 1051 808 1067 n
827 1041 861 1070 Εἰ

53 1082 149 1112 τοίνυν
177 1084 200 1112 οἱ
227 1082 303 1122 ἐγγὺς
322 1083 393 1116 ὄντες
420 1085 471 1112 τῶν
501 1084 605 1120 δεσμῶν
631 1095 682 1121 μου
707 1085 735 1113 οὐ
759 1086 859 1124 ταράτ-

53 1138 166 1165 τονται,
182 1127 251 1157 ἀλλὰ
276 1128 377 1166 μᾶλλον
394 1129 484 1157 πλεῖον
506 1127 600 1167 θάρσος
615 1127 746 1168 δέχονται,
768 1130 859 1169 πολλῷ

55 1172 166 1210 μᾶλλον
181 1173 248 1211 ὖμᾶς
263 1171 328 1213 χρή.

102 1275 116 1288 ι
131 1261 211 1295 Τινὲς
230 1261 277 1300 μὲν
293 1261 338 1291 καὶ
354 1261 397 1291 διὰ
420 1261 513 1302 φθόνον
528 1261 573 1291 καὶ
596 1262 669 1302 ἔριν,
684 1261 752 1296 τινὲς
772 1261 799 1292 δὲ
826 1263 860 1292 δι’

55 1305 184 1336 εὗδοκίαν
206 1306 250 1336 τὸν
276 1307 393 1346 Χριστὸν
417 1307 604 1346 κηρύσσουσιν.
623 1321 635 1333 ν
650 1306 763 1343 Ἐπειδὴ
794 1318 859 1336 κατ-

57 1351 160 1391 εσχέθη
186 1352 201 1381 ὃ
225 1351 351 1387 Παῦλος,
374 1351 468 1380 πολλοὶ
493 1353 546 1381 τῶν
575 1351 694 1381 ἀπίστων
718 1351 858 1391 ἐκήρυττον

56 1396 107 1425 καὶ
124 1396 199 1426 αὖτοὶ
214 1396 258 1426 τὸν
269 1395 401 1436 Χριστὸν,
419 1395 574 1436 βουλόμενοι
596 1397 632 1430 εἷς
650 1395 759 1426 πλείονα
779 1395 860 1436 ὀργὴν

58 1442 194 1471 ἐκκαῦσαι
216 1440 260 1470 τὸν
276 1440 406 1481 Νέρωνα,
426 1440 495 1470 ὥστε
516 1440 608 1481 τάχιον
622 1440 666 1470 τὸν
690 1442 798 1471 Παῦλον
815 1442 860 1470 ἄν·

59 1487 148 1522 ελεῖν,
164 1486 199 1519 ὥς
210 1487 255 1514 τοῦ
278 1485 447 1525 κηρύγματος
469 1487 607 1525 πανταχοῦ
630 1484 663 1514 δι’
671 1485 696 1503 ³³
714 1486 792 1515 αὐτοῦ
809 1497 859 1514 κα-

916 281 976 310 cula
995 289 1067 316 mea,
1082 280 1132 309 sed
1152 285 1180 309 et
1193 281 1222 309 in
1240 281 1444 318 promotionem
1459 282 1548 317 potius
1560 286 1710 311 cesserunt.

952 328 1036 355 Vnns.
1050 327 1091 354 l3.
1102 328 1147 354 Ita
1162 328 1191 354 ut
1205 326 1312 354 vincula
1325 334 1384 354 mea
1396 327 1549 361 manifesta
1567 328 1661 362 ﬁerent
1680 328 1712 355 in

919 371 1023 400 Christo
1033 372 1061 398 in
1074 373 1128 399 toto
1135 373 1276 407 prcetorio,
1292 373 1317 399 et
1329 373 1430 399 caeteris
1443 371 1576 399 omnibus.
1589 373 1649 400 Hoc
1659 375 1710 406 est,

917 420 948 444 ut
963 416 1069 444 vinctus
1089 423 1153 444 cum
1165 416 1229 450 sim,
1253 415 1352 452 majori
1371 415 1473 444 ﬁducia
1492 416 1599 452 loquar,
1622 424 1712 453 neque

916 461 1109 495 conticescam,
1142 460 1189 489 sed
1226 465 1256 488 ut
1281 460 1435 496 praedicatio
1467 461 1540 489 verbi
1565 461 1600 489 ad
1622 461 1711 498 ipsum

916 513 1002 542 usque
1025 505 1183 542 pratorium
1199 505 1361 542 pervenerit,
1385 505 1437 533 hoc
1451 509 1492 534 est
1511 505 1546 533 ad
1564 505 1654 541 ipsam
1668 514 1711 534 re-

916 550 997 586 giam,
1013 554 1094 586 atque
1108 550 1178 579 adeo
1193 550 1350 579 universam
1366 550 1477 578 urbem.
1496 551 1558 578 Hoc
1572 554 1667 578 autem
1684 551 1712 578 in

915 595 1024 623 Christo
1039 595 1141 624 factum
1151 599 1206 630 est,
1221 595 1250 623 id
1259 599 1309 630 est,
1324 597 1385 624 Non
1400 603 1494 624 meum
1508 599 1550 623 est
1564 603 1648 631 opus,
1665 595 1712 623 sed

915 640 1025 668 Christi.
1040 640 1101 674 Vel,
1123 640 1239 668 Vincula
1261 648 1321 668 mea
1343 640 1370 668 iu
1385 640 1509 675 Christo,
1526 639 1553 668 id
1574 643 1631 674 est,
1648 647 1712 676 quae

916 689 1027 720 propter
1040 685 1178 713 Christum
1191 685 1337 721 perpetior.

950 730 1036 758 Vnns.
1055 733 1098 758 l4.
1109 732 1144 758 Et
1157 732 1188 758 ut
1198 731 1292 765 plures
1302 738 1315 758 e
1324 730 1461 764 fratribus
1475 731 1505 758 in
1518 730 1643 762 Domino,
1654 738 1710 757 con-

915 773 1030 810 ﬁdentes
1044 775 1161 802 vinculis
1169 776 1244 807 meis,
1259 774 1450 802 abundantius
1462 775 1597 803 auderent
1612 775 1672 803 sine
1681 777 1715 802 ti-

915 827 986 847 more
995 827 1138 847 sermonem
1152 819 1233 854 loqui.
1254 821 1288 848 Et
1301 822 1381 847 antea
1396 819 1509 855 quidem
1523 819 1608 847 libere
1628 819 1710 847 doce-

916 864 981 892 bant
1000 864 1125 898 verbum,
1141 872 1216 892 nunc
1230 871 1293 892 vero
1311 863 1339 891 id
1351 868 1436 900 agunt
1449 863 1547 899 majori
1565 863 1664 892 ﬁducia
1685 868 1712 892 et

915 909 1062 944 alacritate,
1076 913 1225 945 postquam
1248 916 1294 937 me
1319 908 1538 936 animadvertunt
1551 915 1610 936 esse
1623 908 1711 936 conﬁ-

916 953 1080 988 dentiorem,
1093 953 1174 989 idque
1189 961 1253 982 cum
1271 952 1380 981 vinctus
1393 952 1446 980 sim
1462 961 1468 981 :
1482 957 1511 981 et
1524 953 1561 981 illi
1572 952 1606 981 ad
1624 960 1712 981 aemu-

915 998 1043 1026 lationem
1070 997 1217 1027 confortati
1242 1002 1317 1032 sunt,
1342 1001 1489 1034 postquam
1517 1005 1563 1026 me
1585 997 1713 1026 viderunt

916 1042 1048 1070 vinctum.
1076 1042 1147 1077 Quia
1178 1049 1244 1070 vero
1277 1050 1410 1078 magnum
1444 1041 1586 1070 videbatur
1611 1041 1710 1077 dicere,

915 1095 1022 1124 nempe,
1048 1089 1104 1124 Ego
1129 1087 1203 1123 ipsos
1227 1087 1361 1120 animavi;
1385 1089 1417 1115 In
1438 1088 1559 1118 Domino,
1581 1086 1659 1115 dixit.
1684 1087 1711 1115 Si

915 1132 998 1168 igitur
1011 1132 1057 1168 qui
1074 1132 1198 1168 proxime
1209 1136 1274 1160 sunt
1287 1131 1321 1160 ad
1332 1139 1393 1159 mea
1406 1131 1522 1165 vincula,
1532 1138 1587 1159 non
1597 1130 1711 1159 turban-

913 1181 971 1212 tur,
992 1177 1040 1206 sed
1058 1177 1194 1213 majorem
1213 1176 1304 1213 potius
1324 1176 1453 1204 ﬁduciam
1466 1175 1611 1212 recipiunt,
1625 1176 1711 1204 multo

915 1222 1001 1258 magis
1016 1229 1063 1250 vos
1075 1221 1202 1250 convenit
1214 1229 1272 1249 esse
1286 1220 1465 1249 conﬁdentes.

950 1268 1040 1295 Vnus.
1058 1269 1100 1294 15.
1118 1267 1234 1300 Quidam
1250 1267 1358 1301 quidem
1379 1268 1403 1293 ct
1414 1267 1528 1301 propter
1539 1265 1672 1293 inuidiam
1687 1268 1712 1293 et

915 1313 1116 1342 contentionem,
1130 1312 1242 1346 quidam
1252 1314 1343 1338 autem
1350 1313 1461 1346 propter
1479 1311 1572 1338 bonum
1585 1310 1711 1338 volunta-

915 1358 966 1383 tem
981 1356 1116 1383 Christum
1129 1356 1291 1391 pnedicant.
1315 1356 1387 1384 Cum
1408 1354 1623 1391 comprehensus
1636 1359 1708 1383 esset

914 1400 1022 1435 Paulus,
1042 1400 1117 1429 haud
1142 1399 1220 1436 pauci
1235 1400 1320 1428 etiam
1340 1399 1492 1428 inﬁdelium
1511 1399 1711 1428 annuntiabant

913 1444 1063 1479 Christum,
1075 1445 1196 1473 volentes
1209 1445 1245 1473 ad
1258 1444 1394 1481 majorem
1408 1444 1480 1472 iram
1497 1444 1643 1473 accendere
1657 1445 1710 1472 Ne-

913 1497 1020 1523 ronem,
1046 1493 1076 1517 ut
1099 1497 1133 1517 eo
1158 1489 1275 1517 celerius
1298 1489 1414 1517 Paulum
1438 1497 1453 1517 e
1479 1489 1570 1517 medio
1594 1489 1711 1523 tolleret,

57 1529 283 1570 τασπειρομένου.
299 1531 386 1560 Τοῦτο
403 1525 447 1560 οὖν
470 1531 525 1559 ἐστι
544 1529 590 1566 τὸ,
603 1540 618 1558 (ι
635 1529 687 1559 Διὰ
700 1530 790 1570 φθόνον
813 1531 858 1559 καὶ
873 1528 895 1560 C
913 1543 918 1554 π

948 1534 994 1562 luti
1017 1534 1210 1569 praedicatione
1233 1534 1337 1570 ubique
1358 1541 1406 1570 per
1425 1541 1489 1562 eum
1503 1534 1634 1570 dispersa.
1650 1535 1711 1562 Hoc

59 1575 128 1614 ἔριν.
146 1587 160 1602 ιι
179 1573 231 1611 1|H,
253 1575 294 1603 ὅτι
309 1574 464 1614 βουλόμενοι
488 1574 534 1604 καὶ
548 1574 623 1603 αὐτοὶ
644 1577 788 1613 τιμᾶσθαι,
812 1575 859 1604 καὶ

60 1621 185 1660 ὕποσπᾷν
201 1631 226 1648 τι
237 1621 284 1655 τῆς
298 1621 364 1658 ἐμῆς
374 1619 458 1655 δόξης.
469 1618 559 1649 Ἄλλοι
574 1618 617 1658 δὲ,
630 1632 642 1645 ι(
651 1621 692 1649 Δι’
703 1620 832 1655 εὐδοκίαν,
847 1633 858 1646 1

913 1579 987 1607 enim
1008 1579 1137 1615 estquod
1163 1579 1209 1612 ait,
1234 1580 1285 1606 Ριϊ
1300 1579 1434 1606 invidiam,
1453 1581 1479 1606 et
1505 1579 1711 1606 contentionem.

914 1625 962 1652 Vel
977 1627 1110 1660 tanquam
1130 1627 1157 1652 et
1174 1623 1224 1658 ipsi
1247 1623 1375 1651 honorari
1398 1623 1542 1657 voluerint,
1558 1627 1640 1658 atque
1661 1623 1711 1650 ali-

61 1665 144 1705 φησὶ,
171 1664 305 1701 τουτέστι,
336 1664 419 1704 χωρὶς
454 1664 631 1704 ὑποκρίσεως,
658 1663 704 1693 καὶ
722 1664 790 1703 μετὰ
818 1666 860 1694 εὖ-
912 1677 918 1695 ι

951 1668 978 1696 id
992 1676 1053 1696 mea
1072 1668 1157 1704 gloria
1179 1667 1333 1696 detrahere.
1350 1667 1404 1695 Alii
1426 1672 1520 1695 autem
1541 1668 1593 1695 Per
1609 1667 1710 1695 bonam

61 1709 133 1742 θείας
145 1708 171 1728 ³⁶
183 1708 300 1748 γνώμης.

106 1812 119 1824 α
135 1799 169 1828 Οἳ
185 1798 231 1837 μὲν
255 1798 281 1832 ἐξ
306 1798 416 1839 ἐριθείας
442 1797 486 1828 τὸν
510 1798 627 1838 Χριστὸν
662 1799 858 1839 χαταγγῶκλου-

61 1855 118 1880 σιν,
135 1845 183 1883 οὐχ
197 1843 289 1882 ἁγνῶς.
306 1843 491 1882 ηΤουτέστιν,
504 1844 552 1873 οὐκ
567 1845 731 1885 εἰλικρινῶς,
749 1844 808 1873 οὐδὲ
823 1844 859 1872 δι’

63 1887 128 1918 αὐτὸ
141 1887 170 1917 τὸ
180 1887 272 1919 καλόν.

104 1945 116 1960 ι
126 1932 251 1971 Οἶόμενοι
267 1933 354 1973 θλῖψιν
369 1932 501 1973 ἐπιφέρειν
515 1932 542 1952 ³⁷
556 1934 609 1966 τοῖς
633 1933 740 1971 δεσμοῖς
767 1944 829 1971 μου.
845 1947 857 1959 ν

64 1976 236 2017 Νομίζοντες,
251 1977 340 2017 φησὶν,
374 1977 442 2007 οὕτω
473 1989 507 2016 με
531 1978 566 2011 εἶς
592 1977 700 2017 μείζονα
731 1977 857 2016 ἐμϐαλεῖν

63 2022 180 2052 κίνδυνον
187 2021 227 2058 ³⁸,
243 2022 290 2051 καὶ
314 2021 399 2061 θλῖψιν
423 2022 467 2052 ἐπὶ
493 2021 579 2062 θλίψει
593 2021 700 2061 ἐπάγειν
714 2033 721 2041 ”
734 2022 794 2052 ἀλλ’
808 2024 856 2063 οὐχ

63 2067 133 2096 οὕτω
156 2066 292 2107 προϐαίνει
320 2067 408 2100 αὐτοῖς
430 2067 460 2096 τὸ
482 2065 633 2106 τέχνασμα.
663 2067 856 2107 Λαμπρότερον

913 1713 1097 1746 voluntatem,
1113 1712 1215 1748 inquit,
1239 1710 1292 1740 hoc
1305 1716 1362 1746 est,
1384 1712 1444 1740 sine
1467 1711 1657 1746 simulatione,
1678 1718 1711 1739 ex

913 1757 1006 1785 animo
1025 1761 1152 1792 rectaque
1167 1756 1314 1785 sententia.

949 1803 1040 1830 Vens.
1054 1804 1094 1828 16.
1105 1801 1163 1828 Alii
1173 1801 1282 1836 quidem
1293 1809 1326 1828 ea:
1340 1801 1506 1827 contentione
1519 1800 1653 1827 Christum
1665 1807 1715 1827 απτ

912 1848 1050 1881 nuntiant,
1073 1854 1125 1873 non
1153 1847 1266 1872 sincere.
1291 1846 1352 1873 Hoc
1374 1848 1425 1878 est,
1447 1852 1502 1872 non
1522 1852 1599 1879 pure,
1622 1852 1711 1880 neque

913 1895 1024 1926 propter
1039 1891 1127 1926 ipsum
1142 1889 1256 1917 bonum.

946 1937 1113 1964 Existimant
1125 1943 1283 1971 pressuram
1299 1935 1406 1968 afferre
1420 1934 1535 1961 vinculis
1554 1935 1628 1961 meis.
1646 1933 1708 1961 Exi-

911 1981 1055 2010 stimantes
1067 1989 1112 2009 me
1133 1981 1186 2008 hoc
1199 1985 1290 2016 pacto,
1313 1979 1411 2016 inquit,
1425 1979 1454 2007 in
1470 1979 1589 2015 pericula
1601 1978 1707 2014 majora

912 2026 1034 2062 injicere,
1048 2030 1075 2054 et
1087 2025 1268 2054 afﬂictioncm
1283 2024 1429 2053 afﬂictioni
1445 2024 1580 2052 adducere
1594 2034 1599 2051 :
1612 2031 1710 2051 verum

912 2074 1027 2099 conatus
1038 2071 1150 2098 illorum
1162 2070 1226 2106 ipsis
1242 2070 1294 2098 hac
1307 2069 1414 2097 ratione
1423 2077 1479 2097 non
1491 2068 1619 2105 procedit.
1637 2069 1710 2096 Nam

63 2111 114 2162 γδιρ
128 2111 312 2162 ἐκ-τούτουμτὸ
336 2110 461 2162 κήρυγμα
482 2109 596 2162 γίνεται,
610 2110 666 2162 καὶ*
677 2113 694 2147 ἡ
709 2111 760 2150 ἐμὴ
782 2111 855 2162 χλιαρὰ
869 2128 896 2162 D
913 2117 918 2144 i

948 2116 976 2144 ie
992 2115 1148 2152 praedicatio
1159 2115 1234 2144 verbi
1247 2114 1369 2144 redditur
1381 2114 1547 2150 praeclarior,
1564 2121 1711 2149 meumque

64 2157 108 2186 διὰ
128 2158 204 2185 τοῦτο
228 2155 335 2194 μείζων.
364 2154 465 2196 Ὁρᾷς,
494 2155 536 2186 ὅτι
558 2155 629 2185 ἔστιν
651 2155 727 2196 ἔργον
745 2158 855 2192 ποιῆσαι

65 2200 158 2240 ἀγαθὸν
175 2201 223 2230 οὐκ
240 2199 292 2229 ἀπὸ
315 2200 493 2240 προαιρέσεως
522 2201 623 2238 ἀγαθῆς
634 2224 642 2238 ,
667 2200 713 2230 καὶ
731 2201 761 2230 οὐ
778 2200 856 2239 μόνον

65 2244 154 2284 μισθὸν
170 2244 208 2284 μὴ
223 2244 369 2274 ἀπολαϐεῖν
379 2269 385 2281 ,
401 2245 468 2274 ἀλλὰ
481 2244 527 2275 καὶ
540 2245 716 2283 κολασθῆναι,

104 2348 114 2361 ε
130 2334 165 2364 Οἱ
179 2334 207 2364 δὲ
228 2334 254 2369 ἐξ
276 2334 396 2373 ἀγάπης,
415 2335 511 2368 εἰδότες
520 2334 560 2364 ὅτι
577 2335 612 2368 εἷς
636 2334 781 2374 ἀπολογίαν
810 2338 856 2365 τοῦ

67 2379 225 2418 Ιίῖὖαγγελίου
236 2383 338 2418 κεῖμαι.
355 2393 368 2406 ι
385 2379 545 2417 Τουτέστιν,
560 2380 596 2409 Οἱ
609 2379 636 2408 δὲ
652 2379 706 2408 ἀπὸ
721 2381 767 2413 τῆς
784 2379 852 2419 ἀγά-

65 2436 115 2459 πης
129 2425 174 2460 τῆς
198 2423 234 2457 εἴς
260 2435 290 2454 τε
312 2423 356 2453 τὸν
375 2423 473 2464 Κύριον
498 2424 543 2453 καὶ
566 2425 601 2457 εἷς
631 2423 678 2462 ἐμὲ
708 2423 854 2464 κηρύττου-

64 2480 117 2506 σιν,
146 2468 242 2502 εἰδότες
271 2468 311 2497 δτι
340 2468 432 2508 λόγους
458 2468 548 2507 μέλλω
573 2471 684 2505 ποιῆσαι
709 2468 774 2508 ὑπὲρ
808 2470 853 2498 τοῦ

63 2512 241 2553 κηρύγματος,
253 2514 299 2543 καὶ
313 2513 356 2542 διὰ
370 2515 447 2543 τοῦτο
460 2513 625 2553 συναίρονταί
641 2525 686 2551 μοι
701 2516 746 2542 τοῦ
763 2513 850 2553 ἔργου.

64 2557 128 2588 Ἐὰν
151 2558 200 2598 γὰρ
224 2558 319 2588 πολλοὶ
345 2553 410 2588 ὦσιν
434 2559 457 2587 οἱ
480 2558 518 2598 τῷ
534 2557 685 2598 κηρύγματί
701 2570 752 2595 μου
772 2569 853 2597 προσ-ι

66 2602 154 2640 ιόντες,
178 2601 284 2636 εὔκολός
298 2613 344 2641 μοι
359 2604 376 2638 ἡ
402 2602 531 2642 ἄπολογία
555 2602 640 2634 ἔσται.
657 2603 705 2636 Εἰς
719 2606 793 2632 τοῦτο
808 2598 852 2632 οὖν

65 2648 152 2677 ἰκτῖνοι
164 2650 315 2687 συνεργοῦσι
326 2671 333 2686 ,
351 2649 529 2687 κατηχοῦντες
540 2647 661 2681 πολλούς.

911 2161 1041 2197 gaudium
1060 2165 1203 2196 propterea
1218 2159 1307 2195 majus
1327 2163 1378 2188 est.
1394 2158 1492 2187 Viden‘
1513 2158 1587 2195 quod
1603 2159 1706 2186 bonum

911 2214 980 2242 opus
991 2205 1080 2234 facere
1092 2213 1147 2234 non
1162 2205 1242 2233 liceat
1252 2204 1357 2241 absque
1370 2205 1442 2232 bona
1461 2203 1618 2232 voluntate?
1628 2207 1710 2238 atque

911 2258 969 2278 non
983 2250 1074 2278 solum
1091 2249 1250 2278 mercedem
1263 2249 1348 2285 432
1362 2257 1420 2277 non
1433 2248 1562 2284 recipere,
1578 2252 1709 2276 caeterum

911 2303 991 2332 poena
1007 2295 1089 2323 etiam
1104 2293 1177 2323 afﬁci
1188 2296 1199 2322 Ρ

945 2341 1034 2368 Vens.
1056 2343 1099 2367 17.
1116 2341 1176 2367 ,41ίὶ
1189 2342 1278 2368 autem
1293 2347 1327 2367 ea:
1344 2339 1489 2372 charitate,
1511 2339 1622 2367 scientes
1636 2338 1711 2374 quod

909 2385 946 2412 ad
964 2385 1112 2419 Evangelii
1119 2385 1302 2418 defensionem
1310 2385 1415 2420 positus
1425 2385 1488 2411 sim.
1502 2384 1563 2412 Hoc
1573 2386 1623 2416 est,
1634 2384 1710 2411 Non-

908 2429 974 2456 nulli
983 2437 1016 2456 ex
1026 2429 1161 2457 charitate
1176 2437 1240 2456 cum
1254 2436 1316 2464 erga
1328 2428 1490 2462 Dominum,
1503 2432 1562 2456 tum
1576 2435 1639 2464 erga
1651 2435 1707 2462 me,

906 2473 1086 2509 Evangelium
1110 2473 1265 2509 praedicant,
1282 2477 1454 2508 compertum
1476 2472 1610 2500 habentes
1631 2471 1709 2508 quod

908 2518 1041 2546 rationem
1053 2517 1194 2554 praedicati
1210 2517 1284 2546 verbi
1295 2516 1454 2546 redditurus
1467 2516 1530 2551 sim,
1544 2524 1575 2544 ac
1587 2520 1709 2552 propter-

908 2570 939 2590 ea
960 2563 1031 2591 mihi
1055 2562 1220 2590 auxiliantur
1243 2562 1271 2590 in
1287 2562 1341 2590 hoc
1362 2569 1454 2597 opere.
1475 2561 1502 2589 Si
1530 2561 1603 2589 enim
1629 2560 1706 2587 multi

907 2606 1011 2636 fuerint
1025 2607 1185 2635 accedentes
1207 2606 1394 2643 praedicationi
1418 2613 1498 2639 mea,
1521 2604 1608 2632 facilis
1635 2603 1703 2631 mihi

908 2651 1031 2680 defensio
1051 2652 1110 2679 erit.
1132 2652 1165 2679 In
1186 2651 1240 2679 hoc
1254 2652 1336 2687 igitur
1350 2650 1397 2686 ipsi
1420 2652 1615 2686 cooperantur,
1630 2647 1704 2675 haud

907 2703 1008 2732 paucos
1031 2696 1215 2724 instituentes.

754 2767 847 2797 Variae
869 2767 1021 2798 lectiones.

98 2831 118 2848 ³³
130 2830 306 2866 περισσοτέρως
317 2837 343 2859 o.
382 2830 404 2848 ³⁸
415 2830 463 2866 γὰρ
482 2830 589 2866 παρεθάξ)
612 2837 638 2858 ο.
678 2830 699 2847 ³⁵
713 2830 753 2857 ὕπ’
767 2838 793 2858 o.

835 2830 856 2847 ³⁸
887 2830 960 2865 ὀρθῆς
974 2838 999 2858 0.
1040 2830 1060 2847 37
1073 2831 1214 2865 προσφέρειν
1229 2837 1255 2858 ο.
1295 2828 1316 2846 ⁸⁸
1330 2828 1442 2863 πόλεμον
1455 2836 1472 2856 0
