1886 3082
214 170 278 198 1151

247 231 335 259 νειιε.
353 232 393 259 18.
413 231 484 265 Quid
494 232 583 258 enim?
596 231 676 259 Omni
691 231 783 262 modo,
804 232 858 258 sive
872 239 922 266 per
937 239 1009 258 occa-
1023 232 1050 264 Α

211 277 311 303 sionem
316 276 372 304 sive
377 283 428 311 per
437 276 591 310 veritatem,
601 276 723 304 Christus
735 277 928 303 annuntiatur.
938 275 1010 310 Quid

212 321 293 354 enim,
306 319 406 355 inquit,
419 328 489 357 opus
501 325 543 348 est
556 320 643 349 multa
653 320 763 348 dicere?
776 319 846 356 Quid
861 319 927 348 mihi
937 328 1010 348 cura:

211 370 263 399 est,
277 365 352 393 sicne
367 365 407 392 vel
428 365 521 399 aliter;
548 365 604 394 sive
625 373 673 401 per
687 365 876 399 occasionem,
891 364 944 392 hoc
957 369 1008 399 est,

213 412 239 440 in
251 411 427 440 contentione
441 418 472 438 ac
493 410 669 438 simulatione
694 419 700 436 :
717 410 773 438 sive
793 417 841 445 per
859 410 1009 443 veritatem,

213 457 266 484 hoc
280 461 331 490 est,
347 456 373 484 in
388 454 552 483 rectitudine
567 459 594 482 et
605 454 762 482 sinceritate
772 455 873 482 mentis
887 455 1011 483 Christus

214 501 398 537 praedicatur?
420 500 492 528 Hinc
515 499 638 527 nonnulli
657 499 746 527 stolidi
771 503 912 535 putarunt,
938 499 1011 535 quod

213 545 313 574 Paulus
326 545 435 574 aditum
448 543 556 572 dederit
570 543 730 572 limresibus.
749 543 832 572 Modo
855 544 1010 578 Christum,

212 590 348 626 inquiunt,
370 589 499 626 praedicet
526 588 599 625 quis,
616 588 683 616 nihil
706 588 797 616 refert.
828 590 866 616 At
886 593 1010 617 contexu-

214 635 287 670 plare
305 643 312 662 :
333 634 421 670 primo
437 633 548 669 quidem
565 641 622 661 non
640 632 718 668 dixit,
741 633 906 666 Annuntiet,
924 637 955 661 ut
971 633 1010 661 le-

213 687 275 716 gem
290 679 394 707 sancire
404 679 537 712 videatur,
550 678 608 712 sed,
622 680 822 710 Amtuntiatur,
836 686 896 706 rem
907 683 1010 715 gestam

214 731 345 752 enarrans
369 724 550 759 recitansque.
578 723 682 751 Deinde
713 724 822 751 etiamsi
844 731 894 752 ceu
923 725 1010 760 legem

213 769 337 797 sanciens
360 777 393 797 ac
412 769 572 804 praecipiens
594 769 718 802 dixisset,
740 777 827 804 neque
855 769 894 797 sic
917 772 1011 797 tamen

213 814 319 842 aditum
331 813 482 842 haeresibus
493 813 623 842 dedisset.
639 813 810 848 Quomodo?
823 814 960 848 Quoniam
970 814 1009 841 illi

214 859 248 887 de
264 858 363 895 quibus
381 858 512 894 loquitur,
534 866 589 886 non
609 866 690 894 prava
705 858 835 894 dogmata
851 858 1010 886 introduxc-
1026 857 1049 888 Β

215 907 289 938 runt,
301 903 349 932 sed
372 911 435 931 vera
458 902 569 939 quidem
584 903 779 938 praedicabant,
802 911 858 931 non
879 906 951 931 recte
970 908 1010 931 ta-

215 954 289 981 men,
302 954 391 983 neque
405 954 469 974 vero
482 955 564 982 scopo
577 955 583 974 :
595 946 716 974 haeretici
727 950 818 974 autem
833 947 867 975 de
878 947 1013 975 industria

214 996 287 1020 recta
309 999 366 1019 non
390 990 551 1027 praedicant,
573 995 706 1019 caeterum
734 998 861 1026 perversa
884 994 912 1018 et
932 991 1012 1019 adul-

215 1037 316 1070 terina,
334 1040 435 1072 praeter
455 1035 507 1064 hoc
526 1035 600 1072 quod
612 1043 756 1072 perversus
771 1036 855 1064 etiam
878 1036 928 1065 illis
948 1044 1012 1065 sco-

216 1089 267 1117 pus
276 1081 320 1110 sit.

251 1127 284 1154 Ει
303 1128 330 1153 in
354 1127 401 1153 hoc
421 1126 534 1160 gaudeo,
553 1125 602 1154 sed
621 1129 647 1153 et
667 1126 798 1160 gaudebo.
824 1125 866 1154 Illi
887 1126 1011 1162 quidem,

215 1170 313 1206 inquit,
336 1173 366 1198 ut
389 1177 433 1198 me
452 1169 561 1198 tristitia
583 1169 715 1204 afficiant,
738 1170 798 1199 haec
813 1169 938 1198 faciunt:
963 1178 1012 1207 ego

216 1219 308 1242 autem
323 1214 412 1248 laetor,
424 1214 499 1250 quod
511 1214 634 1243 Christus
650 1215 728 1243 latius
746 1214 917 1250 praedicetur.
946 1217 978 1243 Et
991 1216 1013 1243 si

218 1267 299 1295 porro
312 1259 365 1287 hoc
378 1258 490 1293 faciunt,
507 1267 539 1288 eo
558 1259 743 1288 abundantius
762 1267 813 1296 ego
829 1259 952 1288 letabor.
966 1260 1012 1288 Vi-

216 1304 264 1332 des
278 1308 350 1331 artes
364 1303 479 1338 diaboli,
492 1303 633 1340 quomodo
648 1304 726 1332 illum
743 1305 834 1340 ipsum
846 1304 1012 1340 infringant?

253 1350 342 1377 Vnus.
362 1351 403 1376 19.
425 1349 482 1377 Scio
496 1350 566 1376 enim
580 1349 652 1384 quod
675 1350 722 1376 hoc
739 1349 809 1377 mihi
819 1351 956 1384 proveniet
977 1349 1013 1376 ad

215 1394 337 1422 salutent.
358 1395 424 1421 Hoc.
443 1393 548 1428 Quale?
565 1393 645 1428 Quod
670 1394 743 1422 verbi
772 1393 926 1429 praedicatio
945 1395 1013 1427 ,‘ere-

215 1442 288 1473 seat,
303 1446 352 1475 per
371 1438 464 1467 odium
489 1446 544 1474 quo
564 1445 628 1474 erga
651 1446 696 1467 me
716 1438 876 1467 afﬁciuntur
902 1443 928 1466 et
944 1439 1012 1466 invi-

218 1483 301 1512 diam.

252 1530 304 1555 l’cr
321 1531 441 1556 vestram
458 1529 611 1555 orationem
626 1531 650 1556 et
663 1529 941 1556 subministrationem
954 1529 1014 1563 8μὶ-
1032 1543 1054 1574 C

217 1575 287 1600 ritus
304 1575 367 1600 Jesu
393 1574 514 1602 Christi.
530 1572 697 1600 Modestiam
718 1577 746 1600 et
772 1572 909 1608 insignem
931 1572 1014 1600 animi

219 1616 434 1644 moderationem
449 1616 492 1644 hic
504 1616 625 1652 expende
637 1617 664 1644 in
674 1616 737 1644 divo
750 1617 844 1644 Paulo.
858 1617 929 1644 Cum
941 1617 1016 1644 enim

218 1669 251 1688 ex
264 1661 415 1688 innumeris
431 1661 491 1696 ejus
505 1660 636 1696 operibus
659 1665 741 1696 atque
755 1661 901 1689 virtutibus
913 1660 1015 1689 debea—

216 1709 262 1733 tur
283 1705 307 1733 ei
331 1705 417 1738 salus,
438 1705 529 1740 adjicit
552 1709 660 1739 tamen,
682 1706 708 1733 Si
730 1705 826 1733 vestris
844 1705 1016 1734 orationibus

217 1749 326 1786 adjutus
340 1758 371 1778 ac
385 1750 503 1779 donatus
519 1749 612 1784 fuero,
633 1750 912 1787 subministratusque
932 1750 1017 1778 fuerit

217 1795 283 1823 mihi
299 1803 345 1831 per
359 1803 404 1823 eas
420 1795 537 1830 amplior
549 1794 677 1830 Spiritus,
694 1794 760 1822 hinc
773 1795 841 1822 mihi
861 1796 934 1824 salus
953 1796 1016 1823 erit.

217 1839 507 1868 Subministrationem
527 1843 621 1868 autem
642 1839 777 1876 majorem
792 1840 888 1876 gratiae
902 1840 1018 1876 Spiritus

218 1884 474 1920 augmentationem
488 1883 567 1912 dicit.

253 1935 337 1959 Vens.
348 1930 392 1960 20,
404 1929 560 1957 Secundum
567 1930 790 1963 ewspectationem
801 1931 825 1956 et
837 1937 910 1963 spem
921 1937 1016 1956 meam.

223 1972 430 2008 Ἆποκαραδοκίαν
459 1973 568 2001 ﬁrmam
591 1977 618 2001 et
639 1973 806 2001 immobilem
830 1981 906 2008 spem
929 1978 1017 2007 vocat,

219 2018 254 2046 ab
275 2026 308 2045 eo
330 2018 404 2054 quod
426 2022 507 2053 caput
526 2021 616 2046 totum
640 2017 766 2045 videatur
789 2017 916 2046 inclinare
937 2018 971 2046 ad
992 2018 1018 2047 id

220 2062 296 2098 quod
310 2062 424 2090 firmiter
437 2066 572 2098 speratur.
588 2062 634 2089 Ait
645 2069 721 2098 ergo,
737 2062 866 2090 Firmiter
879 2070 958 2098 spero
974 2070 1019 2091 me

222 2110 415 2134 conservatum
424 2106 465 2134 iri.
475 2106 597 2134 Salutem
606 2110 699 2134 autem
709 2106 793 2142 5.33
805 2106 994 2135 liberationem
1003 2115 1018 2136 a

221 2151 338 2179 Neronis
348 2150 511 2179 crudelitate
526 2151 672 2187 intelliges.
684 2152 724 2180 Ut
733 2151 807 2179 enim
816 2151 936 2186 primum
948 2151 1018 2187 peri-

219 2196 312 2224 culum
327 2195 410 2230 evasi,
427 2196 476 2231 ait,
490 2195 529 2224 sic
540 2196 622 2224 etiam
636 2203 755 2231 praesens
767 2194 912 2232 effugiam.
928 2197 1017 2224 Docet

220 2245 313 2270 autem
327 2240 370 2269 hic
383 2249 418 2270 ne
428 2245 518 2269 totum
532 2239 674 2277 negotium
687 2245 812 2269 nostrum
825 2241 943 2269 aliorum
954 2249 1017 2269 ora-

220 2285 341 2314 tionibus
354 2285 561 2314 committamus
573 2305 581 2319 ,
594 2290 727 2314 czeterum
750 2286 878 2321 nosipsos
894 2289 1021 2322 oportere

221 2330 306 2358 ctiam
319 2329 421 2366 aliquid
431 2329 543 2363 afferre,
556 2329 672 2365 perinde
685 2337 717 2358 ac
730 2330 786 2366 ipse
794 2338 882 2366 spem,
896 2330 1021 2358 omnium

221 2375 359 2402 honorum
379 2382 501 2408 causam,
525 2373 615 2402 affert.
644 2376 716 2403 Nam
741 2379 770 2403 et
791 2375 929 2411 Propheta
947 2375 984 2403 ait
1013 2385 1018 2403 :

222 2420 283 2447 Fiat
294 2419 479 2446 misericordia
498 2421 555 2450 tua,
577 2419 800 2454 quemadmodum
823 2421 988 2455 speravimus
999 2427 1017 2447 τ.

221 2464 255 2491 Et
268 2463 319 2491 alio
331 2463 358 2491 in
371 2463 432 2492 loco
446 2472 453 2491 :
471 2464 535 2497 Quis
549 2465 667 2498 speravit
682 2466 711 2491 in
730 2466 882 2497 Dominum,
900 2468 926 2493 et
933 2465 1017 2501 pude-

222 2509 311 2542 factus
333 2509 410 2536 es“?
433 2509 525 2544 Atque
549 2507 606 2544 ipse
637 2508 748 2543 Paulus,
771 2510 836 2544 Spes
873 2517 926 2537 non
960 2518 1020 2538 con-

222 2553 315 2587 fundit
323 2554 342 2580 ι.

258 2599 337 2633 Quod
349 2599 378 2626 in
392 2599 465 2626 nullo
479 2598 648 2632 confundor.
661 2598 722 2626 Hoc
736 2601 786 2633 est,
802 2605 891 2634 neque
904 2598 934 2627 in
944 2599 998 2628 vita
1011 2609 1018 2628 :

223 2643 342 2679 praedico
360 2643 434 2671 enim
452 2642 630 2679 Evangelium
645 2653 653 2671 .-
673 2651 761 2679 neque
783 2643 812 2671 in
836 2647 926 2672 morte
944 2655 950 2673 :
965 2652 1021 2673 non

257 2717 350 2746 'Psal.
366 2724 455 2753 xxxx,
469 2719 514 2745 22.
553 2721 563 2735 ·
577 2717 664 2746 Eccle.
680 2724 717 2753 ιι,
733 2720 775 2746 ιι.
816 2719 910 2746 ‘Rom.
927 2725 957 2753 ν,
972 2721 999 2746 5.

706 167 962 196 THEOPHYLACTI
982 166 1162 195 BULGARI/E
1181 166 1339 195 ARCHIEP.

1788 170 1833 196 ll52

1110 241 1125 259 α
1139 229 1174 260 Τί
1190 229 1259 268 γᾶρ;
1278 229 1346 265 πλὴν
1363 228 1426 268 [δτι]
1442 229 1520 258 παντὶ
1534 229 1635 270 τρόπῳ,
1646 229 1700 258 εἴτε
1715 230 1832 270 προφάσει,

1859 58 1869 144 l

1865 174 1869 260 l

1068 275 1120 304 εἴτε
1131 274 1252 314 ἀληθείᾳ,
1270 274 1382 314 Χριστὸς
1395 274 1613 314 καταγγέλλεται.
1627 286 1643 302 ι
1660 274 1697 304 Τί
1706 274 1764 315 γὰρ,
1776 275 1833 315 φησὶ,
1868 279 1869 287 ‘

1067 320 1105 348 δεῖ
1121 319 1207 348 πολλὰ
1220 318 1322 357 λέγειν;
1339 317 1357 354 ἢ
1374 318 1399 348 τί
1411 330 1470 356 μοι,
1487 319 1563 358 φησὶ,
1580 319 1713 356 μέλει,ἄν
1726 331 1753 348 τε
1766 319 1833 349 οὕτως.

1067 364 1097 393 ἄν
1125 375 1153 393 τε
1188 363 1233 393 οὔθ
1261 363 1312 393 εἴτε
1350 363 1496 403 προφάσει,
1525 363 1661 393 τουτέστιν
1695 364 1784 404 ἐριθείᾳ
1804 366 1833 393 ιιι

1066 408 1215 448 ὑποκρίσει·
1238 407 1290 437 εἴτε
1304 407 1415 447 ἀληθεία
1426 429 1434 443 ,
1447 407 1582 437 τουτέστιν
1604 407 1728 443 εὖθύτητι
1737 408 1832 446 γνώμης,

1066 453 1179 494 Χριστὸς
1211 451 1435 492 καταγγέλλεταις
1458 451 1509 482 Ἐκ
1531 450 1630 482 τούτων
1662 452 1729 485 τινὲς
1755 453 1834 488 ἀνόητοι

1066 497 1214 533 ὑπέλαϐον,
1243 496 1284 526 ὅτι
1299 498 1313 526 6
1339 497 1445 530 Παῦλος
1469 496 1584 536 πάροδον
1603 497 1704 527 δέδωκε
1721 501 1772 530 ταῖς
1784 498 1834 536 αἶρέ-

1065 554 1131 572 σεσι.
1150 541 1236 572 Μόνον
1251 541 1318 582 γὰρ’,
1346 541 1427 582 φησὶ,
1445 541 1490 570 τὸν
1515 541 1630 580 Χριστὸν
1656 541 1833 581 καταγγελλέτω

1065 599 1118 624 τις,
1145 585 1191 615 καὶ
1206 586 1279 615 οὐδὲν
1308 585 1438 625 διαφέρει.
1455 585 1536 615 Ἀλλὰ
1554 585 1666 624 σκόπει,
1683 588 1779 625 πρῶτον
1800 587 1833 621 μὲν

1065 633 1112 661 οὐκ
1125 626 1182 660 εἶπε
1195 654 1202 666 ,
1231 631 1462 670 Καταγγελλέσθω
1475 655 1481 667 ,
1497 629 1541 659 ἵνα
1557 630 1602 659 καὶ
1623 634 1766 669 νομοθετεῖν
1779 630 1833 669 δτιξῃ

1066 675 1151 712 ἀλλὰ,
1168 687 1182 704 (ι
1200 675 1435 715 Καταγγέλλεται,
1453 686 1468 704 ι
1485 675 1515 705 τὸ
1532 675 1666 714 γινόμενον
1681 675 1832 713 ἐξηγούμενος.

1065 718 1201 755 Ἔπειτα,
1217 720 1240 749 εἰ
1267 720 1314 749 καὶ
1336 721 1372 753 ὡς
1400 721 1548 757 νομοθετῶν
1563 720 1685 760 εἰρήκει,
1709 720 1762 749 οὐδὲ
1785 719 1833 748 οὕτω

1065 765 1179 805 πάροδον
1199 769 1256 798 ταῖς
1271 764 1387 804 αἱρέσεσι
1403 764 1511 793 δέδωκε.
1532 765 1613 801 Πῶς,
1630 763 1698 795 Ὀτι
1709 760 1773 793 οὗτοι
1790 765 1832 802 περὶ

1065 804 1196 850 ὦννφησιν
1205 810 1258 850 ,ξοῦ
1272 809 1335 839 νόθα
1359 808 1482 848 δόγματα
1507 810 1626 848 εἰσῆγον,
1649 810 1708 838 ἀλλ’
1732 808 1786 848 ὀρθᾶ
1799 808 1832 846 μὲν

1064 853 1223 894 ἐκήρυττον,
1249 854 1297 883 οὐκ
1317 854 1399 893 ὀρθῶς
1424 853 1468 890 δὲ,
1491 853 1550 882 οὐδὲ
1577 853 1649 882 εὐθεῖ
1667 854 1796 892 σκοπῷ-οἷ

1067 898 1192 939 αἱρετικοὶ
1214 897 1420 938 προηγουμένως
1436 899 1484 927 οὒκ
1505 897 1569 938 ὀρθὰ
1583 897 1754 937 κηρύττουσιν
1763 920 1770 933 ,
1784 897 1832 925 iiii

1064 943 1261 983 διεστραμμένα
1280 943 1325 972 καὶ
1353 942 1433 982 νόθα,
1454 943 1522 982 μετὰ
1547 946 1594 972 τοῦ
1621 942 1669 972 καὶ
1693 942 1735 971 τὸν
1759 942 1833 971 σκοτξν

1064 988 1133 1028 ἔχειν
1145 987 1364 1028 διεστραμμένον.

1108 1136 1124 1152 α
1140 1123 1195 1154 Καὶ
1218 1125 1244 1153 ἐν
1268 1124 1353 1164 τούτῳ
1376 1123 1481 1163 χαίρω,
1505 1122 1575 1153 ἀλλὰ
1594 1122 1640 1152 καὶ
1660 1122 1808 1163 χαρήσομαι.
1821 1133 1830 1148 n

1065 1169 1180 1200 Ἐκεῖνοι
1195 1167 1244 1207 μὲν
1261 1168 1303 1198 διὰ
1327 1169 1357 1197 τὸ
1371 1167 1491 1204 λυπῆσαί
1506 1179 1539 1206 με
1561 1170 1648 1197 ταῦτα
1665 1170 1772 1197 ποιοῦσιν
1784 1165 1834 1203 ’ἐγὼ

1066 1213 1094 1243 δὲ
1108 1213 1195 1254 χαίρω
1217 1213 1257 1243 δτι
1271 1215 1286 1242 6
1315 1212 1429 1252 Χριστὸς
1451 1212 1531 1242 πλέον
1549 1212 1729 1251 κηρύττεται·
1747 1210 1789 1241 κᾶν
1809 1210 1834 1238 ἔτι

1066 1262 1143 1288 τοῦτο
1161 1260 1279 1288 ποιοῦσιν
1293 1257 1335 1296 ³⁰,
1349 1257 1393 1287 ἐπὶ
1409 1256 1489 1286 πλέον
1511 1257 1679 1296 χαρήσομαι.
1697 1256 1784 1296 Ὁρᾷς,
1795 1256 1833 1287 πῶς

1067 1304 1094 1332 αἱ
1107 1302 1228 1342 μηχαναὶ
1243 1305 1290 1332 τοῦ
1315 1301 1438 1331 διαϐόλου
1453 1301 1534 1331 αὐτὸν
1553 1302 1652 1330 ἐκεῖνον
1668 1300 1833 1335 καταλύουσινς

1110 1343 1210 1388 αίοῖδα
1224 1346 1275 1386 γὰρ
1304 1345 1344 1375 ὅτι
1370 1358 1415 1385 μοι
1430 1349 1507 1376 τοῦτο
1533 1345 1702 1382 ἀποϐήσεται
1728 1347 1759 1379 εἷς
1771 1356 1835 1378 σωτη-

1069 1391 1137 1431 ρίαν.
1149 1393 1295 1422 -Τοῧτο,
1310 1405 1321 1418 ι
1336 1392 1432 1428 Ποῖον,
1447 1391 1487 1421 Τὸ
1502 1390 1625 1425 αὔξεσθαι
1643 1390 1673 1420 τὸ
1687 1390 1798 1431 κήρυγμα
1808 1389 1834 1417 5ίᾶ

1068 1438 1114 1471 τῆς
1128 1437 1192 1477 πρὸς
1207 1436 1254 1475 ἐμὲ
1270 1436 1365 1476 ἔχθρας
1377 1436 1422 1465 καὶ
1439 1438 1485 1465 τοῦ
1495 1436 1584 1472 ζήλου.

1113 1537 1127 1555 (ι
1142 1525 1194 1556 Διᾶ
1221 1527 1268 1561 τῆς
1290 1526 1364 1564 ὑμῶν
1387 1525 1517 1564 δεήσεως,
1549 1526 1595 1555 καὶ
1624 1525 1788 1566 ἐπιχορηγίας
1798 1524 1835 1563 ,τοῦ

1069 1570 1326 1610 ΠνεύματοςἸησοῧ
1345 1571 1497 1610 Χριστοῦ.»
1515 1568 1591 1611 Ὅρα
1616 1570 1666 1607 τὴν
1691 1579 1836 1607 ταπιινοφρο·

1069 1615 1149 1652 σύνην
1176 1618 1223 1646 τοῦ
1251 1615 1386 1656 μακαρίου
1396 1615 1435 1652 ω,
1465 1614 1518 1644 ἀπὸ
1534 1615 1636 1655 μυρίων
1657 1613 1837 1655 κοιτορθιιιμλέτιι)Ἰ

1069 1661 1138 1700 ἔχων
1158 1659 1330 1701 ὀφειλομένην
1358 1659 1406 1695 τὴν
1441 1660 1589 1700 σωτηρίαν,
1617 1659 1690 1698 ὅμως
1710 1658 1792 1700 φησὶν,
1810 1657 1836 1685 ὅτι

1069 1705 1135 1736 Ἐὰν
1148 1707 1199 1734 τῶν
1226 1705 1359 1745 ὑμετέρων
1375 1705 1461 1744 εὖχίῦν
1478 1705 1598 1744 ἀξιωθῶ,
1615 1704 1663 1734 καὶ
1685 1702 1836 1743 ἐπιχορηγηθῗ

1070 1761 1114 1789 μοι
1133 1750 1167 1779 δι’
1183 1751 1270 1779 αὐτῶν
1284 1750 1374 1779 πλεῖον
1395 1749 1425 1778 τὸ
1452 1751 1581 1787 Πνεῦμα,
1597 1750 1715 1779 ἐντεῦθεν
1731 1748 1794 1778 ἔσται
1806 1756 1837 1783 μω

1070 1797 1085 1830 ἡ
1101 1794 1262 1834 σωτηρία⁴⁴.
1278 1793 1472 1834 Ἐπιχορηγίαν
1493 1793 1521 1823 δὲ
1545 1793 1618 1833 λέγει
1637 1793 1685 1829 τὴν
1699 1792 1776 1823 πλείω
1795 1790 1836 1820 ἐπί-

1070 1840 1140 1868 δοσιν
1151 1841 1198 1875 τῆς
1211 1839 1320 1879 χάριτος
1334 1841 1380 1868 τοῦ
1398 1839 1564 1876 Πνεῦματος.

1115 1938 1127 1950 α
1145 1923 1224 1954 Κατὰ
1234 1923 1281 1960 τὴν
1298 1923 1514 1964 ἀποκαραδοκίαν
1530 1923 1575 1953 καὶ
1601 1924 1697 1953 ἐλπίδα
1716 1933 1770 1961 μου.
1782 1921 1838 1950 Ἆπιν

1072 1967 1250 2008 καραδοκίαν,
1265 1979 1280 1997 n
1299 1968 1347 2004 τὴν
1385 1968 1497 2008 βεϐαίαν
1515 1968 1611 1997 ἐλπίδα
1636 1968 1682 1997 καὶ
1708 1964 1838 2006 ἄμετάθετίν

1072 2024 1156 2053 φησι,
1178 2012 1252 2052 παρὰ
1274 2012 1305 2042 τὸ
1320 2013 1368 2048 τὴν
1382 2012 1466 2053 χάραν
1482 2013 1547 2048 ὅλην
1567 2013 1653 2042 δοκεῖν
1681 2012 1725 2041 καὶ
1738 2008 1837 2041 ἐπινεύειν

1073 2058 1137 2098 πρὸς
1151 2057 1181 2087 τὸ
1196 2057 1310 2097 βεϐαίως
1325 2057 1505 2096 ἐλπιζόμενον.
1519 2057 1595 2097 Φησὶ
1605 2060 1668 2096 γοῦν
1676 2080 1684 2096 ,
1699 2056 1737 2086 ὅτι
1749 2054 1839 2086 Ἐλπίζω

1075 2102 1189 2142 βεϐαίως
1216 2101 1393 2138 σωθήσεσθαι.
1410 2101 1551 2141 Σωτηρίαν
1578 2102 1605 2131 δὲ
1621 2102 1667 2131 καὶ
1682 2101 1727 2138 τὴν
1742 2100 1838 2129 ἀπαλλα-

1074 2148 1123 2186 γὴν
1138 2149 1185 2183 τῆς
1199 2149 1244 2176 τοῦ
1263 2146 1384 2186 Νέρωνος
1405 2146 1543 2184 ὠμότητος
1552 2146 1666 2183 νοήσεις.
1683 2144 1780 2184 Ὥσπερ
1791 2142 1838 2181 γᾶἓι

1074 2191 1156 2233 φησὶ,
1172 2191 1216 2221 τὸν
1239 2193 1342 2232 πρῶτον
1358 2190 1518 2231 [κίνδυνον],
1545 2190 1615 2221 οὕτω
1628 2191 1673 2221 καὶ
1687 2190 1729 2220 τὸν
1748 2186 1836 2227 παρόντι

1075 2235 1259 2277 διαφεύξομαι.
1288 2235 1414 2266 Διδάσκει
1437 2235 1465 2265 δὲ
1494 2237 1606 2266 ἐνταῦθα
1633 2236 1672 2275 μὴ
1696 2235 1783 2264 «tum
1798 2233 1838 2261 ταῖς

1075 2281 1170 2322 ἐτέρων
1196 2282 1285 2321 εὐχαῖς
1313 2280 1481 2322 ἐπιτρέπειν,
1510 2281 1581 2310 ἀλλὰ
1604 2281 1651 2310 καὶ
1677 2277 1837 2322 dimittite;

1075 2318 1271 2366 συνεισφέρειν,
1311 2318 1403 2364 ὥσπερ
1437 2318 1482 2355 οὖν
1509 2325 1554 2354 καὶ
1587 2325 1664 2358 αὐτὸς
1700 2323 1744 2359 τὴν
1767 2318 1837 2351 ἐλπίδι

1074 2370 1181 2400 πάντων
1206 2369 1292 2399 αἰτίαν
1320 2371 1437 2409 ἀγαθῶν.
1464 2369 1518 2400 Καὶ
1531 2371 1546 2399 6
1562 2369 1695 2410 προφήτης
1713 2367 1759 2407 γάρ
1777 2372 1836 2410 φησι]

1078 2427 1093 2443 (ι
1107 2414 1212 2444 Γένοιτο
1240 2414 1270 2444 τὸ
1289 2414 1362 2448 ἔλεός
1388 2425 1435 2444 σου
1463 2413 1583 2454 καθάπερ
1610 2404 1836 2452 ἠλπίσαμεν-«καὶ

1074 2459 1194 2499 ἑτέρωθι,
1211 2470 1225 2488 ί
1236 2459 1285 2492 Τίς
1297 2459 1409 2495 ἤλπισεν
1424 2458 1469 2488 ἐπὶ
1482 2458 1580 2499 Κύριον
1595 2459 1640 2488 καὶ
1652 2455 1815 2496 κατῃσχύνθηί
1824 2459 1834 2478 ³

1074 2504 1120 2534 καὶ
1135 2503 1212 2538 αὐτὸς
1227 2505 1242 2533 6
1253 2504 1374 2541 Παῦλος,
1392 2514 1408 2533 ιι
1419 2502 1458 2534 (Η
1468 2503 1543 2537 ἐλπὶς
1556 2505 1586 2533 οὗ
1598 2500 1772 2542 καταισχύνει.
1784 2509 1796 2526 ι

1117 2607 1130 2624 σ
1144 2595 1209 2626 Ὅτι
1220 2595 1246 2624 ἐν
1261 2595 1346 2624 οὐδενὶ
1369 2594 1592 2635 αἰσχυνθήσομαι.
1606 2608 1618 2621 υ
1629 2585 1836 2643 Τουτέστιν,’οὗξε

1074 2641 1100 2670 ἐν
1116 2641 1154 2679 τῷ
1168 2641 1230 2680 ζῆν’
1253 2639 1376 2680 κηρύττω
1399 2640 1452 2680 γάρ
1461 2651 1467 2658 ·
1483 2638 1543 2670 οὔτε
1556 2639 1582 2668 ἐν
1600 2641 1638 2680 τῷ
1652 2641 1734 2668 θανεῖν
1744 2647 1750 2654 ’
1763 2638 1789 2663 ού
1800 2638 1836 2668 γάρ

925 2763 1018 2793 Variae
1039 2763 1191 2794 lectiones.

266 2816 288 2833 3"
302 2816 440 2849 ποιήσωσιν
451 2823 478 2845 ο.
517 2816 539 2833 ⁸ο
549 2818 594 2843 τοῦ
607 2817 728 2853 μακαρίου
742 2817 842 2844 Παύλου
856 2825 894 2845 m.
933 2817 952 2833 ⁸¹
968 2816 1001 2848 εἰς
1022 2817 1146 2852 σωτηρίαν
1161 2825 1185 2845 o.
1227 2817 1246 2834 “
1258 2817 1270 2831 ¹”
1283 2816 1331 2853 γὰρ
1345 2825 1371 2845 o.
