1886 3082
25 181 112 208 1153

467 177 641 206 EXPOSITIO
663 178 694 205 IN
715 176 820 205 EPIST.
841 176 886 204 AD
907 177 1052 207 PHILIPP.
1071 194 1107 200 —-
1126 179 1202 208 CAP.
1225 181 1242 208 Ι.

1634 182 1702 209 1154

25 242 219 282 περιέσονται
238 243 261 271 οἱ
282 240 382 282 ἐχθροί.
410 240 469 271 Κᾶν
486 240 536 281 γὰρ
554 240 692 277 κτείνωσι,
716 240 774 270 τότε
799 251 844 278 μοι
859 243 886 275 Α
903 247 920 267 εη

948 248 976 268 m
991 241 1158 277 superabunt
1170 242 1270 271 hostes.
1286 242 1344 270 Etsi
1356 241 1428 270 enim
1438 241 1599 277 occiderint,
1614 243 1703 279 major

29 289 152 326 μᾶλλον
168 289 186 323 ἡ
199 288 406 326 ἄνεπαίσχιυντος
421 285 481 321 δόξα
492 298 498 305 ’
513 285 585 325 ὅμως
599 286 645 315 οὐχ
660 286 736 315 ἔσται
753 285 810 314 οὐδὲ
823 284 849 304 ⁴²

28 334 124 362 τοῦτο
137 332 238 365 αὐτοῖς.

83 434 101 450 α
135 420 209 452 Ἀλλ’
254 422 281 450 ἐν
322 420 396 461 πάσῃ
443 420 580 461 παρρησίᾳ
624 419 850 460 μεγαλυνθήσεται

34 466 166 506 Χριστὸς
188 467 214 495 ἐν
245 467 283 506 τῷ
313 465 418 505 σώματί
445 477 511 504 μου,
539 466 591 495 εἴτε
623 465 666 494 διὰ
692 466 776 501 ζωῆς,
799 464 850 493 εἴτε

35 512 85 540 διὰ
103 511 235 540 Θανάτου,
258 524 271 537 ιι
294 510 411 541 Ἐκεῖνοι
435 511 500 549 μὲν,
525 510 606 550 φησὶ,
633 510 675 538 διὰ
703 511 748 538 τοῦ
766 510 852 538 αὑτῶν

37 556 126 585 δόλου
149 555 276 596 ᾠήθησαν
293 557 328 589 εἷς
356 555 488 589 κινδύνους
508 555 554 584 καὶ
569 553 680 584 θάνατόν
707 565 740 592 με
763 553 852 591 ἐμϐα-

36 601 114 629 λεῖν·
126 602 159 630 οὗ
175 599 347 640 προχωρήσει
357 600 385 629 δὲ
403 602 490 631 αὐτοῖς
511 599 542 629 τὸ
556 600 731 637 σπούδασμα,
750 609 764 627 α
782 597 852 628 Ἀλλ’

37 646 66 673 ἐν
86 645 168 684 πάσῃ
198 644 377 685 παρρησίαν»
403 644 520 674 τουτέστι
550 645 672 685 φανερῶς
701 643 746 672 καὶ
774 644 853 671 ἀναν,

39 690 199 730 τιῤῥήτως,
222 700 238 718 ιι
262 688 489 729 μεγαλυνθήσεται
504 689 619 730 Χριστὸς
645 689 671 717 ἐν
698 689 735 728 τῷ
748 687 854 726 σώματί

43 747 100 772 μου
114 746 121 753 ·
145 749 157 760 ιι
177 733 312 770 τουτέστι,
326 734 429 768 Ζῶντός
440 745 490 772 μου
499 756 507 771 ,
523 733 569 763 καὶ
579 733 610 762 τὸ
626 734 706 771 σῶμα
720 735 797 762 τοῦτο
807 744 854 761 πε-

46 779 233 820 ρι’ξιέροντοςίΔ
252 780 281 808 οὖ
314 779 365 819 γὰρ
394 781 587 817 ἀποθανοῦμαι.
616 777 676 808 Ἵνα
701 777 728 806 δὲ
755 776 792 816 μή
816 789 854 810 τις

45 818 116 862 εἴπῃ
128 836 135 842 ·
153 823 188 853 Τί
203 818 247 853 οὖν
258 833 265 860 ;
278 823 343 853 Ἐὰν
353 818 390 852 σὺ
405 823 554 862 ἀποθάνῃς,
572 824 601 852 οὐ
612 821 854 862 μεγαλυνθήσεται,

46 868 171 908 ἐπάγει,
189 868 229 898 ὅτι
241 868 295 898 Καὶ
314 868 358 897 διὰ
375 871 418 897 τοῦ
441 868 554 897 θανάτου
572 870 619 906 μὲν
639 870 684 896 τοῦ
696 868 759 904 ἐμοῦ
773 878 854 905 μεγα-
868 864 891 895 Β
908 868 920 896 f

946 869 1052 898 'tiorem
1074 869 1140 897 fecit

46 913 229 948 λυνθήσεται,
261 913 301 942 ὅτι
333 924 366 951 με
395 912 440 941 καὶ
466 915 512 942 τοῦ
545 912 658 942 θανάτου
688 911 856 951 ἰσχυρότερον

47 958 184 994 ἐποίησε”
202 957 271 993 πλὴν
292 956 357 990 τέως
374 957 417 986 διὰ
439 959 485 992 τῆς
500 958 568 992 ζωῆς
583 959 644 993 νῦν,
663 957 702 986 ὅτι
717 956 814 992 ταύτην
831 956 855 974 ⁴³

49 1014 102 1040 μοι
136 1002 281 1042 ἐχαρίσατο
307 1001 459 1039 ἐξελόμενος
483 1003 535 1030 τῶν
565 1001 701 1030 κινδύνων.
727 1001 805 1039 Λέγει
830 1000 857 1030 δὲ

49 1046 118 1086 περὶ
145 1049 194 1076 τοῦ
219 1046 346 1082 Θανάτου,
373 1046 423 1085 οὐχ
451 1047 486 1079 ὡς
508 1045 601 1080 εὖθέως
631 1045 855 1084 ἀποθανούμενος,

50 1092 117 1120 ἀλλ’
133 1091 192 1127 ἵνα,
213 1092 235 1120 εἰ
249 1091 294 1120 καὶ
306 1090 428 1130 γένηται,
444 1090 482 1129 μὴ
494 1092 649 1130 ταραχθῶσι
661 1112 668 1119 .
685 1089 784 1130 σφόδρα
805 1089 857 1130 γὰρ

51 1137 141 1165 αὐτοῦ
155 1135 330 1176 περιείχοντο.

102 1192 118 1210 (ι
133 1180 215 1219 Ἐμοὶ
227 1181 278 1220 γὰρ
293 1180 323 1210 τὸ
350 1181 396 1220 ζῇν
406 1202 414 1216 ,
438 1180 562 1220 Χριστὸς,
585 1179 630 1208 καὶ
655 1179 685 1209 τὸ
700 1179 856 1216 ἀποθανεῖν,

53 1225 160 1265 κέρδος,
176 1236 190 1254 n
211 1225 356 1264 Τουτέστι,
370 1224 472 1261 Καινήν
487 1236 546 1254 τινα
562 1224 631 1260 ζωὴν
643 1226 696 1261 ζῶ,
710 1224 754 1254 καὶ
765 1226 778 1253 ὁ
790 1225 857 1263 Χρι-

54 1270 120 1303 στός
137 1269 183 1308 μοί
207 1270 264 1299 ἐστι
290 1269 323 1298 τὰ
337 1269 439 1305 πάντα,
462 1270 509 1299 καὶ
534 1269 618 1305 πνοὴ,
647 1269 691 1298 καὶ
713 1268 783 1304 ζωὴ,
812 1269 858 1298 καὶ

56 1316 124 1355 φῶς.
145 1314 186 1344 Τὸ
200 1314 250 1355 γὰρ
270 1317 317 1350 τ”ἤς
335 1316 402 1350 ζωῆς
416 1315 499 1352 ὄνομα
525 1313 651 1352 σημαίνει
679 1313 725 1352 μὲν
741 1313 787 1342 καὶ
808 1313 856 1349 τὴν

55 1358 174 1399 φυσικὴν
192 1359 262 1395 ζωήν
285 1359 311 1399 (ι
325 1358 373 1389 Ἐν
393 1359 464 1398 αὐτῷ
479 1358 540 1398 γὰρ,
555 1358 637 1397 φησὶ,
653 1359 739 1395 ζῶμεν
760 1358 805 1387 καὶ
818 1370 856 1388 κι-

56 1404 176 1441 νούμεθα
191 1406 234 1441 n)‘
250 1403 375 1441 σημαίνει
396 1402 422 1432 δὲ
441 1403 486 1432 καὶ
511 1403 557 1437 τὴν
584 1405 632 1438 τῆς
660 1402 805 1442 ἁμαρτίας·
822 1406 858 1437 ὡς

57 1448 124 1477 ὅταν
151 1449 229 1488 λέγῃο
249 1459 264 1477 (ι
282 1447 385 1481 Οἵτινες
408 1447 574 1486 ἀπεθάνομεν
591 1449 624 1486 τῇ
650 1446 786 1487 ἁμαρτίᾳ,
801 1449 857 1481 πῶς

59 1492 100 1522 ἔτι
115 1492 228 1532 ζήσομεν
241 1494 267 1522 ἓν
281 1493 346 1532 αὐτῇ
357 1505 364 1529 ;
376 1503 390 1521 ›)
415 1492 540 1530 σημαίνει
555 1492 582 1521 δὲ
605 1492 650 1521 καὶ
666 1491 713 1527 τήν
734 1491 855 1530 αἰώνιον,

904 285 972 314 mihi
988 287 1080 322 potius
1095 287 1159 315 inde
1173 287 1259 323 gloria
1277 290 1392 321 crescet,
1407 294 1468 322 qua:
1490 287 1567 316 nullo
1590 295 1636 316 me
1650 296 1702 324 pu-

904 329 971 359 dore
985 339 1074 366 neque
1088 331 1238 367 ignominia
1251 331 1360 360 afﬁciet.
1382 333 1511 360 Attamen
1525 340 1613 368 neque
1627 332 1699 361 istud

905 375 1014 411 quidem
1030 376 1082 404 illis
1096 376 1216 404 dabitur.

941 421 993 448 Sed
1015 422 1044 448 in
1077 422 1150 449 omni
1169 421 1270 456 ﬁducia.
1295 421 1513 456 magniﬁoabitur
1541 422 1570 448 in
1594 429 1703 458 corpore

906 473 961 493 meo
978 466 1109 497 Christus,
1126 467 1180 494 sive
1198 474 1247 501 per
1263 467 1358 497 vitam,
1374 467 1428 493 sive
1449 474 1499 502 per
1512 467 1634 494 mortem.
1651 466 1703 499 Illi,

907 510 1004 546 inquit,
1028 510 1092 539 dolo
1115 519 1165 539 suo
1189 514 1321 546 putarunt
1341 518 1400 539 sese
1419 518 1465 538 me
1483 511 1513 538 in
1535 510 1657 546 pericula
1678 514 1706 538 et

907 560 1025 583 mortem
1037 556 1213 591 conjecturos
1229 564 1236 583 :
1252 563 1308 583 non
1323 554 1453 583 succedet
1465 559 1557 583 autem
1573 555 1611 583 eis
1622 563 1703 583 cona-

907 603 964 633 tus,
979 599 1027 628 sed
1040 602 1069 627 in
1083 601 1156 628 omni
1167 601 1276 635 ﬁducia,
1293 599 1347 628 hoc
1369 603 1421 634 est,
1438 600 1527 635 palam
1547 604 1575 627 et
1595 599 1706 628 irrefra-

908 646 1031 683 gabiliter
1049 648 1271 682 magniﬁcubitur
1294 647 1416 676 Christus
1436 648 1465 674 in
1485 654 1594 683 corpore
1615 654 1671 674 meo
1696 656 1706 672 :

910 690 962 719 hoc
974 696 1027 725 est,
1043 691 1177 727 tantisper
1199 691 1267 719 dum
1286 691 1359 726 vivo,
1381 699 1481 727 corpus
1492 691 1546 719 hoc
1558 690 1706 719 circumfe-

909 743 972 762 rens
987 745 994 763 :
1008 743 1065 764 non
1079 736 1152 763 enim
1169 735 1281 763 moriar.
1298 737 1338 764 Ne
1354 739 1448 764 autem
1461 735 1608 772 quisquam
1623 734 1706 769 dicat,

909 779 980 814 Quid
1005 780 1105 816 igitur?
1119 780 1142 808 si
1165 784 1196 808 tu
1211 780 1342 814 moriare,
1357 788 1414 808 non
1433 779 1590 815 magniﬁet?
1604 779 1686 808 infert
1699 790 1705 808 :

909 825 970 852 Imo
980 829 1008 852 et
1023 833 1071 860 per
1080 828 1201 853 mortem
1213 832 1303 852 meam
1318 824 1471 860 magniﬁet,
1486 824 1548 860 quia
1559 829 1649 853 morte
1662 832 1706 852 me

1166 879 1173 897 :
1201 873 1393 898 verumtamen
1416 869 1529 897 interim
1550 876 1598 905 per
1621 869 1707 897 vitam

911 921 1001 942 meam
1025 914 1200 950 gloriﬁcatur,
1214 914 1346 950 quoniam
1369 913 1441 942 hanc
1464 913 1532 941 mihi
1555 913 1674 946 donavit,
1692 921 1708 941 e

911 957 1037 992 periculis
1064 965 1171 986 eruens.
1198 959 1239 985 De
1264 961 1355 985 morte
1379 961 1472 986 autem
1497 957 1628 993 loquitur,
1651 965 1708 984 non

911 1002 994 1030 voluti
1009 1002 1103 1030 statim
1121 1003 1282 1037 moriturus,
1297 1010 1395 1031 verum
1415 1006 1446 1030 ut
1459 1002 1567 1030 etiamsi
1579 1002 1638 1036 ﬁat,
1653 1010 1709 1030 non

911 1049 1057 1077 turbentur
1073 1057 1080 1076 :
1095 1048 1273 1077 vehementer
1288 1049 1361 1077 enim
1380 1056 1444 1077 eum
1464 1047 1706 1084 amplectebantur.

947 1187 1034 1214 Vnus.
1055 1189 1097 1214 2t.
1121 1187 1190 1215 Mihi
1203 1194 1275 1214 enzm
1299 1187 1386 1214 vivere
1401 1186 1524 1215 Christus
1539 1188 1588 1218 est,
1603 1188 1627 1214 et
1641 1187 1712 1214 mori

913 1231 1028 1259 lucrum.
1046 1231 1108 1259 Hoc
1122 1234 1173 1264 est,
1188 1231 1296 1259 Novam
1312 1230 1461 1267 quamdam
1484 1231 1569 1258 vitam
1584 1230 1654 1265 vivo,
1683 1233 1711 1258 et

911 1275 1038 1303 Christus
1052 1279 1094 1303 est
1108 1275 1177 1303 mihi
1192 1275 1294 1308 omnia,
1311 1279 1339 1303 et
1351 1275 1472 1310 spiritus,
1495 1279 1523 1303 ct
1545 1275 1610 1310 vita,
1626 1279 1654 1302 et
1665 1275 1710 1303 lu—

912 1328 985 1348 men.
998 1320 1067 1348 Vitae
1082 1320 1156 1347 enim
1178 1327 1282 1348 nomen
1305 1319 1456 1347 naturalem
1476 1320 1559 1348 etiam
1574 1320 1658 1347 vitam
1671 1319 1708 1347 si-

911 1364 1020 1400 gniﬁcat
1039 1373 1045 1391 :
1061 1365 1132 1393 Nam
1154 1366 1183 1392 in
1200 1365 1270 1399 ipso,
1281 1363 1379 1400 inquit,
1392 1367 1419 1392 et
1433 1365 1562 1397 vivimus,
1579 1369 1607 1393 et
1618 1372 1694 1392 move

913 1418 975 1436 mur
985 1415 1010 1436 υ.
1022 1409 1164 1445 Signiﬁcat
1177 1409 1260 1437 etiam
1270 1409 1355 1437 vitam
1367 1409 1395 1436 in
1407 1409 1534 1444 peccatis,
1549 1413 1579 1437 ut
1589 1417 1654 1438 cum
1665 1408 1707 1437 di-

912 1454 958 1488 cit,
973 1455 1027 1488 Qui
1040 1455 1140 1481 mortui
1154 1462 1245 1481 sumus
1258 1456 1380 1488 peccato,
1395 1454 1526 1489 quomodo
1541 1455 1630 1482 adhuc
1639 1455 1712 1482 vive-

911 1506 970 1525 mus
984 1500 1013 1525 in
1025 1499 1084 1534 ipso
1091 1504 1102 1518 ι·
1112 1499 1125 1525 ’ἲ
1134 1498 1274 1534 Signiﬁcat
1289 1502 1317 1526 et
1331 1499 1417 1526 vitam
1431 1499 1638 1534 sempiternam,
1654 1501 1709 1529 sive

58 1537 121 1572 ἤτοι
134 1537 182 1573 τὴν
196 1537 267 1566 κατὰ
282 1536 397 1577 Χριστόν
408 1548 415 1555 ·
435 1538 486 1575 ὡς,
506 1548 521 1564 ιι
549 1537 589 1567 Τὸ
613 1538 692 1575 ἡμῶν
711 1536 858 1572 πολίτευμα
875 1536 898 1568 C
912 1551 920 1570 ί

946 1551 972 1570 m
987 1550 1048 1578 quac
1063 1542 1219 1571 secundum
1240 1542 1384 1571 Christum
1396 1546 1438 1571 est
1458 1552 1464 1570 :
1481 1547 1521 1577 ut,
1538 1544 1710 1573 Conversatio

61 1584 90 1611 ἐν
127 1582 245 1621 οὐρανοῖς
271 1581 431 1622 ὑπάρχει.»
456 1581 589 1611 Ἐνταῦθα
623 1581 709 1610 τοίνυν
747 1581 776 1609 οὐ
809 1580 857 1616 τὴν

62 1625 174 1665 φυσικὴν
198 1625 266 1661 ζωὴν
293 1627 409 1665 ἀρνεῖται
436 1626 450 1654 ὁ
476 1625 598 1661 Παῦλος,
622 1624 691 1654 ἀλλὰ
701 1623 761 1663 ἷτῆν
780 1625 806 1653 ἐν
826 1627 859 1664 τῇ

64 1669 200 1710 ἁμαρτία,
231 1669 279 1707 τὴν
304 1669 488 1710 προσέχουσαν
518 1671 551 1709 τῇ
579 1671 695 1708 κοσμικῇ
717 1668 808 1708 ἀπάτῃ
821 1669 857 1700 Η.

63 1715 119 1744 Τὸν
135 1709 248 1754 Χριστὸν
265 1713 291 1743 δὲ
302 1714 425 1753 ὁμολογεῖ
440 1709 507 1743 εἶναι
524 1714 574 1752 [ἐν]
592 1714 663 1753 αὐτῷ
680 1713 860 1753 ζωὴν,ὥσπερ

79 1754 96 1770 τ
159 1759 164 1767 \
200 1760 208 1770 τ
298 1761 315 1768 συ
467 1758 474 1768 3
489 1760 498 1768 π
549 1758 555 1768 I
645 1759 661 1766 ~
692 1760 708 1767 -ι-
761 1760 776 1767 ι..
808 1759 817 1766 ιι
848 1761 860 1767 ..

63 1770 110 1788 ουν
124 1771 168 1788 και
194 1760 315 1798 αλλαχου
328 1770 406 1799 φησιν
419 1770 425 1777 ·
439 1772 451 1784 ιι
477 1759 513 1788 Ιειν
524 1769 613 1788 πιστει
628 1760 665 1792 ζω
675 1770 709 1798 τῃ
732 1769 776 1788 του
792 1759 859 1788 Heu

63 1806 112 1833 τοῦ
133 1804 212 1835 Θεοῦ.
222 1819 263 1825 —
291 1803 331 1833 Τὸ
347 1802 374 1832 δὲ
390 1804 530 1832 ἀποθανεῖν
543 1827 548 1838 ,
578 1803 677 1842 κέρδος,
689 1813 704 1831 1)
720 1803 759 1832 ὅτι
770 1803 858 1843 αὐτῷ,

66 1848 131 1888 φησὶ
142 1870 150 1885 ,
166 1847 225 1877 τότε
250 1847 410 1888 σαφέστερον
435 1847 589 1886 συνέσομαι.
606 1846 692 1876 "ﬂare
707 1846 797 1887 κέρδος
814 1859 860 1886 μοι

65 1891 267 1932 προξενήσουσιν
285 1894 309 1922 οἱ
332 1894 377 1928 τῆς
397 1894 423 1922 ἐν
453 1893 492 1932 τῷ
523 1892 616 1932 κόσμῳ
642 1893 709 1928 ζωῆς
737 1893 859 1921 ἐκϐαλεῖν

67 1937 236 1973 σπεύδοντες,
258 1938 296 1978 τῷ
321 1938 450 1977 Χριστῷ,
468 1935 495 1970 ὅς
509 1937 579 1966 ἐστιν
605 1935 656 1976 ἐμὴ
681 1935 752 1973 ζωὴ,
772 1948 860 1976 παρα-

67 1981 215 2020 πίμποντές
228 1994 271 2021 με.

112 2038 122 2054 ι
142 2027 174 2056 Εἰ
196 2025 223 2055 δὲ
245 2027 274 2056 τὸ
298 2028 344 2066 ζῇν
362 2025 456 2066 σαρκὶ,
473 2025 550 2056 τοῦτό
575 2037 619 2064 μοι
644 2025 744 2066 καρπὸς
763 2025 858 2066 ἔργου,

69 2071 115 2100 καὶ
133 2070 157 2100 τί
183 2070 329 2110 αἱρήσομαι
359 2072 388 2100 οὖ
414 2070 542 2111 γνωρίζω.
568 2083 580 2097 ι
605 2069 665 2101 Ἵνα
689 2069 726 2109 μὴ
753 2070 862 2110 νομίσῃς

69 2114 218 2144 διαϐάλλειν
235 2116 313 2145 αὐτὸν
334 2115 382 2151 τὴν
396 2118 533 2155 παροῦσαν
547 2114 616 2151 ζωὴν
626 2137 634 2152 ,
649 2114 737 2155 φησίν.
756 2126 770 2144 (ι
787 2116 820 2146 Εἰ
833 2115 861 2144 δὲ

68 2160 100 2189 τὸ
125 2161 169 2199 ζῇν
199 2161 225 2189 ἐν
247 2161 342 2200 σαρκὶ,
372 2160 448 2190 τοῦτό
470 2172 514 2198 μοι
536 2159 636 2199 καρπὸς
662 2160 738 2199 ἔργου
751 2172 757 2178 ·
787 2172 861 2190 τουτ-

71 2204 156 2241 έστιν,
180 2200 263 2234 Εἶπον
279 2205 327 2243 μὲν
351 2204 391 2234 ὅτι
409 2205 499 2244 κέρδος
524 2216 569 2243 μοι
583 2204 614 2234 τὸ
640 2206 739 2234 Θανεῖν·
756 2216 770 2233 ))
791 2205 860 2241 πλὴν

71 2249 159 2285 ἐπειδὴ
195 2249 241 2278 καὶ
271 2249 301 2278 τὸ
339 2251 386 2289 ζῇν
422 2250 448 2278 ἐν
486 2249 565 2289 σαρκὶ
592 2250 638 2279 οὐκ
667 2249 785 2289 ἄκαρπόν
817 2250 861 2288 μοί

71 2296 126 2324 ἐστι
163 2290 333 2335 (καρποφορῶ
369 2294 431 2335 γὰρ,
473 2295 607 2323 δικάσκων
656 2294 702 2324 καὶ
743 2294 861 2336 φωτίζων

71 2339 198 2377 πάντας),
233 2339 281 2368 οὐκ
313 2335 372 2368 οἶδα
408 2339 434 2369 τί
467 2338 623 2379 αἱρήσομαι.
666 2338 799 2370 Ἐνταῦθα
835 2340 861 2370 δὲ

72 2383 226 2424 φράττονται
246 2383 292 2412 καὶ
310 2385 363 2413 τῶν
378 2383 425 2419 τὴν
454 2386 591 2423 παροῦσαν
608 2383 678 2420 ζωὴν
702 2384 860 2415 διαϐαλλόν-

72 2440 124 2458 των
152 2429 288 2467 αῑρετικῶν
319 2428 354 2457 τὰ
379 2428 521 2467 στόματα·
547 2429 592 2458 καὶ
620 2427 672 2468 γὰρ
706 2429 735 2458 οὖ
757 2431 861 2471 πονηρά

73 2473 156 2510 ἐστιν,
169 2472 235 2512 εἴγε
253 2472 370 2512 καρποὺς
391 2473 456 2511 ἡμῖν
482 2473 600 2504 δίδωσιν.
616 2471 699 2502 Ὥστε
720 2474 768 2514 οὐχ
792 2475 859 2512 αὕτη

74 2516 157 2554 αἰτία,
172 2517 257 2553 ἀλλ’ἢ
282 2517 434 2558 προαίρεσις
446 2519 498 2548 τῶν
510 2519 599 2552 κακῶς
619 2518 763 2558 χρωμένων
779 2521 857 2560 αὐτῇ.

77 2561 128 2592 Καὶ
142 2561 282 2602 μυστήριον
295 2562 323 2592 δέ
345 2575 371 2592 τι
387 2562 593 2598 ἀποκαλύπτων,
618 2563 748 2593 δείκνυσιν
766 2565 858 2595 ἑαυτὸν

75 2606 156 2646 κύριον
171 2607 234 2636 ὄντα
252 2609 298 2636 τοῦ
319 2609 365 2648 ζῇν
387 2607 432 2637 καὶ
447 2609 493 2637 τοῦ
516 2609 668 2638 ἀποθανεῖν.
685 2609 719 2638 Ei
733 2608 784 2649 γὰρ
800 2611 860 2649 βου-

76 2651 175 2690 λοίμην,
190 2651 286 2692 φησὶν,
304 2652 466 2688 αἰτήσασθαι
487 2652 531 2683 τὸν
549 2653 635 2691 Θεὸν,
664 2654 742 2684 δώσει
769 2656 857 2696 χάριν·

109 2724 122 2737 ’λ
135 2720 192 2747 Act.
207 2726 285 2754 xm,
301 2721 346 2748 28.
383 2725 397 2738 ν
413 2721 496 2750 Rom.
510 2728 554 2756 vr,
566 2723 594 2750 2.

913 1589 1051 1615 nostrain
1073 1587 1143 1615 uelis
1163 1589 1203 1615 est
1227 1602 1252 1617 Χ.
1270 1587 1321 1615 Hic
1347 1587 1430 1623 igitur
1448 1589 1602 1616 naturalem
1625 1590 1710 1618 vitam

915 1632 1014 1660 Paulus
1035 1640 1092 1660 non
1117 1632 1215 1668 reiicit,
1240 1631 1287 1660 sed
1307 1632 1391 1660 vitam
1411 1639 1472 1668 quae
1490 1637 1601 1667 peccato
1622 1633 1712 1662 dedita

913 1680 965 1711 est,
977 1676 1062 1712 hujus
1076 1676 1173 1704 mundi
1187 1676 1350 1712 imposturae
1361 1675 1560 1705 attendentem.
1572 1677 1712 1706 Christum

913 1725 1006 1749 autem
1019 1721 1165 1749 conﬁtetur
1178 1721 1230 1749 sibi
1250 1729 1309 1749 esse
1324 1721 1418 1756 vitam,
1436 1721 1673 1757 quemadmodum
1687 1728 1714 1751 et

914 1765 969 1793 alio
982 1766 1011 1792 in
1023 1766 1084 1793 loco
1099 1765 1165 1794 dicit
1181 1775 1187 1792 :
1204 1767 1238 1793 In
1251 1766 1306 1800 ﬁde
1319 1767 1377 1794 vivo
1393 1767 1459 1794 Filii
1471 1768 1552 1794 DeiY.
1576 1768 1647 1795 Mori
1663 1775 1713 1796 au-

916 1813 972 1837 tem
986 1809 1093 1838 lucrum
1107 1813 1158 1845 est,
1173 1810 1236 1846 quia
1251 1814 1316 1838 tunc
1330 1810 1450 1845 apertius
1464 1818 1529 1838 cum
1543 1811 1602 1846 ipso
1616 1819 1710 1840 versa-

915 1854 975 1882 bor.
988 1855 1111 1882 Lucrum
1127 1854 1220 1890 itaque
1234 1854 1298 1881 mihi
1307 1854 1478 1889 praebebunt,
1493 1854 1655 1884 festinantes
1665 1864 1712 1884 me

914 1906 946 1927 ex
970 1897 1052 1934 hujus
1065 1898 1163 1926 mundi
1177 1898 1232 1926 vita
1255 1898 1364 1934 ejicere,
1382 1898 1500 1933 Christo,
1523 1899 1571 1935 qui
1592 1904 1634 1928 est
1656 1900 1710 1929 vita

916 1950 988 1977 mea,
1001 1950 1046 1970 me
1059 1942 1214 1978 allegantes.

951 2038 1042 2066 Vens.
1058 2040 1100 2065 22.
1114 2038 1144 2066 Si
1153 2040 1242 2065 autem
1254 2038 1342 2065 vivere
1351 2038 1380 2065 in
1389 2045 1477 2070 carne,
1492 2038 1539 2066 hoc
1548 2038 1633 2075 434
1643 2041 1711 2068 mihi

914 2084 1020 2116 fructus
1036 2085 1075 2110 cst
1086 2084 1183 2118 operis,
1201 2085 1226 2110 et
1243 2083 1310 2118 quid
1329 2083 1437 2117 eligam,
1452 2083 1555 2118 ignoro.
1567 2085 1609 2111 Ne
1625 2085 1713 2113 existi-

915 2135 974 2155 mes
990 2127 1080 2163 ipsum
1100 2131 1262 2162 prmsentem
1277 2127 1360 2154 vitam
1371 2127 1583 2162 reprehendere,
1600 2128 1690 2165 inquit
1704 2139 1710 2157 :

876 2186 901 2218 D
917 2173 946 2200 Si
963 2173 1053 2200 vivere
1069 2174 1097 2199 in
1118 2180 1207 2203 carne,
1226 2172 1272 2199 hoc
1285 2172 1354 2198 mihi
1367 2172 1475 2205 fructus
1495 2175 1534 2200 est
1546 2174 1644 2207 operis,
1661 2173 1714 2202 hoc

916 2220 967 2250 est,
984 2216 1047 2244 Dixi
1067 2215 1179 2251 quidem
1201 2216 1308 2243 lucrum
1334 2223 1393 2244 esse
1413 2217 1495 2250 mori,
1521 2221 1710 2246 verumtamen

916 2264 1062 2296 postquam
1077 2260 1167 2288 vivere
1181 2260 1209 2288 in
1224 2267 1305 2288 carne
1322 2268 1378 2288 non
1388 2260 1422 2287 sit
1435 2260 1628 2296 infrugiferum
1642 2262 1712 2291 mihi

917 2304 1049 2342 (fructum
1064 2305 1140 2333 enim
1155 2304 1214 2332 fero
1224 2325 1231 2339 ,
1246 2304 1348 2333 docens
1370 2304 1582 2342 illuminansque
1595 2311 1714 2342 omnes),

915 2358 971 2378 non
985 2350 1047 2377 novi
1063 2349 1131 2386 quid
1144 2349 1252 2385 eligam.
1272 2349 1319 2377 Hic
1339 2353 1431 2378 autem
1447 2349 1628 2379 obstruuntur
1642 2359 1714 2388 pra:-

914 2399 1021 2423 sentem
1033 2395 1116 2422 vitam
1125 2394 1350 2422 calumniantium
1362 2393 1556 2423 hzereticorum
1568 2404 1616 2424 ora
1629 2405 1713 2425 :nam

915 2447 971 2467 non
989 2443 1031 2467 est
1049 2447 1141 2475 prava,
1157 2447 1221 2466 cum
1242 2438 1349 2467 fructus
1372 2439 1452 2467 nobis
1473 2440 1624 2476 impertiat.
1642 2442 1715 2478 Quo-

915 2484 987 2512 circa
1010 2483 1067 2519 ipsa
1086 2491 1142 2512 non
1170 2487 1212 2511 est
1232 2491 1326 2517 causa,
1351 2484 1398 2512 sed
1422 2484 1546 2512 voluntas
1568 2485 1643 2514 male
1669 2486 1713 2514 illa

915 2528 1064 2556 utentium.
1100 2529 1197 2562 Porro,
1230 2528 1396 2565 mysterium
1410 2528 1548 2565 quoddam
1573 2530 1711 2565 revelans,

916 2573 1020 2601 indicat
1041 2581 1069 2602 se
1089 2581 1148 2602 esse
1173 2573 1319 2602 dominum
1334 2573 1396 2601 vita:
1419 2574 1571 2610 mortisque
1592 2582 1677 2603 :nam
1689 2576 1712 2603 si

916 2617 1008 2651 velim,
1023 2617 1125 2654 inquit,
1140 2616 1193 2645 hoc
1205 2625 1237 2645 ex
1251 2619 1310 2646 Deo
1321 2621 1423 2654 petere,
1439 2617 1513 2646 dabit
1530 2618 1655 2654 gratiam.
1676 2620 1712 2646 Ex

916 2662 969 2690 hoc
993 2669 1058 2698 ergo
1086 2661 1191 2690 debetis
1225 2662 1444 2691 consolationem
1477 2662 1611 2698 accipere,
1640 2663 1715 2699 quod

632 2726 644 2739 κ
659 2723 743 2751 Rom.
757 2730 804 2760 III,
820 2726 866 2753 20.
901 2730 914 2746 ι
930 2724 1022 2752 Galat.
1037 2732 1074 2760 ιι,
1089 2727 1136 2754 29.

765 2777 861 2808 Varia:
887 2778 1037 2809 lectiones.

112 2826 132 2846 ⁸²
144 2826 212 2856 οὐδὲν
228 2835 256 2857 ο.
294 2828 316 2846 ⁸⁸
330 2827 410 2856 πάντα
421 2837 448 2858 0.

487 2829 508 2847 ιι
521 2829 606 2867 ἀγάπῃ
619 2838 648 2859 ο.
