1886 3082
177 168 242 194 1155

681 165 934 194 THEOPHYLACTI
953 164 1131 194 BULGARIE
1150 165 1308 193 ARCHIEP.

1773 165 1836 192 “55

173 229 279 256 etiamsi
293 228 406 262 moriar,
420 235 475 256 non
490 234 522 255 ex
538 227 640 255 malitia
653 227 785 262 hostium,
803 228 851 257 sed
865 237 897 257 ex
909 228 953 258 dis

1063 241 1089 258 τε
1112 228 1157 258 καὶ
1173 229 1202 258 ἐκ
1224 226 1317 257 τούτου
1337 226 1454 268 ὀφείλετε
1480 227 1727 266 παραμυθεῖσθαι,
1752 226 1798 256 ὅτι
1816 229 1835 256 εἰ

172 273 329 309 pensatione
343 273 393 302 Dei
406 272 509 301 factum
524 276 564 300 est
583 272 665 301 istud.

207 365 298 392 Vnus.
305 365 400 398 23,24.
411 363 631 392 Coarctorautem
639 372 673 391 σω
680 363 795 395 duobus,
802 364 920 392 desideri
922 372 967 391 um

174 409 284 440 habens,
301 408 422 443 [dissolvi
445 411 470 436 et
489 416 544 436 esse
567 416 627 436 cum
645 408 762 440 Christo,
783 410 866 436 multo
879 410 967 443 magis

172 454 266 482 melius
278 464 288 480 .·
299 461 454 489 permanere
474 456 564 481 autem
586 454 615 480 in
636 461 724 485 carne,
740 455 830 488 magis
846 462 965 481 necessa-

172 500 244 526 rium
263 501 380 534 propter
400 506 456 526 vos.
477 499 543 526 Haec
567 498 635 526 dicit
654 499 842 534 pramunicns
857 507 913 532 eos,
937 503 967 526 ut

171 548 281 571 strenue
295 543 454 578 fortiterque
477 542 565 571 ferant
587 542 706 571 futuram
731 548 849 571 mortem
875 551 965 570 suam.

173 587 246 623 Quid
261 587 337 615 enim
351 587 460 621 doletis,
475 587 572 623 inquit,
590 592 701 624 propter
715 591 835 616 mortem
849 595 940 616 meam
952 589 966 614 δὲ

171 634 250 660 Hanc
263 639 313 667 ego
333 631 470 666 desidero,
492 640 524 660 ac
538 632 636 660 melius
649 632 716 660 mihi
730 632 784 660 hoc
802 637 844 660 est
859 643 864 660 :
882 633 964 668 largi-

170 681 216 706 tur
225 677 299 705 enim
310 677 378 705 mihi
393 681 423 705 ut
432 677 484 705 sim
493 685 556 705 cum
571 677 691 706 Christo.
707 679 801 713 Itaque
815 685 871 705 non
885 685 966 713 opor-

171 726 210 750 tet
234 729 281 750 vos
304 721 406 750 dolere.
431 723 628 750 Verumtamen
649 730 664 750 e
685 727 781 750 contra
809 730 918 750 manere
937 722 966 749 in

169 775 261 802 carne,
277 767 364 803 magis
382 771 423 795 est
437 767 623 796 necessarium
635 771 746 804 propter
758 771 878 796 vestram
892 774 968 794 com-

170 812 344 840 moditatem.
366 812 428 840 Non
448 812 522 840 enim
537 820 630 848 quaero
644 812 718 849 quod
738 820 832 840 meum
847 817 905 846 est,
919 811 967 839 sed

171 857 245 893 quod
259 861 380 885 vestrum
401 861 451 885 est.
473 858 632 886 Coarctatus
653 857 736 894 igitur
747 857 821 885 hisce
842 857 965 890 duobus,

173 904 225 932 hoc
238 908 289 938 est,
305 904 331 932 in
344 903 467 940 angustia
480 905 657 937 constitutus,
671 909 699 932 et
712 904 822 940 ignarus
836 903 964 940 quidnam

171 948 325 984 praeferam,
341 949 526 977 necessarium
546 953 638 977 tamen
659 950 745 986 magis
767 948 868 985 judico,
887 948 965 976 vobis

171 1001 232 1021 mea
246 993 298 1021 vita
313 993 455 1029 prodesse.
474 995 559 1022 Estne
572 994 674 1030 aliquid
690 1002 753 1021 cum
774 993 847 1022 Pauli
871 993 966 1020 animo

169 1038 411 1074 aequiparandum?
423 1038 477 1073 Qui
491 1038 555 1066 huic
567 1039 628 1074 ipsi,
642 1043 672 1066 ut
683 1046 747 1066 cum
760 1038 867 1066 Christo
881 1041 964 1070 esset,

170 1083 286 1110 aliorum
300 1083 444 1111 utilitatem
457 1082 632 1119 praeferebat;
647 1087 674 1112 et
686 1091 741 1119 quo
755 1083 842 1119 magis
855 1083 964 1110 Christo

170 1128 371 1164 approprietur,
385 1128 626 1156 conversationem
660 1135 741 1156 suam
766 1135 829 1155 cum
857 1127 965 1155 Christo

170 1171 302 1200 differens
309 1172 323 1199 ?

204 1218 293 1244 Vens.
309 1219 352 1244 2.5.
370 1218 405 1244 Et
419 1217 466 1244 hoc
480 1217 611 1252 conﬁdens
631 1218 693 1248 scio,
716 1217 789 1252 quod
807 1217 926 1248 manebo,
942 1220 965 1244 et

170 1262 250 1289 simul
265 1262 427 1297 permanebo
447 1270 505 1289 cum
525 1263 645 1289 omnibus
664 1263 747 1294 vobis,
765 1263 801 1290 ad
811 1263 965 1297 profectum

169 1310 289 1335 vestrum
304 1310 329 1334 et
337 1307 470 1341 gaudium
486 1308 559 1342 ﬁdei.
575 1307 645 1342 Quia
658 1308 839 1336 necessarium
853 1311 905 1341 est,
921 1307 965 1334 in-

169 1352 238 1388 quit,
258 1355 289 1380 ut
312 1352 340 1379 in
363 1359 444 1380 carne
465 1359 604 1386 maneam,
621 1352 791 1381 conﬁdenter
809 1352 963 1380 indubitan-

170 1401 264 1432 terque
282 1396 346 1424 novi
363 1396 436 1432 quod
453 1397 581 1431 manebo,
597 1397 648 1426 hoc
662 1401 713 1431 est,
728 1397 824 1426 Vivam
840 1406 847 1425 :
863 1401 890 1424 et
910 1404 964 1424 non

167 1441 338 1477 simpliciter,
357 1443 417 1474 sed,
442 1441 595 1476 Vobiscum,
613 1441 686 1477 quod
710 1445 762 1475 est,
775 1441 885 1477 ,Videbo
901 1449 962 1469 vos.

169 1486 254 1522 Cujus
269 1486 307 1514 rei
331 1486 434 1522 gratia?
451 1486 483 1512 L't
509 1493 555 1513 vos
580 1486 607 1513 in
623 1485 676 1514 ﬁde
690 1486 884 1522 promoveatis,
911 1485 965 1513 hoc

167 1534 219 1565 est,
235 1530 397 1563 fulciamini,
409 1529 611 1565 ﬁrmeminique
624 1538 688 1558 cum
702 1530 884 1566 iudogmate,
901 1534 961 1557 tum
976 1530 999 1562 C

169 1576 198 1603 in
210 1575 265 1602 vita
283 1584 289 1602 :
305 1574 351 1610 qui
366 1573 505 1610 prolectus
518 1583 611 1602 verum
631 1575 760 1609 gaudium
773 1579 815 1602 est
829 1579 856 1602 et
869 1582 962 1602 meum

173 1624 196 1647 cl
214 1623 346 1646 vestrum.
367 1618 418 1645 llic
437 1618 521 1645 etiam
543 1619 669 1646 nonnihil
694 1627 743 1647 eos
764 1618 962 1654 perterrefacit,

169 1662 282 1699 perinde
297 1663 373 1698 quasi
393 1662 477 1696 dicat,
498 1662 605 1697 Videte,
629 1671 676 1699 per
698 1671 746 1691 vos
768 1663 880 1691 orbatus
900 1671 963 1691 sum

169 1707 317 1745 quominus
335 1707 406 1743 apud
427 1707 567 1735 Christum
591 1715 671 1744 agam
687 1715 694 1735 :
710 1707 799 1736 videte
821 1708 914 1744 igitur,
930 1716 963 1736 ne

169 1760 266 1781 vanam
290 1756 317 1780 et
332 1751 440 1779 irritam
459 1751 562 1780 faciatis
582 1760 673 1780 meam
692 1752 720 1780 in
734 1761 816 1780 carne
838 1760 963 1788 perseve-

167 1797 292 1826 rantiam.
307 1796 379 1831 Quid
393 1796 495 1833 igitur?
507 1796 543 1824 ob
559 1796 742 1832 Philippenses
756 1797 828 1825 solos
839 1797 867 1825 in
881 1805 962 1825 carne

167 1841 323 1878 perduravit
342 1843 353 1869 ἲ
371 1842 432 1869 Non
446 1845 559 1877 propter
577 1840 628 1869 hos
647 1842 730 1874 solos,
750 1850 846 1870 venum
867 1849 961 1870 curam

166 1888 219 1915 illis
234 1886 317 1923 435
332 1886 464 1914 adhibens
482 1885 542 1914 hmo
560 1885 634 1920 dicit,
650 1894 681 1914 ac
703 1886 737 1915 ad
761 1887 897 1923 majorem
920 1894 963 1915 so-

166 1933 310 1960 brietatem
321 1931 481 1959 adhortans.

202 1978 291 2005 Vens.
307 1979 352 2004 26.
371 1978 404 2004 Ut
417 1977 543 2010 gloriatio
554 1978 642 2003 vestra
666 1976 785 2003 abundet
806 1977 835 2003 in
853 1977 959 2005 Christo

167 2023 231 2049 .lcsu
252 2023 280 2048 in
298 2029 349 2052 me,
363 2029 413 2056 per
435 2029 523 2048 meum
546 2021 692 2048 adventum
722 2022 819 2048 iterum
845 2022 882 2048 ad
906 2029 961 2049 eos.

167 2066 238 2101 Quia
252 2069 314 2093 ante
336 2065 454 2099 dixerat,
473 2065 516 2093 0b
535 2069 656 2093 vestrum
673 2064 829 2101 profectum
853 2073 963 2102 perma-

165 2111 248 2145 nebo,
267 2109 358 2138 innuit
369 2109 428 2144 jam
447 2109 520 2145 quod
533 2113 560 2138 et
570 2110 621 2146 ipsi
635 2109 761 2138 nonnihil
774 2109 862 2138 lucelli
882 2118 915 2139 ex
929 2119 963 2139 eo

168 2155 290 2190 accedat,
303 2161 412 2190 nempe,
433 2158 462 2182 ut
477 2154 664 2183 abundantius
681 2155 813 2191 glorietur
831 2155 865 2183 de
882 2155 961 2191 ipsis,

166 2210 200 2230 eo
211 2200 286 2238 quod
299 2199 443 2237 proﬁciant
455 2208 503 2236 per
517 2207 600 2228 suum
613 2199 648 2227 ad
659 2207 706 2228 eos
719 2199 877 2228 adventum.
889 2201 960 2236 Quid
975 2206 1000 2238 ι)

166 2247 268 2283 igitur?
281 2246 390 2274 venitne
408 2244 443 2273 ad
463 2245 553 2281 ipsos?
575 2245 635 2272 Hoc
653 2252 718 2272 sane
741 2244 878 2272 incertum
904 2250 963 2282 est,

165 2292 254 2327 deque
265 2299 298 2319 eo
315 2290 473 2325 ambigitur.

201 2333 292 2360 Vens.
311 2333 355 2358 27.
385 2331 501 2357 Tantum
518 2330 598 2364 digne
619 2330 767 2365 Evangelia
787 2330 888 2359 Christi
906 2339 964 2359 con-

168 2376 318 2404 rcrsemini.
337 2375 398 2403 Hoc
422 2374 512 2402 solum
532 2382 547 2401 a
563 2374 640 2402 vobis
662 2383 767 2411 quam,
788 2379 818 2403 ut
837 2377 964 2404 crescetis

168 2421 195 2449 in
215 2421 327 2448 virtute.
344 2419 435 2455 Digne
455 2422 550 2446 autem
564 2419 714 2456 Evangelio
736 2419 814 2453 vivit,
829 2420 875 2457 qui
889 2421 963 2457 seip—

167 2474 232 2494 sum
253 2464 390 2500 abnegans
417 2471 527 2491 crucem
553 2471 631 2492 suam
657 2464 739 2498 tollit,
767 2464 963 2502 Christumque

168 2509 302 2547 sequitur.

207 2558 241 2585 Ut
254 2556 309 2583 sive
319 2562 379 2582 cum
394 2561 489 2582 venero
504 2556 529 2582 et
544 2553 634 2581 videro
647 2561 708 2585 vos,
724 2554 777 2581 sive
789 2553 894 2586 absens,
911 2563 962 2582 au-

168 2602 247 2630 diam
263 2601 295 2629 de
314 2600 399 2628 vobis.
415 2599 478 2627 Non
492 2602 623 2634 tanquam
643 2597 805 2626 sententiam
819 2602 965 2633 mutasset,

168 2654 255 2684 neque
269 2650 400 2682 tanquam
409 2651 466 2673 non
477 2643 513 2672 sit
522 2646 665 2678 venturus,
681 2642 739 2671 hac
749 2642 816 2672 dicit
833 2652 840 2672 :
855 2651 965 2678 verum,

980 887 1004 918 Β

1020 278 1065 307 καὶ
1081 278 1196 314 θανῶ⁴⁵,
1216 277 1274 318 οὐχὶ
1285 277 1311 297 ⁴⁶
1326 276 1440 318 πονηρία
1465 277 1515 306 τιῗιν
1537 276 1642 316 ἐχθρῶν
1667 275 1748 305 ἀλλὰ
1765 277 1835 307 Θεῶ

1020 322 1159 363 οἰκονομίᾳ
1174 322 1275 361 γίνεται
1291 325 1380 352 τοῦτο.

1065 379 1080 396 (ι
1095 368 1249 407 Συνέχομαι
1273 366 1301 396 δὲ
1323 367 1352 396 ἐκ
1378 367 1434 396 τῶν
1454 366 1519 402 δύο,
1534 365 1582 402 τὴν
1598 366 1754 404 ἐπιθυμίαν
1769 366 1835 406 ἔλων

1021 414 1056 447 εἷς
1093 412 1122 442 τὸ
1151 413 1281 442 ἀναλῦσαι
1318 411 1364 441 καὶ
1398 411 1446 440 σὺν
1479 412 1588 451 Χριστῷ
1625 406 1716 448 εἶναι,
1744 413 1835 451 πολλῷ

1021 459 1121 496 μᾶλλον
1147 461 1283 498 κρεῖσσονο
1317 456 1348 486 τὸ
1379 456 1406 485 δὲ
1439 455 1572 494 ἐπιμένειν
1598 455 1624 485 ὲν
1657 458 1692 495 τῇ
1740 456 1835 495 σαρκὶ,

1021 502 1225 542 ἀναγκαιότερον
1249 501 1281 531 δι’
1310 502 1390 540 ὑμᾶς.
1421 513 1436 528 7)
1458 503 1554 531 Ταῦτα
1582 500 1656 539 λέγει
1683 512 1834 540 προπαρα-

1020 549 1152 582 σκευάζων
1181 547 1274 580 αὐτοὺς
1301 547 1416 584 ἐνεγκεῖν
1439 545 1565 584 γενναίως
1598 545 1649 580 τὴν
1679 546 1833 582 μέλλουσιν

1019 594 1097 622 αὐτοῦ
1114 591 1249 628 τελευτήν.
1264 591 1299 622 Τί
1313 591 1365 631 γὰρ
1384 592 1488 630 ἄλγείτε
1498 615 1504 623 ,
1520 591 1598 630 φησὶν
1610 612 1618 627 ,
1635 590 1735 630 ἔπὶξτῷ
1751 590 1833 619 Βανά-

1019 649 1056 677 τῳ
1069 647 1076 674 ;
1089 639 1176 668 Τοῦτο
1185 637 1315 674 ἐπιθυμῶ,
1325 636 1432 675 [πάλαι,
1443 648 1454 661 α
1465 635 1530 664 καὶ»
1539 635 1634 674 πάλιν]
1651 635 1701 664 καὶ
1712 635 1832 675 κρεῖπόν

1020 693 1065 720 μοι
1086 682 1163 711 τοῦτό
1187 683 1243 710 ἐστι
1257 693 1263 699 ·
1287 681 1377 710 δίδωσι
1398 680 1449 720 γάρ
1473 691 1517 718 μοι
1539 679 1586 710 σὺν
1609 681 1727 719 Χριστῷ
1757 675 1832 708 εἶναι.

1019 725 1107 756 τὨστε
1123 727 1152 756 οὖ
1171 727 1209 755 δεῖ
1225 727 1292 762 ὑμᾶς
1306 727 1404 764 ἀλγεῖν.
1419 725 1496 761 Πλὴν
1507 725 1586 754 πάλιν
1604 724 1634 754 τὸ
1644 725 1789 763 ἐπιμένειν

1021 772 1115 811 σαρκὶ,
1144 771 1349 811 ἀναγκαιότερον
1365 769 1408 799 διὰ
1423 769 1471 805 τὴν
1490 769 1622 809 ὑμετέραν
1639 769 1669 788 ⁴τ
1684 769 1830 809 ὠρέλειπν·

1023 817 1051 845 οὖ
1065 816 1114 855 γὰρ
1124 817 1195 852 ζητῶ
1204 815 1233 845 τὸ
1244 817 1371 854 ἐμαυτοῦ,
1385 814 1454 844 ἀλλὰ
1464 814 1494 843 τὸ
1506 815 1590 852 ὑμῶν.
1605 814 1798 853 Συνεχόμενος
1807 813 1830 830 ³⁸

1021 856 1064 890 οὖν
1080 862 1109 890 ἐκ
1122 862 1173 889 τῶν
1185 859 1231 890 δύο
1245 860 1344 890 τούτων
1355 882 1363 896 ,
1377 859 1497 888 τουτέστι
1508 859 1776 898 στενοχωρούμενος,
1785 859 1828 886 καὶ

1022 905 1059 944 μὴ
1076 905 1149 938 εἰδὼς
1163 907 1238 934 ποῖον
1253 905 1424 945 προτιμήσῳ·
1445 903 1517 942 ὅμως
1538 903 1753 943 ἀναγκαιότερον
1773 903 1830 942 χρί-

1019 962 1056 979 νω
1077 950 1107 980 τὸ
1121 953 1187 988 ὑμᾶς
1199 951 1248 984 ζῶν
1261 950 1383 989 ὠφελεῖν.
1396 943 1463 987 ’Ἆρα
1476 949 1531 977 ἔστι
1545 959 1570 977 τι
1583 949 1631 983 τῆς
1643 951 1694 977 τοῦ
1714 949 1826 978 Παύλου

1019 996 1106 1034 ψυχῆς
1130 994 1268 1030 ἀντάξιον;
1294 993 1320 1027 ὅς
1335 1005 1365 1034 γε
1380 992 1425 1022 καὶ
1441 995 1486 1021 τοῦ
1512 996 1630 1022 συνεῖναι
1647 993 1768 1031 Χριστῷ
1789 993 1830 1020 αἱ·

1021 1040 1162 1079 ρετόιτερον
1187 1038 1272 1078 ἔκρινε
1297 1038 1343 1068 καὶ
1369 1037 1558 1076 προτιμότερον
1583 1036 1633 1071 τὴν
1669 1038 1725 1066 τῶν
1742 1037 1828 1066 ἄλλων

1020 1083 1167 1123 ὠφέλειαν,
1194 1082 1237 1111 ἵνα
1263 1083 1344 1113 πλέον
1370 1083 1492 1121 οἰκειωθῇ
1519 1083 1556 1121 τῷ
1585 1082 1704 1121 Χριστῷ
1721 1083 1827 1120 ὑπερτι-

1020 1128 1125 1166 θέμενος
1141 1128 1188 1164 τῆν
1200 1127 1267 1166 μετᾶ
1279 1129 1397 1167 Χριστοῦ
1411 1126 1545 1166 διαγωγήν
1557 1126 1594 1157 ⁴9.

1063 1233 1075 1245 ιι
1097 1219 1148 1249 Καὶ
1163 1222 1241 1249 τοῦτο
1257 1218 1389 1253 πεποιθὼς
1405 1213 1480 1255 οῖδα,
1497 1217 1537 1248 ὅτι
1553 1219 1626 1256 μενῶ
1641 1218 1692 1247 καὶ
1714 1229 1827 1256 συμπει-

1021 1267 1127 1303 ραμενῶ
1151 1269 1233 1293 πᾶσιν
1261 1265 1335 1302 ὑμῖν,
1364 1265 1400 1296 εἰς
1427 1263 1475 1299 τὴν
1509 1264 1583 1302 ὑμῶν
1609 1261 1756 1302 προκοπὴν
1786 1261 1830 1290 κιιῖ

1019 1310 1106 1348 χαρὰν
1114 1311 1161 1344 τῆς
1173 1308 1297 1343 πίστεως.
1312 1321 1327 1336 ι
1348 1308 1460 1343 Ἐπειδὴ
1471 1331 1478 1344 ,
1494 1307 1573 1348 φησὶν
1583 1331 1591 1345 ,
1609 1307 1762 1346 ἀναγκαῖόν
1775 1307 1830 1336 ἔστι

1019 1353 1049 1383 τὸ
1066 1353 1199 1390 ἐπιμένειν
1291 1354 1384 1393 σαρκὶ,
1413 1352 1575 1385 πεποιθότως
1595 1352 1642 1381 καὶ
1659 1352 1831 1383 ἆὸιστάκτως

1019 1393 1076 1428 οἶδα
1093 1398 1133 1428 ὅτι
1143 1400 1215 1436 μενῶ
1226 1411 1233 1417 ·
1248 1393 1390 1434 τουτέστι,
1406 1398 1479 1433 ζήσω
1488 1409 1494 1416 ·
1507 1397 1552 1426 καὶ
1565 1398 1615 1437 οὐχ
1623 1396 1733 1431 ἅπλῶς,
1751 1398 1781 1425 ἆ)
1789 1396 1830 1431 λὰ,

1024 1456 1035 1469 α
1054 1444 1112 1481 μεθ’
1128 1445 1202 1481 ὓμῶν
1214 1455 1220 1461 ·
1239 1454 1252 1472 ιι
1271 1442 1377 1477 δέει-τιν,
1395 1441 1517 1482 Ὀψομαι
1533 1443 1613 1480 ὑμᾶς.
1626 1442 1708 1474 Τίνος
1720 1441 1827 1477 ἕνεκεν;

1019 1487 1080 1517 Ἵνα
1102 1489 1176 1526 ὑμεῖς
1202 1488 1354 1528 προκόψητε
1370 1488 1396 1516 ἐν
1413 1489 1446 1527 τῇ
1471 1488 1576 1523 πίστει,
1602 1485 1751 1524 τουτέστι,
1770 1497 1830 1520 στη-

1016 1534 1124 1572 ριχθῆτε
1151 1532 1197 1561 καὶ
1223 1533 1376 1571 παγιωθῆτε
1401 1531 1427 1560 ἔν
1447 1543 1476 1561 τε
1498 1533 1536 1570 τῷ
1565 1531 1697 1570 δόγματι,
1719 1531 1776 1562 ,καὶ
1793 1532 1829 1570 τῷ

1017 1577 1086 1616 βίῳ’
1117 1576 1175 1613 ἥτις
1200 1575 1324 1616 προκοπὴ
1351 1576 1424 1616 χαρά
1444 1577 1515 1606 ἐστιν
1543 1575 1643 1611 ἀληῦὴς
1675 1574 1723 1604 καὶ
1755 1577 1829 1613 ὖμῶν

1016 1622 1150 1659 καὶέμοῧ.
1173 1620 1306 1651 Ἐνταῦθα
1332 1621 1359 1649 δὲ
1389 1621 1433 1650 καὶ
1460 1620 1537 1661 φοεεῖ
1561 1619 1670 1655 αὐτοὺς,
1698 1620 1738 1653 ὥς
1759 1619 1793 1648 ἂν
1807 1619 1828 1648 εἰ

1015 1666 1116 1705 λέγων·
1147 1665 1266 1705 Ὁρᾶτε,
1295 1664 1332 1694 δι’
1356 1667 1424 1704 ὑμᾶς
1452 1665 1595 1704 ἐστερήθην
1622 1667 1669 1693 τοῦ
1707 1664 1827 1693 συνεῖναι

1016 1711 1143 1749 Χριστῷ·
1165 1710 1203 1747 μὴ
1228 1709 1404 1748 ματαιώσητέ
1423 1721 1473 1748 μου
1495 1710 1543 1744 τὴν
1559 1711 1585 1739 ἐν
1600 1708 1682 1749 σαρκὶ
1698 1721 1825 1748 παραμο-

1016 1755 1072 1790 νήν.
1097 1754 1132 1785 Τί
1145 1752 1207 1791 οῧνς
1234 1754 1278 1784 διὰ
1307 1755 1508 1790 Φιλιππησῖους
1537 1754 1630 1792 μόνους
1654 1753 1825 1792 ﬂagitauit;

1016 1801 1056 1830 Οὖ
1072 1799 1115 1828 διὰ
1130 1799 1237 1833 τούτους
1248 1799 1354 1838 μόνους,
1371 1798 1440 1828 ἀλλὰ
1455 1798 1607 1838 θεραπεύων
1630 1797 1730 1832 αὐτοὺς
1747 1801 1824 1827 τοῦτο

1016 1843 1100 1884 λέγει,
1110 1843 1156 1873 καὶ
1168 1843 1378 1884 προτρεπόμενος
1386 1865 1394 1880 ,
1416 1844 1452 1877 εἰς
1464 1843 1547 1872 πλείω
1563 1845 1653 1883 νῆψιν.

1057 1979 1072 1998 ι
1089 1968 1148 1999 Ἵνα
1169 1969 1200 1998 τὸ
1221 1968 1351 2008 καύχημα
1379 1969 1454 2006 ὑμῶν
1481 1968 1627 2008 περισσεύῃ
1651 1969 1678 1998 ἐν
1706 1969 1823 2009 Χριστῷ

1016 2013 1104 2050 Ἰησοῦ
1138 2014 1164 2042 ἓν
1193 2013 1269 2052 ἐμοὶ,
1293 2013 1336 2042 διὰ
1375 2014 1423 2048 τῆς
1453 2014 1520 2051 ἔμ’ἧς
1553 2012 1702 2052 παρουσίας
1741 2014 1822 2042 πάλιν

1017 2058 1080 2098 πρὸς
1101 2060 1180 2095 huic.
1197 2070 1210 2086 υ
1229 2057 1342 2093 Ἐπειδὴ
1365 2057 1420 2087 ἄνω
1439 2052 1529 2092 εἶπεν,
1545 2057 1586 2087 ὅτι
1600 2058 1652 2087 Διὰ
1676 2057 1726 2093 τὴν
1745 2059 1820 2097 ὑμῶν

1017 2103 1151 2142 προκοπὴν
1183 2103 1349 2142 παραμενῶ,
1387 2101 1516 2131 δείκνυσιν
1547 2102 1587 2131 ὅτι
1611 2102 1658 2132 καὶ
1685 2102 1770 2135 αὐτός
1798 2115 1822 2132 τι

1016 2148 1146 2188 κερδαίνει
1170 2148 1199 2176 ἐκ
1226 2146 1336 2183 τούτου,
1364 2146 1395 2176 τὸ
1430 2149 1583 2186 καυχᾶσθαι
1621 2147 1822 2188 περισσοτέρως

1016 2193 1059 2222 ἐπ’
1087 2192 1188 2230 αὐτοῖς,
1223 2193 1259 2225 ὣς
1283 2191 1464 2232 προκόπτουσι
1500 2191 1543 2220 διὰ
1566 2193 1614 2228 τῆς
1639 2192 1722 2220 αὐτῶ
1760 2193 1823 2232 πρὸς

1018 2236 1113 2271 αὖτοὺς
1126 2237 1283 2277 παρουσίας,
1302 2236 1337 2266 Τί
1356 2232 1417 2274 οδν;
1436 2232 1500 2273 ἦλθε
1515 2235 1581 2276 πρὸς
1598 2235 1710 2273 αὖτούς;
1734 2237 1822 2267 Τοῦτο

1019 2281 1117 2318 ἄδηλόν
1135 2282 1191 2311 ἐστι
1205 2281 1251 2310 καὶ
1265 2283 1396 2317 ζητεῖται.

1060 2339 1076 2355 σι
1092 2326 1180 2357 Μόνον
1211 2326 1290 2360 ἀξίως
1315 2329 1362 2355 τοῦ
1386 2325 1554 2365 Εὖαγγελίου
1566 2327 1612 2355 τοῦ
1624 2326 1748 2365 Χριστοῦ
1770 2337 1820 2355 πο-

1017 2371 1159 2402 λιτεύεσθε.
1186 2382 1200 2400 ιι
1229 2370 1318 2402 Μόνον
1343 2373 1421 2400 τοῦτο
1447 2372 1519 2406 ζητῶ
1530 2370 1556 2390 ⁵⁰
1572 2372 1636 2410 παρ’
1653 2371 1750 2408 ὑμῶν,
1777 2369 1820 2399 ἵνα

1017 2416 1128 2445 ἓπιδῶτε
1158 2415 1223 2455 πρὸς
1259 2415 1368 2456 ἀρετήν.
1395 2414 1485 2449 Ἀξίως
1518 2414 1546 2444 δὲ
1576 2417 1623 2444 τοῦ
1650 2414 1818 2455 Εὖαγγελίου

1017 2461 1182 2490 πολιτεύεται
1197 2462 1211 2490 ὁ
1228 2460 1320 2490 ἑαυτὸν
1347 2459 1584 2500 ἀπαρνησᾶμενος,
1609 2459 1656 2489 καὶ
1669 2459 1716 2489 τὸν
1734 2470 1817 2489 crau-

1018 2505 1060 2546 ρον
1080 2505 1159 2545 ἄρας,
1175 2504 1220 2534 καὶ
1239 2505 1421 2540 ἀκολουθήσας
1436 2505 1557 2545 Χριστῷ.

1064 2549 1168 2588 «Ἵνα,
1196 2549 1248 2580 εἴτε
1274 2549 1357 2579 ἐλθὼν
1378 2550 1424 2579 χαὶ
1450 2548 1512 2579 ἰδὼν
1538 2550 1624 2588 ὑμᾶς,
1653 2548 1709 2579 εἴτε
1724 2548 1814 2584 ἀπὼν,

1020 2595 1127 2625 ἀκούσω
1148 2594 1182 2624 τὰ
1197 2595 1257 2635 περὶ
1283 2595 1366 2633 ὑμῶν.
1383 2604 1398 2623 n
1416 2595 1476 2634 Οὐχ
1501 2595 1537 2627 ὡς
1563 2593 1743 2632 μεταθέμενος
1769 2593 1814 2629 τὴν

1020 2640 1146 2680 γνώμην,
1171 2640 1223 2670 οὐδ’
1237 2641 1272 2674 ὣς
1295 2639 1383 2669 οὐκέτι
1405 2638 1474 2675 ἥξων
1497 2641 1582 2669 ταῦτα
1608 2638 1683 2679 λέγει
1698 2650 1707 2659 ·
1733 2638 1816 2674 ἀλλὰ,

864 2707 958 2738 Variae
977 2707 1128 2739 lectiones.

205 2777 227 2794 ⁵⁵
239 2777 338 2803 ﬂavum
349 2783 378 2806 ο.
417 2775 439 2793 ιθ
453 2775 482 2802 οὗ
494 2773 544 2811 χρὴ
559 2775 664 2811 πονηρίᾳ
675 2777 724 2802 τῶν
737 2773 833 2810 ἐχθρῶν
847 2774 1036 2812 ὖπολαμὸάνειν
1054 2776 1129 2804 τοῦτο
1145 2773 1268 2812 γίνεσθαι,
1281 2773 1349 2801 ἀλλὰ
1368 2773 1433 2802 Θεοΰ
1449 2771 1582 2810 οἰκονομίᾳ
1596 2779 1626 2803 o.
1665 2771 1689 2791 ⁴⁷
1701 2773 1773 2811 δρῶν
1787 2779 1812 2801 o:

169 2816 192 2856 ‘f
204 2818 341 2854 συνέχομαι
355 2825 383 2846 o.
422 2817 444 2835 ‘9
456 2816 631 2852 συνδιαγωγήν
645 2824 675 2846 ο.
710 2815 734 2834 ⁸ο
743 2815 852 2850 ἐπιζητῶ
867 2824 898 2845 o.
918 2828 924 2850 ι
