1886 3082
58 159 138 186 H57

509 155 682 184 EXPOSITIO
703 156 736 183 ΙΝ
756 155 860 183 EPlST.
881 156 926 183 AD
946 155 1087 183 PHILIPP.
1107 169 1142 176 —
1161 155 1236 182 CAP.
1256 155 1290 182 ll.

1648 157 1717 184 “58

55 220 122 250 Καὶ
144 220 190 249 ἐὰν
213 219 293 259 τυχὸν
316 220 363 249 οὐκ
379 218 462 253 ἔλθω,
481 219 563 259 φησὶ,
588 218 702 257 δύναμαι
717 218 763 248 καὶ
786 217 860 246 ἀπὼν
877 220 900 252 Λ

947 217 1043 252 ιίδιηεί,
1055 217 1150 253 inquit,
1165 216 1281 245 fortasse
1292 224 1347 245 non
1357 217 1476 251 veniam,
1491 225 1604 253 possum
1619 221 1716 247 tamen

53 265 254 304 εὐφραίνεσθαι
268 265 295 292 ἐν
311 263 333 283 ⁵⁴
405 264 474 292 κατὰ
496 263 525 292 τὸ
558 263 719 302 Εὐαγγέλιον
745 262 863 303 πολιτεία

52 311 150 346 ὑμῶν.
169 307 255 339 Ὥστε
277 308 315 347 μὴ
336 308 501 344 ἀναπέσητε,
526 307 576 337 κᾶν
592 308 630 346 μὴ
654 309 863 348 παραγένωμαι,

53 355 126 383 ἀλλ’
143 355 179 388 ὡς
191 353 375 393 μαθησομένου
387 352 420 382 τὰ
433 353 491 382 καθ’
506 354 574 391 ὑμᾶς
584 375 592 389 ,
605 352 710 393 νήφετε.

107 456 124 473 α
137 443 203 475 "On
214 442 325 480 στήκετε
333 444 360 472 ἐν
371 443 409 473 ἑνὶ
424 442 570 482 πνεύματι,
587 446 635 482 μιᾷ
651 443 736 483 ψυχῇ.
751 455 763 469 ι
775 442 864 472 Τουτ-

53 488 139 518 έστιν
150 511 158 526 ,
170 491 196 519 ἐν
211 489 249 529 τῷ
260 489 332 527 αὐτῷ
345 487 544 528 χαρίσματιξτῷ
572 489 618 523 τῆς
641 487 762 526 ὁμονοίας
775 498 781 505 ·
797 486 865 516 οὕτω

52 534 116 573 γὰρ
145 534 190 563 καὶ
220 534 246 562 ἐν
279 537 329 573 μιᾷ
456 531 579 562 ἵστανταί
604 544 672 566 τινες
699 533 866 570 ὁμονοοῦντες

53 578 111 607 καὶ
141 579 352 618 δμοψυχοῦντες,
376 577 497 614 δηλονότι
522 575 618 606 ὅταν⁵²
639 577 683 606 καὶ
711 576 738 606 ἓν
762 579 865 615 πνεῦμα

54 623 162 662 ἔχωσι.

110 679 125 696 (ι
152 667 348 700 Συναθλοῦντες
443 666 531 695 πίστει
567 668 612 696 τοῦ
643 665 818 705 Εὖαγγελίου.
849 677 862 693 ι)

55 713 215 748 Τουτέστι,
239 711 550 750 συμπαραλαμϐάνοντες
565 711 591 730 ⁵³
614 710 745 746 ἀλλήλους
776 711 803 740 ἐν
832 713 865 750 τῇ

54 756 133 796 ὑπὲρ
149 758 196 792 τῆς
207 756 319 789 πίστεως
334 756 455 791 ἀθλήσει.

107 813 122 830 ε
144 801 198 831 Καὶ
213 800 250 838 μὴ
266 800 425 839 πτυρόμενοι
442 801 468 830 ἐν
485 800 578 839 μηδενὶ
601 800 652 830 ὑπὸ
675 801 728 829 τῶν
752 800 866 829 ἀντικει-

57 845 190 883 μένων.»
209 846 250 875 Οὐ
261 845 348 884 λέγω,
370 846 450 884 φησὶ,
471 845 507 883 μὴ
530 845 755 882 καταπίπτοντες,
784 845 867 881 ἀλλὰ,

57 891 136 927 μηδὲ
151 889 325 929 πτυρόμενοι,
346 889 467 919 τουτέστι
479 913 485 925 ,
513 889 551 928 μὴ
566 889 752 928 θορυϐούμενοι
774 889 800 918 ἐν
816 902 867 928 μη-

56 935 131 971 δενὶ,
159 934 209 964 κᾶν
239 934 372 967 κινδύνους
401 935 545 970 ἀπειλῶσι,
583 933 631 963 κᾶν
659 934 784 967 θανάτους
814 936 866 963 ἐπ-

57 978 181 1017 άγωσιν·
197 978 270 1008 οὐδὲν
291 978 343 1018 γὰρ
364 978 486 1008 ἀνύουσιν
499 1001 508 1018 .,
533 978 602 1008 ἀλλὰ
627 979 754 1017 πτύρουσι
769 978 846 1016 μόνον
860 990 866 997 ·

57 1024 150 1057 οὕτως
167 1024 231 1053 εἰσὶν
246 1023 395 1063 ἀνίσχυροι,

109 1079 126 1097 α
149 1066 231 1102 "Huc
265 1068 335 1097 ἐστὶν
366 1069 453 1101 αὖτοῑς
494 1067 541 1107 μὲν
579 1067 684 1102 ἔνδειξις
719 1067 867 1105 ἀπωλείας,

58 1116 129 1151 ὑμῖν
157 1112 184 1142 δὲ
212 1112 354 1152 σωτηρίας.
384 1127 396 1139 »
411 1112 500 1143 Ὅταν
524 1113 575 1153 γὰρ
590 1112 698 1149 ἴδωσιν,
725 1112 766 1142 ὅτι
785 1112 866 1153 μυρία

60 1157 272 1197 τεχναζόμενοι,
285 1158 341 1187 οὐδὲ
357 1160 455 1198 πτῦραι
476 1160 547 1197 ὑμᾶς
563 1157 705 1194 δύνανται,
720 1158 749 1187 οὐ
771 1158 866 1196 δεῖγμα

58 1205 144 1231 τοῦτο
159 1202 240 1242 σαφὲς
259 1201 376 1238 ἕξουσιν,
397 1203 437 1232 ὅτι
453 1202 486 1231 τὰ
515 1202 562 1241 μὲν
587 1203 673 1231 αὐτῶν
691 1203 866 1238 ἀπολοῦνται,

58 1247 97 1276 τὰ
117 1247 145 1276 δὲ
161 1248 277 1286 ὑμέτερα
291 1247 315 1267 ⁵⁴
337 1246 453 1288 ἰσχυρὰ,
472 1247 518 1277 καὶ
534 1247 678 1285 ἀνάλωτα,
694 1246 740 1276 καὶ
757 1247 865 1277 αὐτόθεν

60 1292 75 1320 ἔ
76 1303 164 1332 χοντα
175 1291 221 1327 τὴν
236 1291 369 1332 σωτηρίαν
379 1302 388 1330 ;

109 1347 124 1365 ε
152 1336 207 1366 Καὶ
226 1338 304 1366 τοῦτο
331 1336 384 1366 ἀπὸ
413 1337 495 1367 Θεοῦ.
523 1336 588 1366 ’Ότι
618 1337 680 1375 ὓμῐν
692 1335 820 1376 ἐχαρίσθη
837 1335 866 1366 τὸ

61 1380 132 1420 ὑπὲρ
155 1381 288 1420 Χριστοῦ,
323 1382 352 1410 οὐ
381 1380 459 1420 μόνον
483 1381 514 1410 τὸ
543 1383 582 1414 εἰς
609 1381 689 1410 αὐτὸν
714 1380 864 1417 πιστεύειν,

62 1425 136 1454 ἀλλὰ
165 1425 210 1454 καὶ
232 1426 262 1454 τὸ
294 1425 359 1465 ὑπὲρ
385 1427 466 1455 αὐτοῦ
492 1425 644 1465 πάσχειν.»
660 1425 789 1464 Χάρισμα
812 1427 866 1455 ὀνο-

62 1470 157 1507 μάζων
184 1472 198 1500 ὁ
222 1471 332 1504 Παῦλος
358 1470 388 1499 τὸ
417 1470 483 1510 ὓπὲρ
514 1469 630 1510 Χριστοῦ
665 1470 795 1510 πάσχειν,
819 1471 865 1499 δύο

61 1502 176 1555 [ταῦτα]
197 1515 310 1544 ἐνταῦθα
325 1502 454 1555 κατορθοῖ
464 1502 474 1533 Ἰ
492 1514 520 1544 ἓν
542 1502 606 1552 μὲν,
623 1513 676 1555 [ἵνα
699 1502 742 1553 tux
765 1502 864 1554 αίσχύ-
881 1502 904 1534 C

61 1571 173 1596 νωνται,
201 1559 267 1597 μηδὲ
295 1560 484 1589 καταπίπτωσι
510 1559 673 1599 πάσχοντες·
707 1559 794 1598 ἕτερον
822 1559 864 1595 δὲ,

58 1603 107 1633 ἵνα
123 1604 161 1642 μὴ
188 1604 358 1644 ἐπαίρωνται.
388 1604 427 1635 Τὸ
454 1609 507 1634 πᾶν
529 1603 591 1644 γὰρ,
613 1604 695 1644 φησὶ,
721 1607 766 1633 τοῦ
792 1605 863 1634 Θεοῦ

61 1649 133 1678 ἔστι.
161 1648 213 1678 Καὶ
243 1649 294 1689 γὰρ
320 1651 367 1678 καὶ
387 1648 436 1682 τὰς
461 1649 557 1688 ἀρετὰς
580 1648 736 1688 χαρίσματά
765 1661 863 1689 φησιν·

62 1695 115 1732 οὐχ
140 1692 183 1722 ἵνα
199 1692 228 1722 τὸ
247 1693 410 1727 αὐτεξούσιον
428 1692 521 1733 ἀνέλῃ,
547 1692 662 1722 ἀλλ’ἵνα
677 1693 864 1733 μιτριόφρονας

62 1737 267 1778 κατασκευάσῃ.
283 1738 355 1768 Οὐδὲ
378 1737 429 1779 γὰρ
459 1737 520 1768 ἄνευ
544 1739 615 1769 Θεοῦ
630 1741 713 1767 ποιεῖν
728 1749 755 1767 τι
781 1737 863 1767 δυνά-

61 1785 143 1820 μεθα.
167 1782 246 1822 Τάχα
278 1782 306 1812 δὲ
336 1782 477 1812 καὶτοῦτο
498 1782 528 1812 τὸ
540 1782 676 1822 Ιχάρισμα
702 1784 790 1820 μεῖζον
815 1785 861 1812 τοῦ

62 1826 168 1867 νεκροὺς
196 1829 315 1868 ἀνιστᾷν,
343 1827 418 1857 Ἐκεῖ
458 1827 506 1866 μὲν
535 1827 586 1868 γὰρ
615 1827 752 1866 ὀφειλέτης
789 1827 862 1866 εἶμί·

64 1873 176 1901 ἐνταῦθα
199 1872 226 1901 δὲ
247 1872 382 1912 ὀφειλέτην
406 1872 461 1912 ἔχω
487 1872 531 1902 τὸν
547 1872 673 1912 Χριστόν.
699 1871 738 1902 ’Ὼ
757 1874 862 1910 θαῦμαι

64 1916 112 1946 καὶ
127 1916 263 1956 χαρίζεταί
278 1928 334 1954 μοι,
351 1916 396 1946 καὶ
413 1917 456 1946 ἐπ’
472 1918 544 1957 αὖτῷ
558 1916 643 1957 τούτῳ
655 1916 752 1957 ὀφείλει
768 1928 822 1954 μοι.

109 1973 125 1988 ιι
140 1962 192 1991 Τὸν
207 1961 286 1990 αὐτὸν
312 1963 402 2000 ἀγῶνα
419 1961 541 2001 ἔχοντες,
561 1957 614 1990 οἶον
638 1962 707 1991 ἴδετε
734 1962 760 1990 ἐν
783 1961 860 1999 ἐμοὶ,

65 2005 112 2035 καὶ
126 2007 169 2034 νῦν
193 2006 302 2036 ἀκούετε
319 2007 345 2035 ἐν
363 2005 431 2044 ἐμοί.
448 2018 462 2035 ι)
495 2006 618 2036 Δείκνυσι
642 2006 675 2035 τὰ
699 2006 766 2035 αὐτὰ
787 2007 863 2044 ἀγω-

65 2050 213 2083 νιγοαέυους
239 2051 310 2079 atrii")
354 2050 388 2079 τὰ
415 2050 482 2080 αὐτὰ
517 2052 678 2084 ἀθλοῦντας·
705 2050 718 2080 ὃ
803 2050 828 2079 ’λ

94 2073 105 2085 ,
122 2081 126 2088 _
278 2072 301 2090 .‘
320 2073 328 2086 ,
741 2063 810 2089 μεγα
829 2063 860 2087 ην

66 2096 153 2128 αὐτοῖς
175 2096 270 2134 ἀρετὴν
294 2096 501 2136 προσμαρτυρεῖ.
514 2095 613 2135 Ἔχετε
635 2095 681 2134 δὲ,
703 2095 794 2135 φησὶν,
813 2094 861 2134 ἐμὲ

66 2139 226 2178 ὑπόδειγμα·
252 2139 298 2169 καὶ
312 2140 363 2179 γὰρ
383 2139 451 2170 {aut
467 2152 501 2180 με
519 2140 583 2180 παρ’
598 2141 662 2179 ὑμῖν
688 2139 858 2176 ἀθλήσαντα,

920 263 961 290 vel
991 262 1088 290 absens
1117 262 1199 290 etiam
1222 261 1367 290 exhilarari
1393 270 1474 298 super
1504 263 1716 292 conversatione

920 312 1008 336 vestra
1025 307 1173 336 secundum
1195 307 1381 343 Evangelium.
1400 307 1516 336 Proinde
1536 308 1646 338 etiamsi
1660 317 1715 338 non

920 353 1068 388 advenero,
1086 360 1120 380 ne
1136 351 1273 387 recidatis,
1288 352 1336 381 sed
1349 352 1469 389 vigilate,
1484 356 1617 390 tanquam
1638 358 1716 382 certo

919 398 971 425 sim
984 398 1127 434 agniturus
1142 396 1282 434 quomodo
1298 405 1346 425 vos
1359 397 1472 434 geratis.

956 443 1031 477 Quod
1045 443 1127 470 statis
1147 443 1175 470 in
1195 450 1250 470 uno
1264 443 1375 477 spiritu,
1395 450 1450 470 una
1461 442 1566 470 anima.
1582 444 1643 471 Hoc
1659 447 1714 477 est,

921 488 948 516 in
961 487 1059 516 eodem
1070 487 1145 516 dono
1160 487 1323 515 concordiae.
1338 488 1396 515 llac
1409 489 1484 516 enim
1499 488 1604 516 ratione
1619 488 1646 516 in
1660 497 1716 517 una

920 533 1013 560 anima
1036 531 1148 568 quidam
1168 532 1318 568 persistuut
1340 531 1483 560 unanimes
1504 535 1532 560 et
1552 533 1717 567 concordes,

919 577 1030 614 quando
1050 577 1181 605 nimirum
1201 585 1288 606 unum
1301 577 1386 605 etiam
1405 577 1533 613 spiritum
1557 576 1718 606 habuerint.

957 668 1144 696 Concertantes
1156 668 1220 703 ﬁdei
1232 668 1382 702 Evangelii.
1405 668 1465 696 Hoc
1480 671 1532 699 est,
1549 675 1598 696 vos
1613 671 1714 695 mutuo

921 713 1082 749 adjuvantes
1101 712 1127 740 in
1140 712 1290 741 certamine
1302 712 1373 749 quod
1390 720 1439 748 pro
1455 711 1508 741 ﬁde
1522 712 1679 748 suscipitur.

955 792 1044 820 Vnus.
1060 794 1105 819 28.
1121 792 1159 819 Et
1173 792 1202 819 in
1214 791 1293 819 nullo
1315 791 1471 819 terreamini
1489 791 1523 818 ab
1537 791 1712 819 aduersariis.

882 827 906 858 Β
920 837 982 864 Non
1000 836 1073 870 dico,
1088 836 1185 871 inquit,
1200 843 1256 863 non
1279 834 1448 869 decidentes,
1462 834 1522 868 sed,
1546 843 1634 871 neque
1658 839 1716 863 ter-

921 881 1046 914 reumini,
1070 881 1098 908 id
1117 885 1167 914 est,
1190 888 1246 907 non
1270 880 1419 908 turbemini
1448 880 1477 908 in
1498 880 1552 907 ulla
1579 887 1643 908 sane
1668 887 1714 912 re,

920 926 977 954 sive
988 926 1107 962 pericula
1120 925 1340 958 interminentur,
1352 924 1406 952 sive
1420 928 1542 953 mortem
1557 923 1695 953 adducant
1708 935 1715 951 :

922 970 989 998 nihil
1009 970 1084 998 enim
1099 970 1254 1006 perﬁciunt,
1275 968 1324 998 sed
1345 969 1470 997 territant
1504 973 1622 1005 tantum,
1647 969 1716 999 adeo

920 1019 984 1044 sunt
994 1014 1152 1043 imbecilles.

958 1062 1021 1095 Qua
1043 1062 1082 1088 est
1104 1060 1171 1095 ipsis
1193 1059 1301 1095 quidem
1322 1059 1452 1088 iudicatio
1474 1060 1620 1092 interitus,
1642 1061 1715 1088 vobis

920 1109 1009 1134 autem
1024 1106 1130 1133 salutis.
1147 1104 1264 1141 Quando
1288 1104 1362 1132 enim
1376 1105 1567 1140 conspexerint
1585 1113 1644 1133 sese
1656 1109 1717 1142 post

918 1151 1061 1179 innumera
1083 1157 1146 1186 qua)
1166 1153 1318 1184 tentarunt,
1340 1157 1376 1177 ne
1387 1149 1511 1178 territare
1532 1149 1645 1185 quidem
1669 1159 1717 1179 vos

921 1203 1012 1231 posse,
1027 1202 1119 1223 nonne
1137 1194 1248 1223 evidens
1265 1194 1318 1222 hoc
1340 1193 1393 1222 illis
1412 1193 1545 1222 indicium
1565 1195 1625 1228 erit,
1643 1195 1717 1231 quod

921 1248 969 1267 sua
987 1240 1097 1275 quidem
1113 1239 1251 1274 peribunt,
1273 1243 1362 1266 vestra
1388 1246 1452 1266 vero
1473 1238 1553 1266 fortia
1568 1243 1647 1274 sunt,
1669 1248 1715 1268 ca-

922 1289 1023 1320 ptuque
1040 1283 1170 1318 difficilia,
1187 1287 1214 1311 et
1232 1283 1349 1311 salutem
1368 1283 1492 1319 protinus
1512 1284 1660 1312 habentia?

956 1331 1046 1357 Vsus.
1061 1332 1104 1356 28.
1127 1331 1171 1356 29.
1185 1330 1219 1356 Et
1234 1329 1280 1356 hoc
1299 1337 1316 1355 a
1330 1330 1392 1356 Deo.
1412 1329 1478 1362 Quis
1494 1329 1568 1356 vobis
1584 1330 1715 1358 donatum

920 1378 957 1402 est
970 1383 1021 1410 pro
1034 1374 1150 1406 Christo,
1172 1381 1225 1401 non
1243 1374 1329 1401 solum
1352 1376 1382 1401 ut
1403 1374 1432 1400 in
1446 1381 1505 1401 eum
1520 1374 1647 1406 credatis,
1669 1377 1716 1403 sed

920 1421 1001 1447 etiam
1020 1421 1049 1446 ut
1068 1427 1122 1454 pro
1143 1419 1190 1445 illo
1213 1419 1371 1453 patiamini.
1397 1418 1540 1447 Charisma
1563 1420 1709 1448 nominans

921 1465 1019 1492 Paulus
1037 1471 1086 1500 pro
1099 1462 1207 1491 Christo
1225 1462 1414 1496 aiﬂictionem,
1433 1463 1488 1492 duo
1509 1463 1555 1491 hic
1576 1464 1684 1499 perlicit
1705 1474 1710 1491 :

919 1510 1035 1537 alterum
1057 1508 1177 1544 quidem,
1194 1512 1293 1536 utnon
1316 1508 1455 1544 pudeﬁant
1477 1515 1566 1544 neque
1587 1517 1715 1538 succum-

918 1554 993 1588 bant,
1006 1553 1073 1582 dum
1092 1553 1233 1590 patiuntur
1256 1562 1262 1580 :
1286 1553 1414 1586 alterum,
1433 1557 1464 1580 ut
1477 1561 1535 1581 non
1549 1553 1712 1584 efferantur.

917 1600 1017 1627 Totum
1036 1598 1121 1631 enim,
1145 1597 1244 1634 inquit,
1268 1597 1319 1626 Dei
1339 1602 1387 1625 est.
1409 1598 1523 1626 Etenim
1544 1603 1572 1626 ct
1595 1600 1713 1629 virtutes

917 1644 1082 1672 charismata
1095 1642 1162 1672 dicit
1177 1652 1184 1670 ι
1200 1650 1256 1670 non
1274 1646 1305 1670 ut
1326 1642 1441 1670 liberum
1458 1643 1603 1671 arbitrium
1626 1645 1716 1680 tollat,

917 1688 966 1716 sed
982 1693 1011 1716 ut
1029 1695 1077 1716 eos
1091 1687 1232 1716 moderate
1252 1695 1346 1723 sapere
1372 1687 1459 1716 faciat.
1481 1689 1552 1716 Nam
1573 1689 1630 1717 sine
1652 1691 1716 1719 Deo

917 1733 1018 1769 aliquid
1028 1732 1117 1761 facere
1131 1740 1185 1760 non
1199 1740 1355 1768 possumus.
1369 1733 1471 1760 Forsan
1491 1737 1518 1760 et
1538 1733 1591 1761 hoc
1610 1734 1714 1763 donum

917 1781 959 1806 est
972 1777 1058 1813 majus
1077 1785 1161 1813 quam
1179 1781 1306 1805 mortuos
1322 1777 1440 1804 excitare
1455 1777 1560 1813 :436
1573 1778 1626 1806 illic
1637 1779 1711 1807 enim

917 1822 1022 1850 debitor
1035 1830 1106 1856 sum,
1121 1821 1165 1849 hic
1177 1826 1269 1849 autem
1284 1821 1436 1848 debitorem
1457 1821 1544 1849 habeo
1559 1822 1712 1852 Christum.

917 1868 942 1894 Ο
952 1874 1009 1893 rem
1019 1865 1200 1894 admiratione
1212 1865 1334 1900 dignam!
1348 1866 1384 1892 Et
1395 1864 1481 1893 donat
1496 1865 1574 1900 mihi,
1586 1870 1613 1894 ct
1625 1875 1715 1903 super

918 1911 970 1939 hoc
988 1911 1048 1946 ipso
1058 1909 1139 1938 debet
1153 1909 1230 1937 mihi.

953 1957 1044 1984 Vsus.
1060 1957 1103 1982 30.
1119 1955 1193 1982 Idm
1209 1957 1342 1982 certamen
1355 1955 1491 1991 habentes,
1510 1956 1590 1991 quale
1603 1957 1713 1986 vidistis

919 2002 945 2028 in
960 2009 1009 2032 me,
1035 2003 1059 2028 et
1075 2008 1146 2027 nunc
1163 2000 1266 2027 auditis
1276 2001 1305 2027 in
1323 2008 1374 2028 me.
1391 2000 1517 2029 Ostendit
1532 2001 1576 2029 hic
1590 2002 1665 2038 quod
1679 2002 1708 2030 in

917 2045 1015 2073 eodem
1023 2048 1088 2073 sunt
1097 2052 1192 2073 secum
1206 2044 1368 2079 certamine,
1384 2045 1412 2072 in
1428 2045 1524 2074 iisdem
1536 2051 1692 2083 pugnantes
1704 2057 1711 2075 :

916 2098 977 2126 quae
992 2097 1037 2118 res
1051 2097 1160 2126 magnae
1175 2089 1240 2125 ipsis
1254 2089 1361 2118 virtutis
1385 2089 1574 2119 testimonium
1596 2091 1712 2128 praebet.

917 2135 1042 2170 Habetis,
1056 2135 1156 2171 inquit,
1182 2142 1226 2162 me
1249 2134 1408 2171 exemplum
1435 2143 1442 2163 :
1464 2135 1541 2164 scitis
1565 2137 1640 2165 enim
1667 2145 1712 2166 me

67 2184 110 2214 ὅτε
137 2185 239 2221 δηλαδὴ
263 2185 358 2225 ἐδάρην
397 2185 444 2215 καὶ
471 2179 667 2225 ἐφυλακίσθην·
692 2184 737 2214 καὶ
762 2187 807 2214 νῦν
833 2185 861 2214 δὲ
879 2186 904 2217 D

947 2179 990 2208 iud
1011 2187 1059 2208 vos
1085 2183 1213 2214 certasse,
1235 2179 1346 2215 quando
1369 2179 1496 2209 videlicet
1521 2188 1609 2209 caesus
1634 2186 1661 2210 et
1686 2182 1713 2210 in

69 2229 186 2260 ἀκούετε.

355 2275 502 2306 ΚΕΦΑΛ.
527 2274 569 2306 Β’.

112 2347 128 2366 α
142 2335 176 2367 Εἴ
191 2348 230 2370 τις
253 2331 298 2366 οῦν
311 2337 480 2378 παράκλησις
494 2337 522 2366 ἐν
542 2337 667 2376 Χριστῷ,
697 2336 721 2366 εἴ
744 2348 783 2371 τις
807 2349 862 2367 πα-

71 2381 183 2421 ραμυθία
193 2381 218 2399 ⁵⁵
233 2381 355 2420 ἀγάπης,
382 2382 407 2411 εἴ
425 2394 464 2416 τις
485 2381 608 2411 κοινωνία
636 2381 810 2420 Πνεύματος,
839 2382 863 2411 εἴ

69 2437 126 2455 τινα
158 2425 300 2466 σπλάγχνα
337 2426 382 2456 καὶ
420 2426 564 2466 οἷκτιρμοὶ,
606 2426 766 2466 πληρώσατέ
811 2438 862 2464 μου

71 2471 116 2507 τὴν
127 2470 230 2510 χαρὰν,
250 2470 293 2500 ἵνα
307 2471 336 2501 τὸ
361 2471 424 2501 αὐτὸ
447 2473 569 2512 φρονῆτε.
585 2483 597 2496 ι
609 2470 647 2501 ⁶Ο
667 2470 753 2509 λέγει,
773 2473 862 2500 τοιοῦ-

71 2516 113 2545 τόν
127 2516 214 2545 ἐστιν·
231 2516 263 2546 Εἰ
280 2515 403 2555 βούλεσθε
427 2515 596 2556 παράκλησίν
619 2527 678 2544 τινα
702 2515 792 2545 δοῦναί
817 2527 862 2553 μοι

73 2562 97 2590 ἐν
120 2560 170 2594 τοῖς
192 2564 349 2601 πειρασμοῖς
369 2572 419 2599 μου
433 2569 442 2578 ⁶
463 2559 487 2589 εἴ
512 2572 571 2589 τινα
602 2560 792 2600 παραμυθίαν,
805 2559 862 2590 οἵαν

73 2608 88 2641 ἠ
114 2605 202 2645 ἀγάπη
227 2605 325 2646 γεννᾷ·
353 2607 376 2635 εἰ
405 2604 516 2645 μέλλετε
546 2604 627 2639 δεῖξαι
654 2605 695 2634 ὅτι
721 2605 860 2635 κοινωνίαν

73 2649 127 2680 τινὰ
140 2649 213 2690 ἔχετε
239 2652 298 2690 μετ’
310 2651 374 2689 ἐμοῦ
395 2652 422 2680 ἐν
442 2650 496 2684 τοῖς
524 2651 711 2689 πνευματικοῖς
732 2649 861 2679 καὶκατὰ

918 2232 1054 2254 carcerem
1067 2224 1208 2261 conjectus
1219 2231 1295 2252 eram
1312 2233 1318 2252 :
1332 2233 1405 2253 nunc
1418 2233 1482 2254 vero
1495 2224 1596 2254 auditis
1615 2227 1710 2255 etiam.

1224 2278 1343 2306 CAPUT
1358 2279 1394 2306 Il.

952 2339 1040 2366 Vsus.
1059 2339 1083 2367 l,
1103 2340 1130 2364 2.
1150 2337 1181 2365 Si
1197 2345 1252 2372 qua
1267 2345 1326 2371 ergo
1338 2337 1481 2364 consolatio
1504 2338 1532 2364 in
1555 2337 1676 2372 Christo,
1689 2342 1715 2368 si

917 2383 988 2418 quod
1000 2383 1126 2409 solatium
1141 2382 1300 2414 charitalis,
1316 2383 1406 2416 siqua
1419 2383 1531 2410 societas
1544 2384 1677 2418 Spiritus,
1689 2387 1717 2412 si

917 2436 975 2465 qua,
989 2429 1093 2455 viscera
1108 2430 1132 2456 et
1145 2427 1338 2459 miserationes,
1352 2428 1460 2462 implete
1474 2428 1609 2456 lcetitiiam
1618 2438 1714 2462 meam,

916 2477 947 2501 ut
959 2473 1031 2501 idem
1047 2474 1171 2507 sapiatis.
1193 2471 1274 2506 Quod
1294 2471 1344 2505 ait,
1357 2476 1398 2500 est
1411 2472 1567 2509 hujusmodi
1592 2474 1640 2502 :Si
1653 2475 1714 2502 vul-

918 2517 952 2545 tis
977 2517 1044 2545 mihi
1060 2518 1217 2553 quampiam
1241 2516 1269 2544 in
1283 2517 1484 2545 tentationibus
1503 2518 1572 2546 meis
1590 2519 1716 2546 consola-

917 2563 1023 2591 tionem
1045 2561 1125 2597 dare;
1146 2562 1168 2590 si
1183 2561 1255 2598 quod
1280 2562 1419 2596 solatium,
1442 2563 1520 2599 quale
1533 2563 1651 2591 charitas
1665 2571 1713 2599 ge-

919 2611 1013 2642 nerat;
1026 2607 1050 2635 si
1068 2607 1250 2636 monstraturi
1262 2607 1326 2635 estis
1340 2607 1413 2643 quod
1434 2607 1714 2635 communicationem

920 2652 1070 2689 quamdam
1089 2651 1214 2681 habeatis
1236 2659 1348 2681 mecum
1362 2652 1390 2679 in
1406 2651 1600 2687 spiritualibus,
1623 2656 1651 2680 et
1669 2660 1711 2680 se-

768 2716 1033 2756 Variaellectiones.

106 2776 215 2805 “Ei-.10.
252 2776 275 2794 ⁸⁸
287 2776 422 2810 τουτέστιν,
441 2775 593 2812 ὁμονοοῦσι,
615 2775 657 2803 καὶ
676 2775 853 2811 ὁμοψυχοῢσιν,
871 2775 910 2802 ὅτ.
929 2782 958 2803 o.
995 2773 1016 2791 ’³³
1040 2773 1171 2810 συμπεριλ.
1191 2781 1220 2801 0.
1256 2772 1278 2791 ⁵⁸
1294 2772 1400 2808 ἡμέτερα
1416 2780 1444 2801 ο.
1481 2772 1503 2790 ⁸⁵
1519 2772 1581 2800 εἴτι
1593 2775 1705 2811 παραμύ-

74 2817 122 2844 θιον
135 2825 162 2846 ο.
