1886 3082
173 160 240 187 “59

681 157 937 187 THEOPHYLACTI
958 154 1135 184 BULGARlzﬁ
1154 153 1309 182 ABCHIEP.

1764 155 1774 180 1
1785 155 1824 179 m1

171 220 291 249 cundum
306 220 477 253 Dominum;
498 219 520 248 si
540 218 641 248 affectu
666 220 851 249 miserationis
870 227 963 248 move-

1072 218 1172 256 ριον-εἰ
1200 215 1409 256 σπλαγχνίζεσθε
1433 215 1479 245 καὶ
1505 214 1652 255 οἶκτείρετέ
1676 227 1714 254 με
1735 215 1779 255 ἐφ’
1795 211 1827 247 οἷς

171 265 249 300 mini,
265 272 362 301 meque
387 264 553 292 miseremini
578 269 688 300 propter
709 273 740 293 ea
768 273 830 301 quae
857 265 967 301 patior:

169 310 229 338 haee
242 310 335 338 omnia
351 309 420 336 mihi
432 309 460 337 in
473 309 525 337 hoc
537 309 655 343 reddite,
677 314 708 338 ut
721 317 768 338 vos
790 313 886 338 mutuo
906 309 967 337 dili-

170 355 249 391 gatis.
265 353 462 382 Animadverte
476 353 520 381 hic
529 354 670 390 quomodo
683 354 862 382 concordiam
874 361 968 382 eorum

170 407 253 427 suum
281 407 341 427 esse
372 398 534 426 beneﬁcium
576 399 779 434 interpretetur,
805 403 834 427 et
858 398 969 435 perinde

171 444 296 480 accipiat,
324 448 406 480 atque
428 444 451 471 si
478 443 535 479 ipse
551 444 765 472 misericordiam
785 448 855 472 esset
872 451 969 472 conse—

171 493 260 516 cutus.
276 490 338 516 Non
349 488 415 516 dixit
426 493 531 522 autem,
546 489 639 516 Parate
650 488 717 516 mihi
730 489 861 524 gaudium
879 497 885 515 :
904 488 967 521 sed,

177 534 293 568 implete.
309 533 372 561 Orsi
394 533 470 561 enim
485 533 551 561 estis
571 533 657 561 inme
677 533 807 570 gaudium
830 544 838 561 :
858 533 970 561 dedistis

173 579 284 613 insuper
301 577 369 605 mihi
387 582 418 605 ut
431 585 525 613 pacem
545 577 692 612 haberem;
704 578 818 614 cupioin
829 582 969 613 posterum

173 627 203 651 ut
213 622 287 650 istud
299 622 367 650 mihi
385 621 419 650 ad
436 622 519 650 ﬁnem
538 630 623 658 usque
637 622 762 651 ducatur.
780 623 865 657 Quale
879 626 969 650 autem

173 667 242 695 mihi
250 666 379 703 gaudium
388 668 399 694 Ρ
408 668 470 694 Non
478 671 506 694 ut
513 675 528 694 e
536 667 664 702 periculis
671 667 777 701 liberer,
784 667 970 703 quidquamvc

174 721 189 740 ξι
205 711 281 739 vobis
299 711 440 747 accipiam,
457 712 503 739 sed
518 716 548 739 ut
560 720 607 739 vos
622 711 693 739 idem
709 713 830 748 sapiatis.

211 756 338 784 Eamdem
348 757 504 783 claritatem
515 756 649 784 habentes.
664 757 723 784 Hoc
734 757 823 791 majus
833 760 875 785 est
886 764 969 792 quam

176 801 248 828 idem
269 808 372 836 sapere.
398 801 527 828 Eamdem
548 801 655 829 scilicet
677 801 837 829 charitatem
862 801 969 829 habete.

174 846 233 873 Noli
249 850 279 873 tu
294 853 357 873 cum
371 853 479 873 summe
493 845 606 874 dilectus
617 845 711 881 fueris,
727 846 840 874 remisse
853 854 884 874 ac
898 846 971 882 pigre

174 890 328 923 redamare,
344 890 390 918 sed
404 890 498 918 eadem
515 899 656 918 mensura.

214 937 371 966 L'nunimes,
394 935 467 962 idem
493 937 644 963 sentientes.
667 937 811 970 Tanquam
841 943 894 963 una
915 935 977 963 sitis

174 980 276 1013 anima,
294 988 348 1007 non
367 984 462 1007 natura
475 984 501 1007 et
515 979 679 1013 substantia,
699 980 747 1008 sed
768 984 861 1008 mente
875 984 902 1008 et
915 987 977 1007 con'

172 1025 264 1052 cordia
280 1034 286 1051 :
300 1024 372 1060 quod
389 1024 563 1052 indicatcum
578 1024 629 1057 ait,
646 1025 717 1052 idem
729 1027 883 1052 sentientes.

209 1070 296 1097 Vens.
305 1070 319 1096 3
325 1090 331 1096 .
342 1069 466 1104 Nihitper
472 1070 675 1101 contentionem,
684 1072 732 1096 aut
739 1077 837 1097 vanam
846 1070 972 1106 gloriam.

176 1113 256 1147 Nihil,
282 1113 379 1149 inquit,
392 1121 440 1149 per
455 1113 545 1141 zelum
561 1117 588 1140 et
602 1113 806 1141 contentionem
823 1113 970 1142 facientes:

175 1158 249 1194 quod
263 1158 383 1186 solemus
396 1157 486 1186 dicere
500 1167 505 1185 :
520 1157 614 1186 Danda
629 1161 671 1186 est
690 1157 756 1186 mihi
771 1166 852 1194 opera
863 1179 870 1191 ,
885 1166 920 1186 ne
932 1166 974 1186 me

177 1203 267 1230 vincat
293 1203 335 1230 ille
364 1212 369 1230 :
399 1202 451 1230 hoc
482 1206 525 1230 est
553 1202 654 1237 ἐριθεία,
682 1203 833 1231 contentio.
865 1203 973 1231 Deinde

178 1252 294 1275 matrem
321 1247 402 1283 hujus
425 1247 546 1281 adducit,
572 1255 670 1275 vanam
692 1248 807 1284 gloriam
831 1257 837 1275 :
864 1255 896 1276 ex
923 1247 973 1276 hac

176 1292 248 1320 enim
268 1292 311 1319 illa
327 1292 457 1320 nascitur.
472 1292 587 1326 Quando
603 1292 676 1320 enim
691 1292 837 1320 hominum
858 1293 973 1328 gloriam

174 1344 313 1370 amamus,
333 1337 409 1373 quid,
428 1345 537 1372 quaeso,
560 1342 670 1373 propter
686 1345 746 1365 eam
768 1345 822 1365 non
838 1337 973 1365 facimus?

211 1383 263 1409 Sed
273 1383 300 1409 in
314 1383 466 1409 humilitate
475 1384 561 1410 animi
572 1384 657 1410 alium
673 1384 786 1417 quisque
798 1391 826 1410 se
838 1386 972 1417 priest/m-

177 1428 269 1453 [iorem
282 1428 427 1454 exz’stinwt.
442 1427 558 1454 Planum
575 1426 620 1454 hic
632 1427 712 1454 nobis
726 1427 790 1454 facit
801 1435 854 1462 qua
869 1427 973 1455 ratione

177 1479 274 1498 vanam
302 1471 415 1506 gloriam
443 1470 565 1507 effugere
593 1479 743 1507 queamus,
765 1471 973 1508 doctrinamque

176 1516 260 1543 tradit
274 1515 357 1551 437
386 1515 469 1543 saluti
490 1519 590 1543 nostra:
603 1524 763 1543 consonam.
778 1516 804 1543 Si
820 1516 894 1543 enim
914 1516 972 1543 exi-

176 1556 338 1590 stimaveris,
354 1555 453 1591 inquit,
477 1555 551 1591 quod
578 1556 647 1583 alius
670 1564 726 1583 non
751 1556 909 1591 simpliciter
937 1556 972 1584 sit

178 1599 267 1634 major
285 1603 324 1632 te,
348 1603 476 1627 extorum
496 1599 569 1636 quod
584 1600 678 1627 multis
702 1600 860 1628 nominibus
879 1605 905 1628 te
926 1609 972 1628 ex-
991 1597 1013 1608 “¹

177 1643 266 1677 cellat,
282 1647 308 1671 et
320 1651 354 1671 ex
369 1643 453 1671 multa
470 1644 624 1671 humilitate
639 1644 690 1672 hoc
706 1644 790 1672 modo
805 1652 862 1672 rem
881 1652 910 1672 se
926 1645 975 1672 ha-

177 1688 240 1715 bere
255 1687 303 1715 tibi
319 1688 492 1723 persuaseris,
520 1687 625 1716 honore
644 1696 710 1716 eum
725 1697 837 1724 prorsus
859 1689 972 1716 efﬁcies.

179 1733 239 1760 lloc
260 1732 281 1760 si
305 1731 403 1766 facias,
427 1740 491 1760 cum
513 1741 576 1761 eum
598 1733 671 1769 apud
695 1733 760 1761 alios
784 1733 887 1762 honore
903 1735 974 1762 uilici

178 1777 368 1813 conspexeris,
384 1777 456 1805 haud
479 1785 550 1814 aegre
570 1777 641 1806 feres
663 1787 668 1805 :
686 1778 741 1806 imo
757 1779 864 1806 etiamsi
880 1780 973 1807 convi-

177 1822 264 1849 cietnr
283 1822 342 1856 tibi,
364 1822 471 1850 etiamsi
493 1822 626 1856 verberet,
653 1823 786 1858 patienter
808 1823 887 1852 feres.
914 1825 976 1852 Ma-

177 1867 264 1902 jorem
289 1875 409 1903 namque
427 1871 453 1895 te
467 1867 558 1903 ipsum
584 1867 733 1895 arbitratus
755 1876 805 1896 es:
827 1876 917 1905 neque
936 1869 976 1897 in-

179 1912 286 1940 videbis
307 1912 330 1940 ei
365 1921 372 1940 :
397 1911 497 1940 invidia
518 1911 591 1940 enim
615 1912 643 1939 in
669 1920 750 1948 pares
772 1913 842 1949 agit,
866 1921 922 1941 non
947 1914 975 1941 in

178 1956 383 1985 excellentiores
405 1965 411 1983 :
438 1960 465 1984 et
484 1956 528 1984 ille
560 1964 656 1984 rursus
677 1957 777 1993 cogitet
796 1961 823 1985 te
845 1965 904 1986 esse
928 1966 976 1986 ex-

177 2001 363 2030 cellentiorem
381 2009 420 2035 se,
445 2004 472 2029 et
491 2000 544 2028 hoc
563 2004 642 2037 pacto
661 2001 766 2038 integra
780 2002 833 2030 erit
854 2003 977 2038 tanquil-

178 2046 250 2074 litas.

214 2092 302 2118 Vens.
328 2093 356 2118 4.
372 2091 431 2118 Non
447 2099 507 2126 qum
526 2099 576 2119 sua
590 2094 655 2119 sunt
680 2092 780 2126 singuli
799 2092 976 2124 considerate,

177 2135 225 2163 sed
243 2137 269 2163 et
282 2143 341 2170 qua
365 2135 480 2162 alterum
495 2139 573 2169 sunt,
590 2137 786 2172 unusquisque.
808 2137 878 2165 Cum
902 2137 976 2165 enim

181 2188 232 2217 ego
247 2179 320 2216 quod
339 2179 388 2208 tibi
408 2180 529 2216 prodest,
547 2185 576 2208 tu
602 2189 666 2208 vero
688 2181 763 2217 quod
776 2181 844 2209 mihi
858 2181 976 2215 confert,

179 2226 288 2261 quaeris,
310 2233 398 2262 neque
420 2233 497 2254 vanae
522 2225 566 2253 hic
591 2225 684 2262 gloria:
704 2226 781 2254 locus
799 2226 975 2263 relinquitur,

178 2277 267 2305 neque
280 2270 461 2303 contentioni,
477 2278 567 2306 neque.
580 2270 701 2306 cuipiam
715 2271 876 2305 simpliciter
889 2271 976 2299 malo-

177 2321 251 2348 rum,
272 2314 319 2342 sed
341 2315 396 2342 vita
413 2315 456 2342 hic
477 2319 518 2342 est
538 2315 659 2351 angelica
680 2319 708 2343 et
727 2315 827 2343 divina.

213 2359 301 2385 Vens.
322 2361 347 2385 5.
369 2360 395 2386 Is
414 2360 485 2386 enim
500 2360 620 2393 affectus
636 2362 671 2387 sit
694 2362 722 2387 in
738 2361 825 2393 vobis,
848 2362 896 2396 qui
910 2364 934 2388 et
946 2361 976 2388 in

179 2403 285 2430 Christo
296 2404 365 2430 Jcsu.
383 2403 624 2438 Quemadmodum
639 2405 763 2434 Christus
772 2405 872 2442 inquit,
887 2407 978 2434 Estote

178 2447 372 2478 misericordes,
394 2449 425 2474 ut
440 2449 520 2475 Pater
533 2451 620 2476 vester
644 2450 756 2477 etelestis
771 2463 782 2478 ι
797 2459 804 2477 :
825 2454 853 2477 et
866 2458 977 2485 rursus,

179 2493 280 2520 Discite
296 2500 313 2519 a
327 2499 376 2523 me,
392 2493 457 2527 quia
480 2493 554 2520 mitis
573 2501 631 2520 sum
646 2499 658 2514 ιι
679 2504 687 2521 :
711 2494 751 2522 sic
765 2499 793 2522 et
807 2495 907 2523 Paulus
924 2495 978 2524 hu-

179 2537 274 2565 milem
292 2536 422 2565 affectum
436 2537 546 2565 docens.
563 2537 705 2567 Christum
730 2538 759 2565 in
779 2539 899 2567 medium
912 2548 976 2576 pro-

178 2582 262 2616 ducit,
278 2582 385 2611 abunde
404 2590 455 2611 nos
480 2581 664 2618 pudefaciens,
690 2583 803 2619 perinde
826 2591 859 2612 ac
881 2584 933 2612 alio
949 2584 978 2614 in

180 2627 240 2656 loco
253 2627 320 2657 dicit
336 2630 467 2664 :Propter
485 2635 532 2655 nos
548 2636 652 2663 pauper
667 2629 759 2663 factus
777 2631 817 2658 est
830 2637 890 2658 eum
904 2630 978 2659 dives

223 2705 311 2733 lLuc.
327 2712 371 2734 vr.
388 2708 433 2734 36.
471 2709 483 2723 ³
494 2704 594 2733 Matth.
607 2712 652 2740 xr,
668 2707 712 2734 29.

1022 263 1137 302 πάσχω·
1163 264 1248 291 ταῦτα
1269 261 1356 290 πάντα
1375 262 1400 290 ἔν
1418 260 1502 301 τούτῳ
1529 272 1575 298 μοι
1591 260 1729 296 ἀπόδοτε,
1753 261 1781 289 ἐν

1023 307 1152 343 ἀλλήλους
1163 307 1282 347 ἀγαπᾷν.
1298 304 1374 346 Ὅρα
1388 304 1430 341 δὲ,
1449 307 1506 338 πῶς
1521 305 1551 334 τὸ
1568 307 1692 342 ὁμονοεῖν
1717 304 1828 337 ἐκείνους

1022 352 1119 382 οἰκείαν
1144 350 1310 391 εὐεργεσίαν,
1338 350 1385 379 καὶ
1406 351 1441 383 ὥς
1457 349 1535 382 αὐτὸς
1561 348 1654 383 ἐλέους
1674 349 1828 387 ﬁnding-ﬁ

1022 397 1132 426 τίθεται.
1152 397 1211 426 Οὐκ.
1223 391 1282 424 εἷπε
1297 394 1324 424 δὲ
1337 417 1345 434 ,
1363 393 1501 429 Ποιήσατέ
1518 405 1563 432 μοι
1576 394 1602 413 ⁵6
1612 394 1707 434 χαρὰν
1716 417 1725 430 ,
1744 393 1827 430 ἀλλὰ,

1024 442 1051 480 [«
1066 441 1165 481 χαρὰν]
1177 439 1355 479 Πληρώσατε.
1372 450 1386 467 ι)
1407 439 1556 478 Ἢρξασθε,
1569 439 1646 478 φησὶ,
1658 441 1709 473 τῆς
1734 440 1762 468 ἐν
1775 439 1828 475 ἐμοὶ

1023 491 1120 526 χαρᾶς,
1136 484 1180 514 καὶ
1196 485 1247 521 ἤδη
1265 483 1435 523 μετεδώκατε
1449 495 1494 522 μοι
1514 485 1560 512 τοῦ
1585 482 1737 523 εἰρηνεύειν
1751 495 1758 501 ·
1775 484 1827 512 ἐπι-

1023 532 1098 568 Θυμῶ
1108 529 1199 560 λοιπὸν
1214 529 1260 558 καὶ
1274 530 1310 562 εἷς
1324 528 1398 561 τέλος
1412 527 1510 563 ταύτην
1531 528 1627 557 ἐλθεῖν.
1646 528 1722 557 Ποία
1743 528 1773 556 δέ
1789 539 1826 565 μοι

1023 574 1113 614 χαρά;
1127 575 1189 613 Οὐχ
1203 573 1246 602 ἵνα
1258 574 1309 602 τῶν
1324 572 1448 602 κινδύνων
1465 573 1552 612 ῥυσθῶ
1562 595 1570 607 ,
1594 572 1612 608 ἢ
1628 572 1711 602 λάϐω
1730 584 1757 602 τι
1769 574 1826 611 παρ’

1024 620 1109 658 ὑμῶν,
1126 619 1185 648 ἀλλ’
1201 618 1245 647 ἵνα
1261 619 1336 652 ὑμεῖς
1349 618 1379 648 τὸ
1394 618 1459 647 αὐτὸ
1473 618 1600 657 φρονῆτε.

1069 763 1084 781 (ι
1097 751 1155 788 Τὴν
1171 750 1255 787 αὐτὴν
1273 750 1379 789 ἀγάπην
1391 750 1506 790 ἔχοντες.
1524 761 1538 778 ιι
1567 751 1658 780 Τοῦτο
1680 751 1773 787 μεῖξον
1789 752 1827 777 ποῖ

1023 797 1053 826 τὸ
1065 798 1129 826 αὐτὸ
1154 796 1266 836 φρονεῖν.
1297 795 1354 830 Τὴν
1383 795 1459 836 [γὰρ]
1493 794 1574 831 αὐτὴν
1600 794 1714 833 ἀγάπην
1744 793 1825 833 ἔχετε.

1025 842 1073 878 Μὴ
1104 841 1259 882 φιλούμενος
1291 840 1509 879 ὑπερϐαλλόντως
1541 839 1637 875 αὐτὸς,
1664 839 1740 878 φίλει
1766 838 1829 878 χαύ-

990 881 1013 912 Β
1028 899 1077 919 νως
1087 881 1123 921 57,
1135 887 1193 914 ἀλλ’
1204 885 1255 926 ἴσῳ
1269 886 1306 924 τῷ
1321 884 1421 925 μέτρῳ.

1075 942 1088 959 ι(
1103 931 1257 970 Σύμψυχοι,
1283 929 1314 959 τὸ
1339 929 1366 958 ἓν
1391 933 1554 970 φρονοῦντες,
1581 940 1595 958 n
1617 928 1666 962 Ὡς
1687 928 1742 962 μία
1763 928 1830 959 ὄντες

1029 975 1113 1016 ψυχὴ,
1125 977 1154 1004 οὖ
1168 977 1200 1014 τῇ
1214 973 1290 1014 οὐσία
1300 996 1307 1010 ,
1320 973 1389 1003 ἀλλὰ
1459 974 1532 1014 [μιᾷ]
1547 973 1642 1013 γνώμῃ
1655 973 1705 1002 χαὶ
1771 975 1831 1010 δμο-

1028 1021 1101 1060 νοία·
1115 1019 1128 1048 ὃ
1140 1020 1216 1055 δηλοῖ
1231 1019 1311 1048 εἰπών
1324 1030 1331 1037 '
1352 1030 1366 1047 ‹(
1378 1018 1417 1048 Τὸ
1428 1018 1456 1047 ἓν
1470 1021 1632 1058 φρονοῦντες.
1653 1030 1667 1044 ιο

1072 1078 1084 1090 α
1102 1063 1193 1100 Μηδὲν
1204 1063 1264 1092 κατ’
1275 1063 1397 1102 ἐριθείαν,
1409 1062 1426 1098 ἢ
1437 1062 1596 1096 κενοδοξίαν.
1610 1074 1624 1090 n
1634 1062 1746 1097 Μηδὲν,
1762 1061 1828 1101 φησὶ,

1028 1108 1097 1138 κατὰ
1123 1109 1201 1144 ζῆλον
1226 1107 1244 1143 ἢ
1270 1108 1322 1148 ἔριν
1349 1110 1503 1140 ποιοῦντες·
1534 1106 1600 1146 ὅπερ
1630 1107 1769 1145 εἰώθαμεν
1791 1107 1828 1134 λε-

1027 1165 1101 1193 γειν*
1120 1152 1274 1183 Σπουδάσαι
1302 1152 1372 1191 ἔχω’,
1399 1151 1443 1180 ἵνα
1459 1151 1497 1190 μή
1522 1163 1554 1190 με
1576 1152 1676 1191 νικήσῃ
1701 1154 1716 1180 ὁ
1745 1152 1828 1180 δεῖνι-

1026 1197 1102 1228 τοῦτό
1121 1199 1190 1227 ἐστιν
1215 1200 1232 1233 ἡ
1259 1196 1366 1237 ἔριθεία.
1396 1192 1464 1227 Εἶτα
1490 1198 1538 1232 τὴν
1566 1195 1670 1231 ταύτης
1683 1196 1712 1214 ⁵⁸
1729 1194 1827 1234 μητέρα

1027 1243 1134 1281 ἐπάγει,
1157 1241 1215 1281 ζτὴν
1239 1241 1403 1276 κενοδοξίαν
1433 1243 1463 1270 ἐκ
1505 1240 1557 1305 γᾶξ
1599 1240 1700 1276 ταύτης
1733 1240 1826 1274 ἔιείνη.

1027 1286 1113 1305 σου...
1129 1287 1180 1305 ..λλ
1209 1288 1255 1305 -ε.
1276 1287 1328 1305 -21..
1348 1286 1492 1305 ,λημία-...υ
1515 1287 1543 1305 λλ
1559 1297 1589 1305 ..ρ
1612 1286 1719 1305 ἕλκη...
1764 1284 1790 1305 ..’
1804 1285 1826 1305 η’,

1026 1286 1113 1316 ⁰Οταν
1129 1287 1180 1326 γὰρ
1209 1288 1255 1322 τῆς
1276 1287 1328 1315 τῶν
1347 1286 1492 1326 ἀνθρώπων
1515 1284 1590 1322 δόξης
1612 1286 1739 1325 ἐρῶμεν,
1764 1284 1790 1313 τί
1804 1285 1828 1312 οὗ

1028 1331 1176 1370 πράττομεν
1189 1330 1232 1360 διὰ
1245 1330 1344 1367 ταύτην
1356 1341 1365 1369 ;

1072 1387 1086 1405 (ι
1113 1376 1192 1405 Ἀλλὰ
1294 1375 1520 1416 ταπεινοφροσύνῃ
1557 1374 1689 1409 ἀλλήλους
1717 1374 1828 1414 ἡγούμε-

1027 1432 1065 1449 νοι
1089 1420 1267 1460 ὑπερέχοντας
1279 1422 1391 1451 ἑαυτῶν,
1403 1434 1415 1446 ι
1436 1422 1490 1450 Νῦν
1502 1419 1528 1438 59
1541 1419 1599 1448 ὁδὸν
1617 1418 1754 1448 δείκνυσιν
1770 1421 1826 1457 ἡμῖν

1028 1466 1061 1494 δι’
1086 1461 1117 1501 ἧς
1146 1463 1292 1505 φευξόμεθα
1324 1464 1373 1500 τὴν
1399 1463 1564 1499 κενοδοξίαν,
1589 1463 1635 1493 καὶ
1652 1463 1745 1502 δόγμα
1762 1463 1826 1500 λέγει

1028 1510 1199 1549 συγκρότημα
1226 1511 1273 1544 τῆς
1294 1511 1371 1547 ἡμῶν
1399 1509 1539 1548 σωτηρίας.
1555 1508 1621 1538 Ἐὰν
1653 1507 1707 1547 γὰρ
1733 1509 1826 1536 ὑπολα-

1029 1554 1076 1593 ϐῃς
1086 1576 1094 1590 ,
1108 1554 1187 1595 φησὶν
1199 1576 1208 1590 ,
1220 1554 1261 1583 ὅτι
1275 1556 1289 1583 ὁ
1301 1554 1372 1582 δεῖνα
1385 1554 1433 1593 οὐχ
1449 1553 1538 1587 ἅπλῶς
1560 1552 1658 1591 μείζων
1675 1551 1725 1581 σού
1743 1554 1809 1581 ἐστιν
1820 1575 1826 1587 ,

1030 1598 1087 1627 ἀλλ’
1103 1598 1145 1628 ὅτι
1163 1599 1208 1628 χαὶ
1223 1598 1280 1627 καθ’
1303 1597 1452 1638 ὑπερϐολὴν
1476 1597 1599 1636 ὑπερέχει
1621 1608 1684 1632 σου,
1711 1596 1760 1625 καὶ
1781 1597 1827 1625 ἀπὸ

1030 1643 1128 1678 πολλῆς
1145 1642 1385 1683 ταπεινοφροσύνης
1409 1641 1504 1682 πείσῃς
1529 1641 1639 1672 σεαυτὸν
1655 1644 1737 1670 τοῦτο
1752 1640 1827 1673 οὕτως

1030 1687 1110 1727 ἔχειν,
1124 1687 1244 1726 τιμήσεις
1269 1687 1375 1720 πάντως
1389 1686 1479 1716 αὐτόν.
1496 1687 1582 1716 Τοῦτο
1598 1685 1626 1715 δὲ
1648 1687 1735 1715 ποιῶν
1747 1707 1756 1722 ,
1773 1686 1827 1714 οὐχ·

1029 1732 1086 1768 ἐτι,
1102 1732 1164 1761 ὅταν
1190 1731 1246 1772 ἴδῃς
1269 1732 1348 1761 αὐτὸν
1382 1732 1427 1761 καὶ
1454 1731 1518 1772 παρ’
1530 1730 1626 1770 ἑτέρων
1653 1730 1825 1769 τιμώμενον,

1030 1777 1214 1817 δυσχερανεῖς,
1230 1776 1299 1806 ἀλλὰ
1321 1776 1371 1806 κᾶν
1384 1777 1498 1816 ὀνειδίσῃ
1521 1787 1550 1804 σε
1568 1775 1645 1809 αὐτὸς
1656 1800 1662 1810 ,
1682 1775 1735 1804 κᾶν
1752 1775 1827 1815 τύψῃ,

1029 1821 1131 1862 κούφως
1156 1822 1254 1855 οἴσεις,
1284 1821 1391 1860 μείζονα
1415 1821 1466 1861 γάρ
1499 1822 1557 1850 σου’
1572 1819 1650 1849 αὐτὸν
1678 1820 1826 1858 νενόμικας-

1029 1866 1099 1895 Οὖδὲ
1120 1866 1257 1907 φθονήσεις
1270 1878 1276 1885 ·
1305 1868 1319 1896 ὁ
1341 1866 1392 1905 γὰρ
1413 1866 1504 1906 φθόνος
1527 1864 1592 1907 πρὸς
1605 1864 1665 1897 τοὺς
1694 1864 1786 1901 ἴσους,
1804 1865 1827 1893 οὖ

1030 1910 1094 1951 πρὸς
1120 1911 1180 1945 τοὺς
1201 1910 1387 1950 ὑπερέχοντας.
1422 1910 1478 1940 Καὶ
1509 1906 1595 1945 αὖθις,
1624 1911 1724 1943 ἐκεῖνος
1753 1909 1828 1940 οὕτως

1029 1955 1240 1994 ὑπολαμϐανέτω
1259 1967 1305 1993 σε,
1324 1957 1360 1990 ὥς
1386 1954 1550 1996 ὑπερέχοντα
1566 1956 1666 1992 αὺτοῦ,
1687 1953 1737 1984 καὶ
1759 1953 1828 1983 ἔσται

1030 2004 1104 2029 πᾶσα
1118 2000 1234 2040 γαλήνη.

1072 2102 1083 2113 α
1097 2087 1143 2122 Μὴ
1170 2087 1203 2117 τὰ
1218 2088 1310 2117 ἑαυτοῦ
1322 2086 1347 2105 ⁶⁰
1368 2086 1477 2120 ἕκαστος
1504 2086 1653 2122 σκοπείτω,
1681 2085 1753 2115 ἀλλὰ
1788 2085 1828 2114 χαί

1031 2132 1063 2161 τὰ
1079 2135 1123 2162 τοῦ
1135 2132 1224 2172 ἑτέρου
1240 2132 1357 2165 ἕκαστος.
1372 2144 1388 2160 ‘n
1406 2131 1493 2172 ’Ὅταν
1513 2131 1563 2171 γὰρ
1579 2129 1631 2169 ἐγὼ
1660 2129 1710 2168 μὲν
1739 2130 1769 2159 τὸ
1792 2130 1829 2158 σοὶ

1032 2177 1180 2217 συμφέρον,
1203 2177 1234 2206 σὺ
1258 2177 1285 2206 δὲ
1300 2176 1330 2206 τὸ
1342 2176 1405 2214 ἐμὸν
1430 2171 1503 2210 αὖθις
1522 2177 1606 2212 ζητεῖς
1623 2175 1660 2211 θ’,
1681 2174 1742 2204 οὔτε
1759 2187 1828 2204 χενο-

1032 2221 1115 2256 δοξῖας
1140 2223 1252 2250 ἐνταῦθα
1272 2222 1363 2262 χώρα,
1388 2220 1447 2250 οὔτε
1463 2220 1557 2260 ἔριδος,
1583 2219 1645 2249 οὔτε
1658 2220 1728 2253 τινὸς
1741 2219 1829 2251 ἁπλῶς

990 2253 1014 2284 D
1031 2253 1081 2296 τῶν
1098 2253 1204 2305 παχῶν,
1220 2253 1292 2296 om;
1307 2253 1362 2305 βίος
1376 2253 1514 2305 ἀγγελωιὸς
1529 2253 1574 2294 καὶ
1587 2267 1665 2298 θεῖος.

1073 2370 1088 2385 α
1102 2358 1188 2388 Τοῦτο
1212 2357 1263 2397 γὰρ
1291 2356 1436 2398 φρονείσθω
1458 2358 1484 2386 ἐν
1506 2358 1586 2394 ὑμῖν,
1608 2355 1622 2384 ὃ
1638 2355 1685 2385 καὶ
1712 2357 1740 2385 ἐν
1766 2356 1827 2394 Χρι-

1033 2404 1086 2443 στῷ
1102 2403 1204 2439 Ἰησοῦ.
1226 2414 1242 2432 1:
1258 2400 1369 2441 "Qenap
1393 2404 1407 2432 ὁ
1422 2400 1537 2441 Χριστὸς
1549 2424 1556 2438 ,
1574 2412 1589 2428 (ι
1605 2400 1716 2431 Γίνεσθε
1731 2400 1827 2438 οἰκτίρ-

1033 2459 1108 2486 μονες
1118 2470 1128 2488 ,
1144 2459 1156 2476 (ι
1171 2447 1251 2488 φησὶν
1260 2470 1269 2485 ,
1284 2458 1299 2476 )J
1309 2445 1401 2486 ὥσπερ
1417 2449 1430 2476 ὁ
1440 2445 1536 2485 Πατὴρ
1549 2446 1623 2483 ὑμῶν
1640 2447 1653 2474 ὁ
1668 2445 1789 2485 οὐράνιος
1799 2456 1805 2462 ·
1818 2457 1827 2469 ι

1033 2491 1078 2521 καὶ
1104 2487 1189 2529 αὖθις,
1218 2506 1229 2519 ι
1254 2492 1361 2522 Μάθετε
1378 2492 1426 2521 ἀπ’
1452 2491 1529 2529 ἐμοῦ,
1546 2489 1588 2519 ὅτι
1613 2490 1698 2529 πρᾶός
1722 2491 1799 2528 εἶμι·
1816 2502 1827 2513 ι

1031 2537 1100 2566 οὕτω
1122 2536 1168 2566 καὶ
1194 2537 1300 2570 Παῦλος
1330 2535 1574 2575 ταπεινοφροσύνην
1602 2535 1753 2571 διδάσκων,
1787 2533 1827 2562 τὸν

1032 2581 1146 2622 Χριστὸν
1162 2583 1197 2616 εἷς
1222 2581 1251 2610 τὸ
1270 2581 1350 2619 μέσον
1377 2581 1504 2621 παράγει,
1534 2581 1564 2609 ἐκ
1585 2579 1740 2619 περιουσίας
1762 2580 1827 2615 ἡμᾶς

1033 2626 1281 2667 ἐντρέπων,ὥσπερ
1291 2625 1338 2656 καὶ
1355 2627 1474 2666 ἀλλαχοῦ
1496 2624 1568 2664 λέγει
1580 2635 1586 2642 ·
1609 2633 1623 2653 (ι
1637 2624 1678 2654 Δι’
1692 2625 1766 2662 ἡμᾶς
1781 2623 1823 2651 ἐπ-

878 2747 973 2778 Variae
996 2748 1147 2779 lectiones.

215 2801 237 2820 ⁸⁵
251 2813 308 2840 μου.
347 2802 368 2821 ⁵⁷
383 2804 464 2835 φιλεῖς
478 2803 575 2840 φαύλως
585 2813 612 2833 ο.
652 2805 673 2823 ⁵⁸
688 2806 777 2833 τούτου
797 2814 822 2834 ο.
861 2806 882 2824 ⁵³
898 2805 942 2840 τὴν
954 2815 980 2835 o.

1019 2806 1040 2824 ⁸ο
1052 2806 1145 2834 ἑαυτῶν
1162 2814 1190 2835 0.
1229 2806 1248 2824 ⁶¹
1264 2806 1371 2842 ζητήσῃς
1384 2814 1413 2834 0.
