1886 3082
171 147 237 172 1163

166 260 249 288 quam
269 252 354 288 ipsius
382 259 437 279 non
453 251 497 278 sit.
513 250 560 277 Sin
581 249 733 286 quidquam
755 257 771 277 a
802 254 897 278 natura
918 250 965 278 ha.

165 297 236 330 beat,
257 296 337 324 facile
367 295 437 324 illud
463 299 633 331 aspernatur,
664 294 752 322 sciens
768 294 795 322 id
812 302 841 322 se
861 295 963 323 habere

164 341 236 377 quod
252 341 341 369 amitti
355 344 488 377 nequeat;
512 344 540 367 et
554 339 576 367 si
592 339 729 375 deponere
748 339 881 374 videatur,
906 348 966 368 rur-

165 394 226 413 sum
241 386 331 421 ipsum
347 385 471 421 recipiet.
488 384 534 412 Ait
545 392 628 421 ergo:
644 383 724 412 Filius
735 384 784 412 Dei
795 392 852 412 non
865 384 964 412 metuit

660 141 916 170 THEOPHYLACTI
937 143 1113 171 BULGARH-I
1132 142 1290 170 ARCHIEP.

169 208 297 243 rapuerit,
325 206 422 234 metuit
445 205 582 241 deponere
607 204 673 233 illud
692 213 726 232 ne
753 205 872 239 amittat,
897 209 962 233 tan-
980 215 1007 247 Α

1761 138 1823 164 HM

1024 205 1092 242 ϐήθη
1107 205 1257 240 καταϐῆναι
1273 205 1320 233 τοῦ
1334 202 1431 232 οἰκείου
1455 201 1615 238 ἀξιώματος,
1639 199 1675 229 δι’
1689 199 1717 242 “8
1739 199 1823 242 “3-3:

1022 238 1092 290 εἶχεν
1105 249 1131 284 ἐξ
1147 238 1269 289 ἁρπαγῆς
1284 250 1361 277 τοῦτο
1376 247 1413 282 ⁷³,
1427 246 1495 287 φημὶ
1518 245 1551 280 δὴ
1565 245 1614 281 τὸ,
1627 245 1660 274 τὸ
1677 239 1753 290 εἶναι
1769 238 1825 275 ἶσος

1018 296 1056 335 τῷ
1082 295 1144 334 Θεῷ
1167 295 1213 324 χαὶ
1240 293 1343 332 [Im-pi,
1372 292 1442 321 ἀλλὰ
1469 290 1578 330 φυσικὸν
1604 291 1689 318 αὑτοῦ
1716 289 1824 326 ἀξίωμα

1018 343 1094 369 τοῦτο
1120 333 1258 378 ἐγίνωσκε.
1285 338 1333 367 Διὸ
1356 337 1401 365 καὶ
1423 336 1620 370 ταπεινωθῆναι
1647 333 1762 369 εἵλετο,
1791 334 1823 365 ὣς

1020 383 1066 413 καὶ
1084 385 1110 413 ἐν
1127 385 1161 423 τῇ
1173 382 1332 412 ταπεινώσει
1346 382 1376 412 τὸ
1388 381 1452 421 ὕψος
1468 381 1547 408 αὑτοῦ
1564 380 1652 419 τηρῶν
1671 379 1711 408 ⁷³.

165 430 334 458 descendere
348 429 383 458 de
396 430 503 466 propria
514 429 666 464 dignitate,
685 428 908 465 quandoquidem
921 437 982 458 eam
1000 440 1055 460 non
1075 432 1195 460 habebat
1207 439 1240 460 ex
1258 431 1366 466 rapina,
1380 429 1512 458 nimirum
1527 428 1600 464 quod
1622 431 1696 456 esset
1710 427 1826 462 aequalis

167 478 227 504 Deo
260 475 344 509 Patri,
375 474 424 503 sed
444 475 596 502 naturalem
623 473 673 501 sibi
702 473 773 501 hanc
806 473 966 510 dignitatem
995 477 1170 513 agnoscebat.
1188 478 1336 512 Propterea
1359 479 1387 503 et
1411 473 1547 502 humiliari
1566 472 1658 509 elegit,
1688 476 1822 507 tanquam

166 520 192 548 in
210 521 261 548 ista
281 519 471 548 humiliationc
486 518 657 546 altitudinem
673 526 752 546 suam
766 526 890 546 servans.

203 566 290 593 Vens.
301 567 328 592 7.
343 565 395 593 Sed
402 565 571 600 semetipsum
585 564 747 595 exinanivit,
760 563 881 597 formam
896 565 969 592 servi

167 611 306 645 accipiens.
341 609 397 637 Ubi
421 613 486 637 sunt
517 608 563 644 qui
589 608 696 642 dicunt,
722 608 796 644 quod
824 608 922 637 invitus
942 613 970 637 et

167 654 327 682 mandatum
339 653 456 689 implens
466 653 658 682 descenderit?
668 652 790 681 Audiant
811 653 885 689 quod
900 654 970 690 seip-

169 706 231 727 sum
256 698 437 727 esinaniverit
459 705 510 726 ceu
534 698 680 732 Dominus,
708 705 740 724 ac
766 701 898 734 tanquam
925 698 968 726 sui

164 743 245 779 juris.
275 745 400 771 Formam
418 746 512 771 autem
538 743 609 770 serui
635 741 741 775 dicens,
764 742 968 777 Apollinarium

170 786 317 823 pudefaeit.
333 787 387 824 Qui
400 786 474 814 enim
491 785 612 814 formam
630 786 686 814 sive
696 785 882 814 substantiam
897 788 968 815 servi

169 833 275 868 accipit,
287 831 451 860 rationalem
464 831 577 859 omnino
591 831 714 859 animam
728 831 823 860 habet.

206 878 237 905 In
249 877 431 905 similitudine
440 877 579 904 hominum
596 877 694 910 factus.
715 876 767 903 Hic
787 877 970 905 Marcionistm

171 921 276 956 dicunt,
309 921 383 958 quod
411 925 578 957 apparenter
607 921 762 948 incarnatus
789 925 857 948 erat.
888 921 971 950 Vides

171 967 256 1001 enim,
267 966 403 1002 inquiunt,
418 965 558 1001 quomodo
571 965 673 992 Paulus
687 969 825 993 asseverat
836 965 970 993 similitu-

171 1012 264 1040 dinem
279 1018 344 1039 eum
368 1010 490 1038 hominis
508 1009 658 1046 accepisse,
679 1017 710 1037 ac
732 1009 760 1037 in
773 1010 890 1046 ﬁguram
919 1010 971 1038 hu-

171 1064 284 1085 manam
301 1055 529 1084 transformatum
555 1062 625 1087 esse,
649 1063 705 1082 non
721 1055 838 1083 essentia
863 1055 970 1084 factum

173 1101 339 1129 hominem?
358 1099 431 1135 Quid
460 1100 543 1136 igitur
564 1101 624 1128 est?
638 1099 775 1127 Dominus
802 1107 859 1128 non
879 1100 971 1128 omnia

173 1150 268 1174 nostra
280 1144 398 1173 habebat
412 1143 508 1180 439,
520 1143 567 1172 sed
586 1147 613 1171 et
627 1143 753 1179 quaedam
766 1152 824 1172 non
838 1144 970 1178 habebat,

175 1191 256 1219 veluti
281 1190 357 1218 nasci
380 1197 413 1217 ex
441 1188 590 1217 concubitu
615 1191 642 1216 et
666 1196 788 1224 peccare.
824 1190 887 1217 Non
913 1193 972 1217 erat

173 1240 268 1263 autem
293 1233 470 1262 solummodo
496 1232 571 1269 quod
593 1233 741 1269 apparebat
760 1237 788 1261 et
817 1234 971 1266 videbatur,

175 1279 355 1308 verumetiam
377 1280 453 1307 Deus
485 1287 492 1305 :
516 1286 573 1305 non
595 1282 654 1306 erat
675 1278 766 1306 nudus
793 1277 888 1306 homo.
911 1280 974 1306 Pro-

175 1330 265 1360 pterea
279 1324 376 1360 inquit,
392 1325 425 1351 In.
446 1323 626 1351 similitudine
650 1323 797 1350 hominum.
815 1324 875 1351 Nos
899 1323 972 1351 enim

1066 578 1079 594 (δ.
1094 566 1165 597 Ἀλλ’
1180 567 1273 596 ἑαυτὸν
1289 566 1418 601 ἐκένωσε,
1442 562 1546 604 μορφὴν
1569 562 1662 592 δούλου
1676 561 1788 592 λαϐών.
1809 574 1822 588 ι

1853 50 1863 110 l

1858 141 1865 194 l

1860 215 1867 268 ι

1863 294 1867 348 l

1865 408 1870 448 ί

1026 612 1083 640 Ποῖ-5
1108 613 1132 641 οἱ
1153 612 1292 650 λέγοντες,
1315 610 1355 639 ὅτι
1379 609 1451 639 ἔχων
1479 607 1524 637 καὶ
1548 606 1685 646 ἐπίταγμα
1712 607 1826 644 πληρῶν
1870 612 1873 639 ζ

1023 655 1142 693 κατέϐης
1167 655 1348 685 Ἀιιουέτωσαν
1372 654 1413 683 ὅτι
1440 652 1532 682 ἑαυτὸν
1548 651 1698 688 ἐκένωσεν,
1717 652 1758 684 ὥς
1775 651 1826 680 Κύ-

1025 711 1090 739 ριος,
1105 702 1139 734 ὡς
1162 700 1327 734 αὖτεξούσιος
1340 721 1346 728 .
1371 713 1383 724 ιι
1395 697 1510 738 Μορφὴν
1523 696 1550 726 δὲ
1569 696 1674 732 δούλου,
1691 710 1703 722 ι
1719 695 1805 724 εἰπὼν
1816 718 1823 732 ,

988 758 1011 789 Β
1025 744 1223 785 Ἀπολλινάριον
1249 744 1380 784 ἐντρέπει.
1420 742 1456 789 ’ρ
1481 742 1506 761 ⁷⁴
1529 741 1580 789 γαρ
1609 740 1734 789 popa-hu
1750 740 1826 789 ’ἤτοι

1026 789 1073 825 τὴν
1098 791 1174 830 φύσιν
1197 793 1243 820 τοῦ
1269 789 1362 819 δούλου
1386 787 1495 824 λαϐὼν,
1518 787 1564 816 καὶ
1591 786 1682 825 νοερὰν
1713 785 1823 818 πάντως

1025 835 1113 875 ψυχὴν
1128 835 1194 875 ἔχει.

1067 893 1078 905 π
1095 879 1142 909 Ἐν
1163 879 1312 918 ὁμοιώματι
1332 877 1477 917 ἀνθρώπων
1492 875 1637 916 γενόμενος.
1650 886 1664 903 ι)
1683 874 1825 904 Ἐνταῦθα

1027 925 1049 953 οἳ
1075 924 1279 963 Μαρκιωνισταί
1304 934 1400 963 φασιν,
1422 922 1463 951 ὅτι
1478 920 1548 950 κατὰ
1570 919 1721 958 φαντασίαν
1750 921 1830 958 ἐσαρ-

1026 970 1108 1005 χώθη.
1129 968 1216 1009 ⁸Ορᾷς
1229 969 1293 1007 γὰρ,
1310 967 1389 1008 φασὶ,
1406 966 1462 999 πῶς
1476 968 1490 994 ὁ
1506 965 1610 997 Παῧλος
1629 964 1761 1001 ὁμοίωμα
1777 965 1825 992 ἆν-

1027 1014 1131 1052 θρώπου
1149 1014 1212 1053 [οὐ]
1227 1012 1317 1042 λαϐεῖν
1333 1023 1413 1052 φησιν
1424 1010 1514 1047 αὐτὸν,
1524 1010 1571 1038 χαὶ
1582 1009 1823 1053 σχζιματίσασθαι,

1026 1058 1085 1098 οὐχὶ
1110 1058 1186 1097 οὐσίᾳ
1210 1057 1331 1096 γενέσθαι
1360 1056 1519 1098 ἄνθρωπονὲ
1543 1054 1578 1084 Τί
1600 1048 1645 1082 οὖν
1675 1055 1768 1088 Eax-iv;
1795 1053 1826 1081 Ὀ

1030 1094 1125 1141 κζριος
1150 1094 1182 1132 0.3-
1197 1094 1286 1131 π’άντα
1299 1101 1332 1130 τὰ
1355 1094 1474 1140 ἡμέτερα
1489 1094 1577 1139 εἶχεν,
1593 1097 1664 1127 ἀλλὰ
1690 1097 1742 1126 καί
1767 1108 1826 1126 τινα

1026 1148 1073 1176 οὐκ
1089 1142 1159 1186 εἶχεν
1170 1169 1178 1183 ,
1192 1141 1263 1183 οἷον,
1278 1145 1307 1175 τὸ
1321 1145 1374 1174 ἀπὸ
1389 1144 1529 1186 συνουσίας
1638 1143 1785 1182 τεχθῆναι,
1802 1141 1830 1170 τὸ

1027 1184 1159 1232 ἁμαρτίαν
1175 1191 1188 1231 [
1199 1190 1253 1229 μὴ]
1269 1192 1391 1226 ποιῆσαι.
1409 1190 1467 1232 Ονξκ
1476 1184 1509 1225 ἧν
1522 1188 1549 1217 δὲ
1562 1188 1591 1217 τὸ
1604 1187 1766 1227 φαινόμενον
1783 1187 1831 1225 μό-

1027 1229 1092 1273 νον,⁷
1110 1229 1188 1266 ἀλλὰ-
1204 1236 1249 1265 καὶ
1269 1236 1351 1268 Θεός·
1376 1235 1422 1264 οὐκ
1437 1229 1471 1269 ἦν
1496 1232 1573 1273 ψιλὸς
1597 1232 1750 1271 ἅνθρωπος.
1780 1232 1830 1261 Διὰ

1026 1280 1103 1310 τοῦτό
1118 1292 1197 1321 φησιν
1211 1292 1218 1299 ·
1244 1291 1259 1309 ιι
1273 1279 1322 1310 Ἐν
1346 1278 1498 1317 ὁμοιώματι
1521 1276 1678 1317 ἀνθρώπων.
1698 1290 1710 1302 -
1731 1276 1831 1314 Ἡμεῖς

1027 1325 1074 1364 μὲν
1089 1325 1141 1365 γὰρ
1155 1325 1228 1365 ψυχὴ
1244 1325 1289 1355 καὶ
1306 1326 1385 1362 σῶμα
1397 1335 1405 1342 ·
1419 1324 1516 1356 ἐκεῖνος
1530 1321 1557 1351 δὲ
1572 1321 1645 1362 ψυχὴ
1666 1321 1712 1350 καὶ
1729 1323 1831 1358 σῶμα,

175 1370 265 1397 anima
279 1374 306 1397 et
317 1376 416 1404 corpus
427 1376 540 1402 sumus;
557 1368 579 1395 is
593 1372 687 1395 autem
712 1368 805 1395 anima
822 1372 851 1396 et
859 1375 951 1403 corpu:

1068 1381 1073 1399 ι
1087 1370 1169 1403 Θεός·
1187 1369 1245 1399 ἐπεὶ
1258 1369 1305 1398 καὶ
1320 1368 1383 1397 ὅταν
1397 1367 1479 1407 λέγῃ,
1496 1378 1511 1396 ιι
1526 1365 1575 1397 Ἐν
1588 1366 1745 1411 ὁμοιώματι
1762 1377 1830 1404 cmp-

177 1420 202 1442 cl
219 1415 298 1442 Deus.
319 1415 390 1441 Nam
403 1421 466 1441 cum
479 1413 565 1447 dicat,
577 1414 608 1440 In
617 1413 798 1440 similitudine
814 1414 909 1440 carnis
917 1421 974 1448 pec-

176 1461 240 1492 cati.
265 1467 322 1487 non
348 1459 401 1486 hoc
427 1458 502 1491 dicit,
529 1457 604 1493 quod
633 1465 745 1485 carnem
771 1465 828 1484 non
851 1457 975 1485 habuerit

177 1511 271 1532 verum
284 1503 358 1539 quod
369 1510 432 1530 caro
450 1502 494 1529 illa
511 1510 566 1529 non
585 1501 712 1536 peccarit,
729 1500 776 1529 sed
801 1501 902 1529 similis
917 1506 976 1530 erat

177 1548 317 1584 peccatrici
338 1546 491 1575 secundum
512 1550 651 1580 naturam,
668 1553 724 1573 non
745 1545 896 1574 secundum
917 1554 974 1574 ma-

178 1594 274 1621 litiam.
297 1590 540 1627 Quemadmodum
557 1591 638 1626 igitur
671 1590 726 1618 illic
751 1590 840 1618 simile
868 1595 921 1625 est,
941 1599 974 1619 eo

177 1637 251 1674 quod
264 1645 320 1665 non
333 1636 424 1664 omnia
439 1636 493 1663 sint
508 1635 621 1671 aequalia
638 1644 644 1661 ε
667 1634 707 1662 sic
731 1639 757 1662 et
783 1634 825 1662 hic
845 1635 975 1663 similitu-

179 1683 270 1710 dinem
285 1681 361 1715 dicit,
385 1680 460 1717 quod
480 1688 537 1708 non
555 1680 592 1708 sit
605 1683 685 1707 natus
706 1687 739 1707 ex
759 1680 922 1715 concubitu,
949 1684 977 1708 et

179 1727 243 1763 quia
256 1727 284 1754 in
297 1734 361 1754 eum
373 1734 429 1754 non
443 1725 522 1754 cadat
546 1729 700 1761 peccatum,
721 1728 749 1752 et
768 1725 843 1760 quod
863 1733 919 1753 non
940 1725 977 1753 sit

181 1771 271 1799 nudus
291 1770 388 1799 homo.

216 1817 302 1845 Vens.
319 1818 346 1843 8.
361 1817 396 1845 Et
409 1816 503 1851 ﬁgura.
528 1816 650 1843 inventus
664 1816 695 1842 ut
714 1815 798 1842 homo.
814 1815 885 1849 Quia
901 1815 975 1843 dixe-

180 1866 233 1896 rat,
266 1863 392 1898 Seipsum
420 1861 588 1891 exinanivit,
620 1867 655 1888 ne
692 1860 923 1895 permutationem
951 1864 978 1887 et

181 1907 451 1936 transformationem
477 1905 618 1941 negotium
649 1912 709 1932 esse
733 1904 886 1939 arbitreris,
918 1905 978 1932 ait:

181 1954 298 1981 Manens
307 1951 379 1987 quod
392 1955 461 1984 erat,
478 1949 624 1985 assumpsit
637 1949 711 1985 quod
728 1957 783 1977 non
799 1954 869 1981 erat.
883 1953 979 1977 natura

183 2005 237 2025 non
255 1997 336 2025 estin
355 1995 428 2024 aliud
448 1999 563 2028 mutata,
578 1993 626 2022 sed
651 1994 678 2022 in
710 1993 797 2030 ﬁgura
819 1993 910 2023 factus
929 1998 980 2027 est,

183 2043 236 2071 hoc
254 2046 305 2076 est,
326 2041 354 2068 in
379 2048 461 2068 carne
481 2049 488 2067 :
513 2039 602 2067 carnis
621 2039 693 2066 enim
708 2043 751 2066 est
771 2038 895 2075 ﬁgurari.
912 2040 981 2067 (lum

183 2087 257 2114 enim
282 2086 404 2117 dixisset,
441 2086 572 2112 Formam
597 2085 671 2111 servi
690 2085 801 2118 accepit,
830 2091 915 2111 ausus
941 2088 983 2111 est

182 2131 296 2168 posthac
318 2135 346 2158 et
365 2129 440 2158 istud
455 2129 554 2163 dicere,
570 2132 701 2164 tanquam
721 2128 788 2155 illud
804 2128 876 2155 hisce
898 2128 980 2155 silen-

185 2176 256 2205 tium
273 2175 415 2204 indiceret.
432 2174 549 2202 Pulchre
561 2177 654 2201 autem
667 2173 745 2207 dixit,
769 2174 802 2200 Ut
812 2173 887 2200 homo
901 2182 909 2200 :
924 2180 982 2201 non

184 2222 261 2250 enim
275 2225 334 2249 erat
346 2228 418 2249 unus
428 2228 462 2248 ex
474 2219 577 2251 multis,
591 2217 650 2252 sed,
665 2218 739 2246 velut
749 2225 820 2245 unus
829 2225 863 2245 ex
876 2217 982 2245 multis.

184 2268 248 2294 Non
261 2266 334 2294 enim
344 2266 371 2293 in
386 2264 528 2293 hominem
542 2263 668 2291 transivit
682 2264 757 2290 Deus
779 2262 918 2296 Verbum;
934 2262 982 2291 sed

185 2311 267 2340 veluti
279 2311 363 2339 homo
384 2310 508 2346 apparuit
528 2318 534 2336 :
551 2316 583 2336 ac
604 2307 786 2344 inﬁgurabilis
809 2315 876 2335 cum
899 2311 981 2341 esset,

186 2356 237 2384 sub
261 2355 378 2391 ﬁguram
394 2353 485 2382 factus
502 2357 556 2381 est.
585 2352 715 2380 Nonnulli
745 2356 837 2380 autem
852 2351 924 2380 hunc
949 2351 983 2380 ad

187 2399 300 2428 modum
319 2398 488 2434 interpretati
503 2401 567 2426 sunt
590 2397 662 2425 istud
691 2408 696 2425 :
724 2399 827 2432 Figura
845 2398 981 2430 inventus,

188 2450 317 2481 tanquam
325 2444 386 2480 jam
402 2450 465 2471 vere
479 2443 575 2475 homo.
594 2441 709 2478 perinde
729 2449 760 2470 ac
772 2442 850 2470 divus
863 2443 985 2470 Joannes

187 2490 226 2518 ait
239 2499 246 2517 :
257 2490 378 2518 Gloriam
392 2491 523 2523 tanquam
539 2488 680 2522 Unigemti
693 2495 710 2514 a
720 2488 802 2514 Patre
811 2493 823 2506 ε
849 2496 856 2514 :
868 2486 920 2514 hoc
932 2490 983 2520 est,

185 2535 297 2571 qualem
311 2533 388 2562 decet
402 2533 502 2561 habere
525 2531 720 2568 Unigenitum.
748 2532 890 2566 Tanquam
909 2531 984 2559 enim

185 2579 360 2614 adverbium,
381 2586 446 2607 cum
457 2576 659 2606 dubitationem
676 2575 823 2611 signiﬁcat,
840 2578 900 2604 tum
914 2584 983 2604 con-

188 2625 385 2654 ﬁrmationem.

221 2694 232 2706 '
244 2689 324 2717 Joan.
340 2695 362 2722 l,
383 2689 428 2715 14.

1028 1415 1072 1448 κὸ;
1101 1414 1277 1454 duom-da“)
1313 1415 1341 1442 οὗ
1371 1415 1449 1443 τοῦτο
1475 1412 1564 1451 λέγει,
1595 1409 1636 1440 ὅτι
1663 1410 1756 1450 σάρκα
1785 1411 1831 1439 οὐκ

1030 1455 1115 1499 εἶχεν,
1139 1460 1198 1489 ἀλλ’
1213 1458 1253 1488 ὅτι
1279 1461 1296 1494 ἡ
1321 1457 1386 1497 σὰρξ
1413 1457 1500 1492 ἐκείνη
1526 1457 1577 1496 οὐχ
1603 1455 1744 1494 ἥμαρτεν,
1771 1455 1833 1483 ἀλλ’

1030 1506 1108 1543 ὁμοία
1121 1499 1154 1539 ἧν
1213 1503 1366 1543 ἁμαρτολλῷ
1380 1502 1450 1531 κατὰ
1465 1501 1513 1537 τὴν
1530 1501 1607 1541 φύσιν
1620 1522 1628 1535 ,
1651 1500 1682 1529 οὖ
1695 1499 1770 1528 κατὰ
1786 1499 1835 1533 τὴν

1029 1549 1136 1579 κακίαν.
1153 1547 1264 1587 ⁶Ωσπερ
1277 1542 1321 1577 οὖν
1342 1548 1397 1576 ἐκεῖ
1411 1547 1441 1576 τὸ
1455 1546 1545 1585 ὅμοιον
1557 1568 1565 1583 ,
1579 1545 1622 1574 διὰ
1637 1545 1668 1574 τὸ
1684 1544 1722 1583 μὴ
1742 1543 1833 1572 πάντα

1030 1589 1096 1623 εἶναι
1118 1587 1168 1622 ἶσα
1180 1603 1187 1610 ·
1208 1592 1278 1621 οὕτω
1292 1592 1336 1620 καὶ
1356 1592 1467 1621 ἐνταῦθα
1482 1591 1512 1620 τὸ
1527 1590 1666 1628 ὁμοίωμα,
1682 1589 1730 1618 διὰ
1745 1589 1776 1617 τὸ
1793 1589 1830 1626 μὴ

1031 1639 1060 1668 ἐκ
1075 1636 1211 1670 συνουσίας
1231 1639 1359 1676 τεχθῆναι
1370 1660 1376 1672 ,
1402 1635 1447 1665 διὰ
1467 1635 1497 1665 τὸ
1513 1635 1718 1675 ἀναμάρτητον,
1744 1634 1790 1663 διὰ
1804 1633 1834 1662 τὸ

1032 1682 1068 1721 μὴ
1084 1682 1160 1722 ψιλὸν
1175 1682 1311 1721 ἄνθρωπον
1326 1676 1406 1712 εἶναι.

1072 1833 1084 1844 ιι
1111 1819 1164 1849 Καὶ
1179 1817 1300 1858 σχήματι
1324 1817 1438 1857 εὑρεθεὶς
1460 1818 1496 1851 ὡς
1511 1817 1654 1857 ἅνθρωπος.
1674 1829 1687 1841 ιι
1714 1815 1827 1851 Ἐπειδὴ

1032 1859 1106 1893 εἶπεν
1118 1886 1125 1899 ,
1140 1863 1180 1892 ὅτι
1193 1876 1207 1889 ι
1219 1863 1367 1892 Ἐχένωσεν
1383 1862 1475 1892 ἑαυτὸν
1487 1884 1495 1899 ,
1514 1876 1527 1888 ν
1551 1861 1597 1890 ἵνα
1620 1861 1657 1899 μὴ
1677 1860 1832 1900 μεταϐολὴν

1032 1909 1142 1948 νομίσῃς
1168 1908 1198 1938 τὸ
1213 1913 1325 1948 πρᾶγμα
1350 1907 1395 1937 καὶ
1419 1906 1606 1944 μετάπτωσιν,
1631 1906 1698 1946 φησί
1712 1918 1719 1924 ·
1739 1905 1835 1935 Μένων

1035 1954 1047 1983 ὃ
1063 1949 1093 1988 ἦν
1104 1975 1111 1989 ,
1129 1952 1223 1982 ἔλαϐεν
1238 1953 1252 1982 ὃ
1267 1954 1314 1982 οὐχ
1329 1949 1370 1989 ἦν.
1392 1953 1455 1991 Οὗχ
1470 1954 1487 1987 ἡ
1504 1951 1578 1992 φύσις
1594 1951 1757 1988 μετέπεσεν,
1774 1951 1834 1978 ἀλλ’

1037 1999 1063 2026 ἐν
1091 1997 1212 2037 σχήματι
1236 1998 1356 2035 ἐγένετο,
1384 1996 1538 2034 τουτέστιν,
1561 1997 1587 2025 ἔν
1616 1995 1714 2035 σαρκί·
1739 1994 1836 2035 σαρκὸς

1037 2042 1087 2082 γὰρ
1156 2042 1354 2081 ἐσχηματίσθαι
1369 2041 1405 2071 ⁷⁵.
1425 2040 1535 2076 Ἐπειδὴ
1551 2040 1603 2080 γὰρ
1617 2035 1676 2069 εἶπε
1689 2063 1698 2078 ,
1714 2039 1832 2079 Μορφὴν

1037 2088 1128 2116 δούλου
1152 2086 1262 2123 ἔλαϐεν,
1286 2086 1417 2126 ἐθάρσησε
1442 2085 1533 2115 λοιπὸν
1556 2085 1601 2114 καὶ
1631 2087 1709 2114 τοῦτο
1739 2085 1836 2126 sine},

1038 2133 1072 2165 ὥς
1096 2131 1196 2160 ἐκείνου
1227 2133 1312 2160 ταῦτα
1339 2130 1562 2168 ἐπιστομίζοντος.
1592 2130 1691 2162 Καλῶς
1725 2129 1755 2158 δὲ
1781 2124 1837 2157 εἶπε

1037 2176 1085 2214 τὸ,
1107 2189 1120 2202 ιι
1138 2175 1184 2208 Ὡς
1201 2176 1348 2215 ἄνθρωπος.
1366 2185 1380 2204 n
1400 2176 1441 2205 Οὗ
1455 2174 1507 2214 γὰρ
1530 2169 1562 2210 ἧν
1579 2169 1614 2207 εἶς
1633 2175 1689 2202 τῶν
1710 2174 1834 2208 πολλῶν,

1039 2221 1097 2249 ἀλλ’
1113 2221 1148 2254 ὡς
1162 2215 1198 2254 εἶς
1221 2222 1273 2249 τῶν
1294 2221 1401 2249 πολλῶν
1415 2231 1422 2238 ·
1445 2219 1474 2248 οὖ
1497 2218 1547 2258 γὰρ
1564 2219 1599 2251 εἷς
1614 2218 1758 2257 ἄνθρωπον
1775 2229 1837 2255 μετ-

1036 2264 1130 2294 έπεσεν
1165 2267 1178 2294 ὃ
1197 2265 1265 2298 Θεὸς
1293 2264 1396 2302 Λόγος,
1422 2264 1483 2292 ἀλλ’
1505 2265 1540 2296 ὣς
1568 2263 1705 2302 ἄνθρωπος
1735 2263 1837 2302 Each/11'

1037 2309 1082 2339 καὶ
1098 2309 1297 2349 ἀσχημάτιστος
1319 2307 1371 2345 ὢν,
1395 2308 1446 2338 ὑπὸ
1465 2309 1559 2347 σχῆμα
1577 2307 1691 2345 ἐγένετο.
1709 2307 1791 2349 Tw}:
1807 2306 1834 2335 δὲ

1036 2353 1120 2387 οὕτως
1132 2346 1303 2393 ἧρμήνευσαν
1317 2365 1323 2371 ·
1348 2367 1360 2379 σι
1372 2351 1426 2383 Καὶ
1439 2346 1558 2391 σχήματι
1570 2352 1698 2391 εὑρεθεὶς,
1713 2365 1725 2376 -
1743 2346 1786 2380 οἶα
1804 2350 1832 2385 δὴ

1038 2398 1173 2438 ἄνθρωπος
1188 2399 1306 2435 άληθῶς,
1328 2397 1398 2427 καθὰ
1412 2397 1457 2426 καὶ
1473 2396 1596 2432 Ἰωάννης
1610 2397 1681 2435 λέγει
1700 2407 1706 2414 ·
1722 2410 1735 2422 ιι
1754 2396 1835 2429 Δόξαν

1039 2445 1075 2476 ὡς
1103 2446 1257 2483 μονογενοῦς
1282 2441 1358 2482 παρὰ
1386 2441 1492 2481 Πατρός
1517 2453 1523 2459 -
1552 2455 1565 2467 1
1596 2440 1653 2469 ἀντὶ
1686 2442 1750 2477 τοῦ,
1781 2439 1833 2469 οἵαν

1039 2487 1135 2526 πρέπει
1150 2488 1218 2527 ἔχειν
1231 2487 1274 2516 τὸν
1289 2488 1437 2526 Μονογενῆ.
1451 2487 1492 2516 Τὸ
1507 2485 1568 2526 γὰρ,
1581 2499 1592 2511 ει
1607 2484 1666 2522 Ὡς,
1681 2499 1694 2511 ι
1710 2484 1834 2523 σημαίνει

1039 2532 1085 2562 καὶ
1102 2532 1264 2571 δισταγμὸν,
1280 2531 1406 2571 σημαίνει
1420 2529 1637 2570 χαὶξβεϐαίωσιν.

881 2720 974 2753 Varia:
997 2722 1146 2753 lectiones.

220 2796 240 2814 ⁷¹
253 2797 315 2824 διότι
329 2804 355 2824 ο.
394 2794 416 2812 ¹¹¹
429 2793 489 2820 αὐτο
506 2801 532 2821 ο.
573 2792 596 2811 ⁷³
607 2796 686 2829 κυρῶν
701 2801 728 2822 o.
768 2791 789 2810 ⁷⁸
804 2793 846 2819 καὶ
859 2801 886 2821 ο.
924 2793 948 2810 ⁷⁵
962 2793 1160 2828 σχηματίζεσθαι
1175 2801 1204 2822 o.

1875 1288 1878 1319 ι

1876 1334 1883 1392 ί

1876 1419 1882 1473 Ι

1877 1499 1884 1546 Ι
