1886 3082
18 157 60 182 65

445 153 622 182 EXPOSlTlO
641 153 673 180 IN
692 151 798 181 EPIST.
813 153 858 180 AD
879 154 1017 181 PHILlPP.
1037 169 1072 174 —
1091 155 1163 182 CAP.
1185 156 1217 183 ll.

1572 159 1640 185 1166

21 232 37 244 ι
73 217 273 248 Ἐταπείνωσεν
299 216 408 253 ἑαυτὸν,
432 216 570 255 γενόμενος
595 216 710 252 fin-6x00;
740 214 811 253 μίη

894 215 1038 244 Iumiliavit
1052 219 1238 253 semetipsum,
1252 219 1341 252 factus
1359 219 1484 247 obediens
1505 227 1588 255 usque
1604 221 1642 248 ad

19 275 28 291 ι
64 263 199 299 θανάτου,
229 262 342 292 θανάτου
372 261 398 291 δὲ
429 263 586 301 σταυροῦ.»
622 261 708 291 Πάλιν
740 260 790 298 τὸ,

15 307 220 338 Ἐταπείνωσεν
237 306 329 336 ἑαυτὸν
345 329 352 343 ,
373 315 388 335 3)
409 305 454 335 ἵνα
471 309 508 344 μή
531 307 566 339 ὡς
583 305 656 335 ἄκων
677 306 790 344 νομισθῇ

15 351 208 391 γκαταϐἧναι.
251 351 353 390 Ἀλλὰ,
379 351 458 392 φασὶν
489 352 513 380 οἱ
540 350 683 392 ᾈρειανοὶ,
713 349 790 389 ἰδοὺ,

15 398 104 432 ήκοος
129 397 246 436 λέγεται.
276 397 331 426 Καὶ
366 396 391 425 τί
419 398 515 432 τοῦτο,
545 390 568 425 ὦ
594 395 717 432 ἀνόητοι;
745 394 791 424 καὶ

15 454 73 475 ’νοις
98 441 286 480 ὓπακούομεν,
311 441 357 470 καὶ
378 440 451 470 οὐδὲν
475 442 553 470 τοῦτο
577 440 701 473 ἐλάττους
721 443 791 469 ποιεῖ

15 492 70 519 μᾶς.
87 486 136 520 Ὡς
151 487 214 520 Υἱὸς
233 485 320 525 "arpi
335 485 486 521 ὑπήκουσεν
508 484 574 514 ἑκὼν
585 508 592 521 ,
619 484 667 513 καὶ
690 486 717 513 ἐν
732 483 792 513 τού-

15 546 20 560 »
42 533 122 571 αὐτῷ
137 530 238 564 δεικνὺς
258 529 306 566 τὴν
331 530 512 569 γνησιότητα·
537 530 592 559 υἱοῦ
614 529 666 569 γὰρ
681 528 793 568 γνησίου

32 581 121 616 τιμᾷν
146 576 190 606 τὸν
216 575 330 614 πατέρα.
356 574 430 614 ιὈριιι
460 574 487 604 δὲ
511 573 645 608 ἐπιτάσεις
661 586 667 593 ·
696 575 794 607 Δοῦλος

17 622 96 651 ἑνετο
109 645 118 657 .,
136 621 204 652 ἀλλὰ
226 620 271 650 καὶ
292 620 403 649 θάνατον
425 619 531 654 ἐδέξατο
545 630 551 637 “
563 618 609 648 καὶ
633 619 662 648 τὸ
681 619 721 648 ἔτι
734 618 794 648 τού-

18 680 34 696 υ
53 668 158 703 μεῖζον,
175 665 364 695 ἐπονείδιστον.
376 678 387 691 ι
396 664 522 695 Θανάτου
531 678 541 690 ι
552 664 603 704 γὰρ
618 677 630 690 σ
646 665 772 703 σταυροῦ·
783 676 795 689 ι

19 712 134 748 υτέστι,
157 713 203 740 τοῦ
222 709 417 749 ἐπικαταράτου
432 731 440 746 ,
464 711 510 738 τοῦ
525 713 578 742 τοῖς
603 708 710 747 ἀνόμοις
742 709 794 748 ἄφ-

15 755 159 796 ρισμένου.

34 812 50 828 η
70 801 123 830 Διὸ
138 799 183 829 καὶ
198 801 212 828 ὁ
235 798 303 831 Θεὸς
328 799 406 828 αὐτὸν
433 798 608 839 ὕπερύψωσι,
633 798 680 827 καὶ
703 797 795 838 ἐχαρί-

15 858 60 875 ιτο
77 846 153 885 αὐτῷ
173 844 274 881 ὄνομα,
291 843 322 873 τὸ
337 844 401 883 ὑπὲρ
422 848 476 873 πᾶν
497 843 592 882 ὄνομα.
611 853 626 871 n
644 841 732 873 ζὈτοιν
748 845 794 879 τῆς

846 263 965 293 mortem,
976 265 1088 290 mortem
1098 265 1189 290 autem
1201 264 1297 290 crucis.
1313 264 1434 291 Rursum
1448 263 1516 292 dicit
1530 285 1537 298 ,
1547 266 1642 292 Humi-

846 306 923 334 Iiavit
939 314 1005 338 sese,
1027 315 1061 334 ne
1080 307 1152 335 velut
1176 307 1276 335 invitus
1299 307 1498 337 obsecundasse
1516 313 1636 345 putetur.

846 353 892 385 At,
907 351 1003 379 dicunt
1015 351 1122 384 Ariani,
1145 359 1219 385 ecce,
1239 352 1369 380 obediens
1393 352 1502 381 dicitur.
1525 355 1561 381 At
1575 354 1640 390 quid

847 395 909 430 hoc,
923 403 941 424 0
954 396 1107 432 insipientes
1129 397 1223 424 PNam
1243 401 1271 424 et
1293 396 1390 425 amicis
1419 397 1573 432 obedimus,
1590 407 1642 427 nec

846 441 994 477 quicquam
1005 440 1074 469 illud
1086 440 1248 477 dignitatem
1267 446 1391 470 nostram
1408 442 1558 471 imminuit.
1571 444 1642 471 Tan-

848 493 930 521 quam
943 486 1027 514 Filius
1040 486 1113 514 Patri
1126 491 1224 522 sponte
1245 486 1360 521 obcdiit,
1374 490 1456 523 atque
1472 487 1502 515 in
1516 487 1569 516 hoc
1582 487 1642 524 ipso

847 529 948 558 indicat
972 539 1001 559 se
1019 539 1078 559 esse
1093 531 1244 568 genuinum
1282 541 1288 559 :
1304 532 1417 567 genuini
1441 532 1517 560 enim
1537 532 1584 560 ﬁlii
1603 536 1645 560 est

849 579 956 610 patrem
979 575 1083 604 honore
1115 575 1232 604 afﬁcere.
1261 576 1456 604 Animadverte
1482 580 1577 605 autem
1600 577 1645 605 hic

849 620 984 656 (-pitases:
998 621 1098 649 Servus
1111 620 1200 649 factus
1211 625 1253 649 est
1268 630 1275 649 :
1289 615 1438 657 quinetiam
1455 625 1574 650 mortem
1587 629 1646 650 sus—

849 666 920 702 ('cpit
933 675 940 692 :
958 669 985 694 et
999 665 1075 702 quod
1083 665 1135 694 hoc
1145 665 1235 694 adhuc
1246 666 1336 702 majus
1347 670 1399 700 est,
1414 666 1625 703 ignominiosam
1638 676 1644 694 :

852 714 961 738 mortem
979 710 1052 739 enim
1071 713 1168 742 crucis,
1190 711 1242 739 hoc
1264 716 1316 745 est,
1329 710 1537 747 cxsecrandam,
1559 713 1646 741 scele-

852 756 918 783 ratis
930 755 1107 784 destinatam.

887 801 972 828 VEBS.
987 803 1014 828 9.
1028 802 1143 836 Propter
1160 801 1233 836 quod
1251 803 1277 828 et
1289 803 1359 829 Deus
1372 802 1504 830 exultavit
1514 803 1604 835 illum,
1623 805 1649 830 et

853 846 961 873 donauit
975 846 1019 873 illi
1028 853 1121 873 nomen
1131 846 1203 880 quod
1214 848 1253 873 est
1265 853 1345 881 super
1355 854 1430 874 omne
1439 855 1544 875 nomen.
1557 849 1648 884 Quan-

15 890 94 930 ιρκὸς
107 888 268 924 ἐπιλάϐηται
277 890 291 918 ὁ
303 889 421 924 Παῦλος,
436 889 517 921 ἀδεῶς
528 887 561 916 τὰ
576 887 691 917 ταπεινὰ
707 887 795 915 πάντα

907 889 994 916 carnis
1008 889 1177 917 mentionem
1191 889 1256 917 facit
1270 890 1379 924 Paulus,
1397 890 1533 926 intrepide
1553 892 1647 919 omnia

15 935 159 973 ὀέγγεται,
177 935 212 966 ὣς
233 935 279 969 τ’ἦς
295 933 392 972 σαρκός
412 935 496 962 ταῦτα
520 933 676 972 δεχομένης.
702 931 795 964 Οὕτως

15 977 38 1008 iv
55 980 133 1013 δέξαι
153 980 238 1008 ταῦτα
256 977 318 1016 περὶ
338 979 385 1013 τῆς
402 977 511 1017 σαρκὸς,
534 978 661 1015 μηδαμοῦ
686 977 795 1015 διαιρῶν

15 1038 37 1053 »ν
54 1024 107 1053 ἕνα
123 1023 247 1062 Χριστόν.
264 1023 345 1052 Ποῖον
359 1021 386 1050 δὲ
404 1021 434 1050 τὸ
448 1022 573 1061 χαρισθὲν
590 1022 676 1060 ὄνομα
695 1023 727 1060 τῇ
747 1022 794 1050 ἆν-

15 1070 120 1107 ;ωπίνῃ
147 1067 221 1107 φύσει
236 1069 282 1096 τοῦ
299 1066 354 1100 ἑνὸς
378 1065 509 1106 Χριστοῦ;
523 1066 578 1103 Τὸ,
594 1080 607 1092 α
626 1066 705 1102 Υἱὸς,
722 1079 734 1092 ι
750 1065 796 1102 1‘0,

19 1114 105 1146 Θεός.
122 1126 133 1139 κ
147 1112 201 1142 Καὶ
215 1112 266 1150 γὰρ
280 1113 293 1140 ὁ
305 1111 440 1151 ἄνθρωπος
456 1111 518 1144 Υἱὸς
527 1112 614 1148 Θεοῦ,
629 1110 715 1143 καθὼς
726 1109 772 1140 καὶ
782 1111 796 1139 ὁ

15 1159 111 1197 γγελος
141 1152 198 1186 εἷπε
212 1167 218 1172 ·
253 1167 266 1185 α
288 1156 340 1186 Καὶ
369 1156 398 1185 τὸ
421 1155 582 1195 γεννώμενον
614 1155 688 1194 ἅγιον
732 1156 797 1191 κλη-

15 1205 114 1238 νξσεται
130 1202 192 1234 Υἱὸς
207 1203 287 1230 Θεοῦ.
300 1211 314 1228 ι)

42 1259 55 1275 (ι
79 1245 143 1276 Ἵνα
169 1246 195 1274 ἐν
216 1246 253 1284 τῷ
270 1244 380 1282 ὀνόματι
401 1243 491 1279 Ἰησοῦ
517 1249 571 1274 πᾶν
596 1244 659 1284 γόνυ
682 1243 795 1284 κάμψῃ,

15 1290 178 1331 τῖυρανίων,
190 1290 235 1320 καὶ
252 1289 385 1327 ἐπιγείων,
405 1288 451 1318 καὶ
474 1289 669 1328 καταχθονίων.
684 1303 696 1315 ιι
709 1290 796 1318 Τοῦτ-

15 1349 94 1372 ςτιν,
122 1338 136 1366 ὃ
158 1334 254 1373 κόσμος
270 1338 338 1370 πᾶς,
362 1334 407 1363 καὶ
432 1332 556 1373 ἄγγελοι,
577 1334 622 1363 καὶ
649 1333 796 1374 ἄνθρωποι,

16 1382 43 1410 αἰ
63 1379 187 1419 δαίμονες
198 1391 204 1398 ·
219 1379 236 1414 ἢ
259 1379 299 1408 δτι
315 1378 360 1407 καὶ
373 1379 397 1408 οἱ
413 1377 510 1407 δίκαιοι
532 1378 577 1408 καὶ
591 1379 614 1408 οἳ
630 1378 796 1419 ἁμαρτωλοί.

15 1427 57 1456 ἰαὶ
89 1425 213 1463 δαίμονες
237 1423 287 1463 γὰρ
305 1422 512 1461 ἐπιγνώσονται,
540 1423 585 1452 καὶ
602 1423 708 1457 ἄκοντες
734 1425 799 1452 ὓπο-

18 1470 192 1506 λιθῆσονται,
208 1468 295 1498 οὐκέτι
310 1470 342 1508 τῇ
360 1468 470 1507 ἀληθείᾳ
496 1468 718 1508 οὶντιμαχόμενοι,
735 1466 761 1497 οἵ
771 1480 801 1507 γι

15 1516 49 1545 καὶ
77 1514 130 1553 πρὸ
153 1517 199 1543 τοῦ
224 1515 315 1552 καιροῦ
341 1512 441 1542 ἐκείνου
458 1511 547 1550 ἔλεγον
563 1524 570 1531 ·
590 1523 604 1541 tt
629 1512 752 1551 Οἴδαμέν
773 1525 802 1542 σε

20 1560 40 1592 ἔς
61 1554 95 1589 εἷ.
113 1571 128 1586 ιι

42 1618 57 1630 α
85 1603 141 1634 Καὶ
156 1608 231 1633 πᾶσα
254 1604 364 1641 γλῶσσα
387 1602 625 1641 ἐξομολογήσεται,
647 1601 686 1632 ὅτι
702 1602 802 1642 Κύριος
819 1595 840 1624 (Ῑ

15 1651 113 1685 Ιησοῦς
138 1648 253 1688 Χριστὸς
280 1649 316 1680 εἷς
342 1646 418 1681 δόξαν
444 1646 562 1686 Πατρός.
590 1660 602 1673 ι
634 1646 796 1682 Τουτέστιν,

16 1707 45 1723 ια
72 1693 169 1727 πάντες
184 1695 262 1722 τοῦτο
289 1691 399 1720 εἴπωσιν
416 1691 463 1710 ⁷⁵⁴
482 1714 491 1728 ,
510 1692 550 1720 ὅτι
575 1691 672 1731 Κύριος
697 1691 803 1726 Ἰησοῦς

15 1737 139 1777 ἱριστὸς,
164 1738 262 1777 Κύριος
284 1736 329 1766 καὶ
349 1735 417 1769 Θεός
437 1737 503 1766 ἐστι.
522 1737 610 1766 Τοῦτο
622 1736 651 1777 ξὲ
668 1735 730 1770 δόξα
746 1736 803 1766 ἐστὶ

17 1776 47 1813 οῦ
78 1776 213 1821 Πατρὸς,
227 1783 268 1811 ὅτι
290 1783 405 1810 τοιοῦτον
431 1780 486 1820 ἔχει
509 1780 591 1817 Υἱὸν,
616 1776 638 1820 ᾧ
661 1780 695 1809 τὰ
715 1780 803 1810 πάντα

20 1826 205 1857 ττοκλίνονται.
235 1825 342 1866 Ὁρᾷς,
367 1824 407 1854 ὅτι
430 1828 447 1861 ἡ
473 1825 618 1865 ἀνάῤῥησις
643 1827 688 1854 τοῦ
713 1827 803 1856 Μονο-

15 1874 97 1905 ’Ξνοῖῖς
118 1871 179 1905 δόξα
202 1870 258 1901 ἐστὶ
282 1872 326 1900 τοῦ
353 1870 473 1910 Πατρός;
496 1868 584 1899 ⁷Ωστε
613 1870 764 1899 τούναντίον
787 1874 802 1906 ἡ

17 1916 153 1949 ι.αἶττωσις
165 1917 243 1945 αὐτοῦ
252 1937 260 1953 ,
278 1914 370 1952 ἀτιμία
382 1916 428 1944 τοῦ
445 1914 561 1954 Πατρός.

52 1972 68 1990 ct
81 1960 186 1997 "ﬂore,
208 1959 343 1999 ἀγαπητοί
365 1971 414 1998 μου
425 1982 433 1996 ,
450 1959 536 1992 καθὼς
560 1958 673 1988 πάντοτε
689 1958 806 1994 ὑπηκού-

15 2018 84 2036 ¹ῑιτε.
99 2018 112 2031 ι
121 2004 178 2039 Τὰς
189 2003 356 2044 παραινέσεις
371 2004 439 2042 μετὰ
450 2003 587 2043 ἐγκωμίων
601 2004 640 2032 δεῖ
651 2006 785 2033 ποιεῖσθαι
797 2015 804 2022 ·

18 2051 76 2080 ῖὶτω
115 2051 166 2089 γὰρ
192 2049 383 2089 εὖπαράδεχτοι
415 2048 544 2087 γίνονται.
576 2048 624 2078 Διὸ
649 2048 698 2077 καὶ
729 2048 806 2082 αὐτὸς

15 2094 104 2128 ιῦτοῦς
113 2094 284 2133 ἐγκωμιάζει,
297 2093 450 2132 ἄγαπητοὺς
466 2094 568 2131 καλῶν,
580 2093 636 2130 καὶ,
651 2107 663 2119 ιι
676 2093 785 2129 Καθὼς,
795 2107 807 2119 υ

15 2139 91 2175 mai,
119 2152 132 2165 ι
146 2139 258 2168 πάντοτε
286 2138 454 2174 ὑπηκούσατε
474 2149 480 2156 ·
501 2149 516 2167 ο
545 2141 620 2167 τοῦτο
646 2137 744 2176 λέγων,
767 2137 809 2167 ὅτι

18 2183 119 2218 Εδειξα
133 2186 212 2222 ὑμῖν,
227 2182 269 2212 ὅτι
289 2186 303 2213 ὁ
326 2183 390 2215 Υἱὸς
410 2185 456 2212 τοῦ
472 2184 542 2214 Θεοῦ
558 2182 674 2218 ὑπήκοος
697 2181 788 2221 γέγονε
801 2195 807 2202 ’

854 933 969 961 humilia
991 933 1120 970 loquitur,
1146 938 1276 970 tauquam
1299 942 1364 962 caro
1377 935 1435 962 haec
1455 935 1576 970 recipiat.
1603 936 1648 963 Sic

850 977 932 1014 igitur
946 977 1004 1006 haec
1014 977 1049 1006 de
1061 986 1143 1006 carne
1169 979 1270 1015 accipe,
1293 978 1378 1016 440
1401 987 1538 1016 nusquam
1562 988 1647 1008 unum

851 1022 990 1050 Christum
1003 1022 1137 1050 dividens.
1158 1023 1243 1059 Quale
1266 1027 1359 1052 autem
1384 1031 1485 1052 nomen
1510 1024 1647 1052 donatum

849 1071 891 1095 est
914 1067 1045 1095 humanae
1066 1071 1171 1096 naturae
1190 1068 1270 1096 unius
1297 1068 1417 1096 Christi?
1444 1068 1538 1102 Filius,
1560 1070 1645 1097 Deus.

852 1112 960 1140 Etenim
983 1112 1068 1140 homo
1086 1112 1171 1140 Filius
1197 1113 1258 1146 Dei,
1274 1113 1508 1149 quemadmodum
1535 1113 1649 1149 angelus

851 1157 921 1185 dixit
937 1166 942 1184 :
959 1158 994 1185 Et
1009 1157 1081 1192 quod
1095 1160 1222 1185 nascetur
1247 1160 1378 1190 sanctum,
1397 1158 1483 1186 Filius
1507 1159 1557 1186 Dei
1567 1166 1648 1186 voca-

853 1202 927 1229 bitur
940 1203 949 1223 ί
964 1224 971 1230 .

891 1248 979 1275 Vens.
1002 1247 1043 1274 10.
1068 1248 1102 1275 Ut
1125 1248 1153 1274 in
1166 1248 1271 1275 nomine
1287 1249 1348 1275 Jesu
1364 1247 1467 1276 Christi
1486 1256 1562 1276 omne
1581 1256 1652 1283 genu

853 1294 975 1326 [luctatur
995 1291 1141 1319 cwlestium
1165 1300 1198 1319 ac
1232 1294 1401 1320 terrestrium
1424 1295 1448 1320 et
1470 1294 1652 1327 infernarum.

856 1338 916 1364 Hoc
927 1341 979 1370 est,
991 1336 1134 1364 universus
1148 1337 1270 1364 mundus
1285 1341 1314 1365 et
1332 1338 1421 1373 angeli
1437 1341 1465 1365 et
1485 1338 1612 1366 homines
1626 1342 1654 1366 et

855 1381 1010 1414 daemones;
1029 1382 1070 1409 vel
1085 1381 1159 1417 quod
1179 1385 1207 1409 et
1217 1381 1284 1417 justi
1304 1385 1331 1409 et
1348 1387 1514 1417 peccatores.
1537 1383 1609 1410 Nam
1624 1387 1651 1411 et

856 1427 996 1455 daemones
1015 1431 1174 1462 agnoscent,
1189 1430 1217 1454 et
1228 1426 1303 1455 inviti
1319 1427 1505 1462 inﬂectentur,
1521 1436 1577 1456 non
1591 1436 1654 1456 am-

858 1472 927 1507 plius
943 1471 1050 1500 veritati
1065 1475 1260 1507 repugnantes,
1275 1471 1321 1507 qui
1332 1476 1360 1500 et
1379 1476 1441 1500 ante
1455 1476 1564 1508 tempus
1583 1472 1652 1501 illud

858 1515 985 1544 dicebant
1001 1526 1007 1545 :
1023 1516 1151 1543 Norimus
1164 1518 1190 1544 te
1204 1518 1255 1551 qui
1271 1517 1309 1544 sis
1322 1521 1337 1543 ε
1349 1537 1357 1545 .

892 1605 979 1633 Vsus.
1006 1608 1049 1632 ll.
1065 1607 1098 1633 Et
1110 1607 1196 1632 omnis
1215 1606 1308 1640 lingua
1322 1607 1488 1641 conﬁteatur,
1510 1606 1581 1641 quod
1601 1608 1655 1635 Do-

855 1651 944 1677 minus
961 1650 1037 1678 Jesus
1049 1650 1173 1678 Christus
1187 1653 1226 1677 est
1235 1651 1265 1677 in
1279 1651 1393 1685 gloriam
1408 1652 1455 1678 Dei
1477 1652 1582 1679 Patris.
1597 1651 1658 1679 Hoc

856 1699 907 1728 est,
934 1698 966 1722 ut
991 1702 1089 1723 omnes
1115 1695 1167 1722 hoc
1188 1695 1289 1728 dicant,
1317 1695 1390 1731 quod
1418 1695 1552 1723 Dominus
1573 1697 1658 1723 .lesus

856 1739 980 1767 Christus
1005 1739 1140 1766 Dominus
1160 1743 1188 1766 et
1207 1741 1282 1767 Deus
1305 1744 1355 1767 est.
1370 1741 1436 1766 Haec
1453 1744 1546 1768 autem
1571 1740 1657 1776 gloria

857 1788 898 1811 est
912 1783 1011 1815 Patris,
1022 1783 1096 1818 quod
1107 1783 1267 1818 hujusmodi
1280 1782 1378 1810 habeat
1392 1783 1490 1810 Filium
1505 1784 1549 1810 cui
1563 1784 1656 1811 omnia

858 1828 1044 1856 inﬂectantur.
1061 1827 1266 1854 Animadvertis
1278 1827 1350 1863 quod
1369 1827 1538 1863 praeconium
1552 1828 1658 1864 Unige-

859 1873 907 1900 niti
920 1871 1004 1908 gloria
1029 1876 1070 1900 est
1089 1871 1195 1899 Patris?
1213 1871 1259 1899 Sic
1275 1871 1408 1900 ediverso
1420 1872 1581 1899 imminutio
1598 1872 1658 1908 ejus

858 1921 900 1945 est
909 1915 1058 1952 ignominia
1073 1916 1172 1944 Patris.

895 1964 985 1990 Vens.
1005 1963 1046 1988 12.
1061 1962 1165 1996 Itaque,
1183 1961 1275 1989 dilecti
1288 1962 1352 1995 mei,
1366 1962 1438 1989 sicut
1453 1969 1556 1996 semper
1568 1962 1657 1989 obedi-

859 2009 919 2034 stis.
941 2005 1154 2034 Adhortationcs
1181 2015 1245 2034 cum
1277 2006 1357 2034 laude
1383 2010 1411 2034 et
1427 2007 1572 2042 praeconiis
1600 2007 1650 2034 ﬁer

861 2050 990 2079 convenit
1007 2061 1013 2078 :
1030 2051 1068 2079 sic
1085 2051 1160 2079 enim
1176 2051 1207 2078 ﬁt
1236 2055 1267 2078 ut
1276 2050 1353 2079 facile
1379 2051 1542 2087 recipiantur
1566 2060 1573 2079 :
1593 2059 1659 2087 pro-

863 2101 954 2131 pterea
964 2096 1056 2132 etipse
1067 2103 1113 2124 eos
1125 2096 1254 2130 celebrat,
1265 2095 1380 2124 dilectos
1393 2104 1503 2129 vocans,
1516 2099 1553 2130 et,
1567 2096 1661 2130 Quem-

862 2141 1016 2175 admodum,
1052 2141 1152 2176 inquit,
1177 2148 1281 2175 semper
1317 2141 1473 2168 obcdivistis
1499 2151 1510 2167 :
1543 2140 1660 2176 perinde

863 2186 940 2221 quasi
953 2185 1036 2219 dicat,
1047 2185 1159 2213 Ostendi
1180 2185 1255 2212 vobis
1274 2184 1348 2220 quod
1361 2185 1446 2212 Filius
1464 2185 1515 2213 Dei
1529 2185 1661 2213 obedicns

15 2227 167 2267 ιιμήσασθε
196 2227 244 2267 μὲν
279 2223 324 2256 οῦν
361 2228 474 2266 ἐκεῖνον,
515 2227 668 2266 μιμήσασθε
707 2227 735 2256 δὲ
765 2228 809 2257 καὶ

894 2235 953 2258 ctus
971 2234 1013 2258 est
1026 2239 1033 2258 :
1048 2229 1192 2257 imitamini
1202 2229 1284 2266 igitur
1301 2229 1389 2262 illum,
1401 2229 1550 2257 imitamini
1566 2234 1660 2258 autem

15 2284 130 2306 le‘th.

52 2332 64 2344 ι
78 2316 127 2353 Μὴ
143 2318 178 2350 ὡς
199 2318 226 2347 ἐν
241 2318 273 2356 τῇ
289 2317 420 2357 παρουσίᾳ
445 2328 496 2356 μου
512 2317 590 2355 μόνον
601 2341 608 2352 ,
625 2315 695 2346 ἀλλὰ
717 2316 809 2358 πολλῷ

17 2363 116 2391 iano»;
140 2362 167 2390 ἐν
186 2362 220 2401 τῇ
244 2361 358 2401 ἀπουσίᾳ
383 2373 443 2398 μου.
462 2375 475 2388 ι»
495 2361 563 2392 Τότε
590 2360 638 2400 μὲν
661 2360 714 2401 γὰρ
742 2360 808 2395 ἴσως

15 2407 127 2437 Ξεοκεῖτε
152 2405 196 2435 διὰ
223 2406 271 2442 τὴν
292 2406 356 2446 πρὸς
382 2406 429 2445 ἐμὲ
454 2406 522 2436 atat.
546 2406 634 2436 πάντα
655 2406 781 2446 πράττειν
802 2417 809 2424 ·

15 2456 56 2481 νῦν
73 2450 101 2480 δὲ
117 2450 163 2480 ἐὰν
177 2451 243 2490 πρὸς
263 2451 359 2491 ἀρετὴν
376 2451 539 2488 ἐπιτείνητε,
563 2450 658 2485 δείξετε
671 2449 712 2480 ὅτι
728 2452 757 2480 οὐ
775 2452 809 2481 δι’

15 2496 62 2534 ἐμὲ
74 2518 82 2532 ,
99 2495 169 2525 ἀλλὰ
188 2495 232 2525 διὰ
246 2495 290 2524 τὸν
307 2495 387 2526 Θεόν,

57 2552 72 2568 α
95 2539 173 2570 Μετὰ
188 2539 271 2580 φόϐου
295 2540 341 2570 καὶ
368 2541 466 2581 τρόμου
480 2540 529 2576 τὴν
553 2541 652 2570 ἑαυτῶν
676 2540 809 2580 σωτηρίαν

15 2584 217 2624 κατεργάζεσθε.
232 2596 246 2613 »
271 2587 312 2615 Οὐ
333 2587 366 2614 δι’
381 2585 495 2624 ἐμαυτὸν
509 2585 545 2622 ⁷⁸,
561 2585 643 2625 φησὶ,
659 2587 810 2626 παρακαλῶ

18 2631 106 2668 ὑμᾶς,
132 2629 190 2658 ἀλλ’
217 2627 262 2658 ἵνα
283 2629 316 2659 τὰ
343 2630 407 2670 πρὸς
434 2629 480 2666 τὴν
516 2630 644 2670 ὑμετέραν
675 2630 809 2669 σωτηρίαν

51 2721 61 2742 ⁸
76 2725 149 2753 Luc.
163 2732 187 2758 ι,
204 2727 250 2753 35.
287 2726 300 2745 Β
314 2726 385 2754 Luc.
405 2733 450 2760 tv,
471 2728 517 2754 35.

866 2279 893 2303 et
910 2283 958 2302 vos
975 2275 1060 2310 ipsos.

901 2321 958 2349 Non
971 2323 1101 2354 tanquam
1118 2320 1143 2345 ίη
1160 2320 1305 2354 prcesentia
1320 2327 1379 2346 mea
1399 2319 1495 2352 solum,
1514 2319 1561 2347 sed
1578 2320 1663 2347 multo

865 2366 952 2401 potius
966 2366 994 2392 in
1014 2365 1134 2391 absentia
1149 2372 1216 2391 mea.
1232 2364 1305 2391 Tum
1327 2363 1401 2391 enim
1421 2363 1538 2392 fortasse
1559 2363 1663 2393 videre-

866 2409 931 2438 mini
951 2413 1063 2445 propter
1087 2408 1266 2436 reverentiam
1289 2415 1353 2444 erga
1376 2416 1421 2436 me
1445 2409 1539 2437 omnia
1562 2417 1664 2445 agere:

866 2463 938 2482 nunc
951 2458 1044 2482 autem
1066 2454 1088 2481 si
1104 2452 1139 2481 ad
1151 2453 1280 2481 virtutem
1299 2452 1456 2487 intendatis,
1479 2454 1667 2482 monstrabitis

866 2499 939 2535 quod
953 2506 1010 2527 non
1022 2503 1136 2534 propter
1150 2506 1208 2531 me,
1225 2497 1273 2525 sed
1292 2502 1404 2534 propter
1420 2499 1522 2526 Deum.

901 2545 966 2572 Cum
985 2545 1081 2571 timore
1098 2551 1130 2570 ac
1144 2545 1257 2571 tremore
1271 2545 1390 2570 vestram
1414 2544 1534 2577 ipsorum
1547 2541 1664 2569 salutem

865 2590 1023 2624 operemim'.
1039 2590 1102 2616 Non
1118 2593 1230 2624 propter
1247 2587 1393 2623 meipsum,
1419 2587 1520 2622 inquit,
1536 2586 1668 2614 adhortor

866 2641 926 2667 vos,
940 2633 988 2662 sed
1001 2637 1032 2662 ut
1046 2641 1078 2661 ea
1092 2641 1154 2669 quae
1169 2633 1203 2661 ad
1225 2637 1343 2660 vestram
1355 2631 1472 2659 salutem
1491 2634 1564 2664 sunt,
1583 2629 1669 2658 facia-

708 2772 804 2803 Variae
825 2772 975 2803 lectiones.

53 2818 98 2836 πη
112 2817 249 2855 χηρῦξωσιν
260 2825 305 2847 m.
338 2817 361 2835 π
375 2816 420 2844 ἐμὲ
436 2825 465 2846 o.
