1886 3082
259 165 325 191 tl67
724 158 981 187 THEOPHYLACTI
1002 157 1178 185 summus
1197 159 1352 188 meumr.
1414 142 1417 144 ⁷
1815 56 1865 221 ηριῖ

254 226 289 253 tis
299 232 363 253 cum
379 224 486 258 timore,
502 231 590 260 eoque
603 221 759 250 vehementi
773 226 799 250 et
812 222 931 255 intenso,
949 225 976 249 et
986 229 1028 249 CUI

1089 222 1196 257 ηπόιῆτε
1221 222 1288 260 μετὰ
1313 222 1410 263 φόϐου,
1436 223 1481 253 καὶ
1512 224 1602 254 τούτου
1623 226 1811 264 ἐπιτεταμένον,
1829 242 1849 257 ιιι

254 275 373 298 tremore
393 269 466 298 :sine
475 269 575 296 timore
586 275 707 303 namque
727 267 793 294 nihil
814 266 880 295 boni
897 266 1028 302 perﬁcitul

1104 265 1173 304 μετὰ
1196 267 1305 307 τρόμου.
1332 265 1408 298 Ἄνευ
1422 268 1474 308 γὰρ
1497 268 1580 308 φόϐου
1598 271 1674 300 οὐδὲν
1693 272 1782 310 ἀγαθὸν
1794 286 1851 304 καττι-

254 322 344 350 ueque
365 314 393 342 in
412 313 516 341 artibus
537 312 704 345 liberalibus,
720 319 808 347 neque
830 312 858 338 in
874 311 1028 339 mechanici:

1102 313 1194 341 θοῧται
1204 334 1212 349 ,
1227 311 1287 341 οὔτε
1313 313 1339 341 ἐν
1354 317 1411 346 ταῖς
1439 314 1557 352 λογικαῖς
1580 315 1705 354 τέχναις,
1725 316 1777 346 οὔτε
1791 319 1811 346 ἐν

253 359 401 394 Quomodo
412 362 505 386 autem
517 362 607 386 metus
618 357 790 393 perﬁcietur?
804 356 831 383 Si
844 356 1028 384 considerem:

1104 356 1254 395 βαναύσοις.
1279 359 1343 390 Πῶς
1367 357 1394 387 δὲ
1418 359 1431 387 ὁ
1457 357 1536 398 φόϐος
1561 361 1796 400 κατορθωθήσεταις
1813 362 1850 392 Ἔα,

253 404 328 440 quod
344 403 443 440 ubique
468 405 544 431 Deus
570 405 672 438 prasto
699 402 744 434 sit,
768 401 860 428 omnia
881 400 996 428 audiens
1021 409 1028 429 ι

1103 401 1266 440 ἐννοήσωμεν
1287 403 1326 431 δτι
1341 405 1478 442 πανταχοῦ
1495 404 1508 432 ὁ
1521 404 1589 437 Θεὸς
1604 406 1719 445 πάρεστι
1729 429 1735 440 ,
1749 407 1786 435 καὶ
1799 407 1850 435 πται

253 448 349 477 omnia
359 448 462 481 videns,
475 455 533 476 non
545 447 635 475 solum
648 453 710 482 quae
720 449 848 482 aguntur,
859 453 953 473 verum
964 446 1028 473 etiar

1103 447 1192 476 ἀκούει
1204 468 1212 483 ,
1228 446 1273 476 καὶ
1288 447 1375 477 πάντα
1393 449 1443 487 ὁρᾷ
1455 471 1462 484 ,
1475 449 1506 477 οὖ
1521 447 1555 477 τὰ
1567 450 1737 488 πραττόμενα
1747 475 1754 487 ,
1765 451 1818 480 aut
1826 464 1844 479 ις

254 501 316 529 quae
341 493 505 529 cogitantur.
532 494 634 521 Servite
657 491 738 524 enim,
764 491 863 526 inquit,
887 492 996 518 Domino
1020 493 1028 518 t‘

1103 490 1135 520 τὰ
1151 491 1317 530 ἐννοούμενα.
1333 505 1344 517 ι
1355 492 1523 522 Δουλιύσατε
1535 506 1546 518 ν
1561 493 1622 533 γὰρ,
1637 494 1716 533 φησὶ,
1731 497 1784 535 ιτῷ
1794 497 1838 534 Κνξὶ

254 540 358 572 timore,
374 541 398 566 et
411 538 545 566 exsultate
562 539 587 565 ei
601 539 629 564 in
644 538 737 564 timore
757 535 782 563 δ.
798 537 845 563 Est
863 536 937 563 enim
959 536 1028 563 exsul

1102 537 1128 564 ἐν
1144 536 1228 576 φόϐῳ,
1241 536 1287 566 καὶ
1304 538 1466 576 ἀγαλλιᾶσθε
1487 539 1558 577 αὐτῷ
1581 539 1606 567 ἐν
1628 539 1729 579 τρόμῳ.
1742 553 1752 565 ι
1766 540 1826 570 Ἔστι
1838 542 1849 546 ”’

252 583 319 611 tatio
332 591 396 611 cum
420 587 550 616 tremore,
565 581 677 618 quando
694 582 797 610 bonum
826 581 923 618 aliquis
933 580 1028 609 facicn:

1102 581 1153 621 γὰρ
1178 581 1334 620 ἀγαλλίασις
1361 581 1430 620 μετὰ
1455 581 1572 620 τρόμου,
1598 583 1664 613 ὅταν
1695 584 1723 613 τὸ
1747 586 1810 614 καλόν
1829 598 1851 613 τ·;

250 628 331 664 idque
350 635 413 656 cum
435 631 564 661 tremore,
596 627 791 655 conscientiam
822 626 903 654 habet
919 626 1028 653 liberaui

1103 627 1183 655 ποιῶν
1195 650 1203 663 ,
1219 626 1264 656 καὶ
1285 628 1360 655 τοῦτο
1383 625 1451 664 μετὰ
1466 626 1580 665 τρόμου,
1599 628 1807 669 εὖπαρῤηοίαστον
1821 631 1849 667 ἔχτ

252 672 436 708 Κατεργάζεσθε
464 676 559 700 autem
584 671 660 705 dixit,
702 679 760 700 non
796 671 965 707 Ἐργάζεσθε,
996 670 1028 698 llt.‘

1103 671 1132 700 τὸ
1147 670 1271 704 συνειδός.
1287 685 1299 697 σι
1319 671 1519 710 Κατεργάζεσθε
1534 684 1548 698 ν
1563 671 1590 700 δὲ
1600 695 1608 708 ,
1620 667 1710 712 εἶπεν,
1723 674 1773 709 οὐκ,
1785 674 1850 712 Ἐρψ

252 722 304 751 est,
319 725 383 745 cum
400 717 484 745 multa
499 716 638 753 diligentia
652 720 679 744 et
693 724 759 745 cura
774 716 939 752 operamini.

1103 718 1190 750 ζεσθε·
1213 715 1346 752 τουτέστι,
1375 715 1443 754 μετὰ
1467 717 1566 752 πολλῆς
1587 718 1704 754 σπουδῆς
1728 719 1768 747 καὶ
1786 719 1848 756 ἐτιμε-

1103 761 1184 794 λείας.

287 809 375 835 Vsus.
393 808 435 834 13.
449 807 516 834 Deus
529 814 598 833 emm
615 808 656 834 est
671 807 720 842 qui
738 808 865 841 operatur
893 807 921 833 in
934 806 1028 834 vobise

1147 817 1162 835 α
1176 805 1209 835 Ὁ
1226 805 1294 839 Θεὸς
1306 804 1357 845 γάρ
1373 805 1442 834 ἐστιν
1459 805 1473 833 ὁ
1496 805 1610 845 ἐνεργῶν
1627 807 1654 836 ἐν
1669 807 1728 845 ὑμῖν
1740 807 1778 836 καὶ
1795 809 1815 837 τὲ
1826 809 1850 837 θέ-

250 853 317 880 uel/c
329 855 354 880 et
362 853 480 887 operari.
491 851 560 886 Quia
570 850 650 885 dixit,
666 851 731 878 Cum
751 852 845 878 timore
861 859 893 878 ac
907 853 1021 878 tremore

1100 851 1153 879 λειν
1175 850 1221 879 καὶ
1241 850 1271 879 τὸ
1291 851 1414 889 ἐνεργεῖν.
1430 864 1441 875 ι
1466 850 1583 886 Ἐπειδὴ
1600 847 1658 881 εἶπε
1669 862 1676 869 ·
1692 864 1706 881 tt
1721 852 1785 883 Μετὰ

250 905 323 925 nunc
337 897 384 930 ait,
404 895 486 932 441
503 897 543 923 Nc
569 895 724 923 tcrreamini
752 900 864 931 propter
889 895 950 924 hoc.
982 897 1028 924 No:

1101 897 1144 925 καὶ
1162 896 1258 936 τρόμου
1274 905 1280 911 ·
1300 906 1314 923 n
1343 898 1388 937 ίῦν
1402 906 1467 934 φησι
1480 907 1487 914 ·
1512 895 1559 931 Μὴ
1588 899 1720 932 πτοηθῆτε
1738 897 1775 926 διὰ
1790 900 1842 926 τοῦτο

249 943 323 970 enim
337 941 391 969 hoc
405 941 465 969 ideo
478 940 556 975 dixit,
570 945 600 967 ut
613 940 729 968 desistas
742 948 756 967 a
773 940 846 968 bono
861 940 902 968 vel
923 940 1028 968 deﬁcias

1099 942 1139 971 Οὐ
1161 941 1211 979 γὰρ
1234 942 1310 969 τοῦτο
1340 935 1430 976 εἷπον,
1457 939 1500 968 ἵνα
1527 942 1729 981 ἀπαγορεύσῃς,
1753 943 1799 971 ἀλλ’
1821 943 1847 970 in

264 986 298 1014 ed
312 991 344 1014 ut
358 989 461 1014 attente
482 993 545 1021 agas
560 984 634 1020 quod
656 985 725 1021 agis.
742 986 813 1012 Nam
833 985 856 1012 si
871 985 1028 1013 animadver

1096 985 1239 1025 προσέχῃς.
1277 983 1324 1014 Ἂν
1348 983 1400 1024 γὰρ
1428 984 1579 1024 προσέχῃς,
1611 988 1624 1015 ὃ
1649 987 1716 1020 Θεὸς
1738 987 1767 1016 τὰ
1789 987 1847 1015 πάντα

253 1032 328 1065 teris,
354 1034 381 1059 et
406 1034 527 1058 attentus
546 1029 638 1064 fueris,
662 1031 737 1058 Deus
757 1030 850 1058 omnia
872 1030 1028 1066 operabitur

1096 1031 1246 1070 ἐργάσεται.
1271 1029 1354 1063 Αὗτὸς
1376 1028 1428 1068 γάρ
1442 1029 1512 1059 ἐστιν
1533 1032 1547 1059 ὁ
1570 1030 1617 1059 καὶ
1635 1031 1771 1070 προθυμίαν
1791 1030 1846 1063 Ξιέπζς

1862 227 1865 403 l

248 1077 311 1111 Ipse
324 1083 445 1111 namque
459 1077 500 1103 est
520 1074 565 1110 qui
580 1078 607 1102 et
622 1074 865 1110 promptitudinem
891 1075 937 1102 dat
951 1075 1028 1102 nobis

1094 1078 1159 1112 ἡμῖν
1170 1098 1176 1110 ,
1193 1073 1262 1104 ὥστε
1283 1074 1365 1103 θέλειν
1381 1074 1411 1103 τὸ
1433 1074 1530 1113 ἀγαθὸν
1541 1096 1549 1110 ,
1566 1075 1613 1103 καὶ
1633 1075 1681 1111 τὴν
1698 1076 1802 1115 ἐργασίαν
1815 1077 1846 1103 αὑ-

247 1126 277 1150 ut
286 1122 403 1150 velimus
413 1121 526 1155 bonum,
538 1123 566 1148 et
577 1121 622 1157 qui
632 1121 696 1149 boui
711 1121 898 1157 operationem
910 1121 944 1149 ad
958 1121 1040 1149 ﬁnem

245 1166 330 1195 ducit.
346 1168 482 1203 Operatur
500 1166 572 1193 enim
593 1167 667 1193 Deus
682 1165 709 1193 in
726 1165 805 1193 nobis
819 1165 886 1193 velle
900 1174 908 1193 ε
922 1165 975 1194 hoc
989 1172 1038 1197 est,

246 1215 409 1248 cooperatur
422 1211 502 1238 nobis
516 1214 546 1238 ut
569 1211 685 1238 velimus
698 1211 777 1242 bona,
792 1214 820 1238 et
835 1214 916 1246 auget
935 1210 1037 1238 bonam

245 1257 414 1284 voluntatem
436 1259 570 1289 nostram,
593 1255 731 1290 simulque
746 1255 871 1283 accendit
887 1259 917 1283 ut
935 1255 1038 1283 ferven-

245 1301 297 1329 tior
307 1300 448 1329 reddatur.
463 1301 496 1327 Et
508 1300 586 1327 aliter
600 1309 606 1326 :
622 1300 761 1334 Quoniam
774 1300 830 1335 ipse
842 1299 1036 1334 perfectionem

243 1345 329 1380 addit,
344 1353 395 1373 nos
414 1352 477 1372 vero
496 1344 620 1371 homines
633 1351 694 1380 quae
708 1343 824 1380 perfecta
849 1344 985 1377 videmus,
1003 1344 1037 1372 ad

244 1398 273 1417 ea
284 1390 432 1424 tendimus,
446 1389 621 1425 dirigimusve
635 1389 803 1417 voluntatem
818 1393 942 1417 nostram
957 1400 962 1417 :
976 1397 1038 1425 pro-

244 1439 335 1471 pterea
361 1439 389 1462 et
403 1434 469 1463 velle
492 1433 582 1470 ipsum
605 1441 620 1461 a
637 1435 695 1462 Deo
711 1433 802 1469 perﬁci
817 1434 893 1462 dicit.
911 1435 1036 1470 Exempli

241 1481 327 1514 gratia
344 1489 350 1507 :
365 1479 480 1507 Voluisti
494 1478 595 1514 aliquid
610 1481 621 1506 ἒ
644 1479 731 1506 Orsus
751 1486 779 1506 es
789 1478 917 1514 perﬁcere
941 1479 1010 1507 istuc
1027 1488 1033 1505 :

242 1524 264 1551 si
282 1524 363 1551 ﬁnem
376 1523 537 1558 assequaris,
568 1523 667 1550 iterum
684 1523 769 1558 magis
784 1523 858 1550 idem
873 1531 941 1559 opus
955 1524 1034 1558 perﬁ-

1094 1123 1139 1150 τοῦ
1162 1120 1198 1152 εἷς
1217 1117 1289 1152 τέλος
1304 1119 1387 1157 ἄγων.
1409 1117 1530 1158 Ἐνεργεῖ
1551 1119 1602 1159 γὰρ
1619 1121 1633 1149 ὁ
1652 1120 1720 1154 Θεὸς
1733 1121 1755 1148 ἰν
1772 1120 1846 1157 ἡμῖντὸ

1094 1165 1176 1194 θῦειν
1193 1176 1200 1183 ·
1226 1163 1363 1199 τουτέστι,
1388 1167 1507 1202 συνεργεῖ
1530 1165 1596 1201 ἡμῖν
1623 1165 1688 1204 πρὸς
1702 1166 1729 1194 τὸ
1750 1164 1813 1193 eam
1826 1165 1846 1192 τὶ

1093 1209 1194 1248 ἀγαθὰ,
1217 1208 1264 1238 καὶ
1278 1208 1305 1227 ⁷⁸
1331 1207 1403 1242 αὔξει
1422 1208 1451 1236 τὸ
1475 1208 1573 1247 ἀγαθὸν
1599 1209 1702 1247 θέλημα
1720 1211 1796 1247 ἡμῶν⁷
1816 1221 1845 1236 χιι

1093 1253 1241 1283 συνεκκαίει
1267 1252 1335 1282 ὥστε
1361 1252 1518 1291 θερμότερον
1546 1253 1680 1292 γενέσθαι.
1715 1254 1762 1284 Καὶ
1788 1254 1845 1284 ἄλλως

1092 1299 1119 1328 δὲ
1132 1298 1169 1335 ⁷9,
1192 1297 1283 1334 ἐπειδὴ
1298 1297 1329 1326 τὸ
1349 1297 1422 1330 τέλος
1446 1296 1523 1330 αὐτὸς
1549 1298 1719 1335 ἐπιτίθησιν,
1742 1299 1761 1326 0i
1781 1298 1801 1326 δὲ
1819 1299 1845 1325 ἆτ-

1092 1346 1191 1383 θρωποι
1205 1367 1210 1377 ,
1235 1342 1303 1382 ἅπερ
1319 1342 1351 1371 ἂν
1374 1343 1478 1381 δρῶμεν
1505 1343 1678 1381 τελειούμενα
1689 1367 1697 1380 ,
1714 1344 1770 1382 πρὸς
1788 1344 1844 1371 ἐκεῖνα

1092 1388 1137 1417 καὶ
1153 1388 1182 1417 το
1209 1387 1310 1424 θέλημα
1335 1389 1413 1424 ἡμῶν
1440 1386 1559 1424 τείνομεν
1583 1399 1590 1406 '
1619 1387 1662 1417 διὰ
1685 1390 1756 1417 τοῦτο
1776 1387 1810 1416 καὶ
1827 1388 1844 1414 τά

1091 1434 1174 1462 θέλειν
1197 1434 1357 1471 ἐνεργεῖσθαι
1379 1431 1429 1460 ὑπὸ
1456 1431 1532 1461 Θεοῦ
1556 1431 1638 1470 λέγει.
1662 1428 1745 1461 Οἶον·
1766 1431 1845 1463 Ἠθῦη

1091 1478 1138 1510 σάς
1151 1489 1192 1514 τις
1210 1476 1328 1516 Ἐνήρξω
1350 1475 1475 1515 πράττειν
1498 1478 1576 1505 τοῦτο
1594 1487 1602 1494 ·
1623 1477 1669 1506 ἐὰν
1685 1478 1730 1515 μὲν
1753 1477 1778 1505 τὸ
1797 1477 1845 1506 τέλος

1091 1523 1270 1561 ἐπακολουθῇ,
1297 1521 1378 1553 θέλεις
1393 1519 1472 1549 πλέον
1488 1523 1565 1550 τοῦτο
1581 1521 1611 1550 τὸ
1627 1522 1701 1561 ἔργον
1720 1534 1726 1539 ·
1741 1523 1761 1550 εἱ
1782 1521 1799 1549 δ’
1811 1519 1843 1550 οὔ.

241 1576 302 1595 cere
317 1568 403 1603 cupis.
417 1568 465 1595 Sin
481 1567 584 1600 minus,
598 1568 728 1602 torpescit
746 1567 793 1594 tibi
809 1568 944 1595 voluntas.
965 1569 1028 1596 Cum

1093 1570 1229 1607 ἆποναρκᾷ
1244 1577 1285 1596 σοι
1308 1568 1324 1601 ἡ
1340 1564 1454 1601 Θέλησις,
1471 1566 1526 1595 Τοῦ
1548 1565 1634 1595 τοίνυν
1650 1566 1736 1599 τέλους
1752 1565 1810 1605 παρᾶ

241 1614 331 1647 itaque
346 1611 409 1639 ﬁnis
427 1611 500 1647 apud
517 1612 604 1638 Deum
630 1611 675 1645 sit,
697 1611 742 1646 qui
767 1615 796 1639 et
819 1612 886 1639 velle
909 1617 1034 1641 nostrum

240 1656 372 1690 accendit,
389 1663 444 1683 non
462 1655 599 1683 immerito
614 1660 642 1683 et
660 1655 747 1691 ipsam
772 1656 939 1684 voluntatem
963 1658 1033 1693 apud

242 1702 332 1729 Deum
356 1707 417 1729 asse
439 1703 586 1728 esseverat.
609 1699 658 1728 Vel
681 1708 713 1728 ex
746 1708 844 1737 magna
869 1702 1033 1737 gratitudine

240 1746 339 1773 Paulus
351 1745 418 1773 velle
427 1745 518 1781 ipsum
533 1753 546 1772 a
559 1746 616 1773 Deo
631 1745 725 1781 perﬁci
738 1745 765 1772 in
778 1745 856 1773 nobis
869 1747 907 1774 ait
924 1756 930 1774 :
943 1755 1034 1782 quem-

239 1790 391 1818 admodum
406 1791 520 1818 virtutes
547 1789 620 1818 dona
644 1790 773 1826 appellat,
800 1791 902 1819 arbitrii
925 1792 1033 1820 liberin-

238 1841 292 1864 tetn
303 1844 358 1863 non
373 1835 482 1869 tollens,
497 1835 544 1863 sed
559 1842 669 1871 semper
682 1843 733 1863 nos
747 1839 840 1871 gratos
853 1843 914 1864 esse
926 1837 1030 1871 volens,

238 1885 264 1908 et
293 1880 386 1908 omnia
413 1884 523 1916 accepta
546 1879 648 1908 referre
674 1881 744 1908 Deo.
768 1880 916 1909 Considera
938 1885 1030 1910 autem

239 1925 317 1952 verba
335 1935 342 1952 :
358 1927 389 1953 In
401 1925 485 1958 vobis,
499 1924 597 1960 inquit,
608 1924 653 1960 qui
668 1932 731 1952 cum
746 1929 820 1952 metu
829 1929 910 1960 atque
928 1930 1031 1954 tremo-

238 1978 266 1997 re
284 1969 400 1998 salutem
416 1969 565 2005 operamini
583 1979 588 1996 :
606 1969 633 1996 in
644 1969 743 1996 talibus
758 1970 829 1997 enim
847 1971 920 1997 Deus
934 1978 1029 2006 opera-

236 2019 282 2042 tur
304 2014 405 2041 omnia.

272 2060 324 2086 Pro
335 2059 402 2086 bona
411 2059 559 2086 voluntate.
574 2059 633 2086 Hoc
644 2062 693 2091 est,
705 2062 735 2085 ut
745 2059 892 2094 impleatur
906 2068 968 2095 erga
982 2069 1030 2088 vos

237 2103 426 2130 benevolentia
446 2106 526 2137 atquc
541 2103 612 2130 bona
637 2105 760 2131 voluntas
774 2104 843 2139 ejus,
866 2109 895 2131 ut
909 2105 947 2132 sic
959 2106 1029 2132 vira-

237 2157 299 2176 mus
310 2147 420 2184 perinde
433 2156 463 2176 ac
481 2148 537 2183 ipse
556 2148 621 2176 vult.
637 2151 730 2183 Itaque
742 2152 767 2175 et
782 2156 813 2176 ex
827 2149 880 2176 hoc
889 2150 1027 2184 conlitlitv;

1091 1615 1153 1652 Θεῷ
1168 1613 1256 1648 ὄντος,
1272 1613 1318 1639 τοῧ
1342 1609 1387 1638 καὶ
1411 1609 1441 1638 τὸ
1463 1610 1546 1639 θέλειν
1573 1613 1653 1648 ἡμῶν
1666 1611 1692 1629 ⁸ο
1716 1609 1845 1640 cuvsxxzicv-

1089 1651 1150 1696 10c,
1167 1656 1272 1690 εἰκότως
1293 1654 1338 1684 καὶ
1361 1654 1436 1683 τοῦτό
1461 1666 1540 1694 φησιν
1565 1651 1632 1684 εἶναι
1655 1657 1727 1695 παρὰ
1748 1657 1779 1694 τῷ
1791 1655 1842 1690 Qui.

1088 1703 1127 1732 Ἢ
1143 1702 1188 1731 καὶ
1201 1701 1254 1730 ἀπὸ
1272 1701 1371 1734 πολλ’ἤς
1386 1699 1585 1737 εὐγνωμοσύνης
1603 1702 1617 1729 ὁ
1634 1702 1736 1732 Παῦλος
1749 1699 1786 1728 καὶ
1798 1699 1842 1726 αὐτὸ

1088 1747 1117 1776 τὸ
1130 1746 1212 1776 θέλειν
1227 1746 1257 1774 ἐκ
1268 1747 1312 1774 τοῦ
1329 1745 1398 1773 Θεοῦ
1414 1746 1477 1782 ἡμῖν
1497 1745 1659 1783 ἐνεργεῖσθαι
1672 1744 1759 1784 λέγει·
1774 1743 1839 1779 ὥσπερ

1087 1791 1132 1820 καὶ
1147 1791 1180 1820 τὰ
1204 1788 1397 1829 κατορθώματα
1421 1788 1577 1828 χαρίσματα
1601 1790 1679 1819 καλεῖ
1690 1801 1696 1808 ·
1714 1790 1740 1819 οὗ
1755 1788 1780 1817 τὸ
1797 1789 1841 1815 αὖτ-

1087 1835 1201 1869 εξούσιον
1226 1835 1356 1873 ἀναιρῶν,
1383 1833 1451 1862 ἀλλὰ
1477 1833 1635 1872 βουλόμενος
1663 1837 1732 1872 ἡμᾶς
1755 1832 1789 1861 ἀεὶ
1813 1832 1841 1859 εὖ·

1085 1884 1219 1920 χαριστεῖν
1232 1902 1240 1915 ,
1259 1878 1305 1908 καὶ
1330 1877 1416 1906 πάντα
1441 1878 1590 1907 ἀνατιθέναι
1614 1881 1652 1919 τῷ
1668 1879 1739 1918 Θεῷ.
1755 1876 1812 1915 Ὅρα

1085 1927 1130 1954 καὶ
1145 1925 1192 1960 τὴν
1205 1924 1274 1957 λέξιν
1290 1935 1296 1942 ”
1319 1937 1330 1949 α
1345 1922 1392 1952 Ἐν
1407 1924 1467 1960 ὑμῖν
1486 1922 1523 1957 ⁸¹,
1538 1918 1596 1952 εἶπε
1607 1946 1615 1962 ,
1631 1929 1684 1957 τοῖς
1703 1922 1764 1961 μετὰ
1781 1920 1840 1961 ψόῧῡυ

1085 1969 1130 1998 καὶ
1154 1970 1252 2009 τρόμου
1275 1968 1321 2003 τήν
1348 1967 1479 2007 σωτηρίαν
1505 1968 1752 2007 κατεργαζομένοις·
1773 1967 1794 1995 ἐν
1807 1963 1840 2002 vi;

1084 2019 1137 2047 τοῖς
1153 2014 1277 2047 τοιούτοις
1292 2014 1390 2052 ἐνεργεῖ
1406 2014 1420 2041 ὁ
1433 2011 1501 2045 Θεὸς
1513 2011 1546 2040 τὰ
1556 2013 1658 2043 πάντα.

1124 2072 1136 2085 α
1151 2058 1236 2098 Ὑπὲρ
1251 2060 1297 2093 τῆς
1312 2056 1439 2090 εὐδοκίας.
1455 2070 1466 2082 ν
1481 2056 1636 2093 Τουτέστιν,
1651 2057 1731 2095 Ὑπὲρ
1745 2058 1783 2084 τοῦ
1795 2053 1840 2084 xii:

1085 2105 1199 2142 ρωθῆναι
1212 2105 1246 2136 εἰς
1259 2104 1326 2140 ὑμᾶς
1346 2102 1392 2137 τὴν
1408 2101 1527 2131 εὐδοκίαν
1540 2101 1586 2130 καὶ
1604 2102 1635 2131 τὸ
1655 2101 1746 2141 ἀγαθὸν
1765 2100 1839 2133 057.er

1086 2149 1181 2185 αὐτοῦ,
1207 2147 1250 2176 ἵνα
1277 2147 1343 2176 οὕτω
1365 2147 1448 2184 ζῶμεν
1473 2148 1508 2179 ὥς
1525 2146 1600 2179 αὐτὸς
1626 2148 1754 2186 βούλεται.
1775 2142 1837 2171 Ὤττε

233 2193 347 2221 omnino
375 2193 450 2221 enim
478 2193 669 2228 cooperabitur
691 2193 767 2221 vobis
792 2195 876 2228 Deus,
898 2198 930 2222 ut
954 2201 1027 2223 recte

1091 2193 1128 2221 ίαὶ
1152 2193 1182 2222 ἐκ
1207 2191 1299 2221 τούτου
1330 2194 1450 2231 θαρσεῖτε
1466 2201 1472 2208 ·
1505 2190 1611 2224 πάντως
1643 2192 1693 2230 γὰρ
1718 2187 1839 2227 συνεργῆτεε

231 2238 337 2271 vivatis,
351 2238 372 2266 si
385 2246 440 2266 non
461 2241 575 2274 propter
589 2237 662 2265 aliud
676 2237 838 2273 quidquam,
859 2239 918 2274 ejus
936 2243 1029 2268 tamen

233 2283 270 2310 rei
293 2283 390 2318 gratia,
405 2283 467 2318 quia
488 2282 539 2310 hoc
556 2282 608 2318 ipsi
620 2286 729 2319 gratum
745 2287 794 2311 est.

269 2329 356 2355 Vsus.
375 2330 416 2354 14.
436 2329 471 2355 Et
494 2329 584 2354 omnia
599 2329 682 2361 facile
696 2329 754 2355 sine
767 2330 1027 2358 murmurationibus

231 2373 256 2399 et
275 2372 505 2399 hwsz‘lationibus.
530 2372 673 2406 Diabolus,
698 2381 761 2400 cum
778 2373 897 2408 aliquem
916 2374 951 2402 ab
974 2375 1025 2402 ho-

231 2419 308 2443 nesto
333 2423 446 2451 prorsus
467 2423 580 2444 avocare
605 2417 712 2452 nequit,
740 2417 780 2445 vel
796 2419 979 2455 arrogantiam
1002 2420 1025 2447 ei

230 2459 346 2493 inducit,
368 2460 408 2487 vel
425 2468 521 2487 vanam
535 2461 662 2496 gloriam,
679 2461 731 2494 vel.
747 2462 768 2490 si
788 2463 846 2490 lucc
862 2471 915 2491 non
929 2465 1023 2499 possit,

228 2503 492 2538 murmurationem,
516 2509 564 2532 aut
582 2505 781 2534 dubitationem
804 2511 831 2534 et
848 2507 1023 2536 incredulita~

225 2553 292 2577 tem.
328 2549 400 2585 Quia
431 2548 511 2585 igitur
550 2549 578 2576 in
611 2550 810 2578 tentationibus
833 2552 1024 2589 coutinuisque

225 2594 355 2630 periculis
378 2593 500 2629 fuerunt,
522 2601 571 2630 per
591 2593 652 2622 haec
675 2598 768 2622 autem
783 2594 856 2624 haud
880 2597 960 2632 pauci
987 2599 1021 2626 ad

226 2646 369 2668 murmura
390 2643 418 2668 et
445 2639 668 2668 maledicentiam
692 2639 903 2675 prolabebantur
926 2642 1018 2671 :St‘ne

258 2708 271 2728 ¹²
287 2711 356 2740 Psal.
373 2713 466 2746 11,“.

1085 2239 1145 2275 ὑμῖν
1161 2239 1173 2266 ὁ
1188 2237 1256 2270 Θεὸς
1273 2236 1336 2277 πρὸς
1357 2235 1387 2264 τὸ
1410 2237 1491 2275 ὀρθῶς
1505 2237 1568 2273 ζῇν,
1593 2238 1616 2265 εἰ
1632 2236 1676 2266 καὶ
1700 2234 1734 2274 μὴ
1756 2231 1783 2262 δι’
1803 2231 1838 2259 εἷλ’

1082 2283 1112 2311 λο
1128 2294 1153 2311 τι
1164 2305 1171 2317 ,
1189 2281 1253 2311 διότι
1267 2283 1327 2320 γοῦν
1342 2280 1418 2314 αὐτὸς
1433 2280 1603 2320 ἀποδέχεται.

1127 2337 1140 2355 ‹‹
1158 2326 1210 2355 Καὶ
1234 2325 1319 2355 πάντα
1343 2327 1441 2354 ποιεῖτε
1462 2325 1544 2364 χωρὶς
1568 2325 1723 2365 γογγυσμῶν
1741 2321 1777 2351 καὶ
1792 2321 1834 2367 :7“:

1081 2371 1227 2410 λογισμῶν.
1247 2383 1258 2395 ιι
1274 2369 1309 2399 ⁸0
1323 2370 1458 2406 διάϐολος,
1471 2370 1579 2399 ἐπειδὰν
1594 2371 1623 2399 οὖ
1636 2370 1728 2408 δυνηθῇ
1741 2365 1834 2410 καθάςῆ

1081 2416 1133 2445 ἀπὸ
1154 2419 1198 2445 τοῦ
1221 2417 1304 2445 καλοῦ
1326 2414 1446 2444 κωλῦσαί
1462 2414 1561 2450 τινα,ἣ
1584 2415 1706 2444 ἀπόνοιαν
1719 2409 1833 2450 αὖτῷεὶσ-

1079 2461 1198 2499 ηγεῖται,
1222 2461 1238 2495 ἢ
1262 2459 1426 2494 κενοδοξίανο
1445 2459 1462 2495 ἢ
1484 2461 1506 2488 εἷ
1525 2459 1564 2498 μὴ
1587 2462 1683 2499 ταῦτα,
1697 2452 1832 2497 γογγυσμῶν

1078 2504 1094 2540 ἢ
1117 2504 1278 2545 ἀμφιϐολίαν
1302 2505 1347 2533 καὶ
1376 2503 1513 2534 ἀπιστίαν.
1545 2504 1623 2534 Ἐπεὶ
1645 2498 1687 2532 οὖν
1713 2504 1736 2531 ἐν
1757 2507 1832 2547 ungi:

1079 2550 1154 2588 σμοῖς
1178 2551 1223 2579 καὶ
1249 2549 1373 2583 κινδύνοις
1397 2548 1531 2588 συνεχέσιν
1555 2545 1640 2587 ἦσαν,
1660 2549 1688 2577 ἐκ
1709 2546 1791 2575 τούτων
1812 2545 1830 2567 δέ

1077 2594 1170 2624 πολλοὶ
1185 2595 1220 2628 εἷς
1241 2596 1390 2633 γογγυσμὸν
1414 2594 1649 2634 ἐκτραχηλίζονται
1672 2590 1715 2622 καὶ
1737 2589 1831 2629 NN?”

1077 2641 1153 2678 μίας,
1167 2654 1179 2666 ιι
1192 2639 1280 2680 Χωρὶς
1295 2640 1464 2680 γογγυσμῶν,
1479 2652 1490 2664 ιι
1507 2638 1587 2679 φησὶ,
1599 2652 1610 2664 σι
1625 2637 1707 2668 πάντα
1720 2636 1828 2664 traicit“

915 2756 1010 2786 Variae
1034 2758 1184 2789 lectiones.

257 2811 278 2829 ττ
294 2812 330 2838 ἔνι
344 2820 374 2844 0.
408 2811 430 2829 ⁷⁵
444 2811 520 2848 ἤγουν
537 2821 564 2842 ο.
605 2812 687 2849 ⁷⁹ὶγὰρ
702 2821 730 2842 ο.
769 2814 791 2831 ⁸ο
805 2814 866 2851 ἡμῖν
882 2824 911 2844 ι).

954 2816 971 2834 ⁸¹
992 2816 1053 2852 ἡμῖν
1069 2825 1097 2846 ο.
