  <div class='ocr_page' id='page_1' title='image "/cluster/home/n/w/nwhite01/storage/ocr_20150623/124/njp.32101010942728/752.png"; bbox 0 0 1886 3082; ppageno 0'>
   <div class='ocr_carea' id='block_1_1' title="bbox 12 186 93 214">
    <p class='ocr_par' dir='ltr' id='par_1_1' title="bbox 12 186 93 214">
     <span class='ocr_line' id='line_1_1' title="bbox 12 186 93 214; baseline 0.025 -2"><span class='ocrx_word' id='word_1_1' title='bbox 12 186 93 214; x_wconf 75' lang='grc'><strong>169</strong></span> 
     </span>
    </p>
   </div>
   <div class='ocr_carea' id='block_1_2' title="bbox 473 184 1245 213">
    <p class='ocr_par' dir='ltr' id='par_1_2' title="bbox 473 184 1245 213">
     <span class='ocr_line' id='line_1_2' title="bbox 473 184 1245 213; baseline 0 -1"><span class='ocrx_word' id='word_1_2' title='bbox 473 184 648 213; x_wconf 78' lang='lat' dir='ltr'><strong>EXPOSITIO</strong></span> <span class='ocrx_word' id='word_1_3' title='bbox 668 185 700 213; x_wconf 90' lang='lat' dir='ltr'><strong>lN</strong></span> <span class='ocrx_word' id='word_1_4' title='bbox 720 184 824 212; x_wconf 87' lang='lat' dir='ltr'><strong>EPIST.</strong></span> <span class='ocrx_word' id='word_1_5' title='bbox 842 185 886 212; x_wconf 81' lang='lat' dir='ltr'><strong>AD</strong></span> <span class='ocrx_word' id='word_1_6' title='bbox 905 184 1045 212; x_wconf 85' lang='lat' dir='ltr'><strong>PHILIPP.</strong></span> <span class='ocrx_word' id='word_1_7' title='bbox 1069 198 1099 204; x_wconf 95' lang='lat'><strong>-</strong></span> <span class='ocrx_word' id='word_1_8' title='bbox 1121 184 1195 212; x_wconf 80' lang='lat' dir='ltr'><strong>CAP.</strong></span> <span class='ocrx_word' id='word_1_9' title='bbox 1214 184 1245 212; x_wconf 89' lang='lat' dir='ltr'><strong>ll.</strong></span> 
     </span>
    </p>
   </div>
   <div class='ocr_carea' id='block_1_3' title="bbox 1600 187 1669 215">
    <p class='ocr_par' dir='ltr' id='par_1_3' title="bbox 1600 187 1669 215">
     <span class='ocr_line' id='line_1_3' title="bbox 1600 187 1669 215; baseline 0 -1"><span class='ocrx_word' id='word_1_10' title='bbox 1600 187 1669 215; x_wconf 82' lang='lat' dir='ltr'><strong>H70</strong></span> 
     </span>
    </p>
   </div>
   <div class='ocr_carea' id='block_1_4' title="bbox 1 247 838 288">
    <p class='ocr_par' dir='ltr' id='par_1_4' title="bbox 1 247 818 288">
     <span class='ocr_line' id='line_1_4' title="bbox 1 247 818 288; baseline 0 -11"><span class='ocrx_word' id='word_1_11' title='bbox 1 249 34 277; x_wconf 73' lang='grc' dir='ltr'><strong>Ξ)</strong></span> <span class='ocrx_word' id='word_1_12' title='bbox 77 247 132 288; x_wconf 79' lang='grc' dir='ltr'><strong>γὰρ</strong></span> <span class='ocrx_word' id='word_1_13' title='bbox 158 247 302 287; x_wconf 78' lang='grc' dir='ltr'>γογγύζων,</span> <span class='ocrx_word' id='word_1_14' title='bbox 325 247 536 288; x_wconf 62' lang='grc' dir='ltr'>ἀχάριστοξκαὶ</span> <span class='ocrx_word' id='word_1_15' title='bbox 551 247 700 288; x_wconf 74' lang='grc' dir='ltr'>δύσφημος.</span> <span class='ocrx_word' id='word_1_16' title='bbox 723 248 818 278; x_wconf 84' lang='grc' dir='ltr'>Διαλο-</span> 
     </span>
    </p>
   </div>
   <div class='ocr_carea' id='block_1_5' title="bbox 891 247 1670 288">
    <p class='ocr_par' dir='ltr' id='par_1_5' title="bbox 891 247 1670 284">
     <span class='ocr_line' id='line_1_5' title="bbox 891 247 1670 284; baseline 0.004 -10"><span class='ocrx_word' id='word_1_17' title='bbox 891 247 1152 278; x_wconf 78' lang='lat' dir='ltr'><strong>nurmurationibus,</strong></span> <span class='ocrx_word' id='word_1_18' title='bbox 1180 247 1276 283; x_wconf 78' lang='lat' dir='ltr'><strong>inquit,</strong></span> <span class='ocrx_word' id='word_1_19' title='bbox 1297 249 1387 276; x_wconf 78' lang='lat' dir='ltr'><strong>omnia</strong></span> <span class='ocrx_word' id='word_1_20' title='bbox 1408 249 1501 282; x_wconf 81' lang='lat' dir='ltr'><strong>facite.</strong></span> <span class='ocrx_word' id='word_1_21' title='bbox 1525 249 1578 284; x_wconf 87' lang='lat' dir='ltr'><strong>Qui</strong></span> <span class='ocrx_word' id='word_1_22' title='bbox 1596 249 1670 277; x_wconf 85' lang='lat' dir='ltr'><strong>enim</strong></span> 
     </span>
    </p>
   </div>
   <div class='ocr_carea' id='block_1_6' title="bbox 9 292 818 333">
    <p class='ocr_par' dir='ltr' id='par_1_6' title="bbox 9 292 818 333">
     <span class='ocr_line' id='line_1_6' title="bbox 9 292 818 333; baseline 0 -11"><span class='ocrx_word' id='word_1_23' title='bbox 9 292 136 330; x_wconf 74' lang='grc' dir='ltr'>ισμοὺς</span> <span class='ocrx_word' id='word_1_24' title='bbox 160 292 187 322; x_wconf 75' lang='grc' dir='ltr'>δὲ</span> <span class='ocrx_word' id='word_1_25' title='bbox 211 293 259 328; x_wconf 79' lang='grc' dir='ltr'>τὴν</span> <span class='ocrx_word' id='word_1_26' title='bbox 274 292 404 332; x_wconf 79' lang='grc' dir='ltr'>διάκρισίν</span> <span class='ocrx_word' id='word_1_27' title='bbox 425 304 491 333; x_wconf 83' lang='grc' dir='ltr'>φησι</span> <span class='ocrx_word' id='word_1_28' title='bbox 523 292 568 322; x_wconf 73' lang='grc' dir='ltr'>καὶ</span> <span class='ocrx_word' id='word_1_29' title='bbox 591 293 636 322; x_wconf 83' lang='grc' dir='ltr'><strong>τὸν</strong></span> <span class='ocrx_word' id='word_1_30' title='bbox 663 293 818 332; x_wconf 82' lang='grc' dir='ltr'>δισταγμόν.</span> 
     </span>
    </p>
   </div>
   <div class='ocr_carea' id='block_1_7' title="bbox 1 333 819 377">
    <p class='ocr_par' dir='ltr' id='par_1_7' title="bbox 1 333 819 377">
     <span class='ocr_line' id='line_1_7' title="bbox 1 333 819 377; baseline 0.001 -11"><span class='ocrx_word' id='word_1_31' title='bbox 1 333 85 367; x_wconf 60' lang='grc' dir='ltr'>ίῖον</span> <span class='ocrx_word' id='word_1_32' title='bbox 101 349 108 356; x_wconf 90' lang='grc'><strong>·</strong></span> <span class='ocrx_word' id='word_1_33' title='bbox 125 337 213 368; x_wconf 80' lang='grc' dir='ltr'>¹¹Οταν</span> <span class='ocrx_word' id='word_1_34' title='bbox 238 339 343 373; x_wconf 77' lang='grc' dir='ltr'><strong>ἐντολῆς</strong></span> <span class='ocrx_word' id='word_1_35' title='bbox 365 337 539 377; x_wconf 77' lang='grc' dir='ltr'><strong>προκειμένης</strong></span> <span class='ocrx_word' id='word_1_36' title='bbox 565 337 631 377; x_wconf 79' lang='grc' dir='ltr'>λέγῃ</span> <span class='ocrx_word' id='word_1_37' title='bbox 655 349 693 372; x_wconf 85' lang='grc' dir='ltr'><strong>τις</strong></span> <span class='ocrx_word' id='word_1_38' title='bbox 708 349 716 356; x_wconf 95' lang='grc'><strong>·</strong></span> <span class='ocrx_word' id='word_1_39' title='bbox 731 333 798 377; x_wconf 65' lang='grc' dir='ltr'>’Ἆρα</span> <span class='ocrx_word' id='word_1_40' title='bbox 811 362 819 373; x_wconf 88' lang='lat'><strong>,</strong></span> 
     </span>
    </p>
   </div>
   <div class='ocr_carea' id='block_1_8' title="bbox 1 377 820 422">
    <p class='ocr_par' dir='ltr' id='par_1_8' title="bbox 1 377 820 422">
     <span class='ocr_line' id='line_1_8' title="bbox 1 377 820 422; baseline 0.002 -11"><span class='ocrx_word' id='word_1_41' title='bbox 1 383 53 410; x_wconf 69' lang='grc' dir='ltr'>ἄν</span> <span class='ocrx_word' id='word_1_42' title='bbox 79 383 142 412; x_wconf 77' lang='grc' dir='ltr'>τόδε</span> <span class='ocrx_word' id='word_1_43' title='bbox 161 382 281 418; x_wconf 82' lang='grc' dir='ltr'>ποιήσω,</span> <span class='ocrx_word' id='word_1_44' title='bbox 307 381 358 416; x_wconf 70' lang='grc' dir='ltr'><strong>ἔξω</strong></span> <span class='ocrx_word' id='word_1_45' title='bbox 382 382 492 420; x_wconf 60' lang='lat' dir='ltr'><strong>pta-66v;</strong></span> <span class='ocrx_word' id='word_1_46' title='bbox 510 377 562 422; x_wconf 61' lang='grc' dir='ltr'><strong>ἆρα</strong></span> <span class='ocrx_word' id='word_1_47' title='bbox 583 382 666 412; x_wconf 85' lang='grc' dir='ltr'>καλόν</span> <span class='ocrx_word' id='word_1_48' title='bbox 681 383 767 419; x_wconf 73' lang='grc' dir='ltr'>ίστιν;</span> <span class='ocrx_word' id='word_1_49' title='bbox 780 385 820 413; x_wconf 84' lang='grc' dir='ltr'><strong>Οὐ</strong></span> 
     </span>
    </p>
   </div>
   <div class='ocr_carea' id='block_1_9' title="bbox 3 426 819 468">
    <p class='ocr_par' dir='ltr' id='par_1_9' title="bbox 3 426 819 468">
     <span class='ocr_line' id='line_1_9' title="bbox 3 426 819 468; baseline 0 -12"><span class='ocrx_word' id='word_1_50' title='bbox 3 427 43 455; x_wconf 79' lang='grc' dir='ltr'><strong>εἴ</strong></span> <span class='ocrx_word' id='word_1_51' title='bbox 66 426 127 468; x_wconf 75' lang='grc' dir='ltr'><strong>γὰρ</strong></span> <span class='ocrx_word' id='word_1_52' title='bbox 145 427 171 456; x_wconf 72' lang='grc' dir='ltr'>ἰν</span> <span class='ocrx_word' id='word_1_53' title='bbox 186 431 240 460; x_wconf 86' lang='grc' dir='ltr'>τοῖς</span> <span class='ocrx_word' id='word_1_54' title='bbox 257 426 382 468; x_wconf 64' lang='grc' dir='ltr'>τοιοιξτοις</span> <span class='ocrx_word' id='word_1_55' title='bbox 404 427 552 464; x_wconf 76' lang='grc' dir='ltr'><strong>διστάζειν,</strong></span> <span class='ocrx_word' id='word_1_56' title='bbox 575 427 644 458; x_wconf 78' lang='grc' dir='ltr'>ἀλλᾶ</span> <span class='ocrx_word' id='word_1_57' title='bbox 658 427 819 461; x_wconf 71' lang='grc' dir='ltr'><strong>πεποιθότως</strong></span> 
     </span>
    </p>
   </div>
   <div class='ocr_carea' id='block_1_10' title="bbox 1 467 816 512">
    <p class='ocr_par' dir='ltr' id='par_1_10' title="bbox 1 467 816 512">
     <span class='ocr_line' id='line_1_10' title="bbox 1 467 816 512; baseline 0.005 -13"><span class='ocrx_word' id='word_1_58' title='bbox 1 473 128 501; x_wconf 72' lang='grc' dir='ltr'>ῖοιεῖν·</span> <span class='ocrx_word' id='word_1_59' title='bbox 152 471 201 502; x_wconf 71' lang='grc' dir='ltr'><strong>κᾶν</strong></span> <span class='ocrx_word' id='word_1_60' title='bbox 215 471 292 506; x_wconf 83' lang='grc' dir='ltr'>πόνος</span> <span class='ocrx_word' id='word_1_61' title='bbox 315 467 348 512; x_wconf 83' lang='lat'><strong>,</strong></span> <span class='ocrx_word' id='word_1_62' title='bbox 375 471 425 501; x_wconf 76' lang='grc' dir='ltr'><strong>κᾶν</strong></span> <span class='ocrx_word' id='word_1_63' title='bbox 449 472 592 512; x_wconf 76' lang='grc' dir='ltr'>κάματος,</span> <span class='ocrx_word' id='word_1_64' title='bbox 617 472 700 512; x_wconf 71' lang='grc' dir='ltr'>μηδὶν</span> <span class='ocrx_word' id='word_1_65' title='bbox 728 473 816 503; x_wconf 71' lang='grc' dir='ltr'>διαλοο</span> 
     </span>
    </p>
   </div>
   <div class='ocr_carea' id='block_1_11' title="bbox 1 516 152 550">
    <p class='ocr_par' dir='ltr' id='par_1_11' title="bbox 1 516 152 550">
     <span class='ocr_line' id='line_1_11' title="bbox 1 516 152 550; baseline 0.007 -5"><span class='ocrx_word' id='word_1_66' title='bbox 1 516 152 550; x_wconf 61' lang='grc' dir='ltr'>νίζεσθαι.</span> 
     </span>
    </p>
   </div>
   <div class='ocr_carea' id='block_1_12' title="bbox 48 606 817 648">
    <p class='ocr_par' dir='ltr' id='par_1_12' title="bbox 48 606 817 648">
     <span class='ocr_line' id='line_1_12' title="bbox 48 606 817 648; baseline 0.005 -13"><span class='ocrx_word' id='word_1_67' title='bbox 48 618 71 635; x_wconf 73' lang='grc' dir='ltr'><strong>α</strong></span> <span class='ocrx_word' id='word_1_68' title='bbox 100 607 165 637; x_wconf 85' lang='grc' dir='ltr'>Ἵνα</span> <span class='ocrx_word' id='word_1_69' title='bbox 188 606 297 645; x_wconf 76' lang='grc' dir='ltr'>γένησθε</span> <span class='ocrx_word' id='word_1_70' title='bbox 320 607 457 645; x_wconf 77' lang='grc' dir='ltr'><strong>ἄμεμπτοι</strong></span> <span class='ocrx_word' id='word_1_71' title='bbox 474 608 520 638; x_wconf 87' lang='grc' dir='ltr'>καὶ</span> <span class='ocrx_word' id='word_1_72' title='bbox 537 608 665 648; x_wconf 77' lang='grc' dir='ltr'>ἀκέραιοι.</span> <span class='ocrx_word' id='word_1_73' title='bbox 690 619 705 638; x_wconf 80' lang='grc' dir='ltr'>ι)</span> <span class='ocrx_word' id='word_1_74' title='bbox 726 611 817 640; x_wconf 90' lang='grc' dir='ltr'>Τουτ-</span> 
     </span>
    </p>
   </div>
   <div class='ocr_carea' id='block_1_13' title="bbox 8 651 817 694">
    <p class='ocr_par' dir='ltr' id='par_1_13' title="bbox 8 651 817 694">
     <span class='ocr_line' id='line_1_13' title="bbox 8 651 817 694; baseline 0.005 -14"><span class='ocrx_word' id='word_1_75' title='bbox 8 663 89 680; x_wconf 71' lang='grc' dir='ltr'>στιν</span> <span class='ocrx_word' id='word_1_76' title='bbox 99 674 108 688; x_wconf 86' lang='lat'><strong>,</strong></span> <span class='ocrx_word' id='word_1_77' title='bbox 123 651 300 689; x_wconf 75' lang='grc' dir='ltr'>ἀνεπίληπτοι</span> <span class='ocrx_word' id='word_1_78' title='bbox 314 653 360 694; x_wconf 57' lang='grc' dir='ltr'>καὶ</span> <span class='ocrx_word' id='word_1_79' title='bbox 381 653 489 682; x_wconf 78' lang='grc' dir='ltr'>ἄσπιλοι</span> <span class='ocrx_word' id='word_1_80' title='bbox 501 665 507 672; x_wconf 94' lang='grc'><strong>·</strong></span> <span class='ocrx_word' id='word_1_81' title='bbox 530 654 559 682; x_wconf 86' lang='grc' dir='ltr'>οὖ</span> <span class='ocrx_word' id='word_1_82' title='bbox 574 654 625 694; x_wconf 79' lang='grc' dir='ltr'><strong>γὰρ</strong></span> <span class='ocrx_word' id='word_1_83' title='bbox 642 654 726 694; x_wconf 78' lang='grc' dir='ltr'>μικρὰ</span> <span class='ocrx_word' id='word_1_84' title='bbox 742 655 817 690; x_wconf 71' lang='grc' dir='ltr'>κηλὶς</span> 
     </span>
    </p>
   </div>
   <div class='ocr_carea' id='block_1_14' title="bbox 1 692 816 739">
    <p class='ocr_par' dir='ltr' id='par_1_14' title="bbox 1 692 816 739">
     <span class='ocr_line' id='line_1_14' title="bbox 1 692 816 739; baseline 0.007 -15"><span class='ocrx_word' id='word_1_85' title='bbox 1 710 5 722; x_wconf 77' lang='grc' dir='ltr'><strong>ι</strong></span> <span class='ocrx_word' id='word_1_86' title='bbox 41 696 216 736; x_wconf 83' lang='grc' dir='ltr'>γογγυσμός,</span> <span class='ocrx_word' id='word_1_87' title='bbox 241 698 300 726; x_wconf 89' lang='grc' dir='ltr'><strong>Οὖκ</strong></span> <span class='ocrx_word' id='word_1_88' title='bbox 318 692 376 726; x_wconf 65' lang='grc' dir='ltr'>εἶπε</span> <span class='ocrx_word' id='word_1_89' title='bbox 394 697 438 734; x_wconf 83' lang='grc' dir='ltr'><strong>δὲ,</strong></span> <span class='ocrx_word' id='word_1_90' title='bbox 464 698 554 738; x_wconf 81' lang='grc' dir='ltr'>ὥσπερ</span> <span class='ocrx_word' id='word_1_91' title='bbox 578 692 656 738; x_wconf 29' lang='grc' dir='ltr'>ἔν’τῇ</span> <span class='ocrx_word' id='word_1_92' title='bbox 673 692 737 739; x_wconf 78' lang='grc' dir='ltr'>πρὸς</span> <span class='ocrx_word' id='word_1_93' title='bbox 764 701 816 730; x_wconf 89' lang='grc' dir='ltr'><strong>Κο-</strong></span> 
     </span>
    </p>
   </div>
   <div class='ocr_carea' id='block_1_15' title="bbox 1 740 815 783">
    <p class='ocr_par' dir='ltr' id='par_1_15' title="bbox 1 740 815 783">
     <span class='ocr_line' id='line_1_15' title="bbox 1 740 815 783; baseline 0.006 -14"><span class='ocrx_word' id='word_1_94' title='bbox 1 740 148 776; x_wconf 78' lang='grc' dir='ltr'>&gt;ιν6ίους,</span> <span class='ocrx_word' id='word_1_95' title='bbox 171 741 211 770; x_wconf 81' lang='grc' dir='ltr'><strong>ὅτι</strong></span> <span class='ocrx_word' id='word_1_96' title='bbox 233 741 340 775; x_wconf 83' lang='grc' dir='ltr'>κόλασις</span> <span class='ocrx_word' id='word_1_97' title='bbox 362 742 500 772; x_wconf 78' lang='grc' dir='ltr'>ἀπόκειται</span> <span class='ocrx_word' id='word_1_98' title='bbox 515 744 552 782; x_wconf 89' lang='grc' dir='ltr'><strong>τῷ</strong></span> <span class='ocrx_word' id='word_1_99' title='bbox 568 745 714 783; x_wconf 82' lang='grc' dir='ltr'>γογγυσμῷ</span> <span class='ocrx_word' id='word_1_100' title='bbox 725 766 733 781; x_wconf 86' lang='lat'><strong>,</strong></span> <span class='ocrx_word' id='word_1_101' title='bbox 750 745 815 774; x_wconf 81' lang='grc' dir='ltr'>διότι</span> 
     </span>
    </p>
   </div>
   <div class='ocr_carea' id='block_1_16' title="bbox 1 786 814 828">
    <p class='ocr_par' dir='ltr' id='par_1_16' title="bbox 1 786 814 828">
     <span class='ocr_line' id='line_1_16' title="bbox 1 786 814 828; baseline 0.005 -14"><span class='ocrx_word' id='word_1_102' title='bbox 1 787 35 817; x_wconf 58' lang='grc' dir='ltr'><strong>υς</strong></span> <span class='ocrx_word' id='word_1_103' title='bbox 80 786 227 825; x_wconf 73' lang='grc' dir='ltr'>ἐλευθέροις</span> <span class='ocrx_word' id='word_1_104' title='bbox 248 786 349 820; x_wconf 80' lang='grc' dir='ltr'>τούτοις</span> <span class='ocrx_word' id='word_1_105' title='bbox 377 787 538 825; x_wconf 81' lang='grc' dir='ltr'>διαλέγεται.</span> <span class='ocrx_word' id='word_1_106' title='bbox 571 787 664 817; x_wconf 74' lang='grc' dir='ltr'>Ἄκουε</span> <span class='ocrx_word' id='word_1_107' title='bbox 691 788 741 828; x_wconf 79' lang='grc' dir='ltr'><strong>γὰρ</strong></span> <span class='ocrx_word' id='word_1_108' title='bbox 769 789 814 818; x_wconf 85' lang='grc' dir='ltr'><strong>καὶ</strong></span> 
     </span>
    </p>
   </div>
   <div class='ocr_carea' id='block_1_17' title="bbox 1 829 164 866">
    <p class='ocr_par' dir='ltr' id='par_1_17' title="bbox 1 829 164 866">
     <span class='ocr_line' id='line_1_17' title="bbox 1 829 164 866; baseline 0 -8"><span class='ocrx_word' id='word_1_109' title='bbox 1 831 60 858; x_wconf 66' lang='grc' dir='ltr'>πῶν</span> <span class='ocrx_word' id='word_1_110' title='bbox 82 829 144 866; x_wconf 77' lang='grc' dir='ltr'>ἑξῆς</span> <span class='ocrx_word' id='word_1_111' title='bbox 157 841 164 849; x_wconf 62' lang='grc' dir='ltr'><strong>ι</strong></span> 
     </span>
    </p>
   </div>
   <div class='ocr_carea' id='block_1_18' title="bbox 45 874 814 917">
    <p class='ocr_par' dir='ltr' id='par_1_18' title="bbox 45 874 814 917">
     <span class='ocr_line' id='line_1_18' title="bbox 45 874 814 917; baseline 0.005 -13"><span class='ocrx_word' id='word_1_112' title='bbox 45 888 61 900; x_wconf 71' lang='grc' dir='ltr'>ι</span> <span class='ocrx_word' id='word_1_113' title='bbox 77 874 173 905; x_wconf 81' lang='grc' dir='ltr'>Τέκνα</span> <span class='ocrx_word' id='word_1_114' title='bbox 186 875 256 905; x_wconf 77' lang='grc' dir='ltr'>Θεοῦ</span> <span class='ocrx_word' id='word_1_115' title='bbox 274 875 422 915; x_wconf 82' lang='grc' dir='ltr'>ἀμώμητα.</span> <span class='ocrx_word' id='word_1_116' title='bbox 438 890 450 903; x_wconf 75' lang='grc' dir='ltr'><strong>ιι</strong></span> <span class='ocrx_word' id='word_1_117' title='bbox 466 876 549 906; x_wconf 83' lang='grc' dir='ltr'>Ὥστε</span> <span class='ocrx_word' id='word_1_118' title='bbox 559 877 657 906; x_wconf 85' lang='grc' dir='ltr'>δούλων</span> <span class='ocrx_word' id='word_1_119' title='bbox 669 878 714 906; x_wconf 79' lang='grc' dir='ltr'><strong>καὶ</strong></span> <span class='ocrx_word' id='word_1_120' title='bbox 727 879 814 917; x_wconf 73' lang='grc' dir='ltr'>ἀγνω-</span> 
     </span>
    </p>
   </div>
   <div class='ocr_carea' id='block_1_19' title="bbox 1 919 813 961">
    <p class='ocr_par' dir='ltr' id='par_1_19' title="bbox 1 919 813 961">
     <span class='ocr_line' id='line_1_19' title="bbox 1 919 813 961; baseline 0.007 -14"><span class='ocrx_word' id='word_1_121' title='bbox 1 919 102 948; x_wconf 64' lang='grc' dir='ltr'>ιόνων</span> <span class='ocrx_word' id='word_1_122' title='bbox 131 919 163 949; x_wconf 78' lang='grc' dir='ltr'><strong>τὸ</strong></span> <span class='ocrx_word' id='word_1_123' title='bbox 186 920 334 959; x_wconf 81' lang='grc' dir='ltr'>γογγύζειν.</span> <span class='ocrx_word' id='word_1_124' title='bbox 363 922 444 954; x_wconf 86' lang='grc' dir='ltr'>Ποῖος</span> <span class='ocrx_word' id='word_1_125' title='bbox 473 921 526 961; x_wconf 80' lang='grc' dir='ltr'><strong>γὰρ</strong></span> <span class='ocrx_word' id='word_1_126' title='bbox 547 921 601 955; x_wconf 75' lang='grc' dir='ltr'>υἱὸς</span> <span class='ocrx_word' id='word_1_127' title='bbox 629 924 655 952; x_wconf 78' lang='grc' dir='ltr'><strong>ἐν</strong></span> <span class='ocrx_word' id='word_1_128' title='bbox 683 924 736 956; x_wconf 90' lang='grc' dir='ltr'>τοῖς</span> <span class='ocrx_word' id='word_1_129' title='bbox 767 926 813 953; x_wconf 72' lang='grc' dir='ltr'><strong>τοῦ</strong></span> 
     </span>
    </p>
   </div>
   <div class='ocr_carea' id='block_1_20' title="bbox 1 964 716 1006">
    <p class='ocr_par' dir='ltr' id='par_1_20' title="bbox 1 964 716 1006">
     <span class='ocr_line' id='line_1_20' title="bbox 1 964 716 1006; baseline 0.006 -13"><span class='ocrx_word' id='word_1_130' title='bbox 1 964 115 1003; x_wconf 71' lang='grc' dir='ltr'>τατρὸς</span> <span class='ocrx_word' id='word_1_131' title='bbox 131 964 254 1004; x_wconf 82' lang='grc' dir='ltr'>[πονῶν]</span> <span class='ocrx_word' id='word_1_132' title='bbox 271 965 316 994; x_wconf 75' lang='grc' dir='ltr'>καὶ</span> <span class='ocrx_word' id='word_1_133' title='bbox 332 966 418 1003; x_wconf 81' lang='grc' dir='ltr'>ἑαυτῷ</span> <span class='ocrx_word' id='word_1_134' title='bbox 433 965 561 1004; x_wconf 76' lang='grc' dir='ltr'>κάμνων,</span> <span class='ocrx_word' id='word_1_135' title='bbox 579 967 716 1006; x_wconf 79' lang='grc' dir='ltr'>γογγύζει;</span> 
     </span>
    </p>
   </div>
   <div class='ocr_carea' id='block_1_21' title="bbox 43 1009 806 1052">
    <p class='ocr_par' dir='ltr' id='par_1_21' title="bbox 43 1009 806 1052">
     <span class='ocr_line' id='line_1_21' title="bbox 43 1009 806 1052; baseline 0.005 -14"><span class='ocrx_word' id='word_1_136' title='bbox 43 1022 61 1034; x_wconf 79' lang='grc' dir='ltr'>ι</span> <span class='ocrx_word' id='word_1_137' title='bbox 89 1009 142 1039; x_wconf 81' lang='grc' dir='ltr'>Ἐν</span> <span class='ocrx_word' id='word_1_138' title='bbox 158 1009 231 1050; x_wconf 81' lang='grc' dir='ltr'>μέσῳ</span> <span class='ocrx_word' id='word_1_139' title='bbox 243 1014 334 1049; x_wconf 78' lang='grc' dir='ltr'>γενεᾶς</span> <span class='ocrx_word' id='word_1_140' title='bbox 355 1012 462 1044; x_wconf 76' lang='grc' dir='ltr'>σκολιᾶς</span> <span class='ocrx_word' id='word_1_141' title='bbox 482 1011 525 1040; x_wconf 75' lang='grc' dir='ltr'>καὶ</span> <span class='ocrx_word' id='word_1_142' title='bbox 548 1012 770 1052; x_wconf 78' lang='grc' dir='ltr'>διεστραμμένης.</span> <span class='ocrx_word' id='word_1_143' title='bbox 793 1024 806 1042; x_wconf 81' lang='grc' dir='ltr'>ι)</span> 
     </span>
    </p>
   </div>
   <div class='ocr_carea' id='block_1_22' title="bbox 1 1048 810 1094">
    <p class='ocr_par' dir='ltr' id='par_1_22' title="bbox 1 1048 810 1094">
     <span class='ocr_line' id='line_1_22' title="bbox 1 1048 810 1094; baseline 0.007 -13"><span class='ocrx_word' id='word_1_144' title='bbox 1 1048 83 1082; x_wconf 68' lang='grc' dir='ltr'>Οἶδα</span> <span class='ocrx_word' id='word_1_145' title='bbox 94 1077 102 1089; x_wconf 88' lang='grc'>,</span> <span class='ocrx_word' id='word_1_146' title='bbox 119 1053 200 1094; x_wconf 71' lang='grc' dir='ltr'>φησὶν</span> <span class='ocrx_word' id='word_1_147' title='bbox 207 1048 222 1090; x_wconf 28' lang='grc'><strong>,⁷</strong></span> <span class='ocrx_word' id='word_1_148' title='bbox 233 1048 273 1083; x_wconf 81' lang='grc' dir='ltr'>ὅτι</span> <span class='ocrx_word' id='word_1_149' title='bbox 293 1054 386 1083; x_wconf 83' lang='grc' dir='ltr'>πολλοὶ</span> <span class='ocrx_word' id='word_1_150' title='bbox 401 1056 425 1084; x_wconf 77' lang='lat' dir='ltr'><strong>oi</strong></span> <span class='ocrx_word' id='word_1_151' title='bbox 450 1048 642 1094; x_wconf 70' lang='grc' dir='ltr'>πολεμοῦντες,</span> <span class='ocrx_word' id='word_1_152' title='bbox 656 1048 708 1086; x_wconf 61' lang='lat' dir='ltr'><strong>xui</strong></span> <span class='ocrx_word' id='word_1_153' title='bbox 731 1058 766 1090; x_wconf 76' lang='grc' dir='ltr'><strong>εἰς</strong></span> <span class='ocrx_word' id='word_1_154' title='bbox 781 1057 810 1087; x_wconf 82' lang='grc' dir='ltr'>τὸ</span> 
     </span>
    </p>
   </div>
   <div class='ocr_carea' id='block_1_23' title="bbox 1 1097 811 1140">
    <p class='ocr_par' dir='ltr' id='par_1_23' title="bbox 1 1097 811 1140">
     <span class='ocr_line' id='line_1_23' title="bbox 1 1097 811 1140; baseline 0.006 -14"><span class='ocrx_word' id='word_1_155' title='bbox 1 1097 153 1137; x_wconf 58' lang='grc' dir='ltr'>γογγύζειν</span> <span class='ocrx_word' id='word_1_156' title='bbox 170 1100 238 1137; x_wconf 78' lang='grc' dir='ltr'>ὑμᾶς</span> <span class='ocrx_word' id='word_1_157' title='bbox 263 1099 466 1138; x_wconf 60' lang='grc' dir='ltr'>ἐκϐιαζόμενον</span> <span class='ocrx_word' id='word_1_158' title='bbox 495 1101 564 1130; x_wconf 77' lang='grc' dir='ltr'>ἀλλὰ</span> <span class='ocrx_word' id='word_1_159' title='bbox 588 1104 665 1131; x_wconf 74' lang='grc' dir='ltr'>τοῦτο</span> <span class='ocrx_word' id='word_1_160' title='bbox 694 1101 811 1140; x_wconf 80' lang='grc' dir='ltr'>μάλιστα</span> 
     </span>
    </p>
   </div>
   <div class='ocr_carea' id='block_1_24' title="bbox 1 1142 811 1185">
    <p class='ocr_par' dir='ltr' id='par_1_24' title="bbox 1 1142 811 1185">
     <span class='ocr_line' id='line_1_24' title="bbox 1 1142 811 1185; baseline 0.009 -15"><span class='ocrx_word' id='word_1_161' title='bbox 1 1143 170 1181; x_wconf 67' lang='grc' dir='ltr'>ἐπαινετὸν,</span> <span class='ocrx_word' id='word_1_162' title='bbox 185 1142 247 1173; x_wconf 78' lang='grc' dir='ltr'>ὅταν</span> <span class='ocrx_word' id='word_1_163' title='bbox 265 1156 304 1178; x_wconf 88' lang='grc' dir='ltr'><strong>τις</strong></span> <span class='ocrx_word' id='word_1_164' title='bbox 325 1144 370 1174; x_wconf 83' lang='grc' dir='ltr'><strong>καὶ</strong></span> <span class='ocrx_word' id='word_1_165' title='bbox 385 1145 623 1185; x_wconf 76' lang='grc' dir='ltr'>παρακνιζόμενος,</span> <span class='ocrx_word' id='word_1_166' title='bbox 637 1147 711 1176; x_wconf 78' lang='grc' dir='ltr'>οὐδὲν</span> <span class='ocrx_word' id='word_1_167' title='bbox 726 1149 811 1177; x_wconf 75' lang='grc' dir='ltr'>τοιοῦ-</span> 
     </span>
    </p>
   </div>
   <div class='ocr_carea' id='block_1_25' title="bbox 1 1188 181 1228">
    <p class='ocr_par' dir='ltr' id='par_1_25' title="bbox 1 1188 181 1228">
     <span class='ocr_line' id='line_1_25' title="bbox 1 1188 181 1228; baseline 0.006 -13"><span class='ocrx_word' id='word_1_168' title='bbox 1 1198 46 1215; x_wconf 76' lang='grc' dir='ltr'><strong>τον</strong></span> <span class='ocrx_word' id='word_1_169' title='bbox 67 1188 181 1228; x_wconf 73' lang='grc' dir='ltr'>πάσχῃ.</span> 
     </span>
    </p>
   </div>
   <div class='ocr_carea' id='block_1_26' title="bbox 45 1228 809 1276">
    <p class='ocr_par' dir='ltr' id='par_1_26' title="bbox 45 1228 809 1276">
     <span class='ocr_line' id='line_1_26' title="bbox 45 1228 809 1276; baseline 0.007 -15"><span class='ocrx_word' id='word_1_170' title='bbox 45 1247 59 1259; x_wconf 76' lang='grc' dir='ltr'><strong>ιι</strong></span> <span class='ocrx_word' id='word_1_171' title='bbox 77 1232 132 1263; x_wconf 83' lang='grc' dir='ltr'>Ἐν</span> <span class='ocrx_word' id='word_1_172' title='bbox 156 1228 192 1267; x_wconf 69' lang='grc' dir='ltr'>οἷς</span> <span class='ocrx_word' id='word_1_173' title='bbox 207 1233 328 1273; x_wconf 74' lang='grc' dir='ltr'><strong>φαίνεσθε</strong></span> <span class='ocrx_word' id='word_1_174' title='bbox 350 1235 385 1267; x_wconf 86' lang='grc' dir='ltr'>ὡς</span> <span class='ocrx_word' id='word_1_175' title='bbox 408 1237 543 1274; x_wconf 77' lang='grc' dir='ltr'>φωστῆρες</span> <span class='ocrx_word' id='word_1_176' title='bbox 563 1237 589 1265; x_wconf 83' lang='grc' dir='ltr'>ἐν</span> <span class='ocrx_word' id='word_1_177' title='bbox 609 1235 716 1276; x_wconf 83' lang='grc' dir='ltr'>κόσμῳ,</span> <span class='ocrx_word' id='word_1_178' title='bbox 733 1237 809 1276; x_wconf 87' lang='grc' dir='ltr'>λόγον</span> 
     </span>
    </p>
   </div>
   <div class='ocr_carea' id='block_1_27' title="bbox 1 1276 809 1320">
    <p class='ocr_par' dir='ltr' id='par_1_27' title="bbox 1 1276 809 1320">
     <span class='ocr_line' id='line_1_27' title="bbox 1 1276 809 1320; baseline 0.007 -15"><span class='ocrx_word' id='word_1_179' title='bbox 1 1279 82 1311; x_wconf 66' lang='grc' dir='ltr'>ζωῆς</span> <span class='ocrx_word' id='word_1_180' title='bbox 98 1276 215 1318; x_wconf 80' lang='grc' dir='ltr'>ἔχοντες.</span> <span class='ocrx_word' id='word_1_181' title='bbox 232 1292 243 1304; x_wconf 76' lang='grc' dir='ltr'><strong>ιι</strong></span> <span class='ocrx_word' id='word_1_182' title='bbox 256 1276 365 1318; x_wconf 55' lang='lat' dir='ltr'><strong>&quot;nemo</strong></span> <span class='ocrx_word' id='word_1_183' title='bbox 389 1281 412 1308; x_wconf 82' lang='grc' dir='ltr'><strong>οἱ</strong></span> <span class='ocrx_word' id='word_1_184' title='bbox 438 1282 572 1320; x_wconf 74' lang='grc' dir='ltr'>φωστῆρες</span> <span class='ocrx_word' id='word_1_185' title='bbox 597 1282 624 1309; x_wconf 85' lang='grc' dir='ltr'>ἐν</span> <span class='ocrx_word' id='word_1_186' title='bbox 640 1281 725 1310; x_wconf 83' lang='grc' dir='ltr'>σκότει</span> <span class='ocrx_word' id='word_1_187' title='bbox 740 1281 809 1320; x_wconf 81' lang='grc' dir='ltr'>λάμ-</span> 
     </span>
    </p>
   </div>
   <div class='ocr_carea' id='block_1_28' title="bbox 1 1322 809 1364">
    <p class='ocr_par' dir='ltr' id='par_1_28' title="bbox 1 1322 809 1364">
     <span class='ocr_line' id='line_1_28' title="bbox 1 1322 809 1364; baseline 0.007 -14"><span class='ocrx_word' id='word_1_188' title='bbox 1 1333 125 1359; x_wconf 77' lang='grc' dir='ltr'>πουσιν,</span> <span class='ocrx_word' id='word_1_189' title='bbox 148 1322 217 1352; x_wconf 74' lang='grc' dir='ltr'>οὕτω</span> <span class='ocrx_word' id='word_1_190' title='bbox 238 1323 284 1352; x_wconf 74' lang='grc' dir='ltr'>καὶ</span> <span class='ocrx_word' id='word_1_191' title='bbox 305 1323 378 1362; x_wconf 78' lang='grc' dir='ltr'>ὑμεῖς</span> <span class='ocrx_word' id='word_1_192' title='bbox 392 1325 418 1353; x_wconf 72' lang='grc' dir='ltr'>ἕν</span> <span class='ocrx_word' id='word_1_193' title='bbox 436 1325 510 1364; x_wconf 85' lang='grc' dir='ltr'><strong>μέσῳ</strong></span> <span class='ocrx_word' id='word_1_194' title='bbox 523 1327 574 1354; x_wconf 80' lang='grc' dir='ltr'><strong>τῶν</strong></span> <span class='ocrx_word' id='word_1_195' title='bbox 585 1327 711 1362; x_wconf 79' lang='grc' dir='ltr'>σκολιῶν,</span> <span class='ocrx_word' id='word_1_196' title='bbox 728 1328 809 1361; x_wconf 84' lang='grc' dir='ltr'>εὖθεῖς</span> 
     </span>
    </p>
   </div>
   <div class='ocr_carea' id='block_1_29' title="bbox 1 1367 804 1412">
    <p class='ocr_par' dir='ltr' id='par_1_29' title="bbox 1 1367 804 1412">
     <span class='ocr_line' id='line_1_29' title="bbox 1 1367 804 1412; baseline 0.007 -17"><span class='ocrx_word' id='word_1_197' title='bbox 1 1367 103 1403; x_wconf 78' lang='grc' dir='ltr'>ὄντες,</span> <span class='ocrx_word' id='word_1_198' title='bbox 131 1368 232 1405; x_wconf 78' lang='grc' dir='ltr'>μᾶλλον</span> <span class='ocrx_word' id='word_1_199' title='bbox 268 1368 438 1407; x_wconf 83' lang='grc' dir='ltr'>ἀπολάμπειν</span> <span class='ocrx_word' id='word_1_200' title='bbox 464 1370 643 1401; x_wconf 80' lang='grc' dir='ltr'>σπουδάσατε.</span> <span class='ocrx_word' id='word_1_201' title='bbox 670 1371 710 1400; x_wconf 78' lang='grc' dir='ltr'><strong>Τὸ</strong></span> <span class='ocrx_word' id='word_1_202' title='bbox 733 1371 804 1412; x_wconf 85' lang='grc' dir='ltr'>γὰρ,</span> 
     </span>
    </p>
   </div>
   <div class='ocr_carea' id='block_1_30' title="bbox 2 1411 809 1454">
    <p class='ocr_par' dir='ltr' id='par_1_30' title="bbox 2 1411 809 1454">
     <span class='ocr_line' id='line_1_30' title="bbox 2 1411 809 1454; baseline 0.004 -13"><span class='ocrx_word' id='word_1_203' title='bbox 2 1425 13 1436; x_wconf 82' lang='grc' dir='ltr'><strong>ι</strong></span> <span class='ocrx_word' id='word_1_204' title='bbox 27 1411 201 1447; x_wconf 78' lang='grc' dir='ltr'>Φαίνεσθε,υ</span> <span class='ocrx_word' id='word_1_205' title='bbox 209 1413 402 1452; x_wconf 74' lang='grc' dir='ltr'>προστακτικὸν</span> <span class='ocrx_word' id='word_1_206' title='bbox 413 1414 484 1443; x_wconf 83' lang='grc' dir='ltr'>δοκεῖ</span> <span class='ocrx_word' id='word_1_207' title='bbox 491 1425 548 1452; x_wconf 86' lang='grc' dir='ltr'>μοι.</span> <span class='ocrx_word' id='word_1_208' title='bbox 559 1414 658 1454; x_wconf 77' lang='grc' dir='ltr'>ιΛόγον</span> <span class='ocrx_word' id='word_1_209' title='bbox 667 1429 677 1441; x_wconf 80' lang='grc' dir='ltr'><strong>ιι</strong></span> <span class='ocrx_word' id='word_1_210' title='bbox 687 1416 713 1444; x_wconf 82' lang='grc' dir='ltr'>δὲ</span> <span class='ocrx_word' id='word_1_211' title='bbox 720 1429 731 1441; x_wconf 71' lang='grc' dir='ltr'>τι</span> <span class='ocrx_word' id='word_1_212' title='bbox 741 1418 809 1451; x_wconf 73' lang='grc' dir='ltr'>ζωῆς</span> 
     </span>
    </p>
   </div>
   <div class='ocr_carea' id='block_1_31' title="bbox 1 1455 810 1498">
    <p class='ocr_par' dir='ltr' id='par_1_31' title="bbox 1 1455 810 1498">
     <span class='ocr_line' id='line_1_31' title="bbox 1 1455 810 1498; baseline 0.007 -14"><span class='ocrx_word' id='word_1_213' title='bbox 1 1455 120 1495; x_wconf 81' lang='grc' dir='ltr'>ἔχοντες</span> <span class='ocrx_word' id='word_1_214' title='bbox 134 1468 146 1482; x_wconf 74' lang='grc' dir='ltr'>ιο</span> <span class='ocrx_word' id='word_1_215' title='bbox 156 1455 194 1493; x_wconf 72' lang='grc'><strong>⁸³,</strong></span> <span class='ocrx_word' id='word_1_216' title='bbox 205 1458 276 1486; x_wconf 75' lang='grc' dir='ltr'>τοῦτ’</span> <span class='ocrx_word' id='word_1_217' title='bbox 289 1456 364 1494; x_wconf 80' lang='grc' dir='ltr'>ἔστι,</span> <span class='ocrx_word' id='word_1_218' title='bbox 386 1458 502 1496; x_wconf 83' lang='grc' dir='ltr'><strong>Σπέρμα</strong></span> <span class='ocrx_word' id='word_1_219' title='bbox 518 1460 586 1495; x_wconf 79' lang='grc' dir='ltr'>ζωῆς</span> <span class='ocrx_word' id='word_1_220' title='bbox 602 1461 628 1489; x_wconf 84' lang='grc' dir='ltr'>ἐν</span> <span class='ocrx_word' id='word_1_221' title='bbox 641 1461 703 1498; x_wconf 74' lang='grc' dir='ltr'>ὑμῖν</span> <span class='ocrx_word' id='word_1_222' title='bbox 725 1462 810 1494; x_wconf 80' lang='grc' dir='ltr'>αὐτοῖς</span> 
     </span>
    </p>
   </div>
   <div class='ocr_carea' id='block_1_32' title="bbox 2 1500 806 1541">
    <p class='ocr_par' dir='ltr' id='par_1_32' title="bbox 2 1500 806 1541">
     <span class='ocr_line' id='line_1_32' title="bbox 2 1500 806 1541; baseline 0.007 -13"><span class='ocrx_word' id='word_1_223' title='bbox 2 1500 135 1539; x_wconf 74' lang='grc' dir='ltr'>ἔχοντες,</span> <span class='ocrx_word' id='word_1_224' title='bbox 160 1501 205 1530; x_wconf 82' lang='grc' dir='ltr'><strong>καὶ</strong></span> <span class='ocrx_word' id='word_1_225' title='bbox 222 1501 360 1539; x_wconf 79' lang='grc' dir='ltr'>μέλλοντες</span> <span class='ocrx_word' id='word_1_226' title='bbox 382 1502 526 1540; x_wconf 76' lang='grc' dir='ltr'>ζήσεσθαι,</span> <span class='ocrx_word' id='word_1_227' title='bbox 544 1504 589 1532; x_wconf 79' lang='grc' dir='ltr'>καὶ</span> <span class='ocrx_word' id='word_1_228' title='bbox 613 1505 730 1534; x_wconf 74' lang='grc' dir='ltr'>ἐντεῦθεν</span> <span class='ocrx_word' id='word_1_229' title='bbox 755 1505 806 1541; x_wconf 79' lang='grc' dir='ltr'>ἤδη</span> 
     </span>
    </p>
   </div>
   <div class='ocr_carea' id='block_1_33' title="bbox 877 291 1671 327">
    <p class='ocr_par' dir='ltr' id='par_1_33' title="bbox 877 291 1671 327">
     <span class='ocr_line' id='line_1_33' title="bbox 877 291 1671 327; baseline 0.003 -7"><span class='ocrx_word' id='word_1_230' title='bbox 877 296 1042 326; x_wconf 79' lang='lat' dir='ltr'><strong>murmurat,</strong></span> <span class='ocrx_word' id='word_1_231' title='bbox 1058 292 1180 327; x_wconf 85' lang='lat' dir='ltr'><strong>ingratus</strong></span> <span class='ocrx_word' id='word_1_232' title='bbox 1190 295 1218 319; x_wconf 87' lang='lat' dir='ltr'><strong>et</strong></span> <span class='ocrx_word' id='word_1_233' title='bbox 1236 291 1386 320; x_wconf 84' lang='lat' dir='ltr'><strong>maledicus</strong></span> <span class='ocrx_word' id='word_1_234' title='bbox 1400 296 1451 320; x_wconf 85' lang='lat' dir='ltr'><strong>est.</strong></span> <span class='ocrx_word' id='word_1_235' title='bbox 1476 293 1671 322; x_wconf 70' lang='lat' dir='ltr'><strong>Haesitationes</strong></span> 
     </span>
    </p>
   </div>
   <div class='ocr_carea' id='block_1_34' title="bbox 875 335 1669 373">
    <p class='ocr_par' dir='ltr' id='par_1_34' title="bbox 875 335 1669 373">
     <span class='ocr_line' id='line_1_34' title="bbox 875 335 1669 373; baseline -0.001 -7"><span class='ocrx_word' id='word_1_236' title='bbox 875 342 966 366; x_wconf 81' lang='lat' dir='ltr'><strong>autem</strong></span> <span class='ocrx_word' id='word_1_237' title='bbox 980 336 1206 373; x_wconf 86' lang='lat' dir='ltr'><strong>dijudicationem</strong></span> <span class='ocrx_word' id='word_1_238' title='bbox 1221 335 1289 364; x_wconf 81' lang='lat' dir='ltr'><strong>dicit</strong></span> <span class='ocrx_word' id='word_1_239' title='bbox 1302 344 1334 364; x_wconf 88' lang='lat' dir='ltr'><strong>ac</strong></span> <span class='ocrx_word' id='word_1_240' title='bbox 1353 337 1555 366; x_wconf 80' lang='lat' dir='ltr'><strong>dubitationem</strong></span> <span class='ocrx_word' id='word_1_241' title='bbox 1570 338 1669 366; x_wconf 84' lang='lat' dir='ltr'><strong>:veluti</strong></span> 
     </span>
    </p>
   </div>
   <div class='ocr_carea' id='block_1_35' title="bbox 875 380 1670 418">
    <p class='ocr_par' dir='ltr' id='par_1_35' title="bbox 875 380 1670 418">
     <span class='ocr_line' id='line_1_35' title="bbox 875 380 1670 418; baseline 0 -8"><span class='ocrx_word' id='word_1_242' title='bbox 875 382 897 410; x_wconf 79' lang='lat' dir='ltr'><strong>si</strong></span> <span class='ocrx_word' id='word_1_243' title='bbox 920 381 1051 410; x_wconf 88' lang='lat' dir='ltr'><strong>mandato</strong></span> <span class='ocrx_word' id='word_1_244' title='bbox 1075 381 1217 417; x_wconf 88' lang='lat' dir='ltr'><strong>proposito</strong></span> <span class='ocrx_word' id='word_1_245' title='bbox 1241 380 1313 409; x_wconf 84' lang='lat' dir='ltr'><strong>dicat</strong></span> <span class='ocrx_word' id='word_1_246' title='bbox 1332 381 1450 418; x_wconf 89' lang='lat' dir='ltr'><strong>aliquis:</strong></span> <span class='ocrx_word' id='word_1_247' title='bbox 1467 383 1542 410; x_wconf 86' lang='lat' dir='ltr'><strong>Num</strong></span> <span class='ocrx_word' id='word_1_248' title='bbox 1566 383 1589 410; x_wconf 87' lang='lat' dir='ltr'><strong>si</strong></span> <span class='ocrx_word' id='word_1_249' title='bbox 1617 382 1670 411; x_wconf 85' lang='lat' dir='ltr'><strong>hoc</strong></span> 
     </span>
    </p>
   </div>
   <div class='ocr_carea' id='block_1_36' title="bbox 874 425 1666 462">
    <p class='ocr_par' dir='ltr' id='par_1_36' title="bbox 874 425 1666 462">
     <span class='ocr_line' id='line_1_36' title="bbox 874 425 1666 462; baseline -0.003 -6"><span class='ocrx_word' id='word_1_250' title='bbox 874 426 977 460; x_wconf 81' lang='lat' dir='ltr'><strong>fecero,</strong></span> <span class='ocrx_word' id='word_1_251' title='bbox 999 426 1104 454; x_wconf 87' lang='lat' dir='ltr'><strong>habebo</strong></span> <span class='ocrx_word' id='word_1_252' title='bbox 1127 425 1283 454; x_wconf 88' lang='lat' dir='ltr'><strong>mercedem</strong></span> <span class='ocrx_word' id='word_1_253' title='bbox 1304 428 1316 454; x_wconf 81' lang='lat'><strong><em>?</em></strong></span> <span class='ocrx_word' id='word_1_254' title='bbox 1337 426 1476 462; x_wconf 85' lang='lat' dir='ltr'><strong>Numquid</strong></span> <span class='ocrx_word' id='word_1_255' title='bbox 1493 427 1546 454; x_wconf 85' lang='lat' dir='ltr'><strong>hoc</strong></span> <span class='ocrx_word' id='word_1_256' title='bbox 1563 427 1666 455; x_wconf 86' lang='lat' dir='ltr'><strong>bonum</strong></span> 
     </span>
    </p>
   </div>
   <div class='ocr_carea' id='block_1_37' title="bbox 873 469 1666 505">
    <p class='ocr_par' dir='ltr' id='par_1_37' title="bbox 873 469 1666 505">
     <span class='ocr_line' id='line_1_37' title="bbox 873 469 1666 505; baseline -0.001 -5"><span class='ocrx_word' id='word_1_257' title='bbox 873 475 914 500; x_wconf 86' lang='lat' dir='ltr'><strong>est</strong></span> <span class='ocrx_word' id='word_1_258' title='bbox 928 473 939 499; x_wconf 72' lang='grc' dir='ltr'><strong>Ρ</strong></span> <span class='ocrx_word' id='word_1_259' title='bbox 961 471 990 499; x_wconf 92' lang='lat' dir='ltr'><strong>ln</strong></span> <span class='ocrx_word' id='word_1_260' title='bbox 1000 471 1101 499; x_wconf 83' lang='lat' dir='ltr'><strong>talibus</strong></span> <span class='ocrx_word' id='word_1_261' title='bbox 1114 471 1189 499; x_wconf 89' lang='lat' dir='ltr'><strong>enim</strong></span> <span class='ocrx_word' id='word_1_262' title='bbox 1203 478 1260 498; x_wconf 91' lang='lat' dir='ltr'><strong>non</strong></span> <span class='ocrx_word' id='word_1_263' title='bbox 1271 475 1313 499; x_wconf 87' lang='lat' dir='ltr'><strong>est</strong></span> <span class='ocrx_word' id='word_1_264' title='bbox 1324 469 1518 505; x_wconf 73' lang='lat' dir='ltr'><strong>dubitandum,</strong></span> <span class='ocrx_word' id='word_1_265' title='bbox 1535 470 1584 500; x_wconf 87' lang='lat' dir='ltr'><strong>sed</strong></span> <span class='ocrx_word' id='word_1_266' title='bbox 1597 479 1666 499; x_wconf 91' lang='lat' dir='ltr'><strong>con-</strong></span> 
     </span>
    </p>
   </div>
   <div class='ocr_carea' id='block_1_38' title="bbox 872 515 1664 552">
    <p class='ocr_par' dir='ltr' id='par_1_38' title="bbox 872 515 1664 552">
     <span class='ocr_line' id='line_1_38' title="bbox 872 515 1664 552; baseline 0 -8"><span class='ocrx_word' id='word_1_267' title='bbox 872 516 988 544; x_wconf 83' lang='lat' dir='ltr'><strong>ﬁdenter</strong></span> <span class='ocrx_word' id='word_1_268' title='bbox 1001 516 1148 552; x_wconf 85' lang='lat' dir='ltr'><strong>agendum,</strong></span> <span class='ocrx_word' id='word_1_269' title='bbox 1164 524 1195 543; x_wconf 88' lang='lat' dir='ltr'><strong>ac</strong></span> <span class='ocrx_word' id='word_1_270' title='bbox 1208 515 1262 544; x_wconf 84' lang='lat' dir='ltr'><strong>sive</strong></span> <span class='ocrx_word' id='word_1_271' title='bbox 1271 515 1307 544; x_wconf 89' lang='lat' dir='ltr'><strong>sit</strong></span> <span class='ocrx_word' id='word_1_272' title='bbox 1317 515 1404 550; x_wconf 86' lang='lat' dir='ltr'><strong>labor,</strong></span> <span class='ocrx_word' id='word_1_273' title='bbox 1419 516 1474 544; x_wconf 85' lang='lat' dir='ltr'><strong>sive</strong></span> <span class='ocrx_word' id='word_1_274' title='bbox 1493 515 1664 552; x_wconf 77' lang='lat' dir='ltr'><strong>defatigatio,</strong></span> 
     </span>
    </p>
   </div>
   <div class='ocr_carea' id='block_1_39' title="bbox 872 559 1238 595">
    <p class='ocr_par' dir='ltr' id='par_1_39' title="bbox 872 559 1238 595">
     <span class='ocr_line' id='line_1_39' title="bbox 872 559 1238 595; baseline -0.003 -6"><span class='ocrx_word' id='word_1_275' title='bbox 872 561 940 589; x_wconf 88' lang='lat' dir='ltr'><strong>nihil</strong></span> <span class='ocrx_word' id='word_1_276' title='bbox 960 565 1001 589; x_wconf 86' lang='lat' dir='ltr'><strong>est</strong></span> <span class='ocrx_word' id='word_1_277' title='bbox 1020 559 1238 595; x_wconf 82' lang='lat' dir='ltr'><strong>disceptandum.</strong></span> 
     </span>
    </p>
   </div>
   <div class='ocr_carea' id='block_1_40' title="bbox 907 606 1667 641">
    <p class='ocr_par' dir='ltr' id='par_1_40' title="bbox 907 606 1667 641">
     <span class='ocr_line' id='line_1_40' title="bbox 907 606 1667 641; baseline -0.001 -7"><span class='ocrx_word' id='word_1_278' title='bbox 907 607 998 634; x_wconf 72' lang='lat' dir='ltr'><strong>Vens.</strong></span> <span class='ocrx_word' id='word_1_279' title='bbox 1012 608 1053 633; x_wconf 83' lang='lat'><strong>15.</strong></span> <span class='ocrx_word' id='word_1_280' title='bbox 1076 606 1110 633; x_wconf 89' lang='lat' dir='ltr'><strong>Ut</strong></span> <span class='ocrx_word' id='word_1_281' title='bbox 1125 606 1185 633; x_wconf 69' lang='lat' dir='ltr'><strong>siti&#39;s</strong></span> <span class='ocrx_word' id='word_1_282' title='bbox 1203 606 1262 632; x_wconf 81' lang='lat' dir='ltr'><strong>sine</strong></span> <span class='ocrx_word' id='word_1_283' title='bbox 1273 606 1382 640; x_wconf 81' lang='lat' dir='ltr'><strong>querela</strong></span> <span class='ocrx_word' id='word_1_284' title='bbox 1397 608 1424 633; x_wconf 84' lang='lat' dir='ltr'><strong>et</strong></span> <span class='ocrx_word' id='word_1_285' title='bbox 1439 606 1581 641; x_wconf 78' lang='lat' dir='ltr'><strong>simplices.</strong></span> <span class='ocrx_word' id='word_1_286' title='bbox 1607 606 1667 633; x_wconf 89' lang='lat' dir='ltr'><strong>Hoc</strong></span> 
     </span>
    </p>
   </div>
   <div class='ocr_carea' id='block_1_41' title="bbox 872 649 1666 687">
    <p class='ocr_par' dir='ltr' id='par_1_41' title="bbox 872 649 1666 687">
     <span class='ocr_line' id='line_1_41' title="bbox 872 649 1666 687; baseline -0.004 -7"><span class='ocrx_word' id='word_1_287' title='bbox 872 655 923 686; x_wconf 85' lang='lat' dir='ltr'><strong>est,</strong></span> <span class='ocrx_word' id='word_1_288' title='bbox 955 650 1208 687; x_wconf 87' lang='lat' dir='ltr'><strong>irreprehensibiles</strong></span> <span class='ocrx_word' id='word_1_289' title='bbox 1221 654 1249 678; x_wconf 86' lang='lat' dir='ltr'><strong>et</strong></span> <span class='ocrx_word' id='word_1_290' title='bbox 1271 650 1457 684; x_wconf 85' lang='lat' dir='ltr'><strong>immaculati;</strong></span> <span class='ocrx_word' id='word_1_291' title='bbox 1484 649 1558 678; x_wconf 90' lang='lat' dir='ltr'><strong>haud</strong></span> <span class='ocrx_word' id='word_1_292' title='bbox 1584 658 1666 686; x_wconf 86' lang='lat' dir='ltr'><strong>parva</strong></span> 
     </span>
    </p>
   </div>
   <div class='ocr_carea' id='block_1_42' title="bbox 870 695 1666 726">
    <p class='ocr_par' dir='ltr' id='par_1_42' title="bbox 870 695 1666 726">
     <span class='ocr_line' id='line_1_42' title="bbox 870 695 1666 726; baseline -0.003 -2"><span class='ocrx_word' id='word_1_293' title='bbox 870 696 943 724; x_wconf 86' lang='lat' dir='ltr'><strong>enim</strong></span> <span class='ocrx_word' id='word_1_294' title='bbox 959 695 1066 724; x_wconf 87' lang='lat' dir='ltr'><strong>macula</strong></span> <span class='ocrx_word' id='word_1_295' title='bbox 1086 699 1127 723; x_wconf 90' lang='lat' dir='ltr'><strong>est</strong></span> <span class='ocrx_word' id='word_1_296' title='bbox 1142 695 1371 723; x_wconf 77' lang='lat' dir='ltr'><strong>obmurmuratio.</strong></span> <span class='ocrx_word' id='word_1_297' title='bbox 1397 697 1458 724; x_wconf 86' lang='lat' dir='ltr'><strong>Non</strong></span> <span class='ocrx_word' id='word_1_298' title='bbox 1472 695 1541 724; x_wconf 88' lang='lat' dir='ltr'><strong>dixit</strong></span> <span class='ocrx_word' id='word_1_299' title='bbox 1558 699 1666 726; x_wconf 82' lang='lat' dir='ltr'><strong>autem.</strong></span> 
     </span>
    </p>
   </div>
   <div class='ocr_carea' id='block_1_43' title="bbox 871 739 1666 777">
    <p class='ocr_par' dir='ltr' id='par_1_43' title="bbox 871 739 1666 777">
     <span class='ocr_line' id='line_1_43' title="bbox 871 739 1666 777; baseline -0.001 -9"><span class='ocrx_word' id='word_1_300' title='bbox 871 741 938 769; x_wconf 88' lang='lat' dir='ltr'><strong>utin</strong></span> <span class='ocrx_word' id='word_1_301' title='bbox 955 740 1040 777; x_wconf 63' lang='grc'><strong>442</strong></span> <span class='ocrx_word' id='word_1_302' title='bbox 1055 740 1176 776; x_wconf 88' lang='lat' dir='ltr'><strong>Epistola</strong></span> <span class='ocrx_word' id='word_1_303' title='bbox 1192 740 1226 769; x_wconf 89' lang='lat' dir='ltr'><strong>ad</strong></span> <span class='ocrx_word' id='word_1_304' title='bbox 1243 739 1409 774; x_wconf 84' lang='lat' dir='ltr'><strong>Corinthios,</strong></span> <span class='ocrx_word' id='word_1_305' title='bbox 1429 747 1540 776; x_wconf 69' lang='lat' dir='ltr'><strong>pmnam</strong></span> <span class='ocrx_word' id='word_1_306' title='bbox 1561 740 1666 775; x_wconf 86' lang='lat' dir='ltr'><strong>reposi-</strong></span> 
     </span>
    </p>
   </div>
   <div class='ocr_carea' id='block_1_44' title="bbox 871 784 1666 821">
    <p class='ocr_par' dir='ltr' id='par_1_44' title="bbox 871 784 1666 821">
     <span class='ocr_line' id='line_1_44' title="bbox 871 784 1666 821; baseline -0.004 -7"><span class='ocrx_word' id='word_1_307' title='bbox 871 790 929 814; x_wconf 88' lang='lat' dir='ltr'><strong>tam</strong></span> <span class='ocrx_word' id='word_1_308' title='bbox 952 793 1011 814; x_wconf 86' lang='lat' dir='ltr'><strong>esse</strong></span> <span class='ocrx_word' id='word_1_309' title='bbox 1026 785 1172 819; x_wconf 89' lang='lat' dir='ltr'><strong>murmuri,</strong></span> <span class='ocrx_word' id='word_1_310' title='bbox 1192 793 1225 813; x_wconf 90' lang='lat' dir='ltr'><strong>eo</strong></span> <span class='ocrx_word' id='word_1_311' title='bbox 1241 785 1315 821; x_wconf 83' lang='lat' dir='ltr'><strong>quod</strong></span> <span class='ocrx_word' id='word_1_312' title='bbox 1337 785 1410 814; x_wconf 88' lang='lat' dir='ltr'><strong>hisce</strong></span> <span class='ocrx_word' id='word_1_313' title='bbox 1426 789 1558 821; x_wconf 87' lang='lat' dir='ltr'><strong>tanquam</strong></span> <span class='ocrx_word' id='word_1_314' title='bbox 1575 784 1666 812; x_wconf 78' lang='lat' dir='ltr'><strong>liberis</strong></span> 
     </span>
    </p>
   </div>
   <div class='ocr_carea' id='block_1_45' title="bbox 871 830 1340 867">
    <p class='ocr_par' dir='ltr' id='par_1_45' title="bbox 871 830 1340 867">
     <span class='ocr_line' id='line_1_45' title="bbox 871 830 1340 867; baseline -0.002 -9"><span class='ocrx_word' id='word_1_315' title='bbox 871 831 1006 867; x_wconf 87' lang='lat' dir='ltr'><strong>loquatur.</strong></span> <span class='ocrx_word' id='word_1_316' title='bbox 1021 830 1091 858; x_wconf 77' lang='lat' dir='ltr'><strong>Audi</strong></span> <span class='ocrx_word' id='word_1_317' title='bbox 1101 830 1173 858; x_wconf 85' lang='lat' dir='ltr'><strong>enim</strong></span> <span class='ocrx_word' id='word_1_318' title='bbox 1189 830 1340 865; x_wconf 83' lang='lat' dir='ltr'><strong>sequentia.</strong></span> 
     </span>
    </p>
   </div>
   <div class='ocr_carea' id='block_1_46' title="bbox 906 874 1665 910">
    <p class='ocr_par' dir='ltr' id='par_1_46' title="bbox 906 874 1665 910">
     <span class='ocr_line' id='line_1_46' title="bbox 906 874 1665 910; baseline -0.003 -8"><span class='ocrx_word' id='word_1_319' title='bbox 906 876 969 903; x_wconf 76' lang='lat' dir='ltr'><strong>Filii</strong></span> <span class='ocrx_word' id='word_1_320' title='bbox 995 876 1044 903; x_wconf 83' lang='lat' dir='ltr'><strong>Dei</strong></span> <span class='ocrx_word' id='word_1_321' title='bbox 1058 876 1116 903; x_wconf 79' lang='lat' dir='ltr'><strong>sine</strong></span> <span class='ocrx_word' id='word_1_322' title='bbox 1135 875 1347 909; x_wconf 76' lang='lat' dir='ltr'><strong>reprehensione.</strong></span> <span class='ocrx_word' id='word_1_323' title='bbox 1366 875 1515 903; x_wconf 83' lang='lat' dir='ltr'><strong>Servorum</strong></span> <span class='ocrx_word' id='word_1_324' title='bbox 1532 874 1624 910; x_wconf 80' lang='lat' dir='ltr'><strong>itaque</strong></span> <span class='ocrx_word' id='word_1_325' title='bbox 1639 878 1665 901; x_wconf 87' lang='lat' dir='ltr'><strong>ct</strong></span> 
     </span>
    </p>
   </div>
   <div class='ocr_carea' id='block_1_47' title="bbox 869 918 1663 956">
    <p class='ocr_par' dir='ltr' id='par_1_47' title="bbox 869 918 1663 956">
     <span class='ocr_line' id='line_1_47' title="bbox 869 918 1663 956; baseline -0.003 -8"><span class='ocrx_word' id='word_1_326' title='bbox 869 921 1038 956; x_wconf 85' lang='lat' dir='ltr'><strong>ingratorum</strong></span> <span class='ocrx_word' id='word_1_327' title='bbox 1052 924 1093 948; x_wconf 84' lang='lat' dir='ltr'><strong>est</strong></span> <span class='ocrx_word' id='word_1_328' title='bbox 1115 927 1299 948; x_wconf 85' lang='lat' dir='ltr'><strong>murmurare.</strong></span> <span class='ocrx_word' id='word_1_329' title='bbox 1313 919 1407 955; x_wconf 87' lang='lat' dir='ltr'><strong>Qualis</strong></span> <span class='ocrx_word' id='word_1_330' title='bbox 1431 920 1503 947; x_wconf 90' lang='lat' dir='ltr'><strong>enim</strong></span> <span class='ocrx_word' id='word_1_331' title='bbox 1537 918 1609 946; x_wconf 85' lang='lat' dir='ltr'><strong>ﬁlius</strong></span> <span class='ocrx_word' id='word_1_332' title='bbox 1636 919 1663 946; x_wconf 93' lang='lat' dir='ltr'><strong>in</strong></span> 
     </span>
    </p>
   </div>
   <div class='ocr_carea' id='block_1_48' title="bbox 869 964 1664 1001">
    <p class='ocr_par' dir='ltr' id='par_1_48' title="bbox 869 964 1664 1001">
     <span class='ocr_line' id='line_1_48' title="bbox 869 964 1664 1001; baseline -0.005 -8"><span class='ocrx_word' id='word_1_333' title='bbox 869 965 981 1000; x_wconf 85' lang='lat' dir='ltr'><strong>negotiis</strong></span> <span class='ocrx_word' id='word_1_334' title='bbox 999 965 1119 1001; x_wconf 87' lang='lat' dir='ltr'><strong>paternis</strong></span> <span class='ocrx_word' id='word_1_335' title='bbox 1140 964 1245 1000; x_wconf 84' lang='lat' dir='ltr'><strong>sibique</strong></span> <span class='ocrx_word' id='word_1_336' title='bbox 1261 964 1319 1000; x_wconf 90' lang='lat' dir='ltr'><strong>ipse</strong></span> <span class='ocrx_word' id='word_1_337' title='bbox 1340 964 1467 993; x_wconf 88' lang='lat' dir='ltr'><strong>laborans</strong></span> <span class='ocrx_word' id='word_1_338' title='bbox 1486 964 1664 991; x_wconf 80' lang='lat' dir='ltr'><strong>murmurat?</strong></span> 
     </span>
    </p>
   </div>
   <div class='ocr_carea' id='block_1_49' title="bbox 903 1007 1660 1045">
    <p class='ocr_par' dir='ltr' id='par_1_49' title="bbox 903 1007 1660 1045">
     <span class='ocr_line' id='line_1_49' title="bbox 903 1007 1660 1045; baseline -0.005 -7"><span class='ocrx_word' id='word_1_339' title='bbox 903 1011 935 1038; x_wconf 89' lang='lat' dir='ltr'><strong>In</strong></span> <span class='ocrx_word' id='word_1_340' title='bbox 946 1010 1034 1038; x_wconf 83' lang='lat' dir='ltr'><strong>medio</strong></span> <span class='ocrx_word' id='word_1_341' title='bbox 1043 1011 1164 1038; x_wconf 80' lang='lat' dir='ltr'><strong>nationis</strong></span> <span class='ocrx_word' id='word_1_342' title='bbox 1174 1017 1266 1044; x_wconf 76' lang='lat' dir='ltr'><strong>pravw</strong></span> <span class='ocrx_word' id='word_1_343' title='bbox 1278 1012 1303 1037; x_wconf 84' lang='lat' dir='ltr'><strong>et</strong></span> <span class='ocrx_word' id='word_1_344' title='bbox 1312 1017 1457 1045; x_wconf 72' lang='lat' dir='ltr'><strong>perversw.</strong></span> <span class='ocrx_word' id='word_1_345' title='bbox 1469 1009 1548 1041; x_wconf 82' lang='lat' dir='ltr'><strong>Novi,</strong></span> <span class='ocrx_word' id='word_1_346' title='bbox 1561 1007 1660 1044; x_wconf 87' lang='lat' dir='ltr'><strong>inquit,</strong></span> 
     </span>
    </p>
   </div>
   <div class='ocr_carea' id='block_1_50' title="bbox 870 1053 1663 1090">
    <p class='ocr_par' dir='ltr' id='par_1_50' title="bbox 870 1053 1663 1090">
     <span class='ocr_line' id='line_1_50' title="bbox 870 1053 1663 1090; baseline -0.003 -8"><span class='ocrx_word' id='word_1_347' title='bbox 870 1055 973 1083; x_wconf 91' lang='lat' dir='ltr'><strong>multos</strong></span> <span class='ocrx_word' id='word_1_348' title='bbox 993 1062 1053 1083; x_wconf 89' lang='lat' dir='ltr'><strong>esse</strong></span> <span class='ocrx_word' id='word_1_349' title='bbox 1068 1055 1113 1090; x_wconf 91' lang='lat' dir='ltr'><strong>qui</strong></span> <span class='ocrx_word' id='word_1_350' title='bbox 1130 1054 1232 1082; x_wconf 88' lang='lat' dir='ltr'><strong>bellum</strong></span> <span class='ocrx_word' id='word_1_351' title='bbox 1245 1058 1342 1090; x_wconf 82' lang='lat' dir='ltr'><strong>gerant</strong></span> <span class='ocrx_word' id='word_1_352' title='bbox 1368 1053 1513 1082; x_wconf 86' lang='lat' dir='ltr'><strong>adversum</strong></span> <span class='ocrx_word' id='word_1_353' title='bbox 1533 1061 1592 1086; x_wconf 76' lang='lat' dir='ltr'><strong>vos.</strong></span> <span class='ocrx_word' id='word_1_354' title='bbox 1616 1060 1663 1080; x_wconf 87' lang='lat' dir='ltr'><strong>co-</strong></span> 
     </span>
    </p>
   </div>
   <div class='ocr_carea' id='block_1_51' title="bbox 868 1097 1662 1135">
    <p class='ocr_par' dir='ltr' id='par_1_51' title="bbox 868 1097 1662 1135">
     <span class='ocr_line' id='line_1_51' title="bbox 868 1097 1662 1135; baseline -0.003 -9"><span class='ocrx_word' id='word_1_355' title='bbox 868 1103 961 1135; x_wconf 85' lang='lat' dir='ltr'><strong>gentes</strong></span> <span class='ocrx_word' id='word_1_356' title='bbox 982 1099 1018 1126; x_wconf 87' lang='lat' dir='ltr'><strong>ita</strong></span> <span class='ocrx_word' id='word_1_357' title='bbox 1043 1105 1090 1126; x_wconf 89' lang='lat' dir='ltr'><strong>vos</strong></span> <span class='ocrx_word' id='word_1_358' title='bbox 1104 1105 1290 1130; x_wconf 82' lang='lat' dir='ltr'><strong>murmurare;</strong></span> <span class='ocrx_word' id='word_1_359' title='bbox 1306 1105 1401 1125; x_wconf 87' lang='lat' dir='ltr'><strong>verum</strong></span> <span class='ocrx_word' id='word_1_360' title='bbox 1418 1098 1596 1133; x_wconf 85' lang='lat' dir='ltr'><strong>potissimum</strong></span> <span class='ocrx_word' id='word_1_361' title='bbox 1610 1097 1662 1124; x_wconf 89' lang='lat' dir='ltr'><strong>hoc</strong></span> 
     </span>
    </p>
   </div>
   <div class='ocr_carea' id='block_1_52' title="bbox 867 1141 1588 1178">
    <p class='ocr_par' dir='ltr' id='par_1_52' title="bbox 867 1141 1588 1178">
     <span class='ocr_line' id='line_1_52' title="bbox 867 1141 1588 1178; baseline -0.003 -6"><span class='ocrx_word' id='word_1_362' title='bbox 867 1147 908 1172; x_wconf 89' lang='lat' dir='ltr'><strong>est</strong></span> <span class='ocrx_word' id='word_1_363' title='bbox 932 1142 1106 1177; x_wconf 86' lang='lat' dir='ltr'><strong>laudandum,</strong></span> <span class='ocrx_word' id='word_1_364' title='bbox 1123 1142 1144 1170; x_wconf 88' lang='lat' dir='ltr'><strong>si</strong></span> <span class='ocrx_word' id='word_1_365' title='bbox 1160 1142 1221 1178; x_wconf 86' lang='lat' dir='ltr'><strong>quis</strong></span> <span class='ocrx_word' id='word_1_366' title='bbox 1241 1142 1362 1170; x_wconf 80' lang='lat' dir='ltr'><strong>irritatus</strong></span> <span class='ocrx_word' id='word_1_367' title='bbox 1383 1142 1419 1169; x_wconf 90' lang='lat' dir='ltr'><strong>nil</strong></span> <span class='ocrx_word' id='word_1_368' title='bbox 1434 1142 1487 1170; x_wconf 82' lang='lat' dir='ltr'><strong>tale</strong></span> <span class='ocrx_word' id='word_1_369' title='bbox 1498 1141 1588 1170; x_wconf 80' lang='lat' dir='ltr'><strong>faciat.</strong></span> 
     </span>
    </p>
   </div>
   <div class='ocr_carea' id='block_1_53' title="bbox 901 1240 1661 1275">
    <p class='ocr_par' dir='ltr' id='par_1_53' title="bbox 901 1240 1661 1275">
     <span class='ocr_line' id='line_1_53' title="bbox 901 1240 1661 1275; baseline -0.004 -7"><span class='ocrx_word' id='word_1_370' title='bbox 901 1241 990 1268; x_wconf 76' lang='lat' dir='ltr'><strong>Vsns.</strong></span> <span class='ocrx_word' id='word_1_371' title='bbox 1010 1243 1053 1274; x_wconf 89' lang='lat'><strong>15,</strong></span> <span class='ocrx_word' id='word_1_372' title='bbox 1069 1243 1111 1268; x_wconf 85' lang='lat'><strong>16.</strong></span> <span class='ocrx_word' id='word_1_373' title='bbox 1127 1241 1159 1268; x_wconf 86' lang='lat' dir='ltr'><strong>In</strong></span> <span class='ocrx_word' id='word_1_374' title='bbox 1171 1241 1268 1275; x_wconf 78' lang='lat' dir='ltr'><strong>quibus</strong></span> <span class='ocrx_word' id='word_1_375' title='bbox 1285 1241 1366 1268; x_wconf 85' lang='lat' dir='ltr'><strong>lucete</strong></span> <span class='ocrx_word' id='word_1_376' title='bbox 1381 1241 1455 1268; x_wconf 82' lang='lat' dir='ltr'><strong>sicut</strong></span> <span class='ocrx_word' id='word_1_377' title='bbox 1470 1240 1615 1267; x_wconf 76' lang='lat' dir='ltr'><strong>luminaria</strong></span> <span class='ocrx_word' id='word_1_378' title='bbox 1633 1240 1661 1266; x_wconf 80' lang='lat' dir='ltr'><strong>in</strong></span> 
     </span>
    </p>
   </div>
   <div class='ocr_carea' id='block_1_54' title="bbox 865 1284 1662 1321">
    <p class='ocr_par' dir='ltr' id='par_1_54' title="bbox 865 1284 1662 1321">
     <span class='ocr_line' id='line_1_54' title="bbox 865 1284 1662 1321; baseline 0 -10"><span class='ocrx_word' id='word_1_379' title='bbox 865 1285 976 1316; x_wconf 77' lang='lat' dir='ltr'><strong>mundo,</strong></span> <span class='ocrx_word' id='word_1_380' title='bbox 997 1286 1060 1313; x_wconf 65' lang='lat' dir='ltr'><strong>vita</strong></span> <span class='ocrx_word' id='word_1_381' title='bbox 1079 1285 1187 1312; x_wconf 82' lang='lat' dir='ltr'><strong>verbum</strong></span> <span class='ocrx_word' id='word_1_382' title='bbox 1201 1285 1338 1313; x_wconf 81' lang='lat' dir='ltr'><strong>habentes.</strong></span> <span class='ocrx_word' id='word_1_383' title='bbox 1368 1287 1454 1321; x_wconf 71' lang='lat' dir='ltr'><strong>Eque</strong></span> <span class='ocrx_word' id='word_1_384' title='bbox 1464 1292 1495 1312; x_wconf 87' lang='lat' dir='ltr'><strong>ac</strong></span> <span class='ocrx_word' id='word_1_385' title='bbox 1517 1284 1662 1312; x_wconf 83' lang='lat' dir='ltr'><strong>luminaria</strong></span> 
     </span>
    </p>
   </div>
   <div class='ocr_carea' id='block_1_55' title="bbox 865 1328 1660 1363">
    <p class='ocr_par' dir='ltr' id='par_1_55' title="bbox 865 1328 1660 1363">
     <span class='ocr_line' id='line_1_55' title="bbox 865 1328 1660 1363; baseline 0 -7"><span class='ocrx_word' id='word_1_386' title='bbox 865 1329 893 1356; x_wconf 90' lang='lat' dir='ltr'><strong>in</strong></span> <span class='ocrx_word' id='word_1_387' title='bbox 905 1329 1024 1357; x_wconf 85' lang='lat' dir='ltr'><strong>tenebris</strong></span> <span class='ocrx_word' id='word_1_388' title='bbox 1038 1329 1140 1363; x_wconf 88' lang='lat' dir='ltr'><strong>lucent,</strong></span> <span class='ocrx_word' id='word_1_389' title='bbox 1155 1329 1227 1357; x_wconf 90' lang='lat' dir='ltr'><strong>hunc</strong></span> <span class='ocrx_word' id='word_1_390' title='bbox 1241 1329 1276 1357; x_wconf 87' lang='lat' dir='ltr'><strong>ad</strong></span> <span class='ocrx_word' id='word_1_391' title='bbox 1293 1329 1408 1357; x_wconf 90' lang='lat' dir='ltr'><strong>modum</strong></span> <span class='ocrx_word' id='word_1_392' title='bbox 1420 1334 1448 1357; x_wconf 85' lang='lat' dir='ltr'><strong>et</strong></span> <span class='ocrx_word' id='word_1_393' title='bbox 1463 1337 1510 1357; x_wconf 87' lang='lat' dir='ltr'><strong>vos</strong></span> <span class='ocrx_word' id='word_1_394' title='bbox 1520 1329 1548 1356; x_wconf 90' lang='lat' dir='ltr'><strong>in</strong></span> <span class='ocrx_word' id='word_1_395' title='bbox 1568 1328 1660 1356; x_wconf 91' lang='lat' dir='ltr'><strong>medio</strong></span> 
     </span>
    </p>
   </div>
   <div class='ocr_carea' id='block_1_56' title="bbox 863 1373 1657 1410">
    <p class='ocr_par' dir='ltr' id='par_1_56' title="bbox 863 1373 1657 1410">
     <span class='ocr_line' id='line_1_56' title="bbox 863 1373 1657 1410; baseline 0.001 -10"><span class='ocrx_word' id='word_1_396' title='bbox 863 1381 1063 1409; x_wconf 73' lang='lat' dir='ltr'><strong>perversurum,</strong></span> <span class='ocrx_word' id='word_1_397' title='bbox 1072 1374 1136 1401; x_wconf 87' lang='lat' dir='ltr'><strong>recti</strong></span> <span class='ocrx_word' id='word_1_398' title='bbox 1152 1382 1215 1401; x_wconf 90' lang='lat' dir='ltr'><strong>cum</strong></span> <span class='ocrx_word' id='word_1_399' title='bbox 1221 1374 1289 1408; x_wconf 80' lang='lat' dir='ltr'><strong>sitis,</strong></span> <span class='ocrx_word' id='word_1_400' title='bbox 1301 1374 1388 1410; x_wconf 80' lang='lat' dir='ltr'><strong>magis</strong></span> <span class='ocrx_word' id='word_1_401' title='bbox 1398 1373 1529 1409; x_wconf 81' lang='lat' dir='ltr'><strong>effulgere</strong></span> <span class='ocrx_word' id='word_1_402' title='bbox 1539 1373 1657 1401; x_wconf 87' lang='lat' dir='ltr'><strong>studete.</strong></span> 
     </span>
    </p>
   </div>
   <div class='ocr_carea' id='block_1_57' title="bbox 865 1417 1654 1455">
    <p class='ocr_par' dir='ltr' id='par_1_57' title="bbox 865 1417 1654 1455">
     <span class='ocr_line' id='line_1_57' title="bbox 865 1417 1654 1455; baseline 0 -10"><span class='ocrx_word' id='word_1_403' title='bbox 865 1419 924 1445; x_wconf 87' lang='lat' dir='ltr'><strong>Hoc</strong></span> <span class='ocrx_word' id='word_1_404' title='bbox 940 1418 1013 1445; x_wconf 89' lang='lat' dir='ltr'><strong>enim</strong></span> <span class='ocrx_word' id='word_1_405' title='bbox 1030 1418 1105 1455; x_wconf 89' lang='lat' dir='ltr'><strong>quod</strong></span> <span class='ocrx_word' id='word_1_406' title='bbox 1120 1419 1167 1451; x_wconf 82' lang='lat' dir='ltr'><strong>ait,</strong></span> <span class='ocrx_word' id='word_1_407' title='bbox 1182 1420 1288 1452; x_wconf 84' lang='lat' dir='ltr'><strong>Lucete,</strong></span> <span class='ocrx_word' id='word_1_408' title='bbox 1304 1419 1497 1454; x_wconf 85' lang='lat' dir='ltr'><strong>imperativum</strong></span> <span class='ocrx_word' id='word_1_409' title='bbox 1513 1425 1572 1446; x_wconf 83' lang='lat' dir='ltr'><strong>esse</strong></span> <span class='ocrx_word' id='word_1_410' title='bbox 1587 1417 1654 1445; x_wconf 91' lang='lat' dir='ltr'><strong>mihi</strong></span> 
     </span>
    </p>
   </div>
   <div class='ocr_carea' id='block_1_58' title="bbox 862 1462 1656 1497">
    <p class='ocr_par' dir='ltr' id='par_1_58' title="bbox 862 1462 1656 1497">
     <span class='ocr_line' id='line_1_58' title="bbox 862 1462 1656 1497; baseline -0.001 -7"><span class='ocrx_word' id='word_1_411' title='bbox 862 1462 979 1491; x_wconf 86' lang='lat' dir='ltr'><strong>videtur.</strong></span> <span class='ocrx_word' id='word_1_412' title='bbox 998 1464 1041 1497; x_wconf 84' lang='lat' dir='ltr'><strong>Et,</strong></span> <span class='ocrx_word' id='word_1_413' title='bbox 1056 1464 1173 1491; x_wconf 85' lang='lat' dir='ltr'><strong>Verbum</strong></span> <span class='ocrx_word' id='word_1_414' title='bbox 1186 1465 1247 1490; x_wconf 68' lang='lat' dir='ltr'><strong>vitae</strong></span> <span class='ocrx_word' id='word_1_415' title='bbox 1260 1464 1399 1494; x_wconf 76' lang='lat' dir='ltr'><strong>habentes,</strong></span> <span class='ocrx_word' id='word_1_416' title='bbox 1414 1463 1467 1491; x_wconf 88' lang='lat' dir='ltr'><strong>hoc</strong></span> <span class='ocrx_word' id='word_1_417' title='bbox 1488 1467 1540 1496; x_wconf 80' lang='lat' dir='ltr'><strong>est.</strong></span> <span class='ocrx_word' id='word_1_418' title='bbox 1555 1464 1656 1490; x_wconf 80' lang='lat' dir='ltr'><strong>Semen</strong></span> 
     </span>
    </p>
   </div>
   <div class='ocr_carea' id='block_1_59' title="bbox 861 1507 1658 1543">
    <p class='ocr_par' dir='ltr' id='par_1_59' title="bbox 861 1507 1658 1543">
     <span class='ocr_line' id='line_1_59' title="bbox 861 1507 1658 1543; baseline 0 -9"><span class='ocrx_word' id='word_1_419' title='bbox 861 1507 922 1535; x_wconf 71' lang='lat' dir='ltr'><strong>vita:</strong></span> <span class='ocrx_word' id='word_1_420' title='bbox 946 1507 973 1534; x_wconf 94' lang='lat' dir='ltr'><strong>in</strong></span> <span class='ocrx_word' id='word_1_421' title='bbox 987 1507 1065 1535; x_wconf 83' lang='lat' dir='ltr'><strong>vobis</strong></span> <span class='ocrx_word' id='word_1_422' title='bbox 1080 1508 1144 1543; x_wconf 88' lang='lat' dir='ltr'><strong>ipsis</strong></span> <span class='ocrx_word' id='word_1_423' title='bbox 1160 1508 1301 1541; x_wconf 83' lang='lat' dir='ltr'><strong>habentes,</strong></span> <span class='ocrx_word' id='word_1_424' title='bbox 1331 1513 1358 1535; x_wconf 88' lang='lat' dir='ltr'><strong>et</strong></span> <span class='ocrx_word' id='word_1_425' title='bbox 1380 1507 1476 1535; x_wconf 85' lang='lat' dir='ltr'><strong>victuri</strong></span> <span class='ocrx_word' id='word_1_426' title='bbox 1492 1508 1616 1542; x_wconf 88' lang='lat' dir='ltr'><strong>posthac,</strong></span> <span class='ocrx_word' id='word_1_427' title='bbox 1631 1510 1658 1534; x_wconf 83' lang='lat' dir='ltr'><strong>et</strong></span> 
     </span>
    </p>
   </div>
   <div class='ocr_carea' id='block_1_60' title="bbox 3 1545 838 1589">
    <p class='ocr_par' dir='ltr' id='par_1_60' title="bbox 3 1545 838 1589">
     <span class='ocr_line' id='line_1_60' title="bbox 3 1545 838 1589; baseline 0.007 -16"><span class='ocrx_word' id='word_1_428' title='bbox 3 1545 158 1584; x_wconf 71' lang='grc' dir='ltr'>ἆῤῥαεῶνα</span> <span class='ocrx_word' id='word_1_429' title='bbox 182 1547 229 1581; x_wconf 82' lang='grc' dir='ltr'><strong>τῆς</strong></span> <span class='ocrx_word' id='word_1_430' title='bbox 249 1546 380 1585; x_wconf 84' lang='grc' dir='ltr'>σωτηρίας</span> <span class='ocrx_word' id='word_1_431' title='bbox 404 1547 538 1581; x_wconf 77' lang='grc' dir='ltr'>λαϐόντες.</span> <span class='ocrx_word' id='word_1_432' title='bbox 559 1547 597 1578; x_wconf 87' lang='grc' dir='ltr'><strong>Ἦ</strong></span> <span class='ocrx_word' id='word_1_433' title='bbox 610 1571 618 1587; x_wconf 78' lang='lat'><strong>,</strong></span> <span class='ocrx_word' id='word_1_434' title='bbox 641 1549 680 1577; x_wconf 79' lang='grc' dir='ltr'><strong>ὅτι</strong></span> <span class='ocrx_word' id='word_1_435' title='bbox 700 1548 807 1589; x_wconf 72' lang='grc' dir='ltr'>⁰Ωσπερ</span> <span class='ocrx_word' id='word_1_436' title='bbox 822 1553 838 1585; x_wconf 76' lang='lat' dir='ltr'><strong><em>C</em></strong></span> 
     </span>
    </p>
   </div>
   <div class='ocr_carea' id='block_1_61' title="bbox 891 1545 1656 1589">
    <p class='ocr_par' dir='ltr' id='par_1_61' title="bbox 892 1551 1656 1588">
     <span class='ocr_line' id='line_1_61' title="bbox 892 1551 1656 1588; baseline 0 -10"><span class='ocrx_word' id='word_1_437' title='bbox 892 1551 1040 1579; x_wconf 83' lang='lat' dir='ltr'><strong>rhabouem</strong></span> <span class='ocrx_word' id='word_1_438' title='bbox 1063 1552 1157 1580; x_wconf 85' lang='lat' dir='ltr'><strong>salutis</strong></span> <span class='ocrx_word' id='word_1_439' title='bbox 1185 1553 1244 1588; x_wconf 86' lang='lat' dir='ltr'><strong>jam</strong></span> <span class='ocrx_word' id='word_1_440' title='bbox 1270 1560 1342 1580; x_wconf 89' lang='lat' dir='ltr'><strong>nunc</strong></span> <span class='ocrx_word' id='word_1_441' title='bbox 1379 1552 1552 1587; x_wconf 83' lang='lat' dir='ltr'><strong>accipientes.</strong></span> <span class='ocrx_word' id='word_1_442' title='bbox 1585 1551 1656 1578; x_wconf 87' lang='lat' dir='ltr'><strong>Vel:</strong></span> 
     </span>
    </p>
   </div>
   <div class='ocr_carea' id='block_1_62' title="bbox 3 1590 808 1630">
    <p class='ocr_par' dir='ltr' id='par_1_62' title="bbox 3 1590 808 1630">
     <span class='ocr_line' id='line_1_62' title="bbox 3 1590 808 1630; baseline 0.01 -13"><span class='ocrx_word' id='word_1_443' title='bbox 3 1591 27 1616; x_wconf 68' lang='grc' dir='ltr'>οἱ</span> <span class='ocrx_word' id='word_1_444' title='bbox 46 1591 192 1630; x_wconf 66' lang='grc' dir='ltr'>φωστῆρες</span> <span class='ocrx_word' id='word_1_445' title='bbox 212 1590 258 1619; x_wconf 88' lang='grc' dir='ltr'>καὶ</span> <span class='ocrx_word' id='word_1_446' title='bbox 287 1592 428 1630; x_wconf 80' lang='grc' dir='ltr'>φωτίζουσι</span> <span class='ocrx_word' id='word_1_447' title='bbox 452 1592 498 1621; x_wconf 82' lang='grc' dir='ltr'>καὶ</span> <span class='ocrx_word' id='word_1_448' title='bbox 522 1593 667 1626; x_wconf 79' lang='grc' dir='ltr'>ἀναζωοῧσι</span> <span class='ocrx_word' id='word_1_449' title='bbox 693 1593 726 1622; x_wconf 78' lang='grc' dir='ltr'><strong>τὰ</strong></span> <span class='ocrx_word' id='word_1_450' title='bbox 756 1594 808 1624; x_wconf 83' lang='grc' dir='ltr'><strong>σώ-</strong></span> 
     </span>
    </p>
   </div>
   <div class='ocr_carea' id='block_1_63' title="bbox 4 1634 808 1675">
    <p class='ocr_par' dir='ltr' id='par_1_63' title="bbox 4 1634 808 1675">
     <span class='ocr_line' id='line_1_63' title="bbox 4 1634 808 1675; baseline 0.009 -14"><span class='ocrx_word' id='word_1_451' title='bbox 4 1645 83 1669; x_wconf 80' lang='grc' dir='ltr'>ματα</span> <span class='ocrx_word' id='word_1_452' title='bbox 108 1635 144 1673; x_wconf 81' lang='grc' dir='ltr'><strong>τῇ</strong></span> <span class='ocrx_word' id='word_1_453' title='bbox 165 1634 259 1675; x_wconf 70' lang='grc' dir='ltr'>θάλψει</span> <span class='ocrx_word' id='word_1_454' title='bbox 274 1635 310 1671; x_wconf 80' lang='grc'><strong>⁸³,</strong></span> <span class='ocrx_word' id='word_1_455' title='bbox 334 1636 402 1665; x_wconf 77' lang='grc' dir='ltr'>οὕτω</span> <span class='ocrx_word' id='word_1_456' title='bbox 424 1638 469 1665; x_wconf 83' lang='grc' dir='ltr'>καὶ</span> <span class='ocrx_word' id='word_1_457' title='bbox 486 1638 559 1675; x_wconf 78' lang='grc' dir='ltr'>ὑμεῖς</span> <span class='ocrx_word' id='word_1_458' title='bbox 580 1637 714 1667; x_wconf 78' lang='grc' dir='ltr'>σπεύσατε</span> <span class='ocrx_word' id='word_1_459' title='bbox 740 1634 808 1669; x_wconf 78' lang='grc' dir='ltr'>εἶναι</span> 
     </span>
    </p>
   </div>
   <div class='ocr_carea' id='block_1_64' title="bbox 2 1679 581 1720">
    <p class='ocr_par' dir='ltr' id='par_1_64' title="bbox 2 1679 581 1720">
     <span class='ocr_line' id='line_1_64' title="bbox 2 1679 581 1720; baseline 0.009 -14"><span class='ocrx_word' id='word_1_460' title='bbox 2 1679 110 1713; x_wconf 72' lang='grc' dir='ltr'>ζωτικὴ</span> <span class='ocrx_word' id='word_1_461' title='bbox 128 1683 181 1713; x_wconf 89' lang='grc' dir='ltr'>τοῖς</span> <span class='ocrx_word' id='word_1_462' title='bbox 197 1679 286 1713; x_wconf 75' lang='grc' dir='ltr'>ἄλλοις</span> <span class='ocrx_word' id='word_1_463' title='bbox 302 1679 448 1720; x_wconf 79' lang='grc' dir='ltr'>ἀνθρώποις</span> <span class='ocrx_word' id='word_1_464' title='bbox 463 1681 581 1720; x_wconf 79' lang='grc' dir='ltr'>δύναμις.</span> 
     </span>
    </p>
   </div>
   <div class='ocr_carea' id='block_1_65' title="bbox 47 1723 805 1765">
    <p class='ocr_par' dir='ltr' id='par_1_65' title="bbox 47 1723 805 1765">
     <span class='ocr_line' id='line_1_65' title="bbox 47 1723 805 1765; baseline 0.011 -16"><span class='ocrx_word' id='word_1_465' title='bbox 47 1736 59 1749; x_wconf 71' lang='grc' dir='ltr'><strong>ε</strong></span> <span class='ocrx_word' id='word_1_466' title='bbox 76 1724 128 1756; x_wconf 79' lang='grc' dir='ltr'>Εἷς</span> <span class='ocrx_word' id='word_1_467' title='bbox 139 1723 268 1763; x_wconf 79' lang='grc' dir='ltr'>καύχημα</span> <span class='ocrx_word' id='word_1_468' title='bbox 278 1725 337 1763; x_wconf 78' lang='grc' dir='ltr'>ἐμοὶ</span> <span class='ocrx_word' id='word_1_469' title='bbox 345 1726 380 1758; x_wconf 80' lang='grc' dir='ltr'><strong>εἰς</strong></span> <span class='ocrx_word' id='word_1_470' title='bbox 389 1725 492 1765; x_wconf 79' lang='grc' dir='ltr'>ἡμέραν</span> <span class='ocrx_word' id='word_1_471' title='bbox 505 1727 631 1765; x_wconf 76' lang='grc' dir='ltr'>Χριστοῦ.</span> <span class='ocrx_word' id='word_1_472' title='bbox 644 1741 653 1751; x_wconf 81' lang='grc' dir='ltr'>ι·</span> <span class='ocrx_word' id='word_1_473' title='bbox 668 1727 805 1764; x_wconf 77' lang='grc' dir='ltr'>Τοσαύτη,</span> 
     </span>
    </p>
   </div>
   <div class='ocr_carea' id='block_1_66' title="bbox 3 1767 808 1811">
    <p class='ocr_par' dir='ltr' id='par_1_66' title="bbox 3 1767 808 1811">
     <span class='ocr_line' id='line_1_66' title="bbox 3 1767 808 1811; baseline 0.007 -16"><span class='ocrx_word' id='word_1_474' title='bbox 3 1767 107 1806; x_wconf 64' lang='grc' dir='ltr'>φησὶν,</span> <span class='ocrx_word' id='word_1_475' title='bbox 124 1769 141 1803; x_wconf 79' lang='grc' dir='ltr'><strong>ἡ</strong></span> <span class='ocrx_word' id='word_1_476' title='bbox 157 1768 271 1808; x_wconf 79' lang='grc' dir='ltr'>ὑμετέρα</span> <span class='ocrx_word' id='word_1_477' title='bbox 292 1768 372 1809; x_wconf 76' lang='grc' dir='ltr'>ἀρετὴ</span> <span class='ocrx_word' id='word_1_478' title='bbox 387 1769 472 1806; x_wconf 82' lang='grc' dir='ltr'>ἔστω,</span> <span class='ocrx_word' id='word_1_479' title='bbox 497 1770 566 1800; x_wconf 80' lang='grc' dir='ltr'>ὥστε</span> <span class='ocrx_word' id='word_1_480' title='bbox 584 1771 621 1809; x_wconf 82' lang='grc' dir='ltr'><strong>μὴ</strong></span> <span class='ocrx_word' id='word_1_481' title='bbox 640 1771 718 1809; x_wconf 82' lang='grc' dir='ltr'>μόνον</span> <span class='ocrx_word' id='word_1_482' title='bbox 739 1774 808 1811; x_wconf 78' lang='grc' dir='ltr'>ὑμᾶς</span> 
     </span>
    </p>
   </div>
   <div class='ocr_carea' id='block_1_67' title="bbox 4 1811 807 1856">
    <p class='ocr_par' dir='ltr' id='par_1_67' title="bbox 4 1811 807 1856">
     <span class='ocr_line' id='line_1_67' title="bbox 4 1811 807 1856; baseline 0.009 -17"><span class='ocrx_word' id='word_1_483' title='bbox 4 1813 40 1844; x_wconf 83' lang='grc' dir='ltr'>εἷς</span> <span class='ocrx_word' id='word_1_484' title='bbox 53 1811 106 1847; x_wconf 81' lang='grc' dir='ltr'><strong>τὴν</strong></span> <span class='ocrx_word' id='word_1_485' title='bbox 124 1812 191 1848; x_wconf 82' lang='grc' dir='ltr'>ζωὴν</span> <span class='ocrx_word' id='word_1_486' title='bbox 208 1813 297 1852; x_wconf 81' lang='grc' dir='ltr'>ἄγειν,</span> <span class='ocrx_word' id='word_1_487' title='bbox 321 1814 388 1844; x_wconf 73' lang='grc' dir='ltr'>ἀλλὰ</span> <span class='ocrx_word' id='word_1_488' title='bbox 404 1814 450 1844; x_wconf 73' lang='grc' dir='ltr'>καὶ</span> <span class='ocrx_word' id='word_1_489' title='bbox 465 1814 511 1853; x_wconf 73' lang='grc' dir='ltr'><strong>ἐμὲ</strong></span> <span class='ocrx_word' id='word_1_490' title='bbox 525 1816 708 1856; x_wconf 80' lang='grc' dir='ltr'>λαμπρότερον</span> <span class='ocrx_word' id='word_1_491' title='bbox 723 1823 807 1847; x_wconf 81' lang='grc' dir='ltr'>ποιεῖν</span> 
     </span>
    </p>
   </div>
   <div class='ocr_carea' id='block_1_68' title="bbox 4 1857 434 1898">
    <p class='ocr_par' dir='ltr' id='par_1_68' title="bbox 4 1857 434 1898">
     <span class='ocr_line' id='line_1_68' title="bbox 4 1857 434 1898; baseline 0.007 -14"><span class='ocrx_word' id='word_1_492' title='bbox 4 1857 31 1885; x_wconf 82' lang='grc' dir='ltr'>ἔν</span> <span class='ocrx_word' id='word_1_493' title='bbox 47 1859 84 1896; x_wconf 82' lang='grc' dir='ltr'><strong>τῇ</strong></span> <span class='ocrx_word' id='word_1_494' title='bbox 99 1857 232 1897; x_wconf 76' lang='grc' dir='ltr'>παρουσίᾳ</span> <span class='ocrx_word' id='word_1_495' title='bbox 247 1860 295 1887; x_wconf 76' lang='grc' dir='ltr'><strong>τοῦ</strong></span> <span class='ocrx_word' id='word_1_496' title='bbox 308 1859 434 1898; x_wconf 76' lang='grc' dir='ltr'>Χριστοῦ.</span> 
     </span>
    </p>
   </div>
   <div class='ocr_carea' id='block_1_69' title="bbox 51 1900 806 1945">
    <p class='ocr_par' dir='ltr' id='par_1_69' title="bbox 51 1900 806 1945">
     <span class='ocr_line' id='line_1_69' title="bbox 51 1900 806 1945; baseline 0.009 -16"><span class='ocrx_word' id='word_1_497' title='bbox 51 1912 66 1930; x_wconf 87' lang='grc' dir='ltr'>ι(</span> <span class='ocrx_word' id='word_1_498' title='bbox 97 1900 166 1932; x_wconf 82' lang='grc' dir='ltr'>Ὅτι</span> <span class='ocrx_word' id='word_1_499' title='bbox 190 1903 237 1931; x_wconf 79' lang='grc' dir='ltr'><strong>οὖκ</strong></span> <span class='ocrx_word' id='word_1_500' title='bbox 266 1903 303 1937; x_wconf 80' lang='grc' dir='ltr'>εἷς</span> <span class='ocrx_word' id='word_1_501' title='bbox 326 1903 400 1933; x_wconf 81' lang='grc' dir='ltr'>κενὸν</span> <span class='ocrx_word' id='word_1_502' title='bbox 423 1903 557 1945; x_wconf 75' lang='grc' dir='ltr'>ἔδραμον,</span> <span class='ocrx_word' id='word_1_503' title='bbox 586 1905 643 1934; x_wconf 81' lang='grc' dir='ltr'>οὐδὲ</span> <span class='ocrx_word' id='word_1_504' title='bbox 669 1907 704 1939; x_wconf 82' lang='grc' dir='ltr'>εἷς</span> <span class='ocrx_word' id='word_1_505' title='bbox 733 1907 806 1936; x_wconf 85' lang='grc' dir='ltr'>κενὸν</span> 
     </span>
    </p>
   </div>
   <div class='ocr_carea' id='block_1_70' title="bbox 5 1946 806 1990">
    <p class='ocr_par' dir='ltr' id='par_1_70' title="bbox 5 1946 806 1990">
     <span class='ocr_line' id='line_1_70' title="bbox 5 1946 806 1990; baseline 0.009 -17"><span class='ocrx_word' id='word_1_506' title='bbox 5 1946 153 1977; x_wconf 82' lang='grc' dir='ltr'>ἰκοπίασα.</span> <span class='ocrx_word' id='word_1_507' title='bbox 164 1957 179 1975; x_wconf 73' lang='grc' dir='ltr'><strong><em>ι</em></strong></span> <span class='ocrx_word' id='word_1_508' title='bbox 198 1947 285 1977; x_wconf 69' lang='grc' dir='ltr'>Τοῦτό</span> <span class='ocrx_word' id='word_1_509' title='bbox 301 1959 346 1986; x_wconf 87' lang='grc' dir='ltr'><strong>μοι</strong></span> <span class='ocrx_word' id='word_1_510' title='bbox 364 1947 492 1988; x_wconf 75' lang='grc' dir='ltr'>καύχημα</span> <span class='ocrx_word' id='word_1_511' title='bbox 503 1972 511 1984; x_wconf 84' lang='lat'><strong>,</strong></span> <span class='ocrx_word' id='word_1_512' title='bbox 535 1950 575 1980; x_wconf 77' lang='grc' dir='ltr'><strong>ὅτι</strong></span> <span class='ocrx_word' id='word_1_513' title='bbox 590 1950 721 1984; x_wconf 84' lang='grc' dir='ltr'>τοιούτους</span> <span class='ocrx_word' id='word_1_514' title='bbox 738 1953 806 1990; x_wconf 78' lang='grc' dir='ltr'>ὑμᾶς</span> 
     </span>
    </p>
   </div>
   <div class='ocr_carea' id='block_1_71' title="bbox 7 1990 805 2034">
    <p class='ocr_par' dir='ltr' id='par_1_71' title="bbox 7 1990 805 2034">
     <span class='ocr_line' id='line_1_71' title="bbox 7 1990 805 2034; baseline 0.009 -16"><span class='ocrx_word' id='word_1_515' title='bbox 7 1990 175 2028; x_wconf 80' lang='grc' dir='ltr'>ἐπαίδευσα,</span> <span class='ocrx_word' id='word_1_516' title='bbox 203 1992 248 2021; x_wconf 78' lang='grc' dir='ltr'>καὶ</span> <span class='ocrx_word' id='word_1_517' title='bbox 273 1993 302 2022; x_wconf 79' lang='grc' dir='ltr'>οὗ</span> <span class='ocrx_word' id='word_1_518' title='bbox 325 1993 396 2026; x_wconf 78' lang='grc' dir='ltr'>κενός</span> <span class='ocrx_word' id='word_1_519' title='bbox 423 2005 473 2031; x_wconf 88' lang='grc' dir='ltr'><strong>μου</strong></span> <span class='ocrx_word' id='word_1_520' title='bbox 496 1994 520 2012; x_wconf 77' lang='grc'>⁸⁴</span> <span class='ocrx_word' id='word_1_521' title='bbox 546 1995 560 2023; x_wconf 77' lang='grc' dir='ltr'>ὁ</span> <span class='ocrx_word' id='word_1_522' title='bbox 583 1995 622 2034; x_wconf 79' lang='grc' dir='ltr'><strong>ἐφ’</strong></span> <span class='ocrx_word' id='word_1_523' title='bbox 642 1997 702 2034; x_wconf 81' lang='grc' dir='ltr'>ὑμῖν</span> <span class='ocrx_word' id='word_1_524' title='bbox 725 1995 805 2030; x_wconf 82' lang='grc' dir='ltr'>κόπος</span> 
     </span>
    </p>
   </div>
   <div class='ocr_carea' id='block_1_72' title="bbox 5 2035 127 2074">
    <p class='ocr_par' dir='ltr' id='par_1_72' title="bbox 5 2035 127 2074">
     <span class='ocr_line' id='line_1_72' title="bbox 5 2035 127 2074; baseline 0.016 -11"><span class='ocrx_word' id='word_1_525' title='bbox 5 2035 127 2074; x_wconf 82' lang='grc' dir='ltr'>γέγονεν.</span> 
     </span>
    </p>
   </div>
   <div class='ocr_carea' id='block_1_73' title="bbox 48 2080 804 2123">
    <p class='ocr_par' dir='ltr' id='par_1_73' title="bbox 48 2080 804 2123">
     <span class='ocr_line' id='line_1_73' title="bbox 48 2080 804 2123; baseline 0.008 -15"><span class='ocrx_word' id='word_1_526' title='bbox 48 2091 63 2106; x_wconf 71' lang='grc' dir='ltr'>ι</span> <span class='ocrx_word' id='word_1_527' title='bbox 87 2080 160 2109; x_wconf 83' lang='grc' dir='ltr'>Ἀλλ’</span> <span class='ocrx_word' id='word_1_528' title='bbox 177 2081 199 2109; x_wconf 79' lang='grc' dir='ltr'>εἶ</span> <span class='ocrx_word' id='word_1_529' title='bbox 224 2081 269 2110; x_wconf 83' lang='grc' dir='ltr'><strong>καὶ</strong></span> <span class='ocrx_word' id='word_1_530' title='bbox 292 2080 437 2119; x_wconf 80' lang='grc' dir='ltr'>σπένδομαι</span> <span class='ocrx_word' id='word_1_531' title='bbox 462 2083 505 2112; x_wconf 84' lang='grc' dir='ltr'><strong>ἐπὶ</strong></span> <span class='ocrx_word' id='word_1_532' title='bbox 583 2083 660 2123; x_wconf 73' lang='grc' dir='ltr'>θυσίᾳ</span> <span class='ocrx_word' id='word_1_533' title='bbox 684 2083 730 2114; x_wconf 77' lang='grc' dir='ltr'>καὶ</span> <span class='ocrx_word' id='word_1_534' title='bbox 749 2085 804 2114; x_wconf 86' lang='grc' dir='ltr'>λει-</span> 
     </span>
    </p>
   </div>
   <div class='ocr_carea' id='block_1_74' title="bbox 7 2125 803 2170">
    <p class='ocr_par' dir='ltr' id='par_1_74' title="bbox 7 2125 803 2170">
     <span class='ocr_line' id='line_1_74' title="bbox 7 2125 803 2170; baseline 0.009 -18"><span class='ocrx_word' id='word_1_535' title='bbox 7 2125 120 2164; x_wconf 71' lang='grc' dir='ltr'>τουργίᾳ</span> <span class='ocrx_word' id='word_1_536' title='bbox 153 2126 200 2160; x_wconf 77' lang='grc' dir='ltr'><strong>τῆς</strong></span> <span class='ocrx_word' id='word_1_537' title='bbox 225 2126 338 2159; x_wconf 80' lang='grc' dir='ltr'>πίστεως</span> <span class='ocrx_word' id='word_1_538' title='bbox 366 2128 450 2163; x_wconf 79' lang='grc' dir='ltr'>ὑμῶν,</span> <span class='ocrx_word' id='word_1_539' title='bbox 476 2127 564 2166; x_wconf 81' lang='grc' dir='ltr'>χαίρω</span> <span class='ocrx_word' id='word_1_540' title='bbox 591 2129 637 2157; x_wconf 83' lang='grc' dir='ltr'><strong>καὶ</strong></span> <span class='ocrx_word' id='word_1_541' title='bbox 663 2130 803 2170; x_wconf 78' lang='grc' dir='ltr'>συγχαίρω</span> 
     </span>
    </p>
   </div>
   <div class='ocr_carea' id='block_1_75' title="bbox 7 2169 802 2214">
    <p class='ocr_par' dir='ltr' id='par_1_75' title="bbox 7 2169 802 2214">
     <span class='ocr_line' id='line_1_75' title="bbox 7 2169 802 2214; baseline 0.009 -18"><span class='ocrx_word' id='word_1_542' title='bbox 7 2173 88 2198; x_wconf 80' lang='grc' dir='ltr'>πᾶσιν</span> <span class='ocrx_word' id='word_1_543' title='bbox 116 2169 189 2208; x_wconf 76' lang='grc' dir='ltr'>ὑμῖν.</span> <span class='ocrx_word' id='word_1_544' title='bbox 214 2180 229 2199; x_wconf 77' lang='lat' dir='ltr'><strong>n</strong></span> <span class='ocrx_word' id='word_1_545' title='bbox 253 2171 287 2199; x_wconf 83' lang='grc' dir='ltr'>Εἰ</span> <span class='ocrx_word' id='word_1_546' title='bbox 313 2170 359 2199; x_wconf 81' lang='grc' dir='ltr'><strong>καὶ</strong></span> <span class='ocrx_word' id='word_1_547' title='bbox 379 2171 510 2206; x_wconf 78' lang='grc' dir='ltr'>τελευτῶ,</span> <span class='ocrx_word' id='word_1_548' title='bbox 538 2172 622 2212; x_wconf 81' lang='grc' dir='ltr'>φησί·</span> <span class='ocrx_word' id='word_1_549' title='bbox 650 2175 726 2202; x_wconf 81' lang='grc' dir='ltr'>τοῦτο</span> <span class='ocrx_word' id='word_1_550' title='bbox 752 2174 802 2214; x_wconf 81' lang='grc' dir='ltr'><strong>γὰρ</strong></span> 
     </span>
    </p>
   </div>
   <div class='ocr_carea' id='block_1_76' title="bbox 8 2214 803 2255">
    <p class='ocr_par' dir='ltr' id='par_1_76' title="bbox 8 2214 803 2255">
     <span class='ocr_line' id='line_1_76' title="bbox 8 2214 803 2255; baseline 0.008 -13"><span class='ocrx_word' id='word_1_551' title='bbox 8 2214 125 2250; x_wconf 72' lang='grc' dir='ltr'>σπονδὴν</span> <span class='ocrx_word' id='word_1_552' title='bbox 140 2215 233 2250; x_wconf 87' lang='grc' dir='ltr'>καλεῖ,</span> <span class='ocrx_word' id='word_1_553' title='bbox 249 2214 297 2250; x_wconf 87' lang='grc' dir='ltr'><strong>τὴν</strong></span> <span class='ocrx_word' id='word_1_554' title='bbox 312 2215 448 2251; x_wconf 84' lang='grc' dir='ltr'>τελευτήν.</span> <span class='ocrx_word' id='word_1_555' title='bbox 470 2230 482 2242; x_wconf 81' lang='grc' dir='ltr'>ι</span> <span class='ocrx_word' id='word_1_556' title='bbox 494 2216 652 2255; x_wconf 85' lang='grc' dir='ltr'>Σπένδομαι</span> <span class='ocrx_word' id='word_1_557' title='bbox 667 2218 693 2247; x_wconf 82' lang='grc' dir='ltr'>δὲ</span> <span class='ocrx_word' id='word_1_558' title='bbox 711 2218 754 2247; x_wconf 83' lang='grc' dir='ltr'>ἐπὶ</span> <span class='ocrx_word' id='word_1_559' title='bbox 769 2221 803 2255; x_wconf 78' lang='grc' dir='ltr'><strong>τῇ</strong></span> 
     </span>
    </p>
   </div>
   <div class='ocr_carea' id='block_1_77' title="bbox 7 2253 804 2301">
    <p class='ocr_par' dir='ltr' id='par_1_77' title="bbox 7 2253 804 2301">
     <span class='ocr_line' id='line_1_77' title="bbox 7 2253 804 2301; baseline 0.01 -16"><span class='ocrx_word' id='word_1_560' title='bbox 7 2259 80 2299; x_wconf 68' lang='grc' dir='ltr'>θυσία</span> <span class='ocrx_word' id='word_1_561' title='bbox 109 2259 156 2288; x_wconf 72' lang='grc' dir='ltr'>καὶ</span> <span class='ocrx_word' id='word_1_562' title='bbox 180 2259 329 2300; x_wconf 79' lang='grc' dir='ltr'>λειτουργίᾳ</span> <span class='ocrx_word' id='word_1_563' title='bbox 355 2262 402 2295; x_wconf 73' lang='grc' dir='ltr'><strong>τῆς</strong></span> <span class='ocrx_word' id='word_1_564' title='bbox 429 2260 544 2295; x_wconf 83' lang='grc' dir='ltr'>πίστεως</span> <span class='ocrx_word' id='word_1_565' title='bbox 571 2264 643 2301; x_wconf 80' lang='grc' dir='ltr'>ὑμῶν</span> <span class='ocrx_word' id='word_1_566' title='bbox 659 2275 666 2281; x_wconf 83' lang='lat'><strong><em>-</em></strong></span> <span class='ocrx_word' id='word_1_567' title='bbox 688 2276 700 2289; x_wconf 68' lang='grc' dir='ltr'><strong>υ</strong></span> <span class='ocrx_word' id='word_1_568' title='bbox 727 2253 804 2293; x_wconf 46' lang='grc' dir='ltr'>τουτ’-</span> 
     </span>
    </p>
   </div>
   <div class='ocr_carea' id='block_1_78' title="bbox 8 2301 800 2347">
    <p class='ocr_par' dir='ltr' id='par_1_78' title="bbox 8 2301 800 2347">
     <span class='ocr_line' id='line_1_78' title="bbox 8 2301 800 2347; baseline 0.009 -17"><span class='ocrx_word' id='word_1_569' title='bbox 8 2301 80 2339; x_wconf 81' lang='grc' dir='ltr'>έστι,</span> <span class='ocrx_word' id='word_1_570' title='bbox 119 2303 252 2343; x_wconf 85' lang='grc' dir='ltr'>Πρότερον</span> <span class='ocrx_word' id='word_1_571' title='bbox 283 2305 352 2342; x_wconf 76' lang='grc' dir='ltr'>ὑμᾶς</span> <span class='ocrx_word' id='word_1_572' title='bbox 378 2304 459 2338; x_wconf 81' lang='grc' dir='ltr'>θύσας</span> <span class='ocrx_word' id='word_1_573' title='bbox 484 2304 528 2341; x_wconf 79' lang='grc'><strong>⁸⁵,</strong></span> <span class='ocrx_word' id='word_1_574' title='bbox 557 2306 602 2336; x_wconf 82' lang='grc' dir='ltr'>καὶ</span> <span class='ocrx_word' id='word_1_575' title='bbox 637 2308 800 2347; x_wconf 83' lang='grc' dir='ltr'>λειτουργίαν</span> 
     </span>
    </p>
   </div>
   <div class='ocr_carea' id='block_1_79' title="bbox 8 2347 801 2390">
    <p class='ocr_par' dir='ltr' id='par_1_79' title="bbox 8 2347 801 2390">
     <span class='ocr_line' id='line_1_79' title="bbox 8 2347 801 2390; baseline 0.008 -14"><span class='ocrx_word' id='word_1_576' title='bbox 8 2347 116 2387; x_wconf 65' lang='grc' dir='ltr'>[ὑμᾶς]</span> <span class='ocrx_word' id='word_1_577' title='bbox 132 2347 314 2387; x_wconf 86' lang='grc' dir='ltr'>προσενεγκὼν</span> <span class='ocrx_word' id='word_1_578' title='bbox 327 2372 336 2385; x_wconf 82' lang='grc'>,</span> <span class='ocrx_word' id='word_1_579' title='bbox 362 2349 406 2378; x_wconf 80' lang='grc' dir='ltr'>καὶ</span> <span class='ocrx_word' id='word_1_580' title='bbox 432 2350 540 2384; x_wconf 78' lang='grc' dir='ltr'>πιστοὺς</span> <span class='ocrx_word' id='word_1_581' title='bbox 567 2352 680 2387; x_wconf 78' lang='grc' dir='ltr'>ποιήσας</span> <span class='ocrx_word' id='word_1_582' title='bbox 698 2363 705 2371; x_wconf 79' lang='grc'><strong><em>⁸</em></strong></span> <span class='ocrx_word' id='word_1_583' title='bbox 730 2352 801 2390; x_wconf 75' lang='grc' dir='ltr'>ὅμως</span> 
     </span>
    </p>
   </div>
   <div class='ocr_carea' id='block_1_80' title="bbox 8 2392 802 2437">
    <p class='ocr_par' dir='ltr' id='par_1_80' title="bbox 8 2392 802 2437">
     <span class='ocr_line' id='line_1_80' title="bbox 8 2392 802 2437; baseline 0.006 -16"><span class='ocrx_word' id='word_1_584' title='bbox 8 2392 54 2437; x_wconf 69' lang='grc' dir='ltr'>οὐχ</span> <span class='ocrx_word' id='word_1_585' title='bbox 66 2394 102 2426; x_wconf 80' lang='grc' dir='ltr'>ὥς</span> <span class='ocrx_word' id='word_1_586' title='bbox 118 2394 131 2422; x_wconf 79' lang='grc' dir='ltr'>ὁ</span> <span class='ocrx_word' id='word_1_587' title='bbox 147 2392 358 2431; x_wconf 81' lang='grc' dir='ltr'>ἀποθανούμενος</span> <span class='ocrx_word' id='word_1_588' title='bbox 376 2394 527 2432; x_wconf 73' lang='grc' dir='ltr'>λυποῧμαι,</span> <span class='ocrx_word' id='word_1_589' title='bbox 543 2396 611 2424; x_wconf 80' lang='grc' dir='ltr'>ἀλλὰ</span> <span class='ocrx_word' id='word_1_590' title='bbox 627 2411 638 2421; x_wconf 76' lang='grc' dir='ltr'><strong>ιι</strong></span> <span class='ocrx_word' id='word_1_591' title='bbox 657 2397 702 2426; x_wconf 76' lang='grc' dir='ltr'><strong>καὶ</strong></span> <span class='ocrx_word' id='word_1_592' title='bbox 715 2397 802 2437; x_wconf 77' lang='grc' dir='ltr'>χαίρω</span> 
     </span>
    </p>
   </div>
   <div class='ocr_carea' id='block_1_81' title="bbox 8 2436 801 2479">
    <p class='ocr_par' dir='ltr' id='par_1_81' title="bbox 8 2436 801 2479">
     <span class='ocr_line' id='line_1_81' title="bbox 8 2436 801 2479; baseline 0.009 -15"><span class='ocrx_word' id='word_1_593' title='bbox 8 2436 50 2464; x_wconf 81' lang='grc' dir='ltr'><strong>καὶ</strong></span> <span class='ocrx_word' id='word_1_594' title='bbox 75 2437 216 2476; x_wconf 79' lang='grc' dir='ltr'>συγχαίρω</span> <span class='ocrx_word' id='word_1_595' title='bbox 243 2442 323 2466; x_wconf 82' lang='grc' dir='ltr'>πᾶσιν</span> <span class='ocrx_word' id='word_1_596' title='bbox 352 2439 424 2475; x_wconf 75' lang='grc' dir='ltr'>ὗμῐν.</span> <span class='ocrx_word' id='word_1_597' title='bbox 444 2452 454 2464; x_wconf 83' lang='grc' dir='ltr'><strong>ιι</strong></span> <span class='ocrx_word' id='word_1_598' title='bbox 480 2440 575 2478; x_wconf 84' lang='grc' dir='ltr'>Χαίρω</span> <span class='ocrx_word' id='word_1_599' title='bbox 601 2440 648 2479; x_wconf 81' lang='grc' dir='ltr'>μὲν</span> <span class='ocrx_word' id='word_1_600' title='bbox 674 2437 734 2477; x_wconf 65' lang='grc' dir='ltr'>οὖν,</span> <span class='ocrx_word' id='word_1_601' title='bbox 762 2442 801 2471; x_wconf 74' lang='grc' dir='ltr'><strong>ὅτι</strong></span> 
     </span>
    </p>
   </div>
   <div class='ocr_carea' id='block_1_82' title="bbox 10 2480 800 2526">
    <p class='ocr_par' dir='ltr' id='par_1_82' title="bbox 10 2480 800 2526">
     <span class='ocr_line' id='line_1_82' title="bbox 10 2480 800 2526; baseline 0.009 -17"><span class='ocrx_word' id='word_1_602' title='bbox 10 2480 107 2517; x_wconf 78' lang='grc' dir='ltr'>σπονδὴ</span> <span class='ocrx_word' id='word_1_603' title='bbox 122 2481 227 2520; x_wconf 80' lang='grc' dir='ltr'>γίνομαι</span> <span class='ocrx_word' id='word_1_604' title='bbox 244 2493 251 2500; x_wconf 70' lang='grc' dir='ltr'><strong><em>ι</em></strong></span> <span class='ocrx_word' id='word_1_605' title='bbox 273 2483 410 2522; x_wconf 76' lang='grc' dir='ltr'>συγχαίρω</span> <span class='ocrx_word' id='word_1_606' title='bbox 425 2482 467 2519; x_wconf 86' lang='grc' dir='ltr'><strong>δὲ,</strong></span> <span class='ocrx_word' id='word_1_607' title='bbox 483 2484 523 2513; x_wconf 75' lang='grc' dir='ltr'><strong>ὅτι</strong></span> <span class='ocrx_word' id='word_1_608' title='bbox 547 2483 594 2520; x_wconf 79' lang='grc' dir='ltr'><strong>τὴν</strong></span> <span class='ocrx_word' id='word_1_609' title='bbox 619 2485 706 2515; x_wconf 86' lang='grc' dir='ltr'>πίστιν</span> <span class='ocrx_word' id='word_1_610' title='bbox 727 2488 800 2526; x_wconf 79' lang='grc' dir='ltr'>ὑμῶν</span> 
     </span>
    </p>
   </div>
   <div class='ocr_carea' id='block_1_83' title="bbox 9 2524 486 2567">
    <p class='ocr_par' dir='ltr' id='par_1_83' title="bbox 9 2524 486 2567">
     <span class='ocr_line' id='line_1_83' title="bbox 9 2524 486 2567; baseline 0.01 -14"><span class='ocrx_word' id='word_1_611' title='bbox 9 2524 40 2558; x_wconf 82' lang='grc' dir='ltr'>ὡς</span> <span class='ocrx_word' id='word_1_612' title='bbox 54 2526 148 2555; x_wconf 77' lang='grc' dir='ltr'>Θυσίαν</span> <span class='ocrx_word' id='word_1_613' title='bbox 164 2526 292 2566; x_wconf 78' lang='grc' dir='ltr'>προσάγω</span> <span class='ocrx_word' id='word_1_614' title='bbox 310 2528 348 2566; x_wconf 83' lang='grc' dir='ltr'><strong>τῷ</strong></span> <span class='ocrx_word' id='word_1_615' title='bbox 366 2528 486 2567; x_wconf 83' lang='grc' dir='ltr'>Χριστῷ.</span> 
     </span>
    </p>
   </div>
   <div class='ocr_carea' id='block_1_84' title="bbox 47 2570 800 2612">
    <p class='ocr_par' dir='ltr' id='par_1_84' title="bbox 47 2570 800 2612">
     <span class='ocr_line' id='line_1_84' title="bbox 47 2570 800 2612; baseline 0.008 -13"><span class='ocrx_word' id='word_1_616' title='bbox 47 2583 58 2596; x_wconf 82' lang='grc' dir='ltr'>ι</span> <span class='ocrx_word' id='word_1_617' title='bbox 69 2570 110 2600; x_wconf 81' lang='grc' dir='ltr'>Τὸ</span> <span class='ocrx_word' id='word_1_618' title='bbox 124 2570 150 2599; x_wconf 83' lang='grc' dir='ltr'>δ’</span> <span class='ocrx_word' id='word_1_619' title='bbox 164 2571 228 2600; x_wconf 78' lang='grc' dir='ltr'>αὐτὸ</span> <span class='ocrx_word' id='word_1_620' title='bbox 243 2571 288 2600; x_wconf 85' lang='grc' dir='ltr'><strong>καὶ</strong></span> <span class='ocrx_word' id='word_1_621' title='bbox 303 2573 375 2610; x_wconf 77' lang='grc' dir='ltr'>ὑμεῖς</span> <span class='ocrx_word' id='word_1_622' title='bbox 390 2571 510 2612; x_wconf 77' lang='grc' dir='ltr'>χαίρετε.</span> <span class='ocrx_word' id='word_1_623' title='bbox 527 2588 536 2599; x_wconf 74' lang='grc' dir='ltr'><strong>ι</strong></span> <span class='ocrx_word' id='word_1_624' title='bbox 547 2573 611 2604; x_wconf 85' lang='grc' dir='ltr'><strong>Ὅτι</strong></span> <span class='ocrx_word' id='word_1_625' title='bbox 625 2574 651 2593; x_wconf 69' lang='grc' dir='ltr'><strong>⁸ο</strong></span> <span class='ocrx_word' id='word_1_626' title='bbox 666 2575 710 2604; x_wconf 81' lang='grc' dir='ltr'>καὶ</span> <span class='ocrx_word' id='word_1_627' title='bbox 726 2576 800 2605; x_wconf 80' lang='grc' dir='ltr'>αὐτοὶ</span> 
     </span>
    </p>
   </div>
   <div class='ocr_carea' id='block_1_85' title="bbox 11 2615 371 2654">
    <p class='ocr_par' dir='ltr' id='par_1_85' title="bbox 11 2615 371 2654">
     <span class='ocr_line' id='line_1_85' title="bbox 11 2615 371 2654; baseline 0.006 -11"><span class='ocrx_word' id='word_1_628' title='bbox 11 2615 214 2654; x_wconf 74' lang='grc' dir='ltr'>προσηνέχθητε.</span> <span class='ocrx_word' id='word_1_629' title='bbox 368 2651 371 2654; x_wconf 34' lang='grc'><em>,</em></span> 
     </span>
    </p>
   </div>
   <div class='ocr_carea' id='block_1_86' title="bbox 53 2659 797 2703">
    <p class='ocr_par' dir='ltr' id='par_1_86' title="bbox 53 2659 797 2703">
     <span class='ocr_line' id='line_1_86' title="bbox 53 2659 797 2703; baseline 0.012 -17"><span class='ocrx_word' id='word_1_630' title='bbox 53 2668 66 2686; x_wconf 85' lang='grc' dir='ltr'><strong>ιι</strong></span> <span class='ocrx_word' id='word_1_631' title='bbox 80 2660 134 2690; x_wconf 81' lang='grc' dir='ltr'>Καὶ</span> <span class='ocrx_word' id='word_1_632' title='bbox 150 2659 310 2700; x_wconf 76' lang='grc' dir='ltr'>συγχαίρετέ</span> <span class='ocrx_word' id='word_1_633' title='bbox 324 2673 378 2700; x_wconf 89' lang='grc' dir='ltr'>μοι.</span> <span class='ocrx_word' id='word_1_634' title='bbox 400 2674 414 2690; x_wconf 78' lang='lat'><strong><em>»</em></strong></span> <span class='ocrx_word' id='word_1_635' title='bbox 431 2662 494 2693; x_wconf 84' lang='grc' dir='ltr'><strong>Ὅτι</strong></span> <span class='ocrx_word' id='word_1_636' title='bbox 514 2663 672 2694; x_wconf 83' lang='grc' dir='ltr'>σπένδεσθαι</span> <span class='ocrx_word' id='word_1_637' title='bbox 695 2665 797 2703; x_wconf 85' lang='grc' dir='ltr'>μέλλων</span> 
     </span>
    </p>
   </div>
   <div class='ocr_carea' id='block_1_87' title="bbox 13 2703 286 2745">
    <p class='ocr_par' dir='ltr' id='par_1_87' title="bbox 13 2703 286 2745">
     <span class='ocr_line' id='line_1_87' title="bbox 13 2703 286 2745; baseline 0.022 -15"><span class='ocrx_word' id='word_1_638' title='bbox 13 2703 92 2743; x_wconf 74' lang='grc' dir='ltr'>χαίρω</span> <span class='ocrx_word' id='word_1_639' title='bbox 104 2704 147 2733; x_wconf 83' lang='grc' dir='ltr'><strong>ἐπ’</strong></span> <span class='ocrx_word' id='word_1_640' title='bbox 163 2705 235 2745; x_wconf 85' lang='grc' dir='ltr'><strong>αὖτῷ</strong></span> <span class='ocrx_word' id='word_1_641' title='bbox 252 2704 286 2736; x_wconf 83' lang='grc'><strong>⁸⁷.</strong></span> 
     </span>
    </p>
   </div>
   <div class='ocr_carea' id='block_1_88' title="bbox 861 1595 1658 1631">
    <p class='ocr_par' dir='ltr' id='par_1_88' title="bbox 861 1595 1658 1631">
     <span class='ocr_line' id='line_1_88' title="bbox 861 1595 1658 1631; baseline 0 -8"><span class='ocrx_word' id='word_1_642' title='bbox 861 1596 1102 1630; x_wconf 64' lang='lat' dir='ltr'><strong>Quemadmodum</strong></span> <span class='ocrx_word' id='word_1_643' title='bbox 1112 1597 1254 1624; x_wconf 88' lang='lat' dir='ltr'><strong>luminaria</strong></span> <span class='ocrx_word' id='word_1_644' title='bbox 1264 1601 1291 1624; x_wconf 83' lang='lat' dir='ltr'><strong>et</strong></span> <span class='ocrx_word' id='word_1_645' title='bbox 1304 1597 1406 1631; x_wconf 88' lang='lat' dir='ltr'><strong>lucent,</strong></span> <span class='ocrx_word' id='word_1_646' title='bbox 1417 1601 1445 1624; x_wconf 89' lang='lat' dir='ltr'><strong>et</strong></span> <span class='ocrx_word' id='word_1_647' title='bbox 1461 1604 1576 1631; x_wconf 89' lang='lat' dir='ltr'><strong>corpora</strong></span> <span class='ocrx_word' id='word_1_648' title='bbox 1590 1595 1658 1623; x_wconf 85' lang='lat' dir='ltr'><strong>rel&#39;o-</strong></span> 
     </span>
    </p>
   </div>
   <div class='ocr_carea' id='block_1_89' title="bbox 862 1640 1658 1670">
    <p class='ocr_par' dir='ltr' id='par_1_89' title="bbox 862 1640 1658 1670">
     <span class='ocr_line' id='line_1_89' title="bbox 862 1640 1658 1670; baseline -0.001 -2"><span class='ocrx_word' id='word_1_649' title='bbox 862 1641 1001 1669; x_wconf 75' lang='lat' dir='ltr'><strong>cillalione</strong></span> <span class='ocrx_word' id='word_1_650' title='bbox 1021 1641 1158 1669; x_wconf 82' lang='lat' dir='ltr'><strong>viviﬁcant</strong></span> <span class='ocrx_word' id='word_1_651' title='bbox 1170 1650 1176 1668; x_wconf 89' lang='lat'>:</span> <span class='ocrx_word' id='word_1_652' title='bbox 1188 1641 1228 1669; x_wconf 87' lang='lat' dir='ltr'><strong>sic</strong></span> <span class='ocrx_word' id='word_1_653' title='bbox 1242 1646 1270 1670; x_wconf 90' lang='lat' dir='ltr'><strong>ct</strong></span> <span class='ocrx_word' id='word_1_654' title='bbox 1284 1649 1331 1669; x_wconf 82' lang='lat' dir='ltr'><strong>vos</strong></span> <span class='ocrx_word' id='word_1_655' title='bbox 1346 1641 1483 1669; x_wconf 84' lang='lat' dir='ltr'><strong>conamini</strong></span> <span class='ocrx_word' id='word_1_656' title='bbox 1499 1648 1559 1668; x_wconf 87' lang='lat' dir='ltr'><strong>esse</strong></span> <span class='ocrx_word' id='word_1_657' title='bbox 1571 1640 1658 1668; x_wconf 79' lang='lat' dir='ltr'><strong>vitalis</strong></span> 
     </span>
    </p>
   </div>
   <div class='ocr_carea' id='block_1_90' title="bbox 861 1685 1246 1722">
    <p class='ocr_par' dir='ltr' id='par_1_90' title="bbox 861 1685 1246 1722">
     <span class='ocr_line' id='line_1_90' title="bbox 861 1685 1246 1722; baseline 0.003 -10"><span class='ocrx_word' id='word_1_658' title='bbox 861 1685 919 1713; x_wconf 82' lang='lat' dir='ltr'><strong>aliis</strong></span> <span class='ocrx_word' id='word_1_659' title='bbox 939 1685 1100 1714; x_wconf 90' lang='lat' dir='ltr'><strong>hominibus</strong></span> <span class='ocrx_word' id='word_1_660' title='bbox 1116 1686 1246 1722; x_wconf 83' lang='lat' dir='ltr'><strong>potentia.</strong></span> 
     </span>
    </p>
   </div>
   <div class='ocr_carea' id='block_1_91' title="bbox 895 1730 1656 1765">
    <p class='ocr_par' dir='ltr' id='par_1_91' title="bbox 895 1730 1656 1765">
     <span class='ocr_line' id='line_1_91' title="bbox 895 1730 1656 1765; baseline -0.001 -7"><span class='ocrx_word' id='word_1_661' title='bbox 895 1731 942 1758; x_wconf 78' lang='lat' dir='ltr'><strong>Ad</strong></span> <span class='ocrx_word' id='word_1_662' title='bbox 951 1731 1141 1765; x_wconf 82' lang='lat' dir='ltr'><strong>gloriationem</strong></span> <span class='ocrx_word' id='word_1_663' title='bbox 1153 1732 1221 1758; x_wconf 81' lang='lat' dir='ltr'><strong>mihi</strong></span> <span class='ocrx_word' id='word_1_664' title='bbox 1232 1732 1259 1758; x_wconf 86' lang='lat' dir='ltr'><strong>in</strong></span> <span class='ocrx_word' id='word_1_665' title='bbox 1268 1731 1312 1758; x_wconf 85' lang='lat' dir='ltr'><strong>die</strong></span> <span class='ocrx_word' id='word_1_666' title='bbox 1322 1731 1431 1758; x_wconf 75' lang='lat' dir='ltr'><strong>Christi.</strong></span> <span class='ocrx_word' id='word_1_667' title='bbox 1445 1731 1545 1764; x_wconf 85' lang='lat' dir='ltr'><strong>Tanta,</strong></span> <span class='ocrx_word' id='word_1_668' title='bbox 1557 1730 1656 1765; x_wconf 86' lang='lat' dir='ltr'><strong>inquit,</strong></span> 
     </span>
    </p>
   </div>
   <div class='ocr_carea' id='block_1_92' title="bbox 862 1774 1656 1808">
    <p class='ocr_par' dir='ltr' id='par_1_92' title="bbox 862 1774 1656 1808">
     <span class='ocr_line' id='line_1_92' title="bbox 862 1774 1656 1808; baseline 0.001 -7"><span class='ocrx_word' id='word_1_669' title='bbox 862 1778 948 1802; x_wconf 69' lang='lat' dir='ltr'><strong>vestra</strong></span> <span class='ocrx_word' id='word_1_670' title='bbox 963 1775 1050 1802; x_wconf 87' lang='lat' dir='ltr'><strong>virtus</strong></span> <span class='ocrx_word' id='word_1_671' title='bbox 1066 1775 1111 1808; x_wconf 87' lang='lat' dir='ltr'><strong>sit,</strong></span> <span class='ocrx_word' id='word_1_672' title='bbox 1123 1779 1152 1803; x_wconf 91' lang='lat' dir='ltr'><strong>ut</strong></span> <span class='ocrx_word' id='word_1_673' title='bbox 1166 1783 1223 1803; x_wconf 94' lang='lat' dir='ltr'><strong>non</strong></span> <span class='ocrx_word' id='word_1_674' title='bbox 1237 1775 1326 1803; x_wconf 89' lang='lat' dir='ltr'><strong>solum</strong></span> <span class='ocrx_word' id='word_1_675' title='bbox 1339 1783 1387 1802; x_wconf 84' lang='lat' dir='ltr'><strong>vos</strong></span> <span class='ocrx_word' id='word_1_676' title='bbox 1409 1774 1443 1802; x_wconf 89' lang='lat' dir='ltr'><strong>ad</strong></span> <span class='ocrx_word' id='word_1_677' title='bbox 1455 1775 1537 1802; x_wconf 87' lang='lat' dir='ltr'><strong>vitam</strong></span> <span class='ocrx_word' id='word_1_678' title='bbox 1560 1774 1656 1808; x_wconf 85' lang='lat' dir='ltr'><strong>ducat,</strong></span> 
     </span>
    </p>
   </div>
   <div class='ocr_carea' id='block_1_93' title="bbox 862 1817 1652 1855">
    <p class='ocr_par' dir='ltr' id='par_1_93' title="bbox 862 1817 1652 1855">
     <span class='ocr_line' id='line_1_93' title="bbox 862 1817 1652 1855; baseline 0 -10"><span class='ocrx_word' id='word_1_679' title='bbox 862 1827 955 1846; x_wconf 76' lang='lat' dir='ltr'><strong>verum</strong></span> <span class='ocrx_word' id='word_1_680' title='bbox 983 1819 1067 1847; x_wconf 84' lang='lat' dir='ltr'><strong>etiam</strong></span> <span class='ocrx_word' id='word_1_681' title='bbox 1095 1827 1140 1847; x_wconf 86' lang='lat' dir='ltr'><strong>me</strong></span> <span class='ocrx_word' id='word_1_682' title='bbox 1154 1819 1351 1855; x_wconf 80' lang='lat' dir='ltr'><strong>fulgentiorem</strong></span> <span class='ocrx_word' id='word_1_683' title='bbox 1374 1818 1454 1846; x_wconf 86' lang='lat' dir='ltr'><strong>faciat</strong></span> <span class='ocrx_word' id='word_1_684' title='bbox 1481 1819 1508 1846; x_wconf 92' lang='lat' dir='ltr'><strong>in</strong></span> <span class='ocrx_word' id='word_1_685' title='bbox 1531 1817 1652 1846; x_wconf 82' lang='lat' dir='ltr'><strong>adventu</strong></span> 
     </span>
    </p>
   </div>
   <div class='ocr_carea' id='block_1_94' title="bbox 859 1864 966 1892">
    <p class='ocr_par' dir='ltr' id='par_1_94' title="bbox 859 1864 966 1892">
     <span class='ocr_line' id='line_1_94' title="bbox 859 1864 966 1892; baseline 0.009 -1"><span class='ocrx_word' id='word_1_686' title='bbox 859 1864 966 1892; x_wconf 80' lang='lat' dir='ltr'><strong>Christi.</strong></span> 
     </span>
    </p>
   </div>
   <div class='ocr_carea' id='block_1_95' title="bbox 895 1909 1654 1942">
    <p class='ocr_par' dir='ltr' id='par_1_95' title="bbox 895 1909 1654 1942">
     <span class='ocr_line' id='line_1_95' title="bbox 895 1909 1654 1942; baseline -0.001 -7"><span class='ocrx_word' id='word_1_687' title='bbox 895 1909 1023 1942; x_wconf 82' lang='lat' dir='ltr'><strong>Quoniam</strong></span> <span class='ocrx_word' id='word_1_688' title='bbox 1036 1916 1090 1936; x_wconf 84' lang='lat' dir='ltr'><strong>non</strong></span> <span class='ocrx_word' id='word_1_689' title='bbox 1114 1909 1144 1935; x_wconf 83' lang='lat' dir='ltr'><strong>in</strong></span> <span class='ocrx_word' id='word_1_690' title='bbox 1157 1916 1257 1936; x_wconf 85' lang='lat' dir='ltr'><strong>vanum</strong></span> <span class='ocrx_word' id='word_1_691' title='bbox 1275 1909 1392 1942; x_wconf 81' lang='lat' dir='ltr'><strong>cucurri,</strong></span> <span class='ocrx_word' id='word_1_692' title='bbox 1408 1915 1492 1942; x_wconf 81' lang='lat' dir='ltr'><strong>neque</strong></span> <span class='ocrx_word' id='word_1_693' title='bbox 1513 1909 1540 1934; x_wconf 80' lang='lat' dir='ltr'><strong>in</strong></span> <span class='ocrx_word' id='word_1_694' title='bbox 1554 1915 1654 1934; x_wconf 83' lang='lat' dir='ltr'><strong>vanum</strong></span> 
     </span>
    </p>
   </div>
   <div class='ocr_carea' id='block_1_96' title="bbox 857 1951 1653 1989">
    <p class='ocr_par' dir='ltr' id='par_1_96' title="bbox 857 1951 1653 1989">
     <span class='ocr_line' id='line_1_96' title="bbox 857 1951 1653 1989; baseline -0.003 -9"><span class='ocrx_word' id='word_1_695' title='bbox 857 1953 989 1980; x_wconf 80' lang='lat' dir='ltr'><strong>laboravi.</strong></span> <span class='ocrx_word' id='word_1_696' title='bbox 1009 1953 1075 1981; x_wconf 77' lang='lat' dir='ltr'><strong>Haec</strong></span> <span class='ocrx_word' id='word_1_697' title='bbox 1097 1960 1158 1980; x_wconf 86' lang='lat' dir='ltr'><strong>mea</strong></span> <span class='ocrx_word' id='word_1_698' title='bbox 1182 1953 1305 1989; x_wconf 84' lang='lat' dir='ltr'><strong>gloriatio</strong></span> <span class='ocrx_word' id='word_1_699' title='bbox 1336 1957 1387 1986; x_wconf 89' lang='lat' dir='ltr'><strong>est,</strong></span> <span class='ocrx_word' id='word_1_700' title='bbox 1415 1952 1490 1988; x_wconf 85' lang='lat' dir='ltr'><strong>quod</strong></span> <span class='ocrx_word' id='word_1_701' title='bbox 1515 1951 1581 1979; x_wconf 88' lang='lat' dir='ltr'><strong>tales</strong></span> <span class='ocrx_word' id='word_1_702' title='bbox 1606 1960 1653 1979; x_wconf 90' lang='lat' dir='ltr'><strong>vos</strong></span> 
     </span>
    </p>
   </div>
   <div class='ocr_carea' id='block_1_97' title="bbox 857 1996 1578 2033">
    <p class='ocr_par' dir='ltr' id='par_1_97' title="bbox 857 1996 1578 2033">
     <span class='ocr_line' id='line_1_97' title="bbox 857 1996 1578 2033; baseline -0.003 -7"><span class='ocrx_word' id='word_1_703' title='bbox 857 1998 975 2032; x_wconf 89' lang='lat' dir='ltr'><strong>institui,</strong></span> <span class='ocrx_word' id='word_1_704' title='bbox 988 2006 1038 2026; x_wconf 88' lang='lat' dir='ltr'><strong>nec</strong></span> <span class='ocrx_word' id='word_1_705' title='bbox 1062 1998 1152 2026; x_wconf 88' lang='lat' dir='ltr'><strong>inanis</strong></span> <span class='ocrx_word' id='word_1_706' title='bbox 1166 1998 1232 2026; x_wconf 91' lang='lat' dir='ltr'><strong>mihi</strong></span> <span class='ocrx_word' id='word_1_707' title='bbox 1244 1997 1322 2026; x_wconf 89' lang='lat' dir='ltr'><strong>labor</strong></span> <span class='ocrx_word' id='word_1_708' title='bbox 1334 1996 1406 2033; x_wconf 84' lang='lat' dir='ltr'><strong>apud</strong></span> <span class='ocrx_word' id='word_1_709' title='bbox 1420 2005 1468 2025; x_wconf 86' lang='lat' dir='ltr'><strong>vos</strong></span> <span class='ocrx_word' id='word_1_710' title='bbox 1483 1996 1578 2025; x_wconf 81' lang='lat' dir='ltr'><strong>fuerit.</strong></span> 
     </span>
    </p>
   </div>
   <div class='ocr_carea' id='block_1_98' title="bbox 891 2091 1653 2126">
    <p class='ocr_par' dir='ltr' id='par_1_98' title="bbox 891 2091 1653 2126">
     <span class='ocr_line' id='line_1_98' title="bbox 891 2091 1653 2126; baseline -0.004 -6"><span class='ocrx_word' id='word_1_711' title='bbox 891 2093 979 2120; x_wconf 73' lang='lat' dir='ltr'><strong>Vnus.</strong></span> <span class='ocrx_word' id='word_1_712' title='bbox 1019 2095 1062 2120; x_wconf 87' lang='lat'><strong>17.</strong></span> <span class='ocrx_word' id='word_1_713' title='bbox 1096 2092 1149 2121; x_wconf 81' lang='lat' dir='ltr'><strong>Sed</strong></span> <span class='ocrx_word' id='word_1_714' title='bbox 1174 2094 1224 2120; x_wconf 86' lang='lat' dir='ltr'><strong>etsi</strong></span> <span class='ocrx_word' id='word_1_715' title='bbox 1244 2092 1370 2119; x_wconf 82' lang='lat' dir='ltr'><strong>immolor</strong></span> <span class='ocrx_word' id='word_1_716' title='bbox 1398 2099 1479 2126; x_wconf 81' lang='lat' dir='ltr'><strong>super</strong></span> <span class='ocrx_word' id='word_1_717' title='bbox 1505 2091 1594 2118; x_wconf 82' lang='lat' dir='ltr'><strong>hostia</strong></span> <span class='ocrx_word' id='word_1_718' title='bbox 1627 2093 1653 2117; x_wconf 86' lang='lat' dir='ltr'><strong>et</strong></span> 
     </span>
    </p>
   </div>
   <div class='ocr_carea' id='block_1_99' title="bbox 856 2136 1652 2172">
    <p class='ocr_par' dir='ltr' id='par_1_99' title="bbox 856 2136 1652 2172">
     <span class='ocr_line' id='line_1_99' title="bbox 856 2136 1652 2172; baseline -0.003 -8"><span class='ocrx_word' id='word_1_719' title='bbox 856 2138 985 2172; x_wconf 83' lang='lat' dir='ltr'><strong>sacri/icio</strong></span> <span class='ocrx_word' id='word_1_720' title='bbox 999 2137 1063 2172; x_wconf 81' lang='lat' dir='ltr'><strong>ﬁdei</strong></span> <span class='ocrx_word' id='word_1_721' title='bbox 1085 2139 1189 2168; x_wconf 66' lang='lat' dir='ltr'><strong>vestrm,</strong></span> <span class='ocrx_word' id='word_1_722' title='bbox 1205 2137 1319 2172; x_wconf 87' lang='lat' dir='ltr'><strong>gaudeo,</strong></span> <span class='ocrx_word' id='word_1_723' title='bbox 1335 2139 1361 2164; x_wconf 84' lang='lat' dir='ltr'><strong>et</strong></span> <span class='ocrx_word' id='word_1_724' title='bbox 1374 2136 1543 2170; x_wconf 84' lang='lat' dir='ltr'><strong>congratulor</strong></span> <span class='ocrx_word' id='word_1_725' title='bbox 1567 2136 1652 2162; x_wconf 83' lang='lat' dir='ltr'><strong>omni-</strong></span> 
     </span>
    </p>
   </div>
   <div class='ocr_carea' id='block_1_100' title="bbox 858 2179 1651 2218">
    <p class='ocr_par' dir='ltr' id='par_1_100' title="bbox 858 2179 1651 2218">
     <span class='ocr_line' id='line_1_100' title="bbox 858 2179 1651 2218; baseline -0.003 -9"><span class='ocrx_word' id='word_1_726' title='bbox 858 2182 905 2209; x_wconf 87' lang='lat' dir='ltr'><strong>bus</strong></span> <span class='ocrx_word' id='word_1_727' title='bbox 922 2182 1006 2209; x_wconf 80' lang='lat' dir='ltr'><strong>vobis.</strong></span> <span class='ocrx_word' id='word_1_728' title='bbox 1023 2182 1078 2210; x_wconf 81' lang='lat' dir='ltr'><strong>Etsi</strong></span> <span class='ocrx_word' id='word_1_729' title='bbox 1105 2182 1218 2215; x_wconf 89' lang='lat' dir='ltr'><strong>morior,</strong></span> <span class='ocrx_word' id='word_1_730' title='bbox 1233 2181 1320 2218; x_wconf 86' lang='lat' dir='ltr'><strong>inquit</strong></span> <span class='ocrx_word' id='word_1_731' title='bbox 1336 2189 1343 2207; x_wconf 89' lang='lat'><strong>:</strong></span> <span class='ocrx_word' id='word_1_732' title='bbox 1358 2180 1410 2208; x_wconf 88' lang='lat' dir='ltr'><strong>hoc</strong></span> <span class='ocrx_word' id='word_1_733' title='bbox 1425 2180 1500 2208; x_wconf 86' lang='lat' dir='ltr'><strong>enim</strong></span> <span class='ocrx_word' id='word_1_734' title='bbox 1521 2179 1651 2208; x_wconf 80' lang='lat' dir='ltr'><strong>immola—</strong></span> 
     </span>
    </p>
   </div>
   <div class='ocr_carea' id='block_1_101' title="bbox 856 2223 1652 2259">
    <p class='ocr_par' dir='ltr' id='par_1_101' title="bbox 856 2223 1652 2259">
     <span class='ocr_line' id='line_1_101' title="bbox 856 2223 1652 2259; baseline -0.005 -5"><span class='ocrx_word' id='word_1_735' title='bbox 856 2226 961 2254; x_wconf 86' lang='lat' dir='ltr'><strong>tionem</strong></span> <span class='ocrx_word' id='word_1_736' title='bbox 981 2230 1069 2259; x_wconf 86' lang='lat' dir='ltr'><strong>vocat,</strong></span> <span class='ocrx_word' id='word_1_737' title='bbox 1100 2230 1219 2254; x_wconf 88' lang='lat' dir='ltr'><strong>mortem</strong></span> <span class='ocrx_word' id='word_1_738' title='bbox 1248 2225 1380 2253; x_wconf 89' lang='lat' dir='ltr'><strong>nimirum</strong></span> <span class='ocrx_word' id='word_1_739' title='bbox 1403 2225 1500 2259; x_wconf 84' lang='lat' dir='ltr'><strong>ipsam.</strong></span> <span class='ocrx_word' id='word_1_740' title='bbox 1527 2223 1652 2252; x_wconf 87' lang='lat' dir='ltr'><strong>Immolor</strong></span> 
     </span>
    </p>
   </div>
   <div class='ocr_carea' id='block_1_102' title="bbox 858 2268 1650 2306">
    <p class='ocr_par' dir='ltr' id='par_1_102' title="bbox 858 2268 1650 2306">
     <span class='ocr_line' id='line_1_102' title="bbox 858 2268 1650 2306; baseline -0.005 -7"><span class='ocrx_word' id='word_1_741' title='bbox 858 2276 950 2299; x_wconf 72' lang='lat' dir='ltr'><strong>autem</strong></span> <span class='ocrx_word' id='word_1_742' title='bbox 966 2279 1045 2306; x_wconf 77' lang='lat' dir='ltr'><strong>super</strong></span> <span class='ocrx_word' id='word_1_743' title='bbox 1055 2272 1165 2298; x_wconf 83' lang='lat' dir='ltr'><strong>victima</strong></span> <span class='ocrx_word' id='word_1_744' title='bbox 1181 2273 1205 2298; x_wconf 85' lang='lat' dir='ltr'><strong>et</strong></span> <span class='ocrx_word' id='word_1_745' title='bbox 1231 2271 1363 2305; x_wconf 74' lang='lat' dir='ltr'><strong>sacriﬁcio</strong></span> <span class='ocrx_word' id='word_1_746' title='bbox 1378 2270 1442 2305; x_wconf 68' lang='lat' dir='ltr'><strong>ﬁdei</strong></span> <span class='ocrx_word' id='word_1_747' title='bbox 1461 2271 1556 2296; x_wconf 73' lang='lat' dir='ltr'><strong>vestro:</strong></span> <span class='ocrx_word' id='word_1_748' title='bbox 1577 2278 1584 2295; x_wconf 91' lang='lat'><em>:</em></span> <span class='ocrx_word' id='word_1_749' title='bbox 1598 2268 1650 2295; x_wconf 92' lang='lat' dir='ltr'><strong>hoc</strong></span> 
     </span>
    </p>
   </div>
   <div class='ocr_carea' id='block_1_103' title="bbox 857 2313 1650 2352">
    <p class='ocr_par' dir='ltr' id='par_1_103' title="bbox 857 2313 1650 2352">
     <span class='ocr_line' id='line_1_103' title="bbox 857 2313 1650 2352; baseline -0.004 -9"><span class='ocrx_word' id='word_1_750' title='bbox 857 2321 907 2348; x_wconf 76' lang='lat' dir='ltr'><strong>est,</strong></span> <span class='ocrx_word' id='word_1_751' title='bbox 927 2316 980 2344; x_wconf 91' lang='lat' dir='ltr'><strong>Ubi</strong></span> <span class='ocrx_word' id='word_1_752' title='bbox 1000 2315 1074 2352; x_wconf 88' lang='lat' dir='ltr'><strong>prius</strong></span> <span class='ocrx_word' id='word_1_753' title='bbox 1088 2323 1137 2344; x_wconf 91' lang='lat' dir='ltr'><strong>vos</strong></span> <span class='ocrx_word' id='word_1_754' title='bbox 1152 2316 1291 2344; x_wconf 82' lang='lat' dir='ltr'><strong>victimam</strong></span> <span class='ocrx_word' id='word_1_755' title='bbox 1305 2319 1332 2342; x_wconf 91' lang='lat' dir='ltr'><strong>et</strong></span> <span class='ocrx_word' id='word_1_756' title='bbox 1345 2322 1454 2343; x_wconf 86' lang='lat' dir='ltr'><strong>sacrum</strong></span> <span class='ocrx_word' id='word_1_757' title='bbox 1468 2316 1527 2341; x_wconf 87' lang='lat' dir='ltr'><strong>Deo</strong></span> <span class='ocrx_word' id='word_1_758' title='bbox 1539 2313 1650 2341; x_wconf 80' lang='lat' dir='ltr'><strong>obtule—</strong></span> 
     </span>
    </p>
   </div>
   <div class='ocr_carea' id='block_1_104' title="bbox 857 2360 1651 2394">
    <p class='ocr_par' dir='ltr' id='par_1_104' title="bbox 857 2360 1651 2394">
     <span class='ocr_line' id='line_1_104' title="bbox 857 2360 1651 2394; baseline -0.005 -6"><span class='ocrx_word' id='word_1_759' title='bbox 857 2369 899 2393; x_wconf 80' lang='lat' dir='ltr'><strong>ro.</strong></span> <span class='ocrx_word' id='word_1_760' title='bbox 911 2361 1003 2389; x_wconf 84' lang='lat' dir='ltr'><strong>ﬁdeles</strong></span> <span class='ocrx_word' id='word_1_761' title='bbox 1020 2368 1068 2388; x_wconf 92' lang='lat' dir='ltr'><strong>vos</strong></span> <span class='ocrx_word' id='word_1_762' title='bbox 1084 2360 1186 2388; x_wconf 83' lang='lat' dir='ltr'><strong>faciens</strong></span> <span class='ocrx_word' id='word_1_763' title='bbox 1203 2370 1208 2387; x_wconf 92' lang='lat'>:</span> <span class='ocrx_word' id='word_1_764' title='bbox 1232 2364 1352 2388; x_wconf 87' lang='lat' dir='ltr'><strong>attamen</strong></span> <span class='ocrx_word' id='word_1_765' title='bbox 1370 2367 1424 2387; x_wconf 88' lang='lat' dir='ltr'><strong>non</strong></span> <span class='ocrx_word' id='word_1_766' title='bbox 1441 2362 1574 2394; x_wconf 84' lang='lat' dir='ltr'><strong>tanquam</strong></span> <span class='ocrx_word' id='word_1_767' title='bbox 1590 2365 1651 2385; x_wconf 93' lang='lat' dir='ltr'><strong>mo-</strong></span> 
     </span>
    </p>
   </div>
   <div class='ocr_carea' id='block_1_105' title="bbox 857 2402 1649 2439">
    <p class='ocr_par' dir='ltr' id='par_1_105' title="bbox 857 2402 1649 2439">
     <span class='ocr_line' id='line_1_105' title="bbox 857 2402 1649 2439; baseline -0.003 -7"><span class='ocrx_word' id='word_1_768' title='bbox 857 2405 959 2433; x_wconf 88' lang='lat' dir='ltr'><strong>riturus</strong></span> <span class='ocrx_word' id='word_1_769' title='bbox 972 2404 1081 2432; x_wconf 86' lang='lat' dir='ltr'><strong>tristitia</strong></span> <span class='ocrx_word' id='word_1_770' title='bbox 1101 2403 1217 2439; x_wconf 82' lang='lat' dir='ltr'><strong>afﬁcior,</strong></span> <span class='ocrx_word' id='word_1_771' title='bbox 1231 2411 1325 2432; x_wconf 88' lang='lat' dir='ltr'><strong>verum</strong></span> <span class='ocrx_word' id='word_1_772' title='bbox 1348 2404 1426 2432; x_wconf 66' lang='lat' dir='ltr'><strong>laetor</strong></span> <span class='ocrx_word' id='word_1_773' title='bbox 1450 2408 1476 2430; x_wconf 90' lang='lat' dir='ltr'><strong>et</strong></span> <span class='ocrx_word' id='word_1_774' title='bbox 1490 2402 1649 2438; x_wconf 82' lang='lat' dir='ltr'><strong>congaurlco</strong></span> 
     </span>
    </p>
   </div>
   <div class='ocr_carea' id='block_1_106' title="bbox 856 2447 1647 2485">
    <p class='ocr_par' dir='ltr' id='par_1_106' title="bbox 856 2447 1647 2485">
     <span class='ocr_line' id='line_1_106' title="bbox 856 2447 1647 2485; baseline -0.005 -7"><span class='ocrx_word' id='word_1_775' title='bbox 856 2450 985 2478; x_wconf 83' lang='lat' dir='ltr'><strong>omnibus</strong></span> <span class='ocrx_word' id='word_1_776' title='bbox 999 2449 1085 2478; x_wconf 87' lang='lat' dir='ltr'><strong>vobis.</strong></span> <span class='ocrx_word' id='word_1_777' title='bbox 1102 2451 1194 2478; x_wconf 67' lang='lat' dir='ltr'><strong>lanor</strong></span> <span class='ocrx_word' id='word_1_778' title='bbox 1206 2449 1316 2485; x_wconf 87' lang='lat' dir='ltr'><strong>quidem</strong></span> <span class='ocrx_word' id='word_1_779' title='bbox 1331 2448 1407 2485; x_wconf 89' lang='lat' dir='ltr'><strong>quod</strong></span> <span class='ocrx_word' id='word_1_780' title='bbox 1422 2449 1541 2476; x_wconf 85' lang='lat' dir='ltr'><strong>libamen</strong></span> <span class='ocrx_word' id='word_1_781' title='bbox 1559 2447 1623 2474; x_wconf 86' lang='lat' dir='ltr'><strong>ﬁam</strong></span> <span class='ocrx_word' id='word_1_782' title='bbox 1642 2457 1647 2474; x_wconf 93' lang='lat'><strong>:</strong></span> 
     </span>
    </p>
   </div>
   <div class='ocr_carea' id='block_1_107' title="bbox 856 2492 1650 2530">
    <p class='ocr_par' dir='ltr' id='par_1_107' title="bbox 856 2492 1650 2530">
     <span class='ocr_line' id='line_1_107' title="bbox 856 2492 1650 2530; baseline -0.004 -8"><span class='ocrx_word' id='word_1_783' title='bbox 856 2494 977 2523; x_wconf 71' lang='lat' dir='ltr'><strong>collmtor</strong></span> <span class='ocrx_word' id='word_1_784' title='bbox 991 2497 1095 2528; x_wconf 84' lang='lat' dir='ltr'><strong>autem,</strong></span> <span class='ocrx_word' id='word_1_785' title='bbox 1111 2494 1242 2530; x_wconf 87' lang='lat' dir='ltr'><strong>quoniam</strong></span> <span class='ocrx_word' id='word_1_786' title='bbox 1258 2493 1339 2522; x_wconf 83' lang='lat' dir='ltr'><strong>iidem</strong></span> <span class='ocrx_word' id='word_1_787' title='bbox 1353 2497 1472 2521; x_wconf 88' lang='lat' dir='ltr'><strong>vestram</strong></span> <span class='ocrx_word' id='word_1_788' title='bbox 1486 2492 1568 2520; x_wconf 87' lang='lat' dir='ltr'><strong>veluti</strong></span> <span class='ocrx_word' id='word_1_789' title='bbox 1583 2492 1650 2519; x_wconf 88' lang='lat' dir='ltr'><strong>hos-</strong></span> 
     </span>
    </p>
   </div>
   <div class='ocr_carea' id='block_1_108' title="bbox 855 2538 1165 2568">
    <p class='ocr_par' dir='ltr' id='par_1_108' title="bbox 855 2538 1165 2568">
     <span class='ocr_line' id='line_1_108' title="bbox 855 2538 1165 2568; baseline 0 -1"><span class='ocrx_word' id='word_1_790' title='bbox 855 2540 922 2567; x_wconf 87' lang='lat' dir='ltr'><strong>tiam</strong></span> <span class='ocrx_word' id='word_1_791' title='bbox 940 2538 1029 2567; x_wconf 83' lang='lat' dir='ltr'><strong>offero</strong></span> <span class='ocrx_word' id='word_1_792' title='bbox 1045 2539 1165 2568; x_wconf 88' lang='lat' dir='ltr'><strong>Christo.</strong></span> 
     </span>
    </p>
   </div>
   <div class='ocr_carea' id='block_1_109' title="bbox 890 2580 1647 2620">
    <p class='ocr_par' dir='ltr' id='par_1_109' title="bbox 890 2580 1647 2620">
     <span class='ocr_line' id='line_1_109' title="bbox 890 2580 1647 2620; baseline -0.007 -9"><span class='ocrx_word' id='word_1_793' title='bbox 890 2585 978 2612; x_wconf 71' lang='lat' dir='ltr'><strong>Vnus.</strong></span> <span class='ocrx_word' id='word_1_794' title='bbox 998 2587 1040 2613; x_wconf 86' lang='lat'><strong>18.</strong></span> <span class='ocrx_word' id='word_1_795' title='bbox 1062 2584 1095 2611; x_wconf 87' lang='lat' dir='ltr'><strong>Id</strong></span> <span class='ocrx_word' id='word_1_796' title='bbox 1121 2586 1209 2620; x_wconf 76' lang='lat' dir='ltr'><strong>ipsum</strong></span> <span class='ocrx_word' id='word_1_797' title='bbox 1223 2586 1314 2612; x_wconf 77' lang='lat' dir='ltr'><strong>autem</strong></span> <span class='ocrx_word' id='word_1_798' title='bbox 1329 2586 1354 2612; x_wconf 86' lang='lat' dir='ltr'><strong>et</strong></span> <span class='ocrx_word' id='word_1_799' title='bbox 1369 2591 1413 2611; x_wconf 70' lang='lat' dir='ltr'><strong>vos</strong></span> <span class='ocrx_word' id='word_1_800' title='bbox 1427 2583 1550 2618; x_wconf 79' lang='lat' dir='ltr'><strong>gaudete.</strong></span> <span class='ocrx_word' id='word_1_801' title='bbox 1568 2580 1647 2616; x_wconf 82' lang='lat' dir='ltr'><strong>Quod</strong></span> 
     </span>
    </p>
   </div>
   <div class='ocr_carea' id='block_1_110' title="bbox 854 2628 1131 2664">
    <p class='ocr_par' dir='ltr' id='par_1_110' title="bbox 854 2628 1131 2664">
     <span class='ocr_line' id='line_1_110' title="bbox 854 2628 1131 2664; baseline 0 -8"><span class='ocrx_word' id='word_1_802' title='bbox 854 2632 882 2656; x_wconf 89' lang='lat' dir='ltr'><strong>et</strong></span> <span class='ocrx_word' id='word_1_803' title='bbox 899 2628 949 2664; x_wconf 87' lang='lat' dir='ltr'><strong>ipsi</strong></span> <span class='ocrx_word' id='word_1_804' title='bbox 959 2628 1045 2656; x_wconf 86' lang='lat' dir='ltr'><strong>oblati</strong></span> <span class='ocrx_word' id='word_1_805' title='bbox 1061 2629 1131 2656; x_wconf 87' lang='lat' dir='ltr'><strong>sitis.</strong></span> 
     </span>
    </p>
   </div>
   <div class='ocr_carea' id='block_1_111' title="bbox 889 2667 1647 2707">
    <p class='ocr_par' dir='ltr' id='par_1_111' title="bbox 889 2667 1647 2707">
     <span class='ocr_line' id='line_1_111' title="bbox 889 2667 1647 2707; baseline -0.008 -6"><span class='ocrx_word' id='word_1_806' title='bbox 889 2674 924 2701; x_wconf 80' lang='lat' dir='ltr'><strong>Et</strong></span> <span class='ocrx_word' id='word_1_807' title='bbox 936 2673 1097 2706; x_wconf 82' lang='lat' dir='ltr'><strong>congaudete</strong></span> <span class='ocrx_word' id='word_1_808' title='bbox 1122 2674 1198 2702; x_wconf 64' lang='lat' dir='ltr'><strong>mihi.</strong></span> <span class='ocrx_word' id='word_1_809' title='bbox 1217 2673 1352 2707; x_wconf 84' lang='lat' dir='ltr'><strong>Quoniam</strong></span> <span class='ocrx_word' id='word_1_810' title='bbox 1378 2679 1427 2707; x_wconf 81' lang='lat' dir='ltr'><strong>ego</strong></span> <span class='ocrx_word' id='word_1_811' title='bbox 1451 2667 1647 2701; x_wconf 81' lang='lat' dir='ltr'><strong>immolandus,</strong></span> 
     </span>
    </p>
   </div>
   <div class='ocr_carea' id='block_1_112' title="bbox 853 2715 1147 2751">
    <p class='ocr_par' dir='ltr' id='par_1_112' title="bbox 853 2715 1147 2751">
     <span class='ocr_line' id='line_1_112' title="bbox 853 2715 1147 2751; baseline 0.003 -8"><span class='ocrx_word' id='word_1_812' title='bbox 853 2715 889 2744; x_wconf 87' lang='lat' dir='ltr'><strong>ob</strong></span> <span class='ocrx_word' id='word_1_813' title='bbox 905 2715 931 2743; x_wconf 90' lang='lat' dir='ltr'><strong>id</strong></span> <span class='ocrx_word' id='word_1_814' title='bbox 955 2716 1044 2751; x_wconf 90' lang='lat' dir='ltr'><strong>ipsum</strong></span> <span class='ocrx_word' id='word_1_815' title='bbox 1060 2716 1147 2744; x_wconf 71' lang='lat' dir='ltr'><strong>laetor.</strong></span> 
     </span>
    </p>
   </div>
   <div class='ocr_carea' id='block_1_113' title="bbox 706 2770 972 2803">
    <p class='ocr_par' dir='ltr' id='par_1_113' title="bbox 706 2770 972 2803">
     <span class='ocr_line' id='line_1_113' title="bbox 706 2770 972 2803; baseline 0.011 -4"><span class='ocrx_word' id='word_1_816' title='bbox 706 2770 800 2801; x_wconf 71' lang='lat' dir='ltr'><strong>Variae</strong></span> <span class='ocrx_word' id='word_1_817' title='bbox 821 2772 972 2803; x_wconf 86' lang='lat' dir='ltr'><strong>lectiones.</strong></span> 
     </span>
    </p>
   </div>
   <div class='ocr_carea' id='block_1_114' title="bbox 50 2823 838 2870">
    <p class='ocr_par' dir='ltr' id='par_1_114' title="bbox 50 2823 806 2866">
     <span class='ocr_line' id='line_1_114' title="bbox 50 2823 806 2866; baseline 0.012 -13"><span class='ocrx_word' id='word_1_818' title='bbox 50 2823 69 2841; x_wconf 81' lang='grc'><strong>⁸¹</strong></span> <span class='ocrx_word' id='word_1_819' title='bbox 91 2825 221 2862; x_wconf 76' lang='grc' dir='ltr'>ἐπέχοντες</span> <span class='ocrx_word' id='word_1_820' title='bbox 233 2835 258 2856; x_wconf 92' lang='lat'><strong>0.</strong></span> <span class='ocrx_word' id='word_1_821' title='bbox 296 2828 318 2846; x_wconf 73' lang='grc'><strong>⁸³</strong></span> <span class='ocrx_word' id='word_1_822' title='bbox 332 2828 411 2865; x_wconf 70' lang='grc' dir='ltr'>θλίψει</span> <span class='ocrx_word' id='word_1_823' title='bbox 425 2837 451 2858; x_wconf 91' lang='lat'><strong>0.</strong></span> <span class='ocrx_word' id='word_1_824' title='bbox 489 2830 510 2846; x_wconf 81' lang='lat'><strong>&quot;</strong></span> <span class='ocrx_word' id='word_1_825' title='bbox 523 2840 565 2866; x_wconf 84' lang='grc' dir='ltr'><strong>μοι</strong></span> <span class='ocrx_word' id='word_1_826' title='bbox 576 2839 604 2860; x_wconf 89' lang='lat'><strong>0.</strong></span> <span class='ocrx_word' id='word_1_827' title='bbox 644 2831 667 2850; x_wconf 76' lang='grc'><strong><em>³⁵</em></strong></span> <span class='ocrx_word' id='word_1_828' title='bbox 683 2832 766 2860; x_wconf 83' lang='grc' dir='ltr'>θυσίαν</span> <span class='ocrx_word' id='word_1_829' title='bbox 780 2841 806 2862; x_wconf 91' lang='lat'><strong>0.</strong></span> 
     </span>
    </p>
   </div>
   <div class='ocr_carea' id='block_1_115' title="bbox 891 2823 1172 2870">
    <p class='ocr_par' dir='ltr' id='par_1_115' title="bbox 891 2833 1172 2870">
     <span class='ocr_line' id='line_1_115' title="bbox 891 2833 1172 2870; baseline -0.004 -9"><span class='ocrx_word' id='word_1_830' title='bbox 891 2833 918 2861; x_wconf 70' lang='grc' dir='ltr'>ῗτι</span> <span class='ocrx_word' id='word_1_831' title='bbox 929 2842 955 2862; x_wconf 89' lang='lat'><strong>0.</strong></span> <span class='ocrx_word' id='word_1_832' title='bbox 995 2835 1015 2851; x_wconf 77' lang='grc'><strong>⁸⁷</strong></span> <span class='ocrx_word' id='word_1_833' title='bbox 1032 2834 1130 2870; x_wconf 79' lang='grc' dir='ltr'>ἐμαυτῷ</span> <span class='ocrx_word' id='word_1_834' title='bbox 1143 2842 1172 2862; x_wconf 92' lang='lat'><strong>0.</strong></span> 
     </span>
    </p>
   </div>
  </div>
