1886 3082
14 186 85 212 I73

3 247 145 277 ἱπαίνων
163 246 212 276 καὶ
237 248 327 276 τοῦτον
349 246 525 282 ἀποστέλλει,
549 247 585 278 ὡς
610 245 653 274 τὸν
680 244 825 282 Τιμόθεον,
841 245 867 277 Α
884 252 903 271 η

922 252 981 272 νηι.
1019 247 1081 274 Non
1117 248 1177 275 sine
1220 247 1300 276 laude

3 291 56 320 Ξιόι
91 291 151 327 τὴν
178 290 262 326 αὐτὴν
285 290 390 327 αἰτίαν,
411 290 445 326 ἢν
461 289 585 329 ἀνωτέρω
598 290 752 329 εἰρήκαμεν.
775 289 831 318 Τοῦ

3 339 160 376 τυνεργοῧ
189 335 217 366 δὲ
239 335 334 375 μείζων
359 337 373 365 ὁ
394 335 603 374 συστρατιώτης.
633 335 760 373 Συνεργεῖ
783 333 830 372 μὲν

3 381 67 420 γάρ
89 393 139 415 τις
155 380 204 410 καὶ
224 382 250 410 ἐν
270 380 414 414 ἀκινδύνοις
439 380 614 419 πράγμασιν·
639 381 654 409 ὁ
669 379 696 408 δὲ
717 390 830 418 συστρα-

3 425 127 462 τιώτης
136 448 146 465 ,
161 425 269 458 πάντως
283 426 310 454 ἓν
323 424 459 458 κινδύνοις.

56 529 78 546 ε
115 516 217 555 ⁶Υμῶν
244 517 271 547 δὲ
298 515 444 546 ἀπόστολον
471 514 517 544 καὶ
551 515 702 554 λειτουργὸν
731 514 755 533 ⁹⁴
784 517 831 550 τῖς

3 561 121 601 χρείας
136 573 191 600 μου
205 561 312 602 πέμψαι
324 561 387 601 πρὸς
405 561 484 598 ὑμᾶς.
502 573 514 585 υ
535 559 664 590 Τουτέστι
675 583 681 594 ,
695 559 750 589 Τὸν
766 561 830 599 παρ’

3 608 100 643 ὑμῶν
128 606 319 636 ἀποσταλέντα
343 604 406 644 πρός
431 616 481 642 με,
516 605 578 642 ὑμῖν
604 604 765 643 χαρίζομαιο
795 605 828 633 δι’

6 652 110 679 αἰτοῦ
136 652 189 690 γὰρ
211 647 278 685 ἦσαν
302 651 449 681 στείλαντες
478 649 552 688 αὖτῷ
581 648 615 677 τὰ
638 649 701 688 πρὸς
725 648 827 688 χρείαν.

4 696 14 702 ⁴
25 698 69 731 Η,
94 709 107 722 «
125 696 222 733 Ἱξλῶν
239 694 395 728 ἀπόστολον,
407 693 450 722 τὸν
465 692 626 722 διδάσκαλον
642 695 725 731 ὑμῶν,
740 693 828 734 φησίν.

63 797 81 813 α
113 785 228 820 Ἐπειδὴ
252 786 382 815 ἐπιποθῶν
405 781 437 822 ἧν
463 785 564 817 πάντας
589 785 657 822 ὑμᾶς
681 783 759 821 ἰδεῖν,
784 783 829 812 καὶ

11 831 175 866 ἀδημονῶν
203 830 268 859 διότι
294 830 425 864 ἠκούσατε
449 829 489 858 ὅτι
517 827 658 864 ἠσθένησε.
697 827 750 858 Καὶ
779 828 830 867 γὰρ

8 875 163 910 ἠσθένησε
190 874 377 913 παραπλήσιον
406 875 521 915 θανάτῳ.
552 885 567 901 ιι
604 872 703 911 Εἰδὼς,
733 873 830 913 φησὶν,

477 182 652 210 EXPOSITIO
673 183 704 209 IN
724 180 830 208 EPIST.
850 181 896 208 AD
916 182 1055 211 l’HlLlPP.
1075 199 1109 205 —
1128 185 1203 213 CAP.
1223 186 1255 213 ll.

1343 247 1418 276 hunc
1453 248 1535 278 etiam
1581 250 1678 285 mittit,

885 289 996 324 perinde
1018 297 1049 318 ac
1061 291 1249 326 Timotheum,
1265 292 1301 320 ob
1315 292 1441 321 eamdem
1466 301 1579 322 causam
1593 302 1676 331 quam

883 341 965 369 supra
1008 335 1137 364 diximus.
1179 337 1363 373 Cooperatore
1396 341 1488 366 autem
1526 339 1678 368 commilito

885 379 975 415 major
988 384 1038 408 est.
1058 381 1229 417 Cooperatur
1243 382 1318 410 enim
1334 382 1431 418 aliquis
1447 383 1475 410 in
1493 382 1579 420 444
1597 383 1678 412 rebus

885 423 970 452 etiam
998 433 1061 461 qua:
1091 426 1210 462 periculo
1241 430 1338 455 carent
1368 437 1375 456 :
1404 427 1558 456 commilito
1586 432 1677 457 autem

885 469 1031 497 omninoin
1044 470 1179 506 periculis.

923 515 1050 542 Vestrum
1063 518 1154 543 autem
1168 517 1321 551 apostolum
1331 519 1356 545 et
1369 518 1524 545 ministrum
1536 520 1676 546 necessita-

884 560 918 586 tis
933 567 998 588 mea
1011 561 1163 588 mitteread
1175 569 1230 589 vos.
1246 562 1305 590 Hoc
1319 565 1367 594 est,
1385 570 1448 589 enm
1463 563 1509 598 qui
1524 570 1539 590 ει
1556 563 1633 590 vobis
1645 563 1679 590 ad

885 612 929 631 me
944 604 1043 632 missus
1058 610 1108 637 est,
1124 605 1198 633 dono
1213 606 1289 634 vobis
1303 617 1308 634 :
1325 614 1372 642 per
1386 607 1475 642 ipsum
1491 608 1567 635 enim
1582 607 1607 634 ei
1623 607 1678 635 mi-

883 653 974 676 serant
988 657 1050 685 qua;
1063 650 1098 678 ad
1119 651 1204 686 ipsius
1218 659 1298 679 usum
1312 655 1339 679 et
1356 652 1545 679 necessitatem
1561 652 1679 687 pertine-

883 697 955 721 rent.
980 694 1039 729 Vel,
1071 695 1195 723 Vestrum
1222 697 1386 731 apostolum,
1411 701 1606 733 praeceptorem
1629 705 1678 725 ceu

883 738 1025 766 dootorem
1040 743 1160 767 vestrum
1173 740 1248 769 dicit.

920 784 1010 811 Vsus.
1028 786 1074 818 26,
1092 788 1137 812 27.
1163 785 1386 821 Quandoquidem
1407 787 1580 814 desiderabat
1593 795 1682 814 omnes

884 835 929 855 vos
948 828 1048 859 videre,
1073 837 1105 856 ac
1124 832 1232 857 mlestus
1252 833 1309 858 erat
1328 834 1470 866 propterea
1494 832 1564 866 quod
1588 832 1681 858 audie-

885 880 917 899 να
923 874 958 900 tis
972 873 1051 900 illum
1068 875 1244 909 inﬁrmatum.
1260 876 1329 904 Nam
1343 878 1367 903 et
1379 877 1531 910 inﬁrmatus
1545 879 1584 903 est
1600 884 1682 911 usque

9 922 61 948 ὅτι
92 920 221 958 ἀγαπᾶτε
243 920 338 955 αὐτὸν,
354 919 400 948 καὶ
417 919 457 948 ὅτι
480 917 629 954 ἐλυπήθητε
657 918 700 946 ἐπὶ
723 919 756 956 τῇ
779 918 828 958 ἆῤ·
845 927 870 958 Β
885 926 901 944 a

935 921 1059 946 mortem.
1075 919 1254 954 Compertum
1278 919 1391 953 habens,
1409 920 1507 956 inquit,
1526 921 1600 957 quod
1615 921 1679 948 dili-

12 964 134 1004 ῥωστίᾳ
151 964 249 997 αὐτοῦ,
265 965 383 993 ἰπιποθεῐ
410 964 472 993 ἰδεῖν
498 964 584 1002 ὑμᾶς,
607 961 651 990 ἵνα
673 964 720 997 τῆς
743 962 829 997 λύπης

12 1011 98 1046 ὑμᾶς
130 1008 288 1048 ἀπαλλάξῃ,
312 1009 345 1044 ἢν
374 1009 448 1048 ἔχετε
471 1007 514 1037 ἐπὶ
539 1009 572 1048 τῇ
590 1006 712 1046 ἀσθενείᾳ
736 1008 828 1037 αὐτοῦ,

15 1053 86 1083 Καὶ
103 1054 172 1082 ἄλλο
188 1053 216 1083 δέ
237 1065 263 1082 τι
286 1054 478 1087 κατασκευάζει
497 1054 622 1083 ἐνταῦθα.
650 1052 830 1090 Ἀπολογεῑται

15 1100 118 1132 αὐτοῖς
139 1099 180 1138 ἐφ’
200 1093 222 1138 ᾧ
237 1097 280 1126 διὰ
298 1098 393 1138 χρόνον
410 1098 510 1136 πέμπει
525 1096 590 1135 πρὸς
608 1096 720 1133 αὖτοὺς,
738 1107 830 1135 μονον-

16 1143 90 1182 ουχὶ
115 1142 201 1180 λέγων
213 1153 220 1160 ·
235 1143 276 1172 Οὔ
291 1143 359 1172 κατὰ
377 1143 506 1182 ῥαθυμίαν
523 1145 602 1171 τοῦτο
620 1142 724 1180 γέγονεν
737 1163 745 1179 ,
762 1141 830 1169 ἀλλὰ

14 1188 69 1218 τὸν
87 1188 140 1225 μὲν
156 1187 287 1224 Τιμόθεον
303 1189 337 1220 ὡς
351 1188 476 1228 ἰσόψυχον
493 1186 604 1226 κατέχω
620 1188 684 1225 παρ’
695 1186 805 1224 ἐμαυτῷ
822 1196 828 1203 ’

16 1235 32 1261 ὃ
51 1232 84 1261 δὲ
101 1232 296 1271 Ἐπαφρόδιτος
316 1232 446 1267 ἠσθένησε
457 1254 465 1268 ,
489 1231 535 1260 καὶ
553 1232 597 1260 διὰ
612 1234 689 1260 τοῦτο
703 1230 754 1269 πρὸ
767 1241 828 1258 και-

20 1279 76 1316 ροῦ
102 1277 151 1305 οὗκ
173 1272 267 1312 ἦλθεν,
290 1278 347 1306 ἐπεὶ
361 1276 387 1295 ⁹²
403 1275 494 1316 μακρὰ
516 1278 533 1311 ἡ
563 1274 703 1316 ἆῤῥωστία
727 1275 808 1304 αὐτοῦ
824 1285 832 1293 ·

24 1335 38 1348 ιι
62 1320 244 1360 παραπλησία
260 1334 273 1347 ι
297 1321 349 1360 γὰρ
371 1331 386 1350 ιι
401 1320 516 1362 θανάτῳ.
536 1333 548 1347 ι

79 1469 91 1482 ιι
110 1454 180 1485 Ἀλλ’
196 1456 209 1484 ὃ
223 1455 290 1489 Θεὸς
305 1454 381 1484 αὐτὸν
395 1455 505 1491 ἠλέησε.
520 1466 534 1484 )
550 1454 586 1485 Τί
600 1454 698 1493 λέγεις,
714 1449 737 1483 ὦ
751 1455 835 1484 Μανι-

27 1504 112 1540 lilia;
131 1501 163 1530 Εἰ
184 1501 297 1540 πονηρὸς
319 1501 333 1528 ὁ
355 1499 471 1538 κόσμος,
495 1499 541 1529 καὶ
561 1502 577 1535 ἡ
593 1500 620 1528 ἐν
644 1499 731 1539 τούτῳ
750 1498 826 1535 ζωὴ,

887 962 958 998 gatis
973 962 1074 998 ipsum,
1088 964 1199 999 etquod
1216 965 1369 992 contristati
1387 965 1453 992 estis
1467 973 1549 1000 super
1563 970 1679 1001 aegrota-

885 1007 957 1034 tione
972 1007 1039 1043 ejus,
1066 1008 1204 1036 desiderat
1225 1009 1315 1036 videre
1331 1017 1387 1043 vos,
1409 1013 1438 1037 ut
1460 1017 1474 1037 a
1501 1010 1611 1037 tristitia
1633 1017 1681 1037 vos

885 1051 1023 1085 liberaret,
1041 1060 1123 1088 quam
1147 1052 1254 1081 habetis
1278 1058 1390 1090 propter
1410 1053 1597 1082 inﬁrmitatem
1612 1054 1680 1090 ejus.

885 1097 969 1125 Aliud
983 1101 1075 1125 autem
1094 1097 1139 1126 hic
1153 1099 1236 1126 etiam
1262 1098 1347 1127 efﬁcit
1371 1109 1377 1127 :
1394 1107 1458 1127 nam
1473 1099 1577 1127 ratione
1591 1099 1682 1127 reddit

885 1141 933 1176 eis,
949 1150 1033 1177 quare
1045 1142 1134 1170 serius
1160 1143 1250 1178 ipsum
1275 1143 1310 1171 ad
1328 1151 1375 1172 eos
1388 1144 1491 1178 mittat,
1504 1148 1611 1172 tantum
1624 1152 1682 1172 non

886 1186 922 1214 ita
937 1186 1030 1215 dicens
1055 1196 1062 1214 :
1087 1188 1148 1215 Non
1171 1195 1218 1224 per
1245 1188 1399 1217 socordiam
1428 1188 1480 1217 hoc
1505 1189 1607 1217 factum
1629 1193 1681 1221 est,

885 1239 981 1259 verum
1002 1232 1176 1260 Timotheum
1207 1233 1328 1268 quidem,
1355 1241 1403 1261 ceu
1427 1233 1548 1270 ejusdem
1573 1241 1683 1262 mecum

886 1277 982 1311 animi,
1011 1277 1084 1313 apud
1107 1285 1153 1305 me
1176 1278 1286 1305 detineo
1322 1286 1330 1305 :
1363 1278 1566 1314 Epaphroditus
1588 1283 1683 1307 autem

888 1323 1038 1358 sagrotavit,
1060 1330 1092 1350 ac
1119 1325 1263 1359 propterea
1284 1330 1341 1351 non
1357 1323 1430 1350 venit
1450 1323 1540 1357 citius,
1557 1323 1684 1360 quando-

892 1368 1002 1405 quidem
1027 1367 1170 1401 diuturna,
1195 1372 1223 1396 et
1243 1367 1327 1396 morti
1349 1368 1500 1397 admodum
1523 1368 1609 1396 vicina
1626 1368 1684 1405 ejus

887 1413 1023 1448 agritudo
1035 1412 1126 1441 fuerit.

923 1459 976 1486 Sed
1007 1460 1079 1486 Deus
1105 1459 1191 1493 ipsius
1221 1459 1349 1486 misertus
1379 1460 1426 1486 est.
1459 1458 1530 1493 Quid
1559 1458 1638 1493 dicis,
1666 1467 1682 1487 ο

889 1503 1058 1532 Manichaee?
1082 1503 1111 1530 Si
1136 1502 1257 1531 mundus
1281 1511 1381 1537 pravus
1410 1507 1451 1531 est
1474 1507 1503 1531 et
1525 1503 1581 1531 vita
1599 1511 1683 1539 quam

26 1536 91 1578 πῶς
114 1547 159 1574 νῦν
180 1547 194 1574 ὁ
219 1536 374 1577 Ἀπόστολος
390 1536 462 1574 ἔλεον
478 1545 550 1575 Θεοῦ
566 1545 642 1574 καλεῖ
671 1544 702 1574 τὸ
717 1536 825 1580 ἒαθῆναι
840 1536 864 1569 (ἶ
878 1542 903 1576 ir

936 1548 983 1576 illo
1012 1548 1141 1582 vivimus,
1170 1547 1310 1584 quomodo
1332 1555 1406 1575 nunc
1438 1547 1586 1583 Apostolus
1606 1553 1684 1576 vocat

29 1590 80 1619 τὸν
96 1589 288 1629 Ἐπαφρόδιτον
311 1591 338 1618 ἔν
353 1591 386 1629 τῇ
410 1591 484 1629 ζωῆς
508 1589 589 1619 Ἀλλὰ
611 1590 665 1622 τοῖς
687 1589 735 1627 μὲν
758 1591 829 1628 αἱρε-

28 1636 119 1667 τικοῗς
134 1634 214 1667 οὐδεὶς
234 1635 299 1673 πρὸς
321 1636 399 1664 τοῦτο
419 1634 495 1673 λόγος
508 1646 515 1653 ·
531 1633 673 1671 ζητήσειαν
693 1634 716 1663 δ’
731 1633 762 1662 ἂν
786 1634 830 1663 καὶ

30 1678 207 1717 Χριστιανοί·
234 1680 269 1709 Εἰ
284 1678 365 1708 καλὸν
382 1678 412 1708 τὸ
433 1679 563 1708 ἀναλῦσαι
586 1679 632 1708 καὶ
648 1678 697 1707 σὺν
722 1679 830 1718 Χριστῷ

32 1719 105 1753 εἶναι
117 1745 125 1758 ,
140 1723 205 1757 τίνος
223 1723 309 1753 ἕνεκεν
324 1722 397 1753 ἔλεόν
413 1735 478 1764 φησι
501 1726 547 1752 τοῦ
565 1723 638 1753 Θεοῦ
657 1722 706 1758 τὴν
719 1723 830 1752 ἐνταῦθα

32 1764 107 1797 εἶναι
120 1767 203 1803 ζωήν;
219 1765 258 1798 *Η
273 1767 360 1798 τοίνυν
375 1768 441 1798 διότι
460 1768 507 1798 καὶ
521 1769 536 1796 ὃ
547 1767 745 1808 Ἐπαφρόδιτος
759 1767 831 1796 διδᾶ-

34 1813 137 1844 σκαλος
159 1811 216 1848 ὢν,
237 1811 332 1850 ἔμελλε
352 1812 474 1846 πλείονας
495 1812 585 1852 ψυχὰς
611 1815 791 1851 προσαγαγεῖν
806 1811 832 1832 9³

34 1857 79 1896 τῷ
93 1857 154 1896 Θεῷ
168 1857 294 1893 ἐπιζήσας
311 1857 395 1897 (ὅπερ
411 1856 615 1897 ἀναγκαιότερόν
627 1859 683 1887 ἐστι
701 1858 748 1886 τοῦ
764 1857 832 1885 ἀνα-

36 1903 134 1936 λῦσαι,
150 1902 184 1934 ὥς
201 1902 324 1941 ἀνωτέρω
345 1901 475 1942 εἴρηται)·
491 1901 509 1937 ἢ
531 1901 618 1931 πολλὰ
639 1903 685 1930 καὶ
700 1900 769 1930 κατὰ
784 1900 832 1937 τὴν

39 1945 130 1980 κοινὴν
147 1946 283 1981 συνήθειαν
309 1948 360 1975 τῶν
383 1946 531 1976 ἀκουόντων
557 1948 571 1975 ὁ
595 1947 702 1979 Παῦλος
725 1945 833 1986 φθέγγε-

40 1990 164 2032 ταιηιαὶ
183 1991 212 2019 οὐ
235 1993 372 2032 πανταχοῦ
398 1993 545 2032 φιλοσοφεῖ.
564 1992 635 2030 Πρὸς
657 1990 709 2030 γὰρ
728 1989 831 2029 ἀνθρώ-

40 2031 256 2074 πουςνβιωτικοὺς
279 2031 310 2071 ἦν
325 2036 396 2076 αὐτῷ
416 2037 430 2065 ὁ
451 2035 527 2075 λόγος
538 2058 547 2072 ,
564 2035 603 2065 ἔτι
620 2034 768 2068 δεδοικότας
787 2036 831 2063 τὸν

41 2079 158 2109 Θάνατον.
175 2078 275 2113 Ἄλλως
291 2091 334 2116 τε,
350 2081 395 2110 καὶ
416 2080 497 2109 καλὸν
521 2081 538 2115 ἡ
563 2082 686 2120 παροῦσα
711 2079 765 2114 ζωὴ
780 2080 831 2108 αὖ-

39 2123 75 2159 τὴ
93 2125 149 2153 καθ’
165 2124 262 2162 ἐαυτῇν
277 2135 285 2142 ο
302 2124 360 2154 ἐπεὶ
384 2123 428 2154 διὰ
451 2124 477 2154 τί
491 2125 518 2154 ἐν
542 2124 614 2158 τάξει
638 2124 772 2157 κολάσεως
788 2123 828 2152 τί-

886 1593 1110 1627 misericordiam,
1130 1593 1177 1620 Dei
1193 1592 1267 1628 quod
1281 1592 1500 1628 Epaphroditum
1517 1593 1607 1620 vivere
1622 1601 1682 1629 per-

886 1638 1010 1666 miserit?
1027 1639 1130 1666 Verum
1153 1637 1288 1665 haereticis
1312 1637 1379 1664 nihil
1401 1641 1443 1665 est
1467 1636 1540 1672 quod
1556 1637 1592 1665 ad
1612 1637 1684 1666 istud

887 1682 1087 1719 respondeant;
1107 1681 1252 1711 Christiani
1267 1686 1360 1710 autem
1375 1681 1417 1709 hic
1429 1689 1551 1718 querere
1562 1687 1663 1718 queant
1677 1693 1682 1710 ε

886 1728 913 1756 Si
924 1728 1029 1756 bonum
1052 1727 1087 1754 sit
1109 1726 1233 1762 dissolvi,
1247 1731 1276 1754 et
1293 1734 1357 1754 cum
1380 1726 1489 1755 Christo
1512 1734 1582 1760 esse,
1606 1727 1685 1763 cujus

886 1773 972 1809 gratia
999 1771 1220 1800 misericordiam
1249 1771 1301 1798 Dei
1333 1771 1404 1798 dicat
1433 1779 1492 1799 esse
1520 1776 1683 1807 praesentem

888 1817 989 1844 vitam?
1025 1816 1074 1844 Vel
1093 1816 1157 1851 quia
1183 1814 1393 1850 Epaphroditus,
1413 1815 1459 1850 qui
1483 1815 1582 1844 doctor
1613 1819 1682 1848 erat,

887 1862 980 1898 plures
993 1861 1097 1888 animas
1111 1860 1147 1888 ad
1164 1862 1255 1888 Deum
1267 1859 1435 1887 adducturus
1449 1863 1518 1892 erat,
1531 1860 1553 1888 si
1566 1860 1680 1887 viveret:

886 1905 959 1942 quod
981 1905 1068 1941 magis
1088 1903 1274 1932 necessarium
1297 1911 1378 1940 quam
1400 1903 1523 1937 dissolvi,
1550 1907 1580 1932 ut
1600 1912 1681 1940 supra

886 1954 1134 1979 commemoratum
1154 1952 1204 1976 est.
1221 1948 1269 1976 Vel
1295 1948 1382 1976 multa
1406 1948 1489 1975 etiam
1510 1948 1588 1984 juxta
1606 1956 1682 1976 com-

886 2003 998 2024 munem
1012 1994 1169 2023 auditorum
1189 1992 1418 2021 consuetudinem
1430 1993 1532 2020 Paulus
1550 1993 1681 2028 loquitur.

885 2045 913 2069 et
931 2048 987 2068 non
1007 2039 1109 2076 ubique
1130 2038 1337 2075 philosophatur
1358 2048 1363 2065 :
1387 2037 1543 2065 hominibus
1564 2038 1639 2066 enim
1654 2038 1680 2065 in

885 2086 986 2114 saeculo
1011 2084 1154 2120 agentibus
1180 2083 1260 2112 verba
1288 2083 1361 2118 facit,
1378 2084 1423 2119 qui
1447 2087 1566 2111 mortem
1591 2082 1682 2111 adhuc

887 2131 1057 2160 metuebant.
1074 2132 1222 2164 Praeterea,
1249 2128 1302 2156 vita
1329 2136 1450 2163 praesens
1465 2127 1522 2164 ipsa
1538 2136 1585 2163 per
1598 2135 1626 2156 se
1639 2136 1681 2156 res

40 2172 102 2204 θησι
117 2168 171 2202 τοὺς
184 2168 284 2208 ἀώρους
300 2169 440 2206 θανάτους
457 2183 468 2195 ιι
483 2168 534 2198 Διὰ
554 2172 631 2199 τοῦτο
647 2169 715 2209 γὰρ,
740 2169 828 2209 φησιν,
843 2169 870 2200 D
887 2178 901 2204 ι)

922 2184 955 2203 na
971 2180 1013 2204 est
1028 2186 1034 2203 ;
1047 2175 1149 2211 alioqui
1168 2183 1217 2202 cur
1229 2181 1317 2210 poena:
1329 2172 1389 2201 loco
1402 2173 1568 2200 immaturas
1579 2177 1682 2200 mortes

47 2225 62 2242 (ι
78 2216 187 2246 ἆσθενεῖς
202 2215 228 2243 ἰν
247 2215 326 2251 ὑμῖν,
342 2214 388 2243 καὶ
408 2215 555 2253 κοιμῶνται
575 2213 671 2243 ἱκανοί.
697 2226 711 2242 ι)
730 2213 765 2243 Ἣ
779 2213 830 2253 γὰρ

43 2257 174 2297 μέλλουσα
209 2257 263 2294 ζωὴ
300 2259 359 2299 οὐχὶ
385 2261 501 2299 πονηροῦ
531 2260 657 2299 κρείττων
687 2257 759 2298 (ἐπεὶ
784 2259 831 2288 οὐκ

43 2302 157 2342 ἀγαθὴ),
171 2303 239 2332 ἀλλὰ
254 2305 336 2334 καλοῦ
351 2303 477 2334 καλλίων.

88 2407 102 2425 ¢
117 2397 170 2427 Οὖκ
191 2396 269 2426 αὐτὸν
289 2396 316 2426 δὲ
330 2395 418 2434 μόνον,
438 2396 508 2425 ἀλλὰ
529 2396 575 2426 καὶ
590 2396 648 2434 ἐμέ.
663 2396 762 2438 Ὁρᾷς,
778 2399 834 2432 πῶς

48 2442 94 2472 καὶ
109 2441 156 2471 ἀπὸ
175 2441 266 2471 τούτου
282 2440 418 2479 αἰδέσιμον
435 2440 462 2460 ⁹⁴
476 2446 547 2471 ποιεῖ
561 2440 606 2470 τὸν
622 2442 833 2482 Ἐπαφρόδιτον;

50 2487 124 2526 εἴγε
145 2484 192 2522 τὴν
228 2485 330 2515 ἐκείνου
359 2486 389 2515 ἐκ
412 2487 459 2521 τῆς
496 2486 644 2526 ἀῤῥωστίας
672 2487 835 2526 ἀνακομιδὴν

49 2530 189 2570 εὐεργεσίαν
205 2531 235 2560 ἐκ
245 2531 318 2561 Θεοῦ
333 2530 433 2560 οἰκείαν
447 2530 493 2560 καὶ
507 2531 582 2560 ἔλεον
594 2530 705 2564 τίθεται.

92 2634 103 2646 «ι
117 2618 175 2650 Ἵνα
191 2620 227 2659 μὴ
243 2619 329 2657 λύπην
341 2621 385 2650 ἐπὶ
400 2619 472 2660 λύπῃ
486 2621 552 2660 σχῶ.
571 2631 585 2649 ι)
602 2621 756 2658 Τουτέστιν,
772 2621 834 2652 Ἵνα

53 2665 87 2704 μὴ
103 2664 189 2704 σὺντῇ
214 2663 288 2705 λύπῃ
373 2666 402 2694 ἐκ
429 2667 476 2700 τῆς
498 2665 648 2705 ἆῤῥωστίας
672 2667 750 2696 αὺτοῦ
776 2669 836 2697 ἐπι-

103 2741 182 2769 lCor.
200 2748 244 2774 χι,
262 2744 306 2769 30.

886 2221 982 2257 ponit?
1004 2221 1066 2248 Ideo
1086 2222 1158 2248 inter
1175 2227 1233 2251 vos,
1260 2218 1359 2253 inquit,
1374 2218 1456 2245 multi
1467 2219 1572 2252 inﬁrmi
1588 2219 1614 2244 et
1632 2218 1682 2244 im—

887 2267 1001 2300 becilles,
1016 2268 1042 2293 et
1061 2266 1200 2293 dormiunt
1222 2263 1304 2291 multi
1311 2261 1330 2290 ί.
1350 2263 1454 2290 Futura
1464 2261 1537 2290 enim
1552 2261 1605 2288 vita
1625 2269 1681 2289 non

888 2315 930 2339 est
944 2318 1026 2347 prava
1041 2310 1150 2343 melior,
1165 2309 1205 2337 sic
1218 2308 1292 2336 enim
1312 2307 1385 2336 haud
1403 2306 1476 2334 bona
1490 2310 1571 2341 esset,
1584 2313 1682 2334 verum

888 2360 928 2384 est
940 2355 1011 2384 bona
1025 2355 1132 2383 melior.

923 2402 980 2428 Non
1001 2401 1086 2428 solum
1099 2402 1188 2427 autem
1204 2399 1272 2434 ejus,
1291 2405 1383 2426 verum
1398 2398 1481 2425 etiam
1502 2398 1563 2424 mei.
1583 2396 1683 2424 Anim-

890 2445 1007 2474 advertis
1027 2453 1081 2481 quo
1097 2449 1177 2480 pacto
1196 2447 1224 2472 et
1238 2443 1301 2471 hinc
1322 2441 1544 2478 Epaphroditum
1563 2441 1684 2470 honora-

889 2491 974 2519 bilem
993 2489 1101 2518 reddit?
1119 2488 1261 2524 Siquidem
1281 2488 1353 2516 illius
1377 2487 1411 2515 ab
1428 2486 1591 2523 aegritudine
1610 2494 1673 2514 reva

890 2536 1049 2564 lescentiam
1081 2533 1249 2563 beneﬁcium
1279 2532 1332 2561 Dei
1367 2532 1554 2568 peculiare;et
1578 2531 1685 2559 miseri-

889 2581 1010 2610 cordiam
1023 2580 1108 2616 ponit.

925 2628 965 2654 Ne
990 2627 1136 2653 tristitiam
1153 2632 1234 2659 super
1248 2624 1390 2651 tristitiam
1404 2623 1538 2650 haberem.
1559 2621 1619 2648 Hoc
1633 2624 1683 2652 est,

889 2680 923 2700 ne
941 2671 974 2700 ad
989 2671 1130 2699 tristitiam
1145 2677 1205 2705 quae
1220 2669 1287 2697 mihi
1300 2676 1331 2696 ex
1349 2667 1508 2696 inﬁrmitate
1523 2665 1608 2702 ipsius
1619 2665 1686 2693 sub—

722 2784 831 2823 {Variae
856 2785 1003 2814 lectiones.

87 2839 104 2856 ⁵¹
117 2839 229 2874 συνεργὸν
245 2847 270 2868 ο.
308 2838 331 2856 ⁹¹
343 2839 428 2873 ἐπειδὴ
441 2848 467 2869 ο.
506 2839 528 2857 ⁸⁸
543 2841 720 2877 προσενεγκεῖν
735 2849 762 2870 ο,
800 2842 823 2860 ⁹⁴
837 2842 900 2869 erle
915 2851 941 2871 ο.

1611 190 1683 215 ιι74
1731 183 1735 190 ‘
