1886 3082
50 174 135 201 1177

520 170 696 199 EXPOSITIO
716 170 748 197 IN
767 168 870 196 EPIST.
890 167 936 196 AD
956 168 1095 196 PHILIPP.
1116 184 1150 190 —
1169 170 1243 198 CAP.
1265 171 1307 198 Ill.

1642 173 1711 200 1178

46 235 220 274 νομίσαντες
249 234 319 275 μέγα
343 246 369 264 τι
396 236 526 271 ποιῆσαι,
552 233 789 274 ὑψηλοφρονήσωσι
815 233 857 261 καὶ

950 230 1030 258 trinde
1056 239 1087 259 ac
1115 233 1161 268 qui
1189 233 1293 268 publica
1318 233 1467 262 ministeria
1496 238 1524 262 et
1547 233 1635 263 ofﬁcia
1654 243 1712 263 non

47 280 217 310 ἀπολέσωσι
228 280 272 310 τὸν
293 280 386 319 μισθὸν
397 303 406 318 ,
422 279 491 309 οὕτω
508 281 585 308 τοῦτο
600 278 740 317 ὠνόμασε,
758 289 861 316 μετριο-

49 327 168 365 ῃρονεῖν
206 324 299 358 αὐτοὺς
337 324 569 365 παρασκευάζων,
613 325 648 358 ὡς
686 322 762 363 χρέος
799 324 861 351 ἀπο-

49 370 166 404 δόντας.

350 505 500 536 ΚΕΦΑΛ.
530 504 573 536 Γ’.

101 572 115 586 ε
133 559 174 589 Τὸ
194 557 302 594 λοιπὸν,
324 558 432 598 ἀδελφοί
454 570 522 596 μου,
549 558 655 598 χαίρετε
682 559 709 587 ἐν
729 557 828 597 Κυρίῳ.
850 570 861 582 ι

53 603 178 639 Ἐπειδὴ
199 598 267 639 ἦσαν
293 602 340 640 μὲν
370 605 396 632 ἐν
424 604 524 643 ἀθυμίᾳ
552 603 594 632 διὰ
616 602 646 631 τὸ
672 602 710 640 μὴ
725 603 861 640 γινώσκειν

53 650 118 682 πῶς
131 647 165 677 τὰ
189 646 257 676 κατὰ
282 647 324 676 τὸν
355 648 478 684 Παῦλον,
508 649 564 680 πῶς
588 648 617 676 τὸ
641 648 780 686 κήρυγμα,
805 648 862 679 πῶς

54 694 100 733 τῷ
127 691 315 732 Ἐπαφροδίτῳ
333 693 366 721 τὰ
380 694 427 727 τ’ῆς
441 692 532 727 νόσου,
555 691 631 722 ἔλυσε
647 692 674 720 δὲ
696 695 778 721 ταῦτα
792 691 861 720 πάν-

57 750 97 766 τα
113 737 213 774 εἰπὼν,
230 736 270 766 ὅτι
291 737 346 766 Καὶ
366 738 395 766 τὸ
419 736 582 775 Εὖαγγέλιον
609 736 760 773 ἐπιδίδωσι,
785 735 860 774 κάγὼ

57 782 198 822 ἔρχομαι,
223 781 269 810 καὶ
297 783 310 810 ὁ
338 780 532 821 Ἐπαφρόδιτος
556 781 687 817 ἐπεστάλη
779 781 859 820 ἀπ.],

57 827 129 867 φησί
139 838 145 845 ·
164 837 179 855 α
193 826 234 855 Τὸ
248 826 338 855 λοιπὸν
349 825 466 866 χαίρετε.
481 837 494 854 n
514 826 634 867 Οὐδεμία
648 826 698 865 γὰρ
707 826 746 854 ἔτι
755 826 857 865 πρόφα-

57 865 103 905 αις
123 873 169 901 τοῦ
194 871 230 908 μὴ
254 870 370 911 χαίρειν.
399 870 467 904 Τοὺς
490 870 538 907 μὲν
563 865 605 900 οὖν
631 871 753 903 Γαλάτας
779 870 856 899 τέκνα

57 917 158 951 καλεῖ,
185 916 274 951 ἐπειδή
292 915 454 955 διορθώσεως
475 915 593 944 ἐδέοντο·
610 916 716 948 τούτους
742 915 768 944 δὲ
784 915 857 944 ἀδελ-

56 961 142 1000 φοὺς,
157 960 246 994 ἐπειδὴ
271 960 338 998 μετὰ
363 962 443 998 τιμῆς
466 961 553 993 αὐτοῖς
576 959 735 1000 διαλέγεται.
764 961 859 992 Καλῶς

58 1006 89 1034 δὲ
104 1000 176 1034 εἶπεν
191 1016 196 1022 ·
212 1019 224 1030 α
236 1003 284 1034 Ἐν
295 1004 395 1044 Κυρίῳ.
411 1019 421 1030 n
438 1005 477 1034 Τὸ
488 1004 538 1044 γὰρ
550 1005 620 1034 κατὰ
638 1005 737 1042 κόσμον
754 1004 858 1043 χαίρειν

57 1051 110 1079 οὐκ
133 1049 189 1079 ἔστι
221 1048 340 1089 χαίρειν·
365 1050 424 1078 ἀλλ’
449 1051 474 1078 ἐν
507 1049 618 1089 Κυρίῳ,
643 1049 688 1078 καὶ
712 1051 739 1078 αἱ
762 1049 861 1088 θλίψεις

55 1094 150 1134 χαρὰν
172 1094 287 1133 ἔχουσιν.
313 1094 367 1130 Ἦ,
394 1093 434 1123 ὅτι
450 1093 562 1129 Ἐπειδὴ
582 1095 596 1122 ὁ
623 1093 718 1134 Κύριος
741 1094 798 1134 ῥᾴω
827 1094 859 1123 τὰ

57 1138 210 1177 πράγματα
226 1137 332 1174 ἐποίησε
342 1161 350 1174 ,
369 1138 486 1178 χαίρετε.

104 1239 119 1257 ι
136 1227 178 1258 Τὰ
193 1227 260 1258 αὖτὰ
282 1228 391 1268 γράφειν
407 1228 483 1266 ὑμῖν,
509 1228 568 1267 ἐμοὶ
589 1228 636 1266 μὶν
662 1229 709 1257 οὐκ
734 1227 859 1268 ὀκνηρὸν,

57 1275 125 1311 ὑμῖν
149 1273 176 1302 δὲ
199 1273 322 1313 ἀσφελές.
348 1283 362 1301 n
385 1273 464 1302 Μετὰ
487 1274 516 1303 τὸ
538 1274 623 1302 πολλὰ
639 1273 732 1307 αὐτοὺς
756 1273 860 1302 ἐπαινέ-

57 1330 123 1354 aut,
144 1318 202 1348 τότε
217 1319 264 1353 τήν
291 1317 446 1357 παραίνεσιν
471 1317 586 1356 εἰσάγει,
610 1317 653 1347 ἵνα
672 1318 710 1356 μὴ
727 1318 753 1352 ἐξ
774 1319 859 1358 ἀρχῆς

59 1363 183 1402 φορτικὸς
199 1362 272 1402 δόξῃ.

108 1418 122 1435 ιι
135 1406 250 1436 Βλέπετε
259 1406 318 1440 τοὺς
330 1406 419 1440 κύνας.
433 1421 444 1434 ιι
457 1401 548 1436 τΗσαν
571 1408 624 1447 γάρ
636 1419 702 1441 τινες
716 1407 838 1437 Ἰουδαῖοι
849 1429 857 1445 ,

59 1451 87 1480 οἳ
114 1452 312 1490 ὑποκρινόμενοι
348 1452 577 1491 Χριστιανισμὸν,
599 1453 657 1489 ἀκαὶ
687 1452 859 1491 κηρύττοντες

61 1497 141 1531 δήοεν
154 1496 183 1524 τὸ
206 1495 385 1535 Εὖαγγέλιον,
403 1495 582 1536 παρεμίγνυον
606 1497 651 1526 καὶ
665 1496 699 1526 τὰ
712 1497 857 1526 Ἰουδαϊκά.

60 1542 67 1551 ’
74 1541 142 1571 Επεὶ
168 1536 212 1569 οὖν
238 1540 444 1580 δυσδιάγνωστοι

63 1597 80 1613 α
98 1585 227 1621 Βλέπετε,
243 1589 362 1625 τηρεῖτε,
378 1585 538 1625 προσέχετε,
554 1586 592 1624 μὴ
607 1586 717 1616 λάθωσι.
734 1586 816 1619 Κύνες
831 1586 858 1615 δὲ

59 1629 186 1669 πρότερον
212 1629 259 1667 μὲν
286 1630 427 1659 ἐκαλοῦντο
448 1631 472 1659 οἱ
497 1630 611 1668 ἐθνικοὶ,
637 1633 682 1659 νῦν
701 1631 727 1660 δὲ
745 1632 769 1659 οἱ
790 1630 857 1660 Ἰου-

60 1675 149 1710 δαῖοι,
179 1675 214 1707 ὥς
242 1674 353 1712 ἰταμοὶ²
379 1674 426 1704 καὶ
449 1674 513 1714 πρὸς
539 1675 568 1704 τὸ
584 1677 638 1715 φῶς
662 1677 710 1710 τῆς
735 1676 858 1711 ἀληθείας

61 1720 306 1758 ἀναισχυντοῦντες,
323 1719 368 1748 καὶ
379 1719 449 1748 κατὰ
459 1720 567 1749 πάντων
578 1721 760 1753 ὑλακτοῦντες.

109 1774 123 1791 ιι
144 1763 260 1794 Βλέπετε
280 1764 338 1797 τοὺς
360 1763 456 1796 κακοὺς
483 1764 604 1803 ἐργάτας.
624 1775 639 1793 ι)
664 1764 797 1794 Ἐνταῦθα
814 1766 857 1794 καὶ

60 1810 110 1843 τῆς
140 1810 191 1837 τῶν
233 1809 319 1837 κυνῶν
358 1808 536 1848 προσηγορίας
573 1810 717 1848 ἀποστερεῖ
754 1809 856 1843 αὐτούς.

62 1853 146 1886 Κύνες
182 1851 229 1890 μὶν
258 1852 309 1892 γὰρ
337 1853 430 1882 πολλοὶ
458 1854 504 1882 καὶ
536 1854 732 1893 ἐπιτραπέζιοι,
763 1854 856 1893 φησὶν,

61 1897 131 1939 εἶσὶ,
158 1897 203 1926 καὶ
225 1896 273 1930 τὰς
303 1898 355 1926 τῶν
379 1898 514 1926 δεσποτῶν
529 1898 541 1916 ³
570 1899 652 1930 οἰκίας
680 1902 856 1939 φρουροῦσιν·

61 1937 133 1970 οἷτοι
151 1942 178 1970 δὲ
192 1942 346 1981 ἐργάζονται
375 1942 438 1980 μὲν,
454 1942 513 1971 ἀλλ’
527 1942 569 1971 ἐπὶ
594 1945 669 1981 κακῷ
680 1937 691 1978 ,ν
705 1937 752 1972 καί
766 1944 857 1982 ἀργίας

59 1987 152 2026 πολλῷ
178 1987 301 2026 χείρονα,
321 1987 489 2019 ἀνασπῶντες
514 1987 546 2015 τὰ
566 1988 654 2020 καλῶς
685 1988 852 2026 φυτευθέντα.

102 2044 114 2056 ιι
131 2030 245 2060 Βλέπετε
256 2029 302 2065 τὴν
318 2030 484 2068 κατατομήν.
499 2030 663 2068 ιιΤουτέστι,
679 2031 736 2065 τοὺς
750 2044 856 2072 περιτο-

62 2075 114 2113 μὴν
140 2074 257 2114 ἔχοντας.
286 2075 366 2114 Μέγα
394 2074 483 2104 δὲκαὶ
502 2075 588 2113 τίμιον
616 2071 648 2111 ἦν
672 2075 730 2105 τότε
745 2077 755 2093 ⁴
780 2077 855 2116 παρὰ

61 2120 197 2153 Ἰουδαὶοις
211 2122 228 2155 ἡ
252 2119 402 2159 περιτομὴ,
419 2119 484 2148 ὅπου
499 2131 528 2158 γε
548 2122 593 2150 καὶ
608 2121 638 2149 τὸ
653 2121 796 2151 Σάϐϐατον
813 2121 854 2151 διὰ

59 2165 157 2200 ταύτην
180 2165 280 2193 ἐλύετο.
301 2164 380 2194 Ἐπεὶ
403 2160 447 2193 οὖν
468 2167 512 2194 ν’ὖν
537 2165 669 2205 ἤργησεν³,
698 2166 772 2195 οὐδὲν
788 2167 853 2196 ἄλλο

482 1537 566 1577 ἦσαν,
595 1541 639 1570 διὰ
677 1543 755 1571 τοῦτό
774 1553 855 1581 φησι·
871 1533 898 1566 D

919 275 1048 311 complet.
1074 277 1115 304 Ne
1140 276 1219 312 igitur
1245 276 1330 313 446
1359 278 1547 307 existimantes
1567 286 1596 307 se
1620 280 1711 315 magni

919 321 1059 356 quippiam
1072 320 1176 354 fecisse,
1192 322 1334 358 magniﬁce
1353 322 1388 350 de
1402 330 1430 351 se
1449 323 1576 358 sentiant,
1595 331 1627 352 ac
1640 331 1712 353 mer-

919 364 1014 392 cedem
1033 373 1111 393 suam
1123 365 1247 401 perdant,
1265 366 1317 394 hoc
1328 367 1439 395 nomine
1451 375 1511 395 rem
1528 368 1610 396 istam
1622 369 1712 405 appel-

919 409 993 445 lavit,
1014 410 1116 438 iaciens
1126 410 1179 439 hoc
1194 416 1272 447 pacto
1288 419 1335 440 eos
1345 411 1486 441 moderate
1494 420 1599 449 sapere,
1611 414 1710 450 quippe

918 454 964 491 qui
977 455 1155 484 reddiderunt
1167 456 1241 492 quod
1260 455 1406 485 debebant.

1209 515 1328 543 CAPUT
1338 515 1388 543 III.

952 560 1040 588 Vsus.
1056 562 1082 588 1.
1101 560 1177 593 Quod
1191 560 1323 595 reliquum
1333 563 1382 594 est,
1397 561 1500 594 fratres
1513 562 1575 597 mei,
1593 562 1712 596 gaudete

915 605 943 631 in
969 605 1089 632 Domino.
1105 604 1334 641 Quandoquidem
1347 605 1375 632 in
1388 613 1506 634 maerore
1523 610 1612 640 erant,
1631 607 1706 642 quod

913 649 1071 684 ignorarent
1083 649 1222 684 quomodo
1239 657 1282 677 res
1298 650 1372 678 Pauli
1390 658 1420 678 se
1441 649 1582 684 haberent,
1594 659 1710 686 quomo-

913 693 949 721 do
972 693 1045 721 verbi
1066 694 1222 729 praedicatio
1248 694 1416 728 succederet,
1438 695 1580 730 quomodo
1592 695 1710 731 denique

915 738 1119 774 Epaphroditus
1138 739 1248 773 valeret,
1276 738 1335 767 haec
1348 743 1439 767 autem
1468 739 1559 768 omnia
1582 740 1709 775 solverat,

915 783 1049 818 inquiens.
1066 784 1242 820 Evangelium
1256 784 1362 816 crescit,
1378 789 1405 811 et
1414 792 1465 820 ego
1476 784 1516 812 ad
1531 792 1578 812 vos
1591 785 1708 819 veniam,

918 827 1175 864 Epaphroditusque
1183 828 1241 864 jam
1254 828 1417 856 emandatus
1428 832 1478 863 est,
1493 829 1569 862 Quod
1576 830 1710 864 reliquum

917 875 964 905 est,
981 872 1069 908 inquit
1088 873 1202 907 gaudete
1216 883 1225 899 :
1249 873 1323 901 nulla
1345 873 1419 900 enim
1436 874 1492 909 jam
1514 873 1608 901 subest
1628 874 1708 907 ratio,

916 926 962 944 cur
974 925 1029 944 non
1043 917 1162 953 gaudere
1177 917 1306 946 debeatis.
1329 918 1441 946 Galatas
1457 918 1539 953 igitur
1558 918 1629 946 ﬁlios
1648 919 1707 954 qui-

914 962 977 989 dem
996 966 1084 997 vocat,
1097 963 1159 998 quia
1171 962 1339 990 correctione
1358 966 1385 990 et
1403 962 1594 990 emendatione
1609 963 1710 999 indige-

916 1006 979 1034 bant
993 1016 998 1033 :
1013 1006 1063 1035 hos
1075 1015 1138 1035 vero
1150 1006 1246 1035 fratres
1256 1007 1398 1034 nominat:
1410 1015 1473 1034 nam
1486 1006 1634 1035 honoriﬁce
1643 1016 1707 1035 cum

915 1051 967 1079 illis
975 1051 1105 1087 loquitur.
1117 1050 1420 1086 PulchreZautemdixit,
1432 1053 1464 1078 In
1476 1053 1582 1079 Domino
1594 1061 1602 1077 :
1615 1052 1708 1085 laetari,

914 1096 988 1123 enim
1006 1096 1160 1125 secundum
1184 1095 1331 1130 mundum,
1356 1104 1413 1125 non
1438 1100 1478 1124 est
1497 1096 1594 1130 laetari,
1612 1096 1660 1124 sed
1683 1097 1709 1124 iu

916 1141 1037 1169 Domino
1049 1141 1114 1178 ipsa;
1124 1142 1209 1170 etiam
1219 1141 1380 1169 aiﬁictiones
1394 1141 1522 1177 gaudium
1535 1141 1646 1169 habent.
1661 1142 1708 1169 Vel

915 1185 983 1220 Quia
996 1187 1132 1216 Dominus
1143 1195 1190 1215 reo
1204 1191 1311 1214 nostras
1322 1186 1414 1214 faciles
1427 1185 1552 1220 reddidit,
1567 1186 1706 1214 laetamini.

955 1232 1053 1259 Eadem
1061 1232 1176 1259 scribere
1183 1232 1267 1262 vobis,
1281 1232 1349 1259 mihi
1359 1231 1466 1266 quidem
1475 1239 1526 1258 non
1539 1234 1578 1258 est
1585 1233 1706 1266 pigrum,

914 1278 986 1305 vobis
1002 1280 1091 1304 autem
1104 1279 1203 1304 tutum.
1223 1277 1292 1304 Cum
1303 1276 1394 1303 multis
1407 1283 1454 1304 eos
1468 1275 1626 1304 nominibus
1640 1284 1707 1311 pra:-

913 1322 1040 1355 dicasset,
1060 1322 1165 1350 inducit
1183 1321 1294 1350 tandem
1312 1321 1542 1354 adhortationem,
1560 1329 1594 1349 ne
1613 1322 1707 1349 statim

913 1367 940 1394 in
954 1366 1085 1402 principio
1097 1374 1229 1394 onerosus
1239 1365 1370 1394 videatur.

949 1412 1038 1440 Vens.
1050 1414 1077 1439 2.
1093 1411 1187 1440 Videte
1196 1419 1282 1438 canes.
1297 1412 1382 1438 Erant
1392 1410 1467 1438 enim
1478 1410 1599 1438 nonnulli
1609 1411 1707 1444 Judaei,

913 1456 959 1492 qui
987 1456 1150 1484 simulantes
1185 1455 1426 1484 Christianismum
1462 1463 1494 1482 ac
1529 1455 1705 1491 Evangelium

915 1501 1118 1536 promulgantes
1129 1500 1209 1528 simul
1226 1500 1339 1528 Judaica
1351 1499 1548 1527 admiscebant.
1561 1500 1631 1534 Quia
1643 1508 1706 1527 vero

917 1553 969 1572 .ion
990 1545 1069 1573 facile
1095 1545 1241 1573 internosci
1275 1549 1410 1580 poterant,
1451 1549 1592 1580 propterea
1630 1544 1706 1578 dicit,

921 1591 1022 1624 Videte,
1058 1590 1212 1624 observate,
1251 1589 1390 1622 attendite,
1418 1597 1451 1616 ne
1479 1589 1591 1616 lateant.
1621 1589 1708 1616 Canes

913 1640 1005 1663 autem
1016 1639 1096 1662 antea
1110 1634 1318 1670 appellabantur
1327 1633 1437 1667 ethnici,
1448 1641 1521 1660 nunc
1535 1641 1598 1661 vero
1608 1633 1708 1667 Judaei,

914 1684 1043 1715 tanquam
1065 1679 1247 1715 impudentes,
1269 1683 1295 1706 ct
1317 1678 1352 1706 ad
1374 1678 1469 1706 lumen
1482 1678 1603 1706 veritatis
1622 1678 1708 1714 impu-

912 1725 1007 1752 denter
1019 1733 1078 1753 sese
1098 1729 1261 1759 gerentesac
1285 1723 1416 1751 omnibus
1435 1723 1599 1751 allatrantes.

951 1765 1045 1792 Videte
1060 1765 1149 1792 malos
1171 1765 1325 1799 operarios.
1337 1763 1389 1790 Hic
1404 1770 1505 1790 canum
1524 1764 1606 1791 etiam
1621 1763 1708 1799 appel-

911 1811 1012 1838 latione
1031 1819 1078 1839 eos
1093 1810 1188 1846 privat.
1209 1811 1296 1837 Canes
1312 1810 1386 1836 enim
1407 1809 1485 1836 multi
1499 1809 1582 1836 etiam
1606 1817 1709 1836 mensae

910 1860 974 1883 sunt
992 1856 1086 1889 vicini,
1099 1859 1180 1890 atque
1193 1854 1291 1882 domos
1306 1852 1404 1880 heriles
1417 1852 1583 1880 custodiunt.
1596 1853 1632 1880 Hi
1645 1861 1706 1880 Vt’l'o

910 1904 1059 1936 operantur
1082 1899 1203 1935 quidem,
1230 1898 1278 1926 sed
1299 1897 1334 1925 ad
1357 1896 1471 1930 malum,
1498 1901 1526 1924 et
1547 1905 1609 1932 qua
1628 1898 1707 1933 longe

910 1949 974 1972 sunt
1007 1945 1065 1972 otio
1097 1943 1243 1976 deteriora,
1281 1941 1426 1970 evellentes
1449 1949 1509 1976 quae
1534 1941 1618 1977 probe
1644 1946 1707 1969 sunt

911 1990 1040 2025 plantata.

950 2035 1047 2062 Videte
1061 2035 1253 2062 concisioncm.
1267 2034 1327 2061 Hoc
1341 2036 1393 2066 est,
1409 2031 1648 2060 circumcisionem
1660 2033 1706 2060 ha-

911 2080 1016 2108 bentes.
1029 2079 1129 2114 Magna
1142 2082 1235 2106 autem
1251 2077 1390 2114 quondam
1410 2081 1437 2105 et
1453 2077 1569 2113 pretiosa
1591 2085 1634 2104 res
1649 2081 1708 2104 erat

913 2124 986 2160 apud
1008 2124 1121 2152 Judaeos
1139 2123 1321 2156 circumcisio,
1342 2122 1479 2158 siquidem
1503 2122 1543 2150 vel
1556 2122 1706 2149 Sabbatum

911 2173 1022 2206 propter
1043 2177 1104 2196 eam
1126 2168 1285 2196 solveretur.
1310 2169 1348 2195 At
1371 2172 1516 2203 postquam
1539 2175 1612 2194 nunc
1631 2166 1706 2193 irrita

60 2209 78 2243 ἢ
97 2209 233 2247 κατατομή
257 2210 338 2238 ἐστιν.
363 2209 440 2238 Ἐπεὶ
461 2208 513 2249 γὰρ
541 2211 586 2239 οὐκ
612 2210 667 2240 ἔστι
696 2211 807 2248 νόμιμον
822 2211 851 2240 τὸ

952 2219 980 2242 ta
1005 2218 1055 2245 est.
1078 2213 1146 2240 nihil
1160 2213 1233 2240 aliud
1247 2216 1288 2240 est
1313 2217 1394 2248 atque
1417 2212 1549 2240 concisio.
1567 2211 1704 2248 Quoniam

62 2254 198 2292 γενόμενον
208 2275 215 2289 ,
231 2253 280 2290 τὴν
294 2254 380 2292 σάρκα
397 2255 474 2291 μόνον
490 2254 709 2292 κατατέμνουσιν.
726 2255 776 2291 Ἢ,
790 2257 855 2285 διότι

62 2299 110 2334 τὴν
128 2298 289 2335 Ἐκκλησίαν
305 2299 446 2338 ἐπειρῶντο
462 2299 607 2337 διατέμνειν
618 2300 639 2328 ⁵.

107 2399 122 2417 ιι
142 2388 235 2426 Ἡμεῖς
264 2388 316 2428 γάρ
348 2389 427 2425 ἐσμεν
451 2391 468 2425 ἡ
498 2389 646 2428 περιτομὴ,
675 2391 699 2418 οἷ
716 2389 855 2426 Πνεύματι

63 2434 125 2473 Θεῷ
145 2431 323 2472 λατρεύοντες.
353 2444 367 2461 ››
400 2433 434 2462 Εἰ
454 2433 512 2472 δεῖ,
535 2433 616 2473 φησὶ,
636 2435 722 2470 ζητεῖν
749 2446 855 2474 περιτο-

64 2478 130 2515 μὴν,
159 2478 219 2516 παρ’
237 2478 301 2513 ἡμῖν
326 2477 424 2513 ταύτην
441 2479 565 2518 εὑρήσετε
580 2479 634 2511 τοῖς
653 2481 854 2518 πνευματικῶς,

62 2522 194 2558 τουτέστι,
220 2523 272 2556 τοῖς
297 2522 339 2551 διὰ
362 2524 448 2562 ψυχῆς
471 2522 516 2552 καὶ
539 2522 595 2557 νοὸς
617 2523 798 2563 λατρεύουσιν.
821 2524 855 2554 Ὁ

62 2568 112 2606 γὰρ
131 2566 177 2603 τὴν
206 2566 292 2607 ψυχὴν
323 2566 507 2606 περιτμηθεὶς,
531 2567 577 2596 καὶ
608 2568 651 2597 διὰ
675 2569 772 2605 ταύτης
792 2569 854 2599 8on-

62 2610 142 2641 λεύων
157 2613 194 2652 τῷ
217 2611 296 2652 Θεῷ,
323 2607 397 2644 οἶτος
426 2611 474 2647 τήν
505 2612 597 2652 εὐγενῆ
619 2613 764 2653 περιτομὴν
783 2614 854 2654 ἔχει,

61 2658 115 2696 ὅσῳ
124 2656 168 2686 καὶ
197 2656 270 2697 ψυχὴ
291 2656 417 2696 κρείττων
437 2655 572 2695 σώματος.
599 2659 658 2688 Οὔκ
680 2654 738 2689 εἷπε
751 2659 790 2695 δὲ,
807 2659 853 2689 Ἐν

61 2701 124 2741 ἡμῖν
137 2701 186 2741 γάρ
200 2702 269 2730 ἔστιν
282 2703 300 2737 ἡ
324 2701 473 2741 περιτομὴ,
499 2701 571 2740 ἀλλ’,
588 2716 600 2729 α
614 2701 708 2743 Ἡμεῖς
730 2705 821 2743 ἔσμεν.
837 2718 851 2735 ι

911 2260 985 2288 enim
1009 2266 1067 2286 non
1088 2258 1122 2286 sit
1146 2265 1228 2293 porro
1261 2257 1411 2293 legitimum
1433 2256 1508 2292 quod
1529 2256 1571 2290 ﬁt,
1593 2263 1705 2284 carnem

911 2302 1103 2332 tantummodo
1116 2301 1276 2330 concidunt.
1296 2302 1343 2330 Vel
1358 2301 1422 2338 quia
1436 2301 1587 2330 Ecclesiam
1601 2300 1703 2329 discin~

911 2349 977 2377 dere
989 2348 1166 2376 conabantur.

945 2394 1037 2421 Vnus.
1052 2397 1078 2421 3.
1091 2394 1147 2422 Nos
1162 2393 1231 2419 enim
1244 2399 1338 2419 sumus
1347 2392 1528 2423 circumcisio,
1537 2393 1586 2426 qui
1600 2392 1706 2426 Spiritu

910 2441 965 2467 Deo
987 2439 1131 2466 servimus.
1151 2437 1178 2465 Si
1197 2437 1344 2472 quaerenda
1359 2441 1410 2469 est,
1425 2436 1524 2472 inquit,
1537 2436 1707 2464 circumcisio

910 2483 983 2520 apud
1000 2491 1051 2511 nos
1070 2490 1130 2510 eam
1151 2481 1305 2514 invenietis,
1330 2480 1413 2517 447
1446 2481 1493 2517 qui
1519 2481 1706 2517 spiritualiter,

909 2529 962 2557 hoc
978 2532 1030 2562 est,
1046 2528 1137 2555 anima
1156 2531 1184 2555 et
1197 2530 1290 2554 mente
1304 2526 1445 2554 servimus.
1461 2526 1513 2561 Qui
1527 2526 1601 2554 enim
1615 2526 1706 2554 anima

910 2573 1093 2602 circumcisus
1119 2576 1161 2600 est
1181 2576 1209 2600 et
1238 2579 1287 2608 per
1307 2578 1367 2598 eam
1393 2572 1452 2598 Deo
1475 2570 1595 2604 inservit,
1628 2570 1702 2605 inge~

910 2627 993 2647 nuam
1007 2617 1246 2646 circumcisionem
1263 2616 1355 2649 habet,
1368 2619 1471 2651 quanto
1484 2615 1606 2642 videlicet
1614 2614 1704 2641 anima

909 2669 951 2692 est
968 2671 1082 2700 corpore
1097 2662 1358 2698 praastantior.1\‘on
1379 2664 1471 2688 autem
1487 2659 1564 2693 dixit,
1581 2661 1613 2686 In
1626 2658 1704 2686 nobis

911 2713 954 2738 est
987 2707 1172 2742 circumcisio,
1203 2714 1310 2739 verum,
1338 2707 1391 2734 Nos
1410 2712 1509 2732 sumus.
1533 2702 1609 2731 istud
1632 2703 1704 2731 enim

751 2786 845 2816 Varia:
869 2787 1022 2816 lectiones.

101 2837 111 2853 ²
123 2836 155 2866 ὥς
171 2835 273 2869 ἀπηνεῖς
284 2836 352 2867 ὄντες
364 2844 403 2865 m.
441 2836 451 2854 ³
466 2837 610 2869 δεσποτικὰς
622 2846 648 2866 0.

687 2839 698 2855 ‘
714 2849 772 2866 ποτε
786 2849 813 2869 ο.
851 2842 862 2858 ⁵
876 2840 1038 2876 κατατέμνειν
1058 2847 1085 2868 0.
