1886 3082
59 191 121 218 1181
521 188 698 216 EXPOSITIO
717 188 751 215 lN
771 187 876 215 EPIST.

897 187 943 215 AD
962 187 1100 216 PHILIPP.
1119 203 1156 209 —
1174 190 1248 217 CAP.
1269 190 1312 218 111.
1634 193 1701 220 1182

96 266 108 278 ιι
136 251 214 282 Κατὰ
248 250 414 287 δικαιοσύνην
451 251 499 287 τὴν
527 252 554 280 ἔν
599 251 673 290 νόμῳ
715 250 850 290 γενόμενος

946 250 1098 279 Secundum
1104 252 1248 286 justitiam
1263 260 1323 287 qua
1340 253 1369 279 in
1388 253 1444 288 lege
1463 256 1511 288 est,
1531 257 1703 282 conversatus

57 297 207 335 ἄμεμπτος.
238 310 250 323 ν
267 296 377 332 Ἐπειδὴ
401 296 495 326 πολλοὶ
510 296 556 325 καὶ
578 295 621 325 διὰ
641 295 785 335 φιλαρχίαν
806 296 852 331 ζη-

57 342 130 371 λοῦσι
140 364 148 380 ,
166 341 213 371 καὶ
231 342 263 370 δι’
279 341 362 374 ἄλλας
377 341 479 377 αἰτίας,
495 340 542 370 καὶ
557 340 618 380 οὐχὶ
629 340 695 379 ὑπὲρ
705 342 750 369 τοῦ
761 340 853 378 νόμου,

57 387 155 426 φησὶν,
173 385 215 416 ὅτι
239 386 378 425 ἄμεμπτος
404 385 440 415 ὢν
457 385 527 415 κατὰ
551 385 598 420 τὴν
614 387 640 414 ἐν
657 384 731 424 νόμῳ
756 385 854 414 δικαιο-

57 431 154 468 σύνην,
174 433 231 464 πῶς
252 431 285 460 ἂν
303 430 345 461 διαί
369 443 393 460 τι
419 431 584 470 ἀνθρώπινον
613 429 738 466 ἐδίωκον,
757 429 803 459 καὶ
825 429 854 458 οὖ

59 475 127 505 κατὰ
139 477 210 506 θεῖον
222 477 313 512 ζῆλον;

100 533 112 547 α
132 519 204 551 Ἀλλ’
226 520 302 550 ἅτινα
324 516 355 556 ἧν
383 532 428 559 μοι
453 519 553 559 κέρδη,
574 521 658 549 ταῦτα
677 519 784 559 ἥγημαι
811 518 855 548 διὰ

59 565 100 594 τὸν
129 565 245 605 Χριστὸν
281 565 390 602 ζημίαν.
427 564 510 595 Ἀλλὰ
537 566 662 604 μενοῦνγε
692 563 738 593 καὶ
773 565 854 602 ἡγοῦ-

60 621 107 647 μαι
122 609 213 639 πάντα
236 610 335 648 ζημίαν
352 605 419 639 εἶναι
443 610 486 639 διὰ
510 609 539 638 τὸ
564 608 693 649 ὑπερέχον
715 610 761 643 τῆς
786 607 853 646 γνώα

61 666 123 688 σεως
138 654 229 690 Ἰησοῦ
245 654 362 693 Χριστοῦ
379 657 428 684 τοῦ
450 653 548 693 Κυρίου
575 665 635 692 μου.
650 665 664 682 ι)
684 653 817 683 Ἐνταῦθα
832 653 856 681 οἳ

60 699 100 728 τὸν
110 699 191 737 νόμον
203 699 392 733 διαϐάλλοντες
415 698 544 739 αἱρετικοὶ
558 698 738 733 ἐπιπηδῶντες
749 719 757 733 ,
773 697 856 733 Ἰδοὺ,

61 743 132 783 φασὶ,
149 744 249 781 ζημίαν
261 743 385 781 ὀνομάζει
403 743 448 773 τὸν
461 743 539 781 νόμον
558 742 613 782 [xui
636 742 756 783 σκύϐαλα
802 743 857 774 πῶς

61 781 197 827 οδνξπαρὰ
221 791 268 818 τοῦ
293 787 362 818 Θὲοῦ
384 788 478 825 ἕδόθη;
500 781 611 827 Πρῶτον
638 786 685 826 μὲν
700 781 744 815 οὖν
773 787 856 826 εὔχα-

62 833 242 872 ριστήσωμιν,
270 832 310 862 ὅτι
332 833 363 862 τὸ
391 834 504 870 Πνεῦμα
530 831 562 861 τὸ
586 831 658 869 ἅγιον
686 830 856 871 ᾦκονόμησεν

62 876 151 910 αὐτοὺς
178 876 379 917 παραδέξασθαι
402 877 436 906 τὰ
459 877 585 916 ῥήματα,
614 877 650 909 ὥς
677 877 745 915 ὑπὲρ
770 876 856 904 αὐτῶν

908 296 966 322 sine
977 296 1095 330 querela.
1110 295 1177 330 Quia
1202 296 1322 332 plerique
1347 297 1512 334 principatus
1526 306 1606 327 causa
1620 303 1648 327 et
1666 299 1702 327 ob

906 339 972 367 altas
982 340 1113 375 quasdam
1125 347 1168 368 res
1177 341 1352 375 aemulantur,
1367 345 1395 369 et
1406 349 1461 370 non
1475 347 1586 378 propter
1602 344 1697 380 legem,

908 384 946 412 ait
971 386 1057 412 :Cum
1071 384 1223 420 inculpatus
1245 393 1334 413 essem
1360 386 1386 413 in
1404 387 1510 422 justitia
1533 387 1610 424 legis,
1632 396 1700 424 quo-

910 429 993 457 modo
1003 429 1039 457 ob
1047 430 1200 458 humanum
1209 430 1331 466 aliquod,
1345 435 1373 458 et
1387 439 1443 458 non
1457 436 1569 468 propter
1580 432 1703 461 divinum

908 474 1000 502 zelum
1016 479 1172 510 persecutus
1186 477 1270 503 sum?

945 520 1032 547 Vens.
1049 523 1078 552 1,
1093 521 1118 547 8.
1135 519 1190 547 Sed
1206 527 1266 554 qua:
1281 520 1350 547 mihi
1364 521 1438 547 lucra
1450 521 1577 555 fuerunt,
1593 521 1650 550 haec
1662 530 1704 549 ar.

910 564 1027 592 Miratus
1046 573 1105 592 sum
1126 566 1238 599 propter
1248 565 1383 593 Christum
1402 565 1543 594 damnum.
1563 567 1704 594 Verumta-

910 617 971 636 men
992 610 1114 636 existimo
1129 610 1220 636 omnia
1239 609 1370 637 damnum
1383 617 1436 637 esse
1452 613 1564 645 propter
1579 612 1706 638 excellen-

911 655 981 681 tiam
995 655 1156 688 cognitionis
1165 656 1227 681 Jesu
1240 654 1344 682 Christi
1352 656 1462 682 Domini
1471 656 1535 682 mei.
1554 656 1608 683 Hic
1622 655 1706 684 haere-

911 700 957 727 tici
981 700 1026 735 qui
1056 700 1145 736 legem
1175 699 1379 728 calumniantur
1406 701 1577 737 insurgentes
1600 701 1705 735 dicunt,

912 746 981 772 Ecce
1002 745 1091 780 legem
1113 744 1246 773 damnum
1268 749 1350 773 vocat
1375 754 1382 772 :
1413 745 1557 782 quomodo
1591 747 1672 782 igitur
1692 755 1706 774 a

911 791 969 816 Deo
981 788 1046 817 data
1061 791 1120 817 est?
1141 789 1264 818 Primum
1279 789 1361 825 igitur
1384 791 1485 826 gratias
1505 798 1618 827 agamus
1632 791 1707 827 quod

910 833 1028 869 Spiritus
1042 838 1153 863 sanctus
1167 834 1204 862 ita
1225 833 1374 868 ordinavit,
1398 839 1427 862 ut
1441 835 1611 871 susciperent
1624 836 1706 864 verba

911 883 1043 914 tanquam
1057 887 1105 914 pro
1125 879 1158 906 iis
1181 882 1279 906 essent.
1299 879 1359 906 Nisi
1375 880 1450 907 enim
1471 879 1641 915 providentia
1656 881 1706 908 Dei

62 921 129 952 ὄντα.
157 924 189 952 Εἰ
213 922 266 961 γὰρ
295 921 332 960 μὴ
348 924 424 951 τοῦτο
450 920 498 958 ἦν,
524 921 665 970 ἐξήλειψαν
692 920 723 949 ἂν
738 920 853 970 τὰ-ρητὸι

946 924 1084 954 εοεςὶκῑςπῐ,
1106 924 1185 950 νςτῖνι
1206 923 1273 956 Mn,
1297 927 1328 951 ut
1341 923 1393 952 alia
1413 924 1550 960 pleraque,
1566 932 1704 960 expunge-

63 969 154 1002 ταῦτα,
176 965 269 1005 ὥσπερ
292 966 337 996 καὶ
364 967 432 996 ἄλλα
460 966 558 996 πολλοί.
585 964 702 996 Ἔπειτα
725 964 853 1004 πρόσχες·

63 1011 106 1040 οὐκ
116 1005 185 1040 εἶπεν
201 1011 311 1046 ἅπλῶς,
336 1010 376 1039 ὅτι
391 1010 481 1049 Ζημία
506 1010 576 1040 ἐστὶν
591 1011 605 1038 6
629 1009 706 1047 νόμος
719 1031 727 1046 ,
743 1009 801 1038 ἀλλ⁷
815 1009 855 1038 ὅτι

67 1066 80 1084 σ
95 1054 223 1093 Ἦγημαι
236 1055 313 1084 αὐτὸν
324 1055 422 1093 ζημίαν
434 1067 440 1072 ·
454 1066 467 1083 ι
482 1055 558 1094 φύσει
569 1054 617 1092 μὲν
630 1054 681 1093 γὰρ
690 1055 737 1082 οὐκ
745 1053 855 1089 ἔστιζη-

65 1099 119 1137 μία.
138 1101 201 1134 Πῶς
216 1100 281 1140 γὰρ,
302 1099 329 1133 ὃς
341 1102 376 1134 εἰς
391 1100 506 1139 Χριστὸν
526 1099 583 1138 ἄγει
599 1099 687 1132 καλῶς
699 1098 854 1137 νοούμενος;

64 1143 135 1174 Ἐπεὶ
151 1145 178 1173 δὲ
187 1144 243 1184 ἐγὼ
256 1144 383 1184 πρότερον
402 1146 490 1177 κακῶς
507 1145 572 1172 νοῶν
590 1143 669 1172 αὐτὸν
685 1144 713 1172 οὖ
728 1143 855 1182 upon-{Iuv

65 1189 182 1229 Χριστῷ,
203 1184 263 1218 εἶτα
280 1190 387 1228 ὕστερον
401 1188 521 1228 ἐπιγνοὺς
537 1189 584 1225 τὴν
609 1188 733 1222 ἀλήθειαν
747 1211 754 1226 ,
772 1199 854 1226 προσ-

64 1235 136 1268 ῆλθον
151 1235 282 1274 Χριστῷ,
299 1234 344 1263 καὶ
359 1232 431 1267 ἔδοξέ
448 1245 491 1272 μοι
506 1233 627 1272 γενέσθαι
648 1233 730 1270 ζημία
746 1234 760 1261 6
777 1233 856 1270 νόμος

65 1279 104 1306 τὸν
114 1278 204 1318 χρόνον
217 1279 328 1314 ἐκεῖνον,
340 1279 399 1307 καθ’
410 1278 438 1307 ὃν
454 1280 541 1311 κακῶς
549 1279 616 1306 νοῶν
632 1277 722 1311 αὐτὸν,
734 1277 764 1306 οὖ
771 1289 855 1316 προσ-

66 1323 137 1357 ῆλθον
151 1323 273 1362 Χριστῷ.
288 1323 365 1353 Ἐπεὶ
432 1335 461 1361 γε
484 1323 568 1361 οἰκείᾳ
582 1321 658 1362 φύσει
673 1323 687 1350 6
703 1321 779 1360 νόμος
791 1321 855 1360 κέρ-

66 1367 103 1400 δος
126 1367 190 1397 ἔστί.
218 1361 277 1398 κίκι
306 1367 402 1397 ἄκουε*
428 1369 474 1396 οὐκ
499 1361 587 1403 εἶπεν,
615 1364 708 1396 Ἅτινα
734 1365 855 1403 ἡγούμην

67 1410 149 1451 κέρδη,
165 1412 236 1448 ἀλλ’,
253 1425 265 1439 α
277 1411 377 1442 ⁶¹Ατινα
389 1407 431 1448 ἦν.
455 1423 470 1441 n
486 1412 600 1447 Ἀληθῶς
615 1410 667 1450 γὰρ
680 1410 769 1450 κέρδος
784 1411 854 1440 ἐστὶν

67 1457 79 1484 6
93 1456 174 1494 νόμος,
189 1457 350 1496 θηριωδίας,
372 1456 550 1486 ἀπαλλάττων
564 1455 623 1489 τοὺς
638 1455 789 1495 ἀνθρώπους
810 1455 854 1484 καὶ

69 1501 278 1539 δεισιδαιμονίας,
301 1501 347 1530 καὶ
374 1496 427 1531 οἶον
442 1500 539 1539 κλίμαξ
554 1500 705 1540 γενόμενος,
729 1499 774 1528 καὶ
790 1501 854 1528 ἀνα-

908 972 979 996 rent.
996 968 1104 996 Deinde
1120 969 1234 997 observa
1253 979 1262 995 :
1286 977 1343 997 non
1365 968 1432 997 dixit
1447 969 1606 1004 simpliciter
1620 969 1706 1005 legem

908 1020 967 1041 esse
980 1012 1125 1047 damnum,
1142 1013 1201 1049 sed,
1217 1015 1377 1042 Arbitratus
1391 1021 1450 1041 sum
1464 1014 1541 1042 illam
1560 1021 1619 1042 esse
1630 1014 1707 1042 dam-

909 1065 974 1086 num
984 1067 992 1083 :
1004 1065 1069 1086 nam
1077 1062 1177 1087 natura
1188 1066 1245 1087 non
1251 1063 1293 1087 est
1305 1059 1444 1087 damnum.
1457 1058 1606 1093 Quomodo
1617 1058 1704 1092 enim,

907 1111 973 1131 cum
987 1102 1022 1130 ad
1034 1102 1175 1131 Christum
1195 1103 1287 1138 ducat,
1307 1103 1329 1131 si
1349 1107 1422 1131 recte
1440 1102 1624 1139 intelligatur?
1636 1105 1707 1131 Nam

908 1151 988 1175 antea
1000 1155 1050 1183 ego
1069 1155 1213 1184 perperam
1232 1156 1294 1176 eam
1309 1147 1454 1184 intelliges,
1473 1155 1530 1175 non
1543 1147 1706 1175 accedebam

908 1191 1016 1220 Christo
1042 1200 1049 1218 :
1083 1191 1182 1220 deinde
1217 1200 1280 1221 vero
1314 1192 1458 1220 veritatem
1484 1200 1646 1227 agnoscens,
1675 1191 1707 1219 ad

908 1236 1047 1264 Christum
1062 1236 1173 1271 accessi,
1194 1244 1226 1265 ac
1238 1237 1294 1265 visa
1308 1241 1348 1265 est
1363 1237 1407 1265 lex
1425 1236 1498 1264 mihi
1510 1236 1707 1264 detrimentum

910 1289 957 1316 per
979 1281 1047 1309 illud
1061 1282 1206 1317 temporis,
1230 1290 1285 1318 quo
1312 1281 1382 1309 male
1410 1281 1484 1309 illam
1507 1281 1662 1317 intelligens
1672 1281 1707 1308 ad

908 1326 1048 1354 Chrsitum
1069 1334 1125 1353 non
1152 1326 1261 1354 accessi.
1287 1327 1358 1354 Nam
1384 1325 1537 1354 secundum
1562 1326 1704 1362 propriam

908 1374 1032 1398 naturam
1055 1370 1096 1398 lex
1120 1375 1161 1398 est
1183 1371 1299 1399 lucrum.
1321 1370 1394 1398 Audi
1417 1379 1501 1406 porro
1520 1381 1527 1398 :
1547 1378 1602 1398 non
1620 1370 1702 1403 dixit,

908 1417 976 1450 Quae
992 1415 1125 1451 putabam
1147 1423 1207 1444 esse
1235 1416 1318 1449 luera,
1341 1415 1399 1450 sed,
1417 1416 1482 1448 Ome
1498 1418 1575 1443 erant
1593 1424 1599 1443 :
1615 1423 1708 1443 revera

907 1460 981 1488 enim
996 1460 1036 1488 lex
1052 1464 1093 1487 est
1106 1461 1225 1493 lucrum,
1239 1468 1254 1488 a
1269 1460 1389 1488 belluina
1405 1464 1505 1488 natura
1519 1464 1548 1488 et
1568 1460 1700 1495 supersti-

906 1504 978 1532 tione
989 1505 1115 1532 homines
1128 1504 1255 1539 liberans,
1271 1513 1302 1532 ac
1314 1504 1398 1532 veluti
1406 1505 1542 1533 scalarum
1554 1505 1613 1532 loco
1624 1503 1705 1537 facta,

69 1545 149 1584 γαγὼν
172 1548 243 1584 ἡμᾶς
273 1545 315 1575 ἐπὶ
344 1546 392 1582 τὴν
410 1545 479 1575 κατὰ
496 1544 612 1585 Χριστὸν
645 1544 724 1580 ζωήν.
748 1543 855 1584 ⁶Ωσπερ

947 1549 981 1577 ad
995 1549 1078 1577 vitam
1090 1549 1199 1578 Christo
1210 1549 1323 1585 dignam
1335 1556 1387 1577 nos
1399 1548 1560 1585 perducens.
1571 1550 1612 1577 Ut
1625 1549 1708 1585 igitur

71 1585 109 1618 οὖν
123 1592 136 1619 6
161 1590 202 1619 διὰ
228 1590 359 1628 κλίμακος
383 1590 512 1627 ἀνελθὼν,
532 1591 561 1619 οὖ
580 1589 700 1618 διαπτύει
727 1588 776 1624 τὴν
798 1589 856 1617 κλί-

72 1646 151 1671 μακα,
176 1635 244 1665 ἀλλὰ
272 1635 317 1664 καὶ
340 1635 419 1674 χάριν
437 1635 504 1674 αὖτῇ
521 1631 602 1664 οἷδιν·
619 1636 641 1663 εἰ
658 1634 695 1672 μὴ
709 1633 760 1674 γὰρ
787 1633 854 1674 αὕτη

72 1674 108 1715 ἧν,
123 1680 166 1708 οὖκ
181 1679 210 1708 ἂν
226 1678 323 1715 ἀνέϐη·
346 1679 415 1709 οὕτω
436 1679 482 1709 καὶ
504 1681 518 1708 6
533 1680 612 1717 νόμος
628 1678 719 1719 κέρδος
744 1678 792 1716 μὲν
806 1673 837 1713 ἧν
847 1700 854 1713 ,

72 1725 110 1751 νῦν
128 1722 152 1752 δὲ
174 1723 271 1762 ζημίαν
293 1724 370 1754 αὐτὸν
396 1724 551 1763 ἡγούμεθα,
575 1724 624 1763 οὐχ
639 1722 680 1752 ὅτι
701 1722 814 1755 τοιοῦτός
832 1723 856 1740 ⁴⁰

72 1768 152 1805 ἐστιν,
183 1770 241 1798 ἀλλ’
268 1769 358 1804 ἐπειδὴ
384 1769 479 1806 μείζων
510 1771 528 1804 ἡ
554 1767 642 1807 χάρις.
668 1765 779 1806 Ὥσπερ
804 1767 856 1806 γὰρ

72 1811 182 1852 ἀργύριόν
196 1825 234 1847 τις
250 1813 389 1852 κατέχων,
405 1813 511 1842 ἐπειδὰν
534 1813 644 1852 χρυσίον
663 1811 737 1850 εὕρῃ,
758 1811 804 1840 καὶ
818 1813 855 1849 μὴ

125 1858 257 1898 ἀμφότερα
273 1862 430 1897 κατασχεῖν,
453 1858 551 1896 ζημίαν
566 1857 672 1895 ἡγεῖται
683 1856 713 1886 τὸ
733 1856 856 1896 κατέχειν

73 1902 160 1938 ἕκεῖνο,
175 1902 219 1932 καὶ
233 1902 326 1932 λοιπὸν
342 1902 416 1940 ἀφεὶς
435 1903 512 1938 αὐτὸ,
528 1902 661 1940 λαμϐάνει
679 1900 709 1930 τὸ
730 1900 838 1940 χρυσίον
849 1913 856 1919 ·

74 1945 134 1975 οὕτω
159 1946 202 1976 καὶ
217 1948 330 1976 ἐνταῦθα
347 1947 428 1985 ζημία
443 1948 457 1976 ὁ
477 1946 570 1985 νόμος,
596 1945 660 1975 ὅταν
678 1946 770 1984 ἀπάγῃ
786 1947 857 1984 Χρι-

73 1993 140 2019 ατοῦ·
153 1990 182 2020 ἂν
194 1992 220 2021 δὲ
237 1991 406 2031 παραπέμπῃ
417 2015 423 2027 ,
437 1991 533 2021 οὐκέτι.
551 1991 591 2020 Οὐ
609 1990 685 2029 μόνον
703 1986 759 2028 οὖν⁷
774 1990 855 2030 φησὶ,

73 2034 149 2064 πάλαι
162 2035 267 2074 ἥγημαι
277 2036 374 2075 ζημίαν
390 2036 435 2065 τὸν
448 2035 545 2074 νόμον,
566 2034 635 2064 ἀλλὰ
650 2035 695 2063 καὶ
710 2037 754 2064 ν’ῦν
773 2037 856 2072 ἠγοῦ-

74 2090 125 2115 μαι.
140 2079 189 2110 Att
203 2080 247 2119 τίς
264 2080 313 2110 Διὰ
339 2080 369 2109 τὸ
393 2080 522 2120 ὑπερέχον
542 2081 591 2115 τῆς
615 2079 734 2119 χάριτος.
753 2078 835 2118 Ὁρᾷς
846 2102 854 2118 ,

73 2121 108 2152 ὅτι
125 2124 257 2164 σύγκρισιν
286 2130 414 2161 nomint;
437 2124 472 2154 Ἦ
497 2123 524 2154 δὲ
546 2124 697 2164 σύγκρισις,
721 2125 854 2162 ὁμογενῶν

73 2169 225 2221 πραγμάτων
238 2182 245 2188 ·
261 2169 306 2221 καὶ
325 2169 355 2199 τὸ
378 2169 525 2221 ὑπερέχονζ
535 2170 693 2221 ξρμζογενοῦς
718 2169 852 2221 ὑπερέχει.
871 2191 894 2221 D

73 2209 148 2242 Ὥστε
173 2214 217 2243 καὶ
231 2217 245 2243 6
263 2214 342 2249 νόμος
364 2216 472 2252 γνῶσις,
499 2214 558 2243 ἀλλ’
580 2213 698 2242 ἐλάττων
709 2224 717 2232 ·
731 2215 766 2246 ὡς
781 2213 826 2242 καὶ
842 2215 855 2242 6

73 2255 157 2296 λύχνος
167 2260 233 2298 φῶς,
249 2258 309 2288 ἀλλ’
327 2258 348 2277 ⁴⁴
374 2259 424 2298 οὐχ
449 2254 502 2288 οἶον
524 2258 554 2287 τὸ
569 2261 615 2287 τοῦ
638 2257 714 2293 ἡλίου
727 2280 736 2294 ,
761 2259 815 2297 φῶς
829 2258 856 2287 δὲ

74 2299 146 2337 ὅμως.

110 2447 120 2460 ε
136 2435 173 2465 Δι’
187 2435 214 2465 δν
238 2437 271 2466 τὰ
294 2436 382 2466 πάντα
398 2436 564 2474 ἐζημιώθην,
592 2436 637 2465 καὶ
662 2437 779 2475 ἡγοῦμαι
795 2437 858 2466 σκύ-

76 2477 140 2508 ϐαλα
149 2475 228 2517 εἶναι,
238 2479 280 2510 ἵνα
295 2481 410 2521 Χριστὸν
424 2480 554 2520 κερδήσω.
571 2491 586 2510 ι)
599 2480 651 2510 Διὰ
665 2480 710 2510 τὸν
725 2480 839 2521 Χριστὸν
850 2504 857 2518 ,

75 2523 160 2561 φησὶν,
196 2526 362 2563 ἐζημιώθην·
396 2525 536 2562 τουτέστι,
567 2525 673 2564 Ζημίαν
712 2525 856 2564 ἡγησάμην

75 2567 153 2596 πάντα
165 2580 171 2587 ·
187 2569 203 2605 ἢ
217 2570 257 2600 ὅτι
273 2570 460 2608 ἀπεϐαλόμην.
479 2570 573 2610 Ὁρᾷς,
585 2569 626 2599 ὅτι
644 2571 673 2599 οὗ
686 2569 762 2610 φύσει
773 2570 856 2608 ζημία

76 2611 88 2637 δ
99 2611 181 2650 νόμος,
204 2615 270 2644 ἀλλὰ
282 2615 326 2645 διὰ
335 2614 380 2644 τὸν
396 2615 521 2654 Χριστόν.
534 2615 662 2645 Σκύϐαλα
672 2614 710 2649 δὲ,
724 2615 799 2645 οὔπω
808 2615 856 2652 μὲν

76 2654 145 2690 δῆλον
160 2659 182 2687 εἰ
205 2658 248 2688 τὸν
265 2660 344 2698 νόμον
366 2659 517 2698 ὠνόμασεν.
547 2659 627 2692 Εἰκὸς
650 2659 701 2700 γὰρ
729 2659 790 2699 περὶ
804 2661 856 2689 τῶν

77 2704 199 2738 κωμικῶν
221 2705 384 2744 πραγμάτων
400 2704 497 2744 λέγειν·
520 2704 589 2734 οὕτω
603 2704 629 2722 ¹²
640 2704 701 2744 ,γὰρ
726 2709 835 2744 προεῖπε
847 2716 854 2724 ’

909 1593 955 1630 qui
969 1602 1016 1629 per
1035 1594 1122 1622 scalas
1140 1593 1311 1627 conscendit,
1327 1602 1383 1621 non
1399 1593 1511 1629 despuit
1527 1592 1638 1629 gradus,
1662 1594 1709 1621 scd

909 1638 1025 1674 gratiam
1039 1639 1129 1674 potius
1153 1638 1207 1666 illis
1230 1638 1313 1666 habet
1337 1638 1400 1672 (nisi
1421 1638 1494 1666 enim
1512 1638 1572 1666 ista;
1586 1637 1709 1671 fuissent,

910 1691 965 1710 non
980 1684 1114 1718 potuisset
1127 1682 1297 1716 ascendere).
1311 1682 1390 1711 hunc
1405 1682 1440 1710 ad
1459 1682 1577 1710 modum
1590 1683 1630 1710 lex
1651 1682 1709 1718 qui-

909 1727 973 1755 dem
987 1728 1094 1755 lucrum
1105 1731 1174 1761 erat,
1185 1728 1245 1764 jam
1261 1735 1324 1756 vero
1339 1727 1535 1755 detrimentnm
1555 1731 1582 1755 et
1601 1727 1709 1763 [noxam

909 1779 973 1799 eam
988 1780 1047 1800 esse
1068 1780 1222 1805 censemus,
1244 1780 1298 1799 non
1323 1772 1396 1807 quod
1418 1771 1577 1807 hujusmodi
1601 1771 1646 1805 sit,
1662 1771 1710 1798 sed

910 1815 985 1851 quod
999 1816 1088 1852 major
1104 1816 1139 1844 sit
1152 1816 1234 1851 gatia.
1258 1815 1502 1850 Quemadmodum
1517 1816 1592 1843 enim
1609 1815 1710 1851 aliquis

909 1865 1053 1896 argentum
1068 1861 1222 1894 continens,
1238 1860 1284 1887 ubi
1300 1867 1397 1888 aurum
1412 1859 1557 1893 invenerit,
1575 1867 1625 1887 nec
1646 1859 1710 1887 licet

911 1909 1026 1940 utraque
1041 1905 1177 1939 obtinere,
1193 1904 1326 1932 damnum
1340 1908 1436 1933 censet
1451 1904 1568 1932 retinere
1584 1903 1664 1939 iliud,
1678 1912 1710 1931 ac

910 1949 1039 1984 deinceps
1060 1949 1154 1977 relicto
1179 1949 1224 1977 illo
1245 1957 1343 1977 aurum
1366 1948 1464 1984 accipit
1488 1959 1494 1976 :
1512 1948 1588 1976 hunc
1601 1947 1635 1976 ad
1648 1956 1707 1976 mo-

909 1993 976 2022 dum
985 1995 1031 2022 lex
1043 1998 1086 2022 est
1094 1993 1237 2027 damuo,si
1251 2002 1267 2021 a
1281 1994 1390 2021 Christo
1403 1993 1562 2026 abduxerit;
1579 1993 1601 2020 si
1612 1997 1705 2021 autem

909 2038 1064 2073 adduxerit,
1086 2046 1142 2066 non
1164 2047 1257 2074 porro.
1285 2040 1346 2066 Non
1369 2039 1461 2066 solum
1487 2038 1578 2074 igitur,
1605 2037 1705 2074 inquit,

909 2083 994 2119 449
1009 2083 1076 2111 olim
1088 2083 1236 2111 arbitratus
1250 2091 1312 2111 sum
1327 2083 1418 2119 legem
1433 2090 1491 2111 esse
1505 2082 1648 2116 damnum,
1665 2089 1711 2109 ve-

909 2136 972 2156 rum
983 2129 1137 2156 etiamnum
1150 2128 1277 2156 arbitror.
1297 2129 1387 2164 Quam
1407 2128 1443 2155 ob
1452 2127 1583 2155 causam?
1595 2128 1709 2162 Propter

910 2173 1097 2201 excellentiam
1128 2173 1233 2209 gratiae,
1258 2172 1354 2200 Viden’
1377 2172 1451 2208 quod
1474 2171 1709 2207 comparationem

909 2216 1010 2246 faciat?
1032 2219 1208 2253 Comparatio
1234 2221 1327 2245 autem
1351 2224 1446 2245 rerum
1460 2220 1502 2244 est
1524 2215 1650 2252 ejusdem
1663 2223 1709 2251 ge-

914 2263 996 2297 neris,
1023 2266 1050 2290 et
1071 2262 1146 2298 quod
1168 2262 1286 2295 excellit,
1309 2261 1385 2290 aliud
1402 2261 1526 2297 ejusdem
1545 2260 1652 2296 generis
1665 2268 1710 2288 ex-

913 2307 995 2334 cellit.
1013 2307 1130 2335 Proinde
1143 2306 1187 2334 lex
1199 2306 1319 2343 cognitio
1332 2310 1383 2342 est,
1398 2305 1446 2334 sed
1466 2305 1557 2333 minor
1572 2313 1578 2330 :
1594 2305 1708 2341 perinde

913 2360 946 2379 ac
960 2352 1069 2379 lucerna
1092 2352 1185 2379 lumen
1199 2355 1251 2385 est,
1269 2350 1318 2379 sed
1339 2358 1396 2379 non
1415 2350 1494 2387 quale
1507 2349 1574 2378 solis
1597 2354 1649 2384 est,
1665 2350 1709 2378 lu—

914 2404 978 2424 men
993 2400 1085 2424 tamen
1098 2398 1147 2424 est.

948 2443 1065 2477 Propter
1079 2449 1157 2476 quem
1169 2443 1263 2468 omnia
1275 2449 1327 2476 pro
1340 2441 1446 2468 damnis
1462 2440 1533 2468 dumi
1553 2442 1579 2468 et
1601 2440 1710 2468 (rbitror

912 2494 966 2514 esse
980 2486 1184 2521 rejectamentu,
1199 2489 1231 2514 ut
1245 2487 1382 2514 Christum
1395 2486 1576 2519 lucrifaciam.
1593 2486 1710 2520 Propter

911 2531 1061 2565 Christum,
1086 2531 1184 2567 inquit,
1203 2539 1253 2567 pro
1267 2531 1376 2559 damnis
1390 2530 1467 2563 duxi,
1493 2530 1545 2558 hoc
1560 2533 1611 2562 est,
1627 2529 1709 2557 detri-

913 2580 1036 2604 mentum
1050 2583 1109 2604 esse
1121 2576 1223 2611 putavi,
1235 2576 1277 2603 vel
1292 2576 1387 2604 omnia
1404 2574 1492 2611 rejeci.
1507 2573 1708 2602 Animadvertis

911 2621 984 2656 quod
1008 2621 1049 2649 lex
1076 2629 1131 2648 non
1146 2625 1188 2649 est
1198 2624 1295 2648 natura
1316 2620 1522 2652 detrimentum,
1544 2616 1592 2645 sed
1606 2616 1705 2644 Christi

910 2673 1000 2693 causa.
1024 2665 1227 2701 Rejectamenta
1249 2673 1312 2693 vero
1335 2665 1392 2692 sive
1403 2668 1523 2692 stercora
1537 2669 1604 2689 num
1619 2661 1705 2695 legem

910 2710 1100 2744 nominaverit,
1128 2710 1253 2738 nondum
1273 2709 1379 2745 liquet:
1404 2716 1469 2736 nam
1493 2705 1639 2735 verisimile
1665 2707 1704 2732 est

753 2785 847 2814 Variae
867 2786 1016 2816 lectiones.

110 2832 129 2849 ‘°
140 2837 208 2862 τοῦτό
225 2845 252 2865 ο.
289 2838 308 2856 ¹¹
324 2837 383 2864 ἀλλ’
397 2835 465 2870 οἴων;
482 2846 508 2866 ο.
549 2839 569 2855 ¹³
585 2838 653 2865 οὔπω
667 2847 694 2866 0.
