1886 3082
174 177 239 205 1183

701 179 958 209 THEOPHYLACTI
976 179 1155 208 BULGARHE
1174 181 1330 209 ARCHIEP.

1760 184 1822 211 1184

1859 56 1869 128 l

1866 160 1869 204 l

171 241 247 269 illum
257 243 291 270 de
304 244 450 273 mundanis
463 245 544 274 rebus
557 254 588 273 ac
598 245 714 281 negotiis
728 244 828 272 dicere.
838 245 877 271 Ita
888 243 960 270 enim

1056 243 1121 272 h'8v
1136 243 1170 272 τὰ
1181 244 1267 273 πάντα
1284 245 1445 284 ἐζημιώθην,
1458 259 1470 271 ιι
1481 245 1515 274 τὰ
1530 248 1578 275 τοῦ
1594 245 1731 286 παρόντος
1748 247 1824 285 τυχξν
1867 235 1869 265 Ὗ

175 294 256 322 supra
272 288 340 317 dixit
358 299 363 317 :
382 291 494 326 Propter
506 299 583 326 quem
600 292 690 318 omnia
709 290 807 318 damno
827 289 905 319 dumi,
921 296 965 316 res

177 331 332 361 mundanas
351 335 462 363 scilicet.
489 335 538 364 Sin
553 335 587 363 de
600 335 658 371 lege
673 334 776 363 dictum
789 334 963 369 accipiamus,

175 383 208 403 ne
222 377 262 405 sic
271 378 381 414 quidem
397 379 526 416 injuriam
536 380 660 416 partitur.
671 379 876 414 Rejectamenta
891 377 964 405 enim

171 419 301 450 frumenti
324 423 409 459 palea:
432 428 506 457 sunt,
522 424 579 452 sive
602 424 711 452 culmus
738 433 744 451 :
764 424 839 458 atqui
857 422 964 450 culmus

171 464 300 495 frumenti
320 469 524 497 conservativus
542 472 585 497 est
597 473 625 497 et
635 468 845 496 ﬁrmamentum
860 467 928 503 ejus,
936 471 963 494 et

172 511 224 538 nisi
238 511 288 540 iste
299 517 381 547 esset,
397 513 569 542 frumentum
587 521 644 542 non
659 516 729 541 esset
745 521 751 540 :
768 516 888 540 attamen
903 511 963 539 fru-

171 559 263 584 mento
284 563 431 593 apparente
459 563 486 586 et
513 559 624 592 selecto,
647 557 752 586 inutilis
774 557 903 593 deinceps
923 560 964 584 est

168 600 285 630 culmus.
301 603 379 630 Hanc
393 603 426 631 ad
442 604 577 631 rationem
594 604 637 631 lex
649 606 691 631 est
704 601 801 638 gratiae
815 601 961 629 conﬁrma-

170 645 222 673 trix
239 654 271 674 ac
283 648 359 676 testis
374 659 380 676 :
402 652 430 676 at
451 656 517 676 vero
535 649 615 676 simul
631 652 712 683 atque
726 647 769 675 illa
789 646 889 680 illuxit,
907 653 963 674 non

169 695 209 718 est
220 699 287 727 opus
303 701 385 728 porro
398 693 498 722 litterm
515 693 573 729 ejus
584 693 712 721 assidere.

208 737 297 764 Vnus.
312 740 339 766 9.
360 739 391 766 U1
401 741 425 765 et
439 739 562 766 inveniar
575 739 603 765 in
622 740 678 773 ipso
690 746 745 765 non
759 736 859 764 habens
874 744 962 762 meum

167 781 309 813 Justitiam
325 790 384 817 qua:
397 785 434 810 est
447 792 479 809 (xc
495 784 560 817 lege,
573 783 620 810 scd
634 783 707 810 illam
723 790 783 817 qute
800 790 834 809 ea:
860 781 913 816 ﬁde
925 784 962 808 est

169 826 280 859 Christi,
301 835 360 861 qua:
381 835 414 854 eae
443 830 494 854 Deo
519 830 555 855 est
572 828 696 862 justitia.
722 828 761 855 Ut
776 834 833 854 non
848 825 960 854 habeam

167 877 255 898 meam
266 871 413 906 justitiam,
426 875 488 908 quae
498 876 540 900 est
549 881 582 900 ex
596 871 726 907 operibus
740 872 814 908 legis,
828 875 958 907 tanquam

163 915 221 950 jam
236 923 267 943 ea
283 915 445 951 perfecerim
462 920 560 953 (neque
580 918 653 944 enim
673 917 777 953 justitia
796 919 837 945 est
848 924 880 944 ex
897 925 959 952 ope-

169 959 253 993 ribus,
265 960 490 997 quandoquidem
511 962 569 990 haec
582 969 635 989 non
646 961 825 997 perfecerim),
841 961 890 989 sed
901 968 960 988 eam

168 1011 228 1040 quae
243 1009 285 1033 est
303 1013 352 1041 per
367 1005 449 1034 ﬁdem
467 1006 578 1039 Christi,
597 1014 658 1042 quae
673 1010 714 1033 est
726 1006 829 1042 justitia
844 1014 876 1033 ex
892 1007 963 1039 Deo,

168 1050 220 1076 hoc
240 1053 290 1081 est,
310 1049 435 1078 divinum
449 1050 565 1083 donum,
584 1058 645 1087 quae
662 1051 747 1086 gratia
754 1051 885 1087 justiﬁcat
899 1058 959 1078 cre-

170 1093 272 1122 dentes.
285 1095 317 1122 Si
329 1096 399 1122 enim
420 1096 565 1123 credideris
580 1097 609 1123 in
625 1096 703 1123 corde
717 1098 760 1123 tuo
774 1098 798 1123 et
812 1104 855 1123 ore
873 1097 959 1129 fueris

168 1140 314 1172 confessus,
325 1141 470 1167 servaberis
480 1137 503 1168 ι.
520 1140 617 1168 Divina
631 1145 721 1168 autem
738 1140 810 1168 dona
826 1140 908 1175 longo
922 1140 961 1167 in-

169 1183 280 1211 tervallo
303 1188 467 1220 exsuperant
487 1184 617 1212 vilitatem
636 1192 749 1220 operum
766 1184 885 1212 humano
904 1189 960 1212 stu-

167 1227 212 1255 dio
239 1232 267 1256 et
288 1233 389 1257 conatu
411 1233 593 1265 peractorum,
613 1229 723 1265 perinde
740 1237 771 1257 ac
791 1229 960 1258 frumentum

169 1273 258 1308 paleas
268 1273 385 1302 excedit.

203 1319 292 1346 Vsus.
308 1322 350 1346 10.
363 1320 395 1346 In
409 1319 472 1354 ﬁde,
485 1323 515 1347 ut
525 1327 675 1355 cognoscam
687 1328 756 1352 eum,
776 1321 800 1347 et
812 1320 961 1355 potentiam

167 1365 369 1391 resurrectionis
382 1365 451 1399 ejus.
467 1365 518 1392 Per
533 1364 614 1393 ﬁdem
628 1364 709 1400 igitur
722 1364 850 1400 cognitio.
867 1363 961 1398 Qualis

167 1407 244 1435 enim
265 1408 436 1437 ratiocinatio
454 1409 685 1438 resurrectionem
704 1409 784 1437 nobis
819 1409 961 1444 probabit?

169 1452 258 1487 Nulla,
277 1454 323 1481 sed
342 1454 418 1482 ﬁdes.
437 1454 465 1482 Si
487 1459 580 1482 autem
605 1454 770 1482 resurrectio
785 1462 817 1481 ex
837 1453 891 1482 ﬁde
915 1461 959 1480 co-

167 1497 317 1533 gnoscitur,
333 1498 473 1535 quomodo
495 1499 569 1535 quod
583 1499 672 1534 majus
692 1503 749 1532 est,
764 1499 895 1526 nimirum
913 1506 960 1526 na-

165 1543 256 1569 tivitas
286 1543 359 1578 ejus,
400 1543 512 1571 rationis
545 1543 810 1578 comprehendetur?
847 1544 883 1570 At
907 1551 958 1578 qua
976 1557 999 1588 Ο

167 1587 270 1614 ratione
299 1587 325 1614 id
351 1588 438 1623 majus
460 1589 518 1615 est?
547 1587 619 1622 Quia
644 1587 852 1615 resurrectionis
872 1587 960 1615 multa

168 1634 235 1657 sunt
258 1631 383 1666 exempla
412 1641 418 1658 ε
447 1632 524 1659 multi
544 1640 663 1668 namque
691 1636 718 1659 et
735 1635 799 1659 ante
822 1631 959 1659 Christum

166 1679 374 1703 resurrexerunt
399 1685 405 1703 ἒ
435 1684 467 1703 ex
492 1676 595 1712 virgine
619 1680 711 1704 autem
739 1684 820 1703 nemo
840 1684 959 1711 unquam

168 1723 251 1747 natus
263 1724 331 1747 erat.
344 1720 462 1749 Proinde
472 1720 588 1757 justitia,
603 1729 665 1758 quae
680 1729 714 1749 ex
728 1723 787 1749 Deo
797 1725 847 1754 est,
862 1721 890 1749 in
905 1721 959 1749 ﬁde

166 1768 207 1792 est
222 1773 228 1792 :
243 1765 296 1793 hoc
310 1768 361 1798 est,
382 1764 444 1794 huic
465 1765 604 1800 innititur,
617 1774 732 1802 eamque
748 1765 957 1794 fundamentum

167 1809 260 1838 habet.
280 1811 429 1838 Potentiam
443 1814 534 1838 autem
549 1812 751 1839 resurrectionis
764 1811 832 1838 dixit
846 1821 852 1839 :
868 1819 958 1839 revera

165 1854 239 1882 enim
253 1855 352 1890 ingens
364 1856 450 1884 robur
462 1859 489 1883 et
504 1856 624 1892 potentia
635 1861 676 1884 est
685 1876 692 1889 ν
709 1864 860 1892 resurgere.
875 1857 958 1891 Quin-

166 1899 248 1927 etiam
273 1899 359 1936 450
375 1901 539 1928 resurrectio
561 1901 710 1936 potentiam
732 1901 812 1929 nobis
833 1901 960 1929 immittit

166 1944 200 1972 ad
215 1944 287 1973 idem
298 1944 349 1972 iter
363 1944 584 1981 ingrediendum.

202 1991 237 2017 Et
252 1991 401 2017 societatem
428 1991 585 2024 passionum
601 1990 686 2018 illius.
710 1991 778 2017 Cum
796 1990 959 2026 persecutio-

167 2041 242 2066 nem,
266 2034 360 2069 inquit,
379 2034 498 2070 patimur
521 2038 548 2061 et
559 2033 720 2070 afﬂigimur,
738 2035 882 2070 participes
902 2035 958 2063 red-

166 2077 259 2106 dimur
271 2078 429 2113 passionum
437 2078 493 2105 sive
501 2078 682 2106 afﬂictionum
692 2078 804 2107 Christi.
830 2079 857 2106 Si
879 2079 957 2115 igitur

170 2131 227 2150 non
238 2122 414 2151 crederemus
427 2123 500 2159 quod
507 2131 570 2151 cum
583 2123 693 2151 Christo
705 2123 843 2159 regnaturi
853 2131 957 2154 sumus.

166 2175 222 2195 non
236 2167 297 2196 talia
319 2171 446 2203 tantaque
461 2172 624 2203 pateremur.
640 2168 762 2196 Observa
777 2172 869 2196 autem
884 2168 957 2203 quod

167 2213 188 2241 is
199 2213 317 2241 maxime
327 2212 415 2241 credit
427 2213 567 2241 Christum
581 2213 773 2248 resurrexisse,
787 2214 833 2250 qui
844 2214 958 2250 patitur.

167 2258 235 2286 Audi
251 2258 333 2294 igitur
347 2265 409 2294 qua
423 2262 583 2294 sequuntur.

202 2303 396 2337 Conﬁguratus
407 2304 489 2330 morti
505 2303 572 2338 ejus.
584 2305 646 2331 Hoc
659 2308 708 2339 est,
730 2304 909 2333 assimilatus.
921 2306 961 2333 Ut

165 2347 297 2376 enin1,ille
317 2346 351 2375 ab
369 2346 530 2375 hominibus
545 2355 641 2382 passus
654 2351 705 2380 est,
728 2348 767 2376 sic
787 2352 815 2376 et
835 2356 895 2385 ego.
914 2349 960 2376 ΑΓ-

166 2391 298 2418 ilictiones
321 2391 391 2418 enim
418 2395 444 2418 et
468 2392 671 2427 persecutiones
692 2393 838 2429 imaginem
862 2395 959 2422 mortis

165 2435 235 2462 illius
246 2435 400 2470 depingunt
416 2435 550 2470 :proinde
562 2441 589 2464 et
604 2445 654 2464 nos
676 2437 750 2466 idem
765 2447 828 2467 cum
848 2440 958 2468 Christo

165 2479 310 2512 ellicimur,
329 2483 464 2514 quatenus
481 2480 609 2516 patimur.
630 2482 727 2510 Viden’
745 2484 809 2519 quid
829 2489 957 2520 praestant

164 2524 345 2553 afﬂictiones?

199 2571 288 2598 Vsns.
303 2574 310 2597 l
321 2573 329 2598 1
339 2591 345 2598 .
354 2571 386 2599 Si
395 2578 447 2606 quo
458 2570 536 2598 modo
547 2578 686 2599 occurram
695 2572 732 2600 ad
742 2575 957 2603 resurrectionem

164 2618 340 2644 mortuorum.
362 2615 433 2651 Quid
457 2615 538 2644 inde?
552 2616 611 2644 Nisi
631 2624 728 2652 passus
746 2625 814 2654 esse,
830 2626 848 2647 ο
864 2620 957 2653 Paule,

199 2689 212 2709 κ
224 2694 306 2721 Rom.
321 2701 352 2728 x,
366 2696 394 2722 9.

976 898 1000 930 Β

1043 287 1049 296 ι
1181 289 1189 300 ,
1215 288 1237 299 ..ι
1290 289 1296 298 ι
1413 292 1430 299 ..
1468 290 1474 300 ,
1586 292 1603 299 ..
1725 290 1738 300 ν
1749 291 1755 299 ι

1018 299 1130 326 χοσμου.
1157 290 1189 318 Ει
1213 300 1239 318 οε
1255 301 1299 318 χαι
1314 289 1374 329 περὶ
1385 301 1429 319 του
1445 302 1528 327 νομου
1544 292 1671 330 εἷρησθαι
1692 292 1822 327 δεξομεθι

1018 335 1110 367 τοῦτο,
1125 333 1183 362 οὐδὲ
1210 333 1291 367 οὕτως
1306 333 1438 372 ὕϐρισται.
1462 335 1594 365 Σχύϐαλα
1609 335 1662 374 γὰρ
1681 337 1731 365 τοῦ
1749 336 1821 364 σίτοι

1038 377 1044 386 \
1079 378 1090 387 ν
1209 378 1221 389 Ἰ
1381 379 1387 389 Ι
1475 381 1483 389 9
1521 379 1529 390 9
1645 380 1651 389 Ι

1018 389 1050 405 τα
1073 389 1177 417 αχυρα,
1204 390 1262 413 ητοι
1284 381 1301 413 ἡ
1318 380 1446 417 καλαμη·
1468 381 1519 408 αλλ
1543 382 1560 415 ἡ
1580 381 1696 419 χαλαμη
1725 392 1823 414 συντη-

1019 422 1112 460 ρητιχή
1133 423 1191 451 ἐστι
1216 425 1262 452 τοῦ
1279 422 1362 457 σίτου,
1381 423 1426 452 χαὶ
1455 424 1589 464 στήριγμα
1606 426 1689 454 αὐτοῦ
1704 447 1713 460 ,
1739 424 1788 453 καὶ
1802 425 1823 442 ⁸³

1018 467 1040 495 εἰ
1053 466 1089 504 μὴ
1105 462 1136 502 ἧν
1149 467 1216 502 αὕτη
1228 489 1236 503 ,
1259 469 1306 497 οὐκ
1329 467 1360 497 ἂν
1376 472 1445 502 σῖτος
1470 462 1586 508 ἐγένετο-
1603 469 1679 507 ὅμως
1695 469 1823 508 ῳανέντος

1017 513 1062 540 τοῦ
1092 511 1165 540 σίτου
1191 512 1236 541 καὶ
1254 512 1420 552 ἐκλεγέντος,
1448 513 1580 553 ἄχρηστος
1606 514 1702 543 λοιπὸν
1731 513 1815 550 αὕτη.

1018 555 1098 584 Οὕτω
1121 556 1166 585 καὶ
1181 558 1195 585 ὁ
1207 556 1297 596 νόμος,
1315 559 1361 592 τῆς
1375 558 1482 598 χάριτος
1507 558 1656 597 βεϐαιωτὴς
1677 558 1727 587 καὶ
1754 559 1821 597 μάρ-

1017 612 1075 633 τυς·
1099 601 1224 640 φανείσης
1251 601 1278 630 δὲ
1305 603 1399 639 αὐτῆς,
1424 603 1453 632 οὐ
1481 604 1519 632 δεῖ
1544 605 1756 643 προσκαθῆσθαι

1017 644 1109 674 τούτου
1124 645 1275 684 γράμματι.

1058 748 1069 759 κ
1090 734 1144 764 Καὶ
1171 736 1267 774 εὗρεθῶ
1289 736 1314 764 ἰν
1341 737 1412 775 αὐτῷ
1437 736 1477 774 μὴ
1493 737 1562 776 ἔχων
1582 737 1649 774 ἐμὴν
1675 738 1815 766 Eunomi-

1017 791 1064 814 νην
1093 778 1141 815 τὴν
1174 781 1204 809 ἐκ
1232 779 1328 818 νόμου,
1361 781 1429 810 ἀλλὰ
1453 781 1501 816 τὴν
1535 781 1577 810 διὰ
1602 782 1723 814 πίστεως
1750 784 1817 821 Χρι-

1017 826 1095 861 στοῦ,
1112 823 1159 859 τὴν
1176 825 1205 854 ἐκ
1216 826 1288 855 Θεοῦ
1305 825 1485 860 δικαιοσύνην,
1504 839 1515 851 -
1529 825 1591 855 Ἷνα
1614 826 1652 863 μὴ
1676 827 1733 865 ἔχω
1751 827 1817 863 ἐμὴν

1018 868 1185 905 δικαιοσύνην
1197 891 1204 905 ,
1226 869 1274 904 τὴν
1289 870 1317 898 ἐκ
1331 871 1383 898 τῶν
1400 869 1482 909 ἔργων
1509 873 1553 899 τοῦ
1569 870 1669 907 νόμου,
1689 873 1726 903 ὡς
1742 872 1817 906 δῆθεν

1017 913 1188 953 κατορθώσας
1203 913 1270 942 αὐτά
1281 926 1287 932 ·
1313 914 1372 943 οὐδὲ
1387 915 1448 953 γὰρ,
1461 914 1519 944 οὐδὲ
1544 914 1598 943 ἔστι
1615 915 1776 950 δικαιοσύνη
1793 916 1815 947 ἐξ

1015 958 1106 998 ἔργων,
1128 957 1168 987 ὅτι
1195 958 1251 988 οὐδὲ
1269 958 1432 997 κατώρθωσαι
1447 959 1469 977 ¹⁴
1492 962 1588 988 ταῦτα’
1612 960 1686 988 ἀλλὰ
1707 960 1756 995 τὴν
1775 961 1814 989 Ξίὰ

1015 1002 1127 1036 πίστεως
1157 1003 1292 1042 Χριστοῦ,
1316 1002 1374 1038 ἥτις
1398 1003 1468 1032 ἐστὶν
1491 1004 1521 1032 ἐχ
1543 1005 1614 1034 Θεοῦ
1642 1005 1814 1039 δικαιοσύνη,

1014 1047 1147 1082 τουπ-ἐστι’,
1164 1049 1231 1076 θεῖον
1247 1048 1348 1088 δῶρον,
1367 1048 1457 1087 χάριτι
1473 1049 1611 1077 δικαιοῦσα
1626 1048 1688 1082 τοὺς
1704 1051 1815 1078 πιστεύ-

1015 1103 1099 1125 οντας.
1119 1102 1133 1119 σ
1152 1091 1215 1120 Ἰἰὰν
1231 1091 1281 1130 γὰρ
1307 1092 1452 1132 πιστεύσῃς
1539 1092 1654 1132 καρδίᾳ,
1683 1094 1732 1122 καὶ
1747 1096 1814 1131 ὁμο-

1013 1137 1128 1175 λογήσῃς
1155 1138 1192 1176 τῷ
1208 1136 1340 1174 στόματι,
1355 1136 1475 1176 σωθήσῃ.
1505 1150 1518 1162 ι
1536 1137 1580 1166 Τὰ
1603 1137 1632 1166 δὲ
1657 1138 1717 1167 θεῖα
1745 1139 1813 1176 εῶρι

1014 1182 1104 1219 πολλῷ
1119 1182 1156 1220 τῷ
1183 1181 1271 1221 μέτρῳ
1296 1181 1449 1221 ὑπερϐαίνει
1473 1181 1521 1216 τὴν
1537 1181 1669 1211 εὐτέλειαν
1697 1184 1751 1211 τῶν
1769 1185 1813 1212 ἂν·

1014 1226 1131 1265 θρωπίνῃ
1159 1226 1260 1264 σπουδῇ
1287 1225 1450 1264 τελουμένων
1471 1226 1709 1266 κατορθωμάτων,
1726 1227 1813 1268 ὥσπερ

1014 1269 1059 1299 καὶ
1074 1271 1088 1298 ὁ
1104 1274 1174 1303 σῖτος
1184 1270 1217 1300 τὰ
1237 1270 1372 1301 σκύϐαλα.

1055 1328 1066 1340 αι
1082 1314 1145 1345 Ἐπὶ
1227 1315 1324 1351 πίστει,
1340 1317 1386 1344 τοῦ
1406 1316 1503 1353 γνῶναι
1519 1315 1599 1345 αὐτὸν
1622 1317 1669 1344 καὶ
1695 1315 1746 1351 τὴν
1771 1314 1814 1343 δύη

1015 1371 1092 1397 ναμιν
1108 1361 1155 1395 τῆς
1180 1360 1348 1393 ἀναστάσεως
1373 1360 1465 1390 αὐτοῦ.
1489 1370 1504 1388 n
1531 1358 1598 1400 Ἄρα
1627 1360 1672 1389 διὰ
1701 1360 1814 1391 πίστεως

1015 1405 1032 1439 ἡ
1047 1405 1152 1442 γνῶσις.
1183 1405 1263 1436 Ποῖος
1277 1404 1328 1443 γὰρ
1353 1403 1479 1443 λογισμὸς
1505 1403 1554 1440 τὴν
1580 1404 1731 1434 ἀνάστασιν
1751 1406 1811 1441 ἡμῖν

1015 1447 1197 1488 παραστήσεις
1221 1448 1291 1478 Οὐδὲ
1307 1444 1354 1484 εἷς,
1371 1448 1440 1478 ἀλλὰ
1455 1448 1552 1482 πίστις.
1570 1450 1603 1479 Εἰ
1619 1448 1646 1479 δὲ
1662 1451 1677 1484 ἦ
1696 1449 1812 1478 ἀνάστα-

1016 1505 1055 1526 σις
1075 1493 1163 1522 πίστει
1178 1492 1353 1531 γινώσκεται,
1373 1495 1430 1525 πῶς
1455 1493 1486 1522 τὸ
1507 1494 1614 1531 μεῖζον,
1634 1496 1651 1529 ἡ
1672 1495 1811 1531 γέννησις,

1016 1539 1150 1576 λογισμοῖς
1165 1537 1418 1577 καταληφθήσεται;
1433 1539 1489 1570 πῶς
1507 1537 1533 1566 δὲ
1556 1540 1661 1576 μεῖζονς
1683 1536 1752 1567 ⁶οτι
1767 1540 1812 1572 τῖς

1016 1582 1063 1620 μὲν
1087 1581 1256 1614 ἀναστάσεως
1281 1582 1369 1611 πολλὰ
1394 1581 1578 1620 ὑποδείγματα
1596 1582 1632 1601 ⁸⁵·
1659 1582 1810 1618 ἀνέστησαν

1016 1628 1063 1664 μὲν
1085 1626 1137 1666 γὰρ
1162 1627 1255 1655 πολλοὶ
1278 1626 1323 1656 καὶ
1348 1626 1400 1666 πρὸ
1425 1627 1543 1665 Χριστοῦ
1558 1637 1564 1643 “
1580 1628 1610 1656 ἐκ
1634 1628 1768 1666 παρθένου
1785 1626 1810 1655 δὲ

1015 1672 1097 1704 οὐδεὶς
1110 1671 1214 1710 ἐτέχθη,
1232 1670 1266 1700 Ἣ
1278 1671 1364 1700 τοίνυν
1381 1672 1410 1700 ἐκ
1432 1673 1504 1701 Θεοῦ
1526 1671 1681 1706 δικαιοσύνη
1692 1673 1720 1701 ἐν
1736 1671 1761 1689 ⁴⁶

1015 1716 1102 1745 πίστει
1128 1716 1196 1751 ἐστὶ,
1221 1714 1367 1752 τουτέστιν,
1394 1717 1430 1749 εἷς
1447 1714 1546 1754 ταύτην
1571 1716 1750 1754 ἐπερείδεται,
1768 1717 1810 1744 καὶ

1014 1761 1095 1796 αὐτὴν
1108 1761 1162 1800 ἔχει
1173 1759 1304 1797 θεμέλιον.
1318 1760 1454 1797 «Δύναμιν
1467 1759 1494 1789 δὲ
1509 1753 1585 1788 εἶπεν
1597 1760 1772 1793 ἀναστάσεως
1781 1770 1788 1776 ·
1798 1773 1809 1785 ν

1014 1807 1052 1845 τῷ
1063 1806 1116 1834 ὄντι
1131 1804 1183 1843 γὰρ
1201 1804 1308 1843 μεγάλη
1325 1804 1400 1844 ἰσχὺς
1416 1804 1446 1833 τὸ
1470 1804 1629 1839 ἀναστῆναι.
1654 1805 1712 1834 Καὶ
1726 1805 1815 1837 ἄλλως

1015 1850 1040 1879 δὲ
1051 1873 1059 1886 ,
1075 1853 1090 1884 ἡ
1108 1849 1252 1882 ἀνάστασις
1276 1849 1387 1888 δύναμιν
1415 1849 1513 1884 ἐνίησιν
1527 1851 1593 1887 ἡμῖν
1606 1850 1641 1882 εἷς
1652 1849 1683 1879 τὸ
1695 1849 1746 1885 τὴν
1761 1853 1809 1878 αὐ-

1013 1895 1059 1930 τὴν
1071 1894 1169 1924 ὁδεύειν
1180 1889 1255 1923 ἷδόν.

1057 2001 1071 2018 σ
1091 1989 1146 2019 Καὶ
1174 1988 1222 2024 τὴν
1250 1987 1387 2017 κοινωνίαν
1411 1987 1462 2016 τῶν
1478 1986 1646 2024 παθημάτων
1673 1987 1765 2017 αὑτῶ.
1793 2001 1806 2016 ι

1013 2033 1175 2071 Διωκόμενοι
1185 2055 1194 2069 ,
1208 2032 1283 2073 φησὶ,
1299 2031 1344 2062 καὶ
1359 2030 1508 2069 θλιϐόμενοι
1518 2055 1524 2066 ,
1549 2031 1670 2060 κοινωνοὶ
1683 2032 1808 2070 γινόμεθα

1012 2079 1063 2107 τῶν
1079 2077 1243 2116 παθημάτων
1260 2079 1305 2106 τοῦ
1321 2077 1448 2115 Χριστοῦ.
1468 2077 1502 2106 Εἴ
1514 2075 1600 2104 τοίνυν
1620 2075 1658 2111 μὴ
1671 2077 1806 2106 ἐπιστεύο-

1013 2135 1076 2162 μεν,
1091 2123 1130 2152 ὅτι
1145 2121 1393 2161 συμϐασιλεύσομεν
1404 2142 1412 2156 ,
1432 2121 1480 2149 οὒκ
1499 2120 1530 2149 ἂν
1545 2123 1663 2149 τοσαῦτα
1685 2121 1731 2149 χαὶ
1756 2133 1809 2150 τοι-

1014 2170 1081 2197 αῦτα
1097 2167 1258 2207 ἐπάσχομεν.
1277 2165 1432 2204 Σημείωσαι
1453 2164 1497 2200 δὲ,
1515 2164 1556 2194 ὅτι
1571 2165 1669 2197 ἐκεῖνος
1691 2165 1809 2203 μάλιστα

1013 2212 1144 2248 πιστεύει,
1157 2212 1197 2242 ὅτι
1213 2210 1328 2251 Χριστὸς
1347 2209 1443 2245 ἀνέστη
1454 2232 1462 2248 ,
1482 2210 1496 2238 ὁ
1515 2209 1640 2249 πάσχων.
1659 2209 1716 2239 Καὶ
1733 2209 1809 2240 ἄκουε

1013 2258 1064 2286 τῶν
1077 2257 1133 2292 ἑξῆς
1140 2269 1147 2275 ·

1057 2316 1069 2328 ι
1079 2299 1320 2341 Συμμορφούμενος
1331 2299 1399 2338 ’ττῷ
1410 2297 1514 2339 θανάτῳ
1526 2299 1617 2329 αὐτοῦ.
1627 2308 1642 2326 1
1653 2298 1809 2335 Τουτίστιν,

1014 2346 1209 2385 ἐξομοιούμενος
1222 2344 1258 2375 ⁸³.
1277 2344 1405 2383 Καθάπερ
1424 2342 1475 2382 γὰρ
1502 2344 1597 2376 ἐκεῖνος
1619 2342 1670 2372 ὑπὸ
1686 2344 1742 2372 τῶν
1763 2346 1807 2373 ἆν-

1013 2393 1123 2430 θρώπων
1141 2391 1251 2426 ἔπαθεν,
1268 2388 1337 2418 οὕτω
1351 2387 1435 2427 κάγώ.
1456 2387 1522 2417 "Ott
1544 2387 1656 2426 διωγμοὶ
1676 2387 1747 2427 γὰρ,
1767 2389 1808 2417 καὶ

1013 2436 1045 2465 τὰ
1064 2435 1227 2474 παθήματα,
1250 2433 1298 2469 τὴν
1324 2431 1411 2462 εἷχόνα
1434 2434 1603 2472 ζωγραφοῧσι
1618 2433 1665 2460 τοῦ
1695 2433 1808 2461 θανάτου

1013 2481 1123 2519 ἐκείνου,
1138 2479 1184 2509 χαὶ
1196 2477 1299 2518 χριστοὶ
1315 2477 1440 2516 γινόμεθα
1452 2477 1496 2505 καὶ
1513 2478 1607 2514 ἡμεῖς,
1622 2475 1689 2505 καθὸ
1702 2477 1805 2516 πάσχο-

1013 2537 1072 2564 μεν.
1088 2524 1169 2565 Ὁρᾷς
1178 2524 1208 2553 τὸ
1222 2522 1381 2561 κατόρθωμα
1393 2521 1417 2540 ¹⁹
1431 2522 1484 2550 τῶν
1495 2522 1601 2557 παθῶν;

1056 2580 1071 2599 ε
1098 2568 1189 2601 Εἴπω(
1221 2566 1379 2603 καταντήσω
1405 2567 1441 2599 εἷς
1469 2565 1517 2600 τὴν
1552 2564 1728 2599 ἐξανάστασιν
1756 2567 1805 2594 τῶν

1012 2616 1121 2655 νεκρῶν.
1134 2627 1149 2643 in
1164 2613 1200 2644 Τί
1212 2607 1274 2649 οῧη
1291 2613 1313 2641 εἶ
1329 2612 1367 2650 μὴ
1381 2610 1476 2644 ἔπαθες
1485 2634 1493 2647 ,
1507 2604 1530 2639 ὖ
1543 2610 1634 2640 Παῦλε
1644 2633 1652 2646 ,
1666 2611 1714 2639 οὐχ
1728 2609 1802 2648 ἔμελ-

858 2732 952 2762 Variae
973 2733 1124 2762 lectiones.

199 2786 220 2802 ¹³
234 2786 260 2812 ἔκ
281 2786 360 2821 λόγου
392 2785 498 2821 γίνωσκε
526 2786 560 2817 ὣς
581 2793 608 2813 0.

202 2826 222 2842 ¹⁸
238 2826 389 2862 -μοιοὺμεθα
402 2835 428 2854 0.
469 2826 490 2844 ¹⁹
502 2826 598 2862 ἀξίωμα
611 2835 638 2854 0.

648 2785 669 2802 ¹⁵
692 2787 838 2822 κατώρθωσέ
858 2798 894 2820 τις
915 2797 942 2817 o.

1401 2783 1424 2801 ¹⁶
1450 2783 1490 2811 ἐπὶ
1516 2790 1544 2812 o.
1583 2781 1604 2799 ¹⁷
1623 2782 1753 2816 -σούμενοι
1773 2788 1794 2808 o.

981 2789 1003 2806 1⁵
1026 2787 1198 2823 ὓποδείγματα
1211 2785 1296 2821 ἔχουσι
1323 2791 1362 2812 ω.
