1886 3082
47 161 109 188 “85

480 158 655 187 EXPOSITIO
675 160 707 187 IN
727 159 833 187 EPIST.
853 160 899 188 AD
917 159 1056 187 PHILIPP.
1075 174 1109 180 --
1123 159 1197 187 CAP.
1219 160 1262 187 lll.

1613 165 1680 193 “86

45 224 82 255 λε(
108 222 271 258 ἅναστῆναι;
287 220 359 251 Ἀλλ’
376 220 551 255 ἐξανάστασιν
571 222 683 251 ἐνταῦθα
707 223 760 252 νόει
783 222 830 258 τὴν

926 230 942 250 n
953 230 1013 250 eras
1026 223 1247 250 resurrecturus?
1266 222 1611 258 Verumﬁresurrectionem
1639 227 1680 255 hic

45 267 155 304 ἔνδοξον,
176 265 222 301 τὴν
246 267 271 296 ἐν
301 265 420 306 νεφέλαις
443 265 557 305 Ξαρσιν.
582 267 684 299 Πάντες
708 267 755 306 μὲν
781 267 832 307 γὰρ

45 312 209 346 ἀνίστανται,
225 312 253 340 οὖ
269 311 364 344 πάντες
375 311 401 340 δὲ
417 311 461 340 καὶ
477 311 504 331 ²⁰
519 311 715 345 ἐξανίστανται·
733 312 792 341 ἀλλ’
808 312 832 340 οἱ

44 356 88 395 μὲν
119 356 273 396 ἁμαρτωλοὶ
302 356 375 385 κάτω
404 356 512 394 μένουσι
537 356 581 385 τὸν
614 356 728 395 Κριτήν’
755 357 779 385 οῖ
805 356 832 386 δὲ

43 402 105 440 ἅγιοι
137 401 300 440 ἁρπάζονται
330 401 356 430 ἐν
389 401 511 439 νεφέλαις
547 401 583 433 εἰς
613 401 762 437 ἀπάντησιν
787 403 833 430 τοῦ

45 446 151 486 Κυρίου.
167 446 280 482 Νοήσεις
297 445 324 475 δὲ
339 445 386 474 καὶ
402 445 454 475 ἀπὸ
469 447 515 481 τῆς
531 445 685 479 ἀκολουθίας
706 446 736 474 τὸ
759 445 833 484 λεγό-

45 503 126 528 μενον.
157 490 299 528 Ἀπέθανε,
335 490 431 530 φησὶν,
467 491 481 518 ὁ
515 490 647 530 Χριστός·
673 489 833 525 ἀποθνήσκω

44 535 120 574 κάγώ.
156 535 264 571 Ἀνέστη
301 536 398 568 ἐκεῖνος
434 534 556 572 ἐνδόξως,
594 535 734 569 σπουδάζω
758 534 833 572 κάγὼ

43 581 158 616 τοιαύτης
181 579 350 612 ἀναστάσεως
374 583 464 619 τυχεῖν
497 579 611 613 ἐνδόξου.
636 579 710 619 "Oper.
735 579 761 608 δὲ
788 579 833 608 καὶ

44 625 176 654 εὐλάϐειαν
206 627 252 653 τοῦ
285 627 402 654 τοσαῦτα
426 623 660 662 κατορθώσαντος,
691 626 735 652 τοῦ
766 622 832 662 ὑπὲρ

44 670 96 703 τοὺς
104 670 126 688 ²⁶
146 669 298 708 ἀνθρώπους
313 668 384 702 ὄντος
397 678 402 684 “
415 679 430 698 α
444 668 535 701 Εἷπως
544 668 646 708 φθάσω.
662 682 674 695 ι»
688 669 729 698 Οὐ
744 669 833 708 θαῤῥῶ

45 715 104 754 γὰρ,
131 715 228 755 φησὶν,
241 713 329 743 οὔπω·
347 713 429 746 οὕτως
449 712 676 752 ἒταπεινοφρόνει·
703 712 768 752 ὅπερ
785 714 833 742 ἆλ-

46 762 121 798 λαχοῧ
142 759 229 797 λέγει’
246 758 280 788 ί0
304 759 388 787 δοκῶν
402 758 510 787 ἑστάναι
527 758 647 798 βλεπέτῳ
662 756 700 795 μὴ
717 757 799 797 πέσῃ’
815 768 829 786 ι)

45 805 94 838 καὶ,
112 817 122 829 ι
144 805 251 840 Μήπως
292 803 379 835 ἄλλοις
419 802 552 843 κηρύξας,
590 801 668 834 αὐτὸς
707 801 833 840 ἀδόκιμος

45 849 154 887 γένωμαι
159 871 165 878 .

82 952 91 962 ι
105 937 208 977 Οὖχὸτι
225 937 276 973 ἤδη
287 936 395 973 ἔλαϐον,
411 936 427 972 ἢ
442 937 494 973 ἤδη
505 937 690 974 τετελείωμαι.
706 950 717 962 ι
736 935 835 971 Ιὶἷπὼν,

44 981 78 1010 ὅτι
93 996 104 1008 ι
122 981 156 1012 Εἴ
167 994 224 1015 πως
233 981 391 1016 καταντήσω
404 981 440 1016 ²²,
455 995 466 1007 υ
481 981 674 1015 κατασκευάζει
684 983 776 1017 τοῦτο,
790 980 836 1010 καί

47 1039 132 1066 anew,
147 1027 187 1056 ὅτι
213 1026 265 1056 Διὰ
283 1029 359 1056 τοῦτο
378 1026 459 1058 οὕτως
486 1021 558 1055 εἶπον
577 1026 768 1061 διστακτικῶς,
796 1025 836 1054 ὅτι

46 1071 111 1100 οὔπω
120 1071 214 1100 ἔλαϐον
231 1071 260 1100 τὸ
272 1070 404 1111 βραϐεῖον,
420 1069 493 1099 οὔπω
508 1069 694 1108 τετελείωμαι.

84 1176 94 1188 σι
112 1161 205 1192 Διώκιι)
233 1161 274 1197 δὲ,
297 1160 380 1190 εἶκαὶ
405 1160 566 1196 καταλάϐω,
594 1161 634 1200 ἐφ’
662 1155 685 1200 ᾧ
709 1160 754 1189 καὶ
772 1172 835 1190 κατ-

48 1206 153 1246 ελήφθην
182 1207 235 1236 ὑπὸ
257 1207 374 1245 Χριστοῦ
395 1205 421 1224 ³³
439 1205 537 1241 Ἰησοῦ.
556 1219 568 1231 ιι
585 1205 656 1240 ΙΈτι,
680 1205 776 1246 φησὶν,
791 1206 834 1234 ἐν-

48 1251 148 1288 αγώνιός
167 1252 221 1290 εἰμι
235 1274 242 1287 ,
263 1250 301 1280 ἔτι
317 1250 421 1285 διώκω,
439 1249 463 1279 εἴ
481 1261 537 1283 πως
553 1249 657 1289 ἱσχύσω
673 1248 836 1278 καταλαϐεῖν

48 1296 73 1324 τὸ
95 1295 165 1329 τέλος
190 1296 239 1324 καὶ
263 1294 292 1324 τὸ
320 1295 453 1334 βραϐεῖον.
469 1289 536 1324 Εἶτα
562 1294 661 1327 δεικνὺς
684 1293 724 1322 ὅτι
745 1294 836 1333 ὀφειλῆ

49 1340 97 1368 ἐστι
118 1340 146 1369 τὸ
169 1346 299 1380 πρᾶγμα,
319 1339 402 1380 φησί·
419 1350 433 1367 (
451 1339 525 1369 Διότι
543 1339 589 1368 καὶ
602 1339 768 1376 κατελήφθην
786 1338 837 1367 ὑπὸ

50 1383 153 1423 Χριστοῦ
166 1397 172 1403 ·
191 1397 205 1413 »
233 1384 363 1420 τουτέστι,
382 1385 444 1414 Τῶν
469 1384 659 1421 ἀπολλυμένων
682 1383 765 1421 ἤμην,
783 1385 835 1412 τῶν

51 1430 269 1468 ἀπεγνωσμένων·
298 1428 440 1462 κατεδίωξέ
468 1440 501 1466 με
522 1429 536 1457 ὁ
564 1428 690 1467 Χριστὸς,
713 1427 759 1456 καὶ
775 1427 836 1467 φεύ-

51 1484 120 1511 γοντα
138 1475 183 1502 ἀπ’
197 1475 280 1503 αὐτοῦ
306 1472 452 1508 κατέλαϐε,
468 1472 513 1501 καὶ
532 1473 697 1512 ἐπέστρεφεν.
720 1471 836 1512 Ὀφιίλω

52 1518 125 1547 τοίνυν
142 1519 186 1547 καὶ
200 1519 280 1550 αὖτὸς
297 1517 399 1546 διώκειν
425 1517 502 1546 αὐτὸν
525 1517 614 1547 λοιπὸν
627 1539 634 1553 ,
649 1519 684 1550 ὡς
700 1517 730 1546 ἂν
752 1529 834 1546 xan-

52 1563 128 1593 λάϐω.
155 1562 398 1603 Ἐμφαντιιώτατα
415 1561 442 1590 δὲ
466 1561 495 1591 τὸ
512 1562 616 1590 διώκειν
634 1557 717 1591 εἶπεν.
735 1561 769 1591 (Ο
785 1562 836 1600 γὰρ

54 1607 142 1636 διώκων
163 1608 233 1637 οὐδὲν
251 1607 317 1636 ἄλλο
339 1608 386 1646 ὁρᾷ
410 1606 427 1642 ἣ
448 1606 542 1645 πρὸςὸ
565 1607 688 1642 σπεύδει,
705 1605 793 1635 πάντα
809 1605 836 1635 δὲ

54 1652 213 1692 παρέρχεται,
235 1650 283 1681 καὶ
304 1651 338 1680 τὰ
358 1652 472 1690 φίλτατα
501 1650 545 1680 καὶ
563 1650 596 1679 τὰ
623 1651 833 1689 ἀναγκαιότατα.

53 1696 135 1730 Οὕτως
162 1698 300 1736 ὀφείλομεν
330 1696 376 1725 καὶ
401 1698 478 1734 ἡμεῖς
502 1696 640 1733 σπεύδειν,
666 1695 711 1725 ὑπ’
733 1695 836 1729 οὐδενὸς

53 1740 249 1780 διακοπτόμενοι,

89 1845 100 1857 ι
115 1831 245 1870 Ἀδελφοὶ,
275 1829 326 1869 ἐγὼ
352 1830 466 1869 ἐμαυτὸν
489 1830 562 1860 οὔπω
585 1829 725 1868 λογίζομαι
747 1841 836 1859 κατεμ

55 1876 164 1915 ὶςηφέναι.
194 1890 206 1903 ιι
234 1876 347 1911 Ἐπειδὴ
369 1874 456 1905 πολλὰ
480 1874 592 1914 ἐπῄνεσε
617 1875 835 1911 Φιλιππησίους,

54 1923 91 1948 νῦν
118 1921 303 1951 καταστέλλων
331 1921 416 1950 αὐτῶν
449 1919 480 1948 τὸ
504 1919 644 1960 φρόνημα,
677 1920 773 1959 φησὶν,
797 1919 837 1948 ὅτι

54 1963 117 2002 Ἐγὼ
140 1967 153 1994 ὁ
187 1968 310 1998 τοσοῦτος
346 1964 392 1994 καὶ
434 1964 606 2000 τηλικοῦτος,
640 1966 653 1992 ὁ
682 1964 838 1996 διδάσκαλος

54 2010 134 2044 ὖμῶν,
181 2009 255 2039 οὔπω
296 2009 435 2048 λογίζομαι
472 2008 657 2047 κατειληφέναι
688 2007 736 2044 τὴν
772 2008 835 2048 ἁρε-

54 2053 94 2088 τὴν
107 2053 225 2084 ἅπασαν·
246 2055 282 2087 ὣς
297 2053 328 2082 ἂν
352 2054 374 2082 εἰ
389 2053 432 2082 ἐπὶ
456 2052 571 2092 δρομέως
588 2052 656 2081 εἴποι
678 2064 726 2086 τις·
751 2052 837 2082 Οὔπω

54 2097 78 2125 τὸ
90 2103 139 2127 πᾶν
159 2099 251 2134 ἤνυσε.
277 2099 339 2131 Πῶς
353 2093 396 2127 οὖν
413 2098 532 2136 ἀλλαχοῦ
546 2108 622 2136 φησι·
639 2110 651 2123 ι
672 2096 724 2126 Τὸν
740 2097 836 2136 δρόμον

55 2142 184 2182 τετέλεκα;
198 2143 304 2173 Ἐκεῖνο
316 2142 380 2182 πρὸς
393 2144 426 2182 τῇ
437 2142 546 2181 τελευτῇ
562 2140 598 2170 ὢν
611 2140 672 2181 ἔφη.

92 2200 103 2212 ιι
119 2187 166 2216 Ἓν
182 2187 225 2223 δὲ,
241 2189 293 2216 τῶν
314 2187 361 2225 μὲν
376 2186 482 2216 ὄπισθεν
508 2186 760 2224 ἐπιλανθανόμενος,
783 2189 836 2218 τοῖς

53 2230 75 2258 δὲ
97 2230 237 2272 ἔμπροσθεν
264 2231 483 2269 ἐπεκτεινόμενος.
512 2242 525 2259 ιι
556 2229 606 2259 ﬂEv
623 2232 706 2267 ποιῶ,
740 2229 836 2269 φησὶν,

54 2275 101 2309 ἐνὸς
118 2276 221 2315 γίνομαι
241 2277 337 2315 μόνου,
358 2275 429 2309 ὅπως
454 2274 495 2304 ἀεὶ
517 2275 708 2314 προκόπτοιμι·
724 2275 834 2304 ἐπιλαν-

55 2320 156 2358 θάνομαι
170 2323 221 2350 τῶν
236 2320 452 2360 κατορθωμάτων
463 2341 471 2356 ,
490 2319 535 2349 καὶ
547 2319 644 2359 ἀφίημι
657 2319 724 2348 αὐτὰ
739 2319 837 2356 ὀπίσω,

55 2364 160 2394 ungat
176 2365 315 2403 μέμνημαι
337 2364 403 2398 ὅλως
432 2364 536 2400 αὐτῶν,
563 2363 608 2392 καὶ
632 2363 701 2393 οὕτω
729 2363 762 2392 τὰ
787 2363 837 2402 ἔμ-

54 2411 154 2446 τφοσθεν
169 2409 273 2444 διώκω,
289 2411 324 2443 ὡς
344 2408 468 2438 λείποντά
485 2420 529 2447 μοι
540 2420 546 2426 ·
561 2409 596 2441 ὡς
611 2408 661 2446 ὅγε
674 2408 748 2446 [ἤδη]
765 2419 838 2437 τετε-

54 2452 165 2482 λειῶσθαι
187 2453 299 2491 νομίζων
323 2453 455 2482 παύσεται
471 2452 587 2493 τρέχων,
611 2455 645 2486 ὡς
667 2453 719 2488 ἤδη
735 2451 765 2481 τὸ
783 2457 837 2482 πᾶν

55 2498 232 2537 κατωρθωκώς.
256 2498 291 2527 Τί
308 2498 338 2527 δέ
361 2500 416 2527 ἐστι
456 2497 502 2533 τὸ,
529 2512 539 2522 τι
561 2496 810 2535 Ἐπεκτεινόμενος;
826 2512 837 2523 ιι

55 2541 126 2570 Τοῦτ’
138 2542 192 2572 ἔστι
203 2554 209 2559 ·
228 2544 295 2582 Πρὶν
316 2543 417 2583 φθάσαι
433 2542 470 2579 ²⁴,
494 2542 587 2572 λαϐεῖν
605 2542 775 2578 σπουδάζων,
792 2541 838 2571 καὶ

55 2584 107 2619 τοὺς
137 2587 235 2624 πόδας,
263 2587 348 2617 καίτοι
373 2586 531 2627 τρέχοντας,
555 2587 594 2627 τῷ
622 2587 707 2626 λοιπῷ
733 2585 837 2625 σώματι

853 2208 876 2239 ι)

88 2669 194 2700 lICor.
209 2680 242 2706 x,
265 2675 304 2700 I2.
342 2673 388 2700 Inl
408 2672 475 2700 Cor.
493 2679 536 2706 rx,
553 2674 597 2701 27.

884 267 1004 302 iutellige
1019 267 1155 295 celebrem
1175 267 1204 294 in
1217 266 1338 295 nubibus
1357 267 1551 298 sublationem.
1575 271 1679 300 Omnes

885 312 986 339 etenim
999 315 1157 347 resurgunt,
1173 315 1200 338 at
1213 319 1271 339 non
1286 319 1382 340 omnes
1401 315 1568 350 resurgendo
1587 316 1677 345 suble-

886 357 1022 384 vabuntur
1035 356 1063 384 in
1078 356 1164 384 nubes
1178 365 1185 383 ε
1203 363 1299 384 verum
1315 361 1470 392 peccatores
1482 358 1553 386 intra
1569 361 1678 396 quidem

884 404 1040 436 exspectant
1053 400 1192 435 Judicem,
1206 401 1292 429 sancti
1314 409 1378 429 vero
1394 401 1422 429 in
1436 402 1522 431 nubes
1537 405 1679 440 rapiuntur

884 445 913 473 in
928 453 1073 473 occursum
1084 444 1203 473 Domini.
1213 446 1354 481 Intelliges
1364 450 1459 475 autem
1474 448 1548 483 quod
1562 449 1675 484 dicitur,

885 497 918 518 ex
930 490 962 518 iis
976 498 1038 526 quae
1059 494 1218 526 sequuntur.
1247 491 1374 519 Mortuus
1396 495 1452 525 est,
1468 492 1569 528 inquit,
1584 494 1678 523 Chris-

884 538 947 562 tus:
962 535 1066 563 morior
1077 539 1105 563 et
1116 543 1176 571 ego.
1191 535 1354 563 Resurrexit
1364 536 1408 564 ille
1419 535 1580 572 honorifice,
1595 547 1681 568 conor

886 583 913 607 et
943 588 994 616 ego
1019 579 1179 616 hujusmodi
1206 580 1335 615 consequi
1362 582 1590 611 resurrectionem
1615 585 1683 613 cele-

884 624 972 652 brem.
990 625 1056 653 Vide
1069 629 1159 652 autem
1179 625 1314 653 cautelam
1329 625 1390 661 ejus
1403 626 1450 662 qui
1471 630 1546 655 tanta
1566 629 1601 656 sit
1615 637 1683 665 ope-

883 673 969 703 ratus,
985 669 1033 705 qui
1060 670 1095 697 sit
1109 677 1190 705 supra
1210 668 1345 698 homines.
1369 671 1400 698 Si
1423 678 1474 706 quo
1498 673 1575 701 modo
1590 681 1684 709 pervc-

884 715 968 742 m'am.
1001 713 1135 742 Nondum
1164 714 1239 742 enim
1271 714 1364 743 audax
1385 719 1413 743 et
1439 716 1581 745 conﬁdens
1606 726 1678 753 sum,

885 758 975 794 inquit
991 768 997 785 :
1015 759 1084 786 adeo
1098 758 1194 786 humili
1215 758 1313 794 spiritu
1335 758 1456 788 imbutus
1468 765 1528 789 erat
1543 771 1551 789 :
1567 764 1639 798 quod
1655 768 1682 791 et

884 803 937 830 alio
952 802 1048 831 inloco
1059 803 1107 836 ait,
1123 803 1176 836 Qui
1187 804 1293 831 videtur
1306 806 1389 839 stare,
1404 805 1496 833 videat
1511 814 1544 834 ne
1557 808 1652 835 cadatl
1673 818 1679 835 :

851 867 875 898 Β
890 852 928 881 et,
942 849 980 898 Nlo
994 856 1046 883 quo
1058 848 1135 876 modo
1156 849 1221 876 aliis
1231 849 1396 884 praedicans,
1412 850 1470 885 ipse
1483 852 1610 886 reprobus
1628 854 1682 887 em-

891 894 949 920 ciar
958 893 988 920 ¹¹.

925 939 1010 966 Vsus.
1024 940 1066 965 12.
1082 939 1140 967 Non
1153 938 1222 974 quod
1230 938 1291 973 jam
1309 939 1471 973 accedert‘m,
1487 943 1537 968 aut
1546 941 1606 976 jam
1626 951 1684 977 per-

889 984 978 1016 fectus
999 984 1062 1011 sim.
1083 983 1154 1011 Cum
1179 982 1302 1018 dixisset,
1318 984 1349 1011 Si
1365 992 1416 1018 quo
1434 986 1511 1013 modo
1532 993 1679 1020 occurram,

889 1027 1035 1055 continuat
1059 1027 1122 1062 hoc,
1144 1027 1272 1063 inquiens
1297 1037 1304 1054 :
1331 1029 1478 1063 Propterea
1499 1030 1537 1058 sic
1560 1030 1614 1059 dixi
1636 1040 1684 1067 per

889 1071 1106 1109 ambiguitatem,
1125 1073 1189 1108 quia
1203 1072 1329 1101 nondum
1345 1073 1437 1110 accepi
1452 1073 1595 1110 brabeum,
1617 1084 1686 1104 non-

889 1116 957 1145 dum
972 1117 1109 1153 perfectus
1121 1124 1195 1146 sum.

926 1164 1071 1198 Persequor
1083 1164 1183 1197 autem,
1210 1162 1235 1190 si
1253 1165 1280 1190 et
1300 1164 1531 1199 comprehendam,
1553 1169 1686 1201 quatenus

890 1211 914 1235 ct
924 1208 1127 1243 comprehensus
1141 1215 1201 1235 sum
1214 1215 1232 1235 a
1246 1207 1350 1236 Christo
1362 1210 1430 1236 Jesu.
1445 1210 1516 1245 Ego,
1539 1210 1642 1246 inquit,
1657 1211 1685 1239 in

889 1252 1037 1280 certamine
1054 1252 1143 1280 adhuc
1154 1260 1256 1286 versor,
1267 1252 1356 1281 adhuc
1369 1261 1479 1289 sequor,
1491 1255 1515 1282 si
1529 1262 1584 1290 quo
1602 1256 1686 1284 modo

889 1305 988 1334 queam
1008 1296 1239 1332 comprehendere
1256 1297 1341 1326 ﬁnem
1365 1302 1392 1326 et
1413 1298 1558 1327 brabeum.
1583 1300 1687 1328 Deinde

889 1341 1036 1370 ostendens
1061 1349 1120 1369 rem
1135 1341 1224 1377 ipsam
1243 1349 1301 1370 esse
1321 1341 1453 1375 debitum,
1473 1343 1565 1371 subdit
1587 1353 1593 1371 :
1618 1346 1687 1379 Quo-

888 1388 964 1414 niam
978 1391 1002 1414 et
1025 1387 1224 1422 comprehensus
1238 1395 1297 1414 sum
1316 1395 1336 1414 a
1351 1387 1455 1415 Christo
1479 1398 1487 1415 ε
1502 1388 1529 1416 id
1544 1392 1595 1424 est,
1613 1390 1685 1418 Cum

888 1437 977 1458 essem
1001 1438 1033 1458 ex
1055 1430 1232 1466 pereuntibus
1259 1435 1288 1459 et
1305 1431 1506 1466 condemnatis,
1527 1439 1688 1468 persecutus

888 1479 929 1503 est
941 1483 985 1503 me
1000 1475 1140 1508 Christus,
1156 1478 1185 1503 et
1206 1474 1355 1512 fugientem
1369 1476 1403 1504 ab
1418 1485 1450 1504 eo
1464 1478 1686 1513 comprehendit,

889 1523 916 1547 et
934 1519 969 1548 ad
982 1527 1040 1548 sese
1051 1520 1196 1548 convertit.
1211 1521 1304 1549 Debeo
1320 1521 1409 1557 itaque
1424 1525 1451 1549 et
1475 1530 1525 1557 ego
1540 1522 1632 1558 ipsum
1645 1531 1688 1552 se-

890 1566 935 1602 qui
959 1566 1108 1602 deinceps,
1133 1571 1164 1594 ut
1185 1566 1400 1602 apprehendam.
1432 1567 1689 1603 Signiﬁcantissimc

890 1615 982 1639 autem
1003 1611 1080 1645 dixit,
1103 1611 1211 1639 διὼκειν.
1231 1611 1282 1646 Qui
1308 1612 1384 1640 enim
1409 1613 1594 1649 persequitur,
1618 1614 1686 1642 nihil

890 1655 965 1684 aliud
979 1656 1111 1690 intuetur,
1123 1664 1210 1692 quam
1235 1655 1270 1684 ad
1289 1656 1365 1692 quod
1380 1657 1520 1691 accelerat,
1536 1658 1584 1686 sed
1596 1660 1688 1687 omnia

892 1701 1013 1735 praeterit
1034 1708 1098 1728 cum
1112 1700 1284 1734 charissima,
1299 1704 1359 1728 tum
1375 1702 1495 1730 maxime
1508 1704 1664 1732 necessaria
1682 1715 1687 1731 :

890 1741 963 1769 hunc
974 1742 1009 1770 ad
1022 1742 1136 1770 modum
1150 1745 1179 1770 et
1193 1751 1244 1770 nos
1256 1741 1384 1771 festinare
1401 1743 1535 1772 debemus
1556 1745 1631 1773 nulla
1659 1754 1688 1773 re

891 1786 1022 1822 impediti.

926 1829 981 1865 45
987 1831 1008 1864 ι
1016 1831 1103 1858 Vens.
1115 1832 1146 1858 13
1151 1852 1157 1858 .
1163 1831 1283 1863 Fratres,
1290 1839 1337 1865 ego
1344 1839 1384 1858 me
1390 1832 1507 1859 nondum
1513 1832 1616 1860 arbiter
1621 1841 1690 1861 com-

889 1875 1071 1909 prehendisse.
1082 1875 1151 1909 Quia
1163 1875 1312 1910 plurimum
1323 1875 1481 1904 laudaverat
1492 1876 1688 1913 Philippenses,

891 1927 963 1946 nunc
977 1919 1101 1955 ipsorum
1117 1919 1249 1955 dejiciens
1262 1918 1404 1954 affectum,
1417 1921 1486 1956 Ego,
1505 1921 1603 1957 inquit,
1624 1923 1687 1950 talis

891 1972 921 1991 nc
940 1969 1043 1996 tantus.
1069 1968 1220 2000 praeceptor
1247 1968 1345 1998 vester,
1373 1964 1497 1994 nondum
1524 1966 1622 2002 opinor
1643 1975 1687 1995 me

891 2009 1101 2044 apprehendisse
1120 2009 1250 2037 virtutem
1269 2009 1423 2038 universam
1446 2019 1455 2037 :
1479 2010 1590 2046 perinde
1610 2013 1687 2048 quasi

892 2055 925 2081 de
946 2062 1057 2082 cursore
1072 2053 1169 2089 aliquis
1187 2053 1261 2082 dicat
1278 2063 1284 2081 ε
1304 2054 1434 2082 Nondum
1448 2058 1539 2083 totum
1561 2055 1684 2092 perfecit.

892 2099 946 2133 Qui
967 2099 1050 2135 igitur
1071 2099 1125 2126 alio
1139 2099 1166 2126 in
1187 2099 1247 2127 loco
1264 2098 1312 2132 ait,
1333 2099 1445 2127 Cursum
1463 2103 1689 2130 consummavi“?

893 2146 928 2170 At
939 2142 1005 2170 illud
1020 2143 1102 2171 morti
1118 2142 1221 2171 vicinus
1233 2142 1312 2170 dixit.

930 2189 1016 2216 Vens.
1040 2191 1082 2215 14.
1108 2188 1194 2215 Unum
1212 2190 1312 2221 autem,
1334 2196 1393 2222 qua:
1405 2189 1513 2223 quidem
1528 2192 1599 2218 retro
1612 2193 1688 2220 sunt.

894 2232 1056 2264 Oblivisceris,
1076 2232 1113 2259 ad
1131 2240 1162 2259 ea
1178 2240 1239 2260 vero
1258 2240 1318 2267 quae
1335 2235 1397 2260 sunt
1415 2235 1523 2268 priora,
1543 2235 1690 2263 extendens

894 2278 1036 2313 meipsum.
1052 2278 1158 2310 Unum,
1183 2276 1282 2312 inquit,
1298 2275 1376 2309 facio,
1400 2285 1487 2305 unum
1511 2278 1563 2306 hoc
1584 2279 1689 2308 solum-

895 2322 977 2350 modo
991 2321 1137 2354 contendo.
1154 2326 1185 2349 ut
1195 2329 1303 2357 semper
1322 2329 1500 2357 promoveam
1517 2332 1523 2351 :
1544 2323 1690 2352 obliviscor

893 2374 1008 2402 operum
1021 2370 1234 2399 transactorum,
1250 2373 1336 2401 eaque
1349 2371 1411 2402 post
1424 2371 1532 2402 tergum
1547 2368 1672 2405 relinquo
1683 2390 1691 2404 ,

894 2417 921 2440 ct
933 2419 1028 2440 eorum
1043 2419 1155 2448 prorsus
1166 2419 1201 2439 ne
1211 2411 1342 2440 recordor
1360 2412 1483 2448 quidem,
1499 2421 1531 2442 ac
1544 2414 1584 2442 sic
1598 2415 1689 2450 priora

893 2460 920 2484 et
931 2463 992 2492 quae
1007 2459 1072 2483 ante
1083 2463 1126 2483 me
1142 2459 1219 2488 sunt,
1233 2463 1383 2492 persequor
1401 2465 1450 2486 ceu
1467 2466 1498 2486 ea
1513 2466 1576 2495 qua
1594 2459 1685 2488 desint

893 2500 970 2528 mihi.
986 2500 1057 2528 Nam
1070 2500 1114 2536 qui
1132 2507 1161 2528 se
1178 2507 1292 2528 cursum
1304 2500 1453 2530 absolvisse
1466 2507 1553 2538 putat,
1573 2511 1588 2531 a
1603 2511 1684 2531 cursu

893 2544 1007 2579 desistit,
1026 2548 1159 2581 tanquam
1178 2545 1226 2581 qui
1247 2549 1336 2574 totum
1352 2546 1411 2582 jam
1431 2547 1589 2575 coniecerit.
1616 2548 1688 2583 Quid

892 2597 958 2618 vero
971 2593 1022 2624 est,
1037 2589 1211 2618 Eztendens?
1223 2590 1284 2618 Hoc
1299 2594 1349 2624 est,
1364 2591 1524 2627 Priusquam
1539 2598 1686 2627 pervenero

636 2675 649 2690 ⁸³
663 2672 688 2700 ΙΙ
702 2671 778 2700 Tim.
796 2679 839 2706 1v,
863 2675 889 2699 7.

740 2742 834 2772 Varia
856 2742 1008 2772 lectiones.

89 2811 110 2829 “
121 2813 147 2840 οὗ
159 2815 241 2849 μέντοι
254 2815 341 2847 πάντες
355 2823 382 2844 0.
421 2816 439 2832 ²¹
459 2815 514 2846 τοὺς
527 2814 645 2851 οὐρανοὺς
658 2823 687 2843 ο.
723 2814 745 2831 ¹²
758 2814 844 2850 φθάσω
859 2822 888 2843 ο.

923 2813 947 2831 ³³
959 2813 983 2841 ἐν
1002 2812 1100 2849 Χριστῷ
1111 2820 1140 2842 ο.
1180 2812 1202 2831 ³⁸
1213 2813 1300 2840 φθάσω
1315 2821 1343 2842 o.
