1886 3082
37 159 99 186 H89

470 158 645 186 EXPOSITIO
665 159 697 185 IN
719 158 821 186 EPIST.
842 160 887 187 AD
908 160 1051 189 PHILIPP.
1072 175 1106 182 —
1125 161 1201 188 CAP.
1222 160 1267 187 III.

1600 161 1668 187 “90

35 221 58 249 δὲ
83 220 125 249 καὶ
140 219 226 249 ἀνέσει
252 221 357 253 ζῶντες·
385 220 490 254 τούτους
511 221 620 261 ἐχθροὺς
634 224 680 250 τοῦ
701 224 816 261 σταυροῦ

910 227 1006 258 rentes,
1021 223 1073 252 hos
1090 223 1181 251 hostes
1194 223 1281 250 crucis
1296 221 1421 258 appellat.
1442 223 1508 250 Hac
1522 222 1596 250 enim
1612 223 1669 250 ani-

34 277 116 304 φησιν.
132 263 167 294 “Ο
178 264 225 302 μὲν
244 264 295 304 γὰρ
313 264 402 305 ψυχὴν
416 265 535 300 ἐπιζητεῖ
548 265 771 305 παρατεταμένην
783 268 819 299 εἷς

35 310 153 344 θάνατον,
183 309 301 349 διψῶσαν
322 309 439 339 κίνδυνον
451 322 457 328 ·
471 310 544 340 αὐτοῖ
555 309 582 340 δὲ
596 311 750 340 ἐκλέλυνται
775 311 820 340 καὶ

34 353 182 387 ἆπεναντίας
197 353 288 394 ἐκείνῳ
304 354 497 385 πολιτεύονται.
520 357 552 385 Εἰ
572 355 624 395 γὰρ
639 356 683 385 τὸν
707 357 818 396 σταυρὸν

35 398 144 439 ἐρίλουν,
172 398 332 433 ἐσπούδαζον
352 399 383 428 ἂν
399 400 442 429 τὸν
466 400 664 440 ἐσταυρωμένον
682 400 738 440 βίον
761 403 818 440 ζῇν,

33 444 71 472 τὸν
95 442 272 483 κατάπικρον.
297 443 338 473 Οὖ
355 443 496 484 φρίττομεν
523 445 631 483 λοιπὸν,
659 445 754 484 εἴγεό
774 448 820 481 τ’ἧς

34 490 124 527 τρυφῆς
142 487 231 527 φίλος,
256 487 301 517 καὶ
326 490 372 524 τῆς
388 489 500 518 ἐνταῦθα
525 488 650 525 ἀνέσεως,
675 490 720 519 χαὶ
733 491 819 531 ἄσφα-

33 533 107 574 λείαςέ
123 532 216 572 ἐχθρός
232 533 287 562 ἐστι
301 535 347 562 τοῦ
361 535 476 573 σταυροῦ
488 536 534 563 τοῦ
547 535 680 574 Χριστοῧ;

73 572 146 606 α’Ὧν
162 579 175 605 ὁ
191 576 248 610 θεὸς
270 579 287 613 ἡ
309 577 408 608 κοιλία.
426 590 441 606 ιθ
469 572 633 619 Λατρεύουσι
652 579 703 620 γὰρ
720 581 755 613 ὡς
771 581 822 620 Οεῷ

35 622 120 661 nti-ty,
135 621 180 650 καὶ
206 626 296 651 πᾶσαν
321 623 462 662 θεραπείαν
488 624 663 663 προσάγουσι.
686 626 748 657 Τοῖς
775 624 822 662 μὲν

35 666 61 694 τὰ
73 665 212 706 χρήματα,
236 671 289 700 τοῖς
305 666 331 696 δὲ
355 669 373 703 ἡ
391 668 478 696 κοιλία
505 668 562 701 θεός
574 681 580 687 ·
608 668 669 708 περὶ
685 664 721 698 ὧν
737 670 821 698 ἄλλοι·

36 713 76 750 χοῦ
91 722 172 751 φησι·
189 724 200 737 ι
223 710 364 750 Φάγωμεν
380 711 425 741 καὶ
442 712 560 750 πίωμεν·
581 713 671 753 αὔριον
685 713 737 753 γὰρ
753 714 822 743 ἀπο-

36 756 181 793 Ονήοκομεν,
200 769 212 782 ι
229 755 299 785 Ἰδοὺ
315 757 358 785 καὶ
372 756 448 797 ἑτέρα
465 757 682 798 εἰδωλολατρεία.

73 811 86 829 (ι
99 801 151 830 Καὶ
166 803 182 836 ἦ
201 800 274 837 δόξα,
291 802 317 830 ἐν
331 803 364 840 τῇ
387 802 502 842 αἰσχύνῃ
528 804 625 833 αὐτῶν.
643 817 654 829 ιι
670 802 823 844 Τινὲςνπερὶ

37 847 74 880 τῆς
87 847 230 884 περιτομῆς
251 857 317 886 φασι
330 848 423 882 τοῦτο,
444 846 477 882 ἣν
493 847 567 876 αὐτοὶ
583 847 630 885 μὲν
641 847 717 882 δόξαν
734 843 822 887 εἶχον,

878 276 950 295 mam
970 268 1084 304 inquirit
1097 272 1236 296 extensam
1252 266 1286 294 ad
1302 270 1430 298 mortem.
1447 266 1587 294 sitientem
1599 267 1671 302 peri-

873 313 956 340 cula:
980 313 1030 349 ipsi
1054 317 1147 341 autem
1167 312 1248 340 soluti
1272 316 1345 345 sunt,
1369 319 1401 339 ac
1428 312 1565 339 contrario
1590 312 1668 348 plane

874 358 957 386 modo
972 362 1170 386 conversantur
1183 366 1214 386 ac
1227 356 1327 385 vivunt.
1344 357 1371 384 Si
1383 357 1455 384 enim
1466 364 1576 385 crucem
1597 364 1671 384 ama-

874 407 947 436 rent,
976 402 1135 431 cruciﬁxam
1159 402 1239 430 simul
1267 401 1349 429 vitam
1371 409 1494 438 qumrere
1517 401 1671 435 studerent,

875 447 1073 475 amarulentam
1106 447 1238 474 videlicet.
1270 447 1329 474 Non
1359 446 1504 474 horremus
1534 445 1617 481 igitur
1644 446 1672 473 in

877 495 1029 527 posterum,
1043 491 1181 528 siquidem
1197 491 1361 520 deliciarum
1370 495 1397 518 et
1411 490 1510 526 quietis
1524 490 1672 518 mundana:

876 540 901 563 et
916 537 1069 565 securitatis
1081 537 1195 570 amicus,
1207 540 1250 564 est
1268 535 1357 564 hostis
1369 535 1458 563 crucis
1469 535 1591 563 Christi?

911 582 996 610 Vens.
1014 584 1055 610 t9.
1080 583 1198 616 Quorum
1210 581 1275 608 deus
1288 583 1379 608 venter
1391 583 1440 608 est.
1456 580 1585 608 Serviunt
1599 580 1673 608 enim

877 626 942 654 huic
957 631 1086 662 tanquam
1111 626 1162 654 deo
1187 633 1299 654 omnem
1322 633 1416 654 curam
1439 624 1580 654 adhibent.
1606 624 1676 652 Aliis

877 671 987 706 quidem
1012 670 1140 707 pecunia,
1172 671 1232 698 aliis
1257 678 1322 698 vero
1348 674 1442 698 venter
1473 669 1542 698 deus
1565 674 1618 703 est,
1640 668 1675 697 de

877 716 976 751 quibus
1002 719 1030 743 et
1050 715 1103 744 alio
1126 716 1153 743 in
1178 716 1236 743 loco
1257 715 1295 743 ait
1317 724 1324 742 :
1349 715 1469 743 Edamus
1487 717 1514 742 et
1538 715 1676 745 bibamus,

877 768 938 788 cras
953 762 1023 788 enim
1044 761 1212 788 moriemuro
1237 781 1242 787 .
1262 761 1330 786 Ecce
1346 759 1461 787 alteram
1479 758 1673 786 idololatriam.

913 806 947 833 Et
958 805 1045 839 gloria
1056 806 1086 832 in
1101 806 1258 839 confusione
1277 805 1405 838 ipsorum.
1437 802 1555 838 Quidam
1571 803 1624 830 hoc
1639 803 1675 830 de

878 849 1087 877 circumcisione
1103 849 1207 881 dicunt.
1224 857 1306 884 quam
1319 848 1368 883 ipsi
1391 848 1507 883 gloriam
1524 848 1674 883 putabant,

37 889 138 929 αἰςλύνη
152 890 179 919 δὲ
196 889 278 923 ὄντως
293 890 376 921 ἐστίν.
400 892 458 921 Οὐχ
486 891 542 920 ἔστι
564 892 591 921 δὲ
607 895 685 921 τοῦτο
700 892 737 928 ²⁰,
755 892 822 922 ἀλλὰ

913 903 973 922 vera
994 898 1087 922 autem
1108 893 1258 930 ignominia
1277 897 1327 920 est.
1345 894 1406 920 Hoc
1421 900 1484 920 vero
1500 900 1556 920 non
1572 893 1607 920 ita
1623 897 1674 926 est,

36 934 76 969 τὴν
91 935 351 974 ἀναλγησίανβῦτῶν
367 935 409 964 διὰ
430 935 529 965 τούτων
547 937 670 967 δείκνυσι.
696 937 748 967 Καὶ
772 937 822 977 γὰρ

37 979 239 1016 ἁμαρτάνοντας,
267 980 341 1020 φησὶ,
364 980 420 1010 δέον
451 981 663 1020 ἐγχαλύπτεσθαι
678 981 722 1011 καὶ
745 983 823 1011 ἐπαι-

37 1024 176 1062 σχύνεσθαι,
191 1025 216 1053 οἱ
231 1024 259 1053 δὲ
276 1024 352 1058 δόξαν
364 1029 450 1054 ταῦτα
465 1028 606 1064 ἡγοῦνται.

72 1082 82 1094 ι
103 1069 136 1097 Οἱ
163 1068 197 1097 τὰ
216 1069 321 1108 ἐπίγεια
336 1073 498 1109 φρονοῦντες.
525 1083 538 1097 ι
565 1066 646 1101 Οὗτοι
664 1070 715 1111 γὰρ
733 1071 822 1111 ἔχουσι

39 1113 86 1141 θεὸν
100 1112 146 1149 τὴν
170 1113 285 1151 κοιλίαν,
313 1115 338 1143 οἱ
359 1114 441 1153 μηδὲν
457 1115 637 1155 πνευματικὸν
661 1115 678 1152 ἢ
704 1116 824 1156 οὐράνιον

39 1157 169 1195 νοούμενοι.

74 1217 83 1227 ιι
99 1202 207 1246 Ἡμῶνμ
216 1203 245 1232 δὲ
271 1202 297 1222 ³⁷
318 1203 349 1233 τὸ
372 1204 521 1243 πολίτευμα
545 1205 571 1234 ἐν
600 1205 719 1246 οὐρανοῖς
742 1204 825 1245 ὑπάρ-

41 1258 92 1284 ίξι,
121 1246 146 1281 ἐξ
178 1243 207 1276 οἷ
241 1247 288 1276 καὶ
325 1249 442 1289 Σωτῆρα
481 1243 684 1290 ἀπεκδεχόμεθα
728 1243 825 1289 Κύριον

41 1291 133 1326 Ἰησοῦν
154 1292 281 1332 Χριστόν.
300 1306 312 1319 I
333 1293 419 1323 Ὥστε
434 1293 468 1323 τὰ
488 1294 543 1323 ἄνω
567 1295 607 1324 δεῖ
619 1297 691 1332 ἡμᾶς
706 1298 824 1334 φρονεῖν,

41 1336 96 1374 πρὸς
113 1336 158 1372 τὴν
179 1336 298 1375 πατρίδα
322 1339 398 1377 ἡμῶν
421 1338 558 1375 σπεύδειν,
590 1339 651 1368 ἔνθα
676 1340 721 1368 χαὶ
748 1339 824 1368 πολι-

41 1381 148 1411 τεύεσθαι
162 1382 330 1421 ἐτοίίθημεν⁸
355 1383 413 1412 ἐπεὶ
429 1384 474 1413 καὶ
488 1386 502 1413 ὁ
520 1384 656 1420 Δεσπότης
677 1384 722 1412 καὶ
739 1385 826 1413 Βασι-

43 1425 177 1463 λεὺςὴμῶν
190 1427 262 1464 ἐκεῖ,
288 1428 332 1456 καὶ
358 1428 455 1458 ἐκεῖθεν
481 1428 558 1458 αὐτὸν
574 1428 647 1464 ἥξειν
671 1429 825 1467 προσδοκῶ·

43 1481 82 1504 μεν
94 1471 118 1499 ἐν
131 1472 162 1509 τῇ
178 1471 237 1511 δόξῃ
256 1473 290 1510 τῇ
308 1473 430 1512 Πατρικῇ
446 1472 514 1511 μετὰ
525 1474 576 1502 τῶν
594 1473 676 1513 ἁγίων
693 1472 823 1512 ἀγγέλων.

43 1513 116 1543 Ὥστε
129 1514 172 1544 καὶ
197 1515 251 1545 ἀπὸ
278 1518 324 1545 τοῦ
340 1516 434 1556 τόπου⁷
459 1518 505 1546 καὶ
528 1517 581 1546 ἀπὸ
596 1519 640 1547 τοῖ’)
664 1517 825 1557 προσώπου,

44 1559 214 1596 δυσωπήοητε.

78 1618 87 1629 οι
101 1604 148 1637 Ὃς
164 1605 397 1646 μετασχηματίσει
413 1606 443 1636 τὸ
468 1609 547 1646 σῶμα
569 1609 616 1643 τῆς
640 1606 825 1640 ταπεινώσεως

44 1650 118 1685 ἡμῶν.
142 1663 154 1675 υ
169 1650 263 1679 Πολλὰ
278 1653 322 1679 νῦν
336 1651 435 1690 πάσχει
449 1651 479 1680 τὸ
494 1663 571 1690 σωμα
587 1663 594 1670 ·
607 1652 754 1690 δεσμεῖται,
773 1664 824 1690 μα-

45 1693 165 1730 στίζεται,
194 1694 298 1735 μυρίοις
322 1696 414 1730 δεινοῖς
449 1697 638 1727 ξιποϐάλλεται.
668 1696 720 1726 Διὰ
750 1699 827 1726 τοῦτο

45 1738 213 1773 ταπεινώσεως
237 1742 333 1778 σῶμα,
347 1741 386 1770 ὅτι
411 1743 493 1781 φθορᾷ
508 1741 554 1770 καὶ
574 1741 715 1781 ἀλγηδόσιν
723 1741 750 1760 ²⁸
761 1741 828 1771 ὑπό-

43 1793 134 1811 κειται·
166 1783 234 1813 ἀλλὰ
258 1785 597 1824 μετασχηματισθήσεται,
628 1785 765 1821 τουτέστι,
797 1787 826 1816 τὸ

44 1827 99 1856 αὐτὸ
121 1829 192 1865 μένον
209 1829 346 1859 ἐνδύσεται
373 1831 523 1871 ἀφθαρσίαν
536 1842 543 1849 ο
566 1831 827 1871 μετασχηματισμὸν

44 1870 87 1910 γὰρ
97 1871 142 1907 τὴν
155 1873 206 1902 ἀπὸ
221 1876 319 1914 φθορᾶς
332 1874 450 1913 ἀλλαγὴν
465 1875 569 1910 νόησον.

83 1917 154 1950 «Εἰς
182 1918 211 1947 τὸ
241 1919 362 1957 γενέσθαι
388 1919 451 1948 αὐτὸ
480 1920 635 1960 σύμμορφον
656 1920 694 1959 τῷ
720 1919 827 1958 σώματι

45 1962 85 1995 τῆς
98 1961 168 1998 δόξης
182 1963 274 1993 αὐτοῦ.
289 1975 301 1991 ι
321 1963 432 1999 Ἐπειδὴ
445 1964 599 2005 σύμμορφον
615 1965 710 1999 αὐτοῦ,
735 1964 826 2004 φησὶν,

47 2006 135 2044 ἐγένετο
155 2006 197 2036 διὰ
230 2009 278 2043 τ’ἧς
299 2008 434 2042 κοινωνίας
457 2011 509 2038 τῶν
528 2011 639 2046 παθῶν,
671 2009 827 2049 σύμμορφον

46 2050 171 2087 γενήσεται
195 2052 239 2081 καὶ
254 2054 287 2092 τῇ
306 2053 378 2092 δόξῃ.
403 2053 507 2084 Busa“
524 2053 548 2083 τί
564 2048 638 2090 sine;
652 2054 700 2093 Τῷ
714 2053 766 2082 ὑπὸ
778 2048 829 2083 τῶν

48 2094 153 2132 ἀγγέλων
174 2097 409 2137 προσκυνουμένῳ,
437 2099 476 2138 τῷ
503 2098 528 2127 ἐν
555 2098 625 2137 δεξιᾷ
648 2100 694 2127 τοῦ
725 2099 830 2137 Πατρὸς

46 2139 190 2183 καθημένω,
215 2143 253 2181 τῷ
276 2144 323 2177 τῆς
351 2142 424 2178 δόξης
458 2142 514 2172 ὄντι
542 2142 648 2181 σώματι
673 2141 829 2183 σύμμορφον

878 939 925 966 sed
944 939 1091 966 stultitiam
1108 938 1229 974 ipsorum
1245 937 1372 965 ostendit.
1389 938 1459 966 Nam
1482 937 1528 972 qui
1552 941 1674 972 peccant,

878 984 959 1011 velari
981 991 1028 1011 eos
1047 992 1080 1011 ac
1094 983 1224 1019 pudetieri
1243 986 1368 1018 oportet;
1392 981 1437 1010 isti
1461 989 1525 1010 vero
1545 981 1605 1010 hac
1624 981 1675 1009 sibi

878 1028 972 1064 gloria:
985 1028 1097 1056 ducunt.

915 1073 967 1106 Qui
993 1075 1099 1101 terrena
1124 1074 1245 1108 sapiunt.
1274 1071 1310 1099 Hi
1340 1071 1414 1100 enim
1443 1075 1563 1100 ventrem
1591 1071 1676 1100 deum

880 1117 994 1153 habent,
1016 1118 1062 1154 qui
1084 1117 1151 1145 nihil
1174 1116 1319 1153 spirituale
1342 1121 1390 1145 aut
1403 1117 1512 1145 caeleste
1540 1117 1674 1153 cogitant.

918 1210 1002 1236 Vens.
1021 1210 1064 1234 20.
1082 1208 1179 1236 Nostra
1194 1209 1282 1234 autem
1297 1207 1462 1234 conversatio
1484 1208 1512 1234 in
1530 1207 1602 1234 caelis
1623 1209 1677 1241 est,

880 1253 953 1279 unde
963 1254 1041 1280 etiam
1052 1253 1220 1281 Salvatorem
1236 1254 1421 1287 exspectamus
1432 1253 1573 1279 Dominum
1589 1253 1677 1279 Jesum

881 1298 1026 1324 Christum.
1044 1298 1140 1332 Itaque
1165 1304 1227 1332 quae
1239 1304 1354 1332 superna
1374 1301 1449 1329 sunt,
1472 1304 1522 1323 nos
1531 1304 1626 1331 sapere
1651 1301 1679 1324 et

880 1341 1008 1369 affectare
1028 1346 1147 1377 oportet,
1164 1346 1190 1368 et
1204 1341 1238 1368 ad
1255 1341 1373 1376 patriam
1389 1345 1514 1368 nostram
1532 1340 1676 1374 festinare,

882 1387 926 1414 ubi
953 1387 1043 1414 vivere
1069 1390 1097 1414 et
1125 1386 1293 1413 commorari
1327 1385 1406 1413 nobis
1433 1386 1593 1413 ordinatum
1625 1390 1676 1419 est,

880 1430 1103 1467 quandoquidem
1126 1434 1154 1458 et
1167 1431 1302 1458 Dominus
1316 1434 1343 1457 et
1362 1432 1423 1458 Rex
1448 1435 1541 1457 noster
1556 1430 1609 1457 illic
1631 1430 1676 1463 sit.

880 1480 961 1511 atque
981 1476 1055 1503 illinc
1072 1475 1163 1511 ipsum
1178 1479 1324 1502 venturum
1342 1478 1534 1510 exspectamus
1548 1475 1574 1502 in
1592 1475 1677 1510 gloria

881 1519 965 1556 453
980 1522 1093 1548 Paterna
1108 1527 1172 1547 cum
1189 1519 1288 1547 sanctis
1301 1519 1414 1555 angelis.
1432 1521 1526 1555 Itaque
1542 1523 1570 1547 et
1588 1528 1603 1547 a
1619 1520 1679 1547 loco

840 1559 863 1591 C
883 1569 910 1593 et
921 1573 936 1592 a
952 1572 1067 1600 persona
1083 1564 1117 1592 ad
1132 1564 1265 1600 pudorem
1284 1564 1524 1592 commOveamini.

915 1611 1003 1637 Vens.
1012 1612 1042 1637 21
1050 1610 1112 1642 ,ριιί
1117 1609 1325 1644 transﬁgurabit
1330 1616 1427 1643 corpus
1433 1609 1630 1636 humiliationis
1639 1617 1682 1636 no-

879 1657 951 1682 strte.
964 1654 1050 1682 Multa
1061 1662 1133 1682 nunc
1139 1653 1239 1689 patitur
1248 1661 1347 1689 corpus
1360 1662 1366 1680 :
1379 1653 1505 1687 vincitur,
1516 1653 1680 1689 ﬂagellatur,

881 1699 1030 1726 innumeris
1039 1698 1118 1726 malis
1128 1698 1265 1734 objicitur.
1278 1698 1322 1726 Ob
1333 1697 1401 1725 hanc
1413 1706 1471 1725 rem
1484 1697 1681 1726 humiliationis

881 1751 979 1779 corpus
993 1747 1043 1777 est,
1056 1742 1131 1779 quod
1144 1742 1312 1778 corruptioni
1327 1746 1407 1778 atque
1421 1742 1509 1769 dolori
1523 1742 1679 1778 subjectum

881 1788 917 1816 sit
944 1797 950 1816 :
973 1787 1020 1816 sed
1040 1787 1289 1822 transﬁgurabitur,
1313 1786 1341 1814 id
1355 1790 1406 1819 est,
1422 1786 1495 1814 idem
1512 1794 1679 1821 permanens

884 1833 978 1860 induet
1006 1831 1301 1867 incorruptibilitatem.
1329 1832 1382 1858 Per
1409 1830 1678 1866 transﬁgurationem

883 1878 954 1904 enim
967 1885 982 1904 a
994 1877 1170 1911 corruptione
1186 1875 1366 1903 mutationem
1379 1875 1510 1911 intellige.

922 1923 956 1949 Ut
965 1922 1101 1956 efﬁciatur
1114 1922 1250 1955 con/omne
1264 1921 1466 1956 ipsum‘corpori
1478 1921 1570 1956 gloriae
1580 1922 1676 1956 ipsius.

884 1967 1129 2004 Quandoquidem,
1146 1968 1250 2003 inquit.
1273 1966 1417 1995 conforme
1439 1967 1488 2003 ipsi
1512 1966 1617 1995 factum
1639 1971 1681 1996 est

885 2021 933 2049 per
946 2013 1130 2041 atllictionum
1142 2013 1429 2046 communicationem,
1442 2012 1583 2040 conforme
1597 2013 1681 2040 etiam

884 2058 1016 2086 efﬁcietur
1029 2058 1123 2093 gloriae
1142 2058 1235 2093 ipsius.
1259 2059 1354 2093 Papae!
1375 2057 1440 2094 quid
1460 2057 1548 2086 dixit?
1564 2058 1594 2086 Ei
1607 2057 1681 2093 quod

885 2103 919 2130 ab
942 2102 1045 2139 angelis
1059 2102 1199 2136 adoratur,
1212 2102 1287 2138 quod
1301 2101 1336 2130 ad
1350 2101 1477 2130 dextram
1491 2102 1577 2129 Patris
1592 2102 1680 2136 sedet,

885 2148 977 2184 gloriae
1001 2148 1109 2184 corpori
1134 2147 1278 2176 conforme
1302 2147 1334 2175 ﬁt
1362 2155 1462 2183 corpus
1489 2151 1626 2180 nostrum,
1650 2155 1682 2175 ac

46 2181 134 2228 γίνεται
147 2185 176 2214 τὸ
191 2187 269 2224 σῶμα
280 2188 356 2223 ἡμῶν
364 2208 373 2223 ,
385 2186 430 2216 καὶ
438 2186 507 2216 οὕτω
520 2187 671 2223 δοξάζεται,
686 2189 722 2220 ὡς
730 2188 822 2216 ἐκεῖνο]

910 2192 993 2220 :rinde
1006 2181 1175 2227 gloriﬁcatur
1190 2195 1219 2219 ut
1234 2191 1313 2220 illud!
1331 2181 1427 2218 Nonne
1441 2190 1521 2226 igitur
1535 2190 1557 2218 si
1575 2191 1682 2218 univer-

45 2221 104 2265 τΑραι
117 2228 145 2257 ἂν
169 2221 244 2259 πᾶσα
261 2233 278 2266 ἠ
294 2221 436 2269 σίκούμένη
454 2231 498 2261 ἐπὶ
512 2232 543 2262 τὸ
557 2221 629 2261 αὐτὸ
651 2221 753 2271 δακρύῃ
768 2231 828 2265 τοὺς

47 2272 206 2308 ἐκπίπτοντας
235 2277 282 2311 τῆς
306 2275 431 2312 τοιαύτης
459 2276 550 2312 δόξης,
575 2276 653 2310 ἀξίως
684 2276 824 2315 δαχρύσεις

81 2327 94 2344 α
116 2318 190 2347 Κατὰ
218 2319 266 2355 τὴν
291 2319 423 2359 ἐνέργειαν
450 2323 496 2349 τοῦ
523 2321 649 2350 δύνασθαι
675 2321 754 2350 αὐτὸν
782 2321 827 2350 χαὶ

45 2360 159 2396 ὑποτάξαι
184 2364 269 2404 ἑαυτῷ
293 2364 327 2393 τὰ
341 2364 442 2394 πάντα.
467 2377 482 2392 ι»
500 2365 612 2402 Ἐπειδὴ
626 2365 695 2404 μέγα
708 2361 766 2394 εἷπε
781 2365 827 2394 χαὶ

46 2405 127 2450 ςλεδὸν
141 2407 251 2450 ἄπιστον
261 2432 270 2448 ,
285 2409 350 2449 φησί
362 2421 368 2427 ·
385 2409 432 2446 Μὴ
453 2410 606 2449 ἀπιστήσῃς
618 2422 624 2429 -
650 2410 760 2448 δύναμιν
775 2409 827 2450 γὰρ

45 2448 104 2488 ἕλει,
120 2452 151 2480 δι’
167 2448 198 2488 ἧς
209 2454 309 2494 ἐνεργεῖ
319 2454 352 2482 τὰ
368 2453 472 2493 πάντα,
489 2454 535 2484 καὶ
548 2448 676 2489 ὑπέταξεν
692 2448 827 2493 ἀγγέλους,

46 2494 83 2521 καὶ
98 2496 288 2537 ἆρχαγγέλους,
315 2498 360 2527 καὶ
375 2498 503 2537 δαίμονας
514 2499 599 2529 ’ὥστε
615 2500 673 2528 ἐπεὶ
692 2499 780 2528 ἔκεῑνα
794 2500 828 2529 τὰ

47 2539 118 2573 μείζω
131 2542 248 2577 ἐποίησε,
270 2544 362 2583 πολλῷ
377 2545 479 2582 μᾶλλον
496 2546 574 2573 τοῦτο
590 2543 620 2573 τὸ
631 2544 740 2573 ἔλαττον
756 2544 827 2573 ἐκεί-

47 2592 90 2628 νων
99 2585 208 2621 ποιήσει.
223 2586 271 2620 Τίς
283 2587 309 2616 δὲ
324 2587 466 2625 intimi“;
478 2589 514 2619 Οἱ
528 2588 576 2626 μέν
588 2600 676 2628 φασιν,
691 2588 731 2617 ὅτι
739 2591 753 2617 ὁ
763 2589 830 2622 Θεὸς

47 2626 86 2655 καὶ
105 2629 197 2671 Πατὴρ
221 2631 347 2667 ὖπέταξεν
362 2633 448 2673 αὖτῷ,
464 2635 502 2674 τῷ
526 2626 637 2674 Χριστῷ
652 2634 771 2670 δηλαδὴ,
797 2633 830 2662 τὰ

79 2704 89 2715 υ
100 2699 112 2727 I
124 2701 186 2731 Cor.
204 2709 256 2738 xv,
271 2705 315 2732 32.

881 2244 928 2265 sus
942 2236 1062 2264 mundus
1084 2236 1165 2264 simul
1187 2236 1352 2271 lacrymetur
1367 2243 1399 2263 ac
1418 2235 1520 2262 deﬂeat
1539 2243 1586 2262 eos
1599 2235 1645 2271 qui
1667 2243 1682 2263 a

882 2281 966 2318 gloria
981 2281 1030 2308 hac
1042 2281 1177 2315 excidunt,
1192 2280 1272 2316 digne
1286 2280 1504 2317 lacrymabitur?

916 2326 1068 2354 Secundum
1089 2326 1266 2360 operationem
1282 2333 1336 2360 qua
1352 2327 1440 2360 potest
1457 2326 1514 2360 ipse
1526 2326 1608 2352 etiam
1621 2325 1684 2353 sub-

877 2371 960 2406 jicere
980 2371 1034 2398 sibi
1051 2372 1148 2398 omnia.
1172 2370 1243 2406 Quia
1264 2378 1396 2407 magnum
1421 2369 1541 2404 dixerat,
1565 2377 1597 2398 ac
1616 2378 1683 2406 pro-

882 2414 1031 2451 pemodum
1055 2415 1226 2449 incredibile,
1243 2416 1284 2443 Ne
1298 2414 1419 2449 dubites,
1443 2414 1534 2450 inquit
1560 2423 1567 2442 ε
1599 2414 1684 2443 habet

883 2460 956 2487 enim
971 2460 1133 2495 potentiam,
1147 2467 1195 2495 per
1207 2467 1290 2495 quam
1309 2463 1439 2495 operatur
1453 2459 1558 2494 omnia,
1572 2468 1604 2488 ac
1618 2459 1683 2487 sub-

880 2504 947 2540 jecit
969 2504 1080 2540 angelos
1094 2508 1121 2532 et
1135 2504 1313 2541 archangelos
1337 2508 1366 2532 et
1385 2504 1536 2533 daemones.
1552 2505 1641 2539 Quare
1659 2504 1681 2530 si

884 2549 928 2576 illa
940 2548 1044 2584 majora
1058 2548 1131 2583 fecit,
1147 2549 1235 2577 multo
1249 2549 1337 2585 magis
1351 2549 1415 2582 hoc,
1430 2549 1504 2585 quod
1514 2549 1605 2576 minus
1615 2548 1680 2582 illis,

884 2592 972 2622 faciet.
989 2593 1054 2628 Quis
1066 2601 1131 2621 vero
1146 2593 1278 2630 subjecit?
1292 2593 1421 2622 Nonnulli
1434 2597 1589 2621 asseverant
1603 2593 1678 2628 quod

884 2639 960 2666 Deus
975 2639 1054 2666 Pater
1067 2637 1214 2674 subjecerit
1227 2638 1288 2674 ipsi,
1303 2637 1412 2666 Christo
1424 2636 1564 2671 videlicet,
1576 2636 1679 2664 omnia.

728 2745 825 2775 Variae
845 2745 997 2776 lectiones.

80 2814 164 2853 ¹⁶ρλλ⁷
178 2817 283 2847 «inlati
296 2821 370 2848 τοῦτο
384 2828 403 2850 o
448 2820 472 2839 ³⁷
481 2821 531 2857 γὰρ
545 2829 573 2850 0.
611 2821 633 2838 ’⁸
645 2821 750 2858 -γηδόνι
761 2829 791 2851 0.
