1886 3082
6 162 64 188 193

6 223 67 262 ἔγει
85 235 93 242 -

6 279 54 296 ττι
79 267 199 307 χαίρειν
210 291 217 304 ,
234 268 263 296 τὸ
279 267 347 297 οὕτω
373 271 486 298 πενθεῖν.
503 269 543 298 Οὐ
557 268 608 307 γὰρ
635 270 725 302 ἁπλῶς
741 264 814 306 εἰπε,

12 312 123 351 αἶρε-τε
136 335 145 348 ,
165 312 224 341 ἀλλ’
235 334 242 348 ,
261 323 274 340 (ι
286 312 334 342 Ἰὶν
347 314 384 353 τῷ
396 313 497 352 Κυρίῳ.
515 325 529 340 η
547 313 580 342 ⁸0
592 313 618 342 δὲ
634 313 670 342 ὢν
686 315 712 342 ἐν
725 314 815 354 Κυρίῳ

8 357 124 386 civ-rore
145 356 249 396 χαίρει,
265 356 313 385 κᾶν
324 357 503 397 στρεϐλῶται,
513 356 563 387 κᾶν
578 357 706 393 ξαίνητοιι.
724 372 735 383 ιι
745 358 815 387 Ἱ’π-

6 413 136 441 ῖτρεερον
157 416 168 427 ιι
197 401 259 441 γὰρ,
284 401 366 441 φησὶ,
394 416 406 428 ε
425 403 561 442 χαίροντες
589 403 640 432 ἀπὸ
662 405 706 432 τοῦ
737 403 815 432 δικα-

6 446 134 485 τηρίου,
159 446 202 475 ὅτι
225 445 376 482 ἠξιώθησαν
399 446 466 486 ὑπὲρ
493 449 538 476 τοῦ
561 448 682 487 Χριστοῦ
711 449 812 486 ἀτιμα-

7 493 116 526 Οτῆναι.
138 501 154 518 n

36 547 52 564 ιτ
74 535 177 565 Πάλιν
189 536 252 575 ἐρῶ,
265 535 382 575 χαίρετε.
396 546 410 564 ι)
425 535 538 571 Ἐπειδὴ
556 538 607 566 τῶν
625 537 813 576 πραγμάτωνῆ

9 580 77 613 ύσις
107 581 204 616 λύπην
230 580 331 616 ἔτικτε,
357 580 400 610 διὰ
424 584 470 611 τοῦ
492 582 690 620 διπλασιασμοῦ
714 582 814 612 δείκνυ-

9 637 48 661 ιν,
67 625 116 654 ὅτι
130 625 241 658 πάντως
257 626 295 654 δεῖ
305 625 419 666 χαίρειν.

43 681 59 699 ιι
73 671 120 700 Τὸ
138 669 252 703 ἐπιεικὲς
265 672 337 708 ὑμῶν
352 670 496 709 γνωσθήτω
514 676 595 701 πᾶσιν
619 671 774 711 ἀνθρώποις.
794 684 807 701 n

6 716 123 750 Επειδὴ
143 715 200 744 ἄνω
225 715 347 744 διέϐαλλέ
373 727 444 749 τινας
473 718 628 752 ὁΠαῦλος,
646 718 680 749 ὡς
706 716 813 756 ἐχθροὺς

6 763 45 789 ὀὒ
72 762 214 800 σταυροῦ,
243 764 367 800 παραινεῖ
402 760 439 798 μὴ
466 762 588 800 ἀπεχθῶς
616 762 681 802 πρὸς
707 761 813 795 τούτους

6 805 94 844 ’χειν,
122 806 185 834 ἀλλ’
201 806 322 838 ἐπιεικῶς
346 808 492 846 κεχρῆσθαι
520 806 635 843 τούτοις,
661 805 709 835 κᾶν
725 807 812 846 ἐχθροὶ

6 845 65 879 ῧσι.

46 905 63 923 α
82 894 121 924 Ὀ
140 894 238 934 Κύριος
264 894 354 933 ἔγγὺς,
371 894 621 935 μηδὲνμεριμνᾶτε.
641 908 653 922 ιι
668 895 748 925 Ἀλλὰ
761 897 810 932 ζη-

6 942 101 978 ωῖὶτε,
130 939 173 968 ὅτι
194 942 326 980 τρυρῶσιν
353 941 447 969 ἐκεῖνοι
473 940 519 969 καὶ
543 941 708 980 ὑϐρίζουσιν,
740 943 814 979 ὑμεῖς

6 984 27 1013 Ξὲ
57 986 84 1014 ἐν
117 985 219 1024 θλίψει.
242 996 256 1012 α
284 983 318 1014 Ὁ
348 984 444 1024 Κύριος
471 985 564 1024 ἐγγὺς,
581 997 595 1014 ι)
615 986 665 1021 ἤδη
696 988 712 1021 ἡ
730 986 814 1024 κρίσις

6 1029 130 1065 ἐπέστη,
175 1028 257 1067 μηδὲν
294 1029 396 1067 μελέτω
421 1031 482 1067 ὑμῖν
521 1030 589 1067 μήτε
625 1033 670 1066 τῆς
706 1031 813 1060 ἐκείνων

6 1074 130 1113 ἑϐρεως,
163 1074 233 1111 μήτε
265 1075 311 1109 τῆς
337 1075 410 1111 ὑμῶν
439 1074 569 1115 θλίψεως·
609 1074 723 1105 δώσουσι
762 1076 813 1114 γὰρ

6 1120 86 1157 λόγον
104 1119 221 1157 ἐκεῖνοι,
238 1118 282 1148 καὶ
303 1120 377 1157 ὑμεῖς
393 1119 589 1149 ἀναπαύσεσθε.

52 1219 67 1237 α
95 1208 169 1239 Ἀλλ’
196 1209 222 1237 ἓν
249 1208 329 1238 παντὶ
357 1211 390 1248 τῇ
421 1211 559 1250 προσευχῇ
580 1209 626 1238 καὶ
647 1211 681 1249 τῇ
707 1209 812 1245 δεήσει-

6 1253 77 1292 μετᾶ
107 1253 278 1294 εὐχαριστίας
310 1253 344 1282 τὰ
381 1253 518 1292 αἰτήματα
550 1255 624 1292 ὑμῶν
649 1255 813 1294 γνωριζέσθω

6 1299 74 1338 πρὸς
85 1298 131 1327 τὸν
153 1298 233 1328 Θεόν.
246 1308 261 1327 υ
282 1297 350 1328 Ἰδοὺ
366 1298 410 1327 καὶ
433 1298 511 1338 ἑτέρα
527 1299 684 1338 παραμυθία
698 1321 706 1335 ,
720 1299 749 1328 τὸ
766 1298 811 1328 εὔ-

6 1346 108 1382 χεσθαι
137 1343 164 1372 ἓν
190 1343 271 1372 παντὶ
290 1342 449 1382 πράγματι,
466 1343 512 1372 καὶ
535 1346 612 1373 τοῦτο
637 1343 704 1382 μετὰ
729 1345 811 1383 εὐχα-

9 1388 123 1426 ριστίας.
150 1388 213 1421 Πῶς
229 1388 280 1428 γὰρ
297 1388 328 1416 ἄν
344 1400 383 1421 τις
401 1387 505 1423 αἰτήσει
519 1388 545 1407 ⁸³
561 1388 594 1417 τὰ
616 1388 760 1427 μέλλοντα,
774 1388 812 1426 μὴ

9 1433 78 1472 ὑπὲρ
107 1434 161 1462 τῶν
197 1431 332 1472 προτέρων
362 1432 565 1471 εὐγνωμοσύνην
598 1433 810 1471 ἐπιδειξάμενος

9 1475 100 1506 Ὠστε
117 1477 183 1517 ὑπὲρ
206 1477 330 1514 πάντων,
354 1478 399 1506 καὶ
425 1479 477 1507 τῶν
497 1477 643 1507 δοκούντων
670 1479 809 1517 ἐναντίων,

457 160 634 189 EXPOSITIO
655 161 688 189 IN
707 161 812 190 EPIST.
833 162 878 189 AD
898 161 1036 189 PHILIPP.
1058 177 1091 182 —
1111 163 1185 190 CAP.
1206 163 1248 190 IV.

117 233 135 252 tt
153 223 293 262 Μακάριοι
308 223 331 252 οἱ
346 225 515 260 πενθοῦντες;
530 235 544 252 ι)
571 223 634 254 "Ou
653 227 729 254 τοῦτο
749 225 809 254 αὖτό

899 224 952 252 itur
967 225 1104 252 Dominus
1120 225 1201 259 dixit,
1216 226 1294 253 Beati
1305 226 1355 260 qui
1369 226 1502 260 lugent"?
1523 224 1595 260 Quia
1610 226 1663 254 hoc

1592 164 1659 192 1194

868 269 958 304 ipsum
969 270 1009 297 sic
1024 270 1127 305 lugere,
1143 273 1183 297 est
1197 269 1324 306 gaudere.
1342 271 1402 297 Non
1417 270 1492 298 enim
1501 270 1665 306 simpliciter

869 314 948 346 dixit,
968 314 1101 347 Gaudete,
1119 314 1181 348 sed,
1197 316 1228 341 In
1247 316 1368 343 Domino.
1386 315 1437 349 Qui
1452 319 1545 343 autem
1562 315 1588 343 in
1601 317 1662 343 Do-

869 361 945 387 mino
969 364 1020 393 est,
1048 367 1156 395 semper
1179 359 1289 395 gaudet,
1316 360 1400 388 etiam
1425 364 1593 396 torqueatur,
1621 361 1662 389 vel

869 405 1041 433 dilaceretur.
1058 405 1276 439 Revertebantur,
1287 405 1387 440 inquit,
1397 413 1413 432 a
1428 406 1537 432 concilio
1545 406 1666 441 gauden-

869 453 916 481 tes,
933 451 1059 485 quoniam
1075 451 1152 484 digni
1169 450 1258 477 habiti
1281 452 1366 478 essent
1381 457 1431 485 pro
1455 450 1560 478 Christo
1575 453 1665 478 contu-

868 496 947 522 melia
961 496 1038 529 affici
1045 499 1062 522 ⁸.

903 542 1005 567 Iterum
1023 541 1095 573 dico,
1113 540 1239 574 gaudete.
1253 539 1322 575 Quia
1337 547 1432 567 rerum
1447 543 1543 567 natura
1554 547 1660 568 maero-

868 593 927 613 rem
955 585 1083 621 pariebat,
1114 593 1161 621 per
1193 585 1406 621 duplicationem
1435 585 1509 613 verbi
1535 585 1664 619 ostendit,

867 630 980 658 omnino
995 638 1054 658 esse
1073 630 1258 664 gaudendum.

903 677 990 704 Vens.
1009 679 1036 703 5.
1053 675 1182 703 Modestia
1199 678 1290 703 vestra
1311 677 1375 704 nota
1390 677 1425 703 sit
1439 676 1559 703 omnibus
1580 675 1666 703 homi-

867 721 956 748 nibus.
978 720 1047 753 Quia
1065 727 1147 756 supra
1173 720 1318 748 accusabat
1337 720 1472 756 quosdam
1488 720 1599 753 Paulus,
1615 727 1665 747 ceu

867 765 993 793 inimicos
1014 765 1113 799 crucis,
1135 765 1296 793 adhortatur
1324 765 1382 800 jam
1407 769 1439 792 ut
1463 773 1518 793 non
1545 764 1666 799 infense,

866 809 914 838 sed
929 809 1077 838 clementer
1089 810 1156 838 istos
1171 813 1302 844 tractent,
1317 810 1423 838 etiamsi
1439 809 1531 838 hostes
1546 809 1610 837 sint.

904 901 994 929 Vens.
1009 903 1036 935 5,
1048 903 1074 928 6.
1088 902 1217 929 Dominus
1229 909 1313 936 prope
1327 903 1376 934 est,
1390 900 1458 928 nihil
1470 900 1579 928 solliciti
1594 900 1663 928 sitis.

868 949 904 975 At
915 945 1166 979 veroaunulamini,
1175 945 1249 981 quod
1259 945 1304 973 isti
1319 945 1346 973 in
1359 945 1542 981 voluptatibus
1557 945 1663 979 vivant,

867 999 969 1028 vosque
984 991 1081 1026 injuria
1096 990 1228 1023 afﬁciant,
1240 998 1304 1018 cum
1322 997 1370 1018 vos
1385 989 1413 1017 in
1428 990 1578 1018 afﬂictione
1591 989 1665 1017 labo-

868 1037 940 1064 rctis.
958 1037 1085 1062 Dominus
1097 1043 1180 1070 prope
1191 1038 1241 1068 est,
1253 1035 1313 1071 jam
1323 1034 1454 1070 judicium
1464 1034 1548 1070 455
1560 1034 1643 1061 instat
1656 1042 1662 1060 :

867 1081 934 1108 nihil
949 1079 1027 1108 vobis
1048 1080 1083 1107 sit
1104 1087 1186 1113 curat,
1204 1087 1294 1115 neque
1315 1079 1424 1107 illorum
1440 1078 1551 1114 injuria,
1576 1086 1664 1114 neque

868 1130 957 1153 vestra
971 1124 1087 1152 afﬂictio
1101 1132 1107 1151 ξ
1125 1124 1168 1152 isti
1180 1124 1252 1153 enim
1267 1125 1326 1152 Deo
1341 1123 1478 1151 rationem
1490 1123 1623 1158 reddent,
1638 1127 1664 1151 et

867 1178 916 1197 vos
929 1169 1020 1205 quiete
1036 1168 1176 1197 fruemini.

903 1215 954 1243 Sed
971 1215 998 1241 in
1024 1215 1096 1241 omni
1109 1215 1228 1241 oratione
1250 1215 1275 1241 et
1290 1214 1471 1241 obsecratione
1484 1221 1543 1240 cum
1558 1213 1664 1246 gratia-

868 1268 927 1287 rum
937 1261 1040 1286 actione
1049 1260 1192 1294 petitiones
1202 1260 1296 1285 vestrae
1305 1260 1473 1285 innotescunt
1485 1258 1560 1293 apud
1571 1259 1664 1285 Deum.

870 1305 912 1331 En
925 1304 1004 1331 aliam
1017 1303 1246 1337 consolationem,
1261 1310 1372 1338 nempe,
1387 1310 1464 1330 orare
1479 1302 1507 1330 in
1531 1302 1608 1329 omni
1624 1310 1664 1334 re.

867 1348 947 1384 idque
963 1355 1025 1376 cum
1041 1347 1189 1383 gratiarum
1215 1347 1333 1375 actione.
1347 1347 1494 1383 Quomodo
1505 1347 1580 1374 enim
1596 1346 1668 1382 quis-

867 1401 949 1429 quam
965 1393 1057 1421 futura
1078 1392 1223 1428 rogaverit,
1239 1392 1286 1428 qui
1307 1399 1367 1420 sese
1391 1400 1439 1427 pro
1464 1391 1602 1427 prioribus
1617 1392 1665 1419 be-

867 1438 971 1466 neﬁciis
983 1446 1037 1466 non
1055 1437 1182 1466 exhibuit
1206 1438 1334 1473 gratum?
1356 1438 1448 1472 Itaque
1462 1444 1513 1472 pro
1528 1436 1664 1469 omnibus,

866 1483 951 1510 etiam
961 1482 994 1510 iis
1003 1490 1065 1518 quae
1078 1482 1190 1510 adversa
1206 1481 1333 1509 videntur
1344 1503 1350 1515 ,
1362 1481 1459 1517 gratia:
1469 1484 1533 1509 sunt
1542 1480 1664 1517 agendae.

12 1523 177 1562 εὐχαριστεῖν
208 1523 255 1552 δεῖ.
289 1522 328 1552 Τὸ
353 1522 403 1562 γὰρ
431 1522 474 1551 ἐπὶ
499 1523 550 1555 τοῖς
574 1525 681 1561 ἀγαθοῖς
705 1523 809 1562 εὐχαρι-

898 1535 936 1554 am
949 1535 999 1563 pro
1016 1526 1095 1554 bonis
1111 1534 1162 1555 nos
1174 1530 1268 1563 gratos
1285 1533 1347 1554 esse
1370 1525 1411 1554 vel
1426 1526 1484 1562 ipsa
1499 1533 1595 1554 rerum
1617 1533 1665 1553 na-

13 1567 99 1603 στεῖν,
124 1567 169 1596 καὶ
185 1569 200 1602 ἡ
217 1566 292 1607 φύσις
313 1569 365 1596 τῶν
388 1567 556 1607 πραγμάτων
583 1569 709 1596 ἀπαιτεῖ·
728 1570 812 1597 ἐκεῖνο

15 1611 41 1640 δὲ
51 1635 60 1650 ,
71 1614 158 1652 ψυχῆς
173 1611 344 1650 εὐγνώμονος.
363 1613 396 1641 Ai
411 1615 532 1641 τοιαῦται
556 1612 634 1652 sil/la).
654 1613 810 1652 γνωρίζουσι

16 1656 49 1684 τὰ
73 1657 207 1695 αἰτήματα
221 1657 298 1694 ἡμῶν
327 1656 393 1696 πρὸς
408 1657 451 1687 τὸν
477 1657 559 1687 θεόν.
580 1657 635 1691 Τὰς
653 1657 704 1697 γὰρ
725 1658 812 1691 ἄλλως

17 1701 153 1740 γινομένας
168 1701 225 1730 οὐδὲ
242 1701 423 1740 ἐπιγινώσκει.

57 1761 69 1771 ιι
87 1746 140 1776 Καὶ
155 1746 243 1784 εἰρήνη
258 1748 303 1775 τοῦ
327 1747 398 1776 Θεοῦ
423 1748 439 1782 ἡ
453 1746 620 1787 ὑπερέχουσα
637 1746 724 1776 πάντα
739 1750 810 1786 νοῦν,

18 1791 157 1831 ῳρουρήσει
194 1790 240 1823 τὰς
278 1791 386 1830 καρδίας
421 1793 514 1829 ὑμῶν,
554 1792 660 1822 καὶτὰ
690 1792 812 1830 νοήματα

19 1837 92 1873 ὑμῶν
107 1836 129 1864 ἐν
142 1836 248 1874 Χριστῷ
271 1834 372 1870 Ἰησοῦ.
393 1849 404 1861 ιι
419 1835 580 1872 Τουτέστιν,
598 1839 615 1873 ἡ
638 1837 810 1876 καταλλαγὴ,

20 1881 51 1916 ἣν
70 1879 132 1919 πρὸς
155 1879 306 1920 ἀνθρώπους
329 1880 490 1917 ἐποιήσατο,
507 1881 564 1916 ἥτις
586 1882 708 1921 ὑπερέχει
724 1882 811 1910 πάντα

21 1928 94 1961 νοῦν,
111 1926 156 1954 οὐκ
169 1925 330 1964 ἀνθρώπινον
351 1924 444 1963 μόνον,
460 1926 528 1954 ἀλλὰ
544 1926 589 1955 καὶ
609 1926 762 1966 ἆγγελικόνο
778 1929 812 1960 ὡς

22 1970 53 1998 ἂν
76 1970 98 1998 εἰ
119 1969 218 2008 ἔλεγεν·
235 1969 269 1999 Ὀ
287 1970 434 2008 ῥυσάμενος
461 1971 533 2008 ἡμᾶς
560 1970 656 2007 οὕτως,
675 1972 710 2004 ὡς
725 1971 783 2000 οὐδὲ
799 1973 812 2000 ὁ

23 2018 78 2048 νοῦς
92 2014 248 2044 καταλαϐεῖν
263 2014 382 2043 δύναται.
403 2014 452 2048 Τίς
463 2015 514 2054 γὰρ
536 2016 729 2054 προσεδόκησεν
740 2037 748 2051 ,
773 2015 813 2044 δτι

25 2061 135 2089 τοσαῦτα
159 2062 222 2098 ἡμῖν
239 2058 329 2088 ἔσεται
353 2059 439 2098 ἀγαθὰ
467 2059 512 2088 καὶ
536 2060 578 2089 ὅτι
592 2061 617 2079 ³⁴
639 2061 811 2098 καταλλαγῇ.

24 2105 121 2142 σόμεθςι
144 2106 180 2142 τῷ
210 2105 289 2143 Θεῷ;
316 2103 395 2137 αὐτὸς
425 2105 495 2142 ὑμᾶς
519 2105 625 2144 φυλάξει
650 2104 696 2134 καὶ
725 2107 814 2144 ἄσφα-

25 2149 137 2186 λίσοιιτο,
152 2147 219 2177 ὥστε
241 2148 307 2186 μηδὲ
321 2148 443 2188 ἐννοῆσαί
457 2160 481 2177 τι
499 2149 625 2188 πονηρόν.
639 2148 677 2180 Ἦ
704 2149 810 2188 εἰρήνην

27 2193 115 2233 φησὶν,
128 2193 159 2228 ἣν
179 2194 192 2221 ὁ
207 2193 305 2232 Κύριος
321 2187 409 2222 εἶπεν·
429 2203 444 2222 (ι
461 2187 576 2232 Εἰρήνην
592 2195 691 2234 ἀφίημι
704 2195 806 2231 ὗμῖν·)›

27 2239 90 2274 αὕτη
102 2238 237 2278 φρουρήσει
250 2239 327 2274 ὑμᾶς.
353 2238 406 2267 Καὶ
421 2237 472 2277 γὰρ
487 2240 504 2273 ἡ
520 2238 609 2277 εἰρήνη
635 2238 700 2274 αὕτη
726 2241 809 2277 ὓπερ-

29 2283 79 2322 έχει
107 2283 188 2311 πάντα
211 2284 289 2319 νοῦν,
312 2281 375 2310 ὅταν
400 2283 493 2322 κελεύῃ
525 2283 588 2322 πρὸς
615 2282 676 2316 τοὺς
704 2282 812 2323 ἐχθροὺς

30 2327 171 2368 εἰρηνεύειν,
203 2327 267 2367 πρὸς
293 2326 354 2360 τοὺς
381 2327 547 2360 ἀδικοῦντας.
578 2329 611 2358 Εἰ
640 2328 699 2363 δὲὴ
722 2328 811 2367 εἰρήνη

31 2371 145 2412 ὓπερέχει
163 2372 250 2401 πάντα
263 2374 322 2401 νοῦν
334 2394 342 2410 ,
358 2371 433 2411 πόσῳ
456 2373 555 2410 μᾶλλον
577 2375 593 2408 ἡ
609 2373 701 2409 eiiciat;
720 2373 760 2403 Τὸ
775 2372 812 2409 δὲ,

31 2432 42 2442 ει
51 2417 94 2447 Ἐν
104 2418 202 2456 Χριστῷ
211 2418 311 2454 ’[ησοῧ,
321 2418 412 2446 »τοῦτ’
424 2416 506 2451 ἔστιν,
519 2417 567 2447 Ἐν
574 2419 646 2457 αὐτῷ
658 2417 766 2458 φυλάξει
775 2417 812 2454 ³⁵,

33 2462 96 2491 ὥστε
118 2461 151 2499 μὴ
172 2462 298 2502 ἐκπεσεῖν
324 2460 420 2499 αὐτοῦ,
445 2461 513 2491 ἀλλὰ
536 2463 636 2501 μᾶλλον
675 2462 761 2501 μένειν
787 2463 812 2490 ἐν

34 2507 112 2546 αὐτῷ.

74 2562 88 2580 α
103 2550 139 2582 Τὸ
163 2550 265 2589 λοιπὸν,
293 2550 412 2592 ἀδελφοί.
441 2562 457 2581 n
476 2551 524 2585 Ὡς
553 2551 740 2591 ἐπειγόμενος,
767 2551 813 2581 καὶ

37 2596 104 2626 οὐδὲν
134 2596 212 2626 κοινὸν
240 2596 279 2626 ἔτι
306 2596 375 2637 ἔχων
407 2595 473 2637 πρὸς
498 2596 534 2626 τὰ
557 2597 722 2637 παρόνταίίθ,
746 2597 815 2626 οὕτω

38 2641 117 2682 φησίν.

71 2705 81 2720 τ
93 2703 181 2733 Matth.
196 2711 228 2739 v,
242 2707 270 2733 4.
307 2709 318 2723 ι
329 2705 392 2734 Act.
406 2711 438 2740 v,
454 2707 500 2733 22.
542 2704 644 2734 ‘Joan.
658 2711 727 2739 xiv,
743 2707 787 2733 l7.

866 1576 928 1600 tura
944 1572 1063 1608 postulat
1083 1581 1089 1598 :
1106 1571 1174 1598 illud
1195 1575 1285 1598 autem
1310 1574 1352 1599 est
1365 1570 1468 1598 animae
1488 1577 1550 1598 vere
1568 1573 1665 1606 gratae.

867 1616 1034 1652 Hujusmodi
1057 1616 1194 1644 orationes
1207 1614 1372 1651 patefaciunt
1387 1615 1533 1650 petitiones
1556 1619 1667 1642 nostras

867 1669 961 1690 coram
979 1663 1037 1689 Deo
1056 1671 1061 1688 :
1078 1661 1155 1688 aliter
1166 1661 1240 1688 enim
1252 1659 1338 1688 factas
1351 1668 1386 1688 ne
1400 1659 1526 1696 agnoscit
1541 1658 1666 1695 quidem.

901 1752 988 1779 Vnus.
1001 1753 1027 1779 7.
1043 1752 1077 1779 Et
1090 1759 1148 1786 pcta:
1162 1751 1221 1784 Dei,
1237 1758 1298 1786 qua!
1307 1752 1454 1785 exsuperat
1470 1757 1572 1777 omnem
1587 1749 1666 1776 intel-

867 1796 972 1830 lectum,
983 1796 1112 1823 custodiet
1123 1796 1203 1823 corda
1210 1798 1309 1829 vestra,
1321 1797 1347 1822 et
1358 1795 1554 1828 intelligentias
1564 1797 1666 1821 vestras

868 1843 895 1868 in
916 1841 1023 1869 Christo
1036 1842 1107 1868 Jesu.
1130 1841 1191 1867 Hoc
1210 1843 1261 1873 est,
1282 1838 1468 1867 reconciliatio
1492 1846 1575 1874 quam
1600 1846 1665 1865 cum

865 1885 1024 1913 hominibus
1044 1884 1117 1915 fecit,
1139 1891 1201 1919 qua
1223 1883 1329 1911 excedit
1349 1890 1464 1910 omnem
1475 1882 1660 1914 intellectum,

865 1930 968 1959 nedum
982 1930 1146 1962 humanum,
1164 1936 1259 1956 verum
1268 1928 1352 1956 etiam
1367 1927 1530 1963 angelicum,
1546 1926 1663 1962 perinde

867 1983 898 2003 ac
911 1975 933 2002 si
951 1974 1021 2002 dicat
1036 1982 1042 2000 :
1058 1974 1110 2009 Qui
1126 1973 1164 2001 sic
1185 1981 1238 2001 nos
1254 1972 1389 2006 liberavit,
1410 1976 1441 1999 ut
1461 1980 1494 1999 ne
1508 1971 1664 1999 intellectus

866 2019 979 2055 quidem
994 2018 1227 2054 comprehendere
1240 2018 1336 2054 possit.
1349 2017 1418 2052 Quis
1430 2017 1505 2044 enim
1516 2020 1665 2052 exspectas-

866 2069 908 2092 set
921 2068 998 2092 tanta
1019 2063 1099 2092 nobis
1113 2063 1264 2091 obventura
1287 2070 1348 2091 esse
1366 2062 1455 2095 bona,
1479 2069 1584 2096 nosque
1605 2062 1664 2089 Deo

866 2107 1106 2136 reconciliandos?
1131 2109 1191 2143 Ipse
1212 2115 1260 2134 vos
1283 2106 1420 2134 custodiat
1438 2110 1466 2133 et
1490 2105 1607 2139 muniat,
1631 2113 1665 2133 ne

867 2153 970 2189 aliquid
996 2152 1059 2180 mali
1081 2152 1248 2188 intelligatis,
1271 2156 1319 2180 aut
1343 2151 1478 2186 cogitetis.
1499 2150 1547 2178 Vel
1567 2157 1664 2186 pacem

868 2197 950 2232 dicit,
964 2197 997 2226 de
1007 2205 1061 2233 qua
1074 2197 1210 2224 Dominus
1225 2196 1358 2231 loquitur,
1371 2197 1465 2223 Pacem
1478 2195 1603 2229 relinquo
1617 2202 1662 2221 υο-

868 2243 906 2270 bis
914 2256 933 2276 ι,
949 2242 1001 2270 ista
1015 2241 1152 2270 custodiet
1167 2249 1228 2269 vos.
1252 2241 1364 2269 Etenim
1385 2247 1438 2276 pax
1452 2239 1505 2267 ista
1520 2242 1665 2274 exsuperat

867 2295 977 2316 omnem
992 2287 1173 2320 intellectum,
1201 2285 1310 2322 quando
1329 2285 1408 2320 jubet
1431 2288 1462 2311 ut
1483 2291 1577 2319 pacem
1600 2291 1666 2311 cum

867 2331 986 2360 inimicis
1000 2331 1160 2364 habeamus,
1176 2334 1203 2359 et
1220 2338 1284 2358 cum
1298 2329 1340 2357 his
1354 2329 1401 2365 qui
1419 2337 1470 2356 nos
1489 2328 1589 2364 injuria
1604 2327 1667 2356 afﬁ-

867 2377 951 2404 ciunt.
971 2376 998 2405 Si
1013 2380 1103 2404 autem
1124 2375 1184 2403 haec
1203 2383 1254 2411 pax
1270 2378 1418 2410 exsuperat
1432 2380 1547 2401 onmem
1559 2373 1667 2401 intelle-

869 2426 956 2455 ctum,
975 2424 1079 2456 quanto
1091 2420 1182 2455 magis
1195 2419 1369 2448 substantia?
1384 2418 1465 2455 Quod
1485 2425 1549 2446 vero
1570 2418 1618 2452 ait,
1634 2419 1668 2445 In

869 2467 973 2495 Christo
986 2467 1065 2500 Jesu,
1081 2465 1133 2493 hoc
1145 2468 1187 2492 est
1202 2473 1208 2491 :
1226 2466 1256 2492 In
1271 2464 1330 2500 ipso
1347 2471 1394 2492 vos
1408 2462 1561 2496 custodiet,
1576 2467 1608 2490 ut
1630 2462 1665 2490 ab

869 2519 902 2539 eo
921 2519 976 2539 non
995 2510 1139 2544 excidatis,
1159 2508 1209 2537 sed
1230 2509 1321 2545 potius
1335 2512 1365 2536 ut
1385 2507 1564 2544 perseveretis
1581 2507 1608 2534 in
1623 2514 1666 2534 eo.

906 2557 998 2584 Vens.
1016 2559 1044 2584 8.
1065 2555 1141 2590 Quod
1160 2553 1297 2590 reliquum
1314 2556 1363 2588 est,
1385 2554 1499 2587 fratres.
1525 2554 1667 2587 Tanquam

871 2599 1010 2635 festinans,
1029 2604 1058 2628 et
1077 2599 1146 2627 nihil
1166 2607 1315 2628 commune
1332 2597 1436 2628 habens
1457 2604 1521 2626 cum
1546 2595 1586 2624 eis
1607 2601 1668 2630 quae

871 2645 1017 2681 praesentia
1032 2648 1107 2678 sunt,
1122 2644 1163 2673 sic
1176 2644 1276 2680 inquit.

683 2786 698 2794 ν
714 2754 821 2793 Variae»
830 2754 985 2787 lectiones“
994 2757 1005 2765 '

72 2806 92 2825 ⁸³
101 2807 221 2843 αἰτήσηται
232 2816 258 2837 ο.
295 2807 317 2826 ³⁸
329 2808 394 2836 οὕτω
408 2816 435 2837 ο.
474 2808 496 2827 ³⁵
509 2809 622 2846 φυλάξειν
642 2817 672 2838 0.
707 2807 729 2826 ³⁸
743 2809 802 2844 πρὸς
817 2809 893 2836 ταῦτα
907 2807 938 2841 δὴ
949 2807 980 2834 τὰ
997 2807 1108 2843 παρόντα
1120 2807 1168 2843 οξ

166 2854 279 2882 Parnm"
299 2854 348 2882 Gn.
369 2854 480 2882 CXXIV.

1479 2848 1514 2875 38
