1886 3082
218 163 284 188 1195

215 267 283 294 dita.
313 265 417 294 Vitium
449 264 523 293 enim
554 264 728 292 mendacium
753 268 806 299 est,
833 267 860 292 et
888 264 1012 300 voluptas

215 311 282 348 ejus.

249 356 419 391 Quwwnque
439 362 529 383 seuera
547 355 622 382 sunt.
643 353 687 382 Ad
708 361 757 382 eos
774 353 821 390 qui
844 357 952 382 terrena
970 360 1014 381 sa-

218 400 303 436 piunt.

249 446 421 480 Quacunque
451 446 536 472 casta.
566 442 611 472 Ad
634 451 682 472 eos
711 450 832 480 quorum
855 442 925 473 deus
947 450 1015 471 ven-

216 494 258 518 ter
274 493 325 518 est.

251 534 420 569 Quaecunque
437 533 581 561 amabilia.
603 532 636 560 ld
659 537 712 566 est,
732 533 793 561 Deo
815 537 842 561 et
857 531 1017 561 hominibus

216 583 302 617 grata.
319 580 379 606 Hoc
394 586 467 612 vero,
481 586 516 605 ne
526 577 671 606 offendant
685 577 800 613 aliquos.

253 625 422 658 Quaecunque
437 624 499 650 boni
511 623 628 650 nominis
644 632 652 648 :
667 623 760 658 siqua
775 625 872 658 virtus,
889 625 916 651 et
930 624 955 650 si
963 630 1018 658 qua

217 669 287 697 laus.
305 668 401 697 Viden‘
416 666 490 703 quod
510 671 537 694 et
548 674 644 694 eorum
663 674 724 703 quae
736 668 849 695 attinent
866 668 900 696 ad
926 667 1018 696 homi-

219 721 269 741 nos
287 712 424 741 rationem
439 711 540 740 habere
553 718 602 740 eos
617 711 702 740 velit?
715 711 763 740 sed
775 719 831 739 non
848 711 1019 748 simpliciter,

219 768 315 789 verum
332 767 395 788 cum
416 758 567 796 appendice
581 758 642 793 hac,
657 759 688 787 Si
696 767 750 794 qua
759 761 857 786 virtus.

253 806 317 833 Hec
334 805 455 840 cogitate.
480 804 551 838 Quia
565 811 581 832 e
599 803 811 840 cogitationibus
831 811 914 840 prava
936 812 1018 841 opera

218 854 378 885 nascuntur,
411 851 473 877 Hac
507 849 629 884 cogitate,
656 848 755 884 inquit,
777 856 839 884 qua:
860 852 925 877 sunt
949 857 1020 885 prac-

219 897 300 926 dicta.

254 942 340 978 456
354 942 443 970 Vens.
459 943 487 969 9.
507 941 570 974 Qua
584 943 612 969 et
627 941 771 972 didicistis,
793 942 820 968 et
833 941 971 976 accepistis
993 944 1018 969 et

219 988 372 1020 audivistis,
398 989 426 1014 et
441 986 548 1013 uidistis
573 986 604 1013 in
627 993 677 1013 me.
702 985 771 1021 Quia
793 993 849 1013 non
869 985 968 1013 licebat
986 985 1020 1014 de

220 1031 350 1060 omnibus
369 1034 462 1059 exacte
481 1030 589 1064 dicere,
613 1029 649 1058 de
672 1029 859 1066 ingressibus,
884 1029 1017 1064 exitibus,

219 1076 314 1111 verbo,
326 1075 431 1110 habitu,
447 1075 474 1103 in
489 1082 598 1104 summa
613 1075 702 1110 inquit
718 1084 724 1102 :
747 1075 922 1110 Quaecunque
943 1073 1016 1102 didi-

218 1121 292 1150 cistis
309 1124 337 1149 et
351 1119 493 1148 audivistis
512 1127 561 1156 per
583 1119 749 1153 doctrinam,
773 1123 801 1146 et
818 1119 959 1154 accepistis
986 1119 1015 1146 in

217 1164 334 1201 scriptis,
348 1169 376 1193 et
389 1163 499 1192 vidistis
511 1164 539 1191 in
552 1171 596 1192 me
610 1172 658 1200 per
673 1164 731 1200 ipsa
745 1171 837 1200 opera.
849 1164 916 1191 Haec
929 1163 1014 1198 enim,

218 1214 248 1238 ut
259 1217 333 1246 saepe
347 1212 596 1238 commemoratum
611 1213 665 1243 est,
681 1209 784 1245 optima
807 1212 851 1237 est
868 1208 994 1237 doctrina
1007 1229 1014 1243 ,

217 1255 338 1291 seipsum
361 1253 501 1290 exemplar
516 1253 652 1282 exhibere.

251 1301 314 1328 Hac
343 1301 428 1334 agite.
443 1300 506 1327 Non
529 1298 620 1326 solum
641 1299 770 1335 cogitate,
795 1302 828 1327 ut
849 1299 930 1335 paulo
952 1302 1015 1327 ante

216 1345 340 1379 dictum,
361 1351 448 1381 neque
478 1343 562 1373 dicite
592 1343 784 1379 solummodo,
805 1351 902 1372 verum
931 1344 1015 1372 etiam

216 1389 309 1419 facite.

251 1436 287 1462 Et
308 1435 377 1462 Deus
394 1433 473 1469 pacis
497 1433 549 1461 erit
567 1432 711 1460 vobiscum.
733 1433 794 1461 Hoc
818 1435 870 1466 est,
886 1433 917 1460 In
938 1435 1013 1461 tran-

216 1479 350 1516 quillitate
373 1479 479 1511 vivetis,
502 1477 525 1506 si
549 1477 608 1506 hinc
630 1477 748 1514 egeritis.
776 1477 803 1506 Si
822 1477 896 1505 enim
919 1485 1014 1513 pacem

216 1523 381 1557 habeamus,
398 1527 424 1551 et
441 1522 514 1559 apud
536 1523 637 1557 Deum,
654 1522 782 1550 videlicet
802 1530 849 1557 per
870 1522 1015 1557 virtutem,

705 156 961 184 THEOPHYLACTI
982 155 1159 183 BULGARI/E
1177 155 1334 183 ARCHIEP.
1812 159 1858 181 ιιη·

249 223 417 256 Quwcunque
431 228 493 248 vera
512 221 585 247 sunt.
606 219 667 247 Hoc
693 222 744 253 est,
768 219 917 247 virtutibus
940 226 1009 254 prae-
1026 221 1064 252 Α·

1111 230 1124 246 α
1140 217 1323 258 "Ocalea-tibi.
1341 229 1356 246 ι
1370 216 1525 255 Τουτέστιν,
1539 216 1663 257 ἐνάρετα.
1675 216 1711 246 Ὴ
1726 216 1782 256 γὰρ

1067 263 1162 303 ψεῦδος
1172 285 1181 301 ,
1197 262 1243 292 καὶ
1258 265 1275 299 ἡ
1285 262 1366 298 ἡδονὴ
1384 263 1476 298 αὐτῆς.

1111 367 1127 383 ι
1143 354 1155 367 ⁶¹
1170 356 1232 386 Οσα
1256 353 1353 393 σεμνά.
1376 364 1392 383 1)
1412 353 1486 394 Πρὸς
1500 352 1560 387 τοὺς
1575 352 1609 382 τὰ
1623 353 1731 393 ἐπίγεια
1751 356 1869 394 operi»-

1069 412 1116 430 τας
1131 412 1187 430 (Ζ).

1106 400 1227 476 "£213"
1241 444 1321 484 ἁγνά.
1334 456 1348 474 ι,
1364 444 1435 485 Πρὸς
1446 443 1522 482 τοὺς,
1533 439 1572 474 ὧν
1588 444 1602 473 ὁ
1613 443 1669 477 θεὸς
1680 445 1697 479 ἡ
1711 443 1820 474 κοιλία.

1114 547 1128 563 ‹
1139 533 1155 547 ⁷
1167 535 1227 564 Οσα
1238 535 1380 575 προσφιλῆ.
1390 545 1405 563 ι)
1424 533 1553 564 Τουτέστι
1560 533 1622 571 ,καὶ
1631 533 1697 574 Θεῷ
1710 533 1763 562 καὶ
1777 534 1869 572 abiis;

1072 591 1140 614 ποις.
1157 581 1242 610 Τοῦτο
1254 579 1297 618 δὲ,
1311 578 1355 608 διὰ
1369 579 1399 608 τὸ
1413 579 1451 617 μὴ
1468 579 1642 618 προσκρούειν
1654 579 1723 608 τισί.

1117 636 1131 654 α
1144 624 1219 654 ⁶¹Οσα
1235 624 1356 664 εὔφημαο
1372 624 1446 657 εἴτις
1461 623 1553 663 ἀρετὴ,
1566 624 1612 652 καὶ
1623 624 1647 652 εἴ
1662 635 1703 655 τις
1719 623 1841 656 ἔπαινος.
1858 638 1867 650 υ

1073 670 1172 710 Ὁρᾷς,
1198 668 1238 698 ὅτι
1255 670 1300 699 καὶ
1316 671 1368 698 τῶν
1382 668 1446 708 πρὸς
1465 668 1617 708 ἀνθρώπους
1638 670 1768 708 προνοεῖν
1786 669 1871 699 αὐτά-ις

1073 716 1211 754 βούλεταις
1228 713 1287 743 ἀλλ’
1301 714 1351 753 οὐχ
1365 714 1468 752 ἁπλῶς,
1478 712 1548 742 ἀλλὰ
1561 712 1629 752 μετὰ
1646 712 1677 742 τὸ
1692 714 1782 743 εἰπεῖν
1792 725 1798 731 ·
1812 724 1827 741 1
1845 714 1870 743 Εἴ

1071 772 1110 793 τις
1124 758 1214 799 ἀρετή.
1233 769 1248 787 D

1115 816 1130 833 κ
1143 805 1237 834 Ταῦτα
1247 803 1392 842 λογίζεσθε.
1408 815 1420 830 ι
1437 801 1548 838 Ἐπειδὴ
1565 803 1618 831 ἀπὸ
1629 804 1740 833 ἐννοιῶν
1758 804 1787 831 αἱ
1799 815 1869 838 ποντ-

1074 850 1118 890 ραὶ
1131 848 1239 889 πράξεις
1253 848 1386 887 γίνονται,
1405 858 1420 877 ι(
1431 848 1526 877 Ταῦτα
1541 847 1679 886 λογίζεσθε
1689 870 1698 885 ,
1712 859 1727 877 1)
1750 849 1830 888 φησὶ,
1843 848 1867 875 τὲ

1072 893 1261 935 προειρημένα.

1115 953 1125 966 ι
1141 939 1173 968 Ἀ
1186 938 1232 968 καὶ
1256 937 1380 976 ἐμάθετε,
1397 937 1442 966 καὶ
1457 937 1623 977 παρελάϐετε
1633 959 1642 975 ,
1659 938 1711 967 καὶ
1727 937 1868 973 ἠκούσατε,

1074 985 1119 1014 καὶ
1133 983 1215 1013 εἴδετε
1228 985 1254 1012 ἐν
1271 982 1340 1020 ἐμοί.
1361 996 1372 1008 ι
1387 981 1497 1017 Ἐπειδὴ
1511 984 1557 1012 οὐκ
1582 984 1645 1017 ἐνῆν
1676 982 1741 1021 περὶ
1771 983 1868 1011 πάντων

1072 1029 1316 1070 ἀκριϐολογεῖσθαι,
1342 1026 1403 1066 περὶ
1426 1026 1549 1062 εἰσόδων,
1564 1026 1625 1066 περὶ
1641 1027 1761 1063 ἐξόδων,
1791 1027 1868 1066 ῥήμα-

1070 1086 1113 1107 τος
1123 1098 1130 1111 ,
1145 1073 1283 1113 οχήματος
1295 1072 1334 1108 ³⁷,
1351 1073 1378 1100 ἐν
1397 1071 1535 1111 κεφαλαίῳ
1550 1071 1630 1109 φησίν
1641 1083 1648 1089 ·
1667 1072 1749 1101 Ὀσα
1766 1072 1868 1109 ἐμάθετε

1070 1118 1115 1148 καὶ
1130 1117 1264 1153 ἠκούσατε
1288 1117 1330 1145 διὰ
1348 1115 1537 1152 διδασκαλίας,
1561 1118 1608 1145 καὶ
1633 1116 1813 1156 παρελάϐετε
1835 1118 1869 1154 ἔτ-

1069 1163 1176 1204 γράφως
1187 1162 1224 1200 ³⁸,
1241 1162 1287 1190 καὶ
1303 1161 1383 1191 εἴδετε
1400 1162 1427 1190 ἐν
1451 1160 1510 1199 ἐμοὶ
1525 1161 1559 1190 δι’
1569 1161 1653 1200 ἔργων
1664 1162 1774 1191 αὐτῶν.
1794 1162 1867 1191 Teir:

1069 1209 1132 1248 γὰρ,
1148 1209 1183 1241 ὡς
1208 1205 1337 1239 πολλάκις
1360 1205 1481 1246 εἴρηται,
1512 1205 1673 1235 διδασκαλία
1704 1206 1822 1245 ἀρίστη,
1847 1207 1867 1234 τὲ

1070 1253 1164 1283 ἑαυτὸν
1179 1252 1260 1281 τύπον
1276 1250 1414 1291 παρέχειν.

1112 1309 1128 1325 ι
1143 1298 1238 1327 Ταῦτα
1252 1296 1396 1336 πράσσετε.
1410 1309 1422 1322 ι
1437 1294 1483 1331 Μὴ
1496 1295 1574 1333 μόνον
1584 1295 1726 1334 λογίζεσθε
1735 1318 1744 1333 ,
1757 1296 1794 1329 ὡς
1809 1297 1865 1325 ἐνω-

1069 1342 1138 1382 τέρω
1159 1341 1279 1382 εἴρηται,
1302 1340 1369 1380 μηδὲ
1388 1339 1489 1380 ,λέγετε
1515 1339 1593 1379 μόνον
1617 1340 1690 1370 ἀλλὰ
1720 1341 1769 1370 καὶ
1794 1341 1867 1381 πράτ-

1069 1403 1139 1422 τιτι.

1114 1449 1127 1463 ι
1147 1434 1200 1466 Καὶ
1214 1436 1228 1464 ὁ
1237 1433 1305 1468 Θεὸς
1321 1435 1367 1470 τῆς
1380 1433 1485 1474 εἰρήνης
1499 1432 1574 1463 ἔσται
1587 1433 1644 1472 μεθ’
1657 1434 1748 1472 ὑμῶν.
1767 1447 1783 1463 ι
1796 1436 1867 1465 Τουτ-

1071 1481 1156 1519 ίστιν,
1184 1480 1232 1510 Ἐν
1270 1479 1373 1519 γαλήνῃ
1399 1479 1507 1517 ἔσεσθε,
1539 1479 1583 1508 ἐὰν
1610 1481 1697 1508 rubra
1722 1479 1866 1519 πράσσητε.

1071 1525 1138 1556 Ἐὰν
1165 1524 1216 1564 γὰρ
1242 1523 1494 1565 εἷρηνεύωμεν,καὶ
1516 1523 1582 1563 πρὸς
1601 1523 1645 1553 τὸν
1660 1524 1746 1560 Θεὸν,
1765 1525 1866 1564 865;:-

216 1572 244 1596 et
257 1569 330 1604 apud
343 1568 470 1596 homines
484 1567 559 1599 (Cum
573 1567 724 1594 odientibus
739 1568 808 1594 enim
821 1575 912 1602 pacem
927 1575 1013 1599 eram,

1109 1583 1118 1604 ς
1133 1569 1252 1608 δηλαδὴ,
1278 1568 1324 1598 καὶ
1339 1569 1404 1609 πρὸς
1423 1568 1483 1602 τοὺς
1508 1568 1661 1607 ἀνθρώπους
1683 1582 1697 1595 ιι
1715 1569 1811 1607 (Μετὰ
1826 1571 1867 1597 τῶν

217 1613 320 1649 inquit,
342 1613 470 1648 paciﬁcus
487 1613 521 1644 “),
540 1611 591 1638 erit
610 1611 666 1647 ipse
685 1613 761 1638 Deus
781 1611 937 1639 nobiscum.
957 1612 1013 1646 Qui

217 1657 290 1685 enim
324 1657 457 1693 fugientes
487 1659 616 1690 sectatur,
650 1655 697 1691 qui
741 1655 932 1684 accedentibus
957 1664 1013 1684 non

217 1701 308 1730 aderit
317 1702 329 1728 P

252 1747 342 1775 Vens.
368 1747 413 1774 ιο.
433 1745 545 1773 Gavisus
570 1752 632 1773 sum
649 1745 679 1773 in
704 1746 818 1773 Domino
840 1745 1014 1781 uehementer,

217 1791 288 1828 quod
303 1791 411 1819 tandem
434 1791 584 1826 aliquando
600 1792 758 1826 reﬂoruistis
778 1800 831 1827 pro
846 1799 886 1819 me
903 1793 1013 1820 sentire.

217 1838 279 1865 Non
292 1836 433 1864 mundano
448 1843 527 1864 more
539 1835 646 1872 gavisus
659 1844 733 1870 sum,
748 1837 846 1873 inquit,
862 1845 951 1872 neque
965 1845 1015 1872 pro

219 1881 301 1918 hujus
317 1882 410 1910 seculi
420 1881 535 1915 ratione,
549 1880 608 1916 sed,
623 1883 654 1909 In
669 1882 790 1914 Domino,
805 1890 861 1910 non
876 1882 951 1918 quod
966 1889 1016 1918 ego

221 1926 449 1956 refocillationem
479 1926 633 1961 habuerim,
661 1935 758 1955 verum
787 1927 860 1962 quod
885 1935 932 1954 vos
961 1934 1020 1962 pro-

224 1972 309 2009 gressi
333 1972 409 2000 estis.
434 1973 581 2007 Propterea
607 1975 636 1999 et
653 1971 829 2000 vehementer
855 1971 929 2005 dicit,
952 1971 1016 2007 quia

223 2024 274 2053 pro
292 2017 416 2053 ipsorum
436 2016 560 2043 utilitate.
582 2016 653 2044 Cum
676 2020 770 2044 autem
792 2016 828 2044 ob
848 2016 1017 2052 praeteritum

218 2066 327 2097 tempus
343 2060 496 2089 clanculum
518 2067 565 2088 eos
587 2060 766 2096 objurgasset,
787 2063 818 2088 ut
832 2060 964 2088 continuo
991 2064 1019 2088 et

218 2113 327 2142 semper
357 2105 496 2141 impertire
523 2105 631 2139 doceat,
649 2105 723 2132 idem
749 2112 844 2132 rursus
868 2104 1018 2133 adumbra-

219 2152 269 2179 vit.
291 2152 362 2179 Nam
391 2149 479 2185 istud,
507 2151 623 2178 Tandem
646 2150 817 2185 aliquando.
840 2149 916 2186 longi
944 2153 1015 2178 tem-

218 2197 293 2233 poris
320 2196 435 2241 lapsum,
451 2195 630 2224 demonstrat.
658 2195 825 2229 Reﬂoruistis
852 2199 945 2222 autem
972 2195 1014 2223 di-
1031 2209 1056 2241 Β

218 2242 269 2276 xit,
302 2241 386 2270 veluti
419 2240 454 2269 de
479 2240 587 2276 plantis,
624 2244 771 2276 postquam
798 2239 1012 2276 germinassent,

219 2286 356 2321 arefactis,
378 2293 410 2313 ac
427 2285 518 2313 denuo
539 2285 820 2321 repullulascentibus.
841 2286 876 2312 Et
896 2292 956 2319 vos,
975 2285 1016 2312 in-

220 2331 289 2367 quit,
303 2338 367 2359 cum
381 2331 478 2358 essetis
495 2329 598 2365 ﬂoridi,
613 2329 799 2364 emarcuistis,
813 2329 914 2358 deinde
935 2329 1015 2358 reﬂo-

219 2374 319 2403 ruistis.
332 2376 428 2411 Itaque
436 2374 489 2403 hoc
497 2375 599 2411 pariter
608 2374 759 2411 objurgatio
769 2378 812 2403 est
824 2378 851 2402 et
865 2375 925 2403 laus
937 2384 944 2403 :
958 2382 1016 2402 non

220 2419 293 2447 enim
305 2426 404 2456 parum
413 2423 468 2454 est,
486 2426 565 2454 eum,
588 2420 635 2455 qui
651 2420 769 2455 exaruit,
790 2420 1014 2456 repullulascere.

219 2466 261 2493 Ne
278 2471 344 2492 vero
365 2463 503 2492 existimet
523 2464 622 2500 aliquis
635 2465 708 2501 quod
732 2469 759 2493 et
774 2464 803 2493 in
822 2465 933 2501 reliquis
953 2472 1019 2493 exa-

1075 1615 1222 1655 μισούντων
1260 1613 1322 1653 γὰρ,
1349 1613 1429 1654 φησὶ,
1454 1612 1502 1649 τὴν
1527 1612 1632 1652 εἰρήνην
1663 1613 1739 1651 ἤμην
1779 1615 1869 1653 sigma—

1070 1660 1142 1698 κὸς),
1157 1673 1169 1685 ι
1184 1659 1258 1689 ἔσται
1276 1658 1353 1692 αὐτὸς
1369 1659 1427 1697 μεθ’
1437 1659 1521 1696 ὑμῶν.
1533 1657 1583 1691 Ὃς
1598 1657 1649 1698 γὰρ
1665 1657 1714 1687 καὶ
1733 1659 1869 1699 φεύγοντας

1072 1705 1170 1740 διώκει,
1180 1705 1236 1737 πῶς
1254 1704 1284 1732 οὖ
1299 1705 1438 1741 προσιοῦσι
1454 1703 1580 1732 συνέσται
1589 1703 1628 1739 ³⁹;

1115 1763 1127 1776 ι
1146 1748 1268 1788 Ἐχάρην
1298 1747 1326 1777 δὲ
1344 1749 1370 1777 ἐν
1389 1747 1480 1787 Κυρίῳ
1512 1748 1652 1786 μεγάλως,
1673 1747 1716 1777 ὅτι
1733 1748 1787 1784 ἤδη
1809 1751 1864 1778 ποτέ

1073 1793 1211 1825 ἀνεθάλετε
1227 1794 1263 1827 εἷς
1285 1793 1315 1822 τὸ
1344 1793 1410 1832 ὑπὲρ
1426 1794 1492 1830 ἐμοῦ
1516 1796 1632 1833 φρονεῖν.
1651 1807 1664 1818 ι
1679 1793 1723 1822 OB
1741 1796 1866 1831 κοσμικῶς

1072 1840 1184 1879 ἑχοίρῃν,
1203 1838 1300 1879 φησὶν,
1316 1837 1373 1867 οὐδὲ
1391 1839 1532 1876 βιωτιχῶς,
1555 1838 1631 1872 ἀλλ’,
1650 1848 1667 1866 ιι
1681 1838 1710 1866 ἐν
1726 1838 1836 1878 Κυρίωι·
1850 1850 1862 1866 n

1072 1885 1123 1924 οὐχ
1134 1884 1174 1912 ὅτι
1193 1882 1341 1912 ἀνάπαυσιν
1353 1881 1431 1922 ἔσχον
1448 1882 1499 1921 ἐγὼ
1509 1903 1518 1917 ,
1531 1882 1592 1910 ἀλλ’
1610 1881 1650 1910 ὅτι
1666 1883 1744 1920 ὑμεῖς
1763 1882 1865 1921 1:99:16-

1073 1931 1150 1968 ψατε.
1169 1927 1220 1958 Διὰ
1244 1930 1321 1957 τοῦτο
1335 1926 1380 1956 καὶ
1395 1926 1536 1966 μεγάλως,
1556 1926 1596 1955 ὅτι
1621 1926 1688 1967 ὑπὲρ
1703 1929 1754 1962 τῆς
1770 1927 1866 1956 ἐκείνων

1073 1973 1211 2013 ὠφελείας,
1229 1972 1334 2012 Ἦρέμα
1355 1971 1383 2000 δὲ
1405 1971 1567 2008 ἐπιτιμήσας
1583 1970 1650 2010 ὑπὲρ
1665 1974 1711 2000 τοῦ
1727 1973 1866 2011 παρελθόν-

1074 2030 1116 2050 τος
1126 2017 1152 2036 ⁴⁰
1162 2016 1275 2057 χρόνου,
1301 2018 1335 2049 ὡς
1352 2015 1384 2045 ἂν
1406 2016 1497 2055 διδάξῃ
1520 2017 1638 2055 συνεχῶς
1664 2015 1712 2045 καὶ
1732 2017 1867 2049 διαπαντὸς

1074 2062 1256 2101 μεταδιδόναι,
1269 2061 1349 2090 πάλιν
1371 2060 1434 2090 αὐτὸ
1450 2060 1618 2090 συνεσκίασε.
1631 2061 1673 2091 Τὸ
1693 2062 1759 2101 γὰρ,
1773 2075 1788 2088 ι
1801 2061 1865 2096 ἮΞη

1073 2105 1148 2145 ποτὲ,
1161 2119 1172 2133 ιι
1184 2105 1277 2146 χρόνον
1291 2105 1366 2141 δηλοῖ
1376 2105 1488 2145 μακρόν.
1504 2105 1558 2135 Καὶ
1569 2105 1610 2141 τὸ,
1622 2119 1635 2131 ι
1645 2104 1801 2136 Ἀνεθοίλετε
1811 2120 1821 2132 ι
1836 2107 1865 2141 δέ,

1074 2153 1109 2185 ὡς
1124 2145 1278 2191 ἐπιξφβτῶν
1308 2150 1516 2189 βλαστησάντων
1534 2149 1570 2186 ⁸⁸,
1596 2145 1653 2178 εἶτα
1689 2149 1863 2188 ξηρανθέντων

1072 2195 1117 2225 καὶ
1145 2190 1218 2228 αὖθις
1240 2193 1453 2234 ἀναθαλλόντῳν.
1470 2193 1524 2224 Καὶ
1552 2195 1643 2232 ὓμεῐς,
1670 2195 1773 2234 φησίν,
1801 2194 1863 2227 ὄντες

1070 2239 1177 2280 ἀνθηροὶ
1196 2239 1378 2279 ἔμαράνθητε,
1405 2233 1462 2268 εἶτα
1478 2239 1630 2269 ἀνεθάλετε.
1646 2233 1738 2268 Ὥστε
1755 2240 1801 2268 καὶ
1812 2241 1862 2268 ἔπι-

1070 2285 1176 2324 τίμησίς
1198 2286 1254 2314 ἐστι
1281 2283 1326 2313 καὶ
1345 2283 1450 2316 ἔπαινος
1477 2287 1555 2312 τοῦτο
1570 2283 1607 2314 ⁸³.
1634 2283 1676 2313 Οὐ
1692 2283 1745 2323 γὰρ
1774 2283 1860 2323 μικρὸν

1070 2330 1099 2359 τὸ
1114 2328 1282 2369 μαρανθέντα
1298 2329 1429 2363 ἄναθῆλαι
1439 2328 1530 2358 πάλιν.
1549 2327 1610 2358 Ἵνα
1625 2327 1652 2357 δὲ
1665 2327 1704 2366 μὴ
1719 2328 1814 2368 νομίσῃ
1829 2340 1860 2360 τις

1070 2373 1213 2411 ὅτι⁸³τκαὶ
1234 2374 1260 2402 ἔν
1284 2374 1338 2406 τοῖς
1364 2373 1465 2406 λοιποῖς
1490 2372 1697 2412 ἐμαράνθησαν,
1723 2373 1858 2412 ἐπήγαγεν

1073 2432 1085 2445 ι
1103 2419 1150 2452 Εἷς
1163 2418 1194 2448 τὸ
1208 2418 1275 2457 ὓπὲρ
1289 2418 1355 2457 ἐμοῦ
1371 2421 1474 2458 φρονεῖν
1487 2429 1493 2437 ⁸
1509 2418 1545 2451 εἷς
1565 2420 1642 2447 τοῦτο
1657 2416 1737 2455 μόνον
1754 2417 1782 2446 τὸ
1796 2429 1858 2457 φρον-

1073 2463 1152 2498 τίζειν
1171 2475 1221 2503 μου
1237 2464 1283 2498 τῆς
1304 2462 1451 2502 ἀναγκαίας
1473 2461 1576 2502 χρείας.
1604 2461 1741 2498 Ζηητέον
1755 2462 1798 2501 δὲ,
1812 2462 1857 2493 πῶς

219 2509 331 2544 ruerint,
347 2509 451 2546 intulit,
473 2510 525 2537 Pro
539 2517 580 2537 me
598 2511 697 2538 sentire
715 2519 725 2536 .-
746 2510 775 2538 in
788 2509 841 2538 hoc
860 2511 962 2546 solum,
989 2514 1015 2538 ui

1109 2507 1203 2548 λέγων,
1215 2521 1228 2535 α
1239 2506 1380 2548 Μακάριόν
1402 2507 1459 2537 ἐστι
1475 2506 1574 2537 διδόναι
1590 2507 1692 2546 μᾶλλον
1719 2505 1737 2542 ἢ
1761 2506 1854 2545 λαμϐά-

255 2591 267 2605 “
281 2586 357 2617 Psal.
368 2593 462 2622 exn,
478 2589 506 2614 7.

866 2635 869 2637 ·
909 2622 1002 2654 Variae
1024 2623 1179 2656 lectiones;

251 2678 273 2696 ³⁷
284 2677 396 2714 ῥήματα,
411 2677 532 2714 σχήματα
545 2684 573 2705 ο.
611 2675 633 2693 ³⁸
645 2675 760 2712 ἀγράφως
773 2684 803 2706 o.
841 2675 865 2694 ³⁸
887 2687 968 2705 -σεται
981 2687 1009 2707 ο.
1047 2679 1068 2695 ⁴⁰
1087 2679 1208 2714 παρόντος
1221 2686 1250 2708 ο.
1289 2676 1309 2695 δ¹
1324 2679 1372 2705 τῶν
1391 2678 1512 2714 βλαστησ.
1527 2685 1555 2707 ο.
1594 2677 1616 2695 ⁸²
1630 2674 1702 2708 οὗτος
1717 2684 1744 2706 ο.
1780 2676 1799 2694 ⁸³
1812 2687 1847 2703 νο-

217 2719 291 2755 μίσῃς
305 2719 344 2745 ὅτι
359 2727 385 2747 ο.
886 2740 889 2742 .

253 2762 290 2792 (2)
304 2759 352 2787 Vix
365 2758 482 2787 dubitari
496 2762 598 2796 potest,
612 2759 741 2788 mutilum
756 2759 800 2788 hic
817 2767 876 2788 esse
893 2760 1010 2788 textum.

216 2799 296 2828 Adde
310 2807 343 2827 ex
357 2799 420 2828 cod.
443 2801 471 2828 S.
491 2800 575 2829 Marci
593 2801 688 2829 Veneti
712 2808 719 2828 ἶ
746 2799 813 2827 "Oc:
838 2800 931 2827 δίκαια.
947 2800 1013 2835 Πρὸς

1069 2760 1124 2806 rei);
1141 2760 1296 2792 ἀδικοῦντας.
1321 2771 1333 2786 α
1358 2760 1524 2795 Quaecunque
1532 2760 1622 2796 justo.
1639 2757 1682 2788 Ad
1700 2758 1798 2796 injuste
1815 2757 1846 2786 ia-

1068 2805 1180 2830 cientes.
1200 2813 1214 2826 I
