1886 3082
27 181 83 206 ΗΠ

12 252 76 270 ιειν·
94 255 106 266 -
121 240 170 270 καὶ
192 240 271 270 πάλιν
289 240 352 280 πρὸς
369 239 530 280 Κορινθίους,
545 254 556 267 α
579 239 668 271 Καλόν
682 252 727 279 μοι
744 241 813 279 μᾶλ-

12 297 52 314 λον
72 286 237 322 ἀποθανεῖν,
251 285 306 321 ἢτὸ
320 285 451 324 καύχημά
470 296 520 324 μου
544 283 588 314 ἵνα
608 297 647 320 τις
663 285 781 326 κενώσῃ,
798 297 812 313 ι)

12 332 52 358 νῦν
71 330 228 370 εὑρίσκεται
248 329 407 368 λαμϐάνων;
429 329 506 360 Ἐκεῖ
529 329 636 364 εἰκότως
663 331 710 359 οὐκ
725 331 814 368 ἐλάμ-

12 374 94 410 ῗανε,
126 373 171 403 διὰ
204 374 262 408 τοὺς
286 374 517 414 ψευδαποστόλους
542 375 759 415 ὑποκρινομένους
785 374 814 404 τὸ

12 419 46 454 ιὴ
59 419 227 458 λαμϐάνειν,
242 433 253 445 ιι
269 418 329 448 Ἵνα
343 421 368 449 ἐν
383 415 414 459 ᾧ,
431 433 442 445 ιι
452 420 527 460 φησὶ,
545 433 557 445 ν
568 421 731 459 καυχῶνται,
744 422 814 459 εὗρε-

12 466 78 492 ὶῶσι
90 466 129 497 ὡς
145 463 231 502 κάγώ.
249 477 261 490 ι
276 464 329 493 Καὶ
345 463 395 504 γὰρ
411 465 460 503 οὐχ
474 463 566 497 ἁπλῶς
581 459 664 493 εἶπεν·
684 465 724 494 Οὐ
746 475 813 504 φρα-

12 509 131 545 (ήσεται
148 507 178 537 τὸ
193 508 323 548 καύχημά
339 520 399 546 μου,
408 510 477 544 ἀλλ’,
491 523 502 534 ιι
519 508 566 538 Ἐν
582 509 634 542 τοῖς
647 509 758 546 κλίμασι
769 510 815 544 τῆς

12 550 127 592 Αχαίας
141 565 148 571 ·
160 567 172 578 ιι
187 553 254 589 ἐπεὶ,
269 566 281 579 α
293 551 399 589 Ἀλλας,
415 565 428 579 ιι
443 553 537 593 φησὶν,
553 565 564 578 ι
577 553 740 588 Ἐκκλησίας
757 553 815 582 ἐσύ-

12 602 96 633 λησα·
118 611 130 623 ι
158 595 245 627 Ὥστε
276 597 330 626 ἐκεῖ
365 598 536 636 οἰκονομικῶς
560 599 608 627 οὐκ
647 597 815 635 ἐλάμϐανεν

12 644 131 672 ἔνταῧθα
160 642 187 672 δὲ
212 642 346 681 ἀγαπητοὶ
370 643 394 671 οἱ
422 642 536 675 διδόντες
565 642 609 671 καὶ
643 642 812 680 ἐπιπόθητοι,

12 686 71 722 ὥς,
88 687 113 716 εἶ
128 686 167 724 μὴ
181 686 329 724 ἐλάμϐανεν
350 686 374 704 ⁴⁴
387 709 395 723 ,
411 686 522 722 ἕπληξεν
539 686 581 717 ἄν.
601 685 701 720 Ἄλλως
718 698 758 725 τε,
770 686 814 716 καὶ

12 732 40 761 τὸ
58 730 211 769 λαμϐάνειν
239 729 305 770 ὑπὲρ
323 732 362 760 τῶ
389 731 512 760 διδόντων
535 731 636 769 μᾶλλόν
653 733 721 760 ἐστιν
733 743 739 749 ·
759 731 814 760 αὖ-

12 777 51 805 τοὶ
73 775 128 816 γὰρ
140 775 164 793 ⁴⁵
180 776 341 815 ὠφελοῦνται
368 776 468 814 μᾶλλον
484 775 502 811 ἢ
527 776 549 806 οἳ
567 775 758 814 λαμϐάνοντες.
776 776 814 806 Τὸ

12 822 39 850 Ξὲ
57 821 164 860 λέγειν,
184 832 199 848 ι
219 820 362 859 Μακάριόν
385 821 440 849 ἐστι
467 820 566 850 διδόναι
593 821 694 859 μᾶλλον
710 820 727 856 ἢ
742 821 814 858 λαμ-

12 865 48 894 Si
56 877 111 894 νειν
123 888 130 902 ,
147 879 159 891 υ
171 866 219 895 οὐκ
234 865 410 905 ἀπαγόρευσις
423 865 514 898 ἁπλῶς
525 867 581 895 ἐστι
596 867 641 895 τοῦ
649 865 796 903 λαμϐάνειν
806 889 814 905 ,

12 910 87 940 ἀλλὰ
127 909 265 950 σύγκρισίς
294 910 366 945 ἐστι,
393 909 422 938 τὸ
448 911 566 950 κρεῖττον
594 910 811 940 ὓποδεικνύουσα.

12 955 88 985 Οὐδὲ
116 955 168 994 γὰρ
192 954 282 991 ἐπειδὴ
308 953 423 983 καλλίων
457 956 470 983 ὁ
498 954 607 995 χρυσὸς,
634 955 685 991 ἤδη
711 957 812 994 ἀπαγο-

12 999 86 1038 ρεύει
114 1011 152 1033 τις
169 999 198 1028 τὸ
214 999 283 1038 ἔχειν
310 999 444 1039 ἀργύριον.
461 998 562 1033 Ἄλλως
587 999 613 1029 δὲ
632 999 676 1028 καὶ
700 1000 816 1029 ἐκεῖνο⁴θ

12 1046 77 1083 περὶ
94 1047 141 1073 τοῦ
157 1044 326 1083 ἐργάζεσθαι,
341 1044 386 1073 καὶ
410 1045 440 1073 ἐκ
457 1047 502 1073 τοῦ
518 1044 596 1084 ἔργου
612 1044 711 1073 διδόναι
726 1044 812 1082 λέγει,

13 1091 62 1118 xz‘:
79 1090 121 1118 δεῖ
144 1089 212 1118 οὕτω
230 1093 324 1118 ποιεῖν.
347 1088 412 1118 Ἐὰν
427 1089 452 1118 δὲ
469 1089 505 1126 μὴ
568 1089 657 1128 καιρὸς
677 1091 723 1118 τοῦ
737 1090 815 1130 ἐργά.

14 1137 127 1172 ζεσοαι,
157 1134 261 1172 δεσμῶν
272 1133 297 1152 ⁴⁷
322 1133 573 1173 περιτεθειμένωνῆ
604 1134 766 1173 ἆῤῥωστίας,
790 1134 816 1163 τί

14 1178 68 1218 δεῖ]
81 1178 204 1213 ποιητέον
216 1189 223 1214 ;
241 1178 269 1206 οὖ
285 1178 324 1206 δεῖ
338 1177 483 1216 λαμϐάνειν
494 1190 501 1214 ;
513 1177 587 1217 Ἐγὼ
600 1178 647 1216 μὲν
668 1173 753 1215 οἶμαι.

450 177 626 206 EXPOSITIO
646 178 678 206 IN
699 178 803 206 EPIST.
820 177 867 206 AD
887 177 1025 206 PHlLll’P.
1046 176 1175 212 —:CAP.
1197 178 1240 205 IV.

1595 179 1663 205 H98

831 243 856 275 Α
872 240 975 268 solliciti
990 239 1048 268 sitis
1061 240 1088 268 in
1110 239 1365 268 subministratione
1385 247 1482 268 eorum
1505 247 1568 276 quae
1594 240 1665 268 mihi

867 288 932 312 sunt
955 284 1117 313 necessaria;
1135 283 1318 319 Quaerendum
1333 288 1426 312 autem
1445 288 1495 317 est,
1512 284 1662 320 Quomodo

869 330 892 357 is
906 330 952 366 qui
967 329 1045 363 dicit,
1066 330 1174 357 Beutius
1199 332 1238 357 est
1255 329 1321 357 dare
1339 337 1422 364 quam
1442 330 1581 364 (κοίρανον
1607 340 1615 357 :
1636 333 1664 357 et

868 383 962 403 rursus
983 375 1017 403 ad
1042 374 1199 408 Corinhios,
1220 375 1310 402 Satius
1333 377 1371 402 est
1389 375 1457 401 mihi
1472 375 1565 408 emori,
1581 383 1663 410 quam

868 422 897 447 ut
923 421 1107 454 gloriationem
1130 427 1214 447 meum
1235 421 1379 454 quisquam
1400 421 1533 447 evacuetx
1559 428 1564 446 :
1588 427 1664 448 nunc

870 464 1006 492 invenitur
1024 464 1166 500 accipere?
1189 466 1226 492 At
1244 464 1299 491 illic
1324 471 1379 491 non
1399 463 1494 499 injuria
1509 463 1576 491 nihil
1590 465 1664 492 acci-

869 508 970 544 piebat,
987 513 1099 545 propter
1115 508 1348 544 pseudapostolos,
1365 508 1411 544 qui
1423 515 1452 536 se
1465 507 1531 536 nihil
1543 508 1664 544 accipere

869 553 1043 587 simulabant,
1059 555 1093 582 Ut
1106 555 1135 580 in
1149 562 1201 588 quo
1224 553 1385 588 gloriantur,
1403 552 1500 589 inquit,
1526 554 1664 581 invenian-

870 600 914 625 tur
927 599 996 626 sicut
1010 601 1035 626 et
1046 607 1095 633 ego
1108 603 1132 626 Υ.
1151 598 1258 626 Etenim
1274 606 1329 625 non
1343 598 1506 633 simpliciter
1518 597 1586 632 dixi,
1602 599 1665 626 Non

870 642 1032 679 iufringetur
1053 643 1177 679 gloriatio
1195 650 1267 676 mea,
1289 642 1348 676 sed,
1363 643 1394 670 In
1415 643 1514 677 ﬁnibus
1525 642 1663 670 Achaiw’.

870 688 954 722 Nam,
979 689 1069 722 Alius,
1095 687 1197 723 inquit,
1222 688 1352 716 Ecclesias
1372 688 1543 722 deprcedatus
1565 695 1626 715 sum
1639 692 1661 714 ³.

869 731 1002 760 Consulto
1034 732 1125 768 itaque
1154 732 1208 760 illic
1241 740 1297 760 non
1322 731 1472 767 accipiebat
1501 732 1575 760 :liic
1598 740 1662 760 vero

868 775 959 804 dilecti
980 781 1045 804 sunt
1065 776 1161 804 dantes
1174 784 1206 804 ac
1224 776 1432 811 desiderabiles,
1455 784 1472 804 ει
1492 776 1594 813 quibus
1608 777 1662 804 nisi

869 821 1027 857 accepisset,
1069 820 1255 856 perturbasset
1284 828 1341 849 eos.
1381 821 1505 857 Insuper,
1541 820 1663 857 accipere

869 873 918 900 pro
944 864 1072 893 dantibus
1096 865 1184 901 magis
1217 868 1259 893 est
1303 874 1310 893 :
1335 865 1437 893 etenim
1461 865 1559 901 majori
1585 873 1663 893 com-

872 909 1004 938 moditate
1027 909 1184 938 afﬁciuntur
1206 910 1225 938 ii
1255 910 1302 945 qui
1329 909 1396 937 dant
1416 917 1499 945 quam
1522 910 1568 945 qui
1593 910 1664 938 acci—

872 955 960 990 piunt.
978 955 1058 990 Quod
1073 962 1138 983 vero
1158 954 1204 988 ait,
1218 955 1328 982 Bcutius
1340 954 1424 990 457
1439 957 1478 982 est
1497 955 1563 982 dare
1582 963 1665 990 quam

872 1002 997 1036 accipere,
1022 1008 1078 1028 non
1099 1004 1139 1028 est
1156 1000 1318 1036 simpliciter
1333 1000 1492 1028 interdictio
1506 1000 1663 1036 accipiendi,

871 1053 965 1073 verum
992 1046 1162 1082 comparatio
1189 1049 1240 1078 est,
1263 1052 1324 1081 quae
1352 1044 1380 1073 id
1404 1045 1479 1081 quod
1504 1045 1601 1073 melius
1624 1050 1665 1074 est

870 1091 1069 1119 submonstrat.
1104 1092 1166 1118 Non
1196 1090 1272 1118 enim
1293 1090 1355 1125 quia
1383 1090 1472 1125 potius
1497 1094 1539 1118 est
1554 1098 1664 1125 aurum,

872 1139 945 1163 vetat
965 1135 1110 1172 quisquam
1134 1143 1168 1163 ne
1203 1139 1348 1171 argentum
1379 1134 1489 1163 habeas.
1513 1136 1664 1169 Praeterea,

870 1180 935 1208 illud
955 1180 988 1208 de
1003 1180 1106 1213 labore,
1131 1184 1159 1208 et
1178 1179 1213 1208 de
1232 1179 1402 1216 eleemosyna
1424 1188 1455 1208 ex
1471 1188 1551 1216 opere
1568 1184 1664 1209 nostro

14 1228 108 1255 danda
127 1227 202 1258 dicit,
224 1231 305 1262 atquc
321 1227 357 1254 ita
373 1234 438 1254 sane
450 1226 608 1254 faciendum
623 1230 674 1254 est.
691 1227 739 1254 Sin
753 1234 816 1255 vero
832 1232 940 1264 tempus
961 1229 1091 1265 operandi
1110 1237 1166 1257 non
1184 1229 1275 1262 fuerit,
1289 1229 1406 1257 vinculis
1422 1229 1554 1258 nimirum
1574 1229 1664 1266 impo-

14 1273 89 1305 sitis,
110 1272 149 1299 vel
167 1271 339 1308 aegritudine,
361 1271 426 1307 quid
450 1276 510 1299 tum
532 1271 707 1300 faciendum?
728 1280 819 1300 nonne

63 1329 77 1346 (ι
94 1317 155 1357 Ἐφ’
171 1312 192 1356 ᾧ
216 1316 262 1346 καὶ
278 1317 422 1357 ἐφρονεῖτε.
445 1328 458 1346 ι)
478 1317 635 1354 Τυυτέστιν,
657 1316 750 1357 Εἴχετε
769 1317 816 1356 μὲν

15 1364 40 1392 ἐν
119 1361 214 1402 καρδίᾴ
245 1361 292 1397 τὴν
308 1361 368 1401 περὶ
393 1363 458 1399 ἐμοῦ
488 1362 625 1402 φροντίδα,
651 1363 696 1391 καὶ
723 1362 817 1401 ἐμερι-

18 1411 104 1445 μνὶτε
121 1406 187 1446 ὑπὲρ
213 1407 294 1445 ἐμοῦ·
315 1406 360 1436 καὶ
377 1406 428 1446 γὰρ
449 1407 493 1436 καὶ
519 1406 575 1440 ἔθος
597 1406 657 1445 ὑμῖν
674 1406 818 1447 φροντίζειν

18 1451 112 1491 [ὑπέρ]
129 1463 189 1489 μου.

64 1507 79 1523 α
97 1497 264 1535 Ἥκαιρεῖσθε
277 1495 316 1525 δέ.
333 1506 347 1524 ιι
365 1496 406 1526 Οὖ
419 1498 465 1532 τῆς
475 1496 604 1536 ῥᾳθυμίας
618 1497 691 1534 ὑμῶν
702 1517 710 1532 ,
727 1495 817 1536 φησὶν,

20 1540 91 1570 ἀλλὰ
111 1541 158 1576 τῆς
178 1540 294 1579 ἀνάγκης
316 1542 393 1570 τοῦτο
405 1553 411 1559 ·
434 1541 589 1577 τουτέστιν,
606 1542 664 1570 Οὐκ
690 1541 774 1580 εἴχετε
791 1542 817 1571 ἐν

19 1586 129 1625 χερσὶν,
149 1585 207 1614 οὐδὲ
234 1585 259 1613 ἐν
278 1585 387 1625 ἀφθονία
415 1581 479 1621 ἦτε·
507 1586 560 1614 ἀπὸ
574 1587 620 1621 τῆς
645 1587 734 1621 κοινῆς
756 1597 817 1615 συν-

20 1629 112 1666 ηθείας
133 1632 211 1659 τοῦτο
229 1628 329 1660 λαϐών.
360 1629 407 1663 Ὡς
425 1629 552 1669 λέγομεν
576 1629 746 1670 Στενοχωρία
772 1642 818 1669 μοι

21 1676 134 1712 ἐπῆλθε,
145 1674 227 1707 κακὸς
241 1673 332 1714 καιρὸς
346 1676 390 1703 νῦν
407 1675 487 1704 ἔστιν.

64 1778 77 1790 ι
95 1764 157 1802 Οὐχ
181 1763 220 1793 ὅτι
234 1765 294 1793 καθ’
310 1764 450 1803 ὑστέρησιν
476 1763 561 1803 λέγω·
578 1777 591 1790 ι
610 1764 652 1794 Οὖ
675 1763 717 1794 διὰ
742 1766 818 1796 τοῦτο

22 1809 165 1849 μέμφομαι
186 1810 262 1847 ὑμῖν,
291 1810 326 1843 ὥς
354 1809 380 1838 ἓν
410 1809 494 1851 ἐνδείᾳ
509 1808 556 1845 ὢν,
589 1809 634 1838 καὶ
658 1809 687 1838 τὸ
702 1810 817 1848 ἐμαυτοῦ

22 1865 142 1884 σκοπων.

63 1912 74 1924 α
90 1897 164 1937 Ἐγὼ
179 1897 230 1938 γὰρ
243 1898 340 1936 ἔμαθον
351 1920 359 1934 ,
382 1899 408 1927 ἐν
424 1893 461 1931 οἷς
477 1900 545 1937 εἶμι,
562 1898 694 1938 αὐτάρκης
710 1892 787 1930 εἶναι,
806 1912 818 1925 υ

22 1942 126 1984 ’()ρᾷς,
141 1942 181 1971 ὅτι
202 1943 415 1982 δυσκατόρθωτόν
437 1943 534 1972 ἔστιτὸ
552 1944 578 1972 ἐν
595 1943 738 1983 αὐταρκείᾳ
753 1943 818 1983 χαί-

25 2001 93 2027 ρειν,
112 1987 157 2016 καὶ
180 1987 329 2026 γυμνασίας
347 1989 432 2018 δεῖται
456 1988 500 2017 καὶ
525 1987 650 2026 μελέτης;
669 2002 680 2014 ι
696 1987 818 2027 Ἐμαθον

25 2033 89 2072 γὰρ,
103 2046 117 2058 ν
133 2031 224 2072 φησὶν.

69 2088 83 2106 ιι
99 2071 169 2107 Οἶδα
192 2076 238 2106 καὶ
249 2079 454 2112 ταπεινοῦσθαι,
471 2072 532 2107 οἶδα
550 2077 594 2106 καὶ
609 2076 783 2116 περισσεύειν.
803 2087 816 2105 ιι

25 2122 172 2158 Τουτέστι,
199 2121 254 2151 Καὶ
275 2122 372 2161 ὀλίγοις
401 2124 547 2164 κεχρῆσθαι
569 2117 646 2158 οἶδα,
677 2121 721 2151 καὶ
743 2121 819 2158 λιμὸν

835 1273 1028 1309 accipiendum
1044 1274 1250 1310 estPEquidem
1266 1274 1375 1310 opinor.

907 1320 981 1347 Sicut
1007 1322 1032 1347 ct
1054 1320 1215 1347 sentiebatis.
1241 1320 1301 1346 Hoc
1323 1323 1374 1353 est,
1394 1319 1534 1348 Gerebatis
1557 1320 1667 1356 quidem

872 1363 899 1391 in
913 1363 994 1392 corde
1010 1371 1060 1399 pro
1082 1372 1128 1392 me
1149 1364 1376 1397 sollicitudinem,
1390 1367 1417 1391 et
1431 1372 1480 1400 pro
1501 1372 1547 1392 me
1559 1365 1668 1393 solliciti

873 1408 954 1436 cratis
973 1417 980 1436 :
993 1416 1058 1437 nam
1069 1411 1096 1436 et
1105 1409 1134 1436 in
1152 1417 1230 1437 more
1243 1408 1321 1437 vobis
1335 1412 1386 1443 est,
1402 1413 1433 1437 ut
1444 1417 1492 1445 pro
1502 1417 1547 1437 me
1560 1409 1667 1438 solliciti

873 1454 940 1481 silis.

907 1499 967 1526 Non
979 1498 1120 1526 habebatis
1131 1500 1222 1526 autem
1236 1499 1475 1534 opportunitatem.
1487 1499 1547 1526 Hoc
1559 1506 1615 1526 non
1627 1506 1669 1527 so-

871 1543 971 1572 cordia:
990 1548 1087 1572 vestrae
1107 1543 1172 1577 fuit,
1195 1543 1299 1579 inquit,
1321 1542 1370 1571 sed
1392 1543 1563 1572 necessitatis
1585 1552 1592 1571 :
1617 1543 1670 1571 hoc

872 1592 924 1622 cst,
946 1590 1009 1616 Non
1023 1588 1164 1616 habebatis
1179 1588 1206 1616 in
1226 1587 1351 1615 manibus
1363 1587 1470 1621 vestris,
1482 1595 1570 1623 neque
1588 1588 1672 1616 abun-

871 1632 980 1661 dabatis
1013 1642 1019 1660 :
1043 1641 1058 1661 a
1078 1633 1221 1661 communi
1240 1632 1368 1668 loquendi
1393 1632 1591 1660 consuetudine
1619 1632 1673 1660 hoc

872 1677 1027 1706 desumens.
1049 1678 1175 1706 Solemus
1196 1678 1270 1706 enim
1292 1677 1398 1711 dicere,
1414 1677 1549 1713 Angustia
1565 1684 1611 1706 me
1624 1677 1672 1705 in-

873 1723 953 1756 vasit,
968 1723 1073 1751 malum
1086 1727 1196 1758 tempus
1209 1730 1283 1750 nunc
1293 1726 1347 1750 est.

836 1487 859 1520 C

906 1769 996 1796 Vsus.
1024 1770 1064 1795 lt.
1089 1769 1150 1795 Non
1176 1768 1250 1802 quod
1269 1775 1320 1802 per
1340 1767 1482 1802 penuriam
1495 1766 1550 1794 hac
1571 1766 1669 1794 dicam.

872 1814 935 1840 Non
958 1816 1099 1848 propterea
1118 1812 1152 1840 de
1173 1811 1249 1839 vobis
1269 1819 1433 1846 conqueror,
1461 1810 1535 1846 quod
1556 1811 1670 1846 penuria

872 1865 965 1895 angar,
976 1860 1060 1893 atque
1074 1864 1166 1884 meam
1182 1856 1268 1892 ipsius
1280 1863 1339 1883 rem
1356 1859 1488 1891 spectem.

905 1908 962 1940 Ego
973 1907 1042 1933 enim
1056 1905 1151 1939 didici,
1163 1906 1191 1932 in
1201 1905 1298 1940 quibus
1311 1913 1381 1938 sum,
1397 1905 1430 1932 iis
1445 1906 1585 1932 contentus
1600 1912 1667 1932 esse.

872 1951 1007 1980 Observes
1021 1950 1066 1984 hic
1079 1949 1194 1978 difﬁcile
1210 1957 1269 1978 esse
1284 1954 1316 1978 ut
1331 1949 1427 1985 aliquis
1444 1956 1493 1977 sua
1505 1948 1670 1977 sufﬁcientia

871 1996 1003 2033 gaudeat,
1022 2000 1051 2023 et
1064 1995 1138 2031 quod
1151 1994 1280 2023 exercitio
1299 1998 1327 2023 et
1343 1994 1523 2022 meditatione
1538 2002 1608 2030 opus
1623 1994 1668 2022 ha-

872 2041 957 2069 beat?
971 2040 1059 2068 Didici
1072 2043 1152 2074 enim,
1170 2039 1269 2075 inquit.

910 2087 996 2114 Vsus.
1020 2088 1062 2113 12.
1078 2085 1139 2113 Scio
1154 2087 1178 2112 ct
1192 2084 1354 2118 humiliari,
1367 2085 1423 2112 scio
1437 2086 1461 2111 ct
1476 2084 1628 2111 abundare.
1640 2083 1671 2112 Id

875 2134 924 2163 cst,
941 2134 969 2158 et
984 2130 1077 2166 paucis
1091 2129 1129 2157 uti
1143 2129 1217 2163 novi,
1233 2133 1261 2157 et
1277 2128 1377 2157 famem
1389 2128 1524 2164 perferre,
1539 2132 1566 2156 et
1584 2136 1671 2163 penu-

27 2166 164 2206 ὑποφέρειν
193 2166 238 2195 καὶ
274 2166 390 2203 ἔνδειαν,
419 2161 465 2196 καὶ
494 2161 528 2196 αὖ
561 2167 738 2206 περισσεύειν.
770 2168 809 2196 Κα

909 2183 958 2209 im,
980 2161 1007 2203 et
1022 2182 1116 2202 rursus
1131 2173 1290 2201 exuberare.
1306 2174 1401 2209 Qualis
1420 2177 1511 2201 autem
1531 2172 1617 2200 virtus
1631 2176 1673 2200 est

25 2211 92 2241 ποία
106 2212 180 2239 τοῦτο
194 2210 298 2250 ίᾶρετὴ,
310 2210 340 2240 τὸ
360 2211 456 2240 εἰδέναι
475 2211 659 2252 περισσεύειν,
685 2210 740 2241 Καὶ
757 2210 820 2251 σφό-

27 2258 79 2294 δρα
103 2255 149 2293 μὲν
181 2253 238 2285 οὖν’
256 2255 372 2294 μεγάλη.
412 2256 525 2289 Πλείους
556 2256 607 2296 γὰρ
634 2258 651 2291 ἡ
685 2255 822 2296 περισσεία

28 2299 225 2340 ἐκτραχηλίζει,
252 2299 270 2335 ἢ
293 2302 310 2335 ἡ
336 2301 432 2337 ἔνδεια,
445 2302 481 2334 εἷς
495 2300 600 2334 πλείους
623 2300 763 2338 ἐπιθυμίας
778 2300 823 2330 καὶ

28 2344 141 2377 ἀτόπους
148 2343 301 2374 ἐκκαίουσα.
310 2345 372 2378 Πῶς
383 2345 409 2374 δὲ
422 2346 480 2384 ῃδει
494 2346 508 2374 ὃ
521 2345 628 2378 Παῦλος
640 2344 823 2385 rspice-etim;

27 2388 95 2419 Ὀτι
119 2389 155 2421 εἷς
177 2388 272 2422 ἄλλους
293 2389 437 2428 ἀνήλισκε,
462 2389 507 2418 καὶ
529 2390 576 2418 οὐκ
599 2388 703 2429 ἔχαιρεν
721 2389 764 2419 ἐπὶ
790 2391 824 2429 τῇ

31 2432 168 2473 περισσεία
181 2433 221 2471 ⁴⁸,
249 2432 307 2463 ἀλλ’
331 2433 386 2467 ἴσος
413 2430 445 2470 ἦν
467 2434 494 2462 ἔν
519 2445 548 2463 τε
571 2435 713 2473 πλησμονῇ
733 2433 780 2463 καὶ
797 2435 824 2463 ἐν

32 2477 137 2518 ἐνδείᾳ,
163 2477 223 2507 οὔτε
238 2478 284 2508 ἐπὶ
305 2478 389 2519 ταύτῃ
417 2478 614 2518 χαυνούμενος,
640 2478 700 2508 οὔτε
727 2479 772 2508 ἐπὶ

34 2522 119 2562 ἐνδείᾳ
133 2522 296 2561 πιεζόμενος.

79 2578 93 2596 ιι
107 2566 154 2598 Ἐν
166 2567 246 2597 παντὶ
260 2568 306 2598 καὶ
320 2569 346 2598 ἐν
357 2572 423 2598 πᾶσι
438 2568 591 2608 μεμύημαι.
604 2580 620 2597 ﬁ
637 2568 684 2598 Ἒν
697 2569 778 2598 παντὶ
792 2570 830 2609 τῷ

37 2613 129 2652 μακρῷ
150 2611 254 2653 χρόνῳ,
269 2613 314 2641 καὶ
334 2614 361 2642 ἐν
383 2614 464 2643 παντὶ
482 2614 638 2653 πράγματι,
651 2613 697 2643 καὶ
716 2614 742 2643 ἐν
762 2617 829 2643 πᾶσι

40 2661 89 2691 τοῖς
101 2657 317 2696 παρεμπίπτουσι
331 2659 425 2698 πεῖραν
441 2658 549 2688 ἔλαϐον.

77 2732 86 2744 '
101 2730 161 2756 Act.
175 2737 228 2763 xx,
244 2732 288 2758 35.

735 2776 830 2805 Variae

328 2734 338 2746 ι
352 2731 364 2758 ι
378 2731 442 2759 Cor.
455 2739 500 2763 xx,
519 2733 561 2759 15.
600 2734 611 2753 1
624 2732 645 2759 ll
656 2732 720 2759 Cor.
733 2738 778 2763 χι,
792 2732 835 2758 12.

875 2219 960 2255 istud,
978 2219 1088 2248 novisse
1111 2218 1276 2246 exuberare?
1296 2217 1416 2245 Omnino
1444 2220 1515 2245 certe
1543 2224 1642 2252 magna
1664 2227 1670 2244 :

877 2265 967 2300 plures
995 2264 1070 2292 enim
1093 2263 1260 2291 abundantia
1288 2262 1420 2291 subvertit
1442 2269 1526 2298 quam
1545 2261 1671 2298 penuria,

877 2309 912 2337 ad
943 2309 1078 2345 plurimas
1101 2311 1129 2336 et
1156 2307 1288 2336 absurdas
1317 2307 1480 2343 cupiditates
1512 2306 1672 2334 accendens.

877 2353 1023 2388 Quomodo
1033 2356 1127 2381 autem
1140 2352 1218 2380 novit
1240 2352 1341 2380 Paulus
1355 2351 1513 2379 abundare?
1535 2351 1675 2386 Quoniam

879 2399 906 2426 in
932 2397 1001 2426 alios
1016 2397 1205 2434 impendebat,
1226 2405 1278 2424 nec
1301 2396 1437 2432 gaudebat
1462 2396 1490 2424 in
1505 2395 1679 2432 superabun—

880 2443 983 2477 dantia,
1001 2442 1051 2471 sed
1064 2442 1180 2479 aequalis
1194 2445 1252 2470 erat
1264 2442 1292 2469 in
1305 2441 1449 2470 saturitate
1462 2445 1490 2469 et
1509 2441 1677 2477 indigentia;

881 2495 972 2524 neque
986 2487 1062 2516 enim
1083 2487 1118 2516 ob
1141 2486 1214 2515 hanc
1228 2486 1380 2520 laxabatur,
1395 2493 1485 2522 neque
1505 2485 1542 2514 ob
1555 2485 1677 2521 inopiam

882 2528 1068 2565 premebatur.

920 2575 951 2602 In
964 2574 1037 2601 omni
1058 2575 1083 2601 et
1102 2573 1133 2600 in
1158 2571 1278 2600 omnibus
1299 2572 1440 2599 institutus
1457 2578 1526 2598 sum.
1550 2571 1583 2597 In
1603 2568 1678 2597 omni

885 2617 966 2653 longo
981 2621 1116 2654 tempore,
1135 2621 1163 2645 et
1179 2617 1206 2644 in
1224 2616 1299 2644 omni
1314 2624 1352 2647 re,
1375 2620 1403 2644 et
1424 2615 1453 2642 in
1473 2614 1602 2642 omnibus
1617 2620 1679 2649 qua:

886 2662 974 2690 obiter
992 2661 1124 2696 incidunt,
1139 2661 1336 2698 experientiam
1353 2660 1454 2695 accepi.

872 2733 882 2746 ¹
898 2729 964 2757 ibid.
978 2731 1022 2757 40.
1060 2734 1073 2747 ι
1087 2729 1156 2758 ibid.
1170 2732 1199 2757 8.

853 2775 1003 2805 lectiones.

80 2823 100 2841 “
112 2822 199 2852 ἔλαϐεν
214 2833 241 2854 ο.
279 2824 302 2842 ⁸⁸
313 2825 355 2852 καὶ
369 2825 418 2861 γὰρ
434 2834 459 2854 0.
499 2826 522 2843 "°
533 2826 615 2857 ἄλλως
630 2835 656 2852 τι
671 2825 725 2852 ἐκεῖ
733 2833 761 2854 ο.
800 2824 820 2841 ⁴⁷
835 2824 951 2860 πολέμων
963 2824 1005 2850 καὶ
1014 2826 1129 2859 ταραχῶν
1141 2831 1169 2852 0.
1208 2823 1229 2840 ⁸⁸
1241 2821 1361 2858 παῤῥησίᾳ
1375 2830 1403 2850 οι
