1890 3077
39 194 51 220 1
61 193 128 220 209

524 193 700 222 EXPOSITIO
720 193 752 221 ΙΝ
771 192 878 220 EPIST.
899 193 944 220 AD
963 193 1100 222 COLOSS.
1119 208 1155 216 ν-
1174 194 1247 222 CAP.
1268 197 1290 223 1.

1647 197 1718 223 1210

34 255 201 293 λαμϐάνει
215 257 243 287 δὲ
265 257 357 291 αὐτοὺς
372 257 397 275 ⁸⁸
420 255 464 286 διὰ
485 257 589 287 τούτου.
609 257 664 286 Καὶ
692 256 725 286 τὰ
745 256 861 295 ὀνόματα
878 258 902 290 Α

947 264 980 285 Iac
990 260 1083 285 autem
1095 262 1266 294 praeoccupat
1275 265 1334 286 eos.
1343 258 1500 292 Quinetiam
1512 258 1626 286 nomina
1647 257 1715 290 haec,

38 300 73 329 δὲ
94 303 212 338 ταῦτα,
226 302 277 339 τὸ,
298 302 431 342 Χριστὸς,
457 302 503 331 καὶ
517 302 547 332 τὸ
561 325 567 338 ,
584 302 699 338 Ἰησοῦς,
725 303 771 337 τῆς
789 302 863 341 εὐερ-

39 345 156 383 γεσίας
170 346 306 385 σύμϐολα.
325 347 410 380 Αὐτός
422 359 450 376 τε
466 347 517 387 γὰρ
529 346 638 387 ἐχρίσθη
651 347 675 366 ⁰⁷
692 347 758 386 ὑπὲρ
773 348 862 385 ἡμῶν,

40 389 98 418 καὶ
121 391 208 424 αὐτὸς
223 392 306 420 ἔσωσε
322 391 366 421 τὸν
377 391 439 420 λαὸν
451 392 502 421 ἀπὸ
517 393 568 420 τῶν
583 393 734 431 ἁμαρτιῶν.

98 446 116 463 ιι
137 435 196 465 Καὶ
213 436 260 472 τὴν
283 436 404 476 ἀγάπην,
419 436 466 472 τὴν
487 438 523 470 εἷς
539 437 639 470 πάντας
654 437 713 470 τοὺς
727 435 826 475 ἁγίους.
843 447 858 465 υ

41 481 116 508 Οὐκ
132 481 174 513 εἷς
188 481 263 510 τόνδε
281 480 299 516 ἢ
320 481 409 516 τόνδε,
437 482 494 510 ἀλλ’
512 483 548 514 εἷς
565 482 676 514 πάντας.
700 482 804 511 Οὐκοῦν
817 480 862 510 καὶ

42 527 142 561 ἡμᾶς.
160 524 251 555 Ὥστε
280 526 326 555 καὶ
354 525 498 555 ἀκούσεσθε
523 527 601 564 ἡμῶν
626 526 718 561 ἡδέως.
741 527 863 555 Οἰκειου-

45 569 143 606 μένου
161 570 189 599 δὲ
209 570 301 603 αὐτοὺς
315 573 399 600 ταῦτα
414 570 447 599 τὰ
465 571 584 611 ῥήματα.
600 570 680 600 Δοκεῖ
692 569 720 599 δέ
735 581 779 609 μοι
795 571 862 608 ἀγά-

45 626 112 648 πην
137 615 190 650 τὴν
207 615 386 654 ἐλεημοσύνην
413 615 458 644 καὶ
487 615 517 645 τὸ
539 616 690 646 κοινωνικὸν
714 615 863 655 λέγειν,ὥς

46 658 101 687 καὶ
119 659 257 699 ἀλλαχοῦ.

95 717 110 729 α
132 703 188 733 Διὰ
212 705 258 740 τὴν
291 704 383 734 ἐλπίδα
406 704 455 740 τὴν
483 705 662 743 ἀποκειμένην
685 706 747 744 ὑμῖν
769 705 795 733 ἐν
810 708 863 737 τοῖς

47 748 193 787 οὐρανοῖς.
210 762 221 774 ιι
248 749 398 787 Ἀγυιᾶ-ιε,
416 750 497 790 φησὶ,
515 749 574 783 τοὺς
597 750 708 788 ἁγίους,
724 751 753 779 οὗ
775 749 818 778 διά
837 761 862 777 τι

50 793 245 832 ἀνθρώπινον,
273 794 341 824 ἀλλὰ
366 794 408 823 διὰ
429 795 458 823 τὸ
475 794 589 828 ἐλπίζειν
604 795 637 824 τὰ
654 795 783 832 μέλλοντα
796 795 862 831 ἀγα-

49 836 88 865 θοί
101 849 109 855 ·
138 837 157 872 ἢ
168 860 176 874 ,
202 838 242 868 ὅτι
269 839 486 878 Εὐχαριστοῢμεν
499 862 506 874 ,
523 839 588 868 διότι
613 839 723 878 μέλλετε
737 840 864 878 κληρονο-

919 302 1056 335 Christus,
1070 306 1108 335 et,
1121 303 1210 335 Jesus,
1225 303 1407 330 beneficentiae
1421 306 1484 331 sunt
1504 303 1637 339 symbola.
1654 305 1715 338 Ipse

918 348 993 376 enim
1007 351 1106 376 unctus
1115 352 1157 375 est
1166 355 1215 383 pro
1229 348 1320 382 nobis,
1335 352 1363 376 et
1375 348 1434 383 ipse
1449 348 1566 376 servavit
1578 348 1712 384 populum

919 402 933 422 a
950 394 1078 430 peccatis.

955 441 989 466 Et
997 438 1169 467 dilectionem
1180 447 1263 474 quam
1278 439 1380 466 habetis
1388 439 1417 466 in
1427 440 1531 466 sanctos
1541 446 1638 466 omnes.
1653 440 1715 466 Non

918 490 981 519 erga
997 483 1070 510 hunc
1094 484 1134 511 vel
1150 483 1237 518 illum,
1264 483 1311 511 sed
1333 491 1397 518 erga
1412 490 1519 511 omnes.
1543 484 1613 518 Ergo
1637 486 1665 510 et
1684 483 1711 510 in

918 535 968 555 nos
983 536 1066 564 quare.
1079 528 1193 556 audietis
1215 536 1265 556 nos
1280 528 1407 556 libenter.
1432 527 1607 555 Conciliantis
1621 531 1712 554 autem

918 580 965 600 eos
984 573 1042 601 hanc.
1066 573 1148 601 verba
1163 577 1237 601 sunt.
1255 572 1369 601 Videtur
1383 577 1474 600 autem
1489 572 1558 600 mihi
1580 580 1628 609 per
1647 571 1711 600 dile-

918 618 1036 646 ctionem
1050 618 1251 654 cleemosynam
1266 622 1294 646 et
1312 617 1593 646 communicationem
1612 617 1712 650 dicere,

919 663 1031 698 perinde
1044 671 1075 690 ac
1090 663 1117 690 in
1131 663 1189 691 aliis
1203 662 1277 690 locis.

954 709 1039 736 Vens.
1061 711 1087 735 5.
1104 709 1217 743 Propter
1230 716 1302 743 spem
1317 716 1375 743 qua:
1401 709 1519 743 reposita
1542 709 1580 735 est
1594 707 1667 734 vobis
1688 707 1715 734 in

918 753 998 780 creIis.
1023 752 1152 788 Diligitis,
1175 753 1269 788 inquit,
1291 756 1410 786 sanctos,
1434 760 1490 780 non
1505 752 1540 780 ob
1561 751 1714 779 humanum

917 796 1031 832 aliquid,
1050 797 1098 825 sed
1121 798 1183 832 quia
1199 797 1290 824 futura
1306 797 1376 825 bona
1390 797 1507 832 speratis
1523 806 1529 824 :
1546 796 1597 830 vel,
1614 796 1715 831 gratias

917 842 1034 877 agimus,
1054 842 1117 877 quia
1131 842 1343 877 incorruptibilis
1356 842 1427 870 bona
1443 841 1617 870 consecuturi
1639 840 1711 868 estis.

53 881 163 918 μήσειν
183 882 209 900 ⁵⁸
235 884 288 911 τῶν
319 883 468 923 ἀφθάρτων.
499 885 539 913 Οὐ
563 883 614 924 γὰρ
637 886 662 913 ἐν
678 886 710 923 τῇ
739 886 772 923 γῇ
797 883 862 912 ἀπό·
877 897 901 927 Β

947 895 978 914 on
993 886 1065 914 enim
1083 887 1110 914 in
1125 891 1197 914 terra
1211 891 1275 914 sunt
1297 887 1424 922 reposita,
1440 891 1471 914 ut
1492 889 1715 921 corrumpantur,

51 938 185 964 κεινται,
207 926 249 956 ἵνα
263 930 395 967 φθαρῶσιν
407 951 414 964 ,
441 930 500 957 ἀλλ’
517 930 542 957 ἐν
558 933 610 962 τοῖς
633 930 764 968 οὐρανοῖς³
791 927 859 957 ὥστε

51 971 86 999 τὸ
121 971 232 1010 βέϐαιον
260 972 361 1011 ἔχουσι.
387 972 433 1009 Μὴ
456 969 500 1002 οὖν
526 973 706 1013 ἀμφιϐάλλει-ε
734 973 794 1012 περὶ
815 975 862 1007 τῆς

52 1016 174 1048 ἐλπίδος·
198 1017 224 1046 ἐν
254 1018 366 1057 ἀσφαλεῖ
389 1017 441 1058 γὰρ
462 1018 613 1049 ἀπόκειται.
635 1019 721 1048 Τοῦτο
747 1018 774 1046 δὲ
797 1017 861 1057 πρὸς

52 1060 120 1093 τοὺς
154 1061 372 1100 πειραζομένους,
398 1062 467 1091 ὥστε
495 1062 532 1101 μὴ
562 1064 675 1092 ἐνταῦθα
700 1065 786 1098 ζητεῖν
812 1062 860 1097 τὴν

53 1105 170 1142 ἄνεσιν,
200 1106 267 1144 μηδὲ
301 1107 422 1136 ἐκκακεῐν
447 1107 511 1147 πρὸς
539 1106 598 1140 τοὺς
624 1107 803 1147 πειρασμοὺς,
825 1108 860 1140 ὡς

55 1150 186 1190 μεγάλην
202 1150 310 1191 ἔχοντας
321 1151 368 1186 τὴν
385 1152 565 1191 ἀντιμισθίαν.

107 1208 118 1220 ιι
149 1194 206 1226 ⁶Ην
229 1196 411 1235 προηκούσατε
440 1198 466 1226 ἐν
501 1199 539 1238 τῷ
564 1197 635 1237 λόγῳ
662 1199 709 1232 τῆς
738 1197 860 1232 ἀληθείας

56 1242 108 1268 τοῦ
122 1241 300 1280 Εὖαγγελίου.
318 1253 333 1269 ια
353 1242 412 1271 Οὐχ
425 1238 491 1278 εἷπε,
503 1243 558 1272 Τοῦ
574 1242 758 1281 κηρύγματος,
773 1241 859 1278 ἀλλὰ,

58 1299 70 1309 ιι
91 1285 150 1314 Τοῦ
172 1286 333 1324 Εὗαγγελίου
343 1310 350 1322 ,
365 1300 376 1311 »ι
393 1286 436 1315 ἵνα
448 1287 589 1326 ἀναμνήσῃ
611 1286 704 1319 αὐτοὺς
718 1288 770 1315 τῶν
782 1287 860 1326 εὐερ-

59 1332 162 1367 γεσιῶν
178 1333 224 1359 τοῦ
239 1332 310 1360 Θεοῦ
324 1343 329 1349 ·
348 1331 390 1360 ἐπὶ
417 1331 468 1371 γὰρ
484 1336 536 1364 τοῖς
552 1334 657 1370 ἀγαθοῖς
683 1330 712 1360 τὸ
738 1331 861 1370 Εὐαγγέ-

59 1375 133 1403 hev.
164 1376 195 1404 Εἰ
220 1375 245 1404 δὲ
274 1375 349 1417 λογος
376 1376 499 1412 ἀληθείας
522 1376 610 1415 ἐστὶν,
633 1375 707 1406 οὐδὲν
722 1377 815 1417 ψεῦδος
834 1377 860 1406 ἐν

61 1419 153 1457 aliti-Tn
183 1420 244 1453 Πῶς
266 1415 309 1448 οὖν
330 1421 402 1458 ὑμεῖς
431 1421 514 1461 ψευδῆ
533 1421 609 1450 αὐτὸν
629 1425 740 1458 ποιεῖτε,
759 1420 796 1459 μὴ
812 1433 859 1449 πι-

915 931 963 958 sed
981 932 1009 958 in
1024 931 1112 964 caelis,
1126 935 1155 959 ut
1170 931 1348 959 stabilitatem
1364 931 1489 959 habeant.
1508 932 1548 959 Ne
1569 930 1649 966 igitur
1660 937 1715 957 am-

917 975 1015 1011 bigutis
1029 976 1062 1004 de
1072 984 1119 1011 spe
1140 985 1146 1003 :
1168 977 1195 1003 in
1206 980 1266 1004 tuto
1286 976 1358 1004 enim
1377 975 1494 1011 reposita
1514 979 1564 1002 est.
1589 975 1650 1002 Hoc
1667 982 1714 1001 au-

916 1024 972 1047 tem
988 1021 1105 1056 pertinet
1125 1020 1159 1048 ad
1173 1028 1219 1048 eos
1240 1021 1287 1056 qui
1303 1024 1451 1053 tentantur,
1478 1027 1513 1048 ne
1532 1019 1578 1047 hic
1593 1019 1714 1054 quietem

916 1069 1086 1100 exspectent,
1103 1073 1189 1101 neque
1214 1065 1412 1093 tentationibus
1436 1064 1626 1097 succumbant,
1650 1063 1713 1099 quia

917 1117 1049 1146 magnam
1068 1110 1276 1138 retributionem
1291 1109 1400 1138 habent.

952 1202 1037 1234 Quam
1047 1202 1126 1236 prius
1139 1201 1284 1228 audivistis
1295 1202 1323 1228 in
1335 1201 1416 1228 verba
1429 1202 1553 1228 ueritatis
1563 1202 1710 1236 Evangelii.

917 1248 977 1274 Non
992 1245 1069 1279 dixit,
1090 1245 1311 1279 Praedicatiouis,
1338 1246 1385 1274 sed
1408 1247 1560 1280 Evangelii,
1586 1250 1616 1273 ut
1637 1254 1713 1273 com-

917 1289 1080 1318 monefaciat
1101 1298 1149 1318 eos
1172 1290 1368 1318 beneﬁciorum
1394 1291 1442 1318 Dei
1469 1299 1476 1318 :
1502 1294 1614 1326 propter
1640 1290 1713 1318 bona

916 1336 990 1362 cnim
1003 1335 1180 1371 Evangelium
1190 1339 1240 1363 est.
1250 1336 1278 1363 Si
1291 1339 1381 1362 autem
1394 1335 1508 1363 verbum
1524 1335 1646 1362 veritatis
1660 1339 1712 1368 est,

916 1380 1021 1407 nullum
1038 1380 1211 1407 mendacium
1222 1385 1264 1407 est
1276 1380 1303 1407 in
1318 1379 1385 1415 ipso.
1403 1380 1548 1414 Quomodo
1568 1379 1649 1415 igitur
1666 1388 1714 1407 vos

917 1423 1131 1460 mendaxipsum
1142 1424 1237 1458 facitis,
1249 1433 1305 1452 non
1317 1425 1471 1459 credentes,
1480 1424 1713 1460 quemadmodum

62 1463 212 1501 στεύοντες,
236 1466 270 1497 ὥς
289 1466 498 1505 προεδιδάχθητε
513 1467 577 1506 παρ’
592 1466 683 1502 αὐτοῦ,
701 1465 740 1494 ὅτι
761 1465 803 1494 διὰ
816 1468 860 1494 τοῦ
876 1468 900 1501 C

947 1478 971 1496 m
984 1474 1061 1497 antea
1076 1469 1194 1497 instituti
1211 1470 1275 1497 estis
1290 1469 1324 1496 ab
1338 1469 1407 1505 ipso,
1423 1469 1498 1506 quod
1510 1478 1559 1506 per
1572 1469 1713 1498 Christum

63 1509 184 1547 Χριστοῦ
210 1511 226 1545 ἦ
248 1509 382 1549 σωτηρία;
406 1511 454 1543 Τίς
471 1510 498 1539 δὲ
520 1507 553 1546 ἦν
568 1512 582 1539 ὁ
604 1509 720 1550 κηρύξας
739 1511 810 1546 ἐκεῖ;
829 1510 862 1539 Ὁ

65 1552 223 1592 Ἐπαφρᾶς,
239 1555 273 1585 ὡς
286 1556 315 1583 ἐκ
328 1556 379 1582 τῶν
397 1554 454 1589 ἑξῆς
470 1555 602 1594 φαίνεται.

111 1611 122 1622 ι
147 1599 204 1627 Τοῦ
227 1598 355 1637 παρόντος
382 1599 417 1632 εἷς
443 1601 526 1637 ὑμᾶς,
552 1599 638 1633 καθὼς
663 1599 709 1628 καὶ
729 1601 756 1629 ἐν
784 1599 862 1628 παντὶ

64 1643 106 1680 τῷ
119 1642 221 1682 κόσμῳ.
240 1657 251 1668 ν
276 1642 326 1675 Ὡς
341 1643 386 1672 ἐπὶ
413 1644 534 1684 ἐμψύχου
549 1645 618 1678 τινὸς
632 1640 690 1673 εἶπε
705 1643 747 1680 τὸ,
764 1658 776 1670 «
799 1646 862 1674 Πα-

67 1686 165 1725 ρόντος.
183 1701 195 1713 ι
213 1689 254 1717 Οὐ
276 1687 450 1727 παρεγένετο,
476 1689 558 1730 φησὶ,
575 1690 640 1729 πρὸς
654 1691 738 1728 ὑμᾶς,
751 1689 796 1719 καὶ
809 1691 862 1718 ἀπ-

65 1731 131 1767 έστη
142 1754 150 1769 ,
165 1733 232 1762 ἀλλὰ
247 1733 359 1772 πάρεστι
376 1733 420 1762 καὶ
436 1739 527 1773 κρατεῖ
553 1735 579 1763 ἐν
600 1736 674 1772 ὑμῖν.
692 1734 744 1764 Διὰ
763 1735 862 1764 τούτων

66 1776 95 1804 δὲ
122 1777 236 1815 ἶλαρύνει
261 1778 364 1811 αὐτούς.
390 1777 501 1814 Ἐπειδὴ
527 1779 555 1808 δὲ
580 1781 604 1808 οἱ
637 1779 731 1808 πολλοὶ
758 1780 861 1817 μᾶλλον

66 1820 248 1860 στηρίζονται,
274 1823 335 1851 ὅταν
363 1823 409 1851 καὶ
428 1823 568 1856 κοινωνοὺς
596 1823 678 1862 ἔχωσι
695 1825 745 1852 τῶν
766 1824 862 1863 δογμά-

64 1877 140 1904 των,
157 1866 220 1906 φησί
232 1878 238 1884 ·
258 1878 273 1895 (ι
288 1868 343 1897 Καὶ
359 1869 384 1896 ἐν
400 1868 481 1896 παντὶ
503 1870 539 1908 τῷ
555 1868 659 1908 κόσμῳ.
683 1879 697 1896 ))
718 1870 862 1909 ῘΙανταχοῧ

65 1911 118 1950 γάρ
134 1912 202 1947 ἐστι,
216 1914 355 1951 πανταχοῦ
374 1913 480 1947 ἕστηκε.

115 1966 129 1984 (ι
152 1956 204 1985 Καὶ
229 1957 284 1985 ἔστι
319 1958 567 1998 καρποφορούμενον
598 1958 643 1986 καὶ
677 1958 860 1996 αὐξανόμενον.

66 2018 94 2021 —
110 2001 363 2041 Καρποφορούμενον
375 2015 385 2025 ιι
398 2001 440 2030 διὰ
450 2002 481 2030 τὰ
495 2002 589 2041 {971,-
601 2001 787 2040 αὐξανόμενον,
800 2017 810 2027 ι·
819 2003 861 2032 διὰ

67 2046 98 2074 τὸ
111 2045 223 2078 πολλοὺς
240 2049 274 2078 εἰς
288 2048 335 2080 τήν
352 2047 440 2075 πίστιν
456 2047 709 2085 προσλαμϐάνεσθαι
724 2048 859 2077 ἑκάστοτε.

917 1514 951 1542 sit
965 1514 1058 1541 salus?
1083 1514 1150 1549 Quis
1171 1518 1262 1542 autem
1288 1518 1349 1542 erat
1371 1514 1416 1549 qui
1431 1515 1485 1541 illic
1498 1513 1713 1550 praedicaverat?

917 1559 1070 1594 Epaphras,
1089 1559 1200 1594 perinde
1220 1567 1252 1586 ac
1276 1559 1302 1586 in
1319 1559 1497 1595 sequentibus
1512 1559 1622 1594 planum
1638 1558 1675 1586 ﬁt.

953 1605 1044 1632 Vsus.
1056 1607 1083 1631 6.
1097 1605 1174 1638 Quod
1180 1611 1297 1638 premens
1307 1606 1344 1631 est
1351 1604 1426 1639 apud
1436 1611 1480 1630 vos
1488 1604 1715 1638 quemadmodum

918 1650 946 1676 in
964 1650 1088 1676 universo
1103 1650 1212 1676 mundo.
1229 1650 1369 1684 Tanquam
1389 1648 1425 1675 de
1441 1656 1471 1676 re
1492 1649 1581 1684 aliqua
1596 1648 1714 1676 animata

916 1693 994 1727 dixit,
1011 1694 1087 1727 Quod
1098 1701 1216 1729 priescns
1232 1697 1280 1721 est.
1296 1694 1356 1721 Non
1376 1693 1488 1721 advenit
1502 1693 1537 1720 ad
1549 1700 1609 1727 vos,
1627 1693 1716 1729 inquit

916 1746 948 1766 ac
967 1738 1066 1766 defecit
1080 1746 1094 1765 a
1108 1738 1186 1766 vobis
1207 1748 1213 1766 ε
1230 1738 1278 1765 Sed
1298 1746 1416 1773 praesens
1434 1742 1486 1771 est,
1508 1746 1540 1765 ac
1557 1737 1716 1765 dominatur

929 1783 955 1810 in
964 1783 1050 1810 vobis.
1074 1784 1126 1810 Per
1150 1782 1210 1810 haec
1229 1787 1320 1810 autem
1337 1783 1467 1810 exhilarat
1483 1789 1539 1810 eos.
1558 1782 1627 1816 Quia
1651 1790 1714 1809 vero

918 1828 1037 1863 plerique
1061 1827 1237 1855 stabiliuntur
1260 1828 1356 1863 magis,
1386 1827 1494 1862 quando
1521 1831 1548 1854 et
1572 1827 1714 1862 participes

917 1872 1062 1899 habuerint
1074 1872 1246 1907 dogmatum,
1272 1871 1349 1900 addit
1368 1875 1520 1906 propterea,
1542 1873 1568 1898 et
1591 1873 1618 1898 in
1643 1873 1716 1898 omni

915 1917 1023 1943 mundo.
1040 1916 1151 1952 Ubique
1164 1916 1234 1943 enim
1252 1920 1303 1948 est,
1321 1920 1347 1943 et
1361 1915 1461 1951 ultique
1472 1915 1605 1943 consistit.

951 1963 986 1988 Et
999 1962 1146 1996 fructiﬁcut
1159 1963 1184 1988 et
1196 1962 1297 1988 crescit.
1311 1961 1462 1995 Fructi/icut
1478 1968 1525 1995 per
1540 1968 1640 1995 opera;
1662 1969 1713 1987 cre-

917 2008 1084 2038 scitantem,
1095 2005 1170 2042 quod
1177 2005 1256 2033 mulli
1267 2005 1300 2032 ad
1309 2005 1390 2033 [idem
1398 2005 1519 2040 undique
1532 2005 1712 2040 recipiantur.

918 2050 1128 2086 Atquifructum
1142 2058 1197 2077 non
1212 2050 1381 2085 protulisset,
1391 2049 1442 2076 nisi
1453 2050 1591 2077 ﬁrmatum
1601 2049 1710 2076 fuisset:

68 2091 127 2119 Οὐχ
141 2091 170 2118 ἂν
194 2091 220 2119 δὲ
247 2092 436 2131 ἔχαρποςρόρει,
455 2092 476 2119 εἷ
492 2092 528 2129 μὴ
553 2091 716 2130 ἐστήρικται.
734 2093 787 2121 Καὶ
808 2092 859 2132 γὰρ
876 2098 898 2129 [)

947 2096 1024 2123 bores
1039 2097 1126 2129 enim,
1141 2095 1251 2131 quando
1262 2095 1449 2123 corroborata}
1461 2094 1572 2129 fuerint,
1585 2098 1641 2122 tum
1654 2095 1714 2131 plu-

67 2135 99 2162 τὰ
126 2134 215 2172 δένδρα
233 2135 294 2164 ὅταν
322 2138 463 2176 στηριχθῇ,
478 2136 536 2164 τότε
562 2136 644 2164 πλείω
661 2136 761 2176 καρπὸν
778 2136 859 2176 φέρει.

113 2191 126 2207 (ι
140 2179 231 2213 Καθὼς
245 2180 290 2209 καὶ
303 2182 328 2210 ἐν
352 2184 420 2219 ὑμῖν.
434 2191 448 2208 »
466 2180 728 2220 Προκαταλαμϐάνει
739 2204 746 2217 ,
765 2183 799 2214 ὡς
815 2181 859 2210 καὶ

69 2224 203 2263 ἀνωτέρω,
227 2224 320 2257 αὐτοὺς
335 2229 387 2259 τοῖς
409 2225 541 2260 ἐπαίνοις,
569 2226 636 2254 ὥστε
652 2225 719 2264 μηδὲ
739 2226 860 2260 Θέλοντας

70 2271 223 2304 ἀποστῆναι.
248 2270 280 2299 Εἰ
299 2269 349 2308 γὰρ
372 2270 416 2298 καὶ
447 2271 481 2302 εἰς
506 2270 621 2307 πάντας,
649 2270 694 2299 καὶ
723 2272 758 2303 εἷς
791 2272 859 2309 ὑμᾶς

69 2314 148 2346 οὕτως
173 2314 304 2354 ἐκηρύχθη
320 2315 350 2343 τὸ
368 2315 545 2354 Εὖαγγέλιον,
571 2317 627 2348 πῶς
651 2318 696 2343 νῦν
714 2315 800 2349 ἄλλως
817 2317 857 2345 δο-

69 2359 219 2397 γματίζουσί
231 2371 298 2392 τινες
308 2371 315 2395 ;

113 2415 127 2432 ιι
151 2404 201 2442 Ἀφ’
230 2400 261 2438 ἧς
286 2404 388 2442 ἡμέρας
413 2404 544 2439 ἠκούσατε
571 2405 616 2433 καὶ
643 2404 774 2443 ἐπέγνωτε
810 2405 858 2441 τὴν

69 2449 145 2487 χάριν
156 2451 198 2477 τοῦ
221 2450 291 2477 Θεοῦ
314 2450 340 2477 ἐν
355 2449 474 2489 ἀληθεία.
492 2463 504 2474 ι»
532 2451 761 2489 Καρποφορεῖται,
779 2450 858 2490 φησὶ,

71 2494 114 2522 καὶ
137 2493 271 2527 αὐξάνεται
286 2494 315 2522 τὸ
333 2493 495 2531 Εὐαγγέλιον
511 2496 536 2522 ἐν
559 2495 620 2532 ὑμῖν
646 2494 692 2534 ἀφ’
706 2489 736 2529 ἧς
761 2494 861 2533 ἡμέρας

72 2538 194 2575 ἐπέγνωτε
211 2537 256 2572 τὴν
275 2538 362 2578 χάριν.
386 2540 466 2574 Πῶς;
491 2539 550 2568 Οὐκ
565 2539 593 2567 ἐν
610 2538 700 2577 ἀπάτῃ
716 2538 761 2567 καὶ
774 2538 859 2577 λόγοις

71 2583 186 2618 εἶκαίοις,
209 2583 268 2611 ἀλλ’
298 2585 323 2613 ἐν
351 2582 476 2623 ἀληθείᾳ,
508 2582 642 2620 τουτέστι,
671 2583 791 2621 σημείοις
813 2585 858 2614 καὶ

72 2628 148 2667 ἔργοις
161 2627 324 2666 παραδόξοις.

114 2684 126 2700 α
142 2671 231 2705 Καθὼς
244 2671 290 2702 καὶ
311 2672 422 2711 ἐμάθετε
436 2673 488 2702 ἀπὸ
503 2673 641 2712 Ἐπαφρᾶ.
661 2684 675 2701 ))
694 2672 787 2706 Οὕτως
805 2674 855 2702 ἒπ-

75 2718 177 2757 έγνωτε,
188 2716 284 2757 φησὶν,
296 2718 384 2751 αὐτοῖς
399 2719 453 2751 τοῖς
470 2717 556 2758 ἔργοις
578 2717 626 2753 τὴν
648 2717 738 2758 χάριν,
768 2716 857 2757 ὥσπερ

915 2141 1017 2168 timum
1034 2140 1143 2168 fruetus
1157 2140 1309 2176 proferunt.

950 2187 1023 2213 Sicut
1037 2188 1062 2213 et
1076 2187 1103 2212 in
1116 2186 1197 2213 vobis.
1213 2185 1366 2220 Laudibus,
1383 2189 1414 2212 ut
1430 2192 1522 2220 supra,
1536 2183 1620 2219 465
1639 2188 1714 2211 ante-

915 2230 997 2258 vertit
1018 2238 1076 2264 eos,
1098 2234 1129 2258 ut
1150 2230 1256 2257 etiamsi
1278 2229 1422 2261 voluerint,
1443 2219 1497 2255 non
1521 2228 1657 2256 deﬁciant.
1688 2229 1714 2255 Si
1743 2219 1753 2230 ’

915 2275 987 2302 enim
999 2283 1063 2302 cum
1082 2275 1116 2302 ad
1135 2282 1245 2307 omnes,
1263 2278 1322 2301 tum
1341 2273 1374 2300 ad
1395 2281 1442 2300 vos
1459 2273 1532 2300 hunc
1552 2273 1581 2299 in
1597 2271 1714 2300 modum

914 2318 1093 2354 prmdicatum
1113 2319 1391 2354 iueritEvangelium,
1412 2317 1484 2345 unde
1504 2317 1535 2344 ﬁt
1549 2317 1624 2353 quod
1646 2325 1714 2345 non-

913 2364 979 2391 nulli
992 2371 1066 2391 nunc
1079 2364 1186 2391 diversa
1201 2363 1334 2391 tradunt?

949 2410 992 2436 Ea:
1007 2417 1037 2436 ca
1051 2409 1095 2436 die
1104 2417 1159 2443 qua
1171 2408 1315 2435 audivistis
1331 2410 1358 2434 et
1369 2409 1520 2442 agnmristis
1532 2409 1654 2444 gratiam
1667 2410 1716 2435 Dei

913 2455 944 2480 in
970 2455 1094 2481 ueritate.
1118 2454 1265 2486 Fructum,
1294 2452 1395 2488 inquit,
1421 2452 1536 2488 profert,
1566 2460 1599 2480 ac
1620 2453 1717 2480 crescit

917 2498 1098 2534 Evangelium
1113 2498 1142 2524 in
1154 2497 1242 2529 vobis,
1257 2497 1292 2525 ab
1307 2505 1340 2525 eo
1359 2496 1404 2525 die
1427 2505 1481 2533 quo
1496 2497 1643 2533 agnovistis
1656 2505 1716 2532 gra-

915 2542 992 2570 tiam.
1014 2542 1182 2578 Quomodo?
1203 2544 1263 2570 Nou
1278 2542 1305 2570 in
1321 2542 1471 2578 impostura
1487 2547 1515 2570 et
1532 2541 1621 2569 verbis
1632 2545 1716 2568 teme-

915 2588 1004 2620 rariis,
1030 2587 1078 2615 sed
1099 2587 1127 2615 in
1147 2587 1270 2621 veritate,
1290 2587 1341 2615 hoc
1361 2591 1411 2621 est,
1434 2587 1517 2623 signis
1537 2590 1564 2613 et
1587 2585 1714 2621 cperibus

914 2632 1093 2660 admirandis.

947 2678 1039 2705 Vsns.
1061 2681 1088 2705 7.
1105 2678 1180 2705 Sicut
1202 2679 1227 2705 et
1251 2677 1388 2704 didicistis
1413 2676 1448 2702 ab
1470 2675 1609 2710 Epaphra.
1632 2673 1712 2708 Ipsis,

915 2722 1015 2757 inquit,
1038 2722 1166 2758 operibus
1185 2722 1224 2750 sic
1247 2721 1378 2750 habuistis
1392 2720 1522 2756 gratiam,
1547 2717 1659 2755 perinde
1685 2724 1716 2743 ac

756 2798 849 2828 Variae
872 2798 1024 2828 lectiones.

110 2846 129 2863 5‘
148 2846 217 2877 αὐτὸς
230 2854 255 2875 ο.
293 2846 314 2863 ⁶’¹
329 2846 457 2882 ὶῤῥαπίσθη
471 2855 498 2875 0.
537 2847 558 2864 ⁸⁸
571 2849 662 2883 -μῆσαι
675 2855 702 2875 o.
