1890 3077
23 174 92 201 1213

473 172 646 217 E‘XPOSITIO
667 173 699 200 IN
718 173 822 200 EPIST.
842 173 888 201 AD
907 174 1045 202 COLOSS.
1064 188 1098 194 —-
1118 173 1191 201 CAP.
1213 173 1233 200 l.

1602 167 1670 195 1214

21 235 184 274 καταμαθὼν
198 258 206 272 ,
224 235 269 266 καὶ
294 235 334 265 ὅτι
356 235 400 265 τὸν
419 235 483 266 Υἱὸν
500 237 578 265 αὑτοῦ
603 235 726 270 ἐξέδωκεν
752 236 818 275 ὑπὲρ

902 241 923 271 t,
943 241 970 265 et
996 237 1070 273 quod
1084 236 1184 264 Filium
1198 241 1278 263 suum
1302 241 1350 270 pro
1363 233 1442 261 nobis
1462 230 1580 263 dederit.
1600 238 1671 266 quo-

21 282 112 319 ἡμῶν,
145 282 205 315 πῶς
231 282 276 310 οὐκ
309 281 339 310 ἃν
365 281 537 310 σπουδάσειεν
573 280 665 310 ἑαυτὸν
696 281 817 310 ἐκδοῦναι

21 329 71 366 τοῖς
101 327 150 361 τῆς
174 327 271 365 ἀρετῆς
306 325 415 362 πόνοις,
443 326 489 355 καὶ
521 325 564 355 τὸν
595 326 675 355 αὐτοῦ
703 326 816 366 σταυρὸν

21 365 81 409 ’ἆραι
94 385 100 405 ;
118 371 160 401 Τὸ
176 369 240 410 γὰρ,
261 382 275 400 ιι
289 371 492 410 Περιπατῆσαι,
503 384 514 397 ιι
528 370 590 410 περὶ
602 370 659 410 βίου
675 371 722 400 καὶ
737 372 818 400 πολι-

20 414 87 448 τείας
100 415 190 452 ἐστὶν,
207 416 243 448 ὡς
264 414 377 455 εἴρηται.
398 415 452 445 Καὶ
466 417 607 455 πανταχοῦ
624 415 652 444 δὲ
671 418 704 456 τῇ
730 415 818 445 πίστει

22 460 144 490 συνάπτει
159 459 209 496 τὴν
226 459 370 490 πολιτείαν.
399 459 453 490 Καὶ
478 460 566 494 ἄλλως
593 459 620 489 δὲ
632 482 641 497 ,
663 461 722 490 Οὖκ
738 460 818 500 εὖχό-

22 507 84 542 μεθα
96 526 104 540 ,
121 505 191 544 φησὶ
204 527 212 543 ,
231 505 309 543 μόνον
324 504 366 533 ἵνα
382 505 499 543 μάθητε,
514 506 573 534 ἀλλ’
586 503 630 534 ἵνα
646 505 692 534 καὶ
707 505 750 535 ἐπὶ
766 507 816 534 τῶν

21 548 99 588 ἔργων
120 549 296 580 ἐπιδείκνυτε.
321 549 356 579 “Ο
378 549 437 589 γὰρζ
457 549 532 583 εἰδὼς
549 549 630 590 χωρὶς
658 553 704 579 τοῦ
731 551 815 580 ποιεῖν

23 594 177 628 κολάζεσθαι
207 594 308 633 μέλλει.
334 594 422 624 Βλέπε
446 594 492 630 δὲ,
523 596 579 628 πῶς
604 595 751 634 περίπατον
776 595 817 624 ἀεὶ

24 638 65 673 τὴν
79 638 220 668 πολιτείαν
237 639 326 676 καλεῖ,
343 638 444 672 δεικνὺς
463 638 502 668 ὅτι
517 638 607 680 ὥσπερ
630 639 671 668 ἀεὶ
691 639 721 668 τὸ
742 651 817 679 περι-

24 687 108 712 πατεῖν
136 685 285 723 ἀναγκαῖον
312 685 392 722 ἡμῖν,
417 684 486 713 οὕτω
509 684 554 714 καὶ
578 686 592 714 ὃ
617 684 724 724 ἄριστος
749 684 815 724 βίος.

61 829 75 846 ιι
93 818 137 852 Εἰς
154 823 246 847 πᾶσαν
272 817 412 857 ἀρέσκειαν
438 819 465 847 ἐν
480 818 560 848 παντὶ
584 817 655 859 ἔργῳ
678 820 780 859 ἀγαθῷ.
801 831 815 850 n

875 281 957 310 modo
980 289 1038 309 non
1053 280 1177 309 studebit
1196 279 1316 316 seipsum
1334 277 1435 306 dedere
1450 276 1558 304 virtutis
1570 275 1670 304 labori-

873 327 935 360 bus,
950 326 1075 363 adeoque
1089 333 1199 354 crucem
1215 324 1300 360 ipsius
1316 323 1411 351 tollere
1420 323 1432 350 ἓ
1441 321 1586 349 Ambulare
1598 320 1668 348 enim

876 371 910 400 ad
931 371 1017 399 vitam
1038 375 1066 399 et
1085 369 1320 398 conversationem
1349 367 1476 403 pertinet,
1499 366 1538 394 uti
1564 365 1668 393 dictum

873 421 924 445 est.
938 417 1048 452 Ubique
1063 420 1157 444 autem
1181 413 1256 448 ﬁdei,
1274 413 1337 442 vitae
1356 413 1487 440 rationem
1506 414 1534 439 et
1551 418 1667 438 conver-

872 462 1009 490 sationem
1028 461 1176 489 connectit.
1200 461 1343 492 Praeterea,
1357 465 1415 485 non
1430 463 1553 489 oramus,
1567 455 1667 491 inquit,

872 510 902 534 ut
915 506 1023 534 discatis
1037 504 1242 539 tantummodo,
1257 511 1351 531 verum
1365 507 1395 530 ut
1415 500 1543 537 operibus
1561 508 1670 535 quoque

872 551 1082 579 demonstretis.
1105 551 1158 586 Qui
1181 550 1253 578 enim
1274 549 1361 582 novit,
1383 550 1410 575 et
1441 554 1497 574 non
1520 545 1594 578 facit,
1619 553 1670 580 pu-

872 596 976 624 nietur.
995 595 1188 623 Animadverte
1209 598 1313 627 autem,
1326 592 1466 630 quomodo
1484 597 1592 625 semper
1607 597 1664 616 am-

873 640 1042 668 bulationem
1084 641 1164 668 vitam
1207 642 1499 676 conversationemque
1535 640 1669 676 appellat,

873 684 1022 713 ostendens
1036 684 1111 721 quod
1125 684 1238 720 perinde
1254 693 1286 713 ac
1305 692 1446 721 nunquam
1461 693 1516 713 non
1530 684 1670 713 ambulare

872 729 955 758 nobis
975 730 1158 758 necessarium
1186 734 1236 765 est,
1260 730 1299 758 sic
1320 734 1347 758 et
1370 730 1473 767 optima
1498 730 1552 758 vita
1573 738 1670 759 neces-

872 774 942 802 saria
953 778 1004 802 est.

910 820 960 847 Per
975 821 1063 846 omnia
1076 820 1221 854 placentes.
1236 821 1265 847 in
1279 828 1367 848 omnes
1377 829 1456 856 opere
1471 822 1546 848 bono.
1562 821 1603 849 Ut
1615 821 1667 854 sic,

24 863 77 891 Ἷνα
99 862 186 899 οὕτω,
206 863 288 903 φησὶ,
310 865 390 899 ζῆτε,
414 862 482 892 ὥστε
498 863 541 892 διὰ
563 863 669 893 πάντων
693 864 812 904 ἀρέσκειν

902 864 970 899 quit,
994 864 1100 896 vivatis,
1126 868 1155 891 ut
1174 872 1222 900 per
1242 865 1333 892 omnia
1362 865 1492 901 placeatis
1518 867 1586 894 Deo.
1615 866 1666 900 Qui

24 909 56 946 τῷ
70 907 139 947 Θεῷ.
165 908 230 940 Πῶς
253 907 280 937 δὲ
301 907 375 937 ἔσται
390 911 484 946 τοῦτο,
499 908 559 938 Οὖκ
576 909 662 942 ἄλλως
683 909 705 938 εἰ
727 908 764 946 μὴ
788 911 814 939 ἐν

25 951 94 980 παντὶ
119 951 188 991 ἔργῳ
213 953 318 992 ἀγαθῷ.
344 950 435 982 ΙὈπου
461 952 513 992 γὰρ
537 957 590 982 πᾶν
606 952 682 992 ἔργον
700 953 813 992 ἀγαθὸν,

24 996 71 1024 ἐκεῖ
85 1000 158 1025 πᾶσα
176 996 304 1037 ἀρέσκεια
327 997 408 1026 Θεοῦ.
426 996 529 1026 Σκόπει
543 997 587 1032 δὲ,
605 998 661 1031 πῶς
675 1001 813 1037 πανταχοῦ

24 1041 62 1077 τὸ,
77 1051 89 1068 ε
111 1042 188 1077 Πᾶν,
209 1055 221 1066 ι·
240 1041 410 1081 προστίθησιν
426 1052 432 1058 ·
463 1042 516 1070 «ἐν
531 1041 605 1081 πάσῃ
625 1042 737 1082 σοφία-ιι
757 1044 812 1079 καὶ,

25 1085 60 1113 liv
74 1085 153 1114 παντὶ
165 1084 239 1125 ἔργῳ
253 1086 352 1125 ἀγαθῷ-
365 1100 376 1111 ν
391 1085 448 1122 καὶ,
463 1100 475 1112 ιι
485 1087 520 1119 εἷς
534 1090 623 1114 πᾶσαν
639 1087 789 1127 ἀρέσκειαν·
802 1102 813 1114 ν

25 1129 72 1166 καὶ,
91 1140 106 1158 α
119 1130 154 1163 εἷς
170 1134 264 1159 πᾶσαν
280 1130 464 1170 μακροθυμίαν
481 1141 486 1146 ⁸
502 1145 513 1156 ι
536 1130 637 1164 δεικνὺς
658 1132 697 1160 ὅτι
715 1131 809 1171 ἔχουσι

25 1174 64 1211 μὲν
82 1174 124 1203 καὶ
150 1178 211 1210 νῦν,
240 1176 268 1205 οὐ
290 1174 341 1212 μὴν
367 1175 396 1204 τὸ
417 1179 481 1206 πᾶν.
503 1174 590 1205 ΙὨστε
611 1175 651 1205 δεῖ
667 1176 761 1210 αὐτοὺς
783 1176 813 1206 τὸ

25 1219 110 1249 τέλειον
125 1220 151 1239 ⁷⁰
166 1219 344 1260 προσλαϐεῖν.

60 1275 72 1293 ε
98 1265 337 1305 Καρποῃοροῦντες
359 1265 405 1294 καὶ
423 1265 594 1304 αὐξανόμενοι
620 1266 657 1299 εἰς
678 1267 725 1302 τὴν
752 1267 812 1296 ἐπί-

27 1320 110 1347 γνωσιν
133 1312 178 1339 τοῦ
202 1311 291 1340 Θεοῦ.
307 1320 323 1338 ι)
342 1308 468 1349 νΩσπερ,
495 1310 590 1350 φησὶν,
613 1311 744 1350 ἐπέγνωτε
767 1311 811 1341 τὸν

29 1353 87 1382 Θεὸν
110 1353 233 1390 μειζόνως
254 1353 272 1389 ἢ
287 1355 312 1383 οἱ
336 1354 446 1384 παλαιοὶ
466 1355 502 1392 τί,
524 1354 607 1389 οὕτως
627 1355 744 1395 ὀφείλετε
767 1356 812 1385 καὶ

29 1397 50 1426 ἄν
63 1399 95 1438 τῷ
116 1399 163 1438 βίῳ
183 1398 271 1434 αὔξειν
294 1398 362 1428 κατὰ
378 1399 408 1428 τὸ
431 1399 527 1439 μέτρον
552 1401 600 1435 τῆς
615 1399 750 1438 γνώσεως·
777 1400 811 1431 Ὁ

30 1442 72 1482 γὰρ
84 1443 252 1477 καταξιωθεὶς
271 1443 368 1473 εἰδέναι
381 1444 450 1474 Θεὸν
461 1468 469 1481 ,
484 1443 553 1474 ὥστε
570 1443 597 1463 ⁷³
611 1445 656 1474 καὶ
673 1444 727 1479 υἱὸς
742 1440 811 1475 εἶναι

31 1488 108 1526 Θεοῦ,
125 1487 204 1524 πόσης
222 1490 318 1528 ἀρετῆς
333 1489 438 1525 Betui;
455 1489 511 1525 Ἦ,
527 1489 566 1518 ὅτι
583 1491 629 1519 Δεῖ
644 1488 691 1526 μὲν
709 1501 810 1529 καρπο-

870 916 934 936 vero
949 908 1000 936 hoc
1020 908 1069 936 ﬁt?
1086 910 1147 936 heu
1162 909 1251 943 alittr,
1269 909 1319 937 nisi
1335 910 1362 937 in
1378 910 1452 938 omni
1468 918 1550 946 opere
1566 910 1638 938 bono
1656 918 1662 936 :

869 952 916 980 ubi
936 953 1009 981 enim
1034 961 1118 981 omne
1140 961 1210 990 opus
1224 954 1329 982 bonum
1345 959 1395 988 est,
1422 955 1459 982 ibi
1474 959 1502 983 et
1516 955 1594 991 plena
1618 955 1668 983 Dei

868 998 1080 1034 complacentia.
1110 998 1259 1027 Considera
1282 1003 1375 1027 autem
1404 999 1543 1035 quomodo
1568 1000 1666 1036 ubique

868 1051 943 1070 omne
970 1047 1091 1079 apponat
1121 1052 1126 1070 :
1157 1045 1188 1071 In
1214 1046 1288 1071 omni
1308 1046 1469 1079 sapientia:
1484 1049 1522 1078 et,
1547 1046 1577 1072 1η
1597 1047 1669 1072 omni

869 1096 946 1123 opere
962 1089 1030 1116 bono
1048 1099 1057 1116 :
1077 1093 1104 1116 et
1118 1090 1171 1116 Per
1185 1091 1277 1116 omnia
1290 1090 1421 1124 placentes
1431 1100 1440 1116 :
1455 1094 1492 1124 et,
1506 1091 1550 1118 Αίί
1565 1098 1665 1118 onmem

871 1133 1104 1168 longanz‘milatem
1117 1143 1126 1160 :
1135 1133 1285 1162 ostendens
1299 1134 1373 1170 quod
1385 1135 1503 1162 habeant
1517 1134 1627 1171 quidem
1639 1139 1667 1162 et

869 1186 953 1213 nunc,
974 1178 1098 1207 nondum
1114 1183 1204 1206 tamen
1217 1183 1307 1207 totum
1325 1189 1330 1206 ς
1350 1187 1433 1216 quare
1447 1180 1665 1208 consummatio-

867 1231 933 1251 nem
948 1231 995 1252 eos
1012 1231 1151 1252 assumere
1165 1229 1282 1260 οροηῦῐ.

907 1269 1108 1303 Frucli/icanlcs
1139 1273 1163 1297 et
1194 1272 1334 1297 crescentes
1364 1271 1392 1297 in
1420 1271 1584 1305 agnitionem
1607 1272 1664 1298 Dei.

869 1313 1125 1348 Quemadmodum,
1147 1314 1246 1350 inquit,
1272 1315 1385 1342 novistis
1406 1316 1495 1342 Deum
1519 1314 1665 1350 perfectius

868 1366 950 1394 quam
966 1358 1012 1394 qui
1033 1358 1098 1386 olim
1114 1359 1213 1394 vixere,
1231 1359 1302 1387 hanc
1315 1359 1351 1387 ad
1373 1361 1506 1388 rationem
1521 1359 1625 1388 debetis
1639 1363 1665 1387 et

867 1403 894 1430 in
920 1403 974 1431 vita
996 1411 1118 1431 crescere
1140 1404 1219 1440 juxta
1239 1411 1398 1433 mensuram
1417 1404 1587 1441 cognitionis.
1612 1405 1663 1439 Qui

867 1448 939 1475 enim
965 1449 1048 1476 tantis
1073 1453 1115 1477 est
1133 1449 1264 1485 donatus,
1288 1454 1319 1477 ut
1342 1451 1431 1478 Deum
1462 1450 1554 1483 sciret,
1580 1454 1664 1486 utque

867 1493 939 1521 lilius
964 1493 1015 1521 Dei
1043 1497 1125 1527 esset,
1155 1498 1256 1530 quanta
1278 1494 1378 1522 virtute
1401 1502 1470 1529 opus
1486 1494 1587 1522 habet?
1603 1495 1662 1528 Vel,

31 1533 104 1570 ’ξυρεῖν
128 1533 194 1570 ὑμᾶς
223 1532 272 1566 τὰς
304 1533 403 1571 ἀγαθὰς
431 1533 556 1574 πράξεις,
583 1534 644 1563 ἀλλ’
670 1534 738 1564 ὥστε
767 1535 810 1564 καὶ

905 1538 928 1565 ia
943 1538 1058 1574 Oportet
1071 1546 1120 1566 vos
1131 1538 1253 1574 proferre
1268 1539 1378 1575 quidem
1390 1538 1511 1566 fructum
1525 1539 1661 1566 bonorum

32 1574 70 1609 τὴν
84 1576 217 1615 ἐπίγνωσιν
239 1579 286 1606 τοῦ
303 1579 372 1607 Θεοῦ
398 1577 468 1618 ἔχειν
491 1579 525 1612 ὡς
549 1579 605 1618 δεῖ,
631 1579 676 1608 χαὶ
698 1579 747 1618 οὐχ
776 1581 810 1613 ὡς

42 1621 55 1628 μ.
81 1621 91 1630 κ
133 1625 142 1630 -
189 1622 200 1632 ν
287 1623 294 1631 r
317 1622 323 1632 I
358 1622 365 1633 ι
407 1622 418 1634 ιν
529 1622 535 1632 ι
752 1623 759 1634 Ι

32 1631 67 1647 νυν
79 1631 170 1652 οοκειτε
185 1634 268 1662 εχειν.
293 1623 323 1652 Γι
337 1634 388 1661 γαρ
403 1624 494 1662 οφελος
509 1625 566 1662 βιου
588 1623 634 1652 καὶ
655 1624 790 1657 πολιτειας
801 1646 809 1660 ,

32 1664 68 1692 ἐὰν
90 1667 194 1704 ἀγνοῆτε
216 1667 262 1696 τὸν
287 1666 350 1697 Υῐὸν
374 1669 421 1696 τοῦ
445 1669 533 1704 Θεοῦς
559 1667 660 1697 Σκόπει
685 1667 727 1704 δὲ,
755 1670 810 1702 πῶς

33 1709 138 1749 ἀνωτέρω
155 1713 200 1746 τῆς
221 1711 389 1750 ἐπιγνώσεως
406 1711 486 1751 ἔφησε
513 1713 614 1741 δεῖσθαι
634 1713 669 1746 εἷς
684 1712 714 1741 τὸ
731 1725 809 1752 περι-

23 1755 135 1790 .πατῆσαι
151 1755 225 1790 ἀξίως
248 1759 295 1785 τοῦ
321 1756 420 1795 Κυρίου
437 1768 443 1775 ·
466 1759 511 1785 νῦν
537 1752 610 1790 αὖθις
635 1758 742 1787 ἀπαιτεῖ
760 1759 809 1786 αὖ-

33 1796 103 1830 ξᾶνειν
118 1801 142 1828 ἓν
161 1804 213 1832 τοῖς
237 1801 346 1839 ἀγαθοῖς
370 1801 470 1840 ἔργοις,
498 1802 534 1834 εἰς
555 1801 584 1830 τὸ
608 1801 665 1839 ἅμα
693 1803 738 1830 καὶ
765 1802 809 1831 τὸν

32 1842 89 1871 Θεὸν
121 1844 299 1884 ἐπιγινώσκειν
325 1857 332 1865 ι
363 1845 485 1886 ἑκάτερον
513 1845 565 1886 γὰρ
595 1845 720 1886 ἑκατέρου
762 1858 810 1876 συ-

33 1890 147 1920 στατικόν.

69 1987 81 2005 α
98 1977 139 2008 Ἐν
162 1979 235 2018 πάσῃ
262 1979 372 2019 δυνάμει
390 1979 593 2019 δυναμούμενοι.
623 1992 637 2008 κ
667 1979 809 2020 Εὖχόμεθα

32 2019 67 2048 ἵνα
88 2023 238 2063 πληρωθῆτε
260 2035 273 2052 (ι
287 2025 313 2053 ἐν
337 2024 409 2064 πάσῃ
431 2025 541 2063 δυνάμει
567 2019 773 2063 δυναμούμενοι.
793 2039 805 2052 ι

103 2067 143 2105 τίς
159 2069 229 2109 Πρὸς
243 2068 304 2103 τοὺς
326 2069 488 2108 πειρασμοὺς
511 2071 557 2099 καὶ
572 2069 632 2103 τοὺς
654 2069 784 2110 διωγμοὺς
799 2091 807 2106 ,

32 2108 88 2140 ὥστε
101 2112 135 2150 μὴ
148 2114 306 2151 ἄκηδιᾶσαι,
328 2114 395 2150 μηδὲ
411 2115 573 2153 ἀπογνῶναι.

64 2167 76 2182 ι
88 2157 160 2187 Κατὰ
170 2158 199 2188 τὸ
213 2159 309 2199 κράτος
324 2161 371 2195 τῆς
389 2159 464 2196 δόξης
477 2160 569 2190 αὐτοῦ.
586 2173 598 2186 ι
610 2159 669 2190 Ἵνα
681 2159 804 2196 τοιαύτην

33 2199 126 2244 δύναμιν
142 2203 176 2243 δῷ
191 2205 268 2242 ὑμῖν,
283 2203 341 2234 οἵαν
359 2203 454 2244 πρέπει
475 2205 547 2244 αὖτῷ
563 2203 661 2234 διδόναι
674 2226 683 2243 ,
705 2204 804 2244 ἄφατον

32 2243 69 2272 καὶ
80 2245 176 2286 ἄπειρον
193 2248 294 2285 δηλαδή
306 2261 313 2268 υ
329 2243 399 2284 πλὴν
414 2250 449 2282 ὡς
464 2243 594 2288 ἀνθρῶπῲ
609 2249 719 2279 δυνατὸν
731 2243 804 2278 νταῦ-

31 2298 70 2333 την
87 2291 178 2321 λαϐεῖν.
194 2294 285 2330 Πολλὴ
308 2293 336 2323 δὲ
359 2295 375 2329 ἡ
398 2293 563 2333 παραμυθία.
590 2295 631 2324 Οὐ
652 2294 703 2333 γὰρ
729 2289 803 2330 εἶπε,

32 2331 149 2378 “My-Iv,
166 2337 245 2377 ἀλλὰ,
262 2351 274 2364 ιι
293 2337 410 2378 Κράτος,
426 2331 444 2367 ι).
459 2337 474 2367 ὃ
488 2338 576 2376 μεῖζόν
591 2331 678 2368 ἔστιν·
691 2331 727 2372 ὣς
737 2338 769 2368 ἂν
780 2339 802 2367 εἷ

32 2376 108 2424 ἔλεςί-ε·
134 2381 273 2422 Πανταχ-οῢ
297 2376 389 2419 ἠἺδόξα
415 2384 494 2413 αὐτοῦ
515 2385 615 2424 κρατεῖ.
643 2382 690 2419 Μὴ
714 2384 802 2413 τοίνυν

33 2421 87 2455 μηδὲ
99 2424 165 2462 ὖμεῖς
187 2427 212 2455 ἐν
224 2421 285 2461 τοῖς
308 2427 400 2461 δεινοῖς
419 2421 595 2466 μαλακίζεσθε
615 2439 622 2446 ·
643 2427 801 2466 δυναμωθή-

33 2469 96 2514 “fles
107 2468 180 2514 1&9,
205 2472 240 2505 ὥς
253 2472 321 2506 εἰκὸς
348 2471 408 2506 τοὺς
433 2472 557 2512 Δεσπότῃ
583 2472 655 2503 οὕσω
680 2474 801 2514 κραταιῷ

33 2510 70 2538 καὶ
80 2512 164 2554 ἐνδόξῳ
175 2515 350 2550 δουλεύοντας.

67 2566 80 2602 _‘
95 2557 137 2591 Εἷς
147 2563 231 2589 πᾶσαν
246 2561 382 2598 ὑπομονὴν
396 2562 442 2592 καὶ
459 2562 654 2602 μακροθυμίαν·
665 2576 676 2589 ι
690 2575 703 2589 α
719 2564 804 2592 Δυνα-

34 2599 142 2638 Wst-urat
155 2605 189 2637 εἷς
203 2609 290 2636 πᾶσαν
307 2607 442 2645 ὑπομονὴν
454 2599 488 2644 ,u
506 2599 555 2644 τὴν
569 2599 634 2648 πρὸς
652 2607 711 2641 τοὺς
725 2607 775 2641 ἔξω
792 2617 799 2625 ·

34 2654 43 2667 '
53 2649 228 2696 θαιροθυμίᾳν,
237 2665 249 2677 ι
263 2651 312 2687 τὴν
325 2652 391 2692 πρὸς
405 2653 550 2690 ἀλλήλους.
565 2655 739 2693 Μακροθυμεῖ
753 2653 800 2691 μὲν

36 2693 77 2727 γάρ
99 2701 133 2725 τις
157 2693 216 2734 πρὸς
238 2696 366 2738 ἐκείνους,
399 2697 442 2732 οὓς
481 2699 589 2728 δυνατὸν
615 2697 765 2738 ἀμύνασθαι
791 2707 799 2716 ·

866 1583 1050 1618 operum,sed
1063 1583 1098 1611 ita
1113 1587 1142 1610 ut
1156 1588 1183 1612 et
1193 1584 1359 1620 agnitionem
1373 1583 1422 1611 Dei
1433 1583 1556 1611 habeatis
1568 1591 1664 1619 qucm~

865 1627 1016 1655 admodum
1037 1628 1184 1661 convenit,
1207 1631 1234 1656 et
1255 1636 1312 1656 non
1331 1628 1569 1665 quemadmodum
1592 1636 1664 1656 nunc

866 1671 998 1700 videmini
1020 1672 1129 1701 habere.
1159 1673 1227 1708 Quae
1251 1674 1325 1701 enim
1347 1673 1533 1702 commoditas
1556 1673 1618 1702 vitae
1637 1678 1665 1701 et

864 1718 1078 1745 conversationis
1102 1722 1209 1750 vestrae,
1234 1718 1257 1746 si
1284 1718 1415 1754 ignoretis
1441 1718 1539 1746 Filium
1578 1718 1628 1746 Dei
1651 1719 1663 1745 Ρ

867 1761 934 1788 Vide
951 1766 1043 1789 autem
1062 1762 1202 1797 quomodo
1225 1769 1307 1797 supra
1325 1770 1371 1790 eos
1386 1763 1544 1796 cognitione
1563 1762 1664 1789 dixerit

866 1805 987 1841 indigere
998 1806 1031 1834 ad
1042 1806 1094 1834 hoc
1107 1806 1226 1841 utdignc
1239 1806 1360 1834 Domino
1373 1806 1456 1842 467
1468 1807 1642 1834 ambularent
1655 1827 1661 1834 .

865 1859 938 1878 nunc
955 1859 1048 1878 rursus
1074 1851 1157 1886 exigit
1171 1851 1204 1878 ab
1230 1850 1269 1878 eis
1293 1855 1323 1878 ut
1344 1855 1468 1878 crescant
1491 1851 1517 1878 in
1531 1850 1662 1886 operibus

865 1897 955 1930 bonis,
971 1899 1001 1923 ut
1017 1895 1097 1923 simul
1119 1897 1209 1923 Deum
1226 1895 1309 1923 etiam
1326 1899 1485 1931 agnoscant.
1507 1897 1662 1932 Utrumque

865 1942 939 1970 enim
952 1941 1095 1976 utriusque
1109 1944 1149 1967 est
1163 1940 1384 1968 constitutivum.

900 1988 991 2015 Vens.
1010 1989 1050 2014 tl.
1066 1987 1098 2013 In
1113 1987 1185 2013 omni
1200 1986 1321 2020 polentia
1333 1986 1488 2019 confortali.
1516 1986 1661 2014 Precamur

865 2035 895 2060 ut
921 2031 1089 2067 impleamini
1114 2039 1140 2058 in
1175 2030 1250 2058 omni
1278 2030 1398 2066 potentia
1421 2030 1566 2058 confortati
1590 2040 1597 2058 :
1626 2031 1661 2059 ad

864 2077 951 2113 quid?
984 2076 1122 2103 Adversus
1150 2075 1312 2103 tcutationes
1340 2079 1368 2103 et
1393 2076 1595 2111 persecutiones
1625 2083 1659 2104 ne

863 2121 997 2157 torpeatis
1005 2129 1094 2157 neque
1107 2120 1266 2156 despcretis.

900 2167 1052 2194 Secundum
1070 2166 1222 2201 potentiam
1244 2165 1339 2199 gloria
1361 2165 1428 2200 ejus.
1444 2166 1483 2193 Ut
1503 2165 1660 2201 hujusmodi

864 2206 910 2235 det
931 2207 1006 2234 vobis
1024 2206 1186 2242 potentiam,
1197 2205 1307 2241 qualem
1322 2205 1401 2232 decet
1412 2212 1475 2232 eum
1494 2205 1569 2239 dare,
1586 2206 1658 2234 inef-

859 2251 970 2280 fabilem
985 2255 1012 2278 et
1026 2250 1159 2278 infinitam
1175 2249 1300 2278 videlicet
1317 2258 1324 2276 :
1341 2254 1531 2278 verumtamen
1545 2250 1658 2286 qualem

859 2296 986 2332 possibile
1007 2299 1048 2324 est
1070 2295 1104 2323 ab
1125 2294 1238 2323 homine
1258 2294 1352 2330 accipi.
1377 2295 1475 2330 Magna
1501 2299 1593 2323 autem
1617 2299 1660 2323 est

857 2341 1016 2370 consolatio.
1040 2341 1101 2368 Non
1122 2339 1197 2367 enim
1213 2338 1298 2374 dixit,
1323 2338 1441 2374 Δύναμιν,
1466 2339 1517 2367 sed
1530 2361 1537 2374 ,
1553 2339 1658 2375 Κράτος,

856 2386 931 2422 quod
950 2385 1040 2421 majus
1061 2390 1103 2412 est;
1119 2393 1125 2411 :
1142 2384 1218 2420 quasi
1240 2383 1354 2418 diceret,
1370 2384 1481 2420 Ubique
1499 2385 1556 2420 ejus
1571 2385 1658 2420 gloria

855 2431 1021 2459 dominatur.
1038 2429 1129 2458 Nolite
1144 2429 1226 2465 igitur
1243 2437 1289 2457 vos
1307 2429 1334 2456 in
1356 2429 1482 2465 periculis
1498 2430 1627 2466 languere
1648 2441 1655 2459 :

855 2475 1078 2504 confortabimini
1088 2474 1162 2502 enim
1170 2494 1178 2509 ,
1189 2478 1220 2502 ut
1231 2481 1279 2510 par
1288 2478 1330 2503 est
1337 2481 1384 2514 eos
1394 2474 1440 2510 qui
1454 2475 1577 2503 Domino
1587 2475 1657 2503 adeo

860 2520 924 2549 forti
940 2528 971 2548 ac
984 2519 1083 2548 celebri
1100 2519 1229 2547 serviant.

895 2565 942 2593 Ad
951 2573 1052 2593 omnem
1065 2565 1231 2600 patientiam
1244 2567 1268 2592 et
1281 2565 1520 2600 longanimitatem.
1537 2563 1654 2593 Confor-

857 2611 906 2639 tati
919 2610 954 2639 ad
971 2617 1083 2638 omnem
1098 2609 1267 2645 patientiam,
1284 2617 1346 2645 erga
1367 2617 1415 2638 eos
1433 2609 1480 2645 qui
1493 2607 1558 2636 foris
1572 2611 1651 2640 sunt;

855 2656 1104 2692 longanimitatem,
1127 2656 1197 2683 inter
1211 2663 1260 2684 vos
1275 2659 1382 2683 mutuo.
1407 2656 1457 2682 Est
1471 2654 1543 2682 enim
1558 2653 1656 2688 aliquis

856 2701 1021 2737 longanimis
1035 2708 1097 2737 erga
1117 2708 1164 2729 eos
1189 2708 1259 2737 quos
1281 2700 1375 2728 ulcisci
1399 2698 1484 2735 possit
1509 2708 1514 2725 :
1540 2698 1653 2726 sustinet

696 2783 790 2813 Variae
813 2783 963 2813 lectiones.

68 2817 155 2853 Ἰυτέλικ
165 2830 192 2853 0.
229 2826 247 2844 '“
262 2827 342 2855 πάλαι
355 2835 382 2856 o.
421 2828 442 2846 ⁷³
457 2828 522 2855 οὕτω
537 2837 562 2858 ο.
