1890 3077
46 186 98 212 121

699 182 731 209 IN
751 181 856 209 EPIST.
876 181 922 208 Al)
942 180 1078 208 COLOSS.
1101 195 1131 200 —-
1146 180 1221 208 CAP.
1242 181 1264 207 Ι.

1636 183 1703 209 1218

39 246 104 285 ἔχει
138 246 246 286 μερίδα.
285 246 417 276 Ἐνταῦθα
446 244 474 274 δὲ
502 245 547 274 καὶ
576 246 622 274 τοῦ
647 245 727 274 αὐτοῦ
753 244 851 284 κλήρου

948 247 987 271 rte
1001 243 1122 276 donavit,
1137 246 1165 270 et
1176 242 1271 270 eadem
1293 245 1380 278 parte.
1403 243 1512 271 Sortem
1532 247 1626 272 autem
1641 243 1702 271 ubi-

44 291 220 327 ἧξίωσε,χαὶ
240 292 286 326 τῆς
299 292 379 326 αὐτῆς
403 290 516 330 μερίδος.
540 290 646 330 Κλῆρον
670 289 697 318 δὲ
713 292 852 328 πανταχοῖ)

39 337 142 372 καλεῖ,
159 335 202 364 ἵνα
224 335 294 375 δείξῃ
310 336 349 364 ὅτι
365 335 458 374 ὥσπερ
478 337 491 364 ὁ
509 337 606 373 κλῆρος
621 335 669 363 οὐκ
686 334 853 374 ἀνθρωπίνης

42 380 109 409 ἐστὶ
130 381 250 416 σπουδῆς
263 403 271 419 ,
293 379 363 409 ἀλλὰ
385 381 523 419 ἐπιτυχίας
548 380 650 418 μᾶλλον
677 380 747 408 δοκεί
763 391 769 397 -
784 378 854 407 οὕτω

40 425 94 454 καὶ
120 427 204 464 ἡμεῖς
232 426 279 454 οὐκ
308 425 360 453 ἀπὸ
392 424 604 464 κατορθωμάτων
634 427 680 460 τῆς
717 424 854 463 βασιλείας

42 470 214 509 ἀξιούμεθα,
230 469 297 499 ἀλλὰ
313 471 361 505 τῆς
375 469 445 503 θείας
466 471 564 508 δωρεᾶς
587 471 643 498 ἐστι
667 469 697 498 τὸ
713 473 778 498 πᾶν.
803 468 854 498 Διὰ

42 517 149 551 τοῦτο,
168 528 179 541 ι
192 513 280 545 Ὅταν
296 514 382 543 πάντα
398 514 592 553 κατορθώσητε,
606 528 618 540 υ
634 513 714 553 φησὶ,
731 527 741 539 κ
752 513 853 552 λέγετε,

42 558 89 588 ὅτι
105 559 224 600 Ἀχρείοι
238 558 325 589 δοῦλοί
340 561 419 598 ἐσμεν
431 569 437 577 ”
457 558 472 588 ὃ
485 560 536 599 γὰρ
556 559 698 599 ὀφείλομεν
723 561 853 594 ποιῆσαι,

43 605 244 643 πεποιήκαμεν
252 627 259 635 .
287 617 298 630 ι

96 683 111 695 «ι
125 669 175 699 Ἐν
189 670 227 709 τῷ
241 668 317 710 φωτί.
332 682 344 695 ν
357 668 410 700 Καὶ
424 669 462 709 τῷ
478 668 610 706 μέλλοντι,
621 667 666 698 καὶ
680 669 718 708 τῷ
733 668 854 708 παρόντι,

46 713 177 744 τουτέστι
202 716 235 753 τῇ
257 714 362 754 γνώσει.
390 714 444 744 Καὶ
466 717 511 742 νῦν
539 713 591 753 γὰρ
616 713 760 754 ἐφώτισεν,
785 715 856 742 ἀπο-

47 759 180 798 καλύψας
202 760 266 795 ἡμῖν
280 759 314 788 τὰ
331 759 465 799 μυστήρια
477 781 485 796 ,
508 758 553 788 καὶ
574 759 600 788 ἐν
619 760 658 798 τῷ
681 757 807 797 μέλλοντι
823 758 854 788 τὸ

47 803 213 844 τρανότερον
230 804 320 834 δώσει.

98 868 114 885 ι
129 857 184 891 ⁸ος
207 858 336 898 ἔῤῥύσατο
360 860 430 896 ἡμᾶς
455 859 485 886 ἐκ
506 859 552 892 τῖς
575 856 692 892 ἔξουσίας
717 859 762 886 τοῦ
790 858 853 887 σκό-

51 914 129 935 τους,
148 916 162 929 ι
181 903 223 933 Οὐ
246 905 322 932 τοῦτο
351 902 520 941 μόνον’ἒστὶ,
547 902 631 941 μέγα,
653 901 691 932 ὅτι
715 903 850 942 βασιλείας

49 947 190 986 ἠξίωσεν,
216 947 277 977 ἀλλ’
292 947 331 977 ὅτι
354 948 399 976 καὶ
422 947 493 981 τίνας
520 947 595 981 ὄντας
619 946 722 988 πρώην.
747 948 788 978 Οὐ
803 947 854 987 γάρ

50 993 126 1021 ἐστιν
152 992 208 1022 ἴσον
233 992 263 1022 τὸ
278 996 331 1026 τοῖς
348 993 426 1026 ἀξίοις
451 991 541 1022 δοῦναί
558 1004 602 1030 τι,
623 992 670 1021 καὶ
696 992 725 1021 τὸ
744 996 797 1025 τοῖς
811 995 854 1021 ἀν-

50 1036 138 1070 αξίοις
151 1049 157 1056 '
181 1036 196 1066 8
218 1038 262 1067 καὶ
278 1038 305 1066 ἐν
321 1040 354 1078 τῇ
369 1036 433 1077 πρὸς
448 1037 599 1074 Ῥωμαίους
623 1037 688 1076 φησί
709 1049 716 1055 “
736 1048 750 1065 (ι
767 1037 854 1078 Μόλις

52 1081 110 1121 γὰρ
134 1081 209 1121 ὕπὲρῖ
225 1082 326 1111 δικαίου
341 1094 380 1115 τις
396 1083 577 1111 ἀποθανεῖται,
595 1093 609 1110 ο
627 1081 696 1114 Τοὺς
714 1081 792 1114 ὄντας
809 1077 853 1111 οὖν

51 1127 107 1154 ὑπὸ
120 1125 170 1161 τὴν
191 1126 309 1161 ἐξουσίαν
323 1129 368 1156 τοῦ
383 1126 506 1161 σκότους,
524 1126 642 1156 τουτέστι
660 1129 706 1161 τῆς
718 1126 841 1165 πλάνης,

51 1170 101 1198 καὶ
129 1173 177 1206 τῆς
201 1171 351 1211 τυραννίδος
375 1174 419 1200 τοῦ
446 1171 579 1200 διαϐόλου.
615 1171 669 1201 Καὶ
701 1173 748 1200 οὐκ
776 1167 850 1205 εἶπε,

52 1214 184 1252 Σχότους,
198 1216 301 1252 ἁπλῶς,
315 1216 384 1254 ἀλλ’,
395 1215 559 1249 ιιἘΞουσίοις.
568 1229 578 1241 η
597 1215 703 1251 Πολλὴν
715 1216 765 1255 γὰρ
776 1218 852 1254 ἡμῶν

51 1255 113 1299 εἶχε
143 1260 193 1296 τὴν
219 1261 337 1294 ἐξουσίαν
365 1260 410 1289 καὶ
436 1261 550 1300 ἐκράτει.
574 1260 701 1291 Χαλεπὸν
728 1260 776 1298 μὲν
802 1262 852 1300 γὰρ

52 1305 103 1332 καὶ
125 1305 156 1334 τὸ
171 1305 261 1338 ἁπλῶς
286 1300 353 1334 εἶναι
379 1305 430 1334 ὑπὸ
455 1305 500 1334 τὸν
516 1305 638 1335 διάϐολον
655 1317 662 1323 ·
688 1305 717 1334 τὸ
743 1305 769 1334 δὲ
796 1305 853 1344 μετ’

51 1348 185 1385 ἔξουσίας,
209 1352 284 1379 τοῦτο
304 1349 501 1390 χαλεπώτερον.
528 1351 586 1380 Οὐκ
601 1345 658 1379 εἷπε
681 1350 707 1379 δὲ
720 1373 728 1388 ,
742 1350 852 1384 Ἐξέϐα-

51 1395 113 1429 λεν,
131 1395 198 1430 ἀλλ’,
218 1405 233 1423 ιι
253 1394 402 1435 Ἐῤῥύσατο
413 1417 421 1431 ,
437 1408 448 1421 ι
464 1395 563 1429 δεικνὺς
576 1395 616 1425 ὅτι
632 1397 667 1429 ὡς
683 1395 852 1435 αἰχμάλωτοι

52 1439 312 1479 ἐταλαιπωρούμεθα
319 1462 326 1470 .

907 296 960 324 que
981 291 1070 320 vocat,
1090 291 1122 315 ut
1148 287 1283 321 ostendat,
1298 286 1372 323 quod
1385 287 1619 323 quemadmodum
1643 295 1703 316 sors

908 343 964 363 non
992 339 1033 362 est
1056 334 1184 362 humanae
1210 333 1367 369 diligentiae,
1395 333 1442 362 sed
1469 333 1589 363 fortuna;
1612 335 1702 370 potius

909 379 1025 413 videtur,
1056 378 1124 406 hanc
1147 378 1181 405 ad
1212 378 1345 405 rationem
1371 386 1422 406 nos
1438 386 1495 406 non
1531 387 1563 407 ex
1602 379 1702 406 nostris

909 423 1052 451 virtutibus
1062 431 1148 458 regno
1162 422 1236 458 digni
1250 422 1418 458 judicamur,
1436 423 1482 451 sed
1499 423 1598 451 divinae
1612 427 1701 451 totum

910 473 949 496 est
957 468 1060 503 gratia).
1074 469 1233 503 Propterea,
1247 468 1312 495 Cum
1321 468 1595 502 omniaperfeceritis,
1604 468 1701 504 inquit,

909 513 991 540 dicite
1004 513 1073 547 quod
1085 513 1195 539 inutiles
1202 513 1277 539 serui
1285 513 1368 539 simus
1379 522 1387 537 :
1398 512 1468 547 quod
1479 514 1550 539 enim
1562 512 1702 540 debuimus

910 560 1007 593 facere,
1034 560 1147 594 fecimus
1163 563 1187 584 8.

946 663 978 689 In
993 662 1105 690 lumine.
1120 663 1153 689 Et
1164 661 1265 696 futuro,
1286 665 1313 689 et
1327 661 1464 698 praesenti,
1483 660 1510 689 id
1525 665 1566 689 est
1580 662 1705 690 scientia.

910 707 992 734 Nunc
1004 707 1078 734 enim
1094 706 1254 734 illuminavit
1266 714 1330 739 nos,
1344 707 1467 734 revelans
1478 706 1556 734 nobis
1567 706 1704 742 mysteria,

911 755 937 778 et
948 751 976 779 in
990 750 1085 779 futuro
1100 751 1232 787 majorem
1257 751 1388 786 largietur
1399 751 1562 779 claritatem.

945 856 1032 883 Vnus.
1052 857 1093 882 13.
1111 856 1164 889 Qui
1175 855 1276 890 eripuit
1289 863 1335 882 nos
1348 863 1364 882 α
1375 857 1508 890 potestate
1522 855 1703 883 tenebrarum.

911 901 971 928 Non
986 900 1038 928 hoc
1048 900 1139 927 solum
1151 908 1282 935 magnum
1298 904 1349 933 est,
1367 899 1442 935 quod
1453 907 1505 928 nos
1515 907 1601 935 regno
1616 900 1702 928 dona-

911 946 955 979 rit,
971 953 1063 972 verum
1078 944 1153 980 quod
1183 952 1234 972 nos
1252 945 1298 980 qui
1314 944 1381 972 tales
1403 944 1478 980 prius
1503 952 1631 972 eramus:
1649 953 1704 972 non

909 990 984 1017 enim
1007 989 1117 1025 perinde
1133 994 1174 1017 est
1192 989 1284 1024 dignis
1309 988 1412 1024 aliquid
1432 989 1508 1023 dare,
1533 993 1560 1017 et
1576 989 1702 1025 indignis.

909 1034 988 1068 Quod
1000 1038 1027 1061 et
1041 1034 1066 1061 in
1081 1034 1202 1069 Epistola
1224 1033 1258 1060 ad
1273 1035 1414 1061 Romanos
1429 1034 1518 1069 inquit
1533 1043 1539 1061 :
1565 1035 1620 1061 Via:
1634 1035 1703 1061 enim

909 1087 958 1113 pro
968 1079 1043 1113 justo
1062 1080 1124 1114 quis
1149 1079 1267 1105 moritur
1282 1087 1305 1107 ιι.
1320 1078 1371 1112 Qui
1395 1077 1475 1114 igitur
1495 1078 1545 1106 sub
1571 1083 1704 1114 potestate

908 1123 1098 1156 tenebrarum,
1115 1126 1210 1157 ferant,
1245 1123 1297 1150 hoc
1318 1127 1359 1150 est
1382 1123 1483 1150 erroris
1502 1127 1530 1151 et
1556 1123 1706 1159 tyrannidis

909 1168 1023 1195 diaboli.
1039 1169 1093 1195 Nec
1107 1167 1186 1199 dixit,
1200 1176 1217 1194 ιι
1228 1168 1345 1195 tenebris
1359 1167 1534 1203 simpliciter,
1549 1167 1608 1201 sed,
1628 1176 1704 1203 apo-

909 1214 1004 1240 testute
1029 1222 1037 1238 :
1056 1213 1170 1240 multam
1189 1213 1266 1240 enim
1281 1212 1370 1239 nostri
1387 1216 1549 1247 potestatem
1577 1211 1705 1246 habebat,

908 1264 940 1284 ac
952 1257 1156 1285 dominabatur.
1175 1257 1244 1284 Nam
1259 1264 1339 1293 grave
1357 1256 1468 1292 quidem
1489 1261 1530 1284 est
1544 1257 1706 1292 simpliciter

908 1301 960 1329 sub
987 1301 1097 1329 diabolo
1124 1309 1184 1329 esse
1201 1310 1208 1329 :
1228 1309 1324 1329 verum
1347 1305 1476 1336 potenter
1490 1301 1513 1329 ei
1527 1301 1634 1337 subjici,
1651 1301 1705 1330 hoc

909 1345 988 1382 longe
1002 1350 1043 1374 est
1055 1346 1174 1382 gravius.
1184 1347 1244 1373 Non
1260 1345 1328 1373 dixit
1344 1349 1449 1379 autem,
1465 1345 1561 1381 Ejecit,
1572 1346 1630 1378 sed,
1642 1348 1705 1375 Eri-

908 1392 978 1426 puit,
1003 1390 1149 1419 ostendens
1165 1390 1240 1426 quod
1257 1394 1391 1426 tanquam
1406 1390 1503 1426 captivi
1518 1390 1546 1418 in
1570 1392 1706 1419 aerumnis

908 1435 1114 1463 detinebantur.

100 1503 114 1521 τ
133 1494 187 1522 Καὶ
201 1494 360 1531 μετέστησεν
375 1494 411 1528 εἷς
433 1494 481 1530 τὴν
505 1494 641 1533 βασιλείαν
656 1496 701 1524 τοῦ
722 1495 788 1524 Υἱοῧ
804 1497 852 1530 τῆς

948 1495 982 1521 Et
992 1495 1132 1522 transtulit
1140 1495 1169 1521 in
1177 1501 1291 1528 regnum
1300 1494 1366 1522 Filii
1375 1494 1526 1522 dilectionis
1534 1502 1598 1522 sum.
1609 1481 1705 1530 Magna

52 1538 163 1577 ἀγάπης
178 1539 268 1568 αὗτοῧ.
283 1553 295 1564 υ
317 1539 395 1578 Μέγα
416 1538 464 1576 μὲν
486 1539 531 1569 καὶ
545 1539 576 1569 τὸ
591 1539 699 1572 σκότους
724 1541 853 1570 ἀπαλλά-

56 1583 100 1616 Ξαι
119 1593 125 1599 ·
143 1583 172 1612 τὸ
187 1582 214 1612 δὲ
227 1583 271 1612 καὶ
287 1584 322 1616 εἷς
341 1584 478 1623 βασιλείαν
501 1585 666 1623 εἰσαγαγεῖν,
688 1585 778 1625 πολλῷ
797 1590 853 1623 μεῖ-

57 1630 114 1661 ζον.
140 1628 193 1657 Καὶ
208 1628 257 1668 οὔχ
283 1628 389 1663 ἁπλῶς,
416 1629 473 1658 ἀλλ’
489 1629 557 1658 ὥστε
582 1629 798 1668 συμϐασιλεῧσαι
815 1632 852 1669 τῷ

57 1673 118 1712 Tit?)
148 1674 193 1707 τῆς
233 1673 352 1712 ἀγάπης,
390 1673 510 1703 τουτέστι
538 1676 575 1714 τῷ
603 1675 756 1714 ἀγαπητῷ,
795 1675 854 1707 τοὺς

55 1716 179 1757 ἐχθροὺς,
200 1717 259 1750 τοὺς
274 1717 482 1756 ἐσκοτισμένους’
505 1718 544 1748 εῸ
559 1718 605 1748 καὶ
622 1720 741 1759 ἀλλαχοῦ
758 1719 832 1758 λέγει
847 1731 852 1738 -

56 1776 68 1788 ι
87 1763 120 1792 Εἰ
131 1762 314 1801 ὑπομένομεν,
335 1763 380 1791 καὶ
404 1763 661 1802 συμϐασιλεύσομεν.
676 1775 690 1792 ι)
717 1765 776 1794 Οὖκ
793 1760 850 1794 εἷπε

56 1808 105 1842 δὲ,
128 1807 264 1842 Μετέθηκε
282 1807 328 1845 (τὸ
342 1807 392 1848 γὰρ
413 1808 472 1837 ὅλον
488 1811 535 1849 τοῖοί
555 1808 711 1846 μεταθέντας
735 1809 766 1837 ἂν
790 1804 852 1849 ἦν),

58 1851 146 1888 ἀλλὰ,
166 1862 180 1880 (ι
197 1851 380 1889 Μετέστησεν,
396 1863 410 1880 ι)
427 1851 496 1882 ὥστε
511 1847 577 1882 εἶναί
590 1865 614 1882 τι
628 1853 673 1883 καὶ
687 1854 772 1892 ἡμῶν.
787 1854 852 1883 Δεί-

56 1907 135 1926 κνυσι
150 1895 176 1925 δὲ
192 1897 235 1925 διὰ
249 1898 294 1932 τ’ἤς
308 1896 400 1931 λέξεως
421 1897 467 1926 καὶ
482 1898 512 1927 τὸ
534 1897 640 1927 εὔκολον
655 1900 702 1934 τῆς
717 1901 762 1928 τοῦ
778 1901 851 1929 Θεοῦ

56 1941 207 1979 δυνάμεως,
231 1941 321 1981 ὥσπερ
339 1941 370 1970 ἂν
395 1942 420 1971 εἴ
441 1954 480 1976 τις
503 1942 668 1983 στρατιώτην
696 1943 750 1973 ἀπὸ
770 1944 852 1973 τόπου

57 1987 96 2019 εἷς
111 1985 189 2016 τόπον
204 1987 361 2025 μεταγάγοι.

104 2053 116 2066 ι
136 2039 182 2069 Ἐν
196 2035 218 2079 ᾧ
235 2039 330 2079 ἔχομεν
342 2040 389 2076 τὴν
404 2041 601 2081 ἀπολύτρωσιν,
623 2042 671 2078 τὴν
687 2043 782 2083 ἄφεσιν
801 2046 852 2072 τῶν

56 2085 208 2124 ἁμαρτιῶν.
229 2097 242 2114 ι)
271 2084 332 2114 Ἵνα
354 2085 391 2124 μὴ
417 2086 531 2119 ἀκούσας
555 2086 595 2116 ὅτι
621 2088 754 2127 ἐρρύσατο
783 2090 854 2125 ἡμᾶς

53 2133 68 2160 ὁ
86 2128 198 2168 Πατὴρ,
212 2129 320 2170 νομίσῃς
345 2131 389 2159 τὸν
405 2131 469 2160 Υἱὸν
486 2131 568 2169 μηδὲν
593 2133 629 2165 εἰς
653 2134 726 2169 ἡμᾶς
756 2133 855 2170 ἀγαθὸν

909 1545 973 1566 sane
988 1546 1030 1566 res
1048 1542 1122 1571 est,a
1135 1538 1253 1566 tenebris
1264 1546 1315 1566 nos
1330 1538 1445 1566 liberare
1466 1548 1473 1566 :
1493 1543 1521 1566 at
1544 1539 1571 1566 in
1591 1547 1705 1576 regnum

910 1585 995 1612 etiam
1010 1593 1061 1612 nos
1073 1584 1157 1620 469
1172 1584 1359 1619 introducere,
1376 1589 1415 1613 est
1438 1585 1516 1621 longe
1530 1585 1630 1621 majus.
1652 1587 1707 1613 Nec

908 1629 1084 1665 simpliciter,
1106 1638 1202 1657 verum
1222 1634 1252 1656 ut
1275 1630 1356 1657 simul
1385 1638 1532 1665 regnemus
1551 1638 1614 1658 cum
1639 1630 1707 1658 Filio

909 1674 1070 1707 dilectionis,
1086 1675 1139 1702 hoc
1160 1679 1201 1702 est
1224 1674 1338 1707 dilecto,
1358 1675 1404 1710 qui
1419 1675 1512 1702 hostes
1537 1682 1662 1709 eramus,
1677 1684 1709 1702 δι’

909 1719 1028 1746 tenebris
1057 1719 1181 1746 immersi
1207 1729 1212 1746 :
1234 1719 1310 1754 quod
1328 1723 1355 1746 et
1376 1719 1429 1747 alio
1446 1720 1473 1747 in
1495 1719 1554 1747 loco
1580 1720 1619 1747 ait
1651 1729 1658 1746 ς
1681 1721 1709 1748 Si

909 1765 1096 1798 compellimur,
1117 1766 1141 1791 et
1155 1764 1377 1797 conregnabimus
1391 1766 1407 1791 i.
1431 1765 1492 1792 Non
1507 1763 1579 1792 dixit
1603 1768 1707 1798 autem,

908 1809 1086 1843 Trausposuit
1104 1809 1179 1843 (nam
1196 1812 1288 1835 totum
1304 1808 1507 1844 transponentis
1527 1812 1622 1843 esset),
1649 1809 1707 1839 sed,

910 1854 1069 1886 Transtulit,
1089 1857 1120 1879 ut
1135 1856 1206 1880 esset
1215 1852 1317 1888 aliquid
1333 1853 1417 1879 etiam
1434 1857 1571 1880 nostrum.
1602 1853 1707 1880 Iudicat

910 1901 1012 1929 autem,
1030 1904 1076 1933 per
1091 1905 1152 1924 eam
1162 1896 1328 1928 dictionem,
1344 1896 1504 1924 facilitatem
1516 1897 1597 1924 etiam
1610 1901 1708 1933 poten-

910 1942 956 1970 tia:
970 1942 1029 1974 Dei,
1048 1941 1160 1978 perinde
1175 1949 1207 1969 ac
1217 1942 1238 1969 si
1253 1941 1314 1977 quis
1324 1941 1438 1970 militem
1454 1941 1558 1970 deloco
1571 1941 1598 1969 in
1615 1943 1706 1970 locum

914 1986 1049 2014 traducat.

949 2047 1037 2073 Vens.
1054 2048 1094 2073 l4.
1109 2047 1141 2073 In
1158 2053 1209 2080 quo
1224 2045 1352 2073 habemus
1371 2046 1591 2081 redemptionem,
1613 2047 1705 2074 remis-

911 2093 1012 2120 sionem
1038 2095 1218 2128 peccatorum.
1241 2094 1281 2120 Ne
1299 2100 1362 2120 cum
1383 2092 1460 2120 audis
1481 2092 1556 2128 quod
1579 2093 1707 2129 eripuerit

911 2145 963 2164 nos
977 2139 1069 2171 Pater,
1084 2137 1223 2165 existimes
1233 2137 1336 2164 Filium
1350 2136 1419 2164 nihil
1447 2137 1513 2164 boni
1533 2137 1610 2165 nobis
1626 2137 1703 2165 exhi-

58 2174 237 2210 ἐνδείξασθαι,
260 2175 329 2214 λέγει
347 2175 455 2214 λοιπὸν,
471 2176 511 2206 ὅτι
534 2176 565 2206 τὸ
580 2179 668 2214 μεῖζον
690 2178 754 2215 ἡμῖν
779 2178 855 2206 agam-

948 2182 1015 2215 lisse,
1041 2181 1169 2217 deinceps
1188 2182 1243 2209 ait:
1266 2181 1347 2216 Quod
1370 2182 1459 2217 majus
1482 2185 1523 2209 est
1536 2181 1612 2209 dedit
1626 2182 1707 2210 nobis

58 2231 106 2248 κεν
121 2221 136 2247 ὁ
154 2219 225 2252 Υἱός.
252 2220 307 2249 Τοῦ
328 2219 380 2260 γὰρ
396 2222 560 2258 μεταστῆναι
575 2223 646 2260 ἡμᾶς
661 2222 696 2256 εἷς
708 2222 755 2258 τὴν
773 2224 855 2262 βασι-

58 2262 134 2293 λείαν
163 2264 238 2297 αὐτός
266 2265 335 2293 ἐστιν
365 2264 463 2302 αἴτιος,
497 2266 676 2306 χαρισάμενος
703 2269 769 2305 ἡμῖν
808 2268 856 2302 τὴν

57 2308 204 2348 λύτρωσιν,
224 2308 344 2338 τουτέστι
367 2310 415 2346 τὴν
443 2310 534 2350 ἄφεσιν
559 2312 610 2340 τῶν
639 2311 795 2351 ἁμαρτιῶν.
823 2313 855 2342 Εἰ

58 2353 114 2394 γὰρ
137 2352 172 2391 μὴ
194 2353 376 2393 ἔλυτρώθημεν
392 2355 438 2384 καὶ
455 2355 600 2395 ἆφείθημεν
625 2355 742 2391 τούτων,
762 2358 809 2386 οὖκ
825 2357 856 2386 ἂν

59 2397 224 2436 μετέστημεν
239 2399 274 2431 εἰς
295 2398 342 2434 τὴν
364 2398 511 2438 βασιλείαν.
527 2399 718 2441 “12615701516;
734 2402 856 2441 προωδο-

59 2442 155 2478 ποίησε
168 2444 202 2480 τῇ
225 2443 310 2484 δωρεᾷ
326 2445 372 2472 τοῦ
396 2444 510 2484 Πατρός.
535 2446 594 2474 Οὐκ
609 2440 666 2474 εἶπε
690 2446 718 2474 δὲ
743 2440 854 2485 Autom-

188 2487 195 2497 1
248 2490 254 2500 ν
335 2487 343 2497 Ι
571 2488 578 2499 Ι
826 2495 842 2502 na

60 2499 104 2518 σιν
114 2510 122 2526 ,
139 2488 188 2516 ἀλλ
199 2509 207 2524 ,
225 2501 236 2513 ι
254 2489 442 2528 Απολντρωσιν
454 2500 460 2507 ·
474 2503 486 2515 ν
502 2500 638 2528 τουτεστι,
656 2490 772 2524 Τελείως
783 2493 856 2529 ἡμας

61 2531 248 2571 ἓλυτρώσατο,
263 2532 332 2562 ὥστε
347 2533 384 2571 μὴ
406 2534 530 2572 ἐμπεσεῖν
553 2534 658 2572 λοιπὸν,
684 2535 752 2574 μηδὲ
779 2535 855 2574 γενέ-

63 2580 124 2607 σθσι
151 2577 270 2619 θνητοὺς,
296 2579 331 2611 ὡς
352 2578 456 2618 ἐνόχους
482 2581 515 2619 τῇ
542 2579 661 2619 ἁμαρτίᾳ
687 2583 732 2610 τοῦ
750 2580 845 2619 Ἀδάμ.

64 2621 140 2652 Ἐπεὶ
153 2617 195 2665 οὖν
213 2622 379 2661 ἐλυτρώσατο
391 2617 412 2652 ὃν
427 2617 507 2662 Υἱὸς,
526 2617 607 2657 αὐτὸς.
618 2617 663 2654 καί
683 2617 851 2665 προσήγαγε.

66 2668 129 2700 Πῶς
143 2662 186 2709 ob}
208 2667 333 2706 ἀγγέλους
349 2670 421 2706 ὑμεῖς
441 2668 549 2709 λέγετε;
574 2662 730 2707 Σημείωσαι
753 2662 783 2700 δὲ’
806 2662 836 2699 τὸ
850 2692 858 2706 ,

71 2723 87 2742 (ι
101 2713 145 2743 Ἐν
160 2707 193 2752 ᾧ,
214 2725 229 2740 ι»
248 2713 292 2741 ἐπὶ
311 2715 357 2742 τοῦ
374 2714 448 2743 Υἱοῢ.

111 2778 125 2796 (ι
135 2766 185 2800 ’ος
200 2766 272 2796 ἔστιν
284 2767 361 2796 εἰκὼν
380 2769 424 2797 τοῦ
437 2769 508 2798 Θεοῦ
523 2771 566 2798 τοῦ
586 2770 710 2809 ἀοράτου.
732 2786 742 2797 ιι
759 2771 798 2801 Τὸ
813 2773 858 2806 τῆς

102 2851 115 2870 τ
127 2848 194 2876 Luc.
206 2854 286 2882 xvn,
303 2850 344 2876 ιο.
383 2846 396 2864 ¹¹
410 2850 493 2878 noun.
510 2857 539 2886 ν,
561 2855 586 2879 7.
626 2853 670 2881 ιιι
683 2853 754 2884 Tim.
771 2861 807 2888 ιι,
832 2857 877 2884 12.

913 2226 1006 2254 Filius.
1021 2227 1091 2254 Nam
1104 2226 1177 2262 quod
1194 2226 1284 2253 nosin
1302 2234 1416 2262 regnum
1430 2225 1635 2260 transferamur,
1652 2227 1708 2262 ipse

913 2275 954 2299 est
977 2279 1072 2303 causa,
1098 2271 1205 2299 donans
1228 2270 1308 2298 nobis
1340 2270 1566 2306 redemptionem,
1590 2271 1643 2299 hoc
1670 2276 1710 2299 est

913 2316 1105 2344 remissionem
1132 2319 1317 2351 peccatorum.
1346 2315 1400 2343 Nisi
1415 2315 1488 2343 enim
1514 2315 1620 2343 liberati
1635 2324 1710 2344 esse—

914 2369 987 2394 mus,
1007 2365 1088 2396 atque
1099 2360 1133 2388 ab
1150 2360 1192 2388 liis
1213 2360 1330 2393 dimissi,
1356 2368 1411 2387 non
1435 2367 1557 2388 essemus
1582 2361 1708 2389 translati

914 2405 943 2432 in
954 2413 1079 2440 regnum.
1097 2406 1158 2440 Ipse
1166 2405 1256 2440 itaque
1263 2405 1336 2432 viam
1349 2404 1422 2432 dono
1432 2405 1520 2432 Patris
1534 2405 1708 2440 prwparavit.

914 2451 976 2478 Non
995 2449 1062 2477 dixit
1089 2453 1194 2483 autem,
1219 2449 1355 2484 Λύτρωσιν,
1372 2449 1431 2483 sed,
1457 2449 1709 2485 Ἀπολύτρωσιν,

914 2494 942 2522 id
978 2498 1029 2528 est,
1050 2493 1175 2522 Pcrfecte
1199 2502 1248 2521 nos
1283 2494 1419 2528 liberavit,
1438 2498 1468 2522 ut
1494 2502 1552 2522 non
1580 2495 1708 2531 deinceps

914 2539 1139 2575 impingeremus,
1149 2547 1237 2574 neque
1249 2539 1423 2567 efﬁcerentur
1429 2540 1570 2573 mortales,
1579 2544 1708 2576 tanquam

915 2583 1030 2612 obnoxii
1044 2588 1156 2619 peccato
1172 2583 1280 2612 Adami.
1293 2584 1429 2618 Quoniam
1444 2583 1526 2620 igitur
1543 2584 1629 2612 Filius
1644 2584 1710 2611 libe-

916 2628 995 2663 ravit,
1012 2629 1069 2664 ipse
1081 2629 1163 2656 etiam
1187 2628 1382 2657 reconciliavit.
1403 2627 1546 2664 Quomodo
1570 2635 1636 2663 ergo
1656 2636 1709 2656 vos

915 2673 1011 2702 dicitis
1026 2673 1079 2701 hoc
1105 2682 1152 2709 per
1174 2673 1286 2709 angelos
1302 2673 1452 2708 obtigisse?
1466 2672 1586 2700 Observa
1605 2676 1706 2706 autem,

917 2717 991 2754 quod
1008 2720 1049 2751 (In
1062 2721 1124 2754 quo)
1146 2717 1180 2747 de
1206 2718 1277 2746 Filio
1291 2717 1407 2745 dicatur.

953 2779 1041 2806 Vens.
1060 2779 1100 2806 15.
1115 2778 1168 2809 Qui
1179 2779 1217 2805 est
1232 2778 1319 2811 imago
1344 2777 1391 2803 Dei
1418 2776 1578 2804 invisibilis.
1601 2777 1711 2804 Natura:
