1890 3077
38 155 107 181 1221

470 154 645 182 EXPOSITIO
667 156 699 182 IN
720 156 822 183 EPIST.
843 156 888 182 AD
909 156 1046 184 COLOSS.
1067 170 1102 177 —
1121 157 1196 185 CAP.
1218 158 1240 184 l.

1620 159 1687 185 1222

35 228 94 247 σιν.
123 216 161 246 Τί
177 211 221 245 οὖν
245 217 315 246 ἐστιν
330 216 345 246 8
366 227 444 256 φησιν
461 218 474 245 ὃ
496 218 603 251 Παῦλος
628 220 687 253 νῦν,
707 218 771 258 πρὸς
787 218 836 253 τὴν
853 220 878 251 Α
895 226 909 245 c

932 218 1018 246 ndum
1031 226 1178 254 supernam
1200 219 1282 246 etiam
1306 218 1483 247 nativitatem.
1511 218 1585 254 Quid
1606 219 1689 255 igitur

36 260 252 300 κατεπείγουσαν
270 261 391 291 ὗπόθεσιν
417 261 601 300 ἐνιστάμενος,
624 262 670 292 καὶ
689 263 836 292 ἀνασκευά-

37 308 92 341 ζων
109 305 159 342 τὴν
182 306 312 346 ὑπόληψιν
335 308 387 335 τῶν
416 307 610 344 Κολοσσαέων;
632 305 691 338 Ἵνα
707 307 745 345 μὴ
761 308 836 346 νομί-

38 362 128 379 σωσιν
143 350 182 379 ὅτι
199 350 321 391 νεώτερός
338 351 394 380 ἐστι
409 353 460 380 τῶν
476 351 594 390 ἀγγέλων
605 375 613 388 ,
632 350 656 380 εἴ
669 363 698 390 γε
716 353 740 380 οἱ
753 352 837 381 πάλαι

39 395 92 432 μὲν
106 395 141 424 δι’
160 395 265 424 ἐκείνων
283 395 446 434 προσήγοντο
458 418 466 432 ,
484 398 528 424 νῦν
543 396 569 425 δὲ
595 396 672 429 αὐτὸς
693 396 836 436 προσάγειν

37 439 172 479 λέγεται*
198 440 321 479 βούλεται
342 439 443 477 δεῖξαι,
467 440 507 470 ὅτι
522 441 574 475 πρὸ
595 441 682 477 πάσης
711 443 759 476 τῆς
786 441 839 470 κτί-

38 485 109 518 σεώς
124 486 194 514 ἐστιν
209 486 222 513 ὁ
244 484 316 518 Υἱός.
329 485 392 519 Πῶς
412 484 466 524 ὤν;
482 485 534 515 Διὰ
549 486 705 525 γεννήσεως.
732 487 837 516 Οὐκοῦν

39 529 88 559 καὶ
107 530 160 559 τῶν
176 529 295 570 ἄγγε’λων
317 530 442 569 πρότερος
457 530 495 567 ³⁵,
520 531 565 559 καὶ
586 530 688 569 οὕτως⁷
705 531 774 559 ὥστε
793 530 838 560 καὶ

41 574 123 608 αὐτὸς
148 574 250 603 ἔκτισεν
266 574 369 608 αὐτούς,
393 573 460 615 Ἄρα
475 570 519 604 οὖν
540 575 584 604 καὶ
599 575 623 605 εἴ
647 588 671 604 τι
686 576 710 604 οἳ
733 576 837 614 ἄγγελοι

46 619 55 629 9
102 621 119 628 ~
229 624 245 631 ..
262 620 274 629 ας
329 619 335 629 ι
468 621 476 631 s
512 623 527 629 ιν
549 622 556 632 .-
641 619 653 631 υ
746 615 761 631 τ
812 619 818 631 ι

43 631 70 649 εν
86 631 120 659 τῃ
136 620 244 659 Παλαια
260 627 433 656 οιηκονησαν,
447 632 527 649 autem
545 632 626 651 εστιν.
656 622 715 660 Ορα
732 632 776 649 ουν
790 633 838 656 την

44 664 140 703 σοφίαν
155 666 201 693 τοῦ
224 664 382 694 Ἀποστόλου
397 676 404 683 ·
426 663 486 694 Ἵνα
509 664 546 702 μὴ
571 666 700 701 ἀκούσας,
728 665 767 694 ὅτι
789 666 839 705 πρὸ

43 709 132 744 πάσης
155 708 211 737 ἐστὶ
233 711 281 745 τῆς
304 708 431 748 κτίσεως,
459 709 575 749 ἄναρχον
602 709 679 739 αὐτὸν
712 709 837 749 νομίσῃς,

44 753 165 783 διδάσκει
190 765 236 790 σε,
262 753 301 782 ὅτι
330 753 440 794 Πατέρα
467 754 540 793 ἔχει,
567 754 612 783 καὶ
634 754 660 788 ἐξ
679 755 758 784 αὐτοῦ
784 755 839 783 ἐστι

44 797 180 837 γεννητός.
204 797 314 833 Ἐπειδὴ
332 798 383 836 γὰρ
411 798 457 827 καὶ
483 799 560 832 αὐτὸς
588 799 633 829 καὶ
650 798 683 827 τὰ
708 799 795 828 πάντα
811 800 840 828 ἐκ

45 845 92 872 τοῖἱ
109 845 193 878 Θεοῦ,
207 843 271 872 αὐτὸ
285 845 363 872 τοῦτο
378 843 526 881 δείκνυσιν,
543 843 583 872 ὅτι
599 844 677 877 ἄλλος
693 839 779 882 οὗτος,
795 843 840 873 καὶ

889 267 930 290 est
943 262 1017 299 quod
1031 263 1130 291 Paulus
1145 267 1336 299 argumentum
1346 271 1400 299 quo
1429 264 1580 300 urgebatur
1594 264 1684 300 impu-

892 308 1011 343 gnando,
1047 308 1308 344 Colossensiumque
1340 308 1497 343 opinionem
1539 309 1686 337 refutando

891 360 967 380 nunc
976 352 1064 380 dicit?
1081 354 1121 381 Ne
1143 352 1299 380 existiment
1315 352 1456 380 Christum
1469 360 1528 381 esse
1545 353 1686 389 juniorem

892 397 1011 432 angelis;
1034 397 1255 434 quandoquidem
1280 401 1381 424 veteres
1405 396 1516 432 quidem
1551 406 1598 433 per
1621 398 1681 426 illos

892 441 1098 470 adducebantur
1111 441 1146 470 ad
1162 443 1266 476 Deum,
1291 449 1365 469 nunc
1380 449 1444 470 vero
1465 441 1523 477 ipse
1548 442 1684 471 adducere

893 486 1003 520 dicitur,
1042 487 1099 514 vult
1121 490 1351 520 commonstrare,
1379 486 1452 522 quod
1487 490 1552 514 ante
1573 495 1689 516 omnem

893 535 1057 565 creaturam,
1074 531 1196 567 adeoque
1219 531 1361 559 conditum
1376 530 1513 558 mundum
1539 531 1575 559 sit
1594 531 1688 560 Filius.

894 576 1060 610 Quomodo?
1090 578 1140 604 Per
1173 576 1391 612 generationem.
1417 577 1509 611 Quare
1541 580 1567 604 et
1589 577 1692 612 angelis

894 624 934 648 est
949 621 1033 656 prior,
1049 625 1129 657 atque
1144 622 1193 655 ita,
1212 625 1242 648 ut
1255 625 1281 648 et
1296 621 1352 656 ipse
1366 628 1414 648 eos
1429 620 1594 648 condiderit.
1609 620 1694 656 Igitur

894 665 915 692 si
937 665 1001 701 quid
1012 666 1100 702 angeli
1113 666 1139 693 in
1153 666 1243 694 Veteri
1267 666 1443 693 Testamento
1455 665 1693 700 administrarunt,

894 710 979 745 ipsius
994 715 1044 738 est.
1061 711 1229 746 Sapientiam
1244 710 1336 746 itaque
1360 710 1484 745 Apostoli
1509 710 1554 738 hic
1571 710 1694 738 animad-

895 761 979 784 verte.
999 758 1039 785 Ne
1054 757 1201 791 arbitreris,
1227 765 1292 785 cum
1308 756 1385 785 audis
1403 765 1467 784 cum
1490 761 1553 785 ante
1579 765 1692 785 omnem

894 807 953 827 esse
969 805 1135 835 creaturam,
1169 805 1310 836 propterea
1332 808 1430 828 carere
1445 800 1592 836 principio,
1611 800 1696 829 docet

894 847 920 871 te
931 844 1005 879 quod
1021 846 1130 872 Patrem
1145 844 1254 878 habeat,
1266 849 1294 872 et
1308 844 1341 872 ab
1358 844 1417 879 ipso
1429 848 1471 872 est
1483 844 1603 879 genitus.
1620 846 1691 873 Cum

51 888 135 921 ἄλλος
154 887 251 920 ἐκεῖνος
264 887 290 906 ⁸⁶
303 899 310 906 ι
325 888 370 917 καὶ
385 887 424 918 ὅτι
438 890 452 917 ὁ
465 888 513 927 μὲν
523 911 531 925 ,
545 889 580 922 ὣς
594 891 623 918 ἐκ
639 888 743 928 Πατρὸς
758 888 820 922 Υἱός
836 899 842 905 '
858 883 882 915 Β
901 897 910 916 ε

927 889 974 917 lim
989 894 1016 917 et
1028 890 1084 926 ipse
1096 894 1123 917 et
1138 890 1231 917 omnia
1250 897 1282 917 ex
1301 890 1360 916 Deo
1379 889 1442 923 sint,
1460 888 1525 916 illud
1536 890 1629 924 ipsum
1651 890 1694 917 in-

46 932 81 960 τὰ
107 932 135 961 δὲ
159 934 193 966 ὡς
216 932 350 970 κτίσματα
366 933 410 969 ζδι¹
427 934 507 962 αὐτοῦ
527 933 619 962 τούτου
638 936 683 962 τοῦ
704 935 767 963 Υἱοῦ
786 945 842 963 κτι-

47 977 156 1008 σθέντα.
178 977 319 1018 Ἐπιφέρει
335 972 391 1008 οὖν.

95 1078 111 1096 σ
123 1066 188 1098 Ὅτι
203 1067 229 1096 ἐν
244 1068 316 1107 αὐτῷ
332 1067 438 1104 ἐκτίσθη
451 1066 485 1097 τὰ
502 1067 605 1104 πάντα,
630 1067 664 1097 τὰ
686 1068 713 1097 ἐν
730 1072 784 1101 τοῖς
797 1068 843 1098 οὗ·

48 1116 137 1152 ρανοῐς
147 1134 154 1148 ,
167 1112 214 1141 καὶ
228 1111 261 1142 τὰ
275 1113 318 1142 ἐπὶ
334 1114 380 1148 τῆς
391 1114 450 1151 γῆς.
469 1126 481 1139 ι
499 1113 553 1149 Τὸ,
572 1124 586 1141 α
600 1113 648 1143 Ἐν
660 1114 741 1153 αὐτῷ,
755 1127 766 1139 ι
784 1113 843 1142 ἀντὶ

45 1161 112 1194 τοῦ,
126 1156 158 1186 δι’
173 1157 251 1187 αὐτοῦ
261 1180 269 1195 ,
282 1158 318 1190 ὡς
340 1157 416 1191 αὐτὸς
441 1157 533 1195 ἐφεξῆς
558 1157 636 1192 δεῖξει
653 1158 689 1186 ⁸⁷.
710 1156 800 1197 ⁸Οπερ
815 1157 844 1186 δὲ

49 1201 197 1241 ἀμφίϐολον
220 1198 270 1241 ἧν,
291 1202 321 1231 τὸ
341 1201 401 1241 περὶ
418 1203 469 1230 τῶν
496 1203 522 1230 ἐν
544 1203 679 1242 οὐρανοῖς,
708 1206 784 1232 τοῦτο
801 1202 845 1231 τέ-

49 1250 121 1275 Θεικε
134 1247 247 1286 πρῶτον.
272 1247 306 1276 Εἷ
329 1241 373 1275 οὖν
399 1247 421 1275 οἱ
447 1246 553 1286 ἄγγελοι
576 1247 610 1276 δι’
626 1248 705 1277 αὐτοῦ
721 1246 844 1283 ἐκτίσθη-

51 1302 121 1328 σαν,
135 1292 189 1325 πῶς
205 1290 327 1331 πρότεροι
342 1291 422 1321 αὐτοῦ
434 1304 443 1328 ;
512 1293 517 1298 ’

93 1391 109 1410 σ
125 1380 169 1412 Τὰ
190 1381 288 1420 ὁρατὰ,
311 1380 356 1410 καὶ
377 1380 411 1410 τὰ
437 1380 555 1421 ἀόρατα,
584 1381 636 1410 εἴτε
661 1380 766 1421 θρόνοι,
792 1381 844 1411 εἴτε

50 1427 221 1466 κυριότητες,
240 1426 292 1455 εἴτε
307 1426 399 1466 ἀρχαὶ,
416 1425 469 1455 εἴτε
485 1425 610 1460 ἐξουσίαι.
631 1440 643 1452 ιι
665 1426 703 1456 Τὸ
720 1427 847 1456 λεπτολο-

50 1475 107 1509 γεῖν
127 1471 187 1511 περὶ
207 1473 258 1500 τῶν
274 1472 374 1510 ὁρατῶν
397 1471 487 1511 ἀφεὶς,
505 1473 540 1504 ὡς
563 1470 763 1511 ἄναμφίϐολον,
785 1470 847 1510 περὶ

50 1518 98 1544 τοῦ
114 1515 361 1556 ἆμφιϐαλλομένου,
371 1516 424 1544 τῶν
441 1515 569 1555 ἀοράτων,
583 1516 670 1555 φημὶ,
683 1516 752 1545 κατὰ
770 1515 848 1556 μέρος

902 933 985 968 dicat,
1010 934 1086 970 quod
1105 935 1172 962 alius
1185 934 1246 970 iste,
1267 939 1295 961 et
1322 933 1392 961 alius
1413 933 1470 968 ille,
1487 938 1514 961 et
1527 934 1601 970 quod
1629 934 1692 966 iste,

896 986 945 1006 ceu
966 986 1000 1006 ex
1021 980 1100 1007 Patre
1113 979 1199 1007 Filius
1214 988 1221 1005 :
1239 978 1297 1006 haec
1317 985 1390 1011 vero,
1405 985 1455 1006 ceu
1477 982 1613 1007 creaturae
1635 987 1684 1015 per

896 1021 969 1050 hunc
993 1024 1082 1059 ipsum
1095 1024 1195 1052 Filium
1217 1023 1349 1051 conditae.
1372 1022 1458 1050 Infert
1474 1022 1557 1059 igitur
1574 1033 1580 1050 :

932 1067 1014 1103 47],
1030 1069 1121 1096 Vnus.
1150 1070 1189 1096 16.
1215 1068 1346 1101 Quoniam
1369 1070 1398 1095 in
1414 1069 1470 1103 ipso
1492 1069 1607 1096 condita
1630 1072 1696 1097 sunt

896 1116 1021 1142 universa
1032 1124 1091 1151 qua:
1099 1118 1162 1143 sunt
1183 1117 1211 1143 in
1226 1117 1307 1147 melis,
1326 1118 1350 1143 et
1367 1123 1426 1150 qum
1447 1116 1476 1142 in
1509 1118 1591 1143 terra.
1612 1131 1646 1136 -—
1661 1118 1694 1144 In

895 1157 962 1190 ipso,
976 1161 1018 1183 est
1034 1165 1092 1191 pro,
1109 1164 1156 1192 per
1176 1156 1279 1192 ipsum,
1296 1156 1408 1191 perinde
1424 1163 1456 1183 ac
1468 1156 1498 1183 in
1511 1156 1692 1191 sequentibus

897 1200 953 1235 ipse
969 1200 1108 1229 indicabit.
1122 1200 1203 1236 Quod
1223 1204 1316 1228 autem
1336 1200 1498 1236 ambiguum
1522 1205 1591 1235 erat,
1606 1200 1640 1229 de
1656 1209 1696 1229 re-

897 1244 948 1272 bus
971 1253 1069 1282 nempe
1095 1245 1263 1279 cwleslibus,
1281 1246 1400 1281 primum
1426 1245 1527 1280 posuit.
1557 1245 1586 1274 Si
1610 1246 1694 1282 igitur

897 1291 986 1329 angeli
998 1297 1047 1324 per
1058 1298 1122 1318 eum
1142 1290 1245 1318 conditi
1259 1294 1332 1324 sunt,
1344 1290 1488 1326 quomodo
1513 1294 1577 1318 sunt
1588 1291 1693 1326 priores

898 1339 981 1374 ipso?

937 1381 1072 1414 Visibilia,
1091 1383 1117 1408 et
1130 1380 1290 1412 invisibilia,
1311 1380 1367 1407 sive
1381 1380 1481 1414 throni,
1495 1381 1550 1408 sive
1563 1380 1690 1408 domina-

899 1430 992 1461 tiones,
1006 1428 1061 1454 sive
1067 1427 1249 1461 principatus,
1257 1427 1311 1452 sive
1318 1428 1473 1460 potestates.
1489 1428 1530 1454 De
1542 1425 1695 1454 visibilibus

899 1473 1034 1501 subtiliter
1046 1471 1119 1507 loqui
1138 1471 1365 1506 prmtermittens,
1390 1474 1420 1498 ut
1441 1469 1476 1498 de
1500 1470 1602 1507 quibus
1625 1469 1693 1497 nihil

901 1523 973 1546 esset
988 1516 1192 1548 controversiae,
1214 1515 1249 1543 de
1264 1514 1409 1550 ambiguis,
1426 1515 1606 1543 invisibilibus
1617 1514 1699 1542 nimi-

50 1559 181 1594 διέξεισιν.
203 1560 244 1590 Οὖ
259 1560 359 1593 πάντας
380 1560 407 1589 δὲ
428 1559 485 1594 τοὺς
502 1561 556 1590 ἄνω
578 1560 737 1599 διακόσμους
757 1561 844 1594 ἷδικῶς
863 1564 910 1596 Gl

927 1562 1119 1598 im,speciatim
1129 1560 1250 1588 disserit.
1268 1561 1333 1588 Non
1347 1563 1439 1587 tamen
1454 1567 1549 1587 omnes
1564 1567 1700 1595 supernos

50 1604 186 1642 τέθεικεν,
213 1604 259 1633 ἅτε
283 1604 336 1633 ἀπὸ
362 1605 417 1633 τῶν
434 1605 560 1643 μειζόνων
587 1605 632 1634 καὶ
657 1604 691 1634 τὰ
718 1605 846 1634 ἐλάττονα

52 1648 149 1687 [τιθεὶς
164 1649 225 1688 καὶ]
241 1648 355 1682 δεικνύς.
377 1648 487 1689 Ἇόρατα
502 1651 553 1690 γὰρ
566 1649 665 1686 δήπου,
681 1649 727 1678 καὶ
743 1650 847 1690 ἀρχάγ-

82 1693 277 1722 >¹¹λ
377 1693 526 1723 *ιἰ·
800 1694 841 1703 “

50 1706 80 1733 γε
94 1705 124 1721 .οι
136 1705 181 1723 και
196 1704 259 1733 αγγε
279 1705 319 1732 οι,
342 1705 386 1722 και
404 1705 420 1722 α
445 1704 573 1733 ημετεραι
589 1696 674 1734 ψυιαι
708 1706 776 1723 ωστε
793 1706 846 1724 απο

51 1738 159 1767 ἐκείνων
175 1738 220 1767 καὶ
230 1738 293 1777 περὶ
309 1738 406 1767 τούτων
421 1739 513 1775 δῆλον.

94 1796 107 1809 ει
126 1781 170 1812 Τὰ
185 1782 272 1812 πάντα
298 1782 330 1812 δι’
355 1784 432 1812 αὐτοῦ
449 1783 495 1812 καὶ
522 1784 557 1816 εἶς
574 1782 652 1813 αὐτὸν
681 1783 812 1814 ἔκτισται.
827 1794 842 1812 υ

49 1827 119 1858 Ἰδοὺ
135 1827 200 1868 ὅπερ
212 1827 335 1867 ἀνωτέρω
353 1823 424 1857 εἶπεν
434 1850 442 1864 ,
469 1842 481 1854 σι
497 1827 544 1858 Ἐν
568 1829 652 1868 αὐτῷ,
667 1839 681 1857 ι)
703 1831 779 1858 τοῦτο
802 1832 846 1858 ν’ὔν

49 1872 140 1912 λέγει,
159 1886 171 1898 ιι
190 1871 231 1902 Δι’
243 1873 322 1902 αὐτοῦ
335 1884 342 1891 ο
356 1886 367 1898 ιι
387 1873 455 1902 καθὰ
469 1873 515 1902 καὶ
528 1874 541 1901 ὃ
555 1873 741 1912 εὓαγγελιστὴς
756 1873 846 1903 Ἰωάν-

48 1929 95 1953 νης
114 1927 122 1934 ·
143 1928 158 1946 tt
177 1916 272 1947 Πάντα
297 1918 331 1946 δι’
354 1917 433 1946 αὐτοῦ
457 1917 570 1956 ἐγένετο.
594 1935 634 1940 -
658 1918 752 1948 Πάντα
771 1930 786 1946 ι)
803 1918 848 1954 δὲ,

49 1961 147 1999 εἰπὼν,
172 1963 202 1991 οὖ
228 1961 426 2002 συμπεριέλαϐε
454 1962 483 1991 τὸ
511 1964 636 2000 Πνεῦμα.
658 1963 710 1999 ,οὐ
737 1962 788 2002 γὰρ
820 1962 846 1991 ἓν

49 2009 100 2036 τῶν
125 2006 233 2036 πάντων
252 2007 308 2035 ἐστὶ
333 2007 362 2035 τὸ
383 2008 517 2047 Πνεῦμα,
547 2007 606 2036 ἀλλ’
634 2006 661 2035 ἓν
689 2007 845 2047 ἀπολύτως,

49 2050 141 2092 ὥσπερ
157 2047 193 2084 εἷς
207 2051 290 2087 Θεὸς,
310 2051 355 2080 καὶ
371 2046 407 2084 εἷς
428 2051 534 2091 Κύριος.
547 2063 571 2092 γα
594 2051 687 2081 Πάντα
702 2063 716 2080 ι)
736 2047 780 2081 οὖν
797 2052 846 2081 ὅσα

49 2096 142 2134 γέγονε
155 2118 162 2132 ,
176 2106 192 2124 ιι
206 2096 240 2125 δι’
254 2097 332 2137 αὐτοῦ
347 2095 478 2126 ἔκτισται.
492 2106 507 2125 ι)
523 2091 592 2126 Εἶτα
602 2119 609 2132 ,
621 2095 665 2125 ἵνα
683 2097 720 2135 μὴ
737 2096 846 2137 νομίσῃς

50 2140 180 2180 ὑπουργὸν
194 2140 271 2170 αὐτὸν
287 2135 369 2179 εἶναι,
388 2153 400 2167 α
417 2140 472 2170 Καὶ
487 2141 523 2174 εἷς
539 2141 615 2171 αὐτὸν
627 2164 635 2180 ,
649 2151 663 2170 n
684 2141 758 2179 φησὶ,
772 2153 848 2170 τουτ-

49 2185 120 2214 έστιν
132 2207 142 2222 ,
166 2186 201 2218 εἷς
215 2184 293 2214 αὐτὸν
315 2185 447 2225 κρέμαται
462 2185 496 2215 τὰ
522 2186 621 2215 πάντα.
650 2186 706 2216 Καὶ
723 2186 752 2214 οὐ
769 2186 846 2224 μόνον

903 1611 1016 1635 ornatus
1024 1605 1163 1642 sigillatim
1176 1605 1281 1641 posuit,
1292 1605 1394 1641 quippe
1408 1604 1484 1640 quod
1498 1612 1531 1632 ex
1545 1604 1698 1640 majoribus

903 1652 1012 1680 minora
1020 1651 1103 1679 etiam
1113 1649 1242 1678 ostendit.
1255 1649 1405 1677 lnvisibilia
1415 1649 1548 1677 nimirum
1561 1654 1626 1677 sunt
1634 1656 1697 1676 cum

901 1697 1071 1732 archangeli,
1087 1700 1147 1724 tum
1161 1694 1261 1730 angeli,
1276 1695 1432 1730 animaeque
1452 1699 1565 1723 nostra.
1579 1694 1700 1722 Proinde

903 1749 935 1770 ex
951 1742 1005 1769 illis
1025 1741 1060 1769 de
1075 1741 1132 1768 istis
1143 1740 1223 1768 etiam
1239 1739 1385 1767 manifeste
1406 1740 1553 1774 colligitur.

938 1787 1035 1814 Omnia,
1053 1794 1106 1821 per
1119 1787 1206 1820 ipsum
1231 1788 1256 1812 et
1270 1785 1301 1811 in
1318 1786 1407 1819 ipsum
1429 1787 1492 1811 sunt
1508 1784 1627 1812 condita.
1644 1785 1697 1819 En,

903 1831 976 1868 quod
991 1838 1074 1866 supra
1088 1830 1167 1864 dixit,
1178 1831 1210 1857 In
1222 1831 1289 1864 ipso,
1300 1829 1370 1865 jam,
1383 1830 1433 1857 Per
1442 1831 1541 1864 ipsum,
1552 1829 1591 1856 ait
1608 1839 1614 1855 :
1628 1829 1700 1856 sicut

902 1880 928 1903 et
946 1875 1115 1911 Evangelista
1136 1876 1257 1902 Joannes
1287 1874 1409 1902 :Omnia
1429 1882 1480 1909 per
1503 1875 1595 1909 ipsum
1621 1874 1697 1907 facta

901 1922 964 1947 sunt
981 1919 988 1945 i
1008 1920 1103 1948 Omnia
1122 1923 1214 1946 autem
1238 1918 1341 1951 dicens,
1379 1917 1512 1954 Spiritum
1540 1926 1597 1946 non
1619 1925 1699 1946 com-

903 1964 1047 2001 prehendit
1070 1975 1075 1991 :
1103 1972 1160 1991 non
1177 1963 1250 1991 enim
1278 1962 1399 1998 Spiritus
1422 1971 1493 1990 unus
1520 1967 1562 1991 est
1587 1971 1621 1991 ex
1647 1963 1699 1991 illis

902 2012 1041 2046 omnibus,
1072 2011 1121 2040 sed
1138 2019 1209 2039 unus
1227 2014 1268 2039 est
1292 2010 1428 2044 absolute,
1458 2009 1698 2046 quemadmodum

902 2065 973 2085 unus
991 2058 1067 2085 Deus
1080 2061 1107 2084 et
1122 2064 1192 2084 unus
1203 2055 1349 2084 Dominus.
1364 2056 1462 2083 Omnia
1472 2056 1556 2090 igitur
1567 2063 1699 2090 quaecun-

901 2110 954 2139 que
968 2101 1039 2130 facta
1054 2105 1130 2135 sunt,
1142 2109 1191 2136 per
1204 2102 1291 2136 ipsum
1304 2103 1367 2128 sunt
1381 2100 1497 2128 condita.
1524 2100 1638 2134 Deinde,
1666 2108 1700 2127 ne

902 2151 982 2183 putes
1009 2147 1097 2182 ipsum
1123 2153 1182 2174 esse
1210 2146 1368 2174 ministrum
1393 2145 1435 2173 vel
1457 2143 1698 2179 subconditorem,

901 2191 1005 2228 adjicit,
1021 2194 1046 2219 et
1067 2193 1094 2218 in
1108 2193 1207 2227 ipsum,
1223 2190 1251 2218 id
1270 2195 1321 2224 est,
1334 2190 1368 2218 ab
1382 2190 1440 2225 ipso
1462 2189 1580 2225 pendent
1593 2189 1697 2216 omnia.

49 2230 174 2266 ἐποίησεν
207 2229 296 2266 αὐτὸς,
324 2229 393 2259 ἀλλὰ
424 2231 468 2260 καὶ
497 2231 571 2264 αὐτὸς
600 2230 667 2259 αὐτὰ
691 2235 848 2271 συγκρατεῖ,
863 2249 888 2281 D
904 2238 962 2265 Nec
977 2236 1035 2272 ipse
1046 2244 1075 2264 ea
1093 2239 1201 2263 tantum
1222 2235 1355 2269 condidit,
1380 2241 1476 2262 verum
1491 2234 1574 2262 etiam
1594 2241 1626 2261 ea
1641 2233 1698 2268 ipse

49 2273 117 2303 ὥστε
132 2274 177 2316 -ἂν
200 2275 360 2314 ἀποσπασθῇ
382 2276 429 2310 τῆς
453 2276 532 2304 αὐτοῦ
544 2276 683 2316 προνοίας,
699 2275 847 2306 ἀπόλωλεν.

47 2319 106 2348 Οὐκ
122 2314 182 2348 εἶπε
207 2318 249 2357 δὲ,
266 2321 433 2359 Διακρατεῐ,
457 2320 527 2349 ἀλλὰ
553 2314 583 2349 τὸ
609 2319 787 2359 λεπτότερον,
804 2321 851 2354 Εἰς

52 2363 132 2393 αὐτὸν
159 2363 281 2393 ἆπονεῦει
309 2364 355 2393 καὶ
375 2364 526 2404 κρέμαται·
549 2365 594 2394 καὶ
618 2367 696 2394 τοῦτο
720 2365 798 2403 μόνον
822 2366 852 2395 τὸ

49 2410 113 2448 πρὸς
140 2408 220 2438 αὐτὸν
243 2409 378 2439 ἀπονεύειν
413 2409 503 2439 ἱκανόν
528 2411 584 2439 ἐστι
611 2411 762 2450 διακρατεῖν
801 2410 848 2440 καὶ

50 2452 202 2494 συσφίγγειν
228 2454 306 2484 αὐτά.
331 2455 418 2484 Τοῦτο
433 2454 460 2483 δὲ
480 2455 529 2495 οὐχ
554 2451 633 2490 ἧττον
655 2457 700 2484 τοῦ
720 2455 847 2495 δημιουρ-

50 2497 132 2534 γῆσαί
145 2499 201 2528 ἐστι
211 2510 218 2517 ·
235 2499 336 2537 μᾶλλον
348 2499 385 2539 ⁵δὲ
400 2499 461 2529 ὅσον
483 2499 536 2529 ἀπὸ
549 2501 600 2529 τῶν
616 2500 677 2530 καθ’
693 2501 764 2539 ἡμᾶς
776 2521 784 2536 ,
801 2500 846 2530 καὶ

50 2544 149 2578 μεῖζον.
174 2543 229 2573 Καὶ
244 2543 295 2583 γὰρ
311 2545 388 2582 ἡμεῖς
403 2543 569 2585 ἐργαζόμεθα
592 2545 640 2583 μὲν
665 2544 787 2584 ἱμάτιον,
801 2557 845 2574 τυ-

51 2585 114 2624 ,3»,
127 2586 146 2623 ἢ
167 2587 266 2627 οἴκημα
283 2600 289 2606 ·
305 2591 468 2629 συντηρῆσαι
485 2589 512 2619 δὲ
528 2589 582 2619 ἀπὸ
601 2591 646 2625 τῆς
667 2593 764 2630 φθορᾶς
780 2590 845 2619 αὐτὸ

53 2630 79 2658 οὖ
93 2631 229 2671 δυνάμεθα
243 2645 251 2652 ο
267 2632 343 2668 αὐτὸς
358 2633 387 2663 δέ
399 2633 445 2664 καὶ
459 2633 567 2671 ἐποίησε
582 2634 628 2664 καὶ
648 2638 785 2675 συντηρεῐ.

87 2722 95 2744 5
109 2723 187 2753 Joan.
202 2731 226 2759 I,
242 2727 270 2754 3:

905 2281 1038 2316 continet,
1055 2281 1091 2308 ita
1116 2285 1147 2308 ut
1170 2281 1192 2307 si
1213 2280 1247 2308 ab
1262 2280 1322 2315 ejus
1341 2278 1511 2315 providentia
1534 2277 1700 2313 avellantur,

906 2330 1026 2363 pereant.
1046 2326 1109 2353 Non
1124 2325 1192 2352 dixit
1207 2329 1300 2352 autem
1318 2325 1460 2359 Διακρατεῗ,
1478 2323 1505 2351 id
1529 2327 1571 2351 est
1587 2331 1702 2352 conser-

906 2376 961 2406 vat,
976 2370 1025 2399 sed
1039 2369 1115 2407 quod
1128 2369 1256 2397 subtilius
1269 2373 1322 2404 est,
1332 2371 1362 2397 In
1376 2369 1467 2405 ipsum
1483 2373 1610 2405 vergunt,
1621 2373 1650 2397 et
1666 2368 1701 2397 ab

906 2424 938 2445 eo
958 2415 1088 2452 pendent.
1119 2417 1210 2451 Atque
1231 2414 1283 2442 hoc
1306 2414 1397 2442 solum
1410 2414 1438 2442 in
1463 2422 1529 2442 eum
1555 2414 1700 2450 respicere,

901 2461 966 2489 satis
980 2464 1021 2489 est
1034 2464 1064 2488 ut
1075 2459 1214 2488 contineat
1225 2463 1251 2487 et
1265 2459 1434 2496 constringat
1448 2459 1504 2487 illa.
1519 2460 1582 2487 Hoc
1596 2463 1697 2487 autem

901 2508 956 2534 nbn
973 2505 1067 2533 minus
1079 2509 1120 2532 est
1134 2512 1217 2540 quam
1226 2512 1320 2533 creare
1332 2514 1337 2532 :
1349 2505 1407 2532 imo
1423 2503 1513 2540 potius
1528 2503 1618 2540 quoad
1633 2511 1695 2537 nos,

902 2555 929 2580 et
943 2550 1035 2587 majus
1049 2554 1101 2578 est.
1118 2550 1228 2578 Etenim
1244 2557 1296 2578 nos
1309 2549 1471 2578 conﬁcimus
1489 2549 1600 2585 pallium
1627 2548 1685 2576 for-

901 2599 982 2627 tasse,
994 2594 1035 2622 vel
1051 2594 1166 2622 domum
1179 2604 1185 2622 :
1201 2602 1362 2622 conservare
1386 2598 1478 2622 autem
1488 2594 1578 2628 ipsum
1591 2601 1608 2620 a
1622 2600 1686 2620 cor-

903 2641 1032 2676 ruptione
1045 2648 1101 2669 non
1115 2647 1271 2676 possumus.
1291 2640 1351 2675 lpse
1372 2647 1434 2667 vero
1449 2643 1476 2667 et
1490 2637 1556 2666 fecit
1585 2641 1613 2666 et
1632 2644 1696 2665 con-

905 2689 1005 2713 servat.

741 2761 833 2792 Variae
856 2762 1007 2792 lectiones.

88 2809 108 2828 ⁸⁸
119 2813 218 2847 πρώτης
228 2820 255 2842 0.
293 2813 315 2832 ⁸⁸
331 2813 373 2842 ἴσ.
385 2813 453 2841 ἄλλα
465 2813 548 2842 ἐκεῖνα
561 2821 588 2843 ο.
625 2813 646 2832 ⁸⁷
661 2813 740 2848 δηλοῖ
751 2821 784 2848 ο,
