1890 3077
193 152 260 179 1223

190 260 347 288 consistunt.
363 258 500 286 Continuo
519 257 614 285 eadem
639 261 736 290 versat,
763 257 907 284 verborum
931 255 984 283 fre-

188 304 310 340 quentia,
326 308 458 340 tanquam
475 302 639 338 quibusdam
669 302 773 329 crebris
789 301 896 335 ictibus,
913 300 985 328 radi-

188 349 257 377 citus
270 348 387 376 evellens
409 347 594 383 perniciosum
610 347 719 381 dogma.
748 346 868 374 Observa
893 349 985 372 autem

189 393 263 430 quod
269 401 324 421 non
336 392 447 424 dixerit,
458 392 545 420 factus
555 396 595 419 est
610 391 667 427 ipse
675 395 736 419 ante
746 391 848 423 omnia,
861 389 917 419 sed.
926 392 984 421 Est,

188 437 262 474 quod
281 439 339 465 Deo
354 437 476 465 maxime
492 436 644 472 proprium.
660 436 706 463 Ubi
721 439 812 463 autem
830 439 872 462 est
886 435 986 463 Paulus

187 482 398 514 Samosatensis,
409 481 456 517 qui
471 489 486 507 a
499 481 584 508 Maria
595 480 684 515 ipsum
696 479 810 515 cmpisse
839 478 962 506 afﬁrmat
974 480 986 506 ἓ

189 528 221 554 Ιιι
237 527 295 562 ipso
309 533 390 561 porro
400 525 565 558 consistunt,
580 529 713 560 tanquam
725 524 753 552 in
778 523 960 552 fundamento
977 534 983 551 :

189 571 227 599 sic
243 575 271 599 et
290 569 488 606 primogenitus
509 574 550 597 est
565 574 706 603 creatura),
727 574 859 605 tanquam
884 567 983 596 funda-

189 620 324 644 mentum.
343 616 398 643 Hoc
410 618 503 643 autem
519 623 575 643 non
597 615 724 643 eamdem
740 622 805 642 cum
824 613 905 641 rebus
920 621 984 640 cou-

187 659 252 688 ditis
273 659 420 688 essentiam
432 658 576 695 signiﬁcat,
596 658 644 687 sed
669 657 744 695 quod
756 658 849 686 omnia
873 658 899 685 in
924 657 984 692 ipso

186 704 310 732 ferantur
323 709 556 740 moveamurque.

219 749 303 786 472
315 750 401 777 Vsus.
416 752 461 776 18.
477 750 509 776 Et
517 750 574 784 ipse
584 750 622 777 cst
629 751 709 784 caput
723 748 839 784 corporis
851 749 980 777 Ecclesiaz.

185 796 335 830 Postquam
348 793 381 822 de
402 794 463 822 Filii
475 794 606 830 dignitate
632 793 768 828 disseruit,
789 793 823 821 de
838 793 983 821 clementia

186 839 314 875 deinceps
340 839 419 867 verba
445 838 519 866 facit.
544 838 596 874 Qui
629 839 705 867 enim
740 838 809 867 adeo
839 846 984 873 supremus

185 884 312 912 omnium
328 888 378 917 est,
392 884 438 919 qui
456 888 575 914 creator,
597 884 643 919 qui
657 887 843 916 conservator,
863 883 983 918 seipsum

185 929 360 957 inferioribus
369 928 515 964 copulavit.
527 929 583 956 Nec
597 928 676 961 dixit,
693 927 872 955 Pleuitudinis
886 928 982 955 Eaele-

183 975 242 1008 siw,
256 973 316 1007 sed,
327 975 448 1009 Corporis
464 983 472 1000 :
487 978 516 1001 ut
534 973 662 1000 ostendat
675 977 832 1000 accuratam
846 972 887 1000 sui
919 980 981 1007 erga

187 1027 237 1047 nos
246 1019 481 1055 conjunctiouem,
497 1017 607 1054 etquod
621 1025 733 1045 carnem
753 1017 876 1053 ejusdem
889 1016 982 1044 nobis-

185 1071 250 1092 cum
264 1063 423 1091 substantia:
437 1062 625 1098 assumpserit,
651 1066 678 1089 et
700 1070 754 1089 non
767 1070 799 1090 ex
815 1061 902 1089 caelis.
927 1063 981 1089 Ec-

184 1109 292 1136 clesiam
305 1108 380 1135 enim
396 1115 446 1142 pro
461 1107 589 1134 universo
606 1106 763 1133 mortalium
788 1114 886 1141 genere
900 1113 981 1133 acce-

184 1154 224 1189 pit
242 1153 352 1186 Paulus,
375 1151 484 1188 perinde
498 1159 529 1179 ac
548 1151 571 1179 si
585 1150 668 1185 dicat,
686 1152 716 1178 lu
737 1151 914 1186 generatione
937 1158 980 1178 se-

183 1197 305 1226 cundum
328 1204 441 1225 carnem
466 1196 570 1232 primus
593 1200 634 1224 est
659 1195 814 1229 hominum,
848 1199 981 1231 tanquam

185 1247 276 1279 caput.

220 1288 271 1320 Qui
285 1289 323 1315 est
332 1288 506 1322 principium,
518 1287 712 1322 primogenitus
723 1293 757 1313 can
770 1286 894 1313 mortuis.
907 1284 982 1312 Prin-

183 1333 296 1369 cipium,
311 1332 359 1366 ait,
375 1332 581 1360 resurrectionis
592 1335 642 1366 est,
657 1331 757 1367 quippe
768 1331 813 1367 qui
839 1337 895 1366 pra:-
909 1338 980 1357 cun-

180 1378 232 1406 ctis
247 1377 404 1405 resurrexit.
416 1378 562 1412 Postquam
581 1380 673 1403 autem
691 1376 771 1403 solvit
782 1375 892 1403 dolores
906 1383 980 1402 mor-

183 1423 228 1456 tis,
241 1422 342 1450 merito
361 1422 559 1458 primogenitus
577 1420 686 1449 dicitur.
703 1420 787 1456 Atqui
813 1420 906 1453 habet,
922 1423 981 1446 tan-

183 1475 265 1503 quam
281 1467 416 1503 primitiae,
437 1470 584 1502 sequentes
608 1465 700 1501 ipsuin
713 1469 742 1492 et
763 1465 884 1500 reliquos
906 1464 982 1492 :Pri-
998 1476 1020 1507 Ο

185 1513 270 1540 miliae
288 1513 360 1539 enim
381 1510 570 1546 quorumdam
584 1513 649 1537 sunt
671 1509 808 1545 primitiaa.
836 1511 868 1536 Et
889 1517 984 1544 quem-

183 1556 333 1584 admodum
358 1563 412 1583 uno
425 1555 576 1590 manipulo,
605 1554 687 1581 veluti
713 1553 853 1589 primitiis,
877 1553 981 1587 oblato,

184 1605 241 1628 tota
258 1599 353 1627 messis
370 1598 538 1626 benedicitur
553 1609 560 1626 :
585 1599 625 1626 sic
640 1606 687 1633 per
702 1598 789 1632 ipsum
809 1605 907 1626 omnes
921 1605 980 1626 san-

183 1644 293 1672 ctiﬁcati
315 1651 412 1671 sumus
436 1647 464 1670 et
482 1642 565 1670 oblati
584 1651 591 1670 :
618 1650 726 1677 unoque
750 1650 865 1677 corpore
891 1650 981 1670 resur-

185 1693 275 1725 gente,
289 1688 414 1716 universa
426 1691 525 1714 natura
540 1686 623 1722 digna
653 1686 852 1714 resurrectione
862 1686 981 1722 judicata

185 1737 235 1762 est.

224 1779 298 1807 Ulsit
309 1778 339 1805 in
352 1777 475 1805 omnibus
485 1778 542 1812 ipse
547 1777 695 1811 primatum
704 1779 804 1804 tenens.
815 1777 846 1803 In
854 1775 983 1804 omnibus

184 1831 246 1860 qua?
257 1823 328 1851 circa
341 1822 431 1858 ipsum
449 1821 664 1849 considerantur.
683 1821 791 1848 Etenim
802 1825 864 1848 ante
889 1821 980 1848 omnia

183 1873 264 1897 natus
278 1872 319 1896 est
337 1875 369 1895 ex
390 1869 479 1901 Patre,
505 1866 630 1902 adeoque
655 1865 760 1901 primus
789 1869 829 1893 est
843 1866 981 1898 omnium,

182 1918 312 1949 tanquam
326 1916 407 1948 caput
417 1911 553 1944 Ecclesiae,
571 1915 652 1946 atque
673 1918 728 1945 pra:
739 1910 868 1938 omnibus
889 1917 981 1937 resur-

182 1958 261 1992 rexit,
289 1957 395 1985 donans
425 1957 463 1984 eis
483 1955 732 1988 immortalitatem,
761 1962 812 1982 ceu
844 1955 979 1989 primitize.

184 2005 240 2032 Etsi
251 2003 324 2031 enim
338 2002 382 2030 alii
395 2006 458 2029 ante
478 2001 550 2029 hunc
575 2003 791 2033 resurrexcrunt,
816 2007 910 2027 rursus
944 2004 982 2026 ta-

183 2057 245 2076 men
261 2047 360 2075 mortui
375 2051 439 2074 sunt
454 2056 459 2073 :
477 2047 532 2081 ipse
547 2050 639 2073 autem
655 2045 771 2081 perfecta
784 2043 981 2072 resurrectione

183 2092 339 2121 resurrexit.
359 2092 464 2126 Reputa
481 2094 574 2117 autem
588 2094 688 2124 tecum,
705 2089 750 2116 hic
771 2097 835 2116 eum
849 2096 907 2116 esse
926 2088 980 2123 pri-

700 146 957 175 THEOPHYLACTI
977 144 1154 172 BULGARUE
1174 144 1329 172 ARCHIEP.
1786 147 1843 174 12Ξὸ

226 214 316 240 Vens.
331 214 373 239 17.
391 212 490 246 Etipse
501 213 538 237 est
553 213 614 237 ante
624 211 724 243 omnia,
744 213 768 237 ct
786 211 873 237 omnia
886 211 913 236 in
930 211 985 244 ipso
999 220 1026 253 Α

1082 221 1093 232 ι
1104 207 1156 236 Καὶ
1167 207 1244 240 αὐτός
1258 208 1313 236 ἐστι
1329 206 1380 247 πρὸ
1393 207 1512 244 πάντων,
1527 207 1574 236 καὶ
1585 207 1618 238 τὰ
1629 207 1723 238 πάντα
1737 210 1765 238 ἐν

1040 251 1195 287 συνέστηκε.
1214 265 1224 277 -
1237 253 1360 291 Συνεχῶς
1376 252 1408 281 τὰ
1424 252 1499 291 αὖτὰξ
1510 252 1616 292 arpi?“
1630 276 1638 289 ,
1653 255 1689 292 τῇ
1715 255 1842 293 συνεχείᾳ

1039 299 1090 326 τῶν
1110 296 1248 337 ῥημάτων,
1271 297 1392 336 καθάπερ
1413 297 1466 326 τισὶ
1490 299 1602 330 πυκναῖς
1618 299 1761 336 πληγαῖς,
1779 300 1842 338 πρά-

1041 342 1108 381 ῥιζον
1125 343 1250 370 ἀνασπῶν
1273 342 1303 370 τὸ
1320 342 1436 382 ὀλέθριον
1451 341 1549 379 δόγμα,
1566 342 1642 381 ’Ὅρα
1670 344 1718 379 δὲ,
1737 344 1789 372 οὖιι
1807 339 1841 372 εἷ-

1040 398 1088 415 πεν
1099 409 1106 422 ,
1123 387 1163 414 δτι
1184 386 1259 419 αὐτὸς
1279 386 1368 424 γέγονε
1384 386 1436 424 πρὸ
1450 387 1556 415 πάντων
1568 410 1576 422 ,
1594 387 1667 417 ἀλλ’.
1699 398 1714 415 ιι
1730 387 1842 417 Ἔστιν,

1038 430 1104 469 ὅπερ
1119 432 1182 470 Θεῷ
1197 430 1368 460 οἰκειότατον.
1387 432 1444 461 Ποῦ
1460 430 1486 460 δὲ
1505 433 1612 465 Παῦλος
1627 434 1640 460 6
1653 433 1844 470 Σαμοσατεζς,

1039 475 1150 514 ὁλέγων
1177 475 1229 504 ἀπὸ
1254 477 1361 515 Μαρίας
1388 476 1466 504 αὐτὸν
1491 476 1635 515 ἄρξασθαι;
1659 476 1712 506 Ἐν
1730 477 1806 516 αὐτῷ

1039 520 1211 555 συνέστηκεν,
1227 522 1262 553 ὡς
1281 520 1394 560 θεμελίῳ
1410 532 1416 538 ·
1442 520 1510 549 οὕτω
1533 521 1578 550 καὶ
1603 522 1780 561 πρωτότοκός
1795 524 1846 551 ἐστι

1039 566 1085 600 τῆς
1097 565 1220 600 κτίσεως,
1235 567 1269 598 ὡς
1287 565 1414 603 θεμέλιος.
1435 566 1520 595 Τοῦτο
1534 567 1560 596 δὲ
1577 567 1628 605 οὐχ
1643 566 1845 604 ὁμοουσιότητι

1039 610 1102 649 πρὸς
1118 609 1152 638 τὰ
1176 609 1312 648 κτίσματα
1333 610 1426 646 δηλοῖ,
1455 610 1526 639 ἀλλὰ
1550 611 1580 640 τὸ
1599 611 1692 640 πάντα
1716 612 1747 640 ἐν
1775 612 1844 650 αὖτῷ

1039 655 1172 694 φέρεσθαι.

1084 755 1099 773 ιι
1123 743 1178 774 Καὶ
1208 744 1285 778 αὖτός
1306 746 1376 774 ἐστιν
1392 747 1409 781 ἡ
1434 745 1536 785 κεφαλῆ
1562 747 1608 775 τοῦ
1635 745 1768 783 σώματος
1798 748 1843 781 ei;

1038 788 1213 824 Ἐκκλησίας.
1229 802 1240 815 ι
1256 789 1349 820 Εἰπὼν
1370 790 1430 829 περὶ
1445 791 1491 825 τῆς
1507 790 1580 824 ἀξίας
1602 793 1648 820 τοῦ
1667 792 1755 827 Tini},
1774 792 1842 829 λέγει

1038 834 1128 863 λοιπὸν
1158 834 1203 863 καὶ
1230 834 1289 873 περὶ
1315 836 1363 869 τῆς
1384 836 1593 874 φιλανθρωπίας.
1624 834 1660 865 ζ0
1689 835 1744 874 γὰρ
1776 836 1842 864 οῧτω

1003 871 1025 901 Β
1038 878 1143 907 πάντων
1166 878 1293 918 ἀνώτερος
1305 902 1313 917 ,
1335 881 1348 908 6
1364 879 1488 915 ποιητὴς,
1503 882 1517 909 6
1534 879 1674 919 συνοχεὺς,
1696 885 1755 913 τοῖς
1770 881 1840 910 κάτει)

1039 923 1129 952 ἑαυτὸν
1147 925 1256 963 συνῆψε.
1275 924 1329 953 Καὶ
1344 924 1392 953 οὐκ
1407 921 1483 963 εἷπε,
1505 926 1560 954 Τοῦ
1583 925 1772 963 πληρώματος
1797 928 1842 959 τῖς

1035 969 1198 1003 Ἐκκλησίας
1209 990 1218 1006 ,
1239 968 1322 1004 ἀλλὰ,
1342 979 1356 997 tl
1371 970 1427 998 Τοῦ
1440 969 1563 1006 σώματος
1579 981 1586 987 ⁸
1602 983 1614 994 ν
1627 969 1671 997 ἵνα
1697 970 1773 1009 δείξῃ
1795 971 1839 1003 rit-1

1035 1011 1172 1051 ἀκρίϐειαν
1193 1015 1240 1048 τῆς
1257 1013 1320 1052 πρὸς
1337 1015 1407 1050 ἡμᾶς
1428 1014 1588 1048 οἰκειότητος
1613 1015 1711 1049 αὐτοῦ,
1739 1016 1788 1043 καὶ
1802 1015 1840 1043 ὅτι

1035 1057 1176 1094 ὁμοουσίαν
1193 1059 1256 1095 ἡμῖν
1274 1057 1388 1086 ἀνέλαϐε
1411 1058 1517 1097 σάρκα,
1539 1058 1584 1086 καὶ
1599 1059 1647 1087 οὐχ
1663 1058 1692 1092 ἐξ
1708 1060 1839 1098 οὐρανῶν.

1035 1101 1093 1136 Τὴν
1109 1102 1160 1140 γὰρ
1185 1101 1350 1137 Ἐκκλησίαν
1377 1103 1434 1131 ἀντὶ
1454 1103 1550 1135 παντὸς
1576 1103 1726 1142 ἀνθρώπων
1753 1105 1842 1142 γένους

1035 1145 1115 1174 ἔλαϐε
1139 1147 1244 1179 Παῦλος
1259 1157 1265 1164 ·
1282 1146 1355 1175 ὡσὰν
1371 1147 1394 1175 εἰ
1417 1146 1522 1185 ἔλεγεν,
1548 1146 1588 1175 ὅτι
1612 1148 1657 1176 καὶ
1674 1148 1702 1176 ἓν
1771 1150 1839 1176 κατὰ

1035 1190 1121 1229 σάρκα
1150 1191 1270 1230 γεννήσει
1299 1192 1402 1231 πρῶτος
1434 1193 1484 1220 τῶν
1522 1191 1688 1232 ἀνθρώπων,
1725 1194 1763 1226 ὥς
1793 1205 1841 1221 ιε-

1035 1234 1118 1274 φαλή.

1077 1290 1091 1306 ιι
1105 1278 1155 1313 Ὅς
1170 1281 1242 1309 ἔστιν
1266 1279 1353 1320 ἀρχὴ,
1377 1281 1544 1320 πρωτότοκος
1565 1283 1594 1311 ἐκ
1619 1284 1672 1311 τῶν
1690 1283 1806 1321 νεκρῶν.
1825 1295 1837 1309 1

1036 1324 1132 1364 Ἀρχὴ,
1164 1325 1262 1364 φησὶν,
1290 1326 1345 1354 ἔστι
1367 1327 1413 1360 τῆς
1433 1326 1623 1363 ἀναστάσεως,
1648 1327 1702 1366 πρὸ
1730 1328 1841 1356 πάντων

1035 1370 1158 1402 ἀναστάς.
1176 1369 1289 1405 Ἐπειδὴ
1308 1370 1335 1398 δὲ
1359 1370 1436 1399 ἔλυσε
1455 1373 1502 1403 τὰς
1516 1371 1613 1404 ὠδῖνας
1634 1375 1682 1401 τοῦ
1700 1371 1836 1406 θανάτου,

1034 1413 1139 1447 εἰκότως
1154 1414 1199 1442 χαὶ
1223 1414 1389 1453 πρωτότοκος
1412 1415 1530 1454 λέγεται.
1559 1413 1640 1455 Ἔχει
1667 1416 1785 1455 μέντοι,
1808 1419 1843 1449 ὡς

1035 1459 1164 1499 ἀπαρχὴ,
1189 1459 1433 1492 ἐπακολουθοῦντας
1457 1461 1529 1499 αὐτῷ
1553 1461 1598 1489 καὶ
1623 1460 1684 1494 τοὺς
1716 1462 1840 1494 λοιπούς.

1037 1503 1072 1532 Ἦ
1087 1503 1139 1542 γὰρ
1162 1504 1272 1543 ἀπαρχῆ
1305 1506 1382 1533 τινῶν
1418 1506 1487 1534 ἐστιν
1513 1505 1633 1544 ἀπαρχή.
1660 1506 1718 1535 Καὶ
1748 1506 1842 1544 ὥσπερ

1036 1549 1091 1581 ἑνὸς
1106 1548 1255 1586 δράγματος
1266 1571 1274 1584 ,
1291 1550 1324 1581 ὡς
1339 1551 1476 1588 ἀπαρχῆς,
1494 1550 1710 1588 προσαγομένου,
1727 1550 1762 1579 τὸ
1781 1541 1842 1580 ὅλον

1035 1592 1107 1632 θέρος
1122 1593 1267 1630 εὐλογεῖται
1280 1605 1286 1610 ·
1303 1592 1372 1622 οὕτω
1388 1594 1420 1621 δι’
1437 1594 1517 1622 αὐτοῦ
1536 1594 1632 1626 πάντες
1646 1595 1823 1633 ἡγιάσθημεν
1834 1618 1840 1627 .

1037 1638 1080 1665 καὶ
1110 1638 1316 1676 προσήχθημεν,
1353 1638 1398 1666 καὶ
1426 1637 1480 1671 ἑνὸς
1507 1639 1631 1676 σώματος
1655 1641 1840 1675 ἀναστάντος,

1036 1687 1109 1710 πᾶσα
1127 1683 1142 1716 ἡ
1158 1682 1233 1720 φύσις
1249 1685 1298 1718 τῆς
1317 1682 1488 1716 ἀναστάσεως
1505 1683 1624 1718 ἠξίωται.

1079 1784 1091 1796 ιι
1108 1769 1167 1801 Ἵνα
1183 1770 1293 1809 γένηται
1308 1772 1333 1800 ἐν
1349 1775 1429 1800 πᾶσιν
1452 1772 1530 1805 αὐτὸς
1551 1773 1709 1811 πρωτεύων.
1724 1787 1738 1799 ιι
1755 1774 1779 1812 ξ.
1795 1774 1841 1804 Ἐν

1036 1819 1131 1849 ﬁci,-
1142 1817 1194 1848 τοῖς
1207 1816 1267 1855 περὶ
1279 1816 1356 1845 αὐτὸν
1372 1816 1569 1855 θεωρουμένοις.
1587 1818 1640 1846 Καὶ
1655 1818 1709 1857 γὰρ
1723 1819 1774 1847 καὶ
1787 1821 1838 1857 πρὸ

1036 1860 1141 1889 πάντων
1152 1860 1305 1899 γεγέννηται
1320 1861 1349 1889 ἐκ
1362 1864 1405 1890 τοῦ
1420 1861 1534 1901 Πατρος,
1550 1862 1595 1891 καὶ
1608 1865 1713 1901 πρῶτος
1729 1864 1840 1893 πάντων

1036 1905 1117 1939 ἐστὶν,
1133 1906 1169 1938 ὡς
1190 1905 1292 1944 κεφαλὴ
1314 1907 1361 1940 τῆς
1383 1905 1558 1941 Ἐκχλησίας·
1581 1907 1627 1935 καὶ
1650 1907 1703 1946 πρὸ
1723 1908 1838 1937 πάντων

1037 1949 1150 1985 ἀνέστη,
1186 1950 1358 1988 χαριζόμενος
1393 1951 1481 1984 αὐτοῖς
1509 1951 1557 1986 τὴν
1597 1951 1773 1990 ἀφθαρσίαν,
1805 1956 1841 1986 (τις

1036 1994 1157 2033 ἀπαρχή.
1189 1995 1221 2023 Εἰ
1237 1994 1287 2034 γὰρ
1303 1994 1349 2023 καὶ
1379 1995 1456 2024 ἄλλοι
1480 1995 1531 2033 πρὸ
1554 1995 1647 2024 τούτου
1673 1996 1843 2032 ἀνέστησαν,

1035 2039 1102 2067 ἄλλα
1118 2039 1198 2066 πάλιν
1212 2039 1342 2068 ἀπέθανον
1360 2050 1368 2057 ·
1381 2040 1458 2071 αὐτὸς
1474 2040 1500 2068 δὲ
1518 2039 1566 2074 τὴν
1591 2040 1694 2068 τελείαν
1714 2042 1843 2071 ἀνέστι-

1035 2094 1076 2111 σιν
1091 2083 1196 2119 ἀνέστη.
1211 2082 1300 2123 θορα,
1316 2083 1348 2121 ,δὲ
1359 2106 1368 2121 ,
1396 2085 1509 2113 ἐνταῦθα
1525 2086 1573 2122 μὲν
1595 2085 1768 2123 πρωτότοκος
1778 2111 1786 2122 ,
1804 2089 1842 2120 ὡς

183 2137 362 2174 mogenitum,
383 2125 513 2171 tanquam
548 2134 682 2170 primitias
702 2133 920 2167 resurrectionis,
947 2139 980 2160 eo

1080 2128 1143 2167 ιρχή
1173 2129 1218 2163 τῆς
1243 2128 1428 2164 ἀναστάσεως,
1454 2128 1518 2158 διότι
1543 2131 1560 2164 ἡ
1590 2130 1787 2168 παλιγγενεσία
1820 2135 1836 2167 ἦ

183 2182 254 2219 quod
281 2180 448 2219 regeneratio
463 2180 498 2208 sit
522 2179 618 2207 eadem
644 2189 650 2206 :
671 2178 725 2206 illic
749 2182 842 2206 autem
865 2185 921 2206 non
939 2181 979 2205 est

182 2228 310 2264 primitiae
338 2226 494 2259 creationis,
510 2225 561 2253 etsi
575 2224 785 2260 primogenitus.
813 2225 884 2252 Nam
908 2223 977 2251 ratio

182 2273 306 2301 essentia:
317 2281 374 2300 non
387 2276 428 2300 est
442 2270 539 2299 eadem
561 2278 568 2296 :
597 2277 690 2297 verum
707 2270 751 2297 ille
770 2268 881 2304 quidem
897 2272 979 2296 natus

1034 2173 1100 2207 αὐτή
1112 2183 1118 2189 ·
1131 2173 1184 2201 ἐκεῖ
1196 2171 1240 2211 δὲ,
1256 2173 1303 2201 οὐκ
1318 2173 1430 2214 ἀπαρχῇ
1450 2175 1496 2208 τῆς
1510 2174 1636 2208 κτίσεως,
1654 2175 1676 2202 εἰ
1692 2174 1740 2202 καὶ
1759 2187 1835 2214 πρω-

1033 2216 1148 2250 τότοκος.
1175 2217 1215 2246 Οὖ
1231 2217 1282 2256 γὰρ
1297 2218 1311 2246 6
1336 2219 1383 2246 τοῦ
1404 2213 1470 2246 εἶναι
1493 2217 1588 2257 τρόπος
1612 2219 1626 2245 6
1648 2218 1728 2251 αὐτός
1747 2230 1755 2236 ·
1778 2221 1839 2248 ἀλλ’

1035 2263 1048 2289 6
1063 2261 1110 2298 μὲν
1124 2261 1247 2299 ἐγεννήθη
1262 2272 1269 2280 ·
1284 2263 1301 2297 ἡ
1317 2261 1344 2291 δὲ
1359 2261 1455 2298 κτίσις,
1473 2262 1538 2291 αὐτὸ
1553 2264 1629 2291 τοῦτο
1643 2263 1742 2295 κτίσις.

182 2323 224 2346 est
240 2327 246 2344 :
260 2321 383 2345 creatura
393 2324 456 2344 vero
470 2315 522 2342 hoc
535 2315 603 2350 ipso,
615 2315 762 2342 creationis
781 2313 893 2341 nomine
908 2313 1050 2344 nimirum,
1069 2313 1193 2337 creatura
1209 2313 1261 2338 est.

218 2363 308 2390 VERS.
333 2363 375 2388 19.
390 2361 521 2394 Quoniam
538 2360 567 2385 in
580 2360 636 2393 ipso
648 2360 753 2394 placuit
767 2367 870 2386 omnem
891 2359 979 2394 pleni-

183 2406 309 2435 tudinem
335 2405 498 2432 inhabitare.
531 2403 727 2432 Plenitudinem
747 2403 906 2437 divinitatis,
926 2404 979 2431 hoc

183 2455 233 2485 est,
248 2451 270 2478 si
285 2450 350 2486 quid
363 2454 420 2478 erat
435 2449 519 2477 Filius
535 2448 666 2482 Verbum,
682 2449 735 2476 illic
758 2448 904 2482 habitavit,
920 2457 977 2476 non

182 2495 304 2532 operatio
318 2495 374 2522 sive
389 2498 467 2522 actus
485 2492 629 2528 quispiam,
647 2492 696 2521 sed
708 2494 834 2521 essentia.
852 2495 912 2522 Non
927 2501 976 2529 po-

183 2545 236 2568 test
249 2543 342 2567 autem
361 2539 442 2566 aliam
464 2537 555 2566 dicere
568 2545 691 2571 causam,
705 2538 759 2565 nisi
769 2537 970 2573 beneplacitum

184 2589 212 2614 et
227 2585 395 2613 voluntatem
422 2583 484 2612 Dei.

219 2633 309 2659 Vsns.
335 2632 380 2656 20.
407 2630 441 2656 Et
468 2636 518 2664 per
532 2628 622 2663 ipsum
646 2627 815 2655 reconciliare
840 2629 981 2655 omniain

183 2676 283 2711 ipsum.
296 2688 331 2695 —
340 2675 390 2701 Per
405 2675 505 2709 ipsum,
517 2673 570 2701 hoc
580 2676 621 2701 est
632 2683 639 2701 :
654 2674 716 2709 Ipse
731 2672 802 2701 hanc
812 2673 894 2701 nobis
904 2674 981 2701 salu-

184 2723 241 2748 tem
260 2721 386 2754 operatus
409 2718 562 2755 acquisivit.
586 2719 627 2747 Ne
658 2725 721 2746 vero
739 2717 882 2747 existimes
901 2719 976 2755 quod

1079 2364 1093 2382 ιι
1108 2353 1174 2384 Ὀτι
1189 2356 1214 2384 ἓν
1239 2356 1310 2395 αὐτῷ
1332 2355 1459 2391 εὖδόκησε
1478 2360 1532 2385 πᾶν
1554 2356 1584 2385 τὸ
1607 2356 1748 2395 πλήρωμα
1771 2370 1837 2387 κιτ-

1033 2402 1151 2435 οιχῆσαι.
1171 2413 1182 2426 ι
1202 2400 1242 2429 Τὸ
1257 2400 1391 2440 πλήρωμα
1409 2403 1456 2435 τῆς
1477 2401 1615 2438 θεότητος,
1642 2402 1795 2438 τουτέστιν,
1817 2404 1841 2431 εἴ

1033 2457 1059 2474 τι
1073 2441 1105 2480 ἦν
1119 2447 1133 2474 6
1147 2444 1212 2478 Υἱὸς
1234 2446 1278 2474 καὶ
1293 2444 1395 2485 Λόγος,
1420 2447 1474 2475 ἐκεῖ
1496 2444 1600 2485 ᾤκησεν
1613 2468 1620 2481 ,
1639 2446 1689 2474 οὐκ
1712 2447 1838 2486 ἐνέργειά

1034 2502 1086 2526 τις,
1100 2489 1158 2518 ἀλλ’
1171 2489 1257 2520 οὖσία,
1273 2490 1331 2520 Οὐκ
1346 2490 1402 2530 ἔχει
1423 2489 1451 2519 δὲ
1475 2489 1560 2526 ἄλλην
1580 2490 1664 2519 εἰπεῖν
1681 2490 1791 2527 αἰτίαν,
1814 2494 1837 2520 εἰ

1036 2534 1074 2573 μὴ
1088 2534 1136 2570 τὴν
1147 2534 1265 2564 εὐδοκίαν
1279 2534 1326 2564 καὶ
1338 2535 1385 2570 τὴν
1401 2535 1508 2572 θέλησιν
1522 2537 1568 2564 τοῦ
1581 2535 1664 2565 Θεοῦ.

1081 2635 1096 2654 α
1111 2625 1166 2655 Καὶ
1180 2626 1214 2654 δι’
1230 2626 1308 2655 αὖτοῦ
1324 2624 1543 2659 ἀποκαταλλάξαι
1563 2626 1597 2655 τὰ
1619 2625 1711 2655 πάντα
1728 2627 1767 2659 εἰς
1790 2628 1840 2656 αὖ-

1037 2669 1091 2700 τόν.
1107 2687 1145 2692 -
1159 2669 1200 2700 Δι’
1221 2671 1312 2707 αὐτοῦ,
1327 2683 1339 2697 ι
1360 2671 1431 2700 τοῦτ’
1457 2670 1528 2699 ἔστιν
1545 2682 1553 2689 ’
1582 2670 1668 2702 Αὗτὸς
1693 2671 1842 2710 ἐνεργήσας

1037 2714 1084 2750 τὴν
1099 2714 1230 2755 σωτηρίαν
1248 2715 1348 2752 ταύτην
1363 2717 1427 2754 ἡμῖν
1443 2714 1652 2754 περιεποιήσατο
1666 2714 1707 2745 ⁸³.
1728 2714 1792 2746 Ἵνα
1809 2716 1840 2746 δὲ

875 2763 969 2794 Variae
989 2763 1144 2794 lectiones.

222 2804 244 2822 ³⁸
257 2803 431 2841 ἐχαρίσατοξο.

1887 389 1890 503 ξ
