  <div class='ocr_page' id='page_1' title='image "/cluster/home/n/w/nwhite01/storage/ocr_20150623/124/njp.32101010942728/780.png"; bbox 0 0 1890 3077; ppageno 0'>
   <div class='ocr_carea' id='block_1_1' title="bbox 19 207 89 234">
    <p class='ocr_par' dir='ltr' id='par_1_1' title="bbox 19 207 89 234">
     <span class='ocr_line' id='line_1_1' title="bbox 19 207 89 234; baseline -0.014 0"><span class='ocrx_word' id='word_1_1' title='bbox 19 207 89 234; x_wconf 81' lang='lat' dir='ltr'><strong>I225</strong></span> 
     </span>
    </p>
   </div>
   <div class='ocr_carea' id='block_1_2' title="bbox 456 200 1225 230">
    <p class='ocr_par' dir='ltr' id='par_1_2' title="bbox 456 200 1225 230">
     <span class='ocr_line' id='line_1_2' title="bbox 456 200 1225 230; baseline -0.003 0"><span class='ocrx_word' id='word_1_2' title='bbox 456 201 631 230; x_wconf 72' lang='lat' dir='ltr'><strong>EXPOSITIO</strong></span> <span class='ocrx_word' id='word_1_3' title='bbox 651 202 683 229; x_wconf 77' lang='lat' dir='ltr'><strong>IN</strong></span> <span class='ocrx_word' id='word_1_4' title='bbox 703 201 807 229; x_wconf 85' lang='lat' dir='ltr'><strong>EPIST.</strong></span> <span class='ocrx_word' id='word_1_5' title='bbox 827 201 874 229; x_wconf 79' lang='lat' dir='ltr'><strong>AD</strong></span> <span class='ocrx_word' id='word_1_6' title='bbox 894 200 1036 229; x_wconf 89' lang='lat' dir='ltr'><strong>COLOSS.</strong></span> <span class='ocrx_word' id='word_1_7' title='bbox 1056 216 1091 222; x_wconf 89' lang='lat'><strong>—</strong></span> <span class='ocrx_word' id='word_1_8' title='bbox 1110 201 1185 229; x_wconf 80' lang='lat' dir='ltr'><strong>CAP.</strong></span> <span class='ocrx_word' id='word_1_9' title='bbox 1206 202 1225 229; x_wconf 90' lang='lat' dir='ltr'><strong>I.</strong></span> 
     </span>
    </p>
   </div>
   <div class='ocr_carea' id='block_1_3' title="bbox 1599 206 1666 233">
    <p class='ocr_par' dir='ltr' id='par_1_3' title="bbox 1599 206 1666 233">
     <span class='ocr_line' id='line_1_3' title="bbox 1599 206 1666 233; baseline 0 -1"><span class='ocrx_word' id='word_1_10' title='bbox 1599 206 1666 233; x_wconf 77' lang='grc'><strong>1226</strong></span> 
     </span>
    </p>
   </div>
   <div class='ocr_carea' id='block_1_4' title="bbox 12 263 931 307">
    <p class='ocr_par' dir='ltr' id='par_1_4' title="bbox 12 263 931 307">
     <span class='ocr_line' id='line_1_4' title="bbox 12 263 931 307; baseline -0.007 -10"><span class='ocrx_word' id='word_1_11' title='bbox 12 268 56 307; x_wconf 81' lang='grc' dir='ltr'>μὴ</span> <span class='ocrx_word' id='word_1_12' title='bbox 76 267 188 306; x_wconf 76' lang='grc' dir='ltr'>νομίσῃς</span> <span class='ocrx_word' id='word_1_13' title='bbox 203 266 243 296; x_wconf 79' lang='grc' dir='ltr'><strong>ὅτι</strong></span> <span class='ocrx_word' id='word_1_14' title='bbox 257 265 388 306; x_wconf 77' lang='grc' dir='ltr'><strong>ὑπηρέτου</strong></span> <span class='ocrx_word' id='word_1_15' title='bbox 412 264 484 299; x_wconf 79' lang='grc' dir='ltr'>τάξιν</span> <span class='ocrx_word' id='word_1_16' title='bbox 504 264 600 299; x_wconf 81' lang='grc' dir='ltr'>ἔλαϐε,</span> <span class='ocrx_word' id='word_1_17' title='bbox 622 264 715 306; x_wconf 81' lang='grc' dir='ltr'>φησίν·</span> <span class='ocrx_word' id='word_1_18' title='bbox 737 278 749 289; x_wconf 77' lang='grc' dir='ltr'><strong>ι</strong></span> <span class='ocrx_word' id='word_1_19' title='bbox 770 265 814 297; x_wconf 77' lang='grc' dir='ltr'><strong>Εἰς</strong></span> <span class='ocrx_word' id='word_1_20' title='bbox 831 265 857 297; x_wconf 79' lang='grc' dir='ltr'>Α</span> <span class='ocrx_word' id='word_1_21' title='bbox 872 263 931 291; x_wconf 85' lang='lat' dir='ltr'><strong>min</strong></span> 
     </span>
    </p>
   </div>
   <div class='ocr_carea' id='block_1_5' title="bbox 923 263 1667 307">
    <p class='ocr_par' dir='ltr' id='par_1_5' title="bbox 923 263 1667 302">
     <span class='ocr_line' id='line_1_5' title="bbox 923 263 1667 302; baseline 0.007 -11"><span class='ocrx_word' id='word_1_22' title='bbox 923 263 990 292; x_wconf 80' lang='lat' dir='ltr'><strong>tistri</strong></span> <span class='ocrx_word' id='word_1_23' title='bbox 1009 263 1100 292; x_wconf 89' lang='lat' dir='ltr'><strong>locum</strong></span> <span class='ocrx_word' id='word_1_24' title='bbox 1115 263 1242 300; x_wconf 78' lang='lat' dir='ltr'><strong>suscepit,</strong></span> <span class='ocrx_word' id='word_1_25' title='bbox 1258 264 1357 300; x_wconf 79' lang='lat' dir='ltr'><strong>inquit,</strong></span> <span class='ocrx_word' id='word_1_26' title='bbox 1373 267 1403 293; x_wconf 83' lang='lat' dir='ltr'><strong>In</strong></span> <span class='ocrx_word' id='word_1_27' title='bbox 1423 267 1523 301; x_wconf 74' lang='lat' dir='ltr'><strong>ipsum,</strong></span> <span class='ocrx_word' id='word_1_28' title='bbox 1539 266 1594 295; x_wconf 91' lang='lat' dir='ltr'><strong>hoc</strong></span> <span class='ocrx_word' id='word_1_29' title='bbox 1613 272 1667 302; x_wconf 87' lang='lat' dir='ltr'><strong>est,</strong></span> 
     </span>
    </p>
   </div>
   <div class='ocr_carea' id='block_1_6' title="bbox 11 308 812 350">
    <p class='ocr_par' dir='ltr' id='par_1_6' title="bbox 11 308 812 350">
     <span class='ocr_line' id='line_1_6' title="bbox 11 308 812 350; baseline -0.006 -8"><span class='ocrx_word' id='word_1_30' title='bbox 11 312 112 342; x_wconf 78' lang='grc' dir='ltr'>αὐτόν·</span> <span class='ocrx_word' id='word_1_31' title='bbox 139 327 150 338; x_wconf 78' lang='grc' dir='ltr'><strong>ι</strong></span> <span class='ocrx_word' id='word_1_32' title='bbox 178 310 328 348; x_wconf 76' lang='grc' dir='ltr'><strong>τουτέστιν,</strong></span> <span class='ocrx_word' id='word_1_33' title='bbox 353 311 432 344; x_wconf 79' lang='grc' dir='ltr'>αὖτὸς</span> <span class='ocrx_word' id='word_1_34' title='bbox 457 311 546 350; x_wconf 75' lang='grc' dir='ltr'>ἑαυτῷ</span> <span class='ocrx_word' id='word_1_35' title='bbox 576 309 635 343; x_wconf 82' lang='grc' dir='ltr'>τοὺς</span> <span class='ocrx_word' id='word_1_36' title='bbox 661 308 812 348; x_wconf 71' lang='grc' dir='ltr'>ἀνθρώπους</span> 
     </span>
    </p>
   </div>
   <div class='ocr_carea' id='block_1_7' title="bbox 15 349 816 395">
    <p class='ocr_par' dir='ltr' id='par_1_7' title="bbox 15 349 816 395">
     <span class='ocr_line' id='line_1_7' title="bbox 15 349 816 395; baseline -0.006 -8"><span class='ocrx_word' id='word_1_37' title='bbox 15 357 183 394; x_wconf 77' lang='grc' dir='ltr'>κατήλλαξε.</span> <span class='ocrx_word' id='word_1_38' title='bbox 197 356 252 388; x_wconf 83' lang='grc' dir='ltr'>Καὶ</span> <span class='ocrx_word' id='word_1_39' title='bbox 269 355 321 393; x_wconf 85' lang='grc' dir='ltr'>μὴν</span> <span class='ocrx_word' id='word_1_40' title='bbox 335 356 454 395; x_wconf 73' lang='grc' dir='ltr'>ἀλλαχοῦ</span> <span class='ocrx_word' id='word_1_41' title='bbox 469 349 541 384; x_wconf 68' lang='grc' dir='ltr'>εἶπεν</span> <span class='ocrx_word' id='word_1_42' title='bbox 551 376 558 390; x_wconf 85' lang='grc'><strong>,</strong></span> <span class='ocrx_word' id='word_1_43' title='bbox 570 354 610 384; x_wconf 72' lang='grc' dir='ltr'><strong>ὅτι</strong></span> <span class='ocrx_word' id='word_1_44' title='bbox 622 355 660 394; x_wconf 88' lang='grc' dir='ltr'><strong>τῷ</strong></span> <span class='ocrx_word' id='word_1_45' title='bbox 677 354 740 393; x_wconf 84' lang='grc' dir='ltr'>Θεῷ</span> <span class='ocrx_word' id='word_1_46' title='bbox 754 365 816 382; x_wconf 89' lang='grc' dir='ltr'>κατ-</span> 
     </span>
    </p>
   </div>
   <div class='ocr_carea' id='block_1_8' title="bbox 13 397 819 442">
    <p class='ocr_par' dir='ltr' id='par_1_8' title="bbox 13 397 819 442">
     <span class='ocr_line' id='line_1_8' title="bbox 13 397 819 442; baseline -0.006 -10"><span class='ocrx_word' id='word_1_47' title='bbox 13 402 149 438; x_wconf 82' lang='grc' dir='ltr'>ήλλαξεν·</span> <span class='ocrx_word' id='word_1_48' title='bbox 170 401 222 442; x_wconf 74' lang='grc' dir='ltr'><strong>ἄρα</strong></span> <span class='ocrx_word' id='word_1_49' title='bbox 244 397 288 432; x_wconf 62' lang='grc' dir='ltr'>οὖν</span> <span class='ocrx_word' id='word_1_50' title='bbox 314 399 389 430; x_wconf 78' lang='grc' dir='ltr'>κοινὰ</span> <span class='ocrx_word' id='word_1_51' title='bbox 414 400 460 429; x_wconf 83' lang='grc' dir='ltr'>καὶ</span> <span class='ocrx_word' id='word_1_52' title='bbox 486 401 532 429; x_wconf 71' lang='grc' dir='ltr'><strong>τοῦ</strong></span> <span class='ocrx_word' id='word_1_53' title='bbox 560 400 626 430; x_wconf 78' lang='grc' dir='ltr'>Υἱοῧ</span> <span class='ocrx_word' id='word_1_54' title='bbox 647 399 681 429; x_wconf 75' lang='grc' dir='ltr'>τὰ</span> <span class='ocrx_word' id='word_1_55' title='bbox 706 399 819 438; x_wconf 85' lang='grc' dir='ltr'>Πατρός.</span> 
     </span>
    </p>
   </div>
   <div class='ocr_carea' id='block_1_9' title="bbox 13 442 819 485">
    <p class='ocr_par' dir='ltr' id='par_1_9' title="bbox 13 442 819 485">
     <span class='ocr_line' id='line_1_9' title="bbox 13 442 819 485; baseline -0.006 -8"><span class='ocrx_word' id='word_1_56' title='bbox 13 449 81 478; x_wconf 81' lang='grc' dir='ltr'>Οὐκ</span> <span class='ocrx_word' id='word_1_57' title='bbox 97 442 155 476; x_wconf 78' lang='grc' dir='ltr'>εἶπε</span> <span class='ocrx_word' id='word_1_58' title='bbox 167 447 207 485; x_wconf 79' lang='grc' dir='ltr'>δὲ,</span> <span class='ocrx_word' id='word_1_59' title='bbox 224 445 415 481; x_wconf 78' lang='grc' dir='ltr'>Καταλλάξαι,</span> <span class='ocrx_word' id='word_1_60' title='bbox 432 444 501 481; x_wconf 78' lang='grc' dir='ltr'>ἀλλ’,</span> <span class='ocrx_word' id='word_1_61' title='bbox 519 458 531 470; x_wconf 77' lang='grc' dir='ltr'>ι</span> <span class='ocrx_word' id='word_1_62' title='bbox 548 443 796 480; x_wconf 80' lang='grc' dir='ltr'>Ἀποκαταλλάξαι,</span> <span class='ocrx_word' id='word_1_63' title='bbox 809 457 819 469; x_wconf 87' lang='lat'><strong><em>-</em></strong></span> 
     </span>
    </p>
   </div>
   <div class='ocr_carea' id='block_1_10' title="bbox 13 489 818 530">
    <p class='ocr_par' dir='ltr' id='par_1_10' title="bbox 13 489 818 530">
     <span class='ocr_line' id='line_1_10' title="bbox 13 489 818 530; baseline -0.006 -8"><span class='ocrx_word' id='word_1_64' title='bbox 13 492 172 528; x_wconf 71' lang='grc' dir='ltr'><strong>τουτέστιν,</strong></span> <span class='ocrx_word' id='word_1_65' title='bbox 193 492 354 528; x_wconf 75' lang='grc' dir='ltr'>ἀποδοῦναι,</span> <span class='ocrx_word' id='word_1_66' title='bbox 379 492 414 524; x_wconf 82' lang='grc' dir='ltr'>ὥς</span> <span class='ocrx_word' id='word_1_67' title='bbox 438 489 546 530; x_wconf 61' lang='grc' dir='ltr'>ὀρειλήν</span> <span class='ocrx_word' id='word_1_68' title='bbox 573 500 631 519; x_wconf 83' lang='grc' dir='ltr'>τινα</span> <span class='ocrx_word' id='word_1_69' title='bbox 657 489 742 518; x_wconf 85' lang='grc' dir='ltr'>πάλαι</span> <span class='ocrx_word' id='word_1_70' title='bbox 772 500 818 518; x_wconf 87' lang='grc' dir='ltr'>κε-</span> 
     </span>
    </p>
   </div>
   <div class='ocr_carea' id='block_1_11' title="bbox 14 533 821 578">
    <p class='ocr_par' dir='ltr' id='par_1_11' title="bbox 14 533 821 578">
     <span class='ocr_line' id='line_1_11' title="bbox 14 533 821 578; baseline -0.005 -12"><span class='ocrx_word' id='word_1_71' title='bbox 14 536 245 578; x_wconf 77' lang='grc' dir='ltr'>χρεωστημίνην,</span> <span class='ocrx_word' id='word_1_72' title='bbox 267 537 313 566; x_wconf 81' lang='grc' dir='ltr'><strong>καὶ</strong></span> <span class='ocrx_word' id='word_1_73' title='bbox 330 535 436 568; x_wconf 78' lang='grc' dir='ltr'>τελείως</span> <span class='ocrx_word' id='word_1_74' title='bbox 450 536 616 574; x_wconf 71' lang='grc' dir='ltr'>εἰρηνέῦσαι,</span> <span class='ocrx_word' id='word_1_75' title='bbox 639 533 708 563; x_wconf 80' lang='grc' dir='ltr'>ὥστε</span> <span class='ocrx_word' id='word_1_76' title='bbox 723 533 821 572; x_wconf 66' lang='grc' dir='ltr'>μηκέτι</span> 
     </span>
    </p>
   </div>
   <div class='ocr_carea' id='block_1_12' title="bbox 17 573 821 622">
    <p class='ocr_par' dir='ltr' id='par_1_12' title="bbox 17 573 821 622">
     <span class='ocr_line' id='line_1_12' title="bbox 17 573 821 622; baseline -0.005 -11"><span class='ocrx_word' id='word_1_77' title='bbox 17 573 172 622; x_wconf 46' lang='grc' dir='ltr'>ἒὶθραίνειν</span> <span class='ocrx_word' id='word_1_78' title='bbox 193 582 275 620; x_wconf 80' lang='grc' dir='ltr'>αὐτῷ.</span> <span class='ocrx_word' id='word_1_79' title='bbox 301 581 342 610; x_wconf 88' lang='grc' dir='ltr'><strong>Οὗ</strong></span> <span class='ocrx_word' id='word_1_80' title='bbox 363 580 415 620; x_wconf 81' lang='grc' dir='ltr'><strong>γὰρ</strong></span> <span class='ocrx_word' id='word_1_81' title='bbox 439 581 456 615; x_wconf 87' lang='grc' dir='ltr'>ἡ</span> <span class='ocrx_word' id='word_1_82' title='bbox 478 573 639 619; x_wconf 79' lang='grc' dir='ltr'>καταλλαγὴ</span> <span class='ocrx_word' id='word_1_83' title='bbox 665 579 743 617; x_wconf 86' lang='grc' dir='ltr'>μόνον</span> <span class='ocrx_word' id='word_1_84' title='bbox 769 580 821 607; x_wconf 74' lang='grc' dir='ltr'><strong>ὰπ-</strong></span> 
     </span>
    </p>
   </div>
   <div class='ocr_carea' id='block_1_13' title="bbox 18 623 823 664">
    <p class='ocr_par' dir='ltr' id='par_1_13' title="bbox 18 623 823 664">
     <span class='ocr_line' id='line_1_13' title="bbox 18 623 823 664; baseline -0.005 -8"><span class='ocrx_word' id='word_1_85' title='bbox 18 627 103 663; x_wconf 78' lang='grc' dir='ltr'>εδόθη</span> <span class='ocrx_word' id='word_1_86' title='bbox 121 626 163 662; x_wconf 68' lang='grc' dir='ltr'>εθ,</span> <span class='ocrx_word' id='word_1_87' title='bbox 183 625 253 656; x_wconf 80' lang='grc' dir='ltr'>ἀλλὰ</span> <span class='ocrx_word' id='word_1_88' title='bbox 271 625 317 655; x_wconf 81' lang='grc' dir='ltr'><strong>καὶ</strong></span> <span class='ocrx_word' id='word_1_89' title='bbox 335 627 348 655; x_wconf 99' lang='lat'><strong>6</strong></span> <span class='ocrx_word' id='word_1_90' title='bbox 365 623 459 664; x_wconf 79' lang='grc' dir='ltr'>τρόπος</span> <span class='ocrx_word' id='word_1_91' title='bbox 472 626 520 659; x_wconf 74' lang='grc' dir='ltr'><strong>τῆς</strong></span> <span class='ocrx_word' id='word_1_92' title='bbox 540 625 725 663; x_wconf 71' lang='grc' dir='ltr'><strong>καταλλαγῆς,</strong></span> <span class='ocrx_word' id='word_1_93' title='bbox 743 634 823 652; x_wconf 85' lang='grc' dir='ltr'>τουτ-</span> 
     </span>
    </p>
   </div>
   <div class='ocr_carea' id='block_1_14' title="bbox 19 669 711 711">
    <p class='ocr_par' dir='ltr' id='par_1_14' title="bbox 19 669 711 711">
     <span class='ocr_line' id='line_1_14' title="bbox 19 669 711 711; baseline -0.003 -10"><span class='ocrx_word' id='word_1_94' title='bbox 19 672 98 701; x_wconf 80' lang='grc' dir='ltr'>έστιν</span> <span class='ocrx_word' id='word_1_95' title='bbox 113 673 131 707; x_wconf 85' lang='grc' dir='ltr'>ἡ</span> <span class='ocrx_word' id='word_1_96' title='bbox 146 670 236 711; x_wconf 82' lang='grc' dir='ltr'>σφαγὴ</span> <span class='ocrx_word' id='word_1_97' title='bbox 251 672 296 700; x_wconf 78' lang='grc' dir='ltr'><strong>τοῦ</strong></span> <span class='ocrx_word' id='word_1_98' title='bbox 313 670 377 700; x_wconf 78' lang='grc' dir='ltr'>Υἶοῢ</span> <span class='ocrx_word' id='word_1_99' title='bbox 387 692 394 706; x_wconf 94' lang='grc'><strong>,</strong></span> <span class='ocrx_word' id='word_1_100' title='bbox 413 669 446 699; x_wconf 81' lang='grc' dir='ltr'><strong>τὰ</strong></span> <span class='ocrx_word' id='word_1_101' title='bbox 462 669 574 708; x_wconf 84' lang='grc' dir='ltr'>μέγιστα</span> <span class='ocrx_word' id='word_1_102' title='bbox 589 669 711 708; x_wconf 76' lang='grc' dir='ltr'><strong>ἴσχυσεν.</strong></span> 
     </span>
    </p>
   </div>
   <div class='ocr_carea' id='block_1_15' title="bbox 66 712 823 755">
    <p class='ocr_par' dir='ltr' id='par_1_15' title="bbox 66 712 823 755">
     <span class='ocr_line' id='line_1_15' title="bbox 66 712 823 755; baseline -0.005 -9"><span class='ocrx_word' id='word_1_103' title='bbox 66 730 80 742; x_wconf 76' lang='grc' dir='ltr'>ι</span> <span class='ocrx_word' id='word_1_104' title='bbox 110 715 323 755; x_wconf 78' lang='grc' dir='ltr'>Εἶρηνοποιήσας</span> <span class='ocrx_word' id='word_1_105' title='bbox 356 714 398 744; x_wconf 68' lang='grc' dir='ltr'><strong>διὰ</strong></span> <span class='ocrx_word' id='word_1_106' title='bbox 425 716 471 743; x_wconf 78' lang='grc' dir='ltr'><strong>τοῦ</strong></span> <span class='ocrx_word' id='word_1_107' title='bbox 500 712 613 752; x_wconf 76' lang='grc' dir='ltr'>αἵματος</span> <span class='ocrx_word' id='word_1_108' title='bbox 636 715 682 742; x_wconf 77' lang='grc' dir='ltr'><strong>τοῦ</strong></span> <span class='ocrx_word' id='word_1_109' title='bbox 708 714 823 752; x_wconf 71' lang='grc' dir='ltr'>σταυροῦ</span> 
     </span>
    </p>
   </div>
   <div class='ocr_carea' id='block_1_16' title="bbox 23 756 825 798">
    <p class='ocr_par' dir='ltr' id='par_1_16' title="bbox 23 756 825 798">
     <span class='ocr_line' id='line_1_16' title="bbox 23 756 825 798; baseline -0.005 -8"><span class='ocrx_word' id='word_1_110' title='bbox 23 763 120 790; x_wconf 77' lang='grc' dir='ltr'>αὐτοῦ.</span> <span class='ocrx_word' id='word_1_111' title='bbox 140 775 151 785; x_wconf 79' lang='grc' dir='ltr'>ι·</span> <span class='ocrx_word' id='word_1_112' title='bbox 165 761 206 790; x_wconf 82' lang='grc' dir='ltr'><strong>Τὸ</strong></span> <span class='ocrx_word' id='word_1_113' title='bbox 224 759 271 798; x_wconf 78' lang='grc' dir='ltr'><strong>μὲν</strong></span> <span class='ocrx_word' id='word_1_114' title='bbox 285 758 452 793; x_wconf 74' lang='grc' dir='ltr'>καταλλάξαι</span> <span class='ocrx_word' id='word_1_115' title='bbox 465 757 513 794; x_wconf 78' lang='grc' dir='ltr'><strong>τὴν</strong></span> <span class='ocrx_word' id='word_1_116' title='bbox 530 758 625 798; x_wconf 73' lang='grc' dir='ltr'>ἔχθραν</span> <span class='ocrx_word' id='word_1_117' title='bbox 649 757 780 787; x_wconf 79' lang='grc' dir='ltr'>δείκνυσι·</span> <span class='ocrx_word' id='word_1_118' title='bbox 795 756 825 786; x_wconf 84' lang='grc' dir='ltr'><strong>τὸ</strong></span> 
     </span>
    </p>
   </div>
   <div class='ocr_carea' id='block_1_17' title="bbox 25 801 826 844">
    <p class='ocr_par' dir='ltr' id='par_1_17' title="bbox 25 801 826 844">
     <span class='ocr_line' id='line_1_17' title="bbox 25 801 826 844; baseline -0.006 -9"><span class='ocrx_word' id='word_1_119' title='bbox 25 807 55 835; x_wconf 75' lang='grc' dir='ltr'><strong>δὲ</strong></span> <span class='ocrx_word' id='word_1_120' title='bbox 82 807 250 844; x_wconf 73' lang='grc' dir='ltr'>εἰρηνεῧσαι,</span> <span class='ocrx_word' id='word_1_121' title='bbox 287 804 331 834; x_wconf 79' lang='grc' dir='ltr'><strong>τὸν</strong></span> <span class='ocrx_word' id='word_1_122' title='bbox 364 803 492 842; x_wconf 80' lang='grc' dir='ltr'>πόλεμον.</span> <span class='ocrx_word' id='word_1_123' title='bbox 527 803 582 834; x_wconf 80' lang='grc' dir='ltr'><strong>Καὶ</strong></span> <span class='ocrx_word' id='word_1_124' title='bbox 601 802 655 843; x_wconf 81' lang='grc' dir='ltr'><strong>γὰρ</strong></span> <span class='ocrx_word' id='word_1_125' title='bbox 680 804 768 844; x_wconf 30' lang='grc' dir='ltr'>ἡμεῖς*</span> <span class='ocrx_word' id='word_1_126' title='bbox 780 801 826 831; x_wconf 74' lang='grc' dir='ltr'>καὶ</span> 
     </span>
    </p>
   </div>
   <div class='ocr_carea' id='block_1_18' title="bbox 24 842 827 891">
    <p class='ocr_par' dir='ltr' id='par_1_18' title="bbox 24 842 827 891">
     <span class='ocr_line' id='line_1_18' title="bbox 24 842 827 891; baseline -0.005 -11"><span class='ocrx_word' id='word_1_127' title='bbox 24 842 121 891; x_wconf 59' lang='grc' dir='ltr'>ἐχθροὶ</span> <span class='ocrx_word' id='word_1_128' title='bbox 135 846 202 887; x_wconf 77' lang='grc' dir='ltr'>ἦμεν</span> <span class='ocrx_word' id='word_1_129' title='bbox 217 851 255 887; x_wconf 81' lang='grc' dir='ltr'><strong>τῷ</strong></span> <span class='ocrx_word' id='word_1_130' title='bbox 273 850 337 889; x_wconf 83' lang='grc' dir='ltr'>Θεῷ</span> <span class='ocrx_word' id='word_1_131' title='bbox 359 847 405 878; x_wconf 82' lang='grc' dir='ltr'>καὶ</span> <span class='ocrx_word' id='word_1_132' title='bbox 419 847 555 887; x_wconf 80' lang='grc' dir='ltr'>πολέμιοι.</span> <span class='ocrx_word' id='word_1_133' title='bbox 572 842 651 886; x_wconf 75' lang='grc' dir='ltr'>Μέγα</span> <span class='ocrx_word' id='word_1_134' title='bbox 670 847 717 886; x_wconf 80' lang='grc' dir='ltr'><strong>μὲν</strong></span> <span class='ocrx_word' id='word_1_135' title='bbox 738 842 782 877; x_wconf 67' lang='grc' dir='ltr'><strong>οὖν</strong></span> <span class='ocrx_word' id='word_1_136' title='bbox 796 845 827 876; x_wconf 81' lang='grc' dir='ltr'>τὸ</span> 
     </span>
    </p>
   </div>
   <div class='ocr_carea' id='block_1_19' title="bbox 25 891 828 930">
    <p class='ocr_par' dir='ltr' id='par_1_19' title="bbox 25 891 828 930">
     <span class='ocr_line' id='line_1_19' title="bbox 25 891 828 930; baseline -0.005 -6"><span class='ocrx_word' id='word_1_137' title='bbox 25 894 212 929; x_wconf 81' lang='grc' dir='ltr'>καταλλάξαι·</span> <span class='ocrx_word' id='word_1_138' title='bbox 228 893 258 923; x_wconf 69' lang='grc' dir='ltr'><strong>τὸ</strong></span> <span class='ocrx_word' id='word_1_139' title='bbox 268 894 295 924; x_wconf 82' lang='grc' dir='ltr'><strong>δὲ</strong></span> <span class='ocrx_word' id='word_1_140' title='bbox 310 893 357 922; x_wconf 82' lang='grc' dir='ltr'><strong>καὶ</strong></span> <span class='ocrx_word' id='word_1_141' title='bbox 371 894 406 922; x_wconf 87' lang='grc' dir='ltr'>δι’</span> <span class='ocrx_word' id='word_1_142' title='bbox 423 894 517 922; x_wconf 68' lang='grc' dir='ltr'>ἑαυτοῦ</span> <span class='ocrx_word' id='word_1_143' title='bbox 529 915 536 928; x_wconf 93' lang='grc'><strong>,</strong></span> <span class='ocrx_word' id='word_1_144' title='bbox 555 894 658 930; x_wconf 78' lang='grc' dir='ltr'>μεῖζον·</span> <span class='ocrx_word' id='word_1_145' title='bbox 674 891 720 922; x_wconf 73' lang='grc' dir='ltr'>καὶ</span> <span class='ocrx_word' id='word_1_146' title='bbox 737 891 776 921; x_wconf 80' lang='grc' dir='ltr'>ἔτι</span> <span class='ocrx_word' id='word_1_147' title='bbox 788 891 828 928; x_wconf 83' lang='grc' dir='ltr'><strong>τὸ,</strong></span> 
     </span>
    </p>
   </div>
   <div class='ocr_carea' id='block_1_20' title="bbox 25 936 828 979">
    <p class='ocr_par' dir='ltr' id='par_1_20' title="bbox 25 936 828 979">
     <span class='ocr_line' id='line_1_20' title="bbox 25 936 828 979; baseline -0.002 -12"><span class='ocrx_word' id='word_1_148' title='bbox 25 955 37 967; x_wconf 84' lang='grc' dir='ltr'>ι</span> <span class='ocrx_word' id='word_1_149' title='bbox 56 939 101 970; x_wconf 83' lang='grc' dir='ltr'><strong>Δι’</strong></span> <span class='ocrx_word' id='word_1_150' title='bbox 110 939 222 979; x_wconf 75' lang='grc' dir='ltr'>αἵματος</span> <span class='ocrx_word' id='word_1_151' title='bbox 231 951 237 958; x_wconf 90' lang='grc'><strong>·</strong></span> <span class='ocrx_word' id='word_1_152' title='bbox 250 952 261 965; x_wconf 77' lang='grc' dir='ltr'><strong>ι</strong></span> <span class='ocrx_word' id='word_1_153' title='bbox 273 938 319 968; x_wconf 77' lang='grc' dir='ltr'>καὶ</span> <span class='ocrx_word' id='word_1_154' title='bbox 329 938 368 968; x_wconf 73' lang='grc' dir='ltr'>ἔτι</span> <span class='ocrx_word' id='word_1_155' title='bbox 378 939 418 975; x_wconf 77' lang='grc' dir='ltr'><strong>τὸ,</strong></span> <span class='ocrx_word' id='word_1_156' title='bbox 427 951 440 965; x_wconf 73' lang='grc' dir='ltr'><strong>ε</strong></span> <span class='ocrx_word' id='word_1_157' title='bbox 451 937 503 968; x_wconf 75' lang='grc' dir='ltr'>Διὰ</span> <span class='ocrx_word' id='word_1_158' title='bbox 518 939 646 974; x_wconf 83' lang='grc' dir='ltr'>σταυροῦ,</span> <span class='ocrx_word' id='word_1_159' title='bbox 657 950 669 963; x_wconf 73' lang='grc' dir='ltr'><strong>ι</strong></span> <span class='ocrx_word' id='word_1_160' title='bbox 677 941 722 966; x_wconf 72' lang='grc' dir='ltr'><strong>τοῦ</strong></span> <span class='ocrx_word' id='word_1_161' title='bbox 733 936 828 974; x_wconf 70' lang='grc' dir='ltr'>ἀτίμου</span> 
     </span>
    </p>
   </div>
   <div class='ocr_carea' id='block_1_21' title="bbox 27 980 827 1023">
    <p class='ocr_par' dir='ltr' id='par_1_21' title="bbox 27 980 827 1023">
     <span class='ocr_line' id='line_1_21' title="bbox 27 980 827 1023; baseline -0.005 -9"><span class='ocrx_word' id='word_1_162' title='bbox 27 985 156 1014; x_wconf 81' lang='grc' dir='ltr'>θανάτου.</span> <span class='ocrx_word' id='word_1_163' title='bbox 183 984 225 1014; x_wconf 76' lang='grc' dir='ltr'><strong>Οὐ</strong></span> <span class='ocrx_word' id='word_1_164' title='bbox 249 983 301 1022; x_wconf 72' lang='grc' dir='ltr'><strong>γὰρ</strong></span> <span class='ocrx_word' id='word_1_165' title='bbox 326 982 434 1023; x_wconf 73' lang='grc' dir='ltr'>ῥήματα</span> <span class='ocrx_word' id='word_1_166' title='bbox 458 982 560 1021; x_wconf 82' lang='grc' dir='ltr'>ιίπὼν,</span> <span class='ocrx_word' id='word_1_167' title='bbox 587 980 827 1023; x_wconf 19' lang='grc' dir='ltr'>ὼςᾼπρεσϐευτὴς,</span> 
     </span>
    </p>
   </div>
   <div class='ocr_carea' id='block_1_22' title="bbox 27 1021 829 1066">
    <p class='ocr_par' dir='ltr' id='par_1_22' title="bbox 27 1021 829 1066">
     <span class='ocr_line' id='line_1_22' title="bbox 27 1021 829 1066; baseline -0.005 -7"><span class='ocrx_word' id='word_1_168' title='bbox 27 1029 208 1066; x_wconf 72' lang='grc' dir='ltr'>κατήλλαξιν,</span> <span class='ocrx_word' id='word_1_169' title='bbox 221 1029 279 1059; x_wconf 73' lang='grc' dir='ltr'>ἀλλ’</span> <span class='ocrx_word' id='word_1_170' title='bbox 289 1021 384 1058; x_wconf 64' lang='grc' dir='ltr'>ἐαυτὸν</span> <span class='ocrx_word' id='word_1_171' title='bbox 397 1027 488 1060; x_wconf 79' lang='grc' dir='ltr'>ἐκδούς</span> <span class='ocrx_word' id='word_1_172' title='bbox 498 1027 533 1058; x_wconf 78' lang='grc'>⁰⁰.</span> <span class='ocrx_word' id='word_1_173' title='bbox 547 1027 610 1057; x_wconf 83' lang='grc' dir='ltr'>Ὸῦκ</span> <span class='ocrx_word' id='word_1_174' title='bbox 624 1021 681 1056; x_wconf 75' lang='grc' dir='ltr'>εἶπε</span> <span class='ocrx_word' id='word_1_175' title='bbox 696 1026 734 1062; x_wconf 73' lang='grc' dir='ltr'>δὲ,</span> <span class='ocrx_word' id='word_1_176' title='bbox 751 1039 763 1052; x_wconf 82' lang='grc' dir='ltr'><strong>ι</strong></span> <span class='ocrx_word' id='word_1_177' title='bbox 775 1027 829 1056; x_wconf 72' lang='grc' dir='ltr'>Τοῦ</span> 
     </span>
    </p>
   </div>
   <div class='ocr_carea' id='block_1_23' title="bbox 28 1071 831 1114">
    <p class='ocr_par' dir='ltr' id='par_1_23' title="bbox 28 1071 831 1114">
     <span class='ocr_line' id='line_1_23' title="bbox 28 1071 831 1114; baseline -0.005 -10"><span class='ocrx_word' id='word_1_178' title='bbox 28 1076 150 1114; x_wconf 76' lang='grc' dir='ltr'>σταυροῦ</span> <span class='ocrx_word' id='word_1_179' title='bbox 159 1087 182 1110; x_wconf 73' lang='grc' dir='ltr'><strong>ι,</strong></span> <span class='ocrx_word' id='word_1_180' title='bbox 195 1074 240 1102; x_wconf 88' lang='grc' dir='ltr'><strong>καὶ</strong></span> <span class='ocrx_word' id='word_1_181' title='bbox 256 1073 331 1108; x_wconf 76' lang='grc' dir='ltr'>ἔστη,</span> <span class='ocrx_word' id='word_1_182' title='bbox 344 1073 413 1103; x_wconf 69' lang='grc' dir='ltr'>ἀλλὰ</span> <span class='ocrx_word' id='word_1_183' title='bbox 424 1073 572 1112; x_wconf 80' lang='grc' dir='ltr'>προσέθηκε</span> <span class='ocrx_word' id='word_1_184' title='bbox 587 1073 627 1110; x_wconf 81' lang='grc' dir='ltr'>τὸ,</span> <span class='ocrx_word' id='word_1_185' title='bbox 640 1085 652 1097; x_wconf 74' lang='grc' dir='ltr'><strong>α</strong></span> <span class='ocrx_word' id='word_1_186' title='bbox 662 1072 757 1107; x_wconf 76' lang='grc' dir='ltr'>Αὐτοῦ,</span> <span class='ocrx_word' id='word_1_187' title='bbox 768 1085 780 1097; x_wconf 77' lang='grc' dir='ltr'>ι»</span> <span class='ocrx_word' id='word_1_188' title='bbox 789 1071 831 1100; x_wconf 78' lang='grc' dir='ltr'><strong>ἵνα</strong></span> 
     </span>
    </p>
   </div>
   <div class='ocr_carea' id='block_1_24' title="bbox 30 1115 829 1158">
    <p class='ocr_par' dir='ltr' id='par_1_24' title="bbox 30 1115 829 1158">
     <span class='ocr_line' id='line_1_24' title="bbox 30 1115 829 1158; baseline -0.004 -10"><span class='ocrx_word' id='word_1_189' title='bbox 30 1119 69 1157; x_wconf 80' lang='grc' dir='ltr'><strong>μὴ</strong></span> <span class='ocrx_word' id='word_1_190' title='bbox 96 1118 209 1158; x_wconf 78' lang='grc' dir='ltr'>νομίσῃς</span> <span class='ocrx_word' id='word_1_191' title='bbox 229 1117 274 1147; x_wconf 80' lang='grc' dir='ltr'><strong>τὸν</strong></span> <span class='ocrx_word' id='word_1_192' title='bbox 299 1117 412 1157; x_wconf 83' lang='grc' dir='ltr'>σταυρὸν</span> <span class='ocrx_word' id='word_1_193' title='bbox 438 1115 580 1152; x_wconf 71' lang='grc' dir='ltr'>δυνηθῆναί</span> <span class='ocrx_word' id='word_1_194' title='bbox 598 1127 623 1146; x_wconf 86' lang='grc' dir='ltr'><strong>τι</strong></span> <span class='ocrx_word' id='word_1_195' title='bbox 644 1115 705 1145; x_wconf 81' lang='grc' dir='ltr'>καθ’</span> <span class='ocrx_word' id='word_1_196' title='bbox 726 1115 829 1145; x_wconf 78' lang='grc' dir='ltr'>ἑαυτόν.</span> 
     </span>
    </p>
   </div>
   <div class='ocr_carea' id='block_1_25' title="bbox 30 1160 831 1204">
    <p class='ocr_par' dir='ltr' id='par_1_25' title="bbox 30 1160 831 1204">
     <span class='ocr_line' id='line_1_25' title="bbox 30 1160 831 1204; baseline -0.005 -11"><span class='ocrx_word' id='word_1_197' title='bbox 30 1166 71 1194; x_wconf 85' lang='grc' dir='ltr'><strong>Οὖ</strong></span> <span class='ocrx_word' id='word_1_198' title='bbox 104 1163 156 1204; x_wconf 77' lang='grc' dir='ltr'><strong>γὰρ</strong></span> <span class='ocrx_word' id='word_1_199' title='bbox 183 1163 273 1196; x_wconf 74' lang='grc' dir='ltr'>ἁπλῶς</span> <span class='ocrx_word' id='word_1_200' title='bbox 294 1163 308 1191; x_wconf 91' lang='lat'><strong>6</strong></span> <span class='ocrx_word' id='word_1_201' title='bbox 329 1162 442 1202; x_wconf 77' lang='grc' dir='ltr'>σταυρὸς</span> <span class='ocrx_word' id='word_1_202' title='bbox 463 1161 580 1200; x_wconf 77' lang='grc' dir='ltr'>ἔσωσεν,</span> <span class='ocrx_word' id='word_1_203' title='bbox 605 1160 665 1190; x_wconf 78' lang='grc' dir='ltr'>ἀλλ’</span> <span class='ocrx_word' id='word_1_204' title='bbox 689 1160 729 1190; x_wconf 76' lang='grc' dir='ltr'>ὅτι</span> <span class='ocrx_word' id='word_1_205' title='bbox 751 1161 831 1190; x_wconf 78' lang='grc' dir='ltr'>αὐτοῦ</span> 
     </span>
    </p>
   </div>
   <div class='ocr_carea' id='block_1_26' title="bbox 30 1207 159 1248">
    <p class='ocr_par' dir='ltr' id='par_1_26' title="bbox 30 1207 159 1248">
     <span class='ocr_line' id='line_1_26' title="bbox 30 1207 159 1248; baseline 0.008 -10"><span class='ocrx_word' id='word_1_206' title='bbox 30 1207 159 1248; x_wconf 83' lang='grc' dir='ltr'>σταυρός.</span> 
     </span>
    </p>
   </div>
   <div class='ocr_carea' id='block_1_27' title="bbox 72 1250 832 1291">
    <p class='ocr_par' dir='ltr' id='par_1_27' title="bbox 72 1250 832 1291">
     <span class='ocr_line' id='line_1_27' title="bbox 72 1250 832 1291; baseline -0.007 -10"><span class='ocrx_word' id='word_1_207' title='bbox 72 1268 86 1281; x_wconf 75' lang='grc' dir='ltr'>ι</span> <span class='ocrx_word' id='word_1_208' title='bbox 106 1253 169 1284; x_wconf 83' lang='grc' dir='ltr'>Εἴτε</span> <span class='ocrx_word' id='word_1_209' title='bbox 189 1251 223 1282; x_wconf 64' lang='grc' dir='ltr'>τὶ</span> <span class='ocrx_word' id='word_1_210' title='bbox 238 1251 282 1282; x_wconf 78' lang='grc' dir='ltr'>ἐπὶ</span> <span class='ocrx_word' id='word_1_211' title='bbox 297 1253 343 1287; x_wconf 77' lang='grc' dir='ltr'><strong>τῆς</strong></span> <span class='ocrx_word' id='word_1_212' title='bbox 361 1253 408 1290; x_wconf 74' lang='grc' dir='ltr'><strong>γῆς</strong></span> <span class='ocrx_word' id='word_1_213' title='bbox 420 1276 426 1285; x_wconf 84' lang='lat'><strong>,</strong></span> <span class='ocrx_word' id='word_1_214' title='bbox 444 1250 495 1281; x_wconf 79' lang='grc' dir='ltr'>εἴτε</span> <span class='ocrx_word' id='word_1_215' title='bbox 510 1251 543 1280; x_wconf 73' lang='grc' dir='ltr'><strong>τὰ</strong></span> <span class='ocrx_word' id='word_1_216' title='bbox 560 1252 587 1280; x_wconf 81' lang='grc' dir='ltr'><strong>ἐν</strong></span> <span class='ocrx_word' id='word_1_217' title='bbox 605 1254 658 1284; x_wconf 85' lang='grc' dir='ltr'>τοῖς</span> <span class='ocrx_word' id='word_1_218' title='bbox 672 1250 800 1291; x_wconf 77' lang='grc' dir='ltr'>οὐρανοῖς.</span> <span class='ocrx_word' id='word_1_219' title='bbox 820 1263 832 1276; x_wconf 77' lang='grc' dir='ltr'><strong>ι</strong></span> 
     </span>
    </p>
   </div>
   <div class='ocr_carea' id='block_1_28' title="bbox 30 1294 834 1337">
    <p class='ocr_par' dir='ltr' id='par_1_28' title="bbox 30 1294 834 1337">
     <span class='ocr_line' id='line_1_28' title="bbox 30 1294 834 1337; baseline -0.005 -9"><span class='ocrx_word' id='word_1_220' title='bbox 30 1299 75 1329; x_wconf 66' lang='grc' dir='ltr'><strong>Τὰ</strong></span> <span class='ocrx_word' id='word_1_221' title='bbox 95 1297 145 1337; x_wconf 79' lang='grc' dir='ltr'><strong>μὲν</strong></span> <span class='ocrx_word' id='word_1_222' title='bbox 167 1297 212 1326; x_wconf 73' lang='grc' dir='ltr'><strong>ἐπὶ</strong></span> <span class='ocrx_word' id='word_1_223' title='bbox 228 1299 274 1331; x_wconf 75' lang='grc' dir='ltr'><strong>τῆς</strong></span> <span class='ocrx_word' id='word_1_224' title='bbox 290 1298 338 1336; x_wconf 72' lang='grc' dir='ltr'><strong>γῆς</strong></span> <span class='ocrx_word' id='word_1_225' title='bbox 360 1295 478 1329; x_wconf 70' lang='grc' dir='ltr'>εἰκότωςε</span> <span class='ocrx_word' id='word_1_226' title='bbox 501 1295 612 1329; x_wconf 77' lang='grc' dir='ltr'>ἕκαστος</span> <span class='ocrx_word' id='word_1_227' title='bbox 635 1295 686 1334; x_wconf 81' lang='grc' dir='ltr'><strong>γὰρ</strong></span> <span class='ocrx_word' id='word_1_228' title='bbox 705 1295 750 1325; x_wconf 83' lang='grc' dir='ltr'>καὶ</span> <span class='ocrx_word' id='word_1_229' title='bbox 769 1294 834 1335; x_wconf 77' lang='grc' dir='ltr'>πρὸς</span> 
     </span>
    </p>
   </div>
   <div class='ocr_carea' id='block_1_29' title="bbox 31 1339 834 1381">
    <p class='ocr_par' dir='ltr' id='par_1_29' title="bbox 31 1339 834 1381">
     <span class='ocr_line' id='line_1_29' title="bbox 31 1339 834 1381; baseline -0.005 -8"><span class='ocrx_word' id='word_1_230' title='bbox 31 1343 128 1373; x_wconf 74' lang='grc' dir='ltr'>ἑαυτὸν</span> <span class='ocrx_word' id='word_1_231' title='bbox 145 1341 294 1377; x_wconf 74' lang='grc' dir='ltr'>ἐστασίαζε,</span> <span class='ocrx_word' id='word_1_232' title='bbox 320 1341 366 1370; x_wconf 81' lang='grc' dir='ltr'><strong>καὶ</strong></span> <span class='ocrx_word' id='word_1_233' title='bbox 393 1341 457 1381; x_wconf 81' lang='grc' dir='ltr'>πρὸς</span> <span class='ocrx_word' id='word_1_234' title='bbox 474 1341 587 1377; x_wconf 82' lang='grc' dir='ltr'>ἄλλους,</span> <span class='ocrx_word' id='word_1_235' title='bbox 604 1340 650 1370; x_wconf 77' lang='grc' dir='ltr'><strong>καὶ</strong></span> <span class='ocrx_word' id='word_1_236' title='bbox 665 1339 730 1380; x_wconf 78' lang='grc' dir='ltr'>πρὸς</span> <span class='ocrx_word' id='word_1_237' title='bbox 751 1339 834 1375; x_wconf 73' lang='grc' dir='ltr'>αὐτὴν</span> 
     </span>
    </p>
   </div>
   <div class='ocr_carea' id='block_1_30' title="bbox 33 1381 832 1426">
    <p class='ocr_par' dir='ltr' id='par_1_30' title="bbox 33 1381 832 1426">
     <span class='ocr_line' id='line_1_30' title="bbox 33 1381 832 1426; baseline -0.005 -8"><span class='ocrx_word' id='word_1_238' title='bbox 33 1389 61 1418; x_wconf 83' lang='grc' dir='ltr'><strong>δὲ</strong></span> <span class='ocrx_word' id='word_1_239' title='bbox 87 1387 137 1423; x_wconf 84' lang='grc' dir='ltr'><strong>τὴν</strong></span> <span class='ocrx_word' id='word_1_240' title='bbox 156 1386 298 1426; x_wconf 74' lang='grc' dir='ltr'>ἀγγελικὴν</span> <span class='ocrx_word' id='word_1_241' title='bbox 318 1385 387 1421; x_wconf 69' lang='grc' dir='ltr'>ζωὴν</span> <span class='ocrx_word' id='word_1_242' title='bbox 409 1385 498 1426; x_wconf 77' lang='grc' dir='ltr'>ἐχθροὶ</span> <span class='ocrx_word' id='word_1_243' title='bbox 514 1381 590 1424; x_wconf 64' lang='grc' dir='ltr'>ἦμεν.</span> <span class='ocrx_word' id='word_1_244' title='bbox 616 1387 642 1416; x_wconf 85' lang='grc' dir='ltr'>Τ</span> <span class='ocrx_word' id='word_1_245' title='bbox 643 1384 659 1414; x_wconf 72' lang='grc' dir='ltr'>ὰ</span> <span class='ocrx_word' id='word_1_246' title='bbox 681 1385 709 1414; x_wconf 79' lang='grc' dir='ltr'><strong>δὲ</strong></span> <span class='ocrx_word' id='word_1_247' title='bbox 735 1387 762 1415; x_wconf 81' lang='grc' dir='ltr'><strong>ἐν</strong></span> <span class='ocrx_word' id='word_1_248' title='bbox 785 1384 832 1414; x_wconf 77' lang='grc' dir='ltr'><strong>οὗ·</strong></span> 
     </span>
    </p>
   </div>
   <div class='ocr_carea' id='block_1_31' title="bbox 35 1429 835 1473">
    <p class='ocr_par' dir='ltr' id='par_1_31' title="bbox 35 1429 835 1473">
     <span class='ocr_line' id='line_1_31' title="bbox 35 1429 835 1473; baseline -0.005 -11"><span class='ocrx_word' id='word_1_249' title='bbox 35 1437 125 1473; x_wconf 78' lang='grc' dir='ltr'>ρανοῑς</span> <span class='ocrx_word' id='word_1_250' title='bbox 136 1457 142 1466; x_wconf 86' lang='grc'><strong>,</strong></span> <span class='ocrx_word' id='word_1_251' title='bbox 162 1433 237 1468; x_wconf 80' lang='grc' dir='ltr'>πῶς;</span> <span class='ocrx_word' id='word_1_252' title='bbox 255 1430 413 1473; x_wconf 69' lang='grc' dir='ltr'>Ἀπέσχιστο</span> <span class='ocrx_word' id='word_1_253' title='bbox 430 1433 447 1466; x_wconf 89' lang='grc' dir='ltr'>ἡ</span> <span class='ocrx_word' id='word_1_254' title='bbox 463 1432 498 1469; x_wconf 82' lang='grc' dir='ltr'><strong>γῆ</strong></span> <span class='ocrx_word' id='word_1_255' title='bbox 519 1433 565 1460; x_wconf 79' lang='grc' dir='ltr'><strong>τοῦ</strong></span> <span class='ocrx_word' id='word_1_256' title='bbox 581 1431 704 1470; x_wconf 76' lang='grc' dir='ltr'>οὐρανοῦ,</span> <span class='ocrx_word' id='word_1_257' title='bbox 720 1429 766 1459; x_wconf 79' lang='grc' dir='ltr'>καὶ</span> <span class='ocrx_word' id='word_1_258' title='bbox 789 1430 835 1459; x_wconf 80' lang='grc' dir='ltr'><strong>ἐκ-</strong></span> 
     </span>
    </p>
   </div>
   <div class='ocr_carea' id='block_1_32' title="bbox 35 1471 837 1514">
    <p class='ocr_par' dir='ltr' id='par_1_32' title="bbox 35 1471 837 1514">
     <span class='ocr_line' id='line_1_32' title="bbox 35 1471 837 1514; baseline -0.006 -7"><span class='ocrx_word' id='word_1_259' title='bbox 35 1471 263 1514; x_wconf 71' lang='grc' dir='ltr'>πεπολεμωμένοι</span> <span class='ocrx_word' id='word_1_260' title='bbox 290 1471 359 1511; x_wconf 69' lang='grc' dir='ltr'>ἦσαν</span> <span class='ocrx_word' id='word_1_261' title='bbox 383 1476 407 1504; x_wconf 86' lang='grc' dir='ltr'><strong>οἱ</strong></span> <span class='ocrx_word' id='word_1_262' title='bbox 436 1475 542 1514; x_wconf 79' lang='grc' dir='ltr'>ἄγγελοι</span> <span class='ocrx_word' id='word_1_263' title='bbox 567 1475 632 1514; x_wconf 83' lang='grc' dir='ltr'>πρὸς</span> <span class='ocrx_word' id='word_1_264' title='bbox 657 1473 716 1507; x_wconf 78' lang='grc' dir='ltr'>τοὺς</span> <span class='ocrx_word' id='word_1_265' title='bbox 739 1473 837 1514; x_wconf 77' lang='grc' dir='ltr'>ἀνθρώ-</span> 
     </span>
    </p>
   </div>
   <div class='ocr_carea' id='block_1_33' title="bbox 36 1518 834 1561">
    <p class='ocr_par' dir='ltr' id='par_1_33' title="bbox 36 1518 834 1561">
     <span class='ocr_line' id='line_1_33' title="bbox 36 1518 834 1561; baseline -0.005 -9"><span class='ocrx_word' id='word_1_266' title='bbox 36 1535 121 1558; x_wconf 83' lang='grc' dir='ltr'>πους,</span> <span class='ocrx_word' id='word_1_267' title='bbox 146 1523 258 1561; x_wconf 79' lang='grc' dir='ltr'>ὁρῶντες</span> <span class='ocrx_word' id='word_1_268' title='bbox 286 1521 330 1550; x_wconf 70' lang='grc' dir='ltr'><strong>τὸν</strong></span> <span class='ocrx_word' id='word_1_269' title='bbox 360 1521 461 1549; x_wconf 75' lang='grc' dir='ltr'>ἑαυτῶν</span> <span class='ocrx_word' id='word_1_270' title='bbox 491 1519 629 1555; x_wconf 86' lang='grc' dir='ltr'>Δεσπότην</span> <span class='ocrx_word' id='word_1_271' title='bbox 652 1518 834 1559; x_wconf 74' lang='grc' dir='ltr'>ὑϐριζόμενον·</span> 
     </span>
    </p>
   </div>
   <div class='ocr_carea' id='block_1_34' title="bbox 37 1561 833 1605">
    <p class='ocr_par' dir='ltr' id='par_1_34' title="bbox 37 1561 833 1605">
     <span class='ocr_line' id='line_1_34' title="bbox 37 1561 833 1605; baseline -0.004 -9"><span class='ocrx_word' id='word_1_272' title='bbox 37 1567 75 1596; x_wconf 72' lang='grc' dir='ltr'><strong>διὸ</strong></span> <span class='ocrx_word' id='word_1_273' title='bbox 90 1567 138 1597; x_wconf 79' lang='grc' dir='ltr'><strong>καὶ</strong></span> <span class='ocrx_word' id='word_1_274' title='bbox 153 1568 188 1599; x_wconf 76' lang='grc' dir='ltr'>εἰς</span> <span class='ocrx_word' id='word_1_275' title='bbox 210 1565 340 1605; x_wconf 75' lang='grc' dir='ltr'>τιμωρίαν</span> <span class='ocrx_word' id='word_1_276' title='bbox 365 1564 531 1604; x_wconf 68' lang='grc' dir='ltr'>ἐπέμποντο,</span> <span class='ocrx_word' id='word_1_277' title='bbox 553 1566 588 1598; x_wconf 81' lang='grc' dir='ltr'><strong>ὡς</strong></span> <span class='ocrx_word' id='word_1_278' title='bbox 603 1564 646 1593; x_wconf 85' lang='grc' dir='ltr'>ἐπὶ</span> <span class='ocrx_word' id='word_1_279' title='bbox 668 1566 715 1593; x_wconf 75' lang='grc' dir='ltr'><strong>τοῦ</strong></span> <span class='ocrx_word' id='word_1_280' title='bbox 737 1561 833 1600; x_wconf 75' lang='grc' dir='ltr'>Δαυῒδ,</span> 
     </span>
    </p>
   </div>
   <div class='ocr_carea' id='block_1_35' title="bbox 37 1609 835 1647">
    <p class='ocr_par' dir='ltr' id='par_1_35' title="bbox 37 1609 835 1647">
     <span class='ocr_line' id='line_1_35' title="bbox 37 1609 835 1647; baseline -0.004 -7"><span class='ocrx_word' id='word_1_281' title='bbox 37 1614 72 1645; x_wconf 73' lang='grc' dir='ltr'>ὡς</span> <span class='ocrx_word' id='word_1_282' title='bbox 95 1611 142 1640; x_wconf 77' lang='grc' dir='ltr'><strong>ἐπὶ</strong></span> <span class='ocrx_word' id='word_1_283' title='bbox 165 1611 217 1640; x_wconf 81' lang='grc' dir='ltr'><strong>τῶν</strong></span> <span class='ocrx_word' id='word_1_284' title='bbox 241 1610 410 1647; x_wconf 78' lang='grc' dir='ltr'>Σοδομιτῶν,</span> <span class='ocrx_word' id='word_1_285' title='bbox 436 1612 471 1642; x_wconf 85' lang='grc' dir='ltr'>ὡς</span> <span class='ocrx_word' id='word_1_286' title='bbox 503 1609 547 1639; x_wconf 81' lang='grc' dir='ltr'>ἐπὶ</span> <span class='ocrx_word' id='word_1_287' title='bbox 577 1611 623 1644; x_wconf 87' lang='grc' dir='ltr'><strong>τῆς</strong></span> <span class='ocrx_word' id='word_1_288' title='bbox 648 1609 767 1642; x_wconf 80' lang='grc' dir='ltr'>κοιλάδος</span> <span class='ocrx_word' id='word_1_289' title='bbox 789 1611 835 1638; x_wconf 74' lang='grc' dir='ltr'><strong>τοῦ</strong></span> 
     </span>
    </p>
   </div>
   <div class='ocr_carea' id='block_1_36' title="bbox 39 1650 837 1693">
    <p class='ocr_par' dir='ltr' id='par_1_36' title="bbox 39 1650 837 1693">
     <span class='ocr_line' id='line_1_36' title="bbox 39 1650 837 1693; baseline -0.005 -8"><span class='ocrx_word' id='word_1_290' title='bbox 39 1657 222 1693; x_wconf 75' lang='grc' dir='ltr'>κλαυθμῶνος.</span> <span class='ocrx_word' id='word_1_291' title='bbox 240 1654 271 1683; x_wconf 87' lang='grc' dir='ltr'>Ὀ</span> <span class='ocrx_word' id='word_1_292' title='bbox 283 1650 326 1683; x_wconf 69' lang='grc' dir='ltr'><strong>οὖν</strong></span> <span class='ocrx_word' id='word_1_293' title='bbox 343 1654 405 1687; x_wconf 75' lang='grc' dir='ltr'>Υἱὸς</span> <span class='ocrx_word' id='word_1_294' title='bbox 416 1676 424 1690; x_wconf 94' lang='grc'><strong>,</strong></span> <span class='ocrx_word' id='word_1_295' title='bbox 440 1654 484 1682; x_wconf 76' lang='grc' dir='ltr'><strong>τὸν</strong></span> <span class='ocrx_word' id='word_1_296' title='bbox 505 1653 642 1693; x_wconf 79' lang='grc' dir='ltr'>ἄνθρωπον</span> <span class='ocrx_word' id='word_1_297' title='bbox 657 1654 694 1686; x_wconf 79' lang='grc' dir='ltr'>εἷς</span> <span class='ocrx_word' id='word_1_298' title='bbox 711 1652 837 1692; x_wconf 81' lang='grc' dir='ltr'>οὐρανοὺς</span> 
     </span>
    </p>
   </div>
   <div class='ocr_carea' id='block_1_37' title="bbox 39 1697 836 1740">
    <p class='ocr_par' dir='ltr' id='par_1_37' title="bbox 39 1697 836 1740">
     <span class='ocr_line' id='line_1_37' title="bbox 39 1697 836 1740; baseline -0.005 -9"><span class='ocrx_word' id='word_1_299' title='bbox 39 1700 168 1740; x_wconf 76' lang='grc' dir='ltr'>ἀγαγὼν,</span> <span class='ocrx_word' id='word_1_300' title='bbox 187 1699 232 1729; x_wconf 76' lang='grc' dir='ltr'><strong>τὸν</strong></span> <span class='ocrx_word' id='word_1_301' title='bbox 263 1699 356 1739; x_wconf 72' lang='grc' dir='ltr'>ἐχθρὸν</span> <span class='ocrx_word' id='word_1_302' title='bbox 369 1720 377 1734; x_wconf 86' lang='grc'><strong>,</strong></span> <span class='ocrx_word' id='word_1_303' title='bbox 401 1698 444 1728; x_wconf 78' lang='grc' dir='ltr'><strong>τὸν</strong></span> <span class='ocrx_word' id='word_1_304' title='bbox 464 1698 602 1736; x_wconf 83' lang='grc' dir='ltr'>πολέμιον,</span> <span class='ocrx_word' id='word_1_305' title='bbox 622 1697 740 1730; x_wconf 71' lang='grc' dir='ltr'>καὶτοὺς</span> <span class='ocrx_word' id='word_1_306' title='bbox 755 1698 836 1736; x_wconf 73' lang='grc' dir='ltr'>ἀγγέ-</span> 
     </span>
    </p>
   </div>
   <div class='ocr_carea' id='block_1_38' title="bbox 39 1742 838 1784">
    <p class='ocr_par' dir='ltr' id='par_1_38' title="bbox 39 1742 838 1784">
     <span class='ocr_line' id='line_1_38' title="bbox 39 1742 838 1784; baseline -0.005 -9"><span class='ocrx_word' id='word_1_307' title='bbox 39 1747 99 1779; x_wconf 83' lang='grc' dir='ltr'>λους</span> <span class='ocrx_word' id='word_1_308' title='bbox 121 1744 166 1774; x_wconf 73' lang='grc' dir='ltr'><strong>ἐπὶ</strong></span> <span class='ocrx_word' id='word_1_309' title='bbox 180 1746 228 1783; x_wconf 73' lang='grc' dir='ltr'><strong>γῆς</strong></span> <span class='ocrx_word' id='word_1_310' title='bbox 249 1744 354 1780; x_wconf 78' lang='grc' dir='ltr'>ἐποίησε</span> <span class='ocrx_word' id='word_1_311' title='bbox 370 1743 508 1783; x_wconf 81' lang='grc' dir='ltr'>φαίνεσθαι</span> <span class='ocrx_word' id='word_1_312' title='bbox 529 1743 656 1784; x_wconf 78' lang='grc' dir='ltr'>ᾄδοντας,</span> <span class='ocrx_word' id='word_1_313' title='bbox 673 1743 719 1772; x_wconf 74' lang='grc' dir='ltr'>καὶ</span> <span class='ocrx_word' id='word_1_314' title='bbox 733 1742 838 1782; x_wconf 77' lang='grc' dir='ltr'>ἑκάστῳ</span> 
     </span>
    </p>
   </div>
   <div class='ocr_carea' id='block_1_39' title="bbox 39 1786 838 1828">
    <p class='ocr_par' dir='ltr' id='par_1_39' title="bbox 39 1786 838 1828">
     <span class='ocr_line' id='line_1_39' title="bbox 39 1786 838 1828; baseline -0.004 -9"><span class='ocrx_word' id='word_1_315' title='bbox 39 1792 91 1819; x_wconf 79' lang='grc' dir='ltr'><strong>τῶν</strong></span> <span class='ocrx_word' id='word_1_316' title='bbox 107 1791 209 1819; x_wconf 78' lang='grc' dir='ltr'>πιστῶν</span> <span class='ocrx_word' id='word_1_317' title='bbox 229 1788 440 1828; x_wconf 72' lang='grc' dir='ltr'>παρεπομένους.</span> <span class='ocrx_word' id='word_1_318' title='bbox 457 1791 536 1818; x_wconf 84' lang='grc' dir='ltr'>Δοκεῖ</span> <span class='ocrx_word' id='word_1_319' title='bbox 552 1788 580 1817; x_wconf 78' lang='grc' dir='ltr'><strong>δέ</strong></span> <span class='ocrx_word' id='word_1_320' title='bbox 604 1799 648 1825; x_wconf 85' lang='grc' dir='ltr'>μοι</span> <span class='ocrx_word' id='word_1_321' title='bbox 663 1786 708 1816; x_wconf 82' lang='grc' dir='ltr'><strong>καὶ</strong></span> <span class='ocrx_word' id='word_1_322' title='bbox 728 1789 742 1816; x_wconf 94' lang='lat'><strong>6</strong></span> <span class='ocrx_word' id='word_1_323' title='bbox 764 1788 838 1816; x_wconf 65' lang='grc' dir='ltr'>Παῦε</span> 
     </span>
    </p>
   </div>
   <div class='ocr_carea' id='block_1_40' title="bbox 39 1831 839 1873">
    <p class='ocr_par' dir='ltr' id='par_1_40' title="bbox 39 1831 839 1873">
     <span class='ocr_line' id='line_1_40' title="bbox 39 1831 839 1873; baseline -0.005 -9"><span class='ocrx_word' id='word_1_324' title='bbox 39 1837 82 1868; x_wconf 81' lang='grc' dir='ltr'><strong>λος</strong></span> <span class='ocrx_word' id='word_1_325' title='bbox 93 1834 139 1864; x_wconf 72' lang='grc' dir='ltr'><strong>διὰ</strong></span> <span class='ocrx_word' id='word_1_326' title='bbox 150 1836 227 1864; x_wconf 80' lang='grc' dir='ltr'>τοῦτο</span> <span class='ocrx_word' id='word_1_327' title='bbox 242 1833 414 1873; x_wconf 81' lang='grc' dir='ltr'>ἇρπαγῆναι,</span> <span class='ocrx_word' id='word_1_328' title='bbox 429 1832 472 1862; x_wconf 76' lang='grc' dir='ltr'><strong>ἵνα</strong></span> <span class='ocrx_word' id='word_1_329' title='bbox 493 1834 607 1872; x_wconf 73' lang='grc' dir='ltr'>διδαχθῇ</span> <span class='ocrx_word' id='word_1_330' title='bbox 623 1832 644 1850; x_wconf 78' lang='grc'><strong>⁹¹</strong></span> <span class='ocrx_word' id='word_1_331' title='bbox 664 1834 719 1866; x_wconf 80' lang='grc' dir='ltr'><strong>πῶς</strong></span> <span class='ocrx_word' id='word_1_332' title='bbox 737 1831 839 1872; x_wconf 82' lang='grc' dir='ltr'>ἄνθρω-</span> 
     </span>
    </p>
   </div>
   <div class='ocr_carea' id='block_1_41' title="bbox 41 1876 839 1917">
    <p class='ocr_par' dir='ltr' id='par_1_41' title="bbox 41 1876 839 1917">
     <span class='ocr_line' id='line_1_41' title="bbox 41 1876 839 1917; baseline -0.005 -8"><span class='ocrx_word' id='word_1_333' title='bbox 41 1892 84 1909; x_wconf 84' lang='grc' dir='ltr'><strong>ποι</strong></span> <span class='ocrx_word' id='word_1_334' title='bbox 102 1880 130 1909; x_wconf 78' lang='grc' dir='ltr'><strong>ἐν</strong></span> <span class='ocrx_word' id='word_1_335' title='bbox 157 1879 277 1917; x_wconf 77' lang='grc' dir='ltr'>οὐρανῷ,</span> <span class='ocrx_word' id='word_1_336' title='bbox 299 1877 344 1906; x_wconf 81' lang='grc' dir='ltr'><strong>καὶ</strong></span> <span class='ocrx_word' id='word_1_337' title='bbox 367 1877 406 1907; x_wconf 78' lang='grc' dir='ltr'><strong>ὅτι</strong></span> <span class='ocrx_word' id='word_1_338' title='bbox 428 1879 442 1906; x_wconf 81' lang='grc' dir='ltr'>ὁ</span> <span class='ocrx_word' id='word_1_339' title='bbox 464 1877 527 1911; x_wconf 78' lang='grc' dir='ltr'>Υἱὸς</span> <span class='ocrx_word' id='word_1_340' title='bbox 549 1879 604 1906; x_wconf 79' lang='grc' dir='ltr'>ἐκεῖ.</span> <span class='ocrx_word' id='word_1_341' title='bbox 623 1876 768 1916; x_wconf 76' lang='grc' dir='ltr'>ἀνελήφθη.</span> <span class='ocrx_word' id='word_1_342' title='bbox 791 1877 839 1906; x_wconf 84' lang='grc' dir='ltr'>Ἐν</span> 
     </span>
    </p>
   </div>
   <div class='ocr_carea' id='block_1_42' title="bbox 42 1919 840 1962">
    <p class='ocr_par' dir='ltr' id='par_1_42' title="bbox 42 1919 840 1962">
     <span class='ocr_line' id='line_1_42' title="bbox 42 1919 840 1962; baseline -0.005 -9"><span class='ocrx_word' id='word_1_343' title='bbox 42 1924 89 1962; x_wconf 79' lang='grc' dir='ltr'><strong>μὲν</strong></span> <span class='ocrx_word' id='word_1_344' title='bbox 115 1919 162 1953; x_wconf 64' lang='grc' dir='ltr'><strong>οὖν</strong></span> <span class='ocrx_word' id='word_1_345' title='bbox 183 1923 235 1956; x_wconf 83' lang='grc' dir='ltr'>τοῖς</span> <span class='ocrx_word' id='word_1_346' title='bbox 259 1922 380 1961; x_wconf 76' lang='grc' dir='ltr'>ἐπιγείοις</span> <span class='ocrx_word' id='word_1_347' title='bbox 407 1922 520 1957; x_wconf 81' lang='grc' dir='ltr'>διπλῆῆ</span> <span class='ocrx_word' id='word_1_348' title='bbox 545 1921 652 1961; x_wconf 81' lang='grc' dir='ltr'>εἰρήνη,</span> <span class='ocrx_word' id='word_1_349' title='bbox 676 1921 742 1960; x_wconf 85' lang='grc' dir='ltr'>πρός</span> <span class='ocrx_word' id='word_1_350' title='bbox 764 1933 792 1950; x_wconf 84' lang='grc' dir='ltr'><strong>τε</strong></span> <span class='ocrx_word' id='word_1_351' title='bbox 807 1920 840 1950; x_wconf 75' lang='grc' dir='ltr'><strong>τὰ</strong></span> 
     </span>
    </p>
   </div>
   <div class='ocr_carea' id='block_1_43' title="bbox 43 1965 840 2008">
    <p class='ocr_par' dir='ltr' id='par_1_43' title="bbox 43 1965 840 2008">
     <span class='ocr_line' id='line_1_43' title="bbox 43 1965 840 2008; baseline -0.005 -10"><span class='ocrx_word' id='word_1_352' title='bbox 43 1968 206 2008; x_wconf 75' lang='grc' dir='ltr'>ἐπουράνια,</span> <span class='ocrx_word' id='word_1_353' title='bbox 231 1967 276 1996; x_wconf 74' lang='grc' dir='ltr'><strong>καὶ</strong></span> <span class='ocrx_word' id='word_1_354' title='bbox 297 1967 360 2006; x_wconf 77' lang='grc' dir='ltr'>πρὸς</span> <span class='ocrx_word' id='word_1_355' title='bbox 379 1966 474 1996; x_wconf 69' lang='grc' dir='ltr'><strong>ἑτιιυιόί⁸</strong></span> <span class='ocrx_word' id='word_1_356' title='bbox 497 1967 524 1995; x_wconf 82' lang='grc' dir='ltr'>ἐν</span> <span class='ocrx_word' id='word_1_357' title='bbox 549 1966 575 1995; x_wconf 80' lang='grc' dir='ltr'><strong>δὲ</strong></span> <span class='ocrx_word' id='word_1_358' title='bbox 597 1970 651 1999; x_wconf 85' lang='grc' dir='ltr'>τοῖς</span> <span class='ocrx_word' id='word_1_359' title='bbox 676 1965 840 2004; x_wconf 78' lang='grc' dir='ltr'>ἐπουρανίοις</span> 
     </span>
    </p>
   </div>
   <div class='ocr_carea' id='block_1_44' title="bbox 44 2010 841 2051">
    <p class='ocr_par' dir='ltr' id='par_1_44' title="bbox 44 2010 841 2051">
     <span class='ocr_line' id='line_1_44' title="bbox 44 2010 841 2051; baseline -0.005 -9"><span class='ocrx_word' id='word_1_360' title='bbox 44 2013 127 2048; x_wconf 77' lang='grc' dir='ltr'>ἁπλῆ.</span> <span class='ocrx_word' id='word_1_361' title='bbox 159 2011 231 2051; x_wconf 72' lang='grc' dir='ltr'>Πρὸς</span> <span class='ocrx_word' id='word_1_362' title='bbox 251 2014 323 2050; x_wconf 79' lang='grc' dir='ltr'>ἡμᾶς</span> <span class='ocrx_word' id='word_1_363' title='bbox 343 2010 395 2050; x_wconf 78' lang='grc' dir='ltr'><strong>γὰρ</strong></span> <span class='ocrx_word' id='word_1_364' title='bbox 409 2011 500 2040; x_wconf 82' lang='grc' dir='ltr'>λοιπὸν</span> <span class='ocrx_word' id='word_1_365' title='bbox 517 2010 684 2045; x_wconf 82' lang='grc' dir='ltr'>ἐσπείσαντο,</span> <span class='ocrx_word' id='word_1_366' title='bbox 708 2010 760 2051; x_wconf 18' lang='grc' dir='ltr'>καὶ,</span> <span class='ocrx_word' id='word_1_367' title='bbox 775 2010 841 2050; x_wconf 84' lang='grc' dir='ltr'>χαί-</span> 
     </span>
    </p>
   </div>
   <div class='ocr_carea' id='block_1_45' title="bbox 46 2050 841 2098">
    <p class='ocr_par' dir='ltr' id='par_1_45' title="bbox 46 2050 841 2098">
     <span class='ocr_line' id='line_1_45' title="bbox 46 2050 841 2098; baseline -0.004 -11"><span class='ocrx_word' id='word_1_368' title='bbox 46 2069 133 2098; x_wconf 83' lang='grc' dir='ltr'>ρουσιν</span> <span class='ocrx_word' id='word_1_369' title='bbox 156 2057 199 2085; x_wconf 79' lang='grc' dir='ltr'>ἐπὶ</span> <span class='ocrx_word' id='word_1_370' title='bbox 280 2057 332 2085; x_wconf 78' lang='grc' dir='ltr'><strong>τῶν</strong></span> <span class='ocrx_word' id='word_1_371' title='bbox 349 2055 480 2085; x_wconf 79' lang='grc' dir='ltr'>τοσούτων</span> <span class='ocrx_word' id='word_1_372' title='bbox 507 2055 636 2095; x_wconf 75' lang='grc' dir='ltr'>σωτηρίᾳ.</span> <span class='ocrx_word' id='word_1_373' title='bbox 663 2056 724 2088; x_wconf 79' lang='grc' dir='ltr'>Πῶς</span> <span class='ocrx_word' id='word_1_374' title='bbox 739 2050 782 2084; x_wconf 63' lang='grc' dir='ltr'><strong>οὖν</strong></span> <span class='ocrx_word' id='word_1_375' title='bbox 807 2055 841 2084; x_wconf 84' lang='grc' dir='ltr'>δι’</span> 
     </span>
    </p>
   </div>
   <div class='ocr_carea' id='block_1_46' title="bbox 45 2099 842 2142">
    <p class='ocr_par' dir='ltr' id='par_1_46' title="bbox 45 2099 842 2142">
     <span class='ocr_line' id='line_1_46' title="bbox 45 2099 842 2142; baseline -0.005 -10"><span class='ocrx_word' id='word_1_376' title='bbox 45 2102 166 2142; x_wconf 78' lang='grc' dir='ltr'>ἀγγέλων</span> <span class='ocrx_word' id='word_1_377' title='bbox 187 2100 289 2140; x_wconf 82' lang='grc' dir='ltr'>λέγετε,</span> <span class='ocrx_word' id='word_1_378' title='bbox 310 2101 488 2140; x_wconf 84' lang='grc' dir='ltr'>Κολοσσαεῖς,</span> <span class='ocrx_word' id='word_1_379' title='bbox 516 2099 715 2140; x_wconf 76' lang='grc' dir='ltr'>προσάγεσθαι,</span> <span class='ocrx_word' id='word_1_380' title='bbox 741 2101 842 2130; x_wconf 76' lang='grc' dir='ltr'>Τοσοῦ-</span> 
     </span>
    </p>
   </div>
   <div class='ocr_carea' id='block_1_47' title="bbox 45 2144 842 2186">
    <p class='ocr_par' dir='ltr' id='par_1_47' title="bbox 45 2144 842 2186">
     <span class='ocr_line' id='line_1_47' title="bbox 45 2144 842 2186; baseline -0.001 -11"><span class='ocrx_word' id='word_1_381' title='bbox 45 2159 86 2176; x_wconf 81' lang='grc' dir='ltr'><strong>τον</strong></span> <span class='ocrx_word' id='word_1_382' title='bbox 115 2146 169 2186; x_wconf 69' lang='grc' dir='ltr'><strong>γὰρ</strong></span> <span class='ocrx_word' id='word_1_383' title='bbox 200 2145 345 2186; x_wconf 76' lang='grc' dir='ltr'>ἀπέχουσιν</span> <span class='ocrx_word' id='word_1_384' title='bbox 374 2146 469 2175; x_wconf 79' lang='grc' dir='ltr'>ἐκεῖνοι</span> <span class='ocrx_word' id='word_1_385' title='bbox 494 2149 674 2185; x_wconf 81' lang='grc' dir='ltr'>προσαγαγεῖν</span> <span class='ocrx_word' id='word_1_386' title='bbox 708 2147 779 2183; x_wconf 78' lang='grc' dir='ltr'>ἡμᾶς</span> <span class='ocrx_word' id='word_1_387' title='bbox 803 2144 842 2180; x_wconf 74' lang='grc'><strong>⁹²,</strong></span> 
     </span>
    </p>
   </div>
   <div class='ocr_carea' id='block_1_48' title="bbox 46 2186 842 2228">
    <p class='ocr_par' dir='ltr' id='par_1_48' title="bbox 46 2186 842 2228">
     <span class='ocr_line' id='line_1_48' title="bbox 46 2186 842 2228; baseline -0.004 -7"><span class='ocrx_word' id='word_1_388' title='bbox 46 2191 112 2221; x_wconf 81' lang='grc' dir='ltr'>ὥστε</span> <span class='ocrx_word' id='word_1_389' title='bbox 136 2190 183 2220; x_wconf 74' lang='grc' dir='ltr'>καὶ</span> <span class='ocrx_word' id='word_1_390' title='bbox 213 2190 466 2228; x_wconf 70' lang='grc' dir='ltr'>ἐκπεπολεμωμένοι</span> <span class='ocrx_word' id='word_1_391' title='bbox 487 2186 554 2226; x_wconf 69' lang='grc' dir='ltr'>ἦσαν</span> <span class='ocrx_word' id='word_1_392' title='bbox 584 2191 661 2227; x_wconf 80' lang='grc' dir='ltr'>ἡμῖν·</span> <span class='ocrx_word' id='word_1_393' title='bbox 677 2190 722 2219; x_wconf 82' lang='grc' dir='ltr'>καὶ</span> <span class='ocrx_word' id='word_1_394' title='bbox 753 2191 776 2219; x_wconf 82' lang='grc' dir='ltr'><strong>εἰ</strong></span> <span class='ocrx_word' id='word_1_395' title='bbox 805 2188 842 2227; x_wconf 80' lang='grc' dir='ltr'><strong>μὴ</strong></span> 
     </span>
    </p>
   </div>
   <div class='ocr_carea' id='block_1_49' title="bbox 48 2234 845 2275">
    <p class='ocr_par' dir='ltr' id='par_1_49' title="bbox 48 2234 845 2275">
     <span class='ocr_line' id='line_1_49' title="bbox 48 2234 845 2275; baseline -0.004 -9"><span class='ocrx_word' id='word_1_396' title='bbox 48 2238 148 2269; x_wconf 80' lang='grc' dir='ltr'>ἐκεῖνος</span> <span class='ocrx_word' id='word_1_397' title='bbox 176 2238 247 2274; x_wconf 71' lang='grc' dir='ltr'>ἡμᾶς</span> <span class='ocrx_word' id='word_1_398' title='bbox 272 2235 359 2269; x_wconf 83' lang='grc' dir='ltr'>αὐτοῖς</span> <span class='ocrx_word' id='word_1_399' title='bbox 386 2234 570 2271; x_wconf 78' lang='grc' dir='ltr'>κατήλλαξεν,</span> <span class='ocrx_word' id='word_1_400' title='bbox 599 2236 646 2264; x_wconf 82' lang='grc' dir='ltr'>οὐκ</span> <span class='ocrx_word' id='word_1_401' title='bbox 670 2234 702 2263; x_wconf 84' lang='grc' dir='ltr'><strong>ἂν</strong></span> <span class='ocrx_word' id='word_1_402' title='bbox 731 2234 845 2275; x_wconf 79' lang='grc' dir='ltr'>εἰρηνεύ-</span> 
     </span>
    </p>
   </div>
   <div class='ocr_carea' id='block_1_50' title="bbox 48 2293 143 2319">
    <p class='ocr_par' dir='ltr' id='par_1_50' title="bbox 48 2293 143 2319">
     <span class='ocr_line' id='line_1_50' title="bbox 48 2293 143 2319; baseline 0.011 -9"><span class='ocrx_word' id='word_1_403' title='bbox 48 2293 143 2319; x_wconf 80' lang='grc' dir='ltr'>σαμεν.</span> 
     </span>
    </p>
   </div>
   <div class='ocr_carea' id='block_1_51' title="bbox 87 2324 845 2364">
    <p class='ocr_par' dir='ltr' id='par_1_51' title="bbox 87 2324 845 2364">
     <span class='ocr_line' id='line_1_51' title="bbox 87 2324 845 2364; baseline 0.003 -12"><span class='ocrx_word' id='word_1_404' title='bbox 87 2340 99 2352; x_wconf 75' lang='grc' dir='ltr'><strong>α</strong></span> <span class='ocrx_word' id='word_1_405' title='bbox 131 2325 185 2356; x_wconf 83' lang='grc' dir='ltr'>Καὶ</span> <span class='ocrx_word' id='word_1_406' title='bbox 209 2327 278 2363; x_wconf 75' lang='grc' dir='ltr'>ὓμᾶς</span> <span class='ocrx_word' id='word_1_407' title='bbox 307 2336 370 2354; x_wconf 79' lang='grc' dir='ltr'>ποτε</span> <span class='ocrx_word' id='word_1_408' title='bbox 395 2325 471 2358; x_wconf 82' lang='grc' dir='ltr'>ὄντας</span> <span class='ocrx_word' id='word_1_409' title='bbox 505 2324 771 2364; x_wconf 72' lang='grc' dir='ltr'>ἀπηλλοτριωμένους</span> <span class='ocrx_word' id='word_1_410' title='bbox 799 2324 845 2354; x_wconf 72' lang='grc' dir='ltr'>καὶ</span> 
     </span>
    </p>
   </div>
   <div class='ocr_carea' id='block_1_52' title="bbox 49 2369 846 2410">
    <p class='ocr_par' dir='ltr' id='par_1_52' title="bbox 49 2369 846 2410">
     <span class='ocr_line' id='line_1_52' title="bbox 49 2369 846 2410; baseline -0.004 -10"><span class='ocrx_word' id='word_1_411' title='bbox 49 2371 158 2410; x_wconf 55' lang='grc' dir='ltr'>έλθροὺς</span> <span class='ocrx_word' id='word_1_412' title='bbox 181 2372 214 2410; x_wconf 80' lang='grc' dir='ltr'><strong>τῇ</strong></span> <span class='ocrx_word' id='word_1_413' title='bbox 239 2370 351 2409; x_wconf 79' lang='grc' dir='ltr'>διανοίᾳ,</span> <span class='ocrx_word' id='word_1_414' title='bbox 369 2371 396 2399; x_wconf 87' lang='grc' dir='ltr'><strong>ἐν</strong></span> <span class='ocrx_word' id='word_1_415' title='bbox 416 2374 468 2403; x_wconf 87' lang='grc' dir='ltr'>τοῖς</span> <span class='ocrx_word' id='word_1_416' title='bbox 494 2369 580 2410; x_wconf 77' lang='grc' dir='ltr'>ἔργοις</span> <span class='ocrx_word' id='word_1_417' title='bbox 602 2373 657 2402; x_wconf 80' lang='grc' dir='ltr'>τοῖς</span> <span class='ocrx_word' id='word_1_418' title='bbox 679 2373 815 2408; x_wconf 79' lang='grc' dir='ltr'>πονηροῖς,</span> <span class='ocrx_word' id='word_1_419' title='bbox 834 2383 846 2396; x_wconf 72' lang='grc' dir='ltr'><strong>ι</strong></span> 
     </span>
    </p>
   </div>
   <div class='ocr_carea' id='block_1_53' title="bbox 53 2412 848 2454">
    <p class='ocr_par' dir='ltr' id='par_1_53' title="bbox 53 2412 848 2454">
     <span class='ocr_line' id='line_1_53' title="bbox 53 2412 848 2454; baseline 0 -10"><span class='ocrx_word' id='word_1_420' title='bbox 53 2412 133 2446; x_wconf 74' lang='grc' dir='ltr'>Εἶπεν</span> <span class='ocrx_word' id='word_1_421' title='bbox 158 2414 298 2454; x_wconf 77' lang='grc' dir='ltr'>ἀνωτέρω,</span> <span class='ocrx_word' id='word_1_422' title='bbox 322 2415 362 2444; x_wconf 78' lang='grc' dir='ltr'><strong>ὅτι</strong></span> <span class='ocrx_word' id='word_1_423' title='bbox 384 2414 436 2443; x_wconf 74' lang='grc' dir='ltr'><strong>ὑπὸ</strong></span> <span class='ocrx_word' id='word_1_424' title='bbox 460 2415 508 2449; x_wconf 78' lang='grc' dir='ltr'><strong>τὴν</strong></span> <span class='ocrx_word' id='word_1_425' title='bbox 531 2413 649 2448; x_wconf 76' lang='grc' dir='ltr'>ἐξουσίαν</span> <span class='ocrx_word' id='word_1_426' title='bbox 674 2417 720 2443; x_wconf 77' lang='grc' dir='ltr'>τοῦ</span> <span class='ocrx_word' id='word_1_427' title='bbox 740 2413 848 2447; x_wconf 80' lang='grc' dir='ltr'>σκότους</span> 
     </span>
    </p>
   </div>
   <div class='ocr_carea' id='block_1_54' title="bbox 51 2455 845 2500">
    <p class='ocr_par' dir='ltr' id='par_1_54' title="bbox 51 2455 845 2500">
     <span class='ocr_line' id='line_1_54' title="bbox 51 2455 845 2500; baseline -0.001 -11"><span class='ocrx_word' id='word_1_428' title='bbox 51 2455 130 2497; x_wconf 66' lang='grc' dir='ltr'>ἦμεν·</span> <span class='ocrx_word' id='word_1_429' title='bbox 145 2462 190 2488; x_wconf 73' lang='grc' dir='ltr'>νῦν</span> <span class='ocrx_word' id='word_1_430' title='bbox 213 2460 295 2498; x_wconf 85' lang='grc' dir='ltr'>λέγει,</span> <span class='ocrx_word' id='word_1_431' title='bbox 317 2459 358 2489; x_wconf 73' lang='grc' dir='ltr'><strong>ὅτι</strong></span> <span class='ocrx_word' id='word_1_432' title='bbox 382 2459 471 2499; x_wconf 80' lang='grc' dir='ltr'>ἐχθροὶ</span> <span class='ocrx_word' id='word_1_433' title='bbox 485 2455 552 2497; x_wconf 74' lang='grc' dir='ltr'>ἧμιν</span> <span class='ocrx_word' id='word_1_434' title='bbox 570 2461 603 2499; x_wconf 75' lang='grc' dir='ltr'><strong>τῇ</strong></span> <span class='ocrx_word' id='word_1_435' title='bbox 625 2458 743 2500; x_wconf 64' lang='grc' dir='ltr'>διανοίᾳ,</span> <span class='ocrx_word' id='word_1_436' title='bbox 766 2460 795 2488; x_wconf 85' lang='grc' dir='ltr'>οὐ</span> <span class='ocrx_word' id='word_1_437' title='bbox 815 2459 845 2488; x_wconf 76' lang='grc' dir='ltr'><strong>τὸ</strong></span> 
     </span>
    </p>
   </div>
   <div class='ocr_carea' id='block_1_55' title="bbox 52 2503 846 2544">
    <p class='ocr_par' dir='ltr' id='par_1_55' title="bbox 52 2503 846 2544">
     <span class='ocr_line' id='line_1_55' title="bbox 52 2503 846 2544; baseline -0.001 -10"><span class='ocrx_word' id='word_1_438' title='bbox 52 2505 114 2534; x_wconf 79' lang='grc' dir='ltr'>αὐτὸ</span> <span class='ocrx_word' id='word_1_439' title='bbox 130 2504 231 2543; x_wconf 83' lang='grc' dir='ltr'>λέγων,</span> <span class='ocrx_word' id='word_1_440' title='bbox 257 2504 317 2533; x_wconf 71' lang='grc' dir='ltr'>ἀλλ’</span> <span class='ocrx_word' id='word_1_441' title='bbox 332 2503 374 2533; x_wconf 78' lang='grc' dir='ltr'><strong>ἵνα</strong></span> <span class='ocrx_word' id='word_1_442' title='bbox 401 2504 438 2542; x_wconf 86' lang='grc' dir='ltr'>μὴ</span> <span class='ocrx_word' id='word_1_443' title='bbox 462 2505 549 2534; x_wconf 70' lang='grc' dir='ltr'>ἐκεῖνα</span> <span class='ocrx_word' id='word_1_444' title='bbox 578 2503 711 2540; x_wconf 80' lang='grc' dir='ltr'>ἀκούσας,</span> <span class='ocrx_word' id='word_1_445' title='bbox 734 2504 846 2544; x_wconf 83' lang='grc' dir='ltr'>νομίσῃς</span> 
     </span>
    </p>
   </div>
   <div class='ocr_carea' id='block_1_56' title="bbox 53 2544 846 2588">
    <p class='ocr_par' dir='ltr' id='par_1_56' title="bbox 53 2544 846 2588">
     <span class='ocr_line' id='line_1_56' title="bbox 53 2544 846 2588; baseline 0 -11"><span class='ocrx_word' id='word_1_446' title='bbox 53 2549 169 2588; x_wconf 69' lang='grc' dir='ltr'>ἀνάγκην</span> <span class='ocrx_word' id='word_1_447' title='bbox 200 2544 284 2585; x_wconf 80' lang='grc' dir='ltr'>εἶναι,</span> <span class='ocrx_word' id='word_1_448' title='bbox 313 2549 406 2587; x_wconf 79' lang='grc' dir='ltr'>ἐπάγει</span> <span class='ocrx_word' id='word_1_449' title='bbox 434 2551 540 2584; x_wconf 73' lang='grc' dir='ltr'>ταῦτα,</span> <span class='ocrx_word' id='word_1_450' title='bbox 568 2547 612 2577; x_wconf 76' lang='grc' dir='ltr'><strong>ἵνα</strong></span> <span class='ocrx_word' id='word_1_451' title='bbox 640 2549 710 2587; x_wconf 79' lang='grc' dir='ltr'>δείξῃ</span> <span class='ocrx_word' id='word_1_452' title='bbox 740 2549 780 2578; x_wconf 70' lang='grc' dir='ltr'><strong>ὅτι</strong></span> <span class='ocrx_word' id='word_1_453' title='bbox 801 2550 846 2578; x_wconf 75' lang='grc' dir='ltr'>καὶ</span> 
     </span>
    </p>
   </div>
   <div class='ocr_carea' id='block_1_57' title="bbox 55 2593 846 2634">
    <p class='ocr_par' dir='ltr' id='par_1_57' title="bbox 55 2593 846 2634">
     <span class='ocr_line' id='line_1_57' title="bbox 55 2593 846 2634; baseline -0.001 -12"><span class='ocrx_word' id='word_1_454' title='bbox 55 2593 174 2628; x_wconf 77' lang='grc' dir='ltr'>ἀναξίους</span> <span class='ocrx_word' id='word_1_455' title='bbox 201 2593 277 2627; x_wconf 83' lang='grc' dir='ltr'>ὄντας</span> <span class='ocrx_word' id='word_1_456' title='bbox 304 2594 475 2632; x_wconf 74' lang='grc' dir='ltr'>καταλλαγῆς</span> <span class='ocrx_word' id='word_1_457' title='bbox 502 2593 625 2629; x_wconf 80' lang='grc' dir='ltr'>ἠξίωσεν.</span> <span class='ocrx_word' id='word_1_458' title='bbox 657 2593 692 2624; x_wconf 89' lang='grc' dir='ltr'>Ὁ</span> <span class='ocrx_word' id='word_1_459' title='bbox 717 2593 766 2631; x_wconf 85' lang='grc' dir='ltr'><strong>μὲν</strong></span> <span class='ocrx_word' id='word_1_460' title='bbox 794 2593 846 2634; x_wconf 79' lang='grc' dir='ltr'><strong>γὰρ</strong></span> 
     </span>
    </p>
   </div>
   <div class='ocr_carea' id='block_1_58' title="bbox 56 2638 844 2678">
    <p class='ocr_par' dir='ltr' id='par_1_58' title="bbox 56 2638 844 2678">
     <span class='ocr_line' id='line_1_58' title="bbox 56 2638 844 2678; baseline 0 -11"><span class='ocrx_word' id='word_1_461' title='bbox 56 2639 156 2678; x_wconf 75' lang='grc' dir='ltr'>ἀνάγκῃ</span> <span class='ocrx_word' id='word_1_462' title='bbox 173 2641 261 2671; x_wconf 78' lang='grc' dir='ltr'>κακῶς</span> <span class='ocrx_word' id='word_1_463' title='bbox 282 2638 411 2678; x_wconf 82' lang='grc' dir='ltr'>πάσχων,</span> <span class='ocrx_word' id='word_1_464' title='bbox 437 2639 566 2668; x_wconf 78' lang='grc' dir='ltr'>ἐλεεῖσθαι</span> <span class='ocrx_word' id='word_1_465' title='bbox 582 2638 660 2673; x_wconf 81' lang='grc' dir='ltr'>ἄξιος·</span> <span class='ocrx_word' id='word_1_466' title='bbox 678 2640 691 2667; x_wconf 79' lang='grc' dir='ltr'><strong>ὃ</strong></span> <span class='ocrx_word' id='word_1_467' title='bbox 714 2638 741 2668; x_wconf 79' lang='grc' dir='ltr'><strong>δὲ</strong></span> <span class='ocrx_word' id='word_1_468' title='bbox 759 2638 826 2668; x_wconf 81' lang='grc' dir='ltr'>ἑκὼν</span> <span class='ocrx_word' id='word_1_469' title='bbox 837 2661 844 2674; x_wconf 93' lang='grc'><strong>,</strong></span> 
     </span>
    </p>
   </div>
   <div class='ocr_carea' id='block_1_59' title="bbox 58 2678 846 2724">
    <p class='ocr_par' dir='ltr' id='par_1_59' title="bbox 58 2678 846 2724">
     <span class='ocr_line' id='line_1_59' title="bbox 58 2678 846 2724; baseline 0.001 -12"><span class='ocrx_word' id='word_1_470' title='bbox 58 2687 198 2722; x_wconf 78' lang='grc' dir='ltr'>μισεῖσθαι.</span> <span class='ocrx_word' id='word_1_471' title='bbox 229 2683 318 2723; x_wconf 81' lang='grc' dir='ltr'><strong>ἹΙμᾶς</strong></span> <span class='ocrx_word' id='word_1_472' title='bbox 343 2678 407 2720; x_wconf 67' lang='grc' dir='ltr'>οὖν,</span> <span class='ocrx_word' id='word_1_473' title='bbox 437 2683 532 2724; x_wconf 79' lang='grc' dir='ltr'>φησὶν,</span> <span class='ocrx_word' id='word_1_474' title='bbox 560 2685 606 2713; x_wconf 84' lang='grc' dir='ltr'><strong>οὐκ</strong></span> <span class='ocrx_word' id='word_1_475' title='bbox 637 2685 764 2719; x_wconf 77' lang='grc' dir='ltr'>ἄκοντας,</span> <span class='ocrx_word' id='word_1_476' title='bbox 791 2684 846 2713; x_wconf 78' lang='grc' dir='ltr'>οὐδ’</span> 
     </span>
    </p>
   </div>
   <div class='ocr_carea' id='block_1_60' title="bbox 90 2764 673 2804">
    <p class='ocr_par' dir='ltr' id='par_1_60' title="bbox 90 2764 673 2804">
     <span class='ocr_line' id='line_1_60' title="bbox 90 2764 673 2804; baseline -0.003 -8"><span class='ocrx_word' id='word_1_477' title='bbox 90 2768 104 2785; x_wconf 72' lang='grc' dir='ltr'>ιι</span> <span class='ocrx_word' id='word_1_478' title='bbox 118 2768 144 2796; x_wconf 85' lang='lat' dir='ltr'><strong>ll</strong></span> <span class='ocrx_word' id='word_1_479' title='bbox 159 2769 227 2804; x_wconf 77' lang='lat' dir='ltr'><strong>Reg.</strong></span> <span class='ocrx_word' id='word_1_480' title='bbox 247 2775 334 2803; x_wconf 81' lang='lat' dir='ltr'><strong>xxw,</strong></span> <span class='ocrx_word' id='word_1_481' title='bbox 352 2769 394 2795; x_wconf 88' lang='lat' dir='ltr'><strong>l7.</strong></span> <span class='ocrx_word' id='word_1_482' title='bbox 433 2764 527 2796; x_wconf 89' lang='lat' dir='ltr'><strong>&#39;Gcn.</strong></span> <span class='ocrx_word' id='word_1_483' title='bbox 544 2774 612 2801; x_wconf 67' lang='grc' dir='ltr'>χιχ,</span> <span class='ocrx_word' id='word_1_484' title='bbox 632 2770 673 2795; x_wconf 74' lang='lat'><strong>1.5.</strong></span> 
     </span>
    </p>
   </div>
   <div class='ocr_carea' id='block_1_61' title="bbox 872 308 1667 346">
    <p class='ocr_par' dir='ltr' id='par_1_61' title="bbox 872 308 1667 346">
     <span class='ocr_line' id='line_1_61' title="bbox 872 308 1667 346; baseline 0.005 -10"><span class='ocrx_word' id='word_1_485' title='bbox 872 308 930 344; x_wconf 89' lang='lat' dir='ltr'><strong>ipse</strong></span> <span class='ocrx_word' id='word_1_486' title='bbox 939 308 992 336; x_wconf 90' lang='lat' dir='ltr'><strong>sibi</strong></span> <span class='ocrx_word' id='word_1_487' title='bbox 1007 308 1057 345; x_wconf 84' lang='lat' dir='ltr'><strong>ipsi</strong></span> <span class='ocrx_word' id='word_1_488' title='bbox 1069 308 1195 336; x_wconf 83' lang='lat' dir='ltr'><strong>homines</strong></span> <span class='ocrx_word' id='word_1_489' title='bbox 1210 309 1403 338; x_wconf 81' lang='lat' dir='ltr'><strong>reconciliavit.</strong></span> <span class='ocrx_word' id='word_1_490' title='bbox 1416 311 1498 346; x_wconf 80' lang='lat' dir='ltr'><strong>Atqui</strong></span> <span class='ocrx_word' id='word_1_491' title='bbox 1511 311 1575 340; x_wconf 83' lang='lat' dir='ltr'><strong>alibi</strong></span> <span class='ocrx_word' id='word_1_492' title='bbox 1585 311 1667 345; x_wconf 79' lang='lat' dir='ltr'><strong>dixit,</strong></span> 
     </span>
    </p>
   </div>
   <div class='ocr_carea' id='block_1_62' title="bbox 873 352 1667 391">
    <p class='ocr_par' dir='ltr' id='par_1_62' title="bbox 873 352 1667 391">
     <span class='ocr_line' id='line_1_62' title="bbox 873 352 1667 391; baseline 0.005 -10"><span class='ocrx_word' id='word_1_493' title='bbox 873 352 948 389; x_wconf 89' lang='lat' dir='ltr'><strong>quod</strong></span> <span class='ocrx_word' id='word_1_494' title='bbox 965 355 1023 382; x_wconf 89' lang='lat' dir='ltr'><strong>Deo</strong></span> <span class='ocrx_word' id='word_1_495' title='bbox 1036 352 1231 382; x_wconf 80' lang='lat' dir='ltr'><strong>reconciliavit.</strong></span> <span class='ocrx_word' id='word_1_496' title='bbox 1239 354 1409 382; x_wconf 87' lang='lat' dir='ltr'><strong>Communia</strong></span> <span class='ocrx_word' id='word_1_497' title='bbox 1424 355 1506 391; x_wconf 75' lang='lat' dir='ltr'><strong>igitur</strong></span> <span class='ocrx_word' id='word_1_498' title='bbox 1517 360 1584 384; x_wconf 87' lang='lat' dir='ltr'><strong>sunt</strong></span> <span class='ocrx_word' id='word_1_499' title='bbox 1598 356 1667 385; x_wconf 87' lang='lat' dir='ltr'><strong>Filio</strong></span> 
     </span>
    </p>
   </div>
   <div class='ocr_carea' id='block_1_63' title="bbox 874 398 1668 434">
    <p class='ocr_par' dir='ltr' id='par_1_63' title="bbox 874 398 1668 434">
     <span class='ocr_line' id='line_1_63' title="bbox 874 398 1668 434; baseline 0.004 -9"><span class='ocrx_word' id='word_1_500' title='bbox 874 398 959 426; x_wconf 86' lang='lat' dir='ltr'><strong>etiam</strong></span> <span class='ocrx_word' id='word_1_501' title='bbox 974 406 1036 434; x_wconf 68' lang='lat' dir='ltr'><strong>quae</strong></span> <span class='ocrx_word' id='word_1_502' title='bbox 1048 403 1112 426; x_wconf 91' lang='lat' dir='ltr'><strong>sunt</strong></span> <span class='ocrx_word' id='word_1_503' title='bbox 1125 398 1225 427; x_wconf 84' lang='lat' dir='ltr'><strong>Patris.</strong></span> <span class='ocrx_word' id='word_1_504' title='bbox 1237 399 1298 427; x_wconf 85' lang='lat' dir='ltr'><strong>Non</strong></span> <span class='ocrx_word' id='word_1_505' title='bbox 1308 399 1378 427; x_wconf 79' lang='lat' dir='ltr'><strong>dixit</strong></span> <span class='ocrx_word' id='word_1_506' title='bbox 1386 404 1490 434; x_wconf 81' lang='lat' dir='ltr'><strong>autem,</strong></span> <span class='ocrx_word' id='word_1_507' title='bbox 1507 401 1668 434; x_wconf 84' lang='lat' dir='ltr'><strong>Conciliare,</strong></span> 
     </span>
    </p>
   </div>
   <div class='ocr_carea' id='block_1_64' title="bbox 873 443 1669 478">
    <p class='ocr_par' dir='ltr' id='par_1_64' title="bbox 873 443 1669 478">
     <span class='ocr_line' id='line_1_64' title="bbox 873 443 1669 478; baseline 0.004 -7"><span class='ocrx_word' id='word_1_508' title='bbox 873 443 932 476; x_wconf 81' lang='lat' dir='ltr'><strong>sed,</strong></span> <span class='ocrx_word' id='word_1_509' title='bbox 956 444 1143 476; x_wconf 66' lang='lat' dir='ltr'><strong>Reconciliare,</strong></span> <span class='ocrx_word' id='word_1_510' title='bbox 1164 443 1217 472; x_wconf 90' lang='lat' dir='ltr'><strong>hoc</strong></span> <span class='ocrx_word' id='word_1_511' title='bbox 1234 447 1285 478; x_wconf 78' lang='lat' dir='ltr'><strong>est.</strong></span> <span class='ocrx_word' id='word_1_512' title='bbox 1305 444 1419 473; x_wconf 83' lang='lat' dir='ltr'><strong>reddere</strong></span> <span class='ocrx_word' id='word_1_513' title='bbox 1443 446 1525 473; x_wconf 90' lang='lat' dir='ltr'><strong>veluti</strong></span> <span class='ocrx_word' id='word_1_514' title='bbox 1544 446 1669 474; x_wconf 89' lang='lat' dir='ltr'><strong>debitum</strong></span> 
     </span>
    </p>
   </div>
   <div class='ocr_carea' id='block_1_65' title="bbox 873 487 1672 526">
    <p class='ocr_par' dir='ltr' id='par_1_65' title="bbox 873 487 1672 526">
     <span class='ocr_line' id='line_1_65' title="bbox 873 487 1672 526; baseline 0.003 -10"><span class='ocrx_word' id='word_1_515' title='bbox 873 487 1026 524; x_wconf 88' lang='lat' dir='ltr'><strong>quoddam,</strong></span> <span class='ocrx_word' id='word_1_516' title='bbox 1050 497 1104 525; x_wconf 93' lang='lat' dir='ltr'><strong>quo</strong></span> <span class='ocrx_word' id='word_1_517' title='bbox 1125 489 1190 517; x_wconf 89' lang='lat' dir='ltr'><strong>olim</strong></span> <span class='ocrx_word' id='word_1_518' title='bbox 1210 489 1360 518; x_wconf 85' lang='lat' dir='ltr'><strong>obstrictus</strong></span> <span class='ocrx_word' id='word_1_519' title='bbox 1382 489 1472 524; x_wconf 88' lang='lat' dir='ltr'><strong>fuerit,</strong></span> <span class='ocrx_word' id='word_1_520' title='bbox 1499 497 1531 518; x_wconf 90' lang='lat' dir='ltr'><strong>ac</strong></span> <span class='ocrx_word' id='word_1_521' title='bbox 1553 490 1672 526; x_wconf 80' lang='lat' dir='ltr'><strong>perfecte</strong></span> 
     </span>
    </p>
   </div>
   <div class='ocr_carea' id='block_1_66' title="bbox 875 533 1673 569">
    <p class='ocr_par' dir='ltr' id='par_1_66' title="bbox 875 533 1673 569">
     <span class='ocr_line' id='line_1_66' title="bbox 875 533 1673 569; baseline 0.003 -8"><span class='ocrx_word' id='word_1_522' title='bbox 875 541 969 569; x_wconf 89' lang='lat' dir='ltr'><strong>pacem</strong></span> <span class='ocrx_word' id='word_1_523' title='bbox 983 533 1084 567; x_wconf 86' lang='lat' dir='ltr'><strong>facere,</strong></span> <span class='ocrx_word' id='word_1_524' title='bbox 1105 538 1136 562; x_wconf 91' lang='lat' dir='ltr'><strong>ut</strong></span> <span class='ocrx_word' id='word_1_525' title='bbox 1150 542 1204 562; x_wconf 85' lang='lat' dir='ltr'><strong>non</strong></span> <span class='ocrx_word' id='word_1_526' title='bbox 1224 542 1306 569; x_wconf 90' lang='lat' dir='ltr'><strong>porro</strong></span> <span class='ocrx_word' id='word_1_527' title='bbox 1322 534 1360 562; x_wconf 90' lang='lat' dir='ltr'><strong>illi</strong></span> <span class='ocrx_word' id='word_1_528' title='bbox 1383 534 1470 563; x_wconf 89' lang='lat' dir='ltr'><strong>simus</strong></span> <span class='ocrx_word' id='word_1_529' title='bbox 1484 534 1594 562; x_wconf 83' lang='lat' dir='ltr'><strong>infensi.</strong></span> <span class='ocrx_word' id='word_1_530' title='bbox 1608 537 1673 563; x_wconf 86' lang='lat' dir='ltr'><strong>Non</strong></span> 
     </span>
    </p>
   </div>
   <div class='ocr_carea' id='block_1_67' title="bbox 875 578 1674 614">
    <p class='ocr_par' dir='ltr' id='par_1_67' title="bbox 875 578 1674 614">
     <span class='ocr_line' id='line_1_67' title="bbox 875 578 1674 614; baseline 0.003 -8"><span class='ocrx_word' id='word_1_531' title='bbox 875 578 949 606; x_wconf 88' lang='lat' dir='ltr'><strong>enim</strong></span> <span class='ocrx_word' id='word_1_532' title='bbox 979 578 1136 607; x_wconf 85' lang='lat' dir='ltr'><strong>conciliatio</strong></span> <span class='ocrx_word' id='word_1_533' title='bbox 1156 582 1264 607; x_wconf 85' lang='lat' dir='ltr'><strong>tantum</strong></span> <span class='ocrx_word' id='word_1_534' title='bbox 1288 579 1464 614; x_wconf 76' lang='lat' dir='ltr'><strong>reddebatur,</strong></span> <span class='ocrx_word' id='word_1_535' title='bbox 1482 587 1577 608; x_wconf 86' lang='lat' dir='ltr'><strong>verum</strong></span> <span class='ocrx_word' id='word_1_536' title='bbox 1590 580 1674 608; x_wconf 88' lang='lat' dir='ltr'><strong>etiam</strong></span> 
     </span>
    </p>
   </div>
   <div class='ocr_carea' id='block_1_68' title="bbox 875 622 1673 660">
    <p class='ocr_par' dir='ltr' id='par_1_68' title="bbox 875 622 1673 660">
     <span class='ocr_line' id='line_1_68' title="bbox 875 622 1673 660; baseline 0.003 -10"><span class='ocrx_word' id='word_1_537' title='bbox 875 622 974 652; x_wconf 89' lang='lat' dir='ltr'><strong>modus</strong></span> <span class='ocrx_word' id='word_1_538' title='bbox 996 623 1235 658; x_wconf 82' lang='lat' dir='ltr'><strong>reconciliationis,</strong></span> <span class='ocrx_word' id='word_1_539' title='bbox 1252 623 1336 660; x_wconf 63' lang='lat'><strong>473</strong></span> <span class='ocrx_word' id='word_1_540' title='bbox 1351 624 1404 652; x_wconf 87' lang='lat' dir='ltr'><strong>hoc</strong></span> <span class='ocrx_word' id='word_1_541' title='bbox 1427 629 1469 653; x_wconf 90' lang='lat' dir='ltr'><strong>est</strong></span> <span class='ocrx_word' id='word_1_542' title='bbox 1488 624 1591 653; x_wconf 90' lang='lat' dir='ltr'><strong>occisio</strong></span> <span class='ocrx_word' id='word_1_543' title='bbox 1607 625 1673 660; x_wconf 79' lang='lat' dir='ltr'><strong>Filii,</strong></span> 
     </span>
    </p>
   </div>
   <div class='ocr_carea' id='block_1_69' title="bbox 876 667 1130 704">
    <p class='ocr_par' dir='ltr' id='par_1_69' title="bbox 876 667 1130 704">
     <span class='ocr_line' id='line_1_69' title="bbox 876 667 1130 704; baseline 0.004 -9"><span class='ocrx_word' id='word_1_544' title='bbox 876 667 1026 704; x_wconf 87' lang='lat' dir='ltr'><strong>plurimum</strong></span> <span class='ocrx_word' id='word_1_545' title='bbox 1039 667 1130 696; x_wconf 85' lang='lat' dir='ltr'><strong>valuit.</strong></span> 
     </span>
    </p>
   </div>
   <div class='ocr_carea' id='block_1_70' title="bbox 913 714 1675 750">
    <p class='ocr_par' dir='ltr' id='par_1_70' title="bbox 913 714 1675 750">
     <span class='ocr_line' id='line_1_70' title="bbox 913 714 1675 750; baseline 0.004 -10"><span class='ocrx_word' id='word_1_546' title='bbox 913 714 1059 748; x_wconf 76' lang='lat' dir='ltr'><strong>Paciﬁcans</strong></span> <span class='ocrx_word' id='word_1_547' title='bbox 1065 722 1116 749; x_wconf 80' lang='lat' dir='ltr'><strong>per</strong></span> <span class='ocrx_word' id='word_1_548' title='bbox 1127 714 1286 749; x_wconf 80' lang='lat' dir='ltr'><strong>sanguinem</strong></span> <span class='ocrx_word' id='word_1_549' title='bbox 1299 715 1384 743; x_wconf 79' lang='lat' dir='ltr'><strong>crucis</strong></span> <span class='ocrx_word' id='word_1_550' title='bbox 1405 714 1475 750; x_wconf 84' lang='lat' dir='ltr'><strong>ejus.</strong></span> <span class='ocrx_word' id='word_1_551' title='bbox 1488 715 1675 743; x_wconf 77' lang='lat' dir='ltr'><strong>Reconciliare</strong></span> 
     </span>
    </p>
   </div>
   <div class='ocr_carea' id='block_1_71' title="bbox 878 757 1674 795">
    <p class='ocr_par' dir='ltr' id='par_1_71' title="bbox 878 757 1674 795">
     <span class='ocr_line' id='line_1_71' title="bbox 878 757 1674 795; baseline 0.004 -10"><span class='ocrx_word' id='word_1_552' title='bbox 878 758 1050 787; x_wconf 86' lang='lat' dir='ltr'><strong>inimicitiam</strong></span> <span class='ocrx_word' id='word_1_553' title='bbox 1076 757 1198 787; x_wconf 88' lang='lat' dir='ltr'><strong>ostendit</strong></span> <span class='ocrx_word' id='word_1_554' title='bbox 1216 767 1223 786; x_wconf 88' lang='lat'>:</span> <span class='ocrx_word' id='word_1_555' title='bbox 1239 767 1335 795; x_wconf 90' lang='lat' dir='ltr'><strong>pacem</strong></span> <span class='ocrx_word' id='word_1_556' title='bbox 1352 767 1416 788; x_wconf 89' lang='lat' dir='ltr'><strong>vero</strong></span> <span class='ocrx_word' id='word_1_557' title='bbox 1438 759 1542 794; x_wconf 78' lang='lat' dir='ltr'><strong>facere,</strong></span> <span class='ocrx_word' id='word_1_558' title='bbox 1557 760 1674 788; x_wconf 87' lang='lat' dir='ltr'><strong>bellum.</strong></span> 
     </span>
    </p>
   </div>
   <div class='ocr_carea' id='block_1_72' title="bbox 880 802 1675 839">
    <p class='ocr_par' dir='ltr' id='par_1_72' title="bbox 880 802 1675 839">
     <span class='ocr_line' id='line_1_72' title="bbox 880 802 1675 839; baseline 0.004 -9"><span class='ocrx_word' id='word_1_559' title='bbox 880 802 987 831; x_wconf 82' lang='lat' dir='ltr'><strong>Etenim</strong></span> <span class='ocrx_word' id='word_1_560' title='bbox 1001 811 1052 831; x_wconf 89' lang='lat' dir='ltr'><strong>nos</strong></span> <span class='ocrx_word' id='word_1_561' title='bbox 1066 806 1094 831; x_wconf 91' lang='lat' dir='ltr'><strong>et</strong></span> <span class='ocrx_word' id='word_1_562' title='bbox 1106 803 1212 832; x_wconf 86' lang='lat' dir='ltr'><strong>inimici</strong></span> <span class='ocrx_word' id='word_1_563' title='bbox 1236 811 1345 833; x_wconf 86' lang='lat' dir='ltr'><strong>eramus</strong></span> <span class='ocrx_word' id='word_1_564' title='bbox 1362 806 1433 839; x_wconf 89' lang='lat' dir='ltr'><strong>Deo,</strong></span> <span class='ocrx_word' id='word_1_565' title='bbox 1446 809 1474 833; x_wconf 90' lang='lat' dir='ltr'><strong>et</strong></span> <span class='ocrx_word' id='word_1_566' title='bbox 1496 805 1596 833; x_wconf 84' lang='lat' dir='ltr'><strong>hostes.</strong></span> <span class='ocrx_word' id='word_1_567' title='bbox 1614 806 1675 833; x_wconf 87' lang='lat' dir='ltr'><strong>Ma-</strong></span> 
     </span>
    </p>
   </div>
   <div class='ocr_carea' id='block_1_73' title="bbox 879 847 1676 886">
    <p class='ocr_par' dir='ltr' id='par_1_73' title="bbox 879 847 1676 886">
     <span class='ocr_line' id='line_1_73' title="bbox 879 847 1676 886; baseline 0.004 -11"><span class='ocrx_word' id='word_1_568' title='bbox 879 855 964 884; x_wconf 80' lang='lat' dir='ltr'><strong>gnum</strong></span> <span class='ocrx_word' id='word_1_569' title='bbox 978 847 1061 884; x_wconf 77' lang='lat' dir='ltr'><strong>igitur</strong></span> <span class='ocrx_word' id='word_1_570' title='bbox 1075 852 1117 876; x_wconf 84' lang='lat' dir='ltr'><strong>est</strong></span> <span class='ocrx_word' id='word_1_571' title='bbox 1136 848 1311 877; x_wconf 84' lang='lat' dir='ltr'><strong>reconciliare</strong></span> <span class='ocrx_word' id='word_1_572' title='bbox 1333 858 1340 877; x_wconf 88' lang='lat'>:</span> <span class='ocrx_word' id='word_1_573' title='bbox 1358 853 1387 878; x_wconf 88' lang='lat' dir='ltr'><strong>at</strong></span> <span class='ocrx_word' id='word_1_574' title='bbox 1405 857 1454 886; x_wconf 89' lang='lat' dir='ltr'><strong>per</strong></span> <span class='ocrx_word' id='word_1_575' title='bbox 1467 850 1599 886; x_wconf 91' lang='lat' dir='ltr'><strong>seipsum,</strong></span> <span class='ocrx_word' id='word_1_576' title='bbox 1615 857 1676 878; x_wconf 91' lang='lat' dir='ltr'><strong>ma-</strong></span> 
     </span>
    </p>
   </div>
   <div class='ocr_carea' id='block_1_74' title="bbox 877 891 1676 930">
    <p class='ocr_par' dir='ltr' id='par_1_74' title="bbox 877 891 1676 930">
     <span class='ocr_line' id='line_1_74' title="bbox 877 891 1676 930; baseline 0.003 -10"><span class='ocrx_word' id='word_1_577' title='bbox 877 892 924 928; x_wconf 88' lang='lat' dir='ltr'><strong>jus</strong></span> <span class='ocrx_word' id='word_1_578' title='bbox 948 903 954 920; x_wconf 89' lang='lat'><strong>:</strong></span> <span class='ocrx_word' id='word_1_579' title='bbox 969 896 996 920; x_wconf 91' lang='lat' dir='ltr'><strong>et</strong></span> <span class='ocrx_word' id='word_1_580' title='bbox 1008 891 1108 926; x_wconf 79' lang='lat' dir='ltr'><strong>adhuc,</strong></span> <span class='ocrx_word' id='word_1_581' title='bbox 1132 894 1184 921; x_wconf 87' lang='lat' dir='ltr'><strong>Per</strong></span> <span class='ocrx_word' id='word_1_582' title='bbox 1197 895 1355 928; x_wconf 73' lang='lat' dir='ltr'><strong>sanguinem</strong></span> <span class='ocrx_word' id='word_1_583' title='bbox 1381 903 1388 921; x_wconf 88' lang='lat'>:</span> <span class='ocrx_word' id='word_1_584' title='bbox 1405 898 1433 922; x_wconf 87' lang='lat' dir='ltr'><strong>et</strong></span> <span class='ocrx_word' id='word_1_585' title='bbox 1446 893 1546 929; x_wconf 88' lang='lat' dir='ltr'><strong>adhuc,</strong></span> <span class='ocrx_word' id='word_1_586' title='bbox 1572 895 1676 930; x_wconf 83' lang='lat' dir='ltr'><strong>majus,</strong></span> 
     </span>
    </p>
   </div>
   <div class='ocr_carea' id='block_1_75' title="bbox 842 930 1677 975">
    <p class='ocr_par' dir='ltr' id='par_1_75' title="bbox 842 930 1677 975">
     <span class='ocr_line' id='line_1_75' title="bbox 842 930 1677 975; baseline 0.006 -13"><span class='ocrx_word' id='word_1_587' title='bbox 842 930 866 962; x_wconf 85' lang='grc' dir='ltr'><strong>Β</strong></span> <span class='ocrx_word' id='word_1_588' title='bbox 881 937 957 973; x_wconf 89' lang='lat' dir='ltr'><strong>quod</strong></span> <span class='ocrx_word' id='word_1_589' title='bbox 973 939 1023 966; x_wconf 84' lang='lat' dir='ltr'><strong>Per</strong></span> <span class='ocrx_word' id='word_1_590' title='bbox 1042 946 1155 970; x_wconf 85' lang='lat' dir='ltr'><strong>crucem,</strong></span> <span class='ocrx_word' id='word_1_591' title='bbox 1176 946 1224 974; x_wconf 92' lang='lat' dir='ltr'><strong>per</strong></span> <span class='ocrx_word' id='word_1_592' title='bbox 1235 943 1355 967; x_wconf 90' lang='lat' dir='ltr'><strong>mortem</strong></span> <span class='ocrx_word' id='word_1_593' title='bbox 1371 939 1593 975; x_wconf 84' lang='lat' dir='ltr'><strong>ignominiosam.</strong></span> <span class='ocrx_word' id='word_1_594' title='bbox 1615 940 1677 967; x_wconf 89' lang='lat' dir='ltr'><strong>Non</strong></span> 
     </span>
    </p>
   </div>
   <div class='ocr_carea' id='block_1_76' title="bbox 884 982 1679 1019">
    <p class='ocr_par' dir='ltr' id='par_1_76' title="bbox 884 982 1679 1019">
     <span class='ocr_line' id='line_1_76' title="bbox 884 982 1679 1019; baseline 0.004 -10"><span class='ocrx_word' id='word_1_595' title='bbox 884 983 959 1010; x_wconf 89' lang='lat' dir='ltr'><strong>enim</strong></span> <span class='ocrx_word' id='word_1_596' title='bbox 985 982 1065 1018; x_wconf 79' lang='lat' dir='ltr'><strong>legati</strong></span> <span class='ocrx_word' id='word_1_597' title='bbox 1094 983 1190 1016; x_wconf 88' lang='lat' dir='ltr'><strong>instar,</strong></span> <span class='ocrx_word' id='word_1_598' title='bbox 1218 983 1372 1019; x_wconf 86' lang='lat' dir='ltr'><strong>perorando</strong></span> <span class='ocrx_word' id='word_1_599' title='bbox 1399 984 1597 1018; x_wconf 82' lang='lat' dir='ltr'><strong>reconciliavit,</strong></span> <span class='ocrx_word' id='word_1_600' title='bbox 1631 984 1679 1012; x_wconf 87' lang='lat' dir='ltr'><strong>sed</strong></span> 
     </span>
    </p>
   </div>
   <div class='ocr_carea' id='block_1_77' title="bbox 883 1026 1677 1063">
    <p class='ocr_par' dir='ltr' id='par_1_77' title="bbox 883 1026 1677 1063">
     <span class='ocr_line' id='line_1_77' title="bbox 883 1026 1677 1063; baseline 0.003 -9"><span class='ocrx_word' id='word_1_601' title='bbox 883 1027 1002 1063; x_wconf 83' lang='lat' dir='ltr'><strong>seipsum</strong></span> <span class='ocrx_word' id='word_1_602' title='bbox 1017 1026 1118 1055; x_wconf 88' lang='lat' dir='ltr'><strong>dando.</strong></span> <span class='ocrx_word' id='word_1_603' title='bbox 1135 1029 1196 1055; x_wconf 88' lang='lat' dir='ltr'><strong>Non</strong></span> <span class='ocrx_word' id='word_1_604' title='bbox 1211 1027 1280 1056; x_wconf 82' lang='lat' dir='ltr'><strong>dixit</strong></span> <span class='ocrx_word' id='word_1_605' title='bbox 1289 1033 1394 1063; x_wconf 88' lang='lat' dir='ltr'><strong>autem,</strong></span> <span class='ocrx_word' id='word_1_606' title='bbox 1410 1029 1513 1063; x_wconf 80' lang='lat' dir='ltr'><strong>Crucis,</strong></span> <span class='ocrx_word' id='word_1_607' title='bbox 1530 1033 1559 1056; x_wconf 88' lang='lat' dir='ltr'><strong>et</strong></span> <span class='ocrx_word' id='word_1_608' title='bbox 1573 1029 1677 1056; x_wconf 87' lang='lat' dir='ltr'><strong>consti-</strong></span> 
     </span>
    </p>
   </div>
   <div class='ocr_carea' id='block_1_78' title="bbox 884 1072 1680 1108">
    <p class='ocr_par' dir='ltr' id='par_1_78' title="bbox 884 1072 1680 1108">
     <span class='ocr_line' id='line_1_78' title="bbox 884 1072 1680 1108; baseline 0.003 -9"><span class='ocrx_word' id='word_1_609' title='bbox 884 1072 927 1105; x_wconf 88' lang='lat' dir='ltr'><strong>tit,</strong></span> <span class='ocrx_word' id='word_1_610' title='bbox 950 1079 1046 1100; x_wconf 82' lang='lat' dir='ltr'><strong>verum</strong></span> <span class='ocrx_word' id='word_1_611' title='bbox 1065 1072 1174 1108; x_wconf 86' lang='lat' dir='ltr'><strong>adjecit,</strong></span> <span class='ocrx_word' id='word_1_612' title='bbox 1190 1073 1267 1107; x_wconf 73' lang='lat' dir='ltr'><strong>Ejus,</strong></span> <span class='ocrx_word' id='word_1_613' title='bbox 1285 1081 1321 1101; x_wconf 89' lang='lat' dir='ltr'><strong>ne</strong></span> <span class='ocrx_word' id='word_1_614' title='bbox 1336 1073 1476 1102; x_wconf 81' lang='lat' dir='ltr'><strong>existimes</strong></span> <span class='ocrx_word' id='word_1_615' title='bbox 1499 1081 1610 1102; x_wconf 80' lang='lat' dir='ltr'><strong>crucem</strong></span> <span class='ocrx_word' id='word_1_616' title='bbox 1625 1073 1680 1101; x_wconf 90' lang='lat' dir='ltr'><strong>ali-</strong></span> 
     </span>
    </p>
   </div>
   <div class='ocr_carea' id='block_1_79' title="bbox 885 1115 1682 1155">
    <p class='ocr_par' dir='ltr' id='par_1_79' title="bbox 885 1115 1682 1155">
     <span class='ocr_line' id='line_1_79' title="bbox 885 1115 1682 1155; baseline 0.005 -12"><span class='ocrx_word' id='word_1_617' title='bbox 885 1115 949 1152; x_wconf 89' lang='lat' dir='ltr'><strong>quid</strong></span> <span class='ocrx_word' id='word_1_618' title='bbox 965 1124 1012 1152; x_wconf 91' lang='lat' dir='ltr'><strong>per</strong></span> <span class='ocrx_word' id='word_1_619' title='bbox 1026 1124 1055 1144; x_wconf 89' lang='lat' dir='ltr'><strong>se</strong></span> <span class='ocrx_word' id='word_1_620' title='bbox 1069 1124 1157 1152; x_wconf 83' lang='lat' dir='ltr'><strong>posse.</strong></span> <span class='ocrx_word' id='word_1_621' title='bbox 1169 1118 1231 1146; x_wconf 83' lang='lat' dir='ltr'><strong>Non</strong></span> <span class='ocrx_word' id='word_1_622' title='bbox 1242 1118 1314 1146; x_wconf 88' lang='lat' dir='ltr'><strong>enim</strong></span> <span class='ocrx_word' id='word_1_623' title='bbox 1330 1118 1490 1155; x_wconf 85' lang='lat' dir='ltr'><strong>simpliciter</strong></span> <span class='ocrx_word' id='word_1_624' title='bbox 1507 1126 1574 1147; x_wconf 75' lang='lat' dir='ltr'><strong>crux</strong></span> <span class='ocrx_word' id='word_1_625' title='bbox 1589 1125 1682 1147; x_wconf 82' lang='lat' dir='ltr'><strong>serva-</strong></span> 
     </span>
    </p>
   </div>
   <div class='ocr_carea' id='block_1_80' title="bbox 886 1160 1186 1198">
    <p class='ocr_par' dir='ltr' id='par_1_80' title="bbox 886 1160 1186 1198">
     <span class='ocr_line' id='line_1_80' title="bbox 886 1160 1186 1198; baseline 0.007 -10"><span class='ocrx_word' id='word_1_626' title='bbox 886 1161 935 1194; x_wconf 89' lang='lat' dir='ltr'><strong>vit,</strong></span> <span class='ocrx_word' id='word_1_627' title='bbox 949 1160 997 1189; x_wconf 89' lang='lat' dir='ltr'><strong>sed</strong></span> <span class='ocrx_word' id='word_1_628' title='bbox 1009 1169 1076 1189; x_wconf 83' lang='lat' dir='ltr'><strong>crux</strong></span> <span class='ocrx_word' id='word_1_629' title='bbox 1090 1161 1186 1198; x_wconf 84' lang='lat' dir='ltr'><strong>ipsius.</strong></span> 
     </span>
    </p>
   </div>
   <div class='ocr_carea' id='block_1_81' title="bbox 921 1253 1682 1292">
    <p class='ocr_par' dir='ltr' id='par_1_81' title="bbox 921 1253 1682 1292">
     <span class='ocr_line' id='line_1_81' title="bbox 921 1253 1682 1292; baseline 0.005 -12"><span class='ocrx_word' id='word_1_630' title='bbox 921 1253 981 1281; x_wconf 77' lang='lat' dir='ltr'><strong>Sive</strong></span> <span class='ocrx_word' id='word_1_631' title='bbox 995 1261 1056 1289; x_wconf 71' lang='lat' dir='ltr'><strong>qua:</strong></span> <span class='ocrx_word' id='word_1_632' title='bbox 1068 1254 1099 1281; x_wconf 69' lang='lat' dir='ltr'><strong>in</strong></span> <span class='ocrx_word' id='word_1_633' title='bbox 1114 1255 1198 1286; x_wconf 80' lang='lat' dir='ltr'><strong>terra,</strong></span> <span class='ocrx_word' id='word_1_634' title='bbox 1214 1255 1269 1282; x_wconf 72' lang='lat' dir='ltr'><strong>sive</strong></span> <span class='ocrx_word' id='word_1_635' title='bbox 1281 1261 1342 1290; x_wconf 65' lang='lat' dir='ltr'><strong>qua</strong></span> <span class='ocrx_word' id='word_1_636' title='bbox 1358 1255 1386 1282; x_wconf 83' lang='lat' dir='ltr'><strong>in</strong></span> <span class='ocrx_word' id='word_1_637' title='bbox 1402 1255 1474 1282; x_wconf 69' lang='lat' dir='ltr'><strong>uelis</strong></span> <span class='ocrx_word' id='word_1_638' title='bbox 1486 1256 1560 1283; x_wconf 74' lang='lat' dir='ltr'><strong>sunt.</strong></span> <span class='ocrx_word' id='word_1_639' title='bbox 1577 1256 1645 1292; x_wconf 71' lang='lat' dir='ltr'><strong>Quae</strong></span> <span class='ocrx_word' id='word_1_640' title='bbox 1655 1255 1682 1284; x_wconf 89' lang='lat' dir='ltr'><strong>in</strong></span> 
     </span>
    </p>
   </div>
   <div class='ocr_carea' id='block_1_82' title="bbox 885 1298 1683 1334">
    <p class='ocr_par' dir='ltr' id='par_1_82' title="bbox 885 1298 1683 1334">
     <span class='ocr_line' id='line_1_82' title="bbox 885 1298 1683 1334; baseline 0.004 -9"><span class='ocrx_word' id='word_1_641' title='bbox 885 1302 957 1325; x_wconf 87' lang='lat' dir='ltr'><strong>terra</strong></span> <span class='ocrx_word' id='word_1_642' title='bbox 972 1298 1082 1333; x_wconf 87' lang='lat' dir='ltr'><strong>quidem</strong></span> <span class='ocrx_word' id='word_1_643' title='bbox 1097 1302 1172 1332; x_wconf 92' lang='lat' dir='ltr'><strong>sunt,</strong></span> <span class='ocrx_word' id='word_1_644' title='bbox 1188 1299 1286 1327; x_wconf 89' lang='lat' dir='ltr'><strong>merito</strong></span> <span class='ocrx_word' id='word_1_645' title='bbox 1303 1309 1309 1326; x_wconf 87' lang='lat'>:</span> <span class='ocrx_word' id='word_1_646' title='bbox 1325 1299 1438 1334; x_wconf 88' lang='lat' dir='ltr'><strong>quilibet</strong></span> <span class='ocrx_word' id='word_1_647' title='bbox 1454 1299 1527 1327; x_wconf 90' lang='lat' dir='ltr'><strong>enim</strong></span> <span class='ocrx_word' id='word_1_648' title='bbox 1547 1304 1573 1328; x_wconf 90' lang='lat' dir='ltr'><strong>et</strong></span> <span class='ocrx_word' id='word_1_649' title='bbox 1588 1307 1683 1329; x_wconf 89' lang='lat' dir='ltr'><strong>secum</strong></span> 
     </span>
    </p>
   </div>
   <div class='ocr_carea' id='block_1_83' title="bbox 887 1343 1684 1380">
    <p class='ocr_par' dir='ltr' id='par_1_83' title="bbox 887 1343 1684 1380">
     <span class='ocr_line' id='line_1_83' title="bbox 887 1343 1684 1380; baseline 0.004 -10"><span class='ocrx_word' id='word_1_650' title='bbox 887 1343 954 1378; x_wconf 90' lang='lat' dir='ltr'><strong>ipse,</strong></span> <span class='ocrx_word' id='word_1_651' title='bbox 967 1347 1071 1370; x_wconf 90' lang='lat' dir='ltr'><strong>etcum</strong></span> <span class='ocrx_word' id='word_1_652' title='bbox 1089 1343 1148 1371; x_wconf 87' lang='lat' dir='ltr'><strong>aliis</strong></span> <span class='ocrx_word' id='word_1_653' title='bbox 1166 1343 1325 1377; x_wconf 81' lang='lat' dir='ltr'><strong>dissidebat,</strong></span> <span class='ocrx_word' id='word_1_654' title='bbox 1345 1348 1373 1371; x_wconf 91' lang='lat' dir='ltr'><strong>et</strong></span> <span class='ocrx_word' id='word_1_655' title='bbox 1392 1344 1443 1380; x_wconf 87' lang='lat' dir='ltr'><strong>ipsi</strong></span> <span class='ocrx_word' id='word_1_656' title='bbox 1463 1344 1596 1380; x_wconf 67' lang='lat' dir='ltr'><strong>angelica:</strong></span> <span class='ocrx_word' id='word_1_657' title='bbox 1621 1346 1684 1374; x_wconf 75' lang='lat' dir='ltr'><strong>vitae</strong></span> 
     </span>
    </p>
   </div>
   <div class='ocr_carea' id='block_1_84' title="bbox 886 1387 1685 1425">
    <p class='ocr_par' dir='ltr' id='par_1_84' title="bbox 886 1387 1685 1425">
     <span class='ocr_line' id='line_1_84' title="bbox 886 1387 1685 1425; baseline 0.004 -10"><span class='ocrx_word' id='word_1_658' title='bbox 886 1387 978 1415; x_wconf 83' lang='lat' dir='ltr'><strong>hostes</strong></span> <span class='ocrx_word' id='word_1_659' title='bbox 992 1394 1109 1415; x_wconf 86' lang='lat' dir='ltr'><strong>eramus.</strong></span> <span class='ocrx_word' id='word_1_660' title='bbox 1124 1389 1192 1424; x_wconf 78' lang='lat' dir='ltr'><strong>Qua:</strong></span> <span class='ocrx_word' id='word_1_661' title='bbox 1218 1396 1282 1416; x_wconf 89' lang='lat' dir='ltr'><strong>vero</strong></span> <span class='ocrx_word' id='word_1_662' title='bbox 1295 1392 1361 1416; x_wconf 91' lang='lat' dir='ltr'><strong>sunt</strong></span> <span class='ocrx_word' id='word_1_663' title='bbox 1374 1388 1401 1416; x_wconf 89' lang='lat' dir='ltr'><strong>in</strong></span> <span class='ocrx_word' id='word_1_664' title='bbox 1420 1389 1506 1422; x_wconf 69' lang='lat' dir='ltr'><strong>cmlis,</strong></span> <span class='ocrx_word' id='word_1_665' title='bbox 1521 1390 1685 1425; x_wconf 77' lang='lat' dir='ltr'><strong>quomodo?</strong></span> 
     </span>
    </p>
   </div>
   <div class='ocr_carea' id='block_1_85' title="bbox 887 1431 1684 1467">
    <p class='ocr_par' dir='ltr' id='par_1_85' title="bbox 887 1431 1684 1467">
     <span class='ocr_line' id='line_1_85' title="bbox 887 1431 1684 1467; baseline 0.003 -7"><span class='ocrx_word' id='word_1_666' title='bbox 887 1433 970 1460; x_wconf 83' lang='lat' dir='ltr'><strong>Terra</strong></span> <span class='ocrx_word' id='word_1_667' title='bbox 982 1440 997 1460; x_wconf 76' lang='grc' dir='ltr'>ε</span> <span class='ocrx_word' id='word_1_668' title='bbox 1010 1432 1082 1460; x_wconf 62' lang='lat' dir='ltr'><strong>caelo</strong></span> <span class='ocrx_word' id='word_1_669' title='bbox 1099 1431 1211 1460; x_wconf 88' lang='lat' dir='ltr'><strong>discissa</strong></span> <span class='ocrx_word' id='word_1_670' title='bbox 1221 1437 1272 1467; x_wconf 89' lang='lat' dir='ltr'><strong>est,</strong></span> <span class='ocrx_word' id='word_1_671' title='bbox 1295 1437 1324 1461; x_wconf 91' lang='lat' dir='ltr'><strong>et</strong></span> <span class='ocrx_word' id='word_1_672' title='bbox 1337 1433 1494 1462; x_wconf 86' lang='lat' dir='ltr'><strong>hominibus</strong></span> <span class='ocrx_word' id='word_1_673' title='bbox 1507 1433 1601 1462; x_wconf 89' lang='lat' dir='ltr'><strong>hostes</strong></span> <span class='ocrx_word' id='word_1_674' title='bbox 1618 1434 1684 1463; x_wconf 84' lang='lat' dir='ltr'><strong>facti</strong></span> 
     </span>
    </p>
   </div>
   <div class='ocr_carea' id='block_1_86' title="bbox 888 1477 1686 1515">
    <p class='ocr_par' dir='ltr' id='par_1_86' title="bbox 888 1477 1686 1515">
     <span class='ocr_line' id='line_1_86' title="bbox 888 1477 1686 1515; baseline 0.004 -11"><span class='ocrx_word' id='word_1_675' title='bbox 888 1480 953 1505; x_wconf 87' lang='lat' dir='ltr'><strong>sunt</strong></span> <span class='ocrx_word' id='word_1_676' title='bbox 972 1477 1075 1513; x_wconf 81' lang='lat' dir='ltr'><strong>angeli,</strong></span> <span class='ocrx_word' id='word_1_677' title='bbox 1094 1485 1158 1505; x_wconf 90' lang='lat' dir='ltr'><strong>cum</strong></span> <span class='ocrx_word' id='word_1_678' title='bbox 1172 1477 1297 1506; x_wconf 86' lang='lat' dir='ltr'><strong>viderent</strong></span> <span class='ocrx_word' id='word_1_679' title='bbox 1317 1478 1465 1506; x_wconf 89' lang='lat' dir='ltr'><strong>Dominum</strong></span> <span class='ocrx_word' id='word_1_680' title='bbox 1490 1486 1570 1506; x_wconf 88' lang='lat' dir='ltr'><strong>suum</strong></span> <span class='ocrx_word' id='word_1_681' title='bbox 1586 1479 1686 1515; x_wconf 84' lang='lat' dir='ltr'><strong>iniuria</strong></span> 
     </span>
    </p>
   </div>
   <div class='ocr_carea' id='block_1_87' title="bbox 887 1521 1684 1558">
    <p class='ocr_par' dir='ltr' id='par_1_87' title="bbox 887 1521 1684 1558">
     <span class='ocr_line' id='line_1_87' title="bbox 887 1521 1684 1558; baseline 0.004 -9"><span class='ocrx_word' id='word_1_682' title='bbox 887 1521 959 1550; x_wconf 84' lang='lat' dir='ltr'><strong>afﬁci</strong></span> <span class='ocrx_word' id='word_1_683' title='bbox 975 1530 982 1550; x_wconf 90' lang='lat'>:</span> <span class='ocrx_word' id='word_1_684' title='bbox 997 1526 1139 1558; x_wconf 82' lang='lat' dir='ltr'><strong>propterea</strong></span> <span class='ocrx_word' id='word_1_685' title='bbox 1154 1526 1183 1550; x_wconf 90' lang='lat' dir='ltr'><strong>et</strong></span> <span class='ocrx_word' id='word_1_686' title='bbox 1203 1522 1238 1550; x_wconf 87' lang='lat' dir='ltr'><strong>ad</strong></span> <span class='ocrx_word' id='word_1_687' title='bbox 1253 1523 1419 1558; x_wconf 81' lang='lat' dir='ltr'><strong>supplicium</strong></span> <span class='ocrx_word' id='word_1_688' title='bbox 1441 1523 1635 1558; x_wconf 84' lang='lat' dir='ltr'><strong>mittebantur,</strong></span> <span class='ocrx_word' id='word_1_689' title='bbox 1655 1528 1684 1552; x_wconf 95' lang='lat' dir='ltr'><strong>ut</strong></span> 
     </span>
    </p>
   </div>
   <div class='ocr_carea' id='block_1_88' title="bbox 853 1565 1688 1608">
    <p class='ocr_par' dir='ltr' id='par_1_88' title="bbox 853 1565 1688 1608">
     <span class='ocr_line' id='line_1_88' title="bbox 853 1565 1688 1608; baseline 0.004 -14"><span class='ocrx_word' id='word_1_690' title='bbox 853 1577 876 1608; x_wconf 67' lang='grc' dir='ltr'>υ</span> <span class='ocrx_word' id='word_1_691' title='bbox 889 1566 1018 1595; x_wconf 88' lang='lat' dir='ltr'><strong>adversus</strong></span> <span class='ocrx_word' id='word_1_692' title='bbox 1036 1566 1172 1595; x_wconf 88' lang='lat' dir='ltr'><strong>Davidem</strong></span> <span class='ocrx_word' id='word_1_693' title='bbox 1198 1568 1221 1601; x_wconf 69' lang='grc' dir='ltr'>ιε,</span> <span class='ocrx_word' id='word_1_694' title='bbox 1248 1571 1278 1595; x_wconf 89' lang='lat' dir='ltr'><strong>ut</strong></span> <span class='ocrx_word' id='word_1_695' title='bbox 1293 1567 1422 1595; x_wconf 89' lang='lat' dir='ltr'><strong>adversus</strong></span> <span class='ocrx_word' id='word_1_696' title='bbox 1435 1567 1594 1596; x_wconf 87' lang='lat' dir='ltr'><strong>Sodomitas</strong></span> <span class='ocrx_word' id='word_1_697' title='bbox 1614 1565 1631 1603; x_wconf 81' lang='lat'><strong>&#39;,</strong></span> <span class='ocrx_word' id='word_1_698' title='bbox 1657 1573 1688 1597; x_wconf 89' lang='lat' dir='ltr'><strong>ut</strong></span> 
     </span>
    </p>
   </div>
   <div class='ocr_carea' id='block_1_89' title="bbox 890 1611 1691 1648">
    <p class='ocr_par' dir='ltr' id='par_1_89' title="bbox 890 1611 1691 1648">
     <span class='ocr_line' id='line_1_89' title="bbox 890 1611 1691 1648; baseline 0.002 -9"><span class='ocrx_word' id='word_1_699' title='bbox 890 1611 917 1639; x_wconf 92' lang='lat' dir='ltr'><strong>in</strong></span> <span class='ocrx_word' id='word_1_700' title='bbox 939 1611 1008 1640; x_wconf 85' lang='lat' dir='ltr'><strong>valle</strong></span> <span class='ocrx_word' id='word_1_701' title='bbox 1037 1611 1170 1648; x_wconf 88' lang='lat' dir='ltr'><strong>ploratus.</strong></span> <span class='ocrx_word' id='word_1_702' title='bbox 1186 1611 1271 1640; x_wconf 85' lang='lat' dir='ltr'><strong>Filius</strong></span> <span class='ocrx_word' id='word_1_703' title='bbox 1285 1612 1370 1648; x_wconf 87' lang='lat' dir='ltr'><strong>igitur</strong></span> <span class='ocrx_word' id='word_1_704' title='bbox 1387 1612 1530 1641; x_wconf 90' lang='lat' dir='ltr'><strong>hominem</strong></span> <span class='ocrx_word' id='word_1_705' title='bbox 1558 1613 1592 1641; x_wconf 88' lang='lat' dir='ltr'><strong>ad</strong></span> <span class='ocrx_word' id='word_1_706' title='bbox 1607 1614 1691 1642; x_wconf 75' lang='lat' dir='ltr'><strong>caelos</strong></span> 
     </span>
    </p>
   </div>
   <div class='ocr_carea' id='block_1_90' title="bbox 893 1656 1692 1694">
    <p class='ocr_par' dir='ltr' id='par_1_90' title="bbox 893 1656 1692 1694">
     <span class='ocr_line' id='line_1_90' title="bbox 893 1656 1692 1694; baseline 0.003 -10"><span class='ocrx_word' id='word_1_707' title='bbox 893 1656 1011 1691; x_wconf 85' lang='lat' dir='ltr'><strong>ducens,</strong></span> <span class='ocrx_word' id='word_1_708' title='bbox 1026 1656 1071 1692; x_wconf 89' lang='lat' dir='ltr'><strong>qui</strong></span> <span class='ocrx_word' id='word_1_709' title='bbox 1083 1656 1223 1690; x_wconf 88' lang='lat' dir='ltr'><strong>inimicus,</strong></span> <span class='ocrx_word' id='word_1_710' title='bbox 1239 1657 1286 1693; x_wconf 90' lang='lat' dir='ltr'><strong>qui</strong></span> <span class='ocrx_word' id='word_1_711' title='bbox 1302 1657 1390 1685; x_wconf 88' lang='lat' dir='ltr'><strong>hostis</strong></span> <span class='ocrx_word' id='word_1_712' title='bbox 1404 1662 1472 1690; x_wconf 85' lang='lat' dir='ltr'><strong>erat,</strong></span> <span class='ocrx_word' id='word_1_713' title='bbox 1486 1658 1568 1685; x_wconf 83' lang='lat' dir='ltr'><strong>etiam</strong></span> <span class='ocrx_word' id='word_1_714' title='bbox 1579 1659 1692 1694; x_wconf 82' lang='lat' dir='ltr'><strong>angelos</strong></span> 
     </span>
    </p>
   </div>
   <div class='ocr_carea' id='block_1_91' title="bbox 891 1702 1692 1738">
    <p class='ocr_par' dir='ltr' id='par_1_91' title="bbox 891 1702 1692 1738">
     <span class='ocr_line' id='line_1_91' title="bbox 891 1702 1692 1738; baseline 0.004 -10"><span class='ocrx_word' id='word_1_715' title='bbox 891 1709 974 1737; x_wconf 83' lang='lat' dir='ltr'><strong>super</strong></span> <span class='ocrx_word' id='word_1_716' title='bbox 983 1706 1086 1730; x_wconf 90' lang='lat' dir='ltr'><strong>terram</strong></span> <span class='ocrx_word' id='word_1_717' title='bbox 1099 1702 1275 1730; x_wconf 84' lang='lat' dir='ltr'><strong>concinentes</strong></span> <span class='ocrx_word' id='word_1_718' title='bbox 1282 1702 1402 1738; x_wconf 84' lang='lat' dir='ltr'><strong>conspici</strong></span> <span class='ocrx_word' id='word_1_719' title='bbox 1415 1702 1492 1737; x_wconf 82' lang='lat' dir='ltr'><strong>fecit,</strong></span> <span class='ocrx_word' id='word_1_720' title='bbox 1501 1711 1533 1730; x_wconf 86' lang='lat' dir='ltr'><strong>ac</strong></span> <span class='ocrx_word' id='word_1_721' title='bbox 1543 1703 1692 1738; x_wconf 87' lang='lat' dir='ltr'><strong>quemlibet</strong></span> 
     </span>
    </p>
   </div>
   <div class='ocr_carea' id='block_1_92' title="bbox 893 1745 1690 1776">
    <p class='ocr_par' dir='ltr' id='par_1_92' title="bbox 893 1745 1690 1776">
     <span class='ocr_line' id='line_1_92' title="bbox 893 1745 1690 1776; baseline 0.003 -3"><span class='ocrx_word' id='word_1_722' title='bbox 893 1745 1015 1774; x_wconf 81' lang='lat' dir='ltr'><strong>fidelium</strong></span> <span class='ocrx_word' id='word_1_723' title='bbox 1031 1747 1206 1774; x_wconf 85' lang='lat' dir='ltr'><strong>comitantes.</strong></span> <span class='ocrx_word' id='word_1_724' title='bbox 1222 1746 1337 1774; x_wconf 85' lang='lat' dir='ltr'><strong>Videtur</strong></span> <span class='ocrx_word' id='word_1_725' title='bbox 1351 1752 1442 1775; x_wconf 88' lang='lat' dir='ltr'><strong>autem</strong></span> <span class='ocrx_word' id='word_1_726' title='bbox 1458 1747 1525 1775; x_wconf 88' lang='lat' dir='ltr'><strong>mihi</strong></span> <span class='ocrx_word' id='word_1_727' title='bbox 1548 1751 1575 1774; x_wconf 91' lang='lat' dir='ltr'><strong>et</strong></span> <span class='ocrx_word' id='word_1_728' title='bbox 1588 1748 1690 1776; x_wconf 86' lang='lat' dir='ltr'><strong>Paulus</strong></span> 
     </span>
    </p>
   </div>
   <div class='ocr_carea' id='block_1_93' title="bbox 894 1791 1688 1826">
    <p class='ocr_par' dir='ltr' id='par_1_93' title="bbox 894 1791 1688 1826">
     <span class='ocr_line' id='line_1_93' title="bbox 894 1791 1688 1826; baseline 0.003 -8"><span class='ocrx_word' id='word_1_729' title='bbox 894 1794 1036 1826; x_wconf 83' lang='lat' dir='ltr'><strong>propterea</strong></span> <span class='ocrx_word' id='word_1_730' title='bbox 1055 1795 1149 1826; x_wconf 86' lang='lat' dir='ltr'><strong>raptos</strong></span> <span class='ocrx_word' id='word_1_731' title='bbox 1162 1799 1231 1825; x_wconf 86' lang='lat' dir='ltr'><strong>esse,</strong></span> <span class='ocrx_word' id='word_1_732' title='bbox 1248 1795 1279 1819; x_wconf 93' lang='lat' dir='ltr'><strong>ut</strong></span> <span class='ocrx_word' id='word_1_733' title='bbox 1289 1791 1434 1819; x_wconf 82' lang='lat' dir='ltr'><strong>doceretur</strong></span> <span class='ocrx_word' id='word_1_734' title='bbox 1448 1791 1688 1826; x_wconf 86' lang='lat' dir='ltr'><strong>quemadmodum</strong></span> 
     </span>
    </p>
   </div>
   <div class='ocr_carea' id='block_1_94' title="bbox 893 1835 1685 1872">
    <p class='ocr_par' dir='ltr' id='par_1_94' title="bbox 893 1835 1685 1872">
     <span class='ocr_line' id='line_1_94' title="bbox 893 1835 1685 1872; baseline 0.001 -9"><span class='ocrx_word' id='word_1_735' title='bbox 893 1835 1019 1863; x_wconf 85' lang='lat' dir='ltr'><strong>homines</strong></span> <span class='ocrx_word' id='word_1_736' title='bbox 1032 1839 1123 1863; x_wconf 86' lang='lat' dir='ltr'><strong>essent</strong></span> <span class='ocrx_word' id='word_1_737' title='bbox 1134 1835 1160 1863; x_wconf 93' lang='lat' dir='ltr'><strong>iu</strong></span> <span class='ocrx_word' id='word_1_738' title='bbox 1174 1835 1256 1868; x_wconf 65' lang='lat' dir='ltr'><strong>coelo.</strong></span> <span class='ocrx_word' id='word_1_739' title='bbox 1272 1839 1300 1863; x_wconf 89' lang='lat' dir='ltr'><strong>et</strong></span> <span class='ocrx_word' id='word_1_740' title='bbox 1314 1835 1389 1872; x_wconf 90' lang='lat' dir='ltr'><strong>quod</strong></span> <span class='ocrx_word' id='word_1_741' title='bbox 1404 1836 1490 1863; x_wconf 86' lang='lat' dir='ltr'><strong>Filius</strong></span> <span class='ocrx_word' id='word_1_742' title='bbox 1511 1835 1577 1863; x_wconf 90' lang='lat' dir='ltr'><strong>illuc</strong></span> <span class='ocrx_word' id='word_1_743' title='bbox 1591 1844 1685 1864; x_wconf 83' lang='lat' dir='ltr'><strong>susce-</strong></span> 
     </span>
    </p>
   </div>
   <div class='ocr_carea' id='block_1_95' title="bbox 895 1879 1688 1916">
    <p class='ocr_par' dir='ltr' id='par_1_95' title="bbox 895 1879 1688 1916">
     <span class='ocr_line' id='line_1_95' title="bbox 895 1879 1688 1916; baseline 0.003 -9"><span class='ocrx_word' id='word_1_744' title='bbox 895 1884 957 1916; x_wconf 90' lang='lat' dir='ltr'><strong>ptus</strong></span> <span class='ocrx_word' id='word_1_745' title='bbox 970 1880 1014 1908; x_wconf 90' lang='lat' dir='ltr'><strong>sit.</strong></span> <span class='ocrx_word' id='word_1_746' title='bbox 1031 1881 1061 1907; x_wconf 91' lang='lat' dir='ltr'><strong>ln</strong></span> <span class='ocrx_word' id='word_1_747' title='bbox 1075 1880 1156 1908; x_wconf 84' lang='lat' dir='ltr'><strong>rebus</strong></span> <span class='ocrx_word' id='word_1_748' title='bbox 1171 1880 1254 1915; x_wconf 80' lang='lat' dir='ltr'><strong>igitur</strong></span> <span class='ocrx_word' id='word_1_749' title='bbox 1263 1879 1437 1908; x_wconf 88' lang='lat' dir='ltr'><strong>terrestribus</strong></span> <span class='ocrx_word' id='word_1_750' title='bbox 1455 1880 1556 1916; x_wconf 82' lang='lat' dir='ltr'><strong>duplex</strong></span> <span class='ocrx_word' id='word_1_751' title='bbox 1571 1888 1622 1916; x_wconf 85' lang='lat' dir='ltr'><strong>pax</strong></span> <span class='ocrx_word' id='word_1_752' title='bbox 1638 1886 1688 1916; x_wconf 88' lang='lat' dir='ltr'><strong>est,</strong></span> 
     </span>
    </p>
   </div>
   <div class='ocr_carea' id='block_1_96' title="bbox 895 1925 1689 1960">
    <p class='ocr_par' dir='ltr' id='par_1_96' title="bbox 895 1925 1689 1960">
     <span class='ocr_line' id='line_1_96' title="bbox 895 1925 1689 1960; baseline 0.003 -8"><span class='ocrx_word' id='word_1_753' title='bbox 895 1929 921 1952; x_wconf 90' lang='lat' dir='ltr'><strong>et</strong></span> <span class='ocrx_word' id='word_1_754' title='bbox 935 1928 1059 1960; x_wconf 82' lang='lat' dir='ltr'><strong>respectu</strong></span> <span class='ocrx_word' id='word_1_755' title='bbox 1073 1925 1238 1958; x_wconf 69' lang='lat' dir='ltr'><strong>caelestium,</strong></span> <span class='ocrx_word' id='word_1_756' title='bbox 1263 1928 1291 1952; x_wconf 89' lang='lat' dir='ltr'><strong>et</strong></span> <span class='ocrx_word' id='word_1_757' title='bbox 1303 1928 1430 1960; x_wconf 87' lang='lat' dir='ltr'><strong>respectu</strong></span> <span class='ocrx_word' id='word_1_758' title='bbox 1449 1925 1490 1952; x_wconf 93' lang='lat' dir='ltr'><strong>sui</strong></span> <span class='ocrx_word' id='word_1_759' title='bbox 1503 1925 1626 1960; x_wconf 87' lang='lat' dir='ltr'><strong>ipsorum</strong></span> <span class='ocrx_word' id='word_1_760' title='bbox 1640 1935 1646 1954; x_wconf 90' lang='lat'>:</span> <span class='ocrx_word' id='word_1_761' title='bbox 1662 1927 1689 1954; x_wconf 91' lang='lat' dir='ltr'><strong>iu</strong></span> 
     </span>
    </p>
   </div>
   <div class='ocr_carea' id='block_1_97' title="bbox 895 1969 1692 2006">
    <p class='ocr_par' dir='ltr' id='par_1_97' title="bbox 895 1969 1692 2006">
     <span class='ocr_line' id='line_1_97' title="bbox 895 1969 1692 2006; baseline 0.003 -9"><span class='ocrx_word' id='word_1_762' title='bbox 895 1969 1052 1998; x_wconf 64' lang='lat' dir='ltr'><strong>coelestibus</strong></span> <span class='ocrx_word' id='word_1_763' title='bbox 1073 1977 1137 1997; x_wconf 90' lang='lat' dir='ltr'><strong>vero</strong></span> <span class='ocrx_word' id='word_1_764' title='bbox 1151 1969 1277 2005; x_wconf 83' lang='lat' dir='ltr'><strong>simplex.</strong></span> <span class='ocrx_word' id='word_1_765' title='bbox 1300 1969 1449 1997; x_wconf 84' lang='lat' dir='ltr'><strong>Nobiscum</strong></span> <span class='ocrx_word' id='word_1_766' title='bbox 1465 1969 1539 1997; x_wconf 90' lang='lat' dir='ltr'><strong>enim</strong></span> <span class='ocrx_word' id='word_1_767' title='bbox 1561 1969 1692 2006; x_wconf 86' lang='lat' dir='ltr'><strong>deinceps</strong></span> 
     </span>
    </p>
   </div>
   <div class='ocr_carea' id='block_1_98' title="bbox 896 2014 1691 2050">
    <p class='ocr_par' dir='ltr' id='par_1_98' title="bbox 896 2014 1691 2050">
     <span class='ocr_line' id='line_1_98' title="bbox 896 2014 1691 2050; baseline 0 -8"><span class='ocrx_word' id='word_1_768' title='bbox 896 2014 986 2043; x_wconf 75' lang='lat' dir='ltr'><strong>fmdus</strong></span> <span class='ocrx_word' id='word_1_769' title='bbox 1000 2018 1202 2050; x_wconf 80' lang='lat' dir='ltr'><strong>percusserunt,</strong></span> <span class='ocrx_word' id='word_1_770' title='bbox 1218 2014 1399 2050; x_wconf 76' lang='lat' dir='ltr'><strong>Iaetanturque</strong></span> <span class='ocrx_word' id='word_1_771' title='bbox 1419 2022 1501 2050; x_wconf 88' lang='lat' dir='ltr'><strong>super</strong></span> <span class='ocrx_word' id='word_1_772' title='bbox 1516 2019 1572 2042; x_wconf 89' lang='lat' dir='ltr'><strong>tam</strong></span> <span class='ocrx_word' id='word_1_773' title='bbox 1588 2016 1691 2043; x_wconf 88' lang='lat' dir='ltr'><strong>multo-</strong></span> 
     </span>
    </p>
   </div>
   <div class='ocr_carea' id='block_1_99' title="bbox 896 2059 1691 2095">
    <p class='ocr_par' dir='ltr' id='par_1_99' title="bbox 896 2059 1691 2095">
     <span class='ocr_line' id='line_1_99' title="bbox 896 2059 1691 2095; baseline 0.003 -9"><span class='ocrx_word' id='word_1_774' title='bbox 896 2067 959 2087; x_wconf 90' lang='lat' dir='ltr'><strong>rum</strong></span> <span class='ocrx_word' id='word_1_775' title='bbox 973 2059 1069 2087; x_wconf 88' lang='lat' dir='ltr'><strong>salute.</strong></span> <span class='ocrx_word' id='word_1_776' title='bbox 1084 2059 1136 2094; x_wconf 85' lang='lat' dir='ltr'><strong>Qui</strong></span> <span class='ocrx_word' id='word_1_777' title='bbox 1158 2059 1240 2095; x_wconf 75' lang='lat' dir='ltr'><strong>igitur</strong></span> <span class='ocrx_word' id='word_1_778' title='bbox 1264 2067 1312 2095; x_wconf 89' lang='lat' dir='ltr'><strong>per</strong></span> <span class='ocrx_word' id='word_1_779' title='bbox 1327 2060 1450 2095; x_wconf 78' lang='lat' dir='ltr'><strong>angelos.</strong></span> <span class='ocrx_word' id='word_1_780' title='bbox 1468 2068 1484 2087; x_wconf 91' lang='grc' dir='ltr'><strong>ο</strong></span> <span class='ocrx_word' id='word_1_781' title='bbox 1505 2060 1691 2092; x_wconf 83' lang='lat' dir='ltr'><strong>Colossenscs,</strong></span> 
     </span>
    </p>
   </div>
   <div class='ocr_carea' id='block_1_100' title="bbox 897 2103 1692 2133">
    <p class='ocr_par' dir='ltr' id='par_1_100' title="bbox 897 2103 1692 2133">
     <span class='ocr_line' id='line_1_100' title="bbox 897 2103 1692 2133; baseline 0.001 -1"><span class='ocrx_word' id='word_1_782' title='bbox 897 2103 988 2132; x_wconf 88' lang='lat' dir='ltr'><strong>dicitis</strong></span> <span class='ocrx_word' id='word_1_783' title='bbox 1002 2112 1051 2132; x_wconf 83' lang='lat' dir='ltr'><strong>vos</strong></span> <span class='ocrx_word' id='word_1_784' title='bbox 1069 2104 1260 2132; x_wconf 79' lang='lat' dir='ltr'><strong>reconciliari?</strong></span> <span class='ocrx_word' id='word_1_785' title='bbox 1281 2105 1403 2132; x_wconf 86' lang='lat' dir='ltr'><strong>Tantum</strong></span> <span class='ocrx_word' id='word_1_786' title='bbox 1419 2105 1496 2132; x_wconf 88' lang='lat' dir='ltr'><strong>enim</strong></span> <span class='ocrx_word' id='word_1_787' title='bbox 1510 2105 1588 2132; x_wconf 76' lang='lat' dir='ltr'><strong>aliest</strong></span> <span class='ocrx_word' id='word_1_788' title='bbox 1610 2109 1640 2133; x_wconf 87' lang='lat' dir='ltr'><strong>ut</strong></span> <span class='ocrx_word' id='word_1_789' title='bbox 1656 2106 1692 2133; x_wconf 93' lang='lat' dir='ltr'><strong>illi</strong></span> 
     </span>
    </p>
   </div>
   <div class='ocr_carea' id='block_1_101' title="bbox 897 2149 1693 2182">
    <p class='ocr_par' dir='ltr' id='par_1_101' title="bbox 897 2149 1693 2182">
     <span class='ocr_line' id='line_1_101' title="bbox 897 2149 1693 2182; baseline 0.001 -6"><span class='ocrx_word' id='word_1_790' title='bbox 897 2157 953 2177; x_wconf 92' lang='lat' dir='ltr'><strong>non</strong></span> <span class='ocrx_word' id='word_1_791' title='bbox 967 2149 1177 2182; x_wconf 84' lang='lat' dir='ltr'><strong>reconciliarint,</strong></span> <span class='ocrx_word' id='word_1_792' title='bbox 1192 2153 1223 2176; x_wconf 87' lang='lat' dir='ltr'><strong>ut</strong></span> <span class='ocrx_word' id='word_1_793' title='bbox 1242 2153 1270 2176; x_wconf 89' lang='lat' dir='ltr'><strong>et</strong></span> <span class='ocrx_word' id='word_1_794' title='bbox 1292 2149 1393 2176; x_wconf 87' lang='lat' dir='ltr'><strong>inimici</strong></span> <span class='ocrx_word' id='word_1_795' title='bbox 1415 2149 1494 2177; x_wconf 87' lang='lat' dir='ltr'><strong>nobis</strong></span> <span class='ocrx_word' id='word_1_796' title='bbox 1518 2149 1620 2177; x_wconf 82' lang='lat' dir='ltr'><strong>fuerint</strong></span> <span class='ocrx_word' id='word_1_797' title='bbox 1642 2158 1649 2177; x_wconf 90' lang='lat'><strong>:</strong></span> <span class='ocrx_word' id='word_1_798' title='bbox 1666 2154 1693 2178; x_wconf 90' lang='lat' dir='ltr'><strong>et</strong></span> 
     </span>
    </p>
   </div>
   <div class='ocr_carea' id='block_1_102' title="bbox 898 2193 1694 2229">
    <p class='ocr_par' dir='ltr' id='par_1_102' title="bbox 898 2193 1694 2229">
     <span class='ocr_line' id='line_1_102' title="bbox 898 2193 1694 2229; baseline 0.001 -8"><span class='ocrx_word' id='word_1_799' title='bbox 898 2194 950 2221; x_wconf 91' lang='lat' dir='ltr'><strong>nisi</strong></span> <span class='ocrx_word' id='word_1_800' title='bbox 970 2194 1014 2222; x_wconf 89' lang='lat' dir='ltr'><strong>ille</strong></span> <span class='ocrx_word' id='word_1_801' title='bbox 1034 2201 1084 2222; x_wconf 89' lang='lat' dir='ltr'><strong>nos</strong></span> <span class='ocrx_word' id='word_1_802' title='bbox 1108 2193 1158 2221; x_wconf 90' lang='lat' dir='ltr'><strong>illis</strong></span> <span class='ocrx_word' id='word_1_803' title='bbox 1185 2194 1397 2229; x_wconf 83' lang='lat' dir='ltr'><strong>reconciliasset,</strong></span> <span class='ocrx_word' id='word_1_804' title='bbox 1421 2202 1477 2222; x_wconf 87' lang='lat' dir='ltr'><strong>non</strong></span> <span class='ocrx_word' id='word_1_805' title='bbox 1501 2194 1694 2222; x_wconf 84' lang='lat' dir='ltr'><strong>habuissemus</strong></span> 
     </span>
    </p>
   </div>
   <div class='ocr_carea' id='block_1_103' title="bbox 902 2246 1009 2274">
    <p class='ocr_par' dir='ltr' id='par_1_103' title="bbox 902 2246 1009 2274">
     <span class='ocr_line' id='line_1_103' title="bbox 902 2246 1009 2274; baseline 0 -8"><span class='ocrx_word' id='word_1_806' title='bbox 902 2246 1009 2274; x_wconf 86' lang='lat' dir='ltr'><strong>pacem.</strong></span> 
     </span>
    </p>
   </div>
   <div class='ocr_carea' id='block_1_104' title="bbox 936 2329 1696 2364">
    <p class='ocr_par' dir='ltr' id='par_1_104' title="bbox 936 2329 1696 2364">
     <span class='ocr_line' id='line_1_104' title="bbox 936 2329 1696 2364; baseline 0.001 -7"><span class='ocrx_word' id='word_1_807' title='bbox 936 2329 1022 2357; x_wconf 69' lang='lat' dir='ltr'><strong>Vens.</strong></span> <span class='ocrx_word' id='word_1_808' title='bbox 1038 2332 1082 2356; x_wconf 83' lang='lat' dir='ltr'><strong>2i.</strong></span> <span class='ocrx_word' id='word_1_809' title='bbox 1108 2330 1144 2356; x_wconf 80' lang='lat' dir='ltr'><strong>Et</strong></span> <span class='ocrx_word' id='word_1_810' title='bbox 1162 2336 1206 2356; x_wconf 86' lang='lat' dir='ltr'><strong>vos</strong></span> <span class='ocrx_word' id='word_1_811' title='bbox 1221 2337 1280 2356; x_wconf 88' lang='lat' dir='ltr'><strong>cum</strong></span> <span class='ocrx_word' id='word_1_812' title='bbox 1299 2330 1388 2356; x_wconf 80' lang='lat' dir='ltr'><strong>essetis</strong></span> <span class='ocrx_word' id='word_1_813' title='bbox 1401 2329 1551 2364; x_wconf 74' lang='lat' dir='ltr'><strong>aliquando</strong></span> <span class='ocrx_word' id='word_1_814' title='bbox 1571 2330 1696 2364; x_wconf 81' lang='lat' dir='ltr'><strong>alienati,</strong></span> 
     </span>
    </p>
   </div>
   <div class='ocr_carea' id='block_1_105' title="bbox 901 2374 1699 2410">
    <p class='ocr_par' dir='ltr' id='par_1_105' title="bbox 901 2374 1699 2410">
     <span class='ocr_line' id='line_1_105' title="bbox 901 2374 1699 2410; baseline 0.004 -10"><span class='ocrx_word' id='word_1_815' title='bbox 901 2376 926 2401; x_wconf 80' lang='lat' dir='ltr'><strong>et</strong></span> <span class='ocrx_word' id='word_1_816' title='bbox 938 2375 1042 2401; x_wconf 71' lang='lat' dir='ltr'><strong>inimici</strong></span> <span class='ocrx_word' id='word_1_817' title='bbox 1053 2381 1141 2407; x_wconf 82' lang='lat' dir='ltr'><strong>sensu,</strong></span> <span class='ocrx_word' id='word_1_818' title='bbox 1162 2375 1191 2401; x_wconf 85' lang='lat' dir='ltr'><strong>in</strong></span> <span class='ocrx_word' id='word_1_819' title='bbox 1203 2374 1330 2409; x_wconf 77' lang='lat' dir='ltr'><strong>operibus</strong></span> <span class='ocrx_word' id='word_1_820' title='bbox 1345 2374 1433 2401; x_wconf 75' lang='lat' dir='ltr'><strong>malis.</strong></span> <span class='ocrx_word' id='word_1_821' title='bbox 1451 2375 1537 2410; x_wconf 85' lang='lat' dir='ltr'><strong>Supra</strong></span> <span class='ocrx_word' id='word_1_822' title='bbox 1549 2374 1629 2408; x_wconf 73' lang='lat' dir='ltr'><strong>dixit,</strong></span> <span class='ocrx_word' id='word_1_823' title='bbox 1646 2384 1699 2404; x_wconf 90' lang='lat' dir='ltr'><strong>nos</strong></span> 
     </span>
    </p>
   </div>
   <div class='ocr_carea' id='block_1_106' title="bbox 902 2418 1697 2456">
    <p class='ocr_par' dir='ltr' id='par_1_106' title="bbox 902 2418 1697 2456">
     <span class='ocr_line' id='line_1_106' title="bbox 902 2418 1697 2456; baseline 0.003 -10"><span class='ocrx_word' id='word_1_824' title='bbox 902 2419 953 2446; x_wconf 89' lang='lat' dir='ltr'><strong>sub</strong></span> <span class='ocrx_word' id='word_1_825' title='bbox 964 2422 1094 2453; x_wconf 86' lang='lat' dir='ltr'><strong>potestate</strong></span> <span class='ocrx_word' id='word_1_826' title='bbox 1113 2419 1288 2446; x_wconf 85' lang='lat' dir='ltr'><strong>tenebrarum</strong></span> <span class='ocrx_word' id='word_1_827' title='bbox 1304 2418 1387 2446; x_wconf 84' lang='lat' dir='ltr'><strong>fuisse</strong></span> <span class='ocrx_word' id='word_1_828' title='bbox 1405 2429 1410 2446; x_wconf 91' lang='lat'>:</span> <span class='ocrx_word' id='word_1_829' title='bbox 1424 2427 1499 2447; x_wconf 92' lang='lat' dir='ltr'><strong>nunc</strong></span> <span class='ocrx_word' id='word_1_830' title='bbox 1513 2421 1603 2456; x_wconf 81' lang='lat' dir='ltr'><strong>pergit</strong></span> <span class='ocrx_word' id='word_1_831' title='bbox 1621 2419 1697 2448; x_wconf 82' lang='lat' dir='ltr'><strong>afﬁr-</strong></span> 
     </span>
    </p>
   </div>
   <div class='ocr_carea' id='block_1_107' title="bbox 901 2462 1699 2498">
    <p class='ocr_par' dir='ltr' id='par_1_107' title="bbox 901 2462 1699 2498">
     <span class='ocr_line' id='line_1_107' title="bbox 901 2462 1699 2498; baseline 0.003 -7"><span class='ocrx_word' id='word_1_832' title='bbox 901 2471 985 2492; x_wconf 79' lang='lat' dir='ltr'><strong>mare.</strong></span> <span class='ocrx_word' id='word_1_833' title='bbox 1003 2462 1077 2498; x_wconf 90' lang='lat' dir='ltr'><strong>quod</strong></span> <span class='ocrx_word' id='word_1_834' title='bbox 1099 2467 1191 2491; x_wconf 85' lang='lat' dir='ltr'><strong>mente</strong></span> <span class='ocrx_word' id='word_1_835' title='bbox 1211 2471 1244 2491; x_wconf 87' lang='lat' dir='ltr'><strong>ac</strong></span> <span class='ocrx_word' id='word_1_836' title='bbox 1257 2471 1340 2491; x_wconf 83' lang='lat' dir='ltr'><strong>sensu</strong></span> <span class='ocrx_word' id='word_1_837' title='bbox 1363 2463 1458 2492; x_wconf 89' lang='lat' dir='ltr'><strong>hostes</strong></span> <span class='ocrx_word' id='word_1_838' title='bbox 1481 2464 1621 2498; x_wconf 89' lang='lat' dir='ltr'><strong>fuerimus,</strong></span> <span class='ocrx_word' id='word_1_839' title='bbox 1643 2473 1699 2493; x_wconf 89' lang='lat' dir='ltr'><strong>non</strong></span> 
     </span>
    </p>
   </div>
   <div class='ocr_carea' id='block_1_108' title="bbox 901 2507 1700 2542">
    <p class='ocr_par' dir='ltr' id='par_1_108' title="bbox 901 2507 1700 2542">
     <span class='ocr_line' id='line_1_108' title="bbox 901 2507 1700 2542; baseline 0 -6"><span class='ocrx_word' id='word_1_840' title='bbox 901 2508 975 2536; x_wconf 90' lang='lat' dir='ltr'><strong>idem</strong></span> <span class='ocrx_word' id='word_1_841' title='bbox 989 2507 1093 2541; x_wconf 86' lang='lat' dir='ltr'><strong>dicens,</strong></span> <span class='ocrx_word' id='word_1_842' title='bbox 1108 2515 1214 2541; x_wconf 83' lang='lat' dir='ltr'><strong>verum,</strong></span> <span class='ocrx_word' id='word_1_843' title='bbox 1236 2515 1270 2535; x_wconf 88' lang='lat' dir='ltr'><strong>ne</strong></span> <span class='ocrx_word' id='word_1_844' title='bbox 1282 2507 1326 2535; x_wconf 89' lang='lat' dir='ltr'><strong>illa</strong></span> <span class='ocrx_word' id='word_1_845' title='bbox 1349 2508 1475 2542; x_wconf 87' lang='lat' dir='ltr'><strong>audiens,</strong></span> <span class='ocrx_word' id='word_1_846' title='bbox 1492 2509 1638 2537; x_wconf 78' lang='lat' dir='ltr'><strong>existimes</strong></span> <span class='ocrx_word' id='word_1_847' title='bbox 1653 2518 1700 2537; x_wconf 90' lang='lat' dir='ltr'><strong>ne-</strong></span> 
     </span>
    </p>
   </div>
   <div class='ocr_carea' id='block_1_109' title="bbox 901 2551 1699 2590">
    <p class='ocr_par' dir='ltr' id='par_1_109' title="bbox 901 2551 1699 2590">
     <span class='ocr_line' id='line_1_109' title="bbox 901 2551 1699 2590; baseline -0.001 -9"><span class='ocrx_word' id='word_1_848' title='bbox 901 2554 1058 2581; x_wconf 82' lang='lat' dir='ltr'><strong>cessitatem</strong></span> <span class='ocrx_word' id='word_1_849' title='bbox 1070 2560 1140 2587; x_wconf 79' lang='lat' dir='ltr'><strong>esse,</strong></span> <span class='ocrx_word' id='word_1_850' title='bbox 1155 2551 1239 2580; x_wconf 82' lang='lat' dir='ltr'><strong>infert</strong></span> <span class='ocrx_word' id='word_1_851' title='bbox 1252 2552 1322 2587; x_wconf 61' lang='lat' dir='ltr'><strong>haec,</strong></span> <span class='ocrx_word' id='word_1_852' title='bbox 1337 2558 1368 2581; x_wconf 92' lang='lat' dir='ltr'><strong>ut</strong></span> <span class='ocrx_word' id='word_1_853' title='bbox 1383 2554 1513 2581; x_wconf 84' lang='lat' dir='ltr'><strong>ostendat</strong></span> <span class='ocrx_word' id='word_1_854' title='bbox 1526 2554 1600 2590; x_wconf 91' lang='lat' dir='ltr'><strong>quod</strong></span> <span class='ocrx_word' id='word_1_855' title='bbox 1623 2552 1699 2581; x_wconf 90' lang='lat' dir='ltr'><strong>indi-</strong></span> 
     </span>
    </p>
   </div>
   <div class='ocr_carea' id='block_1_110' title="bbox 901 2597 1697 2634">
    <p class='ocr_par' dir='ltr' id='par_1_110' title="bbox 901 2597 1697 2634">
     <span class='ocr_line' id='line_1_110' title="bbox 901 2597 1697 2634; baseline -0.003 -8"><span class='ocrx_word' id='word_1_856' title='bbox 901 2606 969 2634; x_wconf 85' lang='lat' dir='ltr'><strong>gnos</strong></span> <span class='ocrx_word' id='word_1_857' title='bbox 985 2598 1068 2626; x_wconf 88' lang='lat' dir='ltr'><strong>etiam</strong></span> <span class='ocrx_word' id='word_1_858' title='bbox 1084 2597 1304 2626; x_wconf 83' lang='lat' dir='ltr'><strong>reconciliatione</strong></span> <span class='ocrx_word' id='word_1_859' title='bbox 1327 2597 1456 2634; x_wconf 77' lang='lat' dir='ltr'><strong>dignatus</strong></span> <span class='ocrx_word' id='word_1_860' title='bbox 1479 2598 1525 2626; x_wconf 88' lang='lat' dir='ltr'><strong>sit.</strong></span> <span class='ocrx_word' id='word_1_861' title='bbox 1553 2598 1606 2633; x_wconf 89' lang='lat' dir='ltr'><strong>Qui</strong></span> <span class='ocrx_word' id='word_1_862' title='bbox 1623 2598 1697 2625; x_wconf 90' lang='lat' dir='ltr'><strong>enim</strong></span> 
     </span>
    </p>
   </div>
   <div class='ocr_carea' id='block_1_111' title="bbox 901 2642 1698 2678">
    <p class='ocr_par' dir='ltr' id='par_1_111' title="bbox 901 2642 1698 2678">
     <span class='ocr_line' id='line_1_111' title="bbox 901 2642 1698 2678; baseline -0.004 -7"><span class='ocrx_word' id='word_1_863' title='bbox 901 2644 1056 2671; x_wconf 85' lang='lat' dir='ltr'><strong>necessario</strong></span> <span class='ocrx_word' id='word_1_864' title='bbox 1078 2642 1258 2670; x_wconf 82' lang='lat' dir='ltr'><strong>afﬂictionem</strong></span> <span class='ocrx_word' id='word_1_865' title='bbox 1281 2643 1440 2678; x_wconf 83' lang='lat' dir='ltr'><strong>malumque</strong></span> <span class='ocrx_word' id='word_1_866' title='bbox 1453 2643 1578 2676; x_wconf 84' lang='lat' dir='ltr'><strong>sustinet,</strong></span> <span class='ocrx_word' id='word_1_867' title='bbox 1600 2642 1698 2677; x_wconf 84' lang='lat' dir='ltr'><strong>dignus</strong></span> 
     </span>
    </p>
   </div>
   <div class='ocr_carea' id='block_1_112' title="bbox 901 2686 1699 2723">
    <p class='ocr_par' dir='ltr' id='par_1_112' title="bbox 901 2686 1699 2723">
     <span class='ocr_line' id='line_1_112' title="bbox 901 2686 1699 2723; baseline -0.003 -7"><span class='ocrx_word' id='word_1_868' title='bbox 901 2692 942 2716; x_wconf 88' lang='lat' dir='ltr'><strong>est</strong></span> <span class='ocrx_word' id='word_1_869' title='bbox 964 2687 1163 2717; x_wconf 85' lang='lat' dir='ltr'><strong>miseratione:</strong></span> <span class='ocrx_word' id='word_1_870' title='bbox 1190 2688 1237 2723; x_wconf 88' lang='lat' dir='ltr'><strong>qui</strong></span> <span class='ocrx_word' id='word_1_871' title='bbox 1265 2695 1329 2715; x_wconf 87' lang='lat' dir='ltr'><strong>vero</strong></span> <span class='ocrx_word' id='word_1_872' title='bbox 1352 2691 1448 2723; x_wconf 86' lang='lat' dir='ltr'><strong>suapte</strong></span> <span class='ocrx_word' id='word_1_873' title='bbox 1474 2691 1581 2723; x_wconf 84' lang='lat' dir='ltr'><strong>sponte,</strong></span> <span class='ocrx_word' id='word_1_874' title='bbox 1605 2686 1699 2715; x_wconf 90' lang='lat' dir='ltr'><strong>odium</strong></span> 
     </span>
    </p>
   </div>
   <div class='ocr_carea' id='block_1_113' title="bbox 749 2812 1018 2843">
    <p class='ocr_par' dir='ltr' id='par_1_113' title="bbox 749 2812 1018 2843">
     <span class='ocr_line' id='line_1_113' title="bbox 749 2812 1018 2843; baseline 0.004 -2"><span class='ocrx_word' id='word_1_875' title='bbox 749 2812 845 2843; x_wconf 72' lang='lat' dir='ltr'><strong>Varia:</strong></span> <span class='ocrx_word' id='word_1_876' title='bbox 867 2813 1018 2842; x_wconf 84' lang='lat' dir='ltr'><strong>lectiones.</strong></span> 
     </span>
    </p>
   </div>
   <div class='ocr_carea' id='block_1_114' title="bbox 93 2860 467 2893">
    <p class='ocr_par' dir='ltr' id='par_1_114' title="bbox 93 2860 467 2893">
     <span class='ocr_line' id='line_1_114' title="bbox 93 2860 467 2893; baseline 0 -5"><span class='ocrx_word' id='word_1_877' title='bbox 93 2860 115 2878; x_wconf 68' lang='grc'><strong>⁸⁸</strong></span> <span class='ocrx_word' id='word_1_878' title='bbox 129 2860 259 2889; x_wconf 72' lang='grc' dir='ltr'>ἀπεδίδοτο</span> <span class='ocrx_word' id='word_1_879' title='bbox 274 2870 300 2890; x_wconf 93' lang='grc' dir='ltr'>ο.</span> <span class='ocrx_word' id='word_1_880' title='bbox 339 2861 361 2879; x_wconf 85' lang='grc'><strong>⁹⁰</strong></span> <span class='ocrx_word' id='word_1_881' title='bbox 373 2862 429 2893; x_wconf 82' lang='grc' dir='ltr'>δούς</span> <span class='ocrx_word' id='word_1_882' title='bbox 441 2870 467 2890; x_wconf 93' lang='grc' dir='ltr'>ο.</span> 
     </span>
    </p>
   </div>
   <div class='ocr_carea' id='block_1_115' title="bbox 165 2907 479 2936">
    <p class='ocr_par' dir='ltr' id='par_1_115' title="bbox 165 2907 479 2936">
     <span class='ocr_line' id='line_1_115' title="bbox 165 2907 479 2936; baseline -0.003 -1"><span class='ocrx_word' id='word_1_883' title='bbox 165 2908 278 2935; x_wconf 65' lang='lat' dir='ltr'><strong>Parnm.</strong></span> <span class='ocrx_word' id='word_1_884' title='bbox 297 2907 349 2936; x_wconf 81' lang='lat' dir='ltr'><strong>Gn.</strong></span> <span class='ocrx_word' id='word_1_885' title='bbox 370 2908 479 2936; x_wconf 75' lang='lat' dir='ltr'><strong>CXXIV.</strong></span> 
     </span>
    </p>
   </div>
   <div class='ocr_carea' id='block_1_116' title="bbox 507 2861 964 2898">
    <p class='ocr_par' dir='ltr' id='par_1_116' title="bbox 507 2861 964 2898">
     <span class='ocr_line' id='line_1_116' title="bbox 507 2861 964 2898; baseline 0 -10"><span class='ocrx_word' id='word_1_886' title='bbox 507 2861 527 2879; x_wconf 68' lang='lat'><strong>9‘</strong></span> <span class='ocrx_word' id='word_1_887' title='bbox 544 2861 642 2898; x_wconf 76' lang='grc' dir='ltr'>μᾶλλον</span> <span class='ocrx_word' id='word_1_888' title='bbox 659 2863 748 2898; x_wconf 76' lang='grc' dir='ltr'>δειχθῇ</span> <span class='ocrx_word' id='word_1_889' title='bbox 763 2871 789 2891; x_wconf 92' lang='grc' dir='ltr'>ο.</span> <span class='ocrx_word' id='word_1_890' title='bbox 828 2862 850 2879; x_wconf 74' lang='grc'><strong>⁹²</strong></span> <span class='ocrx_word' id='word_1_891' title='bbox 862 2861 925 2898; x_wconf 69' lang='grc' dir='ltr'>ὑμᾶς</span> <span class='ocrx_word' id='word_1_892' title='bbox 936 2870 964 2890; x_wconf 92' lang='grc' dir='ltr'>ο.</span> 
     </span>
    </p>
   </div>
   <div class='ocr_carea' id='block_1_117' title="bbox 1528 2906 1562 2932">
    <p class='ocr_par' dir='ltr' id='par_1_117' title="bbox 1528 2906 1562 2932">
     <span class='ocr_line' id='line_1_117' title="bbox 1528 2906 1562 2932; baseline 0 0"><span class='ocrx_word' id='word_1_893' title='bbox 1528 2906 1562 2932; x_wconf 82' lang='lat'><strong>39</strong></span> 
     </span>
    </p>
   </div>
  </div>
