1890 3077
43 183 101 209 1229

462 176 638 205 ΕΧΡΟΞΙΊΊΟ
659 177 689 204 ΙΝ
710 176 812 204 EPIST.
834 177 879 204 AD
899 176 1037 204 COLOSS.
1055 191 1090 197 —
1109 177 1185 205 CAP.
1202 178 1225 205 ir.

1598 177 1666 204 i230

38 241 204 274 πιστευθέντος
218 240 280 277 ἤδη.
297 239 385 270 ⁹¹Ωστε
402 239 563 279 αἰσχύνθητε
584 239 630 268 καὶ
650 238 755 272 ἑαυτοὺς
770 238 815 268 καὶ
829 252 838 274 ι

914 247 923 266 3
936 243 987 272 est,
1000 238 1075 275 quod
1082 238 1281 275 jamcreditum
1293 243 1345 267 est.
1361 238 1444 274 475
1456 240 1551 275 Itaque
1562 239 1668 276 pudore

40 287 130 321 πάντας
146 287 236 319 ἄλλους
251 284 419 324 ἀνθρώπους,
437 286 531 325 ἑτέρως
552 283 717 317 πιστεύοντες
737 283 774 313 9⁸.

74 391 83 403 ι
104 372 142 407 Οἷ
162 375 286 416 ἐγενόμην
303 375 355 415 ἐγὼ
370 376 477 409 Παῦλος
493 374 621 408 διάκονος.
639 387 651 400 ι
666 373 721 404 Καὶ
743 377 819 404 τοῦτο

50 424 57 433 Ἴ
89 423 95 431 ⁵
202 421 208 432 Ι
366 424 376 429 -
468 422 484 429 *υ
532 421 539 431 Ί
632 419 638 430 Ι
715 418 722 428 ‘
762 420 770 430 ’
793 419 799 429 \

38 435 68 456 εις
82 421 241 456 αξιοπιστιαν
258 423 375 451 συντελει
397 420 423 439 θθ
438 432 485 449 του
506 420 684 460 Ευαγγελιου,
699 430 728 448 το
741 430 819 448 αυτον

38 468 135 496 Παῦλον
161 461 225 496 εἶναι
249 465 361 505 κήρυκα.
389 464 467 504 Μέγα
490 464 541 505 γὰρ
563 465 594 494 τὸ
616 465 697 493 αὐτοῦ
717 463 816 502 ὄνομα,

38 513 164 551 πανταχοῦ
180 511 326 551 ᾀδομένου,
342 510 388 540 καὶ
410 510 458 544 τὴν
483 509 639 548 οἰκουμένην
661 508 819 548 περιλαϐόν-

38 569 75 589 τος
88 555 186 586 λοιπόν.
210 555 338 586 Διάκονον
360 555 387 585 δὲ
411 555 503 584 ἑαυτὸν
527 555 624 593 εἰπὼν,
648 555 750 592 μᾶλλον
768 554 818 583 αὖ·

39 600 90 634 τοὺς
110 603 218 630 συνωθεῖ
241 602 277 634 εἷς
293 601 323 629 τὸ
348 602 498 636 πεισθῆναι.
518 600 558 629 Οὖ
581 598 631 639 γὰρ
655 597 720 637 ἐμὰ,
736 599 817 637 φησὶ,

36 645 113 684 λέγω,
137 645 196 675 ἀλλ’
210 645 291 685 ἑτέρῳ
310 646 440 682 διακονῶ,
466 645 504 684 τῷ
525 645 587 684 Θεῷ
603 643 714 679 δηλαδή.
736 642 820 673 νΩστε

38 690 118 730 ἐκείνῳ
134 689 316 726 πεισθήσεσθε.

74 750 83 761 ι
97 737 148 765 Νῦν
161 735 248 775 χαίρω
270 735 296 764 ἐν
312 738 365 768 τοῖς
380 733 520 775 παθήμασί
546 745 596 771 μου
613 732 678 770 ὑπὲρ
694 733 768 770 ὑμῶν
794 746 816 762 ι.

39 782 107 810 Δοκεί
128 774 179 818 μὲν
194 774 371 809 ἀνακόλουθον
386 774 560 818 εἶναιτοῦτο·
585 777 641 807 ἔστι
655 777 683 806 δὲ
710 778 820 808 ἀκόλου-

38 827 74 854 Θον
96 817 203 865 σφοδρά.
233 823 344 860 Ἐπειδὴ
369 823 421 864 γὰρ
445 817 530 859 εἶπεν,
555 823 594 852 ὅτι
618 823 744 855 Διάκονος
764 823 821 861 ἔγε-

39 871 112 907 νόμην
131 872 175 898 τοῦ
198 868 378 908 Εὖαγγελίου,
399 865 428 898 οὗ
445 867 482 907 μὴ
507 870 631 897 ἐκπεσεῖν
657 870 725 905 ὑμᾶς
745 867 822 904 ἀξιῶ,

38 914 171 951 δείκνυσιν,
205 914 247 943 ὅτι
271 913 405 944 Τοσοῦτόν
435 914 506 943 ἐστιν
539 912 646 948 ἀληθὲς,
677 911 746 941 ὥστε
777 912 821 941 καὶ

40 959 126 1000 πάσχω
145 958 209 999 ὑπὲρ
228 958 336 989 τούτου·
359 958 404 988 καὶ
417 959 446 987 οὺ
464 958 543 996 μόνον
559 958 670 996 πάσχω,
686 956 754 986 ἀλλὰ
776 957 822 986 καὶ

39 1004 114 1043 χαίρω
133 1005 158 1034 ἐν
180 1008 235 1038 τοῖς
263 1003 414 1042 παθήμασι.
439 1004 481 1033 Τὰ
507 1003 535 1032 δὲ
560 1003 710 1040 παθήματα
736 1004 822 1031 ταῦτα

40 1048 96 1088 ὑπὲρ
110 1050 180 1087 ὑμῶν
195 1050 276 1085 εἰσιν,
287 1047 330 1078 ἵνα
344 1051 411 1087 ὑμᾶς
424 1048 561 1088 ὠφελῆσαι
574 1048 690 1082 δυνηθῶ.

75 1105 88 1121 ι
105 1093 155 1124 Καὶ
193 1095 392 1133 ἀνταναπληρῶ
422 1093 455 1122 τὰ
484 1091 655 1132 ὑστερήματα
686 1093 737 1120 τῶν
764 1090 823 1121 θλί-

41 1138 101 1177 ψεων
114 1141 157 1169 τοῦ
173 1139 291 1179 Χριστοῦ
308 1139 314 1156 ¹
333 1140 360 1167 ἐν
375 1140 408 1178 τῇ
426 1137 505 1179 σαρκί
521 1149 582 1175 μου.
602 1149 615 1165 ι
633 1137 711 1167 Δοκιῖ
725 1137 823 1170 ἀλαζο-

41 1183 100 1217 νικὸς
118 1183 161 1213 καὶ
178 1183 389 1222 ἀπονενοημένος
416 1178 482 1212 εἶναι
503 1184 516 1211 6
532 1181 621 1220 λόγος·
639 1182 686 1211 οὐκ
706 1181 762 1210 ἔστι
779 1180 824 1217 δὲ,

43 1227 103 1256 ἀλλὰ
117 1228 161 1257 καὶ
183 1229 285 1264 πολλῆς
299 1228 375 1267 γέμει
395 1229 443 1263 ἧς
466 1228 530 1266 πρὸς
554 1226 671 1266 Χριστὸν
687 1227 824 1266 φιλοστορ-

41 1272 99 1311 γίας.
115 1273 165 1303 Καὶ
187 1273 239 1313 γὰρ
255 1272 380 1312 βούλεται
396 1276 489 1302 πεῖσαι
505 1270 612 1308 αὐτοὺς,
627 1271 668 1300 ὅτι
682 1273 696 1300 6
712 1270 826 1312 Χριστὸς

42 1317 74 1346 ἔτι
94 1318 136 1346 καὶ
159 1320 203 1347 ν’ὖν
234 1318 300 1358 ὑπὲρ
318 1318 406 1347 αὐτῶν
429 1317 546 1357 πάσχει,
566 1316 613 1346 καὶ
630 1317 671 1346 Oi)
687 1315 721 1345 δι’
749 1317 826 1354 ἡμῶν

41 1363 86 1391 τῶν
108 1363 264 1393 ἀποστόλων
285 1362 465 1403 προλσάγεσθε,
488 1361 557 1391 ἀλλὰ
584 1360 617 1390 δι’
635 1360 752 1399 ἐκείνου,
776 1360 826 1390 κᾶν

43 1409 110 1444 ἡμεῖς
127 1408 153 1436 ἐν
168 1409 205 1448 τῷ
221 1407 297 1448 μέσῳ
321 1401 392 1445 ὦμεν
409 1407 433 1438 ².
457 1406 542 1436 Ὥστε
557 1406 583 1435 τί
601 1410 700 1435 ποιεῖτε
718 1407 827 1441 ἀποπη-

43 1450 126 1485 δῶντες
150 1453 265 1488 τούτου,
298 1455 343 1482 τοῦ
367 1451 412 1481 καὶ
439 1451 507 1489 μετὰ
535 1450 565 1480 τὸ
596 1451 736 1480 ἀποθανεῖν
761 1448 828 1490 ὓπὲρ

45 1497 111 1533 ὑμῶν
131 1497 343 1532 κινδυνεύοντος;
369 1496 408 1526 ⁸0
429 1496 455 1526 δὲ
471 1496 541 1535 λέγει
561 1494 678 1525 τοιοῦτόν
694 1497 777 1525 ἐστιν·
794 1496 828 1524 Ei

44 1539 77 1568 ἔτι
93 1541 233 1580 ἆχρεώστει
256 1544 349 1571 παθεῖν
371 1540 436 1579 ὑπὲρ
451 1542 528 1579 ἡμῶν
542 1544 555 1571 6
578 1541 705 1580 Χριστὸς,
726 1541 828 1576 ἀπ’ἧλθε

43 1584 65 1613 δὲ
79 1585 121 1614 καὶ
135 1586 182 1616 οὖκ
198 1586 323 1616 ἀπέδωκε
337 1587 367 1615 τὸ
381 1587 458 1626 χρέος
468 1608 475 1622 ,
497 1585 549 1624 ἐγὼ
567 1588 641 1615 τοῦτο
662 1585 828 1623 ἀποδίδωμι·

43 1628 123 1670 ὥσπερ
139 1630 170 1660 ἂν
191 1632 215 1661 εἰ
239 1634 284 1661 τοῦ
307 1633 455 1670 στρατηγοῦ
476 1630 628 1668 ἀπόντος³,
651 1631 665 1658 6
683 1629 831 1669 ὑποστράτ-

42 1686 97 1713 ηγος
119 1677 163 1711 τῆς
196 1676 333 1716 φάλαγγος
361 1677 542 1716 ὓπερμαχῶν,
580 1676 616 1708 εἰς
651 1674 696 1704 τὸν
731 1674 830 1704 ἐκείνου

44 1718 115 1748 τόπον
135 1719 212 1757 στὰς,
235 1722 270 1750 τὰ
287 1720 389 1750 ἐκείνου
408 1720 550 1761 τραύματα
567 1719 643 1753 αὐτὸς
660 1719 827 1759 ἀναδέχοιτο.

43 1763 89 1793 Διὰ
104 1767 179 1795 τοῦτο
194 1765 247 1805 γὰρ
269 1765 315 1794 καὶ
329 1765 500 1806 ὓστερήματα
520 1760 591 1794 εἶπεν
602 1787 609 1801 ,
626 1763 670 1794 ἵνα
686 1763 774 1802 δείξῃ,
789 1763 831 1794 ὅτι

42 1807 95 1837 οῦδὲ
117 1809 146 1839 τὸ
172 1815 226 1839 πᾶν
253 1813 362 1850 ἡγεῖται
379 1809 483 1839 οὐδέπω
505 1808 673 1840 πεπονθέναι.
698 1810 831 1839 Τοσοῦτον

44 1853 128 1894 ἀγαπᾷ
153 1856 224 1894 ἡμᾶς
249 1854 276 1891 ⁴,
303 1854 372 1884 ὥστε
394 1854 430 1894 μὴ
457 1854 606 1893 ἀρκούντων
629 1855 682 1883 τῶν
706 1853 798 1894 πρώην
819 1854 831 1872 ⁵

43 1899 142 1934 παθῶν,
166 1900 211 1928 καὶ
240 1899 309 1938 μετὰ
331 1899 441 1928 θάνατον
463 1899 579 1939 πάσχειν
605 1900 631 1928 ἐν
654 1899 691 1938 τῷ
711 1899 767 1938 ἐμῷ
782 1898 832 1927 σώ-

43 1953 113 1980 ματι·
139 1945 167 1973 οὗ
191 1944 244 1984 γὰρ
271 1944 388 1983 ἠρκέσθη
414 1945 452 1983 τῷ
478 1943 603 1984 θανάτῳ,
629 1942 698 1972 ἀλλὰ
723 1943 768 1972 καὶ
793 1942 832 1972 ἔτι

44 1988 119 2026 μυρία
154 1993 237 2020 ποιεῖ.
271 1990 333 2028 Οὐχ
358 1989 449 2018 ἑαυτὸν
474 1983 518 2018 οὖν
545 1988 660 2028 ἐπαίρων
689 1989 702 2017 6
729 1989 834 2021 Παῦλος

43 2033 120 2062 ταῦτά
143 2045 245 2072 φησιν,
276 2034 346 2063 ἀλλὰ
363 2033 406 2062 τὸν
431 2032 547 2073 Χριστὸν
571 2031 654 2067 δεῖξαι
677 2032 834 2072 βουλόμενος

44 2077 78 2105 ἔτι
101 2077 144 2107 καὶ
161 2082 207 2108 ν’ὖν
222 2078 287 2119 ὑπὲρ
299 2079 386 2108 αὐτῶν
397 2078 577 2118 φροντίζοντα.

85 2133 99 2151 a
123 2122 210 2164 Ὑπὲρ
225 2126 270 2153 τοῦ
295 2123 418 2164 σώματος
434 2124 530 2159 αὐτοῦ,
545 2122 560 2152 8
585 2124 655 2153 ἔστιν
675 2124 692 2158 ἡ
715 2121 834 2158 Ἐκκλη-

871 283 978 312 aiﬁcitis
999 287 1027 312 et
1042 291 1100 317 vos,
1118 288 1146 312 et
1172 291 1267 312 omnes
1290 283 1358 312 alios
1380 283 1515 317 homines.
1539 285 1562 312 si
1589 283 1666 312 aliter

872 328 987 357 creditis.

907 374 992 409 Cujus
1006 374 1096 407 luctus
1110 381 1170 401 sum
1181 381 1227 409 ego
1241 374 1340 401 Paulus
1360 375 1491 403 minister.
1509 375 1597 410 Atque
1612 373 1664 402 hoc

872 418 906 446 ad
920 418 1110 446 auctoritatem
1122 418 1259 454 Evangelii
1278 417 1354 450 facit,
1371 418 1487 446 Paulum
1502 419 1590 454 ipsum
1606 427 1665 447 esse

873 471 1036 499 praeconem.
1052 464 1151 499 Ingens
1173 462 1247 490 enim
1270 462 1328 498 ejus
1353 470 1455 490 nomen
1479 468 1550 497 erat;
1571 468 1666 500 utpote

873 507 919 544 qui
935 507 1006 544 apud
1030 515 1126 535 omnes
1152 507 1313 535 decantatus
1334 511 1401 541 erat,
1418 511 1498 543 atque
1506 507 1562 542 jam
1579 512 1666 536 terra-

872 561 933 580 rum
951 553 1046 581 orbem
1059 556 1247 588 occupaverat.
1263 552 1421 580 Ministrum
1436 557 1528 580 autem
1545 553 1667 588 seipsum

872 598 975 631 dicens,
988 598 1075 634 magis
1087 605 1135 625 eos
1158 602 1187 625 ut
1207 597 1321 625 credant
1340 597 1490 634 compellit.
1515 599 1578 626 Non
1592 599 1668 626 enim

874 651 944 677 mea,
956 643 1051 678 inquit,
1067 643 1140 677 dico,
1157 643 1203 671 sed
1217 642 1261 671 alii
1285 642 1422 678 ministro,
1441 645 1501 671 Deo
1520 643 1646 672 videlicet
1662 653 1668 672 :

874 687 962 723 itaque
978 687 1015 715 illi
1026 687 1150 716 credetis.

912 734 1000 760 Vsus.
1016 735 1062 761 24.
1084 735 1161 762 Nune
1181 733 1283 767 gaudeo
1298 734 1327 761 in
1348 734 1521 770 passionibus
1534 736 1599 762 meis
1619 742 1671 769 pro

873 778 957 805 vobis.
971 777 1086 806 Videtur
1105 778 1216 814 quidem
1239 778 1291 806 hoc
1317 786 1377 807 esse
1392 779 1603 815 inconsequens;
1627 783 1671 808 est

873 827 966 850 autem
988 830 1158 858 consequens
1181 823 1265 851 valde.
1288 825 1439 860 Postquam
1465 824 1537 852 enim
1565 824 1670 852 dixerat

836 871 860 902 Β
877 875 935 896 sese
952 867 1057 896 factum
1074 868 1214 904 Evangelii
1230 868 1400 903 ministrum,
1426 876 1441 896 ει
1457 877 1512 905 quo
1533 877 1590 897 non
1613 869 1670 897 vult

876 920 922 940 eos
939 912 1072 946 excidere,
1097 917 1235 941 monstrat
1261 913 1313 941 hoc
1333 913 1403 942 adeo
1418 921 1477 942 esse
1502 922 1611 948 verum,
1639 918 1670 942 ut

878 965 927 994 pro
942 956 995 986 hoc
1017 958 1103 986 etiam
1125 958 1214 994 patiar
1239 968 1244 986 :
1267 966 1319 986 nec
1339 959 1430 986 solum
1445 959 1549 995 patior,
1570 959 1671 996 inquit,

877 1010 974 1030 verum
989 1002 1067 1030 lictor
1081 1003 1163 1031 etiam
1175 1003 1203 1030 in
1214 1001 1417 1032 afﬂictionibus.
1433 1003 1607 1032 Afﬂictiones
1621 1012 1671 1032 au-

878 1051 936 1076 tam
952 1047 995 1075 ha:
1005 1055 1073 1076 mea:
1087 1055 1136 1084 pro
1150 1048 1226 1076 vobis
1241 1052 1316 1081 sunt,
1332 1053 1362 1076 ut
1377 1057 1425 1076 vos
1450 1049 1548 1085 juvare
1563 1057 1672 1085 queam.

912 1094 948 1121 Et
957 1093 1091 1129 adimpleo
1107 1101 1137 1120 ea
1158 1101 1217 1128 qtue
1235 1093 1334 1122 desunt
1343 1095 1502 1130 passionum
1523 1095 1625 1123 Christi
1642 1096 1673 1122 in

879 1146 957 1166 carne
976 1146 1046 1165 mea.
1069 1137 1182 1166 Videtur
1208 1139 1384 1167 ostentatoris
1409 1144 1491 1175 atque
1518 1140 1674 1176 arrogantis

880 1182 924 1211 hic
946 1191 1037 1211 sermo
1052 1191 1111 1211 esse
1131 1193 1136 1211 :
1164 1183 1240 1219 atqui
1264 1191 1319 1212 non
1342 1188 1399 1218 est;
1424 1185 1567 1213 enimvero
1587 1185 1675 1213 multa

880 1227 996 1256 refertus
1011 1232 1052 1256 est
1066 1236 1131 1264 erga
1147 1228 1287 1256 Christum
1304 1228 1461 1257 dilectione.
1477 1231 1547 1257 Nam
1563 1230 1602 1258 eis
1618 1230 1675 1258 vult

881 1272 1054 1308 persuadere,
1074 1272 1149 1309 quod
1172 1273 1297 1312 Chrjstus
1319 1274 1402 1302 etiam
1420 1283 1469 1310 pro
1483 1274 1516 1303 iis
1530 1274 1611 1302 hodie
1627 1283 1675 1311 pa-

880 1318 974 1352 tiatur,
991 1321 1018 1346 et
1030 1318 1105 1354 quod
1119 1326 1167 1354 per
1185 1326 1236 1347 nos
1250 1319 1389 1354 apostolos
1408 1327 1464 1347 non
1475 1319 1539 1347 estis
1554 1320 1675 1354 adducti,

881 1363 930 1391 sed
945 1370 992 1398 per
1006 1363 1095 1396 illum,
1113 1363 1218 1391 etiamsi
1236 1371 1290 1391 nou
1305 1364 1355 1391 ista
1375 1363 1519 1392 faciamus.
1535 1364 1607 1399 Quid
1623 1365 1677 1401 igi-

882 1411 928 1435 tur
940 1407 1028 1436 facitis
1041 1407 1196 1436 resilientes
1210 1408 1244 1436 ab
1258 1416 1302 1442 eo,
1317 1409 1363 1445 qui
1384 1408 1467 1436 etiam
1482 1414 1545 1444 post
1559 1413 1676 1438 mortem

884 1460 932 1488 pro
947 1452 1024 1480 vobis
1044 1453 1164 1488 pericula
1187 1453 1303 1481 subeat?
1327 1454 1406 1489 Quod
1421 1461 1485 1482 vero
1501 1454 1550 1488 ait,
1572 1458 1613 1482 est
1629 1454 1679 1482 hu-

844 1490 868 1524 C
879 1497 999 1532 jusmodi
1017 1508 1023 1525 :
1038 1497 1066 1525 Si
1077 1497 1167 1526 adhuc
1187 1498 1299 1526 deberet
1314 1498 1368 1534 pati
1379 1506 1429 1534 pro
1450 1498 1528 1526 nobis
1543 1499 1678 1532 Christus,

883 1542 995 1570 abiisset
1016 1546 1120 1576 autem,
1144 1550 1195 1570 nec
1218 1542 1380 1571 reddidisset
1403 1543 1539 1576 debitum,
1562 1551 1612 1580 ego
1627 1544 1678 1571 hoc

884 1587 991 1615 reddo:
1011 1587 1247 1623 quemadmodum
1262 1588 1284 1615 si
1307 1587 1379 1616 duce
1398 1588 1534 1616 exercitus
1554 1588 1678 1622 abeunte,

883 1632 1084 1668 subimperator
1097 1640 1145 1668 pro
1170 1632 1301 1669 phalange
1321 1632 1463 1667 dimicans,
1491 1633 1562 1660 illius
1588 1633 1679 1661 locum

885 1678 1064 1711 constitutus,
1088 1677 1203 1705 vulnera
1229 1677 1311 1713 ipsius
1330 1678 1457 1714 recipiat.
1487 1679 1635 1713 Propterea
1655 1682 1682 1706 et

885 1721 1052 1757 ὑστερήματα,
1079 1722 1131 1750 hoc
1153 1726 1194 1750 est
1221 1722 1354 1755 defectus,
1379 1723 1458 1754 dixit,
1488 1727 1518 1750 ut
1544 1723 1681 1756 ostendat,

886 1766 961 1802 quod
989 1767 1129 1794 existimet
1151 1774 1180 1794 se
1207 1767 1333 1795 nondum
1356 1768 1449 1795 omnia
1474 1775 1585 1803 passum
1612 1775 1681 1795 esse.

888 1811 973 1845 Adeo,
987 1811 1085 1847 inquit,
1102 1810 1191 1846 diligit
1205 1819 1263 1844 vos,
1279 1815 1309 1839 ut
1324 1815 1456 1847 tanquam
1471 1820 1526 1839 non
1545 1812 1683 1840 sufﬁciant

887 1856 991 1892 priores
1005 1855 1142 1892 passiones
1156 1860 1184 1883 et
1195 1855 1370 1889 afﬂictiones,
1386 1861 1448 1892 post
1461 1860 1582 1884 mortem
1598 1857 1681 1884 etiam

887 1900 1005 1936 patiatur
1018 1901 1047 1928 in
1061 1908 1125 1928 meo
1140 1908 1255 1936 corpore
1271 1909 1278 1927 :
1299 1900 1425 1929 nondum
1444 1901 1517 1929 enim
1536 1905 1683 1929 contentus

887 1949 927 1973 est
948 1949 1048 1979 morte.
1073 1945 1121 1973 sed
1137 1945 1226 1974 adhuc
1247 1946 1394 1974 innumera
1413 1945 1489 1974 facit.
1516 1947 1577 1974 Non
1598 1946 1684 1982 igitur

886 1990 1007 2026 seipsnm
1019 1990 1158 2025 attollens,
1189 1991 1288 2018 Paulus
1302 1991 1361 2019 haec
1375 1991 1450 2025 dicit,
1464 1991 1512 2019 sed
1528 1996 1684 2019 monstrare

888 2035 982 2063 volens
1006 2035 1080 2071 quod
1104 2035 1229 2063 Christus
1254 2036 1406 2064 etiamnum
1430 2044 1479 2072 pro
1507 2036 1572 2072 ipsis
1589 2044 1685 2064 curam

889 2084 975 2116 gerat.

925 2127 979 2153 Pro
993 2134 1100 2161 corpore
1119 2126 1217 2161 ipsius,
1237 2127 1310 2162 quod
1328 2129 1368 2154 est
1380 2127 1505 2155 Ecclesia.
1520 2126 1590 2162 Quia
1612 2127 1687 2156 dixe-

44 2166 96 2209 σία.
109 2179 124 2196 ι)
145 2167 259 2204 Ἐπειδὴ
285 2163 374 2203 εἶπεν,
391 2167 430 2197 ὅτι
447 2169 480 2198 Εἰ
496 2167 523 2196 δὲ
539 2167 551 2184 ⁶
568 2167 620 2206 ἐγὼ
636 2167 749 2207 πάσχω,
775 2168 834 2196 ἀλλ’

914 2174 940 2204 lt,
961 2171 1075 2198 Etiamsi
1091 2179 1141 2206 ego
1160 2171 1257 2206 patior,
1283 2171 1382 2199 Christi
1401 2176 1496 2200 tamen
1527 2175 1593 2199 sunt
1611 2172 1687 2200 affli-

44 2206 85 2240 οῦν
111 2216 156 2243 τοῦ
177 2214 296 2253 Χριστοῦ
312 2213 362 2242 εἶσι
384 2212 417 2242 τὰ
434 2212 595 2251 παθήματα,
622 2212 772 2246 ἀξιόπιστον
790 2211 836 2240 τὸν

44 2255 115 2294 λόγον
131 2261 220 2293 ποιεῖ,
237 2257 283 2287 καί
298 2269 390 2298 φησιν,
409 2258 449 2286 ὅτι
471 2256 538 2297 ὑπὲρ
558 2259 603 2286 τοῦ
621 2256 744 2298 σώματος
757 2257 836 2286 αὐτοῦ

45 2300 187 2331 καὶταῦτα
211 2303 341 2341 γίνονται.
360 2302 407 2338 Μὴ
433 2301 517 2331 τοίνυν
535 2300 674 2341 κομπηρον
701 2296 767 2331 εἶναι
793 2313 835 2330 νο-

45 2344 137 2382 μίσητε
151 2347 195 2376 τὸν
211 2347 301 2386 λόγον,
318 2347 386 2376 ἀλλὰ
403 2346 446 2376 τὸν
462 2349 498 2384 μὴ
515 2346 706 2380 ἀπαξιώσαντα
723 2345 837 2386 συνάψαι

45 2390 127 2431 ἑαυτῷ
155 2391 204 2427 τὴν
232 2391 412 2429 Ἐκκλησίαν,
436 2391 597 2421 πιστεύσατε
628 2391 674 2421 καὶ
700 2393 744 2420 νῦν
772 2391 838 2431 ὓπὲρ

47 2435 124 2471 αὐτῆς
142 2436 181 2465 ἔτι
197 2436 311 2477 πάσχειν
326 2438 353 2466 ἐν
373 2439 405 2476 τῇ
423 2437 475 2477 ἐμῇ
497 2435 587 2475 σαρκί.
606 2437 639 2466 Εἰ
655 2435 682 2465 δὲ
701 2438 779 2474 σῶμα
793 2438 838 2466 τοῦ

47 2479 160 2520 Χριστοῦ
194 2484 211 2518 ἡ
235 2481 402 2519 Ἐκκλησία,
429 2483 475 2510 καὶ
500 2481 604 2517 ἥνωται
634 2482 707 2522 αὖτῷ
736 2480 839 2521 κεφαλὴ

47 2523 114 2561 ὄντι,
138 2528 196 2560 πῶς
222 2527 296 2564 ὑμεῖς
329 2525 482 2566 ἐπεισάγετε
509 2526 552 2555 διὰ
582 2524 664 2565 μέσου
693 2525 840 2565 ἀγγέλους,

49 2569 90 2598 καὶ
105 2570 260 2609 διατέμνετε
279 2570 326 2607 τὴν
345 2571 472 2608 ἑνότητα;

92 2609 168 2649 (ι’Ἧς
180 2616 306 2656 ἐγενόμην
320 2615 378 2654 ἐγὼ
388 2615 516 2650 διάκονος.
531 2626 546 2644 ι)
561 2614 698 2645 Δείκνυσιν
714 2616 753 2645 ὅτι
770 2615 843 2645 οὐδὲν

890 2215 1006 2249 ctiones,
1031 2215 1116 2243 ﬁdem
1137 2215 1201 2243 huic
1215 2216 1336 2243 sermoni
1372 2215 1446 2251 facit,
1472 2216 1613 2252 inquiens,
1633 2218 1687 2246 Pro

890 2267 1004 2296 corpore
1018 2260 1077 2296 ejus
1091 2260 1149 2288 hzec
1165 2259 1241 2288 ﬁunt.
1258 2260 1348 2289 Nolite
1358 2261 1445 2297 igitur
1468 2266 1565 2297 putare
1577 2261 1688 2290 fastuo-

890 2312 951 2333 sum
966 2312 1024 2332 esse
1040 2312 1210 2338 sermonem,
1226 2313 1320 2333 verum
1332 2313 1405 2339 eum,
1422 2305 1469 2341 qui
1483 2313 1540 2333 non
1558 2305 1689 2342 dedigna-

891 2353 936 2377 tus
951 2354 992 2377 est
1017 2348 1067 2377 sibi
1083 2349 1210 2385 copulare
1227 2349 1388 2384 Ecclesium,
1413 2349 1515 2378 credite
1538 2350 1690 2378 etiamnum

892 2402 942 2430 pro
957 2394 1015 2430 ipsa
1029 2394 1083 2430 pati
1098 2394 1127 2422 iu
1138 2402 1220 2422 carne
1236 2402 1307 2422 mea.
1320 2394 1349 2422 Si
1364 2394 1448 2430 igitur
1468 2403 1573 2430 corpus
1591 2394 1693 2424 Christi

893 2439 1014 2467 Ecclesia
1035 2443 1086 2473 est,
1117 2439 1196 2475 eique
1214 2439 1362 2476 conjuncta
1387 2443 1439 2474 est,
1463 2440 1510 2476 qui
1539 2445 1622 2476 caput
1641 2445 1692 2474 est,

895 2484 1034 2520 quomodo
1048 2492 1096 2512 vos
1114 2484 1223 2521 angelos
1239 2484 1266 2512 in
1282 2484 1406 2513 medium
1420 2485 1560 2521 profertis,
1572 2485 1693 2514 disseca-

897 2529 987 2566 tisque
1002 2529 1154 2557 unitatem?

899 2617 985 2656 476
1006 2621 1094 2649 Vnus.
1121 2623 1165 2648 25.
1189 2621 1270 2656 Cujus
1295 2622 1386 2655 factus
1408 2628 1465 2649 sum
1490 2627 1536 2655 ego
1558 2620 1694 2648 minister.

763 2710 859 2740 Variae
882 2709 1032 2740 lectiones.

87 2794 109 2816 ’5
144 2797 318 2831 πιστεύσαντας
344 2808 368 2827 o.
405 2799 428 2816 ’9
455 2800 526 2827 τελεῖ
558 2808 584 2827 o.

87 2838 97 2854 ‘
108 2837 172 2874 ὒμᾶς
189 2847 216 2868 0.
253 2841 263 2857 ³
278 2841 380 2876 πρώτων
394 2848 421 2869 o.
459 2841 470 2858 ⁸
482 2840 504 2867 εἰ
517 2841 558 2867 καὶ
568 2849 595 2870 ο.

638 2798 646 2817 ί
676 2800 801 2836 στίγματα
832 2802 874 2827 τοῦ
899 2800 1005 2836 Χριστοῦ
1037 2808 1063 2828 0.

1103 2801 1126 2836 Ἀ
1141 2802 1217 2827 ταῦτα
1249 2803 1356 2837 ποιῶμεν
1386 2808 1412 2828 ο.
1489 2799 1643 2832 ἀπελθόντος
1673 2807 1700 2826 0'.
