1890 3077
48 192 126 219 1209

524 192 701 221 EXPOSITIO
720 193 753 221 IN
772 192 878 220 EPIST.
899 192 944 219 AD
963 192 1100 221 COLOSS.
1119 208 1155 215 -—
1174 194 1247 222 CAP.
1269 196 1291 222 1.

1648 196 1718 223 1210

43 254 199 292 λαμϐάνει
216 256 243 286 δὲ
265 256 357 290 αὖτοὺς
372 256 397 274 ⁸⁸
420 254 464 286 διὰ
486 256 589 286 τούτου.
609 256 664 286 Καὶ
692 255 725 286 τὰ
746 255 861 294 ὀνόματα
878 258 902 289 Α

947 264 980 284 ne
990 260 1083 284 autem
1095 261 1266 293 pmoccnpat
1275 264 1335 286 eos.
1344 257 1500 292 Quinetiam
1513 258 1626 286 nomina
1647 258 1715 290 haec,

46 299 76 327 δὲ
93 302 211 338 ταῦτα,
227 301 257 330 τὸ
270 324 277 337 ,
298 301 432 341 Χριστὸς,
457 301 503 330 καὶ
517 302 547 331 τὸ
560 325 568 338 ,
584 301 700 338 Ἰησοῦς,
725 302 771 336 τῆς
790 301 863 340 εὐερ-

47 343 150 382 γεσίας
164 345 306 384 σύμϐολα.
325 346 410 379 Αὐτός
422 358 450 375 τε
466 346 516 386 γὰρ
530 346 638 386 ἐχρίσθη
650 346 675 365 ⁸⁷
692 346 758 386 ὑπὲρ
773 347 862 384 ἡμῶν,

47 388 96 417 καὶ
117 390 208 423 αὐτὸς
224 391 306 420 ἔσωσε
321 391 365 420 τὸν
377 390 439 420 λαὸν
451 391 502 420 ἀπὸ
516 393 568 420 τῶν
584 392 733 431 ἁμαρτιῶν.

95 444 111 461 (ι
131 434 194 463 Καὶ
213 435 260 471 τὴν
284 435 404 475 ἀγάπην,
419 435 466 471 τὴν
487 437 523 469 εἰς
539 436 639 470 πάντας
654 436 714 469 τοὺς
727 434 825 474 ἁγίους.
843 446 858 464 ι)

47 479 111 507 Οὐχ
127 479 167 512 εἰς
184 479 262 509 τόνδε
281 479 298 515 ἢ
320 480 409 515 τόνδε,
437 481 494 509 ἀλλ’
512 482 548 514 εἰς
565 481 676 513 πάντας.
700 481 804 510 Οὐκοῦν
817 479 862 509 καὶ

47 526 136 559 ἡμᾶς.
153 523 251 554 Ὠστε
280 526 326 554 καὶ
353 524 498 554 ἀκούσεσθε
524 526 601 563 ἡμῶν
626 525 718 560 ἡδέως.
741 526 862 554 Οἷκειου-

49 567 136 605 μένου
153 568 184 598 δὲ
207 569 301 602 αὐτοὺς
315 572 399 598 ταῦτα
414 569 446 598 τὰ
465 570 584 610 ῥήματα.
600 570 680 599 Δοκεῖ
691 569 720 598 δέ
735 581 779 608 μοι
795 570 863 607 ἀγοί-

49 625 106 647 πην
130 614 186 648 τὴν
204 614 386 653 ἐλεημοσύνην
413 614 458 643 καὶ
487 615 517 644 τὸ
540 615 690 644 κοινωνικὸν
714 615 863 654 λέγειν,ὡς

49 657 97 686 καὶ
113 658 257 698 ἀλλαχοῦ.

91 715 103 727 ε
124 702 182 731 Διὰ
211 704 258 739 τὴν
290 704 382 733 ἐλπίδα
407 703 455 739 τὴν
483 705 661 742 ἀποκειμένην
685 706 747 743 ὓμῖν
769 704 794 732 ἐν
810 707 863 736 τοῖς

50 747 189 786 οὐρανοῖς.
208 761 220 773 ιι
248 748 398 786 ’Λγαπᾶτε,
416 749 478 789 φησι
490 771 498 785 ,
515 748 574 782 τοὺς
598 750 708 787 ἁγίους,
723 749 753 778 οὗ
775 748 818 777 διά
837 759 862 776 τι

51 791 244 831 ἀνθρώπινον,
273 794 341 823 ἀλλὰ
366 793 408 822 διὰ
428 794 458 822 τὸ
475 795 589 827 ἐλπίζειν
604 794 637 823 τὰ
654 794 783 831 μέλλοντα
796 794 862 830 ἀγα-

51 835 102 864 θά·
130 835 149 871 ἢ
161 859 169 872 ,
198 837 242 866 ὅτι
269 839 486 877 Εὗχαριστοῦμεν
498 861 505 873 ,
523 838 588 867 διότι
613 838 723 876 μέλλετε
738 839 864 877 κληρονο-

918 301 1056 334 Christus,
1070 306 1108 335 et,
1121 302 1210 335 Jesus,
1225 302 1408 330 beneﬁcentiae
1421 306 1485 330 sunt
1504 303 1638 339 symbola.
1655 305 1715 338 Ipse

918 347 994 375 enim
1007 350 1106 375 unctus
1115 351 1156 375 est
1166 355 1215 382 pro
1229 347 1320 382 nobis,
1335 351 1363 375 ct
1376 347 1434 383 ipse
1449 348 1566 376 servavit
1579 347 1713 384 populum

918 401 933 421 a
950 393 1078 429 peccatis.

956 439 989 466 Et
996 438 1169 466 dilectionem
1180 446 1263 473 quam
1278 438 1380 465 habetis
1389 439 1418 465 in
1427 440 1532 466 sanctos
1541 446 1638 466 omnes.
1653 439 1715 466 Non

918 489 981 518 erga
998 482 1070 510 hunc
1093 483 1134 511 vel
1150 483 1236 517 illum,
1264 481 1311 510 sed
1333 490 1397 518 erga
1412 490 1519 510 omnes.
1542 483 1614 518 Ergo
1637 486 1665 510 et
1685 483 1711 510 in

918 535 968 555 nos
982 535 1065 563 quare
1079 527 1193 556 audietis
1215 535 1265 556 nos
1280 527 1407 555 libenter.
1432 527 1607 555 Conciliantis
1620 531 1712 554 autem

918 579 965 600 eos
984 572 1042 600 hinc
1066 573 1147 600 verba
1163 577 1237 600 sunt.
1254 572 1369 600 Videtur
1382 576 1474 600 autem
1489 571 1558 599 mihi
1580 580 1628 608 per
1646 571 1711 599 dile-

918 617 1036 645 ctionem
1049 617 1250 654 eleemosynam
1266 621 1294 645 et
1312 617 1593 646 communicationem
1611 616 1712 650 dicere,

919 662 1031 698 perinde
1044 670 1075 690 ac
1090 662 1116 690 in
1131 662 1189 690 aliis
1203 662 1277 690 locis.

954 708 1039 735 Vens.
1061 710 1086 734 5.
1103 708 1216 742 Propter
1230 716 1301 742 spem
1316 716 1375 742 quae
1401 709 1519 742 reposita
1542 709 1580 734 est
1594 706 1667 734 vobis
1687 707 1715 733 in

918 753 997 779 calis.
1023 752 1151 787 Diligitis,
1175 752 1269 788 inquit,
1290 756 1410 785 sanctos,
1434 760 1490 779 non
1505 751 1540 779 ob
1560 751 1713 779 humanum

917 795 1030 831 aliquid,
1050 796 1097 824 sed
1120 797 1183 832 quia
1199 796 1289 824 futura
1305 797 1375 824 bona
1390 797 1506 832 speratis
1523 806 1529 823 :
1546 796 1597 830 vel,
1613 795 1715 831 gratias

917 841 1033 876 agimus,
1053 841 1117 877 quia
1131 841 1342 876 incorruptibilis
1355 841 1426 869 bona
1442 841 1617 869 consecuturi
1639 839 1711 868 estis.

53 880 155 917 μήσειν
177 881 206 899 ⁸⁸
235 883 288 910 τῶν
319 882 468 922 ἀφθάρτων,
499 884 539 912 Οὐ
563 882 614 923 γὰρ
637 885 662 913 ἐν
677 885 710 922 τῇ
739 885 772 922 γῇ
797 882 861 911 ἀπό·
878 896 901 926 Β

947 894 979 913 on
992 886 1065 913 enim
1081 886 1109 914 in
1125 890 1197 914 terra
1211 890 1274 913 sunt
1297 886 1424 922 reposita,
1440 890 1470 913 ut
1492 889 1714 920 corrumpantur.

52 936 158 954 κεινται
170 948 180 963 ,
203 925 248 954 ἵνα
262 929 395 966 φθαρῶσιν
407 950 414 963 ,
441 929 500 956 ἀλλ’
517 929 542 956 ἐν
558 932 609 961 τοῖς
633 929 765 968 οὐρανοῖς⁵
791 926 859 956 ὥστε

52 970 81 998 τὸ
113 970 231 1008 βέϐαιον
260 971 360 1010 ἔχουσι.
387 971 433 1008 Μὴ
456 968 500 1002 οὖν
526 972 707 1013 ἀμφιϐάλλετι
733 972 794 1012 περὶ
816 974 862 1007 τῆς

52 1015 167 1048 ἐλπίδος·
193 1017 223 1045 ἐν
254 1017 366 1056 ἄσφαλεί
389 1017 441 1056 γὰρ
462 1017 613 1048 ἀπόκειται.
635 1019 720 1047 Τοῦτο
747 1017 774 1046 δὲ
797 1017 862 1056 πρὸς

53 1059 113 1092 τοὺς
146 1061 372 1099 πειραζομένους,
398 1061 467 1090 ὥστε
495 1062 531 1100 μὴ
562 1063 675 1091 ἐνταῦθα
700 1064 786 1097 ζητεῖν
812 1061 860 1096 τὴν

54 1104 162 1141 ἄνεσιν,
195 1105 266 1143 μηδὲ
301 1106 422 1135 ἐκκακεῐν
447 1107 511 1146 πρὸς
539 1105 598 1139 τοὺς
624 1106 803 1146 πειρασμοὺς,
825 1107 860 1139 ὡς

56 1150 180 1189 μεγάλην
198 1150 310 1190 ἔχοντας
321 1150 368 1185 τὴν
385 1151 564 1190 ἀντιμισθίαν.

99 1207 110 1220 α
141 1193 202 1225 ⁶Ην
228 1195 411 1234 προηκούσατε
440 1197 466 1226 ἐν
501 1198 539 1237 τῷ
564 1196 635 1236 λόγῳ
662 1198 708 1232 τῆς
737 1195 860 1231 ἀληθείας

58 1241 101 1267 τοῦ
115 1240 300 1278 Εὐαγγελίου.
317 1252 333 1268 ιο
353 1241 411 1271 Οὐκ
424 1237 490 1277 εἷπε,
503 1242 558 1271 Τοῦ
574 1241 757 1280 κηρύγματος,
773 1240 858 1277 ἀλλὰ,

59 1297 69 1307 ιι
86 1284 142 1313 Τοῦ
165 1285 349 1323 Εὖαγγελίου,
364 1300 375 1310 ν
392 1285 435 1314 ἵνα
448 1286 589 1325 ἀναμνήσῃ
610 1286 704 1318 αὐτοὺς
718 1287 770 1314 τῶν
782 1286 860 1325 εὔερ-

61 1331 155 1365 γεσιῶν
172 1332 222 1358 τοῦ
239 1331 310 1359 Θεοῦ
323 1342 329 1348 ’
347 1330 390 1359 ἐπὶ
416 1330 467 1370 γὰρ
483 1335 536 1364 τοῖς
552 1333 657 1369 ἀγαθοῖς
682 1330 711 1359 τὸ
738 1330 860 1369 Εὐαγγέ-

61 1373 125 1402 λιον.
157 1375 190 1404 Εἰ
217 1374 245 1402 δὲ
274 1374 348 1420 λόγος
375 1375 499 1410 ἀληθείας
521 1375 610 1415 ἐστὶν,
633 1375 707 1405 οὐδὲν
721 1376 814 1416 ψεῦδος
834 1377 860 1405 ἐν

63 1418 146 1456 uitii}.
177 1419 244 1452 Πῶς
265 1418 309 1447 οὖν
329 1420 402 1457 ὑμεῖς
431 1420 514 1460 ψευδῆ
532 1420 609 1449 αὐτὸν
629 1424 739 1458 ποιεῖτε,
759 1419 796 1458 μὴ
812 1432 858 1448 πι-

915 930 962 958 sed
981 931 1009 958 in
1024 931 1112 963 cmlis,
1126 935 1155 959 ut
1170 931 1347 958 stabilitatem
1364 931 1488 958 habeant.
1508 932 1549 958 Ne
1568 930 1648 965 igitur
1660 937 1715 957 am-

917 974 1015 1010 bigatis
1028 975 1061 1003 de
1072 983 1118 1011 spe
1139 984 1146 1002 :
1168 976 1195 1002 iu
1206 979 1266 1002 tuto
1285 975 1358 1003 enim
1375 975 1494 1010 reposita
1514 978 1564 1002 est.
1589 974 1650 1001 Hoc
1668 982 1715 1000 au-

917 1023 972 1046 tem
988 1020 1104 1055 pertinet
1125 1019 1159 1047 ad
1172 1027 1218 1048 eos
1239 1019 1286 1056 qui
1303 1024 1451 1053 tentantur,
1478 1027 1513 1047 ne
1532 1019 1578 1047 hic
1593 1018 1714 1054 quietem

916 1068 1085 1099 exspectent,
1102 1072 1189 1100 neque
1213 1064 1411 1092 tentationibus
1435 1063 1626 1097 succumbant,
1649 1062 1712 1098 quia

916 1116 1048 1145 magnam
1067 1109 1275 1138 retributionem
1291 1108 1399 1137 habent.

952 1201 1036 1234 Quam
1047 1201 1125 1235 prius
1139 1201 1284 1227 audivistis
1295 1201 1323 1228 in
1336 1201 1416 1227 ιρι-ὑί)
1429 1201 1553 1227 veritatis
1562 1201 1710 1235 Evangelii.

916 1247 976 1273 Non
991 1245 1069 1278 dixit,
1090 1245 1311 1278 Precdicatiouis,
1338 1245 1385 1273 sed
1408 1246 1560 1279 Evangelii,
1586 1249 1616 1272 ut
1637 1253 1713 1272 com-

917 1288 1080 1317 monefaciat
1101 1297 1148 1317 eos
1171 1289 1369 1317 beneﬁciorum
1394 1290 1444 1317 Dei
1469 1298 1477 1317 :
1503 1294 1615 1325 propter
1640 1290 1713 1317 bona

916 1335 989 1362 cnim
1002 1335 1180 1370 Evangelinm
1190 1339 1240 1362 est.
1250 1336 1277 1362 Si
1291 1339 1381 1362 autem
1394 1335 1510 1362 verbum
1525 1334 1647 1362 veritatis
1661 1339 1713 1368 est,

916 1379 1021 1407 nullum
1037 1379 1211 1407 mendacium
1222 1384 1264 1407 est
1277 1379 1303 1406 in
1318 1379 1386 1414 ipso.
1403 1379 1550 1413 Quomodo
1570 1379 1650 1415 igitur
1667 1388 1714 1407 vos

917 1423 1131 1460 meudaxipsum
1142 1423 1237 1457 facitis,
1250 1432 1305 1451 non
1317 1424 1472 1459 credentes,
1481 1423 1714 1460 quemadmodum

63 1462 208 1501 στεύοντες,
235 1465 270 1496 ὡς
288 1465 497 1504 προεδιδάχθητε
513 1466 577 1505 παρ’
592 1465 682 1501 αὐτοῦ,
700 1464 739 1493 ὅτι
760 1465 802 1493 διὰ
816 1467 860 1494 τοῦ
876 1467 900 1501 C

947 1477 971 1496 m
984 1473 1062 1496 antea
1077 1468 1194 1496 instituti
1211 1469 1275 1496 estis
1290 1469 1323 1496 ab
1338 1469 1408 1505 ipso,
1424 1468 1499 1505 quod
1511 1477 1559 1505 per
1572 1469 1713 1497 Christum

64 1507 178 1546 Χριστοῦ
206 1510 226 1544 ἡ
247 1509 381 1548 σωτηρίας
405 1510 453 1543 Τίς
471 1509 497 1538 δὲ
519 1505 552 1545 ἧν
568 1511 582 1539 ὁ
604 1509 719 1550 κηρύξας
739 1510 810 1546 ἐκεῖ,
828 1509 861 1539 Ὁ

65 1550 222 1591 Ἐπαφρᾶς,
238 1555 272 1585 ὡς
285 1555 314 1582 ἐκ
327 1555 378 1582 τῶν
396 1553 454 1588 ἑξῆς
469 1554 601 1594 φαίνεται.

104 1610 115 1621 -
140 1598 199 1626 Τοῦ
226 1597 355 1636 παρόντος
382 1599 417 1631 εἷς
442 1600 526 1636 ὑμᾶς,
552 1598 638 1633 καθὼς
663 1599 708 1628 καὶ
729 1600 756 1628 ἐν
784 1599 862 1628 παντὶ

65 1641 99 1678 τῷ
113 1641 220 1682 κόσμῳ.
239 1656 250 1668 ιι
276 1642 325 1675 Ὡς
340 1642 385 1672 ἐπὶ
412 1643 533 1683 ἐμψύχου
549 1644 618 1677 τινὸς
632 1639 690 1673 εἶπε
705 1643 747 1680 τὸ,
764 1657 775 1669 α
799 1645 862 1673 Πα-

69 1685 159 1722 ρόντος.
177 1701 189 1713 ι
210 1688 253 1716 Οὖ
275 1687 450 1726 παρεγένετο,
475 1689 558 1729 φησὶ,
574 1689 639 1728 πρὸς
654 1690 738 1726 ὑμᾶς,
751 1689 796 1718 καὶ
808 1690 862 1718 ἀπ-

66 1728 125 1766 έστη
136 1753 144 1768 ,
159 1732 231 1761 ἀλλὰ
247 1732 359 1772 πάρεστι
376 1733 419 1761 καὶ
436 1738 527 1772 κρατεῖ
552 1734 578 1762 ἐν
599 1735 674 1772 ὑμῖν.
692 1733 743 1763 Διὰ
763 1734 862 1762 τούτων

67 1774 90 1801 δὲ
115 1776 235 1814 ἱλαρύνιι
261 1777 363 1810 αὐτούς.
389 1777 500 1813 Ἐπειδὴ
527 1778 554 1807 δὲ
579 1780 603 1808 οἱ
636 1778 730 1807 πολλοὶ
757 1779 860 1816 μᾶλλον

67 1819 247 1858 στηρίζονται,
272 1822 334 1850 ὅταν
363 1823 408 1850 καὶ
427 1822 568 1855 κοινωνοὺς
596 1822 677 1862 ἔχωσι
694 1825 745 1851 τῶν
766 1823 862 1862 δογμά-

66 1874 114 1891 των
127 1887 135 1902 ,
152 1865 220 1905 φησί
231 1877 238 1884 ο
257 1877 272 1894 ιι
288 1866 342 1896 Καὶ
358 1867 383 1895 ἐν
399 1867 480 1896 παντὶ
502 1869 539 1907 τῷ
555 1867 658 1908 κόσμῳ.
682 1878 696 1896 n
718 1869 862 1908 ΙΙανταχοῦ

67 1909 113 1948 γάρ
129 1911 198 1946 ἐστι,
215 1913 354 1950 πανταχοῦ
374 1912 479 1946 ἕστηκε.

109 1964 123 1982 (ι
147 1956 201 1984 Καὶ
228 1957 283 1984 ἔστι
319 1958 566 1997 καρποφορούμενον
597 1957 642 1985 καὶ
677 1957 860 1995 αὐξανόμενον.

68 2014 91 2018 —
106 1999 362 2040 Καρποφορούμενον
375 2015 384 2025 α
397 2001 440 2029 διὰ
449 2001 481 2029 τὰ
494 2001 569 2040 ἔργα,
579 2016 588 2025 -
601 2001 786 2040 αὐξανόμενον,
799 2016 810 2026 ι·
819 2002 861 2031 διὰ

68 2042 94 2070 τὸ
108 2045 222 2077 πολλοὺς
239 2048 273 2078 εἰς
287 2046 334 2080 τὴν
352 2046 440 2074 πίστιν
455 2046 708 2084 προσλαμϐάνεσθαι
724 2048 858 2076 ἑκάστοτε.

918 1514 952 1541 sit
965 1514 1059 1542 salus?
1083 1514 1150 1548 Quis
1170 1518 1262 1541 autem
1287 1518 1348 1541 erat
1371 1514 1416 1549 qui
1432 1514 1485 1541 illic
1498 1513 1713 1549 przedicaverat‘?

918 1559 1070 1594 Epaphras,
1089 1558 1200 1594 perinde
1220 1567 1251 1586 ac
1276 1558 1302 1585 in
1319 1558 1497 1594 sequentibus
1513 1558 1622 1594 planum
1638 1558 1675 1586 ﬁt.

953 1605 1043 1631 νεεδ.
1056 1607 1083 1631 6.
1098 1604 1173 1637 Quod
1179 1611 1296 1638 praesens
1306 1604 1426 1638 θεωριιᾶ
1436 1611 1480 1630 vos
1488 1604 1715 1638 quemadmodum

917 1649 946 1675 in
964 1650 1087 1675 universo
1103 1649 1211 1675 minuto.
1227 1650 1368 1684 Tanquam
1389 1648 1424 1676 de
1440 1656 1471 1676 re
1491 1648 1580 1683 aliqua
1595 1648 1714 1676 animata

915 1693 994 1726 dixit,
1011 1693 1086 1726 Quod
1097 1701 1215 1728 prwsens
1231 1697 1278 1720 est.
1295 1694 1355 1721 Non
1375 1693 1487 1721 advenit
1501 1693 1535 1721 ad
1549 1700 1608 1727 vos,
1627 1693 1715 1728 inquit

916 1745 948 1765 ac
966 1737 1066 1765 deiecit
1079 1746 1094 1764 a
1107 1738 1185 1765 vobis
1206 1748 1212 1765 :
1229 1738 1276 1765 sed
1297 1746 1415 1773 praesens
1434 1742 1486 1771 est,
1507 1746 1539 1765 ac
1556 1737 1716 1766 dominatur

928 1782 955 1809 in
964 1782 1049 1809 vobis.
1074 1783 1125 1810 Per
1149 1782 1209 1810 haec
1228 1786 1319 1809 autem
1336 1782 1467 1810 exhilarat
1482 1790 1538 1810 eos.
1557 1782 1627 1816 Quia
1650 1789 1714 1809 vero

917 1827 1037 1862 plerique
1060 1827 1236 1854 stabiliuntur
1258 1827 1356 1862 magis,
1385 1827 1494 1862 quando
1520 1831 1548 1854 et
1571 1827 1714 1862 participes

917 1871 1061 1899 habuerint
1073 1871 1246 1907 dogmatum,
1272 1871 1348 1899 addit
1368 1875 1520 1907 propterea,
1541 1873 1567 1898 et
1590 1873 1617 1898 in
1643 1873 1716 1897 ωηηί

915 1916 1023 1943 mundo.
1040 1916 1151 1951 Ubique
1163 1916 1234 1942 enim
1252 1920 1303 1948 est,
1320 1920 1347 1943 et
1361 1915 1461 1950 ubique
1472 1915 1605 1942 consistit.

951 1962 986 1988 Et
999 1962 1146 1995 fructiﬁcut
1159 1963 1183 1988 et
1196 1961 1296 1987 crescit.
1312 1961 1462 1995 Frm-(i/icnt
1478 1968 1524 1995 per
1539 1968 1640 1995 opera;
1661 1969 1712 1986 cre-

916 2007 1084 2037 scitantem,
1095 2005 1169 2041 quod
1177 2005 1255 2032 mulli
1267 2005 1299 2032 ad
1308 2004 1518 2040 ﬁdcmuudique
1531 2005 1712 2040 recipiantur.

917 2049 1128 2086 Atquifructum
1143 2058 1197 2078 non
1211 2050 1380 2085 protulis5ct,
1390 2049 1441 2076 nisi
1453 2049 1591 2076 ﬁrmatum
1601 2048 1709 2076 fuisset:

69 2087 123 2116 Οὔκ
136 2090 166 2117 ἂν
191 2090 219 2118 δὲ
245 2091 435 2130 ἐκαρποφόρει,
454 2091 475 2119 εἰ
491 2090 528 2128 μὴ
552 2091 715 2129 ἐστήρικται.
732 2092 786 2120 Καὶ
807 2091 858 2131 γὰρ
875 2097 898 2128 D

947 2095 1024 2123 bores
1039 2096 1125 2129 enim,
1141 2095 1251 2131 quando
1262 2095 1448 2123 corroborata:
1461 2094 1572 2129 fuerint,
1584 2098 1641 2122 tum
1653 2094 1713 2131 plu-

69 2130 97 2157 τὰ
123 2132 213 2172 δένδρα
232 2134 294 2162 ὅταν
321 2138 462 2175 empty-0?],
478 2135 535 2164 τότε
561 2136 644 2164 πλείω
661 2135 760 2175 καρπὸν
778 2130 858 2175 φέρει,

111 2187 123 2204 (ι
136 2178 229 2212 Καθὼς
244 2179 289 2208 καὶ
302 2181 328 2209 ἐν
351 2183 419 2218 ἰιμῐν.
433 2191 447 2208 n
465 2179 727 2219 Προκαταλαμϐάνει
738 2203 745 2215 ,
764 2182 798 2213 ὡς
814 2180 859 2210 καὶ

70 2220 201 2261 ἀνωτέρω,
226 2223 320 2256 αὐτοὺς
334 2229 386 2258 τοῖς
408 2224 539 2259 ἐπαίνοις,
568 2225 635 2253 ὥστε
652 2225 718 2263 μηδὲ
738 2225 859 2259 θέλοντας

71 2264 222 2303 ἀποστῆναι.
247 2269 279 2298 lii.
298 2268 349 2307 γὰρ
371 2269 416 2298 καὶ
446 2271 480 2301 εἰς
505 2270 620 2305 πάντας,
648 2270 693 2298 καὶ
722 2271 757 2302 εἰς
790 2271 858 2308 ὓμᾶς

70 2309 144 2344 οὕτως
171 2313 303 2353 ἐκηρύχθη
320 2314 350 2342 τὸ
367 2315 544 2353 Εὐαγγέλιοι,
571 2316 626 2346 πῶς
651 2317 694 2342 νῦν
713 2315 799 2348 ἄλλως
816 2316 856 2344 δο-

71 2356 218 2391 γματίζουσί
230 2370 314 2394 τινες

111 2410 124 2428 α
148 2401 200 2440 Ἀφ’
229 2399 260 2438 ἧς
285 2404 387 2442 ἡμέρας
413 2403 544 2439 ἠκούσατε
570 2404 615 2432 καὶ
642 2404 773 2442 ἐπέγνωτε
809 2404 857 2441 τὴν

70 2443 142 2489 χάριν
154 2450 197 2475 τοῦ
220 2449 290 2477 θεοῦ
314 2449 339 2476 ἐν
354 2448 472 2488 ἀληθείᾳ.
491 2462 502 2474 υ
530 2450 760 2488 Καρποφορεῖται,
777 2449 857 2489 φησὶ,

72 2488 112 2533 λαὶ
134 2491 270 2525 αὐξάνεται
285 2494 314 2522 τὸ
333 2493 494 2530 Εὐαγγέλιον
509 2495 535 2522 ἐν
558 2494 619 2531 ὑμῖν
645 2493 690 2533 ἀφ’
705 2489 735 2528 ἧς
760 2493 860 2533 ἡμέρας

74 2531 194 2571 ἐπέγνωτε
210 2537 256 2571 τὴν
274 2537 361 2577 χάριν.
385 2539 466 2573 Ηῶς;
490 2538 548 2567 Οὐκ
564 2539 592 2567 εν
609 2531 699 2577 ἀπάτῃ
716 2537 760 2566 και
773 2531 859 2577 λόγοις

72 2576 186 2630 simiam,
209 2583 267 2610 ἀλλ’
297 2585 322 2612 ἔν
349 2581 476 2623 ἀληθείᾳ,
507 2583 641 2619 τουτέστι,
671 2582 790 2620 σημείοις
812 2584 858 2614 καὶ

73 2626 147 2660 ἔργοις
160 2626 323 2665 παραδόξοις.

112 2679 124 2694 ¢
141 2669 230 2704 Καθὼς
243 2671 289 2701 καὶ
310 2671 421 2710 ἐμάθετε
435 2672 487 2701 ἀπὸ
502 2673 640 2711 Ἐπαφρᾶ.
660 2683 674 2700 n
693 2672 786 2705 Οὕτως
804 2673 854 2701 ἔπ-

76 2709 178 2750 έγνωτε,
189 2715 282 2755 φησὶν,
294 2718 383 2750 αὐτοῖς
398 2718 452 2751 τοῖς
469 2716 555 2757 ἔργοις
577 2717 626 2753 τὴν
647 2717 738 2758 χάριν,
767 2716 856 2757 ὥσπερ

915 2140 1017 2168 rimum
1035 2139 1142 2168 fructus
1157 2140 1308 2176 proferunt.

949 2186 1024 2213 Sicut
1036 2187 1061 2213 et
1075 2187 1103 2212 in
1115 2186 1196 2212 rubis.
1212 2185 1365 2220 Laudibus,
1382 2189 1412 2212 ut
1429 2192 1522 2220 supra,
1536 2183 1619 2219 465
1638 2188 1714 2211 ante-

914 2230 997 2257 vertit
1018 2237 1075 2264 eos,
1098 2234 1128 2258 ut
1150 2230 1256 2257 etiamsi
1278 2229 1421 2261 voluerint,
1443 2219 1496 2255 non
1520 2228 1656 2256 deﬁciant.
1687 2229 1712 2255 Si
1742 2219 1752 2230 ’

914 2275 1063 2302 cnimcum
1081 2274 1115 2302 ad
1135 2282 1245 2307 omnes,
1263 2278 1321 2301 tum
1341 2273 1373 2301 ad
1394 2281 1440 2300 vos
1459 2273 1532 2300 hunc
1552 2273 1580 2300 in
1596 2272 1712 2300 modum

914 2318 1093 2354 praedicatum
1113 2318 1193 2346 fuerit
1203 2318 1390 2353 Evangelium,
1411 2317 1483 2345 unde
1504 2317 1535 2344 ﬁt
1549 2318 1623 2354 quod
1645 2326 1713 2345 non-

913 2364 978 2391 nulli
992 2371 1066 2391 nunc
1079 2364 1185 2391 diversa
1202 2363 1334 2391 tradunt?

948 2409 992 2436 Ea:
1007 2417 1036 2435 ea
1051 2409 1094 2436 die
1104 2417 1158 2443 qua
1171 2409 1314 2435 audivistis
1330 2410 1356 2434 et
1369 2409 1519 2441 agnort’stis
1531 2410 1652 2444 gratiam
1664 2410 1714 2435 DEI

913 2454 944 2480 in
969 2454 1094 2480 veritate.
1118 2454 1264 2486 Fructum,
1293 2452 1395 2488 inquit,
1420 2452 1535 2488 profert,
1565 2461 1598 2480 ac
1619 2453 1715 2480 crescit

916 2498 1097 2534 Evangelium
1114 2498 1142 2524 in
1154 2497 1241 2529 vobis,
1257 2497 1291 2524 ab
1306 2505 1339 2525 eo
1358 2496 1403 2525 die
1426 2505 1481 2532 quo
1495 2497 1642 2533 agnovistis
1655 2505 1715 2532 gra-

914 2542 991 2570 tiam.
1014 2542 1181 2578 Quomodo?
1202 2543 1262 2570 Non
1277 2541 1304 2569 in
1319 2542 1470 2578 impostura
1486 2547 1514 2570 et
1531 2541 1621 2570 verbis
1632 2545 1715 2568 teme-

914 2588 1002 2619 rariis.
1029 2587 1077 2615 sed
1099 2587 1127 2615 in
1146 2587 1268 2621 veritate,
1289 2586 1340 2615 hoc
1360 2590 1410 2621 est,
1433 2587 1516 2622 signis
1537 2590 1564 2614 et
1586 2585 1714 2621 operibus

913 2632 1092 2661 admirandis.

946 2677 1038 2705 Vsus.
1060 2681 1087 2705 7.
1105 2679 1179 2706 Sicut
1201 2680 1226 2705 et
1250 2677 1387 2704 didicistis
1412 2676 1447 2702 ab
1470 2675 1608 2710 Epaphra.
1632 2674 1712 2709 ipsis,

913 2722 1014 2757 inquit,
1038 2722 1164 2758 operibus
1183 2722 1223 2749 sic
1245 2721 1377 2750 habuistis
1391 2719 1522 2756 gratiam,
1547 2718 1659 2755 perinde
1687 2725 1717 2745 ac

755 2797 848 2828 Variae
870 2798 1023 2828 lectiones.

108 2839 127 2856 ⁶⁶
148 2842 216 2876 aito;
229 2854 253 2874 ο.
292 2845 313 2863 ⁸⁷
328 2845 456 2882 ὲῤῥαπισθη
470 2854 497 2875 0.
536 2847 558 2864 ⁸³
570 2848 660 2883 -μῆσαι
675 2855 701 2875 ο.
