1890 3077
172 169 234 196 1211
682 167 918 195 THEOPHYLAC']

1076 167 1133 194 ll/E
1152 167 1308 196 ARCHIEP.
1757 171 1822 196 1212

170 229 265 258 docuit
280 237 329 258 vos
344 230 426 258 etiam
447 229 596 266 Epaphras.
619 231 683 258 Non
698 230 772 258 enim
791 230 844 258 alia
856 229 916 266 quid

1092 229 1212 264 ἐδίδαξεν
1237 232 1304 268 ὑμᾶς
1319 233 1333 260 ὁ
1355 230 1505 271 Ἐπᾶφρᾶς.
1537 232 1579 260 Οὐ
1603 231 1656 271 γὰρ
1682 231 1755 260 ἄλλα
1778 232 1820 269 μὲν

170 274 243 302 facta
258 278 337 310 sunt,
361 275 412 302 alia
440 279 533 303 autem
554 275 658 303 docuit.
684 276 739 303 Iste
757 275 846 310 enim,
873 283 916 311 qui

1073 287 1159 313 θοντο,
1185 276 1253 305 ἄλλα
1271 275 1298 305 δὲ
1313 275 1440 310 ἐδίδαξεν.
1469 271 1554 310 Οἷτος
1577 277 1642 316 γὰρ,
1655 277 1692 310 ὡς
1720 277 1819 312 ἔοικεν,

170 327 184 347 a
195 319 329 348 dmodum
345 319 464 354 videtur,
480 320 638 356 praedicavit
651 319 865 349 Colossensibus.

589 320 638 347 Ivit
651 319 865 349 Colossensibus.
1023 319 1102 359 ἐιιήρυ
1107 319 1131 354 ξε
1145 321 1335 350 Κολοσσαεῦσι.

206 365 302 393 Dilecto
339 373 461 393 conservo
497 367 596 392 nostro.
620 365 675 393 Viri
703 365 746 392 hic
776 365 952 393 auctoritaten

1075 375 1081 392 t
1097 366 1152 394 Τοῦ
1166 367 1305 405 ἀγαπητοῦ
1319 366 1461 395 συνδούλου
1481 367 1567 404 ἡμῶν.
1585 375 1600 394 D
1619 366 1658 396 Τὸ
1672 365 1821 400 ἀξιόπιστον

173 409 319 438 dcnuniat.
347 411 410 438 Non
435 410 509 438 enim
526 409 667 445 diligerem
694 417 757 437 eum
783 418 832 446 ego
859 410 919 438 Paul

1074 411 1139 438 :UOev
1157 409 1271 439 δείκνυσι
1293 413 1340 440 τοῦ
1370 410 1471 449 ἀνδρός.
1499 411 1558 440 Οὐκ
1574 410 1606 439 ἂν
1631 409 1683 450 γὰρ
1711 411 1820 449 ἠγάπων

168 455 223 482 nisi
245 455 347 483 scirem
367 463 432 483 eum
457 463 516 484 esse
537 463 632 483 verum
647 462 811 491 praeconem,
829 462 880 483 nec
902 463 914 483 c

1073 453 1099 482 ὸν
1127 454 1180 493 ἐγὼ
1207 456 1329 491 Παῦλος,
1355 455 1377 484 εἶ
1401 454 1438 493 μὴ
1463 454 1563 491 ἀληθὴς
1587 450 1620 492 ἧν
1646 455 1747 496 κήρυξ,
1769 457 1819 485 οὖέ’

166 507 276 528 servum
284 500 376 536 ipsum
387 501 572 528 nominarem.

1022 497 1053 526 ἂν
1067 497 1210 528 σύνδουλον
1226 500 1371 538 ὠνόμαζον.

209 545 262 578 Οιιί
274 547 311 572 est
325 545 422 580 ﬁdelis.
439 547 499 572 Hoc
513 549 563 579 est,
578 552 668 573 verus.

1067 554 1080 570 (ί
1091 542 1145 576 ⁴Ὀος
1162 545 1218 574 ἐστι
1232 545 1334 578 πιστός.
1352 556 1365 573 n
1383 544 1544 581 Τουτέστιν,
1562 544 1671 581 ἀληθής.

207 591 259 617 Pro
271 590 345 618 vobis
357 591 477 618 minister
497 590 608 618 Christi.
633 590 686 617 Pro
706 589 793 624 vobis,
814 589 915 625 inquit,
938 590 953 616 i1

1069 601 1074 614 ι
1089 587 1177 628 ⁴Υπὲρ
1193 591 1267 627 ὑμῶν
1278 589 1395 623 διάκονος
1408 592 1454 619 τοῦ
1468 589 1594 630 Χριστοῦ.
1611 600 1626 618 ι)
1646 589 1717 619 Ἀνθ’
1730 591 1815 628 ὑμῶν,

177 634 260 662 rebus
275 634 309 662 ad
323 634 462 662 Christum
485 634 683 670 pertinentibus
707 634 880 662 ministravit.
895 635 923 661 Ν.

1067 632 1101 668 ri,
1123 633 1277 670 διηκόνησεν
1305 636 1341 667 εἰς
1359 633 1506 674 πράγματα
1532 636 1646 674 Χριστῷ
1674 634 1813 670 ἀνήκοντα.

172 678 244 714 quod
259 683 287 707 et
298 679 333 707 ad
351 680 463 707 Paulum
479 679 556 711 abiit,
576 687 693 714 eumque
709 679 865 706 consolatus
878 682 918 706 est

1070 677 1076 705 i
1094 677 1144 717 γὰρ
1160 678 1190 708 τό
1207 690 1235 708 τε
1249 678 1314 718 πρὸς
1328 679 1371 708 τὸν
1391 680 1499 709 Παῦλον
1513 680 1636 708 ἀπελθεῖν
1648 702 1657 717 ,
1671 679 1719 708 καὶ
1733 691 1816 719 παρα-

172 723 297 757 vinculis,
324 728 352 752 et
377 723 451 760 quod
478 724 604 751 indicavit
629 724 650 751 ei
682 732 724 751 res
751 723 918 751 Colossensit

1069 722 1193 758 Maeotim
1216 724 1294 753 αὐτὸν
1319 725 1345 753 ἐν
1367 724 1419 757 τοῖς
1443 724 1566 762 δεσμοῖς,
1592 724 1639 752 καὶ
1667 724 1696 752 τὸ
1732 725 1815 759 δηλῶ-

173 769 273 796 Christi
293 769 476 797 ministerium
499 773 566 796 erat.
584 769 610 796 Si
623 773 715 796 autem
730 768 830 796 Christi
844 768 919 795 minis

1092 769 1165 808 αὐτῷ
1189 767 1222 797 τὰ
1245 770 1297 808 τῷν
1319 769 1345 798 ἓν
1374 767 1606 805 Κολοσσαεῦσιω,
1642 769 1764 808 Χριστοῦ

179 818 220 841 est
235 813 385 850 Epaphras,
401 813 541 850 quomodo
556 813 646 841 dicitis
671 821 718 841 vos
740 821 788 849 per
807 813 919 848 angelos

1072 813 1153 843 xoviat.
1172 814 1206 843 Εἰ
1229 813 1257 842 δὲ
1282 814 1398 853 Χριστοῦ
1420 813 1537 846 διάκονος
1565 812 1754 853 ὁἘπαφρᾶς,
1769 814 1818 845 πῶς

163 859 321 887 conciliatos
333 861 411 887 esse?

978 855 1000 886 Β
1025 855 1115 896 λέγετε
1131 859 1218 896 ὓμεῖς,
1231 857 1264 886 δι’
1279 858 1399 897 ἀγγέλων
1413 860 1597 898 προσαχθῆναι
1609 870 1617 897 ς

203 905 293 932 Vens.
307 907 336 932 8.
348 905 402 938 Qui
413 905 496 931 etiam
508 904 701 937 manifestau't
711 903 784 931 nobis
796 903 949 930 dilectionem

1072 913 1087 930 ιι
1112 902 1146 933 Ὁ
1173 903 1218 932 καὶ
1245 903 1367 938 δηλώσας
1388 905 1454 941 ἡμῖν
1482 903 1530 938 τὴν
1560 904 1635 942 ὑμῶν
1658 902 1769 942 ἀγάπην
1796 903 1818 931 ἐν

167 951 283 976 vestram
303 950 332 976 in
346 950 460 984 Spiritu.
475 950 536 976 Hoc
549 952 600 982 est,
619 948 788 983 spiritualem
804 948 913 975 charital

1074 947 1179 985 εύματι.
1198 960 1211 977 n
1227 947 1356 978 Τουτέστι
1366 971 1374 984 ,
1388 948 1446 984 Τὴν
1458 947 1640 986 πνευματικὴν
1664 947 1774 985 ἀγάπην
1790 948 1817 976 iw

177 1002 258 1030 quam
273 993 380 1021 habetis
398 1001 460 1029 erga
481 1002 539 1022 me.
562 995 616 1021 Ista
635 993 707 1021 enim
723 993 824 1020 stabilis
839 997 890 1026 est,
903 993 919 1020 d

1071 1004 1102 1034 se
1125 993 1188 1032 πρός
1204 1004 1248 1031 με.
1276 993 1350 1028 Αὕτη
1374 993 1426 1034 γὰρ
1452 993 1605 1034 βεϐαίαλὴ
1629 993 1656 1034 iv
1668 993 1817 1034 _[Iv5t5ym1i

172 1039 228 1066 ctio
252 1039 354 1066 scilicet
374 1046 436 1074 qum
460 1043 502 1066 est
533 1038 560 1065 in
594 1038 705 1074 Spiritui.
731 1037 850 1074 Reliqua:
875 1042 918 1064 aut

1072 1032 1128 1069 ίπη.
1146 1034 1181 1063 Αἱ
1197 1033 1224 1062 δὲ
1237 1035 1340 1068 λοιπαὶ,
1355 1032 1384 1061 αἶ
1397 1044 1425 1062 τε
1440 1033 1559 1073 φυσικαὶ,
1575 1033 1642 1072 [καὶ]
1657 1032 1711 1062 οἷον
1726 1033 1818 1072 γονέων

168 1083 320 1110 dilectionis
336 1084 448 1118 species,
465 1087 522 1110 tam
539 1083 681 1114 naturalis,
697 1086 726 1110 ut
740 1087 884 1118 parentum
904 1091 914 1109 e

1071 1090 1087 1110 νς
1104 1079 1215 1114 παῖδας,
1236 1078 1281 1107 χαὶ
1306 1078 1408 1107 παίδοιν
1433 1077 1499 1117 πρὸς
1516 1078 1613 1117 γονεῖς·
1630 1077 1661 1107 αἴ
1674 1089 1703 1107 τε
1719 1078 1817 1118 φιλικαὶ

172 1128 280 1161 liberos,
299 1128 501 1164 liberorumque
525 1135 586 1163 erga
609 1132 746 1163 parentes,
768 1135 850 1163 quani
867 1127 918 1154 anu

728 1135 746 1161 ς,
768 1135 850 1163 quani
867 1127 967 1154 amico.
1021 1122 1068 1151 καὶ
1085 1122 1232 1163 ἑταιριχαὶ,
1248 1122 1368 1153 ἀϐέϐαιοι
1383 1127 1474 1153 πᾶσαι.

170 1180 231 1200 rum
248 1172 463 1208 amicarumque.
484 1172 622 1200 instabiles
636 1176 700 1200 sunt
715 1180 820 1200 omnes.

205 1218 292 1245 Vens.
315 1219 341 1244 9.
369 1218 430 1245 Ideo
446 1220 469 1244 et
484 1225 530 1244 nos
548 1225 581 1244 ca:
595 1226 649 1252 qua
675 1218 718 1244 die
732 1218 897 1248 audivimus,
914 1226 951 1244 uo.

1071 1212 1140 1243 τΔιὰ
1160 1214 1236 1242 τοῦτο
1254 1212 1299 1242 καὶ
1321 1215 1409 1252 ἡμεῖς,
1436 1212 1481 1252 ἀφ’
1509 1209 1540 1248 ἧς
1565 1212 1670 1253 ἡμέρας
1696 1213 1817 1248 ἠκούσα-

167 1270 299 1289 cessamus
307 1270 356 1297 pro
370 1262 441 1289 vobis
454 1270 538 1289 orare.
555 1262 617 1289 Ideo
632 1271 640 1288 :
654 1262 755 1297 quare?
769 1261 848 1297 Quia,
866 1262 912 1297 inq

1077 1280 1085 1294 ,
1114 1259 1143 1287 οὗ
1171 1257 1311 1296 παυόμεθα
1337 1258 1403 1296 ὑπὲρ
1432 1259 1506 1296 ὓμῶν
1532 1258 1758 1297 προσευχόμενοι.
1782 1275 1817 1280 —-

169 1306 323 1334 audivimus
341 1306 425 1334 ﬁdem
453 1310 572 1334 vestram
597 1310 624 1334 et
646 1306 838 1339 dilectionem,
864 1306 915 1333 bon

1069 1327 1070 1330 η
1090 1305 1182 1338 τοῦτο,
1201 1315 1212 1328 ι
1225 1306 1314 1338 ποῖον;
1331 1302 1460 1338 Ἐπειδὴ,
1475 1302 1566 1342 φησὶν,
1592 1303 1750 1341 ἠκούσαμεν
1771 1304 1815 1338 τὴν

167 1359 245 1387 spem
274 1351 461 1388 concipientes
483 1351 519 1379 de
543 1350 651 1385 futuris,
675 1359 787 1379 oramus
812 1359 861 1386 pro
886 1359 912 1377 ι’(

1070 1359 1107 1377 τιν
1127 1349 1202 1386 ὑμῶν
1236 1347 1280 1376 καὶ
1305 1347 1352 1383 τὴν
1381 1347 1500 1386 ἀγάπην,
1524 1347 1661 1380 εὐέλπιδες
1678 1347 1816 1386 γενόμενοι

169 1404 225 1424 non
241 1404 328 1424 unum
343 1397 427 1430 diem,
448 1404 536 1432 neque
552 1396 631 1430 duos,
645 1395 693 1424 sed
708 1404 723 1423 a
744 1404 799 1432 quo
814 1396 863 1424 ista
882 1404 915 1423 au

1070 1392 1145 1422 ὶτῶν
1171 1393 1332 1430 μελλόντων,
1364 1392 1495 1430 εὐχόμεθα
1517 1392 1592 1429 ὑμῖν,
1619 1392 1649 1421 οὖ
1667 1393 1734 1429 μίαν
1749 1393 1816 1430 ἡμέ-

168 1441 265 1470 vimus.
284 1443 420 1470 Monstrat
442 1446 534 1469 autem
559 1449 607 1476 per
628 1441 687 1470 haec
708 1440 870 1469 charitatem
884 1449 914 1468 su

1068 1459 1075 1474 ,
1099 1436 1157 1466 οὐδὲ
1180 1437 1234 1471 δύο,
1261 1437 1320 1466 ἀλλ’
1335 1432 1422 1476 ἀφ’οῧ
1447 1436 1600 1474 ἠκούσαμεν
1629 1439 1729 1467 ταῦτα.
1755 1438 1814 1467 Δεί-

168 1495 231 1522 erga
244 1494 302 1520 eos,
312 1494 343 1514 ac
355 1486 509 1514 clanculum
530 1485 590 1513 illos
613 1485 801 1521 reprehendit;
827 1485 913 1520 siquid

1070 1494 1093 1511 τι
1112 1482 1139 1512 δὲ
1155 1482 1197 1511 διὰ
1212 1481 1311 1510 τούτων
1329 1482 1374 1510 χαὶ
1392 1481 1440 1516 τὴν
1456 1483 1536 1510 αὑτοῦ
1548 1481 1668 1519 ἀγάπην,
1687 1482 1816 1514 κάκείνοις

167 1531 336 1559 orationibus
349 1531 406 1566 ejus
416 1530 511 1566 adjuti,
527 1529 652 1557 nondum
668 1534 760 1557 tamen
778 1529 880 1564 scipsos
905 1538 913 1565 ι

1073 1538 1110 1564 μα
1132 1527 1296 1565 κατάγνωσιν
1331 1527 1418 1566 φέρει,
1448 1526 1471 1555 εἴ
1499 1537 1529 1564 γε
1555 1525 1601 1554 καὶ
1626 1530 1686 1560 ταῖς
1721 1527 1817 1556 ἐκείνου

169 1576 237 1604 Γινιειρ
248 1575 446 1610 recollegcrunt
456 1595 462 1606 ,
476 1582 525 1601 ncc
535 1574 724 1602 emcndarunt.
739 1574 859 1601 Observa
875 1579 915 1602 aul

1073 1576 1113 1605 αἷς
1153 1571 1341 1609 βοηθούμενοι,
1373 1570 1455 1608 μήπω
1491 1571 1605 1603 τελείους
1637 1571 1818 1606 ἀνεκτήσαντο

168 1618 242 1654 quod
259 1618 349 1645 multis
371 1617 540 1644 orationibus
554 1617 634 1644 nobis
652 1625 722 1652 opus
738 1617 775 1644 sit
784 1621 811 1644 et
825 1617 914 1645 assidu

1072 1620 1139 1649 τούς.
1152 1615 1224 1655 "09a
1243 1616 1286 1652 δὲ,
1314 1616 1354 1644 ὅτι
1369 1617 1474 1645 πολλῶν
1491 1617 1574 1654 εὐχῶν
1601 1616 1641 1644 δεῖ
1667 1616 1715 1645 καὶ
1734 1617 1818 1652 διηνε-

170 1668 197 1691 et
218 1662 292 1698 quod
317 1662 417 1689 Paulus
429 1662 487 1689 sine
511 1661 715 1689 intermissione
733 1669 823 1697 orans,
848 1666 875 1690 et
895 1671 916 1690 ni

1071 1673 1092 1697 ν,
1118 1661 1163 1690 καὶ
1187 1661 1226 1690 ὅτι
1248 1661 1353 1693 Παῦλος
1385 1660 1425 1689 ἀεὶ
1454 1660 1607 1700 εὐχόμενος,
1636 1660 1682 1689 καὶ
1705 1662 1817 1698 μηδέπω

169 1707 236 1735 dum
249 1710 424 1739 consecutus.
441 1714 497 1734 non
511 1705 615 1733 desistit
630 1710 733 1733 tamen.

669 1714 733 1733 nen.
1022 1706 1118 1738 ἀνύσας
1131 1729 1137 1740 ,
1154 1705 1225 1743 ὅμως
1238 1706 1285 1734 οὐχ
1302 1705 1415 1740 ἀπέστη.

206 1754 239 1780 Et
258 1752 409 1787 postulare,
433 1754 463 1778 ut
484 1751 650 1786 impleamini
670 1752 808 1785 agnitione
822 1752 952 1779 ‘t‘olunluli

1071 1762 1080 1779 1t
1097 1751 1149 1780 Καὶ
1174 1750 1323 1785 αἰτούμενοι
1347 1750 1390 1779 ἵνα
1418 1751 1576 1789 πληρωθῆτε
1596 1749 1644 1785 τὴν
1669 1750 1817 1789 ἐπίγνωσιν

169 1799 235 1832 ejus.
261 1798 312 1824 Per
338 1796 395 1824 haec
415 1795 533 1823 ostendit
548 1804 596 1824 eos
615 1804 703 1832 neque
716 1797 828 1824 omnino
842 1797 912 1833 impe

1077 1795 1223 1832 Θελήματος
1237 1796 1325 1824 αὐτοῦ.
1343 1805 1358 1823 ι)
1385 1794 1456 1824 Οὔτε
1482 1795 1568 1830 πάντη
1589 1795 1692 1828 ἀτελεῖς
1715 1797 1819 1831 αὐτοὺς,

169 1847 226 1871 ctos
245 1850 314 1875 esse,
331 1849 419 1877 neque
432 1842 545 1869 omnino
560 1841 706 1877 perfectos.
720 1842 782 1868 Non
799 1842 872 1869 enim
886 1842 912 1870 di

1071 1851 1080 1868 ε
1095 1840 1182 1875 πάντη
1200 1841 1313 1872 τελείους
1329 1839 1403 1875 δηλοῖ
1418 1839 1461 1868 διὰ
1475 1839 1584 1868 τούτων.
1607 1840 1648 1869 Οὖ
1665 1839 1717 1879 γὰρ
1729 1835 1817 1876 εἶπεν,

171 1889 210 1916 Ut
220 1887 370 1923 acripiatis,
385 1894 491 1920 verum,
509 1888 541 1914 Ut
557 1887 736 1921 impleamim'.
751 1886 864 1915 Habetis
876 1888 917 1914 eui

1073 1897 1078 1913 ι
1091 1884 1202 1920 λάϐητε,
1214 1885 1272 1913 ἀλλ’
1284 1898 1295 1910 «
1305 1883 1365 1914 Ἵνα
1375 1885 1546 1923 πληρωθῆτε.
1560 1899 1572 1910 ι
1583 1883 1685 1924 Ἔχετε
1698 1885 1748 1923 μὲν
1759 1885 1819 1924 γὰρ,

170 1933 218 1961 sed
240 1932 364 1960 nondum
393 1936 493 1960 totum.
527 1933 561 1959 Et
602 1931 678 1966 quod
706 1932 871 1959 reconciliati
895 1933 915 1959 si

1073 1930 1079 1940 '
1095 1929 1124 1958 οὐ
1148 1928 1177 1958 τὸ
1204 1934 1265 1958 πᾶν.
1283 1929 1336 1958 Καὶ
1361 1928 1402 1957 ὅτι
1430 1928 1477 1966 μὲν
1492 1929 1680 1968 προσήχοητε,
1704 1929 1819 1967 ἔγνωτε·

169 1978 319 2014 agnovistis
345 1977 457 2012 quidem
480 1986 486 2003 :
516 1975 590 2012 quod
615 1983 677 2003 vero
704 1984 751 2011 per
776 1976 887 2010 Filium,
913 1977 915 2004 1

1082 1973 1108 2002 δὲ
1123 1973 1165 2003 διὰ
1186 1976 1232 2003 τοῦ
1255 1973 1339 2009 Υἷοῦ,
1368 1976 1445 2002 τοῦτο
1470 1973 1571 2002 λείπει.
1588 1973 1602 2002 8
1635 1974 1680 2003 καὶ
1704 1974 1819 2014 εὔχομαι

168 2023 243 2051 deest
260 2022 345 2058 466
360 2022 447 2055 vobis,
469 2020 497 2048 id
515 2020 589 2056 quod
611 2020 717 2056 impleri
737 2029 813 2057 rogo.
835 2021 913 2048 Volui

1073 2021 1202 2057 ίρωθῆναι.
1226 2019 1341 2056 Θέλημα
1359 2018 1410 2057 γὰρ
1426 2021 1471 2046 τοῦ
1488 2019 1559 2048 Θεοῦ
1574 2018 1619 2047 καὶ
1640 2019 1764 2056 εὐδοκία,
1790 2020 1819 2048 τὸ

169 2067 242 2094 enim
263 2071 290 2094 et
316 2066 363 2094 Dei
386 2066 588 2101 beneplacitum
608 2069 658 2099 est,
674 2069 704 2093 ut
727 2066 812 2094 Filius
827 2074 893 2094 suus

1095 2063 1157 2093 Υἱὸν
1182 2063 1286 2098 δοθῆναι
1313 2062 1379 2102 ὑπὲρ
1403 2064 1490 2100 ἡμῶν,
1517 2064 1576 2102 οὖλὶ
1593 2062 1652 2095 τοὺς
1681 2065 1818 2103 ἀγγέλους.

168 2112 248 2139 nobis
264 2111 385 2143 daretur,
414 2119 470 2138 non
498 2110 597 2145 angeli.
623 2110 802 2146 Agnitionem
821 2111 901 2146 igitur

1022 2107 1182 2146 Ἐπίγνωσιν
1197 2103 1241 2137 οὖν
1257 2107 1304 2144 τὴν
1317 2107 1468 2147 προσθήκην
1484 2109 1529 2143 τῆς
1545 2107 1666 2146 γνώσεως
1681 2108 1747 2139 νόει.

169 2156 296 2192 gnitionis
308 2155 447 2183 additione
462 2155 589 2191 intellige.

206 2203 235 2229 In
245 2202 318 2228 onmi
337 2201 472 2229 intellectu
487 2203 511 2228 et
524 2201 658 2235 sapientia
670 2201 818 2235 spirituuli.
836 2201 906 2235 Quia
919 2209 951 2228 eo

1072 2212 1074 2224 ι
1089 2197 1136 2227 Ἐν
1148 2197 1222 2236 πάσῃ
1237 2197 1339 2226 συνέσει
1349 2197 1394 2227 καὶ
1405 2197 1484 2237 σοφίᾳ
1500 2200 1680 2238 πνευματικῇ.
1694 2212 1707 2224 ι
1723 2199 1818 2229 Ἐπει-

169 2246 323 2283 philosophi
337 2246 520 2282 decipiebant,
536 2246 622 2280 Volo,
642 2245 739 2281 inquit,
756 2253 803 2273 vos
824 2254 870 2281 per
885 2254 915 2281 sp

1077 2242 1169 2275 αὐτοὺς
1185 2243 1208 2271 οἱ
1232 2242 1369 2282 φιλόσοφοι
1396 2244 1517 2278 ἠπάτων,
1552 2243 1703 2281 Βούλομαι,
1728 2245 1819 2284 φησιν⁷

167 2292 273 2319 tualem
302 2291 466 2327 sapientiam
503 2290 606 2317 discere
634 2290 835 2318 institutionem
867 2291 913 2318 ista

1071 2293 1092 2320 ῖς
1119 2288 1144 2316 ἔν
1166 2289 1335 2326 πνευματικῇ
1363 2287 1441 2328 σοφία
1458 2288 1558 2325 ’μαθεῖν
1583 2287 1612 2316 τὸ
1641 2288 1751 2326 δόγμα,
1782 2290 1817 2326 μὴ

168 2344 225 2364 non
245 2336 319 2371 iuxta
347 2336 505 2371 sapientiam
526 2334 687 2368 hominum,
711 2343 759 2370 per
781 2343 863 2371 quam
895 2344 909 2363 n

1074 2332 1090 2361 ὰ
1107 2331 1155 2366 τὴν
1172 2331 1264 2371 σοφίαν
1282 2333 1332 2360 τῶν
1359 2332 1521 2370 ἀνθρώπων,
1537 2333 1579 2372 ὑφ’
1594 2327 1625 2367 ἧς
1649 2333 1818 2371 πλανώμενοι

168 2380 290 2416 decepti,
311 2379 482 2407 arbitramini
504 2388 552 2406 vos
562 2380 678 2408 novisse.
702 2380 729 2408 Si
751 2384 843 2408 autem
865 2385 896 2408 ut

1077 2401 1084 2413 ,
1113 2376 1197 2406 οἴεσθε
1214 2377 1320 2407 εἰδέναι.
1348 2378 1382 2406 Εἰ
1403 2376 1430 2406 δὲ
1455 2376 1524 2406 ὥστε
1540 2376 1570 2406 τὸ
1597 2378 1701 2415 θέλημα
1724 2381 1815 2416 μαῦεῐν

169 2426 305 2454 luutatem
333 2424 378 2451 Dei
406 2423 553 2459 discamus,
583 2425 713 2460 spirituali
744 2425 876 2461 sapientia
899 2434 914 2453 ο

1069 2421 1113 2455 ιίας
1138 2423 1319 2460 πνευματικῆς
1348 2421 1406 2458 δεῖ,
1434 2421 1460 2450 τί
1487 2421 1517 2450 ἄν
1545 2433 1585 2455 τις
1605 2422 1658 2461 ἐρεῖ
1679 2423 1742 2462 περὶ
1767 2424 1815 2452 τῶν

170 2475 211 2498 est
223 2480 229 2497 :
245 2469 313 2505 quid
327 2468 398 2497 dicet
411 2468 507 2504 aliquis
519 2469 553 2496 de
567 2469 598 2496 iis
611 2470 656 2504 qui
677 2478 736 2498 sese
751 2471 801 2498 Dei
819 2471 916 2498 essenti

1097 2466 1188 2496 οὗσίαν
1211 2469 1257 2496 τοῦ
1284 2467 1355 2496 Θεοῦ
1383 2468 1413 2496 ἐκ
1441 2467 1488 2502 τῆς
1516 2465 1567 2501 ἔξω
1603 2466 1696 2507 σοφίας
1721 2467 1816 2496 εἰδέναι

169 2523 200 2543 cx
215 2517 326 2542 externa
345 2513 475 2550 sapientia
495 2514 602 2541 novisse
618 2514 789 2550 gloriantur?

441 2513 475 2540 tia
495 2514 602 2541 novisse
618 2514 789 2550 gloriantur?
1022 2511 1187 2551 αὖχούντων;

205 2561 297 2588 Vens.
315 2561 354 2586 10.
374 2561 407 2586 Ut
421 2566 465 2585 vos
487 2558 629 2585 umbttletis
654 2559 733 2593 digne
750 2561 871 2586 Domino.
893 2561 949 2588 Oro

1070 2571 1074 2582 ι
1090 2556 1281 2596 Περιπατῆσαι
1297 2557 1366 2594 ὗμᾶς
1377 2556 1454 2590 ἀξίως
1468 2559 1514 2585 τοῦ
1527 2555 1635 2596 Κυρίου.
1651 2569 1663 2582 ι
1680 2557 1816 2596 Εὔχομαι,

170 2605 269 2642 inquit.
281 2609 313 2632 ut
324 2611 373 2632 vos
391 2603 511 2636 discatis,
542 2603 617 2639 quod
637 2604 737 2631 servati
761 2604 819 2632 sitis
832 2612 878 2639 per
896 2606 916 2632 ζ

1068 2601 1096 2637 τὶ,
1111 2601 1201 2639 μαθεῖν
1216 2602 1293 2639 ὓμᾶς,
1315 2601 1355 2630 ὅτι
1372 2600 1415 2629 διὰ
1437 2603 1483 2630 τοῦ
1500 2602 1666 2640 Μονογενοῦς
1689 2602 1814 2638 ἐσώθητε.

169 2651 304 2685 genitum,
319 2653 351 2677 ut
371 2656 419 2676 vos
429 2647 585 2680 ambuletis,
604 2647 656 2675 hoc
679 2653 730 2682 est,
754 2650 794 2677 Ut
816 2649 915 2677 secund

1090 2645 1119 2674 τὸ
1154 2648 1335 2686 περιπατῆσαι
1372 2648 1456 2684 ὑμᾶς·
1490 2645 1644 2682 τουτέστιν,
1671 2645 1732 2677 Ἵνα
1759 2647 1815 2675 κατ’

169 2695 296 2723 virtutem
314 2693 418 2722 vivatis.
441 2693 493 2727 Qui
509 2693 582 2721 enim
598 2693 771 2722 clementiam
795 2694 845 2722 Dei
863 2694 915 2722 didi

1068 2690 1119 2726 .n‘qv
1143 2690 1252 2727 ζήσητε.
1272 2690 1306 2721 Ὁ
1329 2690 1380 2731 γὰρ
1398 2691 1445 2727 τὴν
1461 2693 1506 2720 τοῦ
1519 2692 1591 2722 Θεοῦ
1617 2692 1814 2732 φιλανθρωπίαν

876 2767 968 2797 Variae
991 2767 1140 2797 lectiones.

204 2821 226 2838 69
243 2820 392 2850 Κολοσσαῖς.
409 2827 434 2847 ο.
