1890 3077
32 174 100 200 1213

474 170 647 215 E'XPOSITIO
668 171 700 198 IN
720 171 823 198 EPIST.
843 171 889 198 AD
909 170 1047 199 COLOSS.
1066 185 1100 190 —
1119 170 1192 198 CAP.
1215 170 1235 196 l.

1604 163 1671 191 1214

27 234 188 272 καταμαθὼν
202 256 209 270 ,
226 234 270 264 καὶ
295 233 335 263 ὅτι
357 233 401 263 τὸν
420 234 484 264 Υῐὸν
501 235 580 263 αὑτοῦ
603 233 727 268 ἐξέδωκεν
753 233 819 273 ὑπὲρ

905 238 924 268 t,
944 238 971 262 et
997 233 1071 270 quod
1086 233 1185 261 Filium
1200 239 1279 260 suum
1304 237 1352 267 pro
1365 229 1443 258 nobis
1464 227 1582 273 dederit,
1598 234 1672 273 quo-

27 281 116 318 ἡμῶν,
149 281 207 313 πῶς
231 280 278 308 οὐκ
310 279 341 308 ἃν
366 279 538 308 σπουδάσειεν
574 278 667 308 ἑαυτὸν
697 279 818 308 ἐκδοῦναι

26 328 76 358 τοῖς
107 326 154 360 τῆς
178 325 273 364 ἀρετῆς
307 323 416 360 πόνοις,
445 324 490 353 καὶ
522 323 566 353 τὸν
596 324 676 353 αὐτοῦ
705 323 817 363 σταυρὸν

25 364 86 408 ἆραι
99 384 105 403 ;
123 370 164 400 Τὸ
179 368 240 409 γὰρ,
263 380 277 398 ιι
291 369 493 408 Περιπατῆσαι,
504 382 516 395 ιι
530 368 591 407 περὶ
604 368 661 408 βίου
677 368 723 398 καὶ
738 369 820 398 πολι-

25 414 92 447 τείας
105 414 194 450 ἐστὶν,
209 415 244 446 ὡς
266 413 379 453 εἴρηται.
399 414 454 443 Καὶ
468 415 609 452 πανταχοῦ
625 413 653 442 δὲ
672 416 706 453 τῇ
732 413 820 442 πίστει

26 458 149 488 συνάπτει
163 458 212 495 τὴν
227 457 372 488 πολιτείαν.
401 458 455 488 Καὶ
479 458 568 491 ἄλλως
594 457 621 487 δὲ
634 480 643 495 ,
664 459 724 488 Οὖκ
739 458 819 498 εὐχό-

27 505 89 541 μεθα
101 525 109 539 ,
126 503 194 543 φησὶ
207 525 215 541 ,
232 503 310 541 μόνον
325 502 368 532 ἵνα
384 503 500 541 μάθητε,
516 504 575 532 ἀλλ’
588 501 632 532 ἵνα
647 502 694 532 καὶ
708 503 752 532 ἰπὶ
767 504 818 531 τῶν

25 547 104 587 ἔργων
125 547 298 578 ἐπιδείκνυτε.
323 547 358 577 Ὁ
380 547 439 587 γὰρξ
459 547 534 581 εἰδὼς
551 547 632 588 χωρὶς
660 550 706 576 τοῦ
733 548 817 578 ποιεῖν

27 592 181 627 κολάζεσθαι
210 593 310 631 μέλλει.
337 592 423 622 Βλέπε
447 592 494 628 δὲ,
525 594 580 626 πῶς
606 592 752 632 περίπατον
778 593 819 622 ἀεὶ

28 637 70 672 τὴν
83 637 223 667 πολιτείαν
239 637 328 674 καλεῖ,
345 636 445 670 δεικνὺς
465 635 504 666 ὅτι
519 636 608 677 ὥσπερ
632 637 673 666 ἀεὶ
692 636 723 666 τὸ
744 649 819 676 περι-

26 685 112 711 πατεῖν
141 684 287 722 ἀναγκαῖον
314 683 394 720 ἡμῖν,
419 682 488 711 οὕτω
511 682 555 712 καὶ
580 684 594 712 ὁ
620 682 726 722 ἄριστος
751 682 817 722 βίος.

65 828 79 845 ιι
97 817 142 850 Εἰς
158 821 249 845 πᾶσαν
275 816 414 856 ἀρέσκειαν
441 817 467 845 ἐν
482 816 562 846 παντὶ
586 815 657 857 ἔργῳ
681 818 782 857 ἀγαθῷ.
803 828 818 847 ι)

876 279 959 307 modo
982 287 1038 306 non
1055 277 1178 306 studebit
1197 276 1318 313 seipsum
1336 274 1436 303 dedere
1451 273 1559 301 virtutis
1572 271 1672 300 labori-

874 324 936 358 bus,
952 323 1076 360 adeoque
1091 329 1201 351 crucem
1217 321 1302 357 ipsius
1318 319 1412 348 tollere
1422 319 1433 346 ἓ
1443 317 1588 346 Ambulare
1600 316 1670 345 enim

878 369 912 397 ad
933 369 1018 397 vitam
1039 372 1068 396 et
1086 366 1322 395 conversationem
1351 363 1479 400 pertinet,
1501 363 1539 390 uti
1566 361 1670 390 dictum

875 418 926 442 est.
940 414 1050 450 Ubique
1065 417 1159 441 autem
1183 411 1258 445 ﬁdei,
1276 410 1338 438 vitae
1358 409 1489 437 rationem
1508 411 1536 435 et
1553 414 1669 434 conver-

874 459 1011 487 sationem
1030 457 1178 486 connectit.
1201 458 1345 488 Praaterea,
1359 462 1417 482 non
1432 460 1555 485 oramus,
1570 451 1669 487 Inquit,

874 507 904 531 ut
917 503 1025 531 discatis
1039 501 1244 535 tantummodo,
1259 507 1353 528 verum
1367 503 1397 527 ut
1417 497 1545 534 operibus
1563 504 1672 531 quoque

874 548 1084 576 demonstretis.
1107 548 1159 582 Qui
1182 547 1254 574 enim
1276 545 1363 578 novit,
1385 547 1412 572 et
1443 550 1499 570 non
1523 541 1595 574 facit,
1621 549 1672 576 pu-

874 593 978 621 nietur.
997 592 1190 620 Animadverte
1211 594 1315 624 autem,
1328 588 1468 626 quomodo
1486 593 1594 622 semper
1609 594 1666 613 am-

875 638 1044 665 bulationem
1086 638 1166 665 vitam
1209 638 1502 672 conversationemque
1537 637 1671 672 appellat,

875 682 1024 710 ostendens
1038 681 1112 718 quod
1127 681 1240 717 perinde
1256 690 1288 710 ac
1307 689 1449 718 nunquam
1464 689 1519 709 non
1532 681 1672 710 ambulare

874 727 957 756 nobis
977 727 1160 755 necessarium
1188 730 1239 762 est,
1262 727 1302 754 sic
1323 730 1349 754 et
1372 726 1476 764 optima
1500 727 1554 755 vita
1575 735 1672 755 neces-

874 771 944 799 saria
955 775 1006 799 est.

913 818 963 844 Per
977 818 1066 844 omnia
1078 817 1223 852 placentes.
1238 818 1267 844 in
1282 825 1370 845 omnes
1379 825 1458 852 opere
1473 818 1547 845 bono.
1565 818 1606 846 Ut
1618 817 1670 850 sic,

27 861 80 890 Ἵνα
103 861 189 897 οὕτω,
209 861 291 902 φησὶ,
312 863 392 898 ζῆτε,
417 860 485 890 ὥστε
500 860 543 890 διὰ
565 861 671 891 πάντων
695 862 815 901 ἀρέσκειν

905 861 973 897 quit,
996 861 1102 894 vivatis,
1128 865 1157 888 ut
1176 869 1224 896 per
1245 862 1336 889 omnia
1365 862 1494 898 placeatis
1521 863 1589 890 Deo.
1618 862 1669 897 Qui

27 907 59 945 τῷ
74 906 143 945 Θεῷ.
169 907 234 939 Πῶς
256 905 282 936 δὲ
303 905 378 935 ἔσται
392 909 486 944 τοῦτος
501 907 561 935 Οὐκ
579 906 665 939 ἄλλως
685 907 707 935 εἰ
729 906 766 944 μὴ
790 908 816 936 ἐν

27 950 98 979 παντὶ
122 949 192 990 ἔργῳ
217 951 320 990 ἀγαθῷ.
346 949 438 980 θΟπου
463 950 516 990 γὰρ
539 955 593 980 πᾶν
609 950 685 990 ἔργον
703 951 816 990 ἀγαθὸν,

29 995 75 1023 ἔκεῑ
90 999 163 1024 πᾶσα
180 995 307 1035 ἀρέσκεια
329 995 411 1024 Θεοῦ.
429 994 531 1024 Σκόπει
546 995 590 1030 δὲ,
608 996 663 1029 πῶς
678 999 815 1035 πανταχοῦ

27 1039 66 1075 τὸ,
81 1050 93 1067 α
116 1041 193 1075 Πᾶν,
214 1053 228 1064 ιι
242 1039 413 1079 προστίθησιν
429 1050 435 1057 ”
465 1050 480 1068 ιι
492 1040 519 1068 ἐν
533 1039 608 1079 πάσῃ
628 1040 716 1080 σοφίᾳ·
728 1054 740 1066 ιο
760 1041 815 1077 καὶ,

29 1084 64 1112 ιέν
79 1083 158 1113 παντὶ
171 1083 242 1123 ἔργῳ
255 1085 355 1123 ἀγαθῷ
367 1098 379 1109 ιι
394 1083 450 1120 καὶ,
465 1098 478 1110 α
488 1085 523 1117 εἷς
537 1088 626 1112 πᾶσαν
641 1085 792 1124 ἀρέσκειαν
804 1099 816 1111 υ

28 1128 76 1164 καὶ,
96 1139 110 1157 ιι
124 1129 158 1162 εἷς
175 1132 267 1158 πᾶσαν
283 1128 466 1168 μακροθυμίαν
485 1139 489 1144 ·
505 1143 516 1155 ι
538 1128 640 1161 δεικνὺς
661 1129 700 1158 ὅτι
717 1129 812 1169 ἔχουσι

29 1172 68 1210 μὲν
86 1173 129 1202 καὶ
155 1176 217 1208 νῦν,
244 1174 271 1203 οὔ
293 1172 344 1210 μὴν
370 1173 399 1203 τὸ
419 1177 484 1204 πᾶν.
507 1172 593 1203 ’Ὥστε
614 1173 654 1202 δεῖ
669 1173 764 1208 αὐτοὺς
786 1174 816 1204 τὸ

27 1218 114 1248 τέλειον
130 1218 156 1237 ⁷⁰
171 1217 347 1258 προσλαϐεῖν.

63 1274 76 1292 (
102 1264 340 1303 Καρποῃοροῧντες
363 1263 408 1292 καὶ
426 1263 597 1302 αὖξανόμενοι
623 1264 660 1297 εἷς
680 1264 728 1300 τὴν
755 1264 815 1294 ἐπί-

30 1319 114 1346 γνωσιν
137 1310 182 1337 τοῦ
207 1309 294 1338 Θεοῦ.
311 1318 326 1337 ι)
345 1306 471 1347 εὨσπερ,
498 1308 593 1348 φησὶν,
616 1309 748 1348 ἐπέγνωτε
771 1309 814 1338 τὸν

30 1351 89 1381 Θεὸν
113 1352 238 1389 μειζόνως
258 1351 314 1387 ἢοῖ
339 1352 449 1382 παλαιοὶ
470 1353 505 1390 ⁷¹,
528 1352 610 1386 οὕτως
630 1353 748 1393 ὀφείλετε
770 1353 815 1383 καὶ

29 1397 50 1425 ἕν
63 1398 96 1436 τῷ
117 1397 164 1436 βίῳ
185 1396 274 1431 αὔξειν
297 1396 366 1426 κατὰ
381 1396 411 1426 τὸ
435 1397 530 1437 μέτρον
555 1399 603 1433 τῆς
619 1397 754 1436 γνώσεως·
780 1398 814 1428 Ὁ

30 1441 73 1480 γὰρ
85 1441 257 1476 καταξιωθεὶς
275 1441 371 1471 εἰδέναι
385 1441 454 1472 Θεὸν
465 1465 473 1479 ,
487 1441 556 1471 ὥστε
574 1441 600 1461 ⁷²
615 1442 660 1471 καὶ
676 1442 730 1476 υἱὸς
745 1437 814 1472 εἶναι

31 1487 92 1515 Θεοῦ
102 1509 110 1524 ,
126 1486 206 1523 πόσης
227 1487 322 1526 ἀρετῆς
337 1488 441 1523 δεῖται;
458 1486 497 1517 *Η
507 1510 514 1523 ,
530 1486 569 1516 ὅτι
586 1488 633 1516 Δεῖ
647 1486 695 1524 μὲν
713 1499 814 1526 καρπο-

872 913 936 933 vero
951 905 1002 933 hoc
1022 905 1072 933 ﬁt?
1088 907 1149 934 non
1165 906 1253 939 aliter,
1272 906 1322 934 nisi
1338 906 1365 933 in
1381 907 1455 934 omni
1470 914 1552 942 opere
1568 906 1641 934 bono
1659 914 1665 932 :

872 950 919 978 ubi
939 950 1011 978 enim
1037 958 1121 978 omne
1143 958 1213 986 opus
1226 951 1331 979 bonum
1348 956 1398 985 est,
1425 951 1462 979 ibi
1477 955 1505 979 et
1519 951 1597 987 plena
1621 951 1671 978 Dei

871 995 1082 1032 complacentia.
1113 995 1262 1024 Considera
1285 1000 1378 1024 autem
1407 996 1545 1032 quomodo
1571 995 1670 1031 ubique

871 1048 946 1068 omne
972 1044 1094 1076 apponat
1123 1049 1129 1067 :
1159 1041 1191 1068 In
1217 1042 1290 1068 omni
1311 1042 1446 1076 sapientia
1464 1051 1471 1067 :
1487 1045 1525 1075 et,
1550 1042 1580 1069 In
1599 1042 1672 1068 omni

871 1093 949 1121 opere
964 1086 1032 1114 bono
1051 1095 1060 1112 :
1080 1089 1107 1113 et
1120 1087 1173 1113 Per
1188 1087 1280 1113 omnia
1292 1087 1424 1121 placentes
1434 1096 1443 1113 :
1458 1091 1495 1120 et,
1508 1087 1554 1114 Ad
1568 1095 1668 1114 omnem

874 1131 1107 1165 longum'mitatem
1119 1139 1128 1156 :
1138 1130 1288 1158 ostendens
1302 1131 1376 1166 quod
1387 1131 1506 1159 habeant
1520 1131 1630 1167 quidem
1642 1135 1669 1159 et

871 1183 955 1210 nunc,
976 1175 1100 1204 nondum
1117 1180 1207 1204 [011181]
1220 1180 1310 1204 totum
1328 1186 1333 1202 Ζ
1353 1184 1436 1212 quare
1451 1176 1668 1204 consummatio-

869 1228 936 1248 nem
951 1229 998 1249 eos
1015 1229 1154 1249 assumere
1168 1225 1284 1257 oportet.

909 1266 1110 1299 Fructi/t‘cantcs
1142 1269 1166 1294 et
1197 1269 1336 1294 crescentes
1367 1268 1395 1294 in
1423 1267 1587 1301 agnitionem
1610 1267 1666 1294 Dei.

872 1310 1127 1345 Quemadmodum,
1150 1311 1249 1347 inquit,
1275 1311 1388 1339 novistis
1410 1313 1498 1338 Deum
1522 1310 1668 1346 perfectius

871 1363 953 1391 quam
969 1355 1015 1391 qui
1035 1355 1101 1383 olim
1117 1356 1216 1390 vixere,
1234 1356 1306 1384 hanc
1319 1355 1354 1384 ad
1376 1357 1509 1384 rationem
1525 1355 1628 1384 debetis
1642 1359 1668 1383 et

870 1399 897 1427 in
923 1401 976 1428 vita
999 1408 1121 1428 crescere
1144 1401 1222 1437 juxta
1242 1408 1401 1429 mensuram
1420 1400 1590 1437 cognitionis.
1614 1401 1666 1435 Qui

871 1446 942 1473 enim
968 1445 1051 1473 tantis
1076 1449 1119 1474 est
1137 1445 1267 1482 donatus,
1291 1450 1322 1474 ut
1346 1447 1434 1473 Deum
1465 1446 1557 1479 sciret,
1582 1450 1667 1481 utque

870 1490 942 1518 filius
968 1491 1019 1518 Dei
1045 1494 1128 1523 esset,
1158 1495 1259 1526 quanta
1282 1491 1382 1518 virtute
1404 1498 1474 1525 opus
1490 1490 1590 1518 habet?
1606 1491 1666 1523 Vel,

33 1532 106 1569 φορεῖν
130 1532 197 1569 ὓμᾶς
227 1530 275 1564 τὰς
307 1531 406 1569 ἀγαθὰς
435 1531 560 1572 πράξεις,
587 1532 647 1560 ἀλλ’
673 1531 742 1561 ὥστε
770 1532 813 1561 καὶ

908 1535 931 1562 ia
947 1535 1061 1571 Oportet
1074 1543 1124 1563 vos
1134 1535 1256 1571 proferre
1271 1535 1382 1571 quidem
1392 1534 1514 1563 fructum
1528 1535 1664 1562 bonorum

34 1573 73 1609 τὴν
87 1575 221 1614 ἐπίγνωσιν
243 1577 289 1604 τοῦ
306 1577 376 1606 Θεοῦ
401 1575 471 1615 ἔχειν
494 1577 529 1610 ὥς
553 1576 608 1615 δεῖ,
634 1576 679 1606 καὶ
701 1577 751 1616 οὐχ
779 1578 813 1610 ὡς

33 1621 69 1647 νῦν
81 1620 174 1650 δοκεῖτε
189 1620 272 1660 ἔχειν.
290 1620 327 1650 Τί
341 1620 392 1659 γὰρ
407 1620 498 1660 ὄφελος
513 1620 569 1660 βίου
591 1620 637 1650 καὶ
658 1620 813 1658 πολιτείας,

34 1663 70 1691 ἐὰν
93 1665 197 1703 ἀγνοῆτε
219 1665 266 1694 τὸν
291 1665 354 1695 Υἱὸν
378 1667 425 1694 τοῦ
450 1667 537 1702 Θεοῦς
563 1665 663 1695 Σκόπει
688 1664 730 1701 δὲ,
758 1667 814 1699 πῶς

35 1708 140 1748 ἀνωτέρω
158 1711 203 1744 τῆς
226 1709 393 1748 ἐπιγνώσεως
410 1709 490 1750 ἔφησε
517 1711 618 1739 δεῖσθαι
637 1711 673 1744 εἷς
688 1710 717 1738 τὸ
735 1722 813 1749 περι-

25 1755 139 1789 Auﬁda:
154 1754 229 1788 ἀξίως
253 1757 299 1783 τοῦ
325 1754 424 1793 Κυρίου
441 1766 447 1773 '
470 1757 515 1783 νῦν
541 1750 613 1788 αὖθις
638 1755 746 1784 ἀπαιτεῖ
763 1756 813 1784 αὖ-

34 1796 106 1829 ξάνειν
121 1799 145 1827 ἐν
164 1803 217 1830 τοῖς
242 1800 350 1837 ἀγαθοῖς
374 1799 474 1838 ἔργοις,
502 1800 538 1832 εἰς
558 1799 589 1828 τὸ
612 1798 669 1837 ἅμα
697 1800 742 1828 καὶ
769 1799 813 1828 τὸν

33 1841 91 1870 Θεὸν
124 1842 303 1883 ἐπιγινώσκειν
329 1855 336 1863 ·
367 1843 489 1884 ἑκάτερον
517 1843 569 1884 γὰρ
599 1843 724 1884 ἑκατέρου
765 1855 814 1873 συ-

34 1889 150 1918 στατικόν.

70 1987 83 2004 (ι
99 1977 142 2007 Ἐν
165 1978 240 2017 πάσῃ
267 1978 376 2016 δυνάμει
395 1977 597 2017 δυναμούμενοι.
626 1989 642 2006 )›
671 1977 812 2018 Εὖχόμεθοι

32 2019 69 2048 ἵνα
89 2022 243 2062 πληρωθῆτε
264 2033 277 2051 (ι
292 2024 318 2052 ἐν
341 2023 413 2062 πάσῃ
435 2022 545 2061 δυνάμει
572 2021 777 2061 δυναμούμενοι.
797 2036 809 2049 ι

34 2065 93 2104 Πρὸς
105 2066 147 2104 τίς
162 2068 234 2108 Πρὸς
248 2066 308 2101 τοὺς
330 2067 492 2107 πειρασμοὺς
515 2068 561 2097 καὶ
577 2067 637 2100 τοὺς
658 2066 789 2107 διωγμοὺς
803 2089 811 2104 ,

31 2108 89 2139 ὥστε
103 2111 138 2149 μὴ
151 2112 310 2149 ἆκηδιάσαι,
333 2112 400 2149 μηδὲ
415 2113 578 2150 ἀπογνῶναι.

64 2167 76 2181 ι
88 2156 163 2186 Κατὰ
174 2157 203 2187 τὸ
218 2157 314 2197 κράτος
328 2159 376 2193 τῆς
393 2156 468 2193 δόξης
482 2158 573 2188 αὐτοῦ.
591 2170 603 2184 ιι
614 2157 674 2188 Ἵνα
685 2156 808 2194 τοιαύτην

31 2199 128 2237 δύναμιν
145 2202 180 2242 δῷ
195 2203 273 2241 ὑμῖν,
289 2201 345 2231 οἵαν
364 2202 458 2242 πρέπει
479 2202 551 2242 αὐτῷ
567 2201 687 2240 διδόναι,
709 2201 808 2241 ἄφατον

31 2243 69 2272 καὶ
80 2245 181 2286 ἄπειρον
198 2246 298 2283 δηλαδή
311 2259 317 2266 ·
333 2246 403 2283 πλὴν
419 2248 453 2280 ὡς
468 2246 598 2286 ἀνθρώπω
614 2246 724 2276 δυνατὸν
741 2246 808 2275 ταύ-

30 2298 70 2323 την
87 2290 182 2320 λαϐεῖν.
199 2292 290 2328 Πολλὴ
313 2291 341 2321 δὲ
363 2293 380 2327 ἡ
402 2291 567 2331 παραμυθία.
594 2292 635 2322 Οὐ
657 2291 708 2330 γὰρ
733 2286 807 2328 εἶπε,

30 2331 152 2371 Δύναμιν,
170 2336 250 2375 ἀλλὰ,
267 2349 278 2363 ι
297 2335 415 2376 Κράτος,
430 2347 443 2366 ι)
463 2336 478 2366 ὃ
492 2335 580 2374 μεῖζόν
596 2337 682 2365 ἔστιν·
697 2337 732 2369 ὡς
742 2335 773 2365 ἂν
785 2337 807 2364 εἰ

30 2376 109 2415 ἔλεγε·
136 2380 278 2421 Πανταχοῢ
302 2380 394 2418 ἡδόξα
419 2382 499 2411 αὐτοῦ
520 2382 620 2421 κρατεῖ.
647 2380 694 2417 Μὴ
719 2381 806 2410 τοίνυν

30 2421 87 2456 μηδὲ
100 2424 168 2462 ὑμεῖς
191 2425 217 2454 ἐν
237 2429 290 2459 τοῖς
313 2425 404 2459 δεινοῖς
423 2425 600 2464 μαλακίζεσθε
620 2437 626 2444 ·
647 2425 806 2464 δυναμωθή-

30 2469 96 2495 σεσθι
117 2467 184 2509 γὰρ,
209 2470 244 2504 ὥς
259 2470 326 2504 εἰκὸς
353 2470 412 2505 τοὺς
438 2469 562 2510 Δεσπότῃ
588 2470 660 2500 οὕσω
685 2471 806 2511 κραταιῷ

30 2510 69 2538 καὶ
79 2511 166 2554 ἐνδόξῳ
179 2514 356 2549 δουλεύοντας.

66 2566 79 2582 ¢
94 2557 138 2590 Εἰς
149 2562 236 2587 πᾶσαν
252 2559 386 2596 ὑπομονὴν
401 2560 446 2589 καὶ
464 2559 659 2599 μακροθυμίαν⁸
670 2573 681 2586 ι
695 2573 708 2587 ι
723 2561 809 2590 Δυνα-

32 2599 144 2638 μούμενοι
158 2604 192 2636 εἷς
208 2607 295 2634 πᾶσαν
312 2605 446 2643 ὓπομονήν
458 2629 464 2641 ,
479 2616 493 2635 ι)
511 2605 560 2641 τὴν
574 2605 639 2645 πρὸς
657 2605 716 2638 τοὺς
731 2604 780 2639 ἔξω
797 2614 804 2622 “

31 2656 39 2669 ι
50 2647 254 2691 μακροθυμίαν,ι
269 2649 317 2686 τὴν
331 2651 396 2690 πρὸς
410 2650 554 2687 ἀλλήλους.
569 2653 744 2691 Μακροθυμεί
758 2650 806 2688 μὲν

33 2687 75 2728 γάρ
99 2701 134 2724 τις
158 2692 220 2732 πρὸς
243 2694 372 2735 ἐκείνους,
405 2695 447 2730 οὓς
485 2696 594 2726 δυνατὸν
620 2695 770 2735 ἀμύνασθαι
797 2705 805 2713 ·

869 1588 997 1615 operum,
1006 1579 1053 1608 sed
1066 1580 1101 1608 ita
1116 1584 1145 1608 ut
1159 1585 1186 1608 et
1196 1580 1362 1616 agnitionem
1375 1579 1425 1607 Dei
1436 1579 1559 1607 habeatis
1571 1587 1667 1615 quem-

869 1625 1020 1652 admodum
1040 1625 1186 1658 convenit,
1211 1629 1237 1653 et
1257 1633 1316 1653 non
1334 1624 1572 1661 quemadmodum
1595 1632 1667 1651 nunc

869 1669 1000 1697 videmini
1023 1669 1133 1697 habere.
1162 1670 1230 1704 Qum
1254 1671 1328 1697 enim
1350 1669 1536 1698 commoditas
1559 1669 1622 1698 vitae
1641 1673 1668 1696 et

868 1715 1081 1742 conversationis
1105 1719 1212 1747 vestrae,
1238 1715 1261 1742 si
1288 1714 1418 1750 ignoretis
1444 1714 1542 1742 Filium
1581 1714 1631 1742 Dei
1654 1715 1666 1741 Ρ

870 1758 937 1786 Vide
955 1763 1046 1786 autem
1066 1758 1206 1794 quomodo
1229 1766 1311 1794 supra
1329 1766 1375 1786 eos
1390 1759 1547 1793 cognitione
1567 1758 1667 1785 dixerit

869 1802 990 1838 indigere
1001 1803 1035 1831 ad
1045 1803 1097 1831 hoc
1111 1803 1229 1838 utdigne
1243 1803 1364 1830 Domino
1377 1802 1460 1838 467
1472 1803 1664 1830 ambularent.

868 1856 942 1876 nunc
958 1856 1052 1875 rursus
1078 1848 1161 1883 exigit
1175 1847 1208 1874 ab
1234 1847 1272 1875 eis
1296 1851 1327 1874 ut
1349 1852 1472 1874 crescant
1495 1847 1521 1874 in
1535 1847 1665 1882 operibus

868 1893 958 1926 bonis,
975 1897 1005 1920 ut
1021 1892 1101 1920 simul
1122 1894 1213 1919 Deum
1230 1892 1313 1919 etiam
1330 1896 1490 1927 agnoscant.
1510 1893 1665 1928 Utrumque

869 1939 943 1967 enim
956 1938 1099 1973 utriusque
1113 1941 1153 1964 est
1167 1937 1388 1964 constitutivum.

902 1985 995 2012 Vens.
1014 1986 1054 2011 ll.
1070 1984 1102 2010 In
1117 1983 1189 2010 omni
1203 1983 1325 2017 potentia
1338 1982 1492 2016 confortati.
1519 1982 1665 2010 Precamur

869 2033 898 2057 ut
925 2027 1093 2064 impleamini
1118 2035 1144 2055 in
1179 2027 1255 2054 omni
1282 2027 1403 2063 potentia
1425 2026 1570 2054 confortati
1594 2036 1601 2054 :
1629 2027 1664 2055 ad

868 2074 955 2110 quid?
988 2073 1126 2100 Adversus
1153 2072 1317 2100 tentationes
1345 2076 1373 2100 et
1397 2072 1600 2107 persecutiones
1629 2080 1662 2100 ne

867 2118 1000 2154 torpentis
1009 2126 1098 2154 neque
1111 2117 1270 2153 desperetis.

904 2163 1056 2192 Secundum
1073 2163 1226 2198 potentiam
1248 2162 1343 2196 gloria:
1365 2162 1432 2196 ejus.
1447 2162 1487 2190 Ut
1507 2161 1664 2197 hujusmodi

868 2204 914 2232 det
935 2203 1010 2232 vobis
1028 2203 1190 2239 potentiam,
1201 2202 1311 2238 qualem
1326 2202 1405 2230 decet
1416 2209 1480 2229 eum
1499 2201 1573 2234 dare,
1589 2202 1662 2229 inei-

863 2248 974 2276 fabilem
989 2252 1017 2276 et
1030 2247 1163 2275 inﬁnitam
1179 2246 1305 2275 videlicet
1322 2255 1329 2273 :
1345 2250 1535 2274 verumtamen
1549 2246 1662 2281 qualem

863 2293 990 2330 possibile
1011 2296 1052 2320 est
1075 2292 1108 2319 ab
1130 2291 1243 2320 homine
1263 2291 1357 2326 accipi.
1381 2292 1480 2326 Magna
1505 2295 1598 2319 autem
1622 2295 1664 2319 est

861 2337 1020 2366 consolatio.
1044 2338 1105 2365 Non
1127 2336 1202 2364 enim
1218 2335 1303 2370 dixit,
1327 2335 1446 2371 Δύναμιν,
1471 2335 1520 2364 sed
1534 2357 1541 2369 ,
1557 2336 1662 2371 Κράτος,

861 2383 936 2419 quod
955 2382 1044 2418 majus
1066 2386 1108 2409 est
1123 2390 1130 2408 :
1147 2381 1222 2417 quasi
1244 2380 1359 2414 diceret,
1375 2381 1486 2416 Ubique
1503 2381 1560 2416 ejus
1575 2380 1661 2416 gloria

860 2428 1026 2456 dominatur.
1042 2427 1134 2455 Nolite
1149 2425 1231 2462 igitur
1247 2433 1294 2454 vos
1311 2425 1339 2453 in
1361 2425 1487 2461 periculis
1502 2426 1631 2462 languere
1653 2437 1659 2455 :

860 2472 1082 2501 confortabimini
1093 2471 1183 2506 enim,
1194 2475 1224 2498 ut
1235 2478 1283 2507 par
1293 2475 1389 2510 esteos
1399 2470 1444 2506 qui
1459 2471 1581 2499 Domino
1591 2471 1661 2499 adeo

866 2518 929 2546 forti
945 2525 975 2545 ac
989 2516 1088 2545 celebri
1105 2516 1233 2544 serviant.

899 2563 946 2590 Ad
956 2570 1057 2590 omnem
1070 2562 1236 2597 patientiam
1248 2563 1273 2589 et
1286 2562 1526 2596 longanimitatem.
1541 2560 1659 2588 Confor-

862 2608 911 2636 tati
924 2607 958 2636 ad
976 2615 1088 2636 omnem
1102 2607 1272 2642 patientiam,
1289 2614 1352 2642 ergo
1372 2613 1419 2634 eos
1438 2606 1484 2641 qui
1498 2604 1563 2633 foris
1578 2608 1656 2636 sunt;

860 2653 1109 2690 longanimitatem,
1131 2653 1202 2680 inter
1216 2660 1265 2680 vos
1280 2656 1387 2679 mutuo.
1412 2653 1462 2679 Est
1476 2651 1549 2678 enim
1563 2650 1662 2685 aliquis

860 2698 1026 2734 longanimis
1040 2706 1102 2734 erga
1122 2705 1169 2726 eos
1194 2705 1264 2733 quos
1286 2696 1379 2725 ulcisci
1404 2695 1489 2732 possit
1514 2704 1520 2722 :
1545 2695 1659 2722 sustinet

701 2781 795 2810 Variae
818 2780 968 2810 lectiones.

66 2818 157 2853 ⁷¹¹τίλος
168 2830 196 2852 ο,
234 2824 253 2842 ⁴¹¹
268 2825 347 2852 πάλαι
361 2833 387 2854 ο,
427 2825 448 2843 ⁷³
463 2825 528 2852 οὕτω
542 2834 568 2854 o.
