1890 3077
211 169 278 194 1215

719 167 974 195 THEOPHYLACTI
994 166 1171 194 BULGARl/E
1190 165 1348 193 ARCHIEP.

1797 166 1862 191 12h".

206 234 296 257 autem
309 237 379 265 quos
394 237 448 257 non
464 233 553 265 potest
566 229 671 257 ulcisci.
687 231 833 266 Propterea
849 234 877 259 et
888 230 922 258 de
943 232 1004 258 Deo

1093 229 1182 267 πομένει
1195 229 1221 258 δὲ
1234 228 1279 262 οὓς
1298 229 1327 257 οὖ
1348 227 1456 258 δυνατὸν
1477 228 1503 247 ⁷³
1518 227 1686 266 ἀμύνασθαι.
1715 226 1770 257 Διὰ
1789 229 1864 256 τοῦτο

206 281 260 300 non
285 273 386 301 dicitur
415 273 555 310 patientia,
579 274 626 302 sed
662 274 863 310 longanimitas,
900 279 931 302 ut
959 274 1006 310 qui

209 318 294 353 possit
306 318 416 354 quidem
430 326 604 352 consumere,
618 319 718 346 tolerat
730 322 833 346 tamen.
847 319 894 346 Ad
901 328 1006 346 onmem

205 367 299 391 autent
318 373 324 391 ς
338 371 393 391 non
413 371 474 398 quac
490 371 561 391 nunc
572 363 682 399 quidem
700 368 752 397 est,
765 369 859 399 postea
872 371 935 392 vero
951 371 1006 391 non

207 408 334 443 amplius.
350 408 390 436 Ut
412 408 492 443 igitur
515 408 542 435 in
564 415 704 436 summam
725 409 921 436 contrahamus
949 416 1005 436 ser-

209 459 331 486 monem,
356 452 408 479 hoc
422 452 509 480 dicit:
535 453 663 485 Oramus,
686 457 716 481 ut
730 453 847 488 perfecte
871 453 1007 488 accipiatis

207 497 373 532 agnitionem
398 497 544 532 dogmatis,
570 505 625 524 non
653 497 680 524 in
703 498 836 533 sapientia
855 497 1005 530 mundana,

208 541 257 568 sed
278 541 411 576 spirituali
434 551 440 569 :
473 546 558 577 utque
582 542 667 569 vitam
696 542 840 570 virtutibus
861 542 1006 578 prmditam

209 585 341 618 habeatis,
371 590 401 613 ut
416 586 526 622 possitis
542 586 656 613 ﬁrmiter
679 591 751 614 stare
775 586 904 614 adversus
922 590 1007 614 tenta-

209 631 306 663 tiones,
323 629 481 664 confortati,
503 635 533 658 ut
548 639 594 666 par
615 636 655 658 est
673 639 688 659 ξ]
706 633 765 659 Deo
785 631 952 665 confortari;
978 635 1007 658 ut

210 681 235 702 t-t
251 683 314 711 erga
327 680 433 703 exteros
455 675 611 710 patientiam
628 675 789 710 ostendatis,
813 680 841 704 et
861 684 924 712 erga
950 676 1005 703 fra-

211 725 266 748 tres
282 720 523 756 longanimitatem.

246 766 335 793 Vens.
354 768 394 793 12.
413 766 477 793 Cum
494 766 596 799 gaudio
610 767 713 799 gratias
726 768 834 800 agentes
846 766 930 793 Patri.
951 766 1004 792 Ac-

210 815 352 837 cusaturus
382 815 440 843 eos,
474 810 549 845 quod
576 810 647 838 circa
683 810 812 846 dogmata
849 818 906 838 non
935 814 1006 837 recte

211 855 338 889 habeant,
367 855 527 891 praemitigat
552 863 717 889 sermonem,
751 863 785 883 ne
812 855 934 883 videatur
960 863 1006 882 eos

212 904 340 936 tanquam
350 899 438 927 hostis
456 907 593 927 accusare.
611 900 681 928 Cum
692 901 775 936 igitur
786 904 866 928 antea
880 899 1004 933 dixisset,

1063 274 1107 304 καὶ
1122 274 1166 303 ἐπὶ
1181 275 1252 303 Θεοῦ
1266 274 1296 303 οὖ
1310 274 1415 313 λέγεται
1428 273 1548 312 ὑπομονὴ
1558 295 1566 309 ,
1583 272 1654 302 ἀλλὰ
1670 272 1864 311 μακροθυμία,

1059 321 1093 352 ὡς
1121 318 1264 356 δυναμένου
1286 318 1334 356 μὲν
1356 317 1492 358 ἐκτρίψαι,
1520 317 1682 357 ἀνεχομένου
1714 316 1754 345 δέ.
1779 327 1796 345 α
1823 317 1865 347 Εἰς

1059 368 1173 392 πᾶσαν»
1193 362 1240 399 δὲ,
1252 362 1289 401 μὴ
1309 365 1355 391 νῦν
1377 362 1439 401 μὲν,
1457 362 1525 400 μετᾶ
1537 364 1622 391 ταῦτα
1637 361 1666 390 δὲ
1682 361 1787 391 οὐκέτι.
1806 361 1866 390 Ἵνα

1059 403 1103 437 οἶν
1121 407 1312 446 συναγάγωμεν
1330 408 1374 437 τὸν
1389 407 1466 445 λόγον
1480 428 1488 442 ,
1504 406 1580 436 τοῦτό
1594 418 1675 446 φησιν
1692 418 1700 425 -
1717 406 1865 445 Εὖχόμεθι

1059 452 1102 482 ἵνα
1129 452 1234 486 τελείως
1260 451 1362 487 λάϐητε
1385 451 1433 488 τὴν
1450 450 1602 491 Ἐπίγνωσιν
1634 453 1681 480 τοῦ
1709 451 1862 489 δόγματος.

1060 499 1106 527 οὐκ
1121 498 1147 526 ἐν
1175 497 1253 538 σοφία
1277 499 1410 537 κοσμικῇ,
1437 496 1508 526 ἀλλὰ
1522 497 1693 535 πνευματικῇ
1710 507 1718 513 ·
1735 495 1786 525 καὶ
1812 496 1866 534 βίον

1060 542 1180 581 ἐνάρετον
1198 541 1327 581 σχοίητε,
1354 541 1424 570 ὥστε
1448 543 1543 576 στῆναι
1570 540 1686 580 βεϐαίως
1714 541 1784 579 πρὸς
1808 539 1865 571 τοὺς

1061 586 1243 626 πειρασμοὺς,
1269 586 1483 624 δυναμωθέντες,
1524 586 1559 618 ὡς
1598 585 1667 618 εἰκὸς
1701 584 1758 613 ἀπὸ
1793 585 1863 613 Θεοί

1061 632 1264 669 ὃυναμωϐἧναι,
1288 632 1324 664 εἷς
1346 630 1375 659 τὸ
1407 630 1453 660 καὶ
1477 629 1542 668 πρὸς
1563 629 1621 662 τοὺς
1646 629 1695 663 ἔξω
1725 629 1862 666 ὑπομονὴν

1060 676 1247 714 ἐνδείκνυσθαι,
1268 675 1313 704 καὶ
1325 674 1389 714 πρὸς
1402 674 1459 708 τοὺς
1476 674 1601 714 ἀδελφοὺς
1618 674 1825 714 μακροθυμίαν.

1100 779 1112 791 ι
1128 764 1206 795 Μετὰ
1218 769 1303 805 χαρᾶς
1315 765 1530 804 εὐχαριστοῦντες
1544 765 1582 804 τῷ
1597 763 1699 803 Πατρί.
1720 776 1733 789 ι
1746 764 1864 793 Μέλλων

1060 810 1201 848 ἐγκαλέσαι
1237 810 1338 846 αὐτοῖς,
1365 811 1401 842 ὥς
1432 809 1492 848 περὶ
1521 808 1550 837 τὸ
1582 808 1670 847 δόγμα
1699 810 1749 837 οὐκ
1782 809 1864 846 ὀρθῶς

1059 855 1166 894 ἔχουσι,
1185 854 1334 894 προλεαίνει
1356 854 1401 894 τὸν
1421 853 1572 892 λόγον,ἵνα
1593 853 1630 891 μὴ
1648 852 1709 890 δόξῃ
1726 855 1761 885 ὥς
1775 854 1865 892 ἐχῢ;ο;

1060 900 1193 938 ἐγκαλεῖν.
1213 898 1355 938 ΙΙροειπών
1371 893 1436 935 οἶν,
1453 898 1493 928 ὅτι
1518 897 1643 937 Εὔχομαι
1662 899 1726 935 ὑμῖν
1741 897 1787 926 ἵνα
1804 898 1864 926 cii;-

210 946 266 972 Oro
279 953 327 980 pro
341 944 417 972 vobis
431 949 461 972 ut
473 944 530 972 hinc
552 949 579 972 et
591 945 633 972 illa
650 945 726 972 vobis
744 945 814 972 bona
833 945 1005 979 contingant,

1096 944 1106 972 ὶ
1121 944 1184 973 τάδε
1199 944 1231 972 τὰ
1253 943 1340 982 ἀγαθὰ
1361 942 1470 982 γένηται
1498 944 1559 981 ὑμῖν
1577 943 1664 981 (ὅπερ
1691 942 1804 974 πάντως
1821 943 1864 970 εἰμι

210 989 283 1025 quod
297 989 411 1016 omnino
425 996 481 1016 non
496 993 537 1016 est
557 989 663 1017 inimici
678 999 684 1016 ε
701 990 739 1017 ait
750 997 835 1022 nunc,
855 990 925 1017 Cum
943 997 1008 1025 gau~

212 1034 258 1062 dio
272 1034 373 1070 gratias
394 1041 443 1070 ago
464 1037 574 1069 propter
589 1034 658 1061 bona
673 1042 734 1070 qua:
753 1034 830 1061 vobis
842 1034 1007 1069 obtigerunt.

213 1079 306 1114 Itaque
317 1087 372 1106 non
393 1086 425 1106 ex
451 1077 516 1106 odio
536 1086 634 1106 accuso
656 1086 714 1111 vos,
729 1078 776 1107 sed
793 1086 826 1106 ex
842 1078 973 1106 charitate
1001 1087 1008 1105 ε

212 1128 239 1151 et
252 1123 369 1159 optarim
385 1122 496 1159 quidem
509 1122 620 1150 omnino
638 1130 683 1150 me
703 1130 782 1158 posse
805 1131 852 1150 vos
867 1129 1010 1150 commen-

212 1168 277 1196 dare
300 1176 307 1195 :
330 1176 363 1195 ex
381 1167 542 1195 necessitate
564 1171 657 1194 autem
683 1167 717 1195 ad
745 1166 930 1194 accusandum
962 1173 1010 1194 vos

212 1212 343 1240 adducor.
376 1212 420 1240 Sic
447 1216 475 1239 et
502 1212 529 1240 in
551 1211 671 1248 Epistola
693 1211 726 1239 ad
752 1211 910 1240 Corinthios
932 1210 1009 1238 facit.

211 1258 304 1285 Tacite
323 1261 414 1285 autem
427 1265 474 1285 eos
493 1256 615 1292 perducit
636 1256 671 1284 ad
693 1264 851 1284 sermonem
873 1255 908 1284 de
930 1255 1010 1283 Filio.

212 1303 239 1330 Si
263 1302 335 1329 enim
357 1310 421 1330 eum
445 1301 544 1338 gaudio
570 1301 671 1338 gratias
686 1309 747 1338 ago,
763 1305 827 1329 sunt
847 1301 939 1336 itaque
954 1308 1012 1327 ma-

212 1355 263 1382 gna
284 1355 344 1382 qua:
364 1351 442 1374 antea
466 1346 494 1374 in
516 1346 592 1374 vobis
619 1346 690 1374 bona
713 1345 800 1373 fuere.
827 1346 895 1373 Haec
915 1348 1010 1372 autem

212 1400 266 1419 non
282 1392 349 1419 servi
371 1391 469 1425 angeli,
490 1391 538 1418 sed
561 1391 697 1419 Dominus
717 1390 804 1419 Filius
827 1390 911 1418 dedit.
935 1390 1010 1424 Quo-

213 1435 295 1463 modo
310 1441 400 1463 aulem
428 1435 511 1469 dixit,
533 1435 636 1468 gratias
651 1443 702 1471 ago
725 1443 789 1462 cum
807 1434 924 1469 gaudio?
945 1442 1012 1470 quo-

213 1481 285 1508 niam
301 1481 340 1507 vel
365 1480 390 1507 in
414 1488 533 1507 mmrore
555 1479 655 1515 gratias
674 1487 755 1514 agere
770 1479 856 1512 liceat,
875 1478 1011 1514 quemad-

211 1525 326 1552 modum
336 1529 361 1551 ct
371 1525 422 1551 Job
431 1524 532 1559 gratias
543 1524 640 1559 agebat
652 1524 680 1550 in
693 1531 811 1551 mmrore
820 1523 988 1551 constitutus
1002 1533 1008 1550 :

212 1571 343 1596 Dominus
365 1569 447 1602 dedit,
472 1570 601 1595 Dominus
630 1568 768 1595 abstuli“.
796 1569 858 1595 Non
875 1568 949 1595 enim
974 1567 1009 1595 ab

210 1621 242 1640 eo
263 1620 388 1640 morsum
403 1612 537 1648 quispiam
562 1611 667 1640 auferat
687 1611 734 1646 (sic
755 1612 831 1639 enim
856 1616 883 1639 et
897 1611 1006 1639 laudem

210 1657 269 1693 ejus
281 1657 435 1690 abstulerit,
450 1656 591 1692 siquidem
603 1656 688 1692 468
703 1660 832 1692 tanquam
844 1656 1009 1683 insensibilis

210 1701 390 1734 sustinuisset)
421 1710 427 1727 :
451 1701 526 1736 atqui
547 1701 724 1729 mordebatur
748 1700 872 1737 quidem,
889 1700 938 1729 sed
953 1709 1008 1729 non

213 1745 394 1773 sauciabatur.

249 1792 302 1825 Qui
314 1791 410 1825 dignos
428 1798 474 1818 vos
494 1791 568 1824 fecit.
583 1792 686 1824 Tanta,
709 1790 808 1826 inquit,
824 1795 888 1818 sunt
904 1799 935 1818 ea
948 1799 1010 1827 qua:

210 1836 286 1864 vobis
299 1835 361 1863 data
384 1839 459 1869 sunt,
482 1839 513 1862 ut
535 1835 635 1863 nedum
651 1835 794 1870 opulentos
817 1843 865 1863 vos
884 1835 1010 1864 reddide-

212 1881 279 1914 rint,
296 1889 390 1909 verum
414 1880 499 1908 etiam
517 1879 709 1908 sufficientiam
733 1880 809 1907 vobis
831 1884 859 1907 et
883 1881 1009 1908 virtutem

212 1925 347 1960 dederint,
362 1929 393 1953 ut
409 1925 466 1953 haec
481 1924 562 1960 digne
579 1924 701 1959 accipere
715 1924 873 1952 videamini.
883 1925 1010 1960 Exempli

212 1970 298 2006 gratia
326 1980 332 1998 :
362 1972 420 1998 Rex
440 1970 584 2005 quispiam,
623 1969 713 1997 tenuis
745 1969 863 1997 fortunae
891 1970 1009 2005 cuipiam

215 2014 403 2051 praefecturam
422 2014 491 2042 forte
505 2013 630 2048 credens,
646 2013 805 2048 dignitatem
826 2013 937 2049 quidem
963 2014 1009 2042 de-

212 2060 261 2093 dit,
280 2067 336 2086 non
355 2063 448 2086 tamen
462 2059 496 2086 ad
517 2058 697 2093 principatum
723 2058 804 2094 digne
824 2058 1010 2093 accipiendum

214 2104 338 2140 ipsumve
344 2102 595 2131 administrandum
607 2103 736 2130 idoneum
747 2102 819 2130 fecit.
830 2102 912 2130 Unde
922 2104 1011 2139 ipsum

215 2155 403 2182 saepenumero
416 2148 505 2176 bonos
525 2147 670 2176 ridiculum
691 2147 816 2175 reddidit.
834 2149 910 2176 Deus
920 2152 1012 2176 autem

214 2201 265 2222 nos
286 2198 314 2221 et
331 2193 488 2227 honoravit,
510 2201 542 2220 ac
562 2192 732 2220 sufﬁcientes
746 2191 810 2220 fecit
830 2196 861 2220 ut
881 2193 1013 2229 accipere-

214 2247 276 2267 mus
295 2239 437 2266 honorem.
465 2237 619 2274 Duplicatio
640 2242 732 2265 autem
748 2236 863 2265 honoris
877 2242 918 2265 est
938 2237 1013 2273 quod

214 2285 297 2312 etiam
310 2291 361 2311 nos
373 2283 466 2311 fecerit
487 2283 602 2311 idoneos
617 2282 650 2311 ad
665 2281 780 2310 donum.

251 2330 282 2356 In
306 2330 414 2363 partem
436 2329 514 2354 sortis
542 2330 705 2355 sanctorum.
729 2328 789 2355 Hoc
807 2331 858 2361 est,
881 2327 927 2363 qui
950 2335 1012 2354 cum

214 2372 317 2400 sanctis
345 2372 488 2400 collocavit
513 2383 519 2400 :
544 2380 633 2408 neque
658 2372 698 2399 sic
722 2372 894 2408 simpliciter,
918 2380 1014 2400 verum

215 2417 314 2444 iisdem
329 2416 410 2443 etiam
439 2416 490 2444 frui
515 2416 670 2452 praebuerit.
691 2417 766 2453 quod
786 2425 832 2453 per
850 2419 955 2452 partem
978 2417 1012 2444 si-

217 2460 337 2498 gniﬁcat.
360 2460 436 2488 Licet
457 2461 531 2488 enim
559 2461 585 2488 in
606 2461 731 2489 eamdem
745 2461 842 2489 urbem
866 2461 1012 2494 conscribi,

217 2515 268 2534 nec
288 2510 381 2533 tamen
403 2505 530 2533 eamdem
551 2505 650 2533 habere
675 2510 780 2541 partem
804 2516 810 2533 :
828 2514 858 2533 ac
873 2514 969 2534 rursus
986 2506 1013 2534 in

217 2551 312 2579 eadem
327 2554 401 2578 sorte
415 2557 486 2583 esse,
499 2549 547 2578 sed
559 2557 615 2577 non
628 2549 755 2578 eamdem
775 2550 874 2578 habere
887 2555 990 2587 partem
1007 2561 1012 2578 :

217 2597 289 2625 utin
303 2595 402 2624 eadem
421 2599 494 2623 sorte
521 2594 653 2622 Ecclesiae
676 2602 772 2622 omnes
795 2602 899 2629 sumus,
919 2604 1015 2624 verum

217 2641 287 2670 alius
302 2641 382 2669 aliam
397 2644 504 2677 partem
519 2638 609 2668 habet.
632 2639 684 2667 Hic
700 2642 792 2667 autem
807 2643 835 2668 et
847 2639 943 2668 eadem
965 2648 1015 2668 nos

255 2714 338 2746 ’Job.
361 2725 384 2753 ι,
401 2720 444 2746 21.

1062 988 1133 1018 ἔστιν
1148 988 1272 1028 ἐχθροῦ),
1293 988 1357 1028 φησὶ
1373 990 1417 1016 νῦν
1429 1009 1438 1024 ,
1462 987 1502 1016 ὅτι
1529 987 1582 1016 Καὶ
1598 986 1667 1025 μετὰ
1680 991 1770 1026 χαρᾶς
1786 989 1865 1025 5-37}-

1064 1035 1144 1072 ριστῶ
1170 1033 1214 1061 ἐπὶ
1240 1034 1293 1065 τοῖς
1314 1031 1514 1072 προῦπάρξασιν
1542 1033 1604 1069 ὑμῖν
1631 1032 1753 1070 ἀγαθοῖς.
1780 1030 1865 1060 Ὥςτε

1062 1079 1109 1107 οὐκ
1135 1077 1187 1107 ἀπὸ
1205 1077 1299 1117 ἔχθρας
1314 1078 1419 1116 ἐγκαλῶ
1435 1076 1495 1114 ὑμῖν
1509 1099 1518 1114 ,
1543 1076 1601 1105 ἀλλ’
1618 1075 1644 1110 ἐξ
1666 1077 1788 1115 ἀγάπης.
1815 1077 1867 1105 Καὶ

1065 1121 1208 1162 βουλοίμην
1237 1121 1285 1160 μὲν
1311 1121 1341 1150 ἂν
1357 1121 1391 1150 δι’
1406 1122 1466 1150 ὅλου
1497 1120 1673 1159 ἐγκωμιάζειν
1693 1122 1786 1158 ὑμᾶς,
1815 1122 1865 1148 ἱπὲ

1064 1167 1090 1196 δὲ
1105 1168 1151 1202 τῆς
1167 1166 1283 1205 ἀνάγκης
1302 1167 1337 1199 εἷς
1358 1165 1388 1195 τὸ
1404 1165 1522 1204 ἐγκαλεῖν
1544 1165 1684 1203 ἐνάγομαι.
1711 1165 1797 1194 Οὕτω
1823 1165 1866 1193 καὶ

1064 1213 1089 1241 ἓν
1115 1213 1148 1251 τῇ
1163 1211 1226 1250 πρὸς
1249 1210 1401 1249 Κορινθίους
1426 1214 1506 1239 ποιεῖ.
1534 1209 1639 1249 Ἠρέμα
1667 1209 1694 1238 δὲ
1723 1209 1864 1246 ἐμϐιϐάζει

1065 1255 1157 1289 αὐτοὺς
1179 1256 1214 1288 εἰς
1229 1255 1273 1284 τὸν
1289 1256 1350 1294 περὶ
1365 1256 1431 1285 Υἱοῧ
1446 1255 1535 1294 λόγον.
1555 1255 1588 1284 Εἰ
1611 1255 1663 1294 γὰρ
1681 1254 1753 1292 μετὰ
1781 1259 1863 1294 χαρᾶς

1065 1302 1226 1340 εὐχαριστῶ,
1247 1300 1352 1338 μεγάλα
1374 1299 1464 1329 λοιπὸν
1491 1299 1525 1328 τὰ
1550 1298 1766 1338 προϋπάρξαντι
1795 1301 1862 1337 Eph.

1065 1347 1160 1375 Ταῦτα
1172 1344 1210 1382 δὲ,
1225 1346 1275 1384 οὐχ
1288 1345 1312 1363 ⁷⁴
1324 1345 1348 1374 οἱ
1363 1345 1450 1374 δοῦλοι
1470 1343 1590 1383 ἄγγελοι,
1612 1345 1672 1374 ἀλλ’
1697 1346 1712 1373 ὁ
1727 1345 1863 1378 Δεσπότης

1067 1389 1128 1424 Υἱὸς
1147 1389 1228 1418 ἔδωκε
1245 1390 1312 1428 [civ].
1331 1390 1393 1422 Πῶς
1409 1388 1436 1418 δὲ
1453 1384 1538 1425 εἶπεν,
1552 1390 1717 1429 Εὖχαριστῶ
1729 1388 1800 1427 μετὰ
1814 1401 1861 1427 χα-

1067 1439 1132 1473 96;;
1147 1433 1258 1470 Ἐπειδὴ
1276 1434 1302 1452 ⁷⁵
1323 1433 1379 1463 ἔστι
1394 1433 1440 1462 καὶ
1453 1434 1479 1462 ἐν
1493 1433 1564 1473 λύπῃ
1579 1433 1755 1472 εὐχαριστεῖν
1770 1446 1778 1451 ·
1795 1430 1845 1462 οἷον
1855 1457 1862 1466 ,

1066 1482 1079 1509 ὁ
1093 1478 1154 1508 Ἰὼϐ
1176 1478 1326 1518 εὐχαρίστει
1341 1478 1405 1516 μὲν,
1423 1477 1583 1515 ὀδυνώμενος
1609 1478 1636 1506 δέ
1652 1489 1659 1495 θ
1680 1489 1694 1506 (ι
1717 1477 1753 1507 ’0
1772 1479 1864 1516 Κύριος

1066 1523 1171 1558 ἔδωκεν,
1191 1525 1204 1552 ὁ
1220 1522 1318 1562 Κύριος
1338 1522 1471 1562 ἀρείλετο.
1489 1536 1500 1548 ιι
1515 1522 1562 1557 Μὴ
1575 1522 1625 1561 γὰρ
1642 1523 1674 1557 δὴ
1701 1523 1864 1562 ἀφαιρείσθω

1065 1581 1103 1602 τις
1120 1568 1196 1597 αὐτὸν
1218 1568 1248 1597 τὸ
1263 1567 1403 1597 δάκνεσθαι
1416 1579 1423 1586 ⁵
1449 1566 1518 1596 οὕτω
1540 1566 1591 1606 γὰρ
1613 1567 1659 1596 καὶ
1680 1568 1712 1596 τὸ
1735 1567 1864 1605 ἐγκώμιον

1063 1614 1142 1642 αὐτοῦ
1166 1614 1303 1652 καθαιρεῖ,
1329 1612 1353 1641 ei
1382 1623 1412 1650 γε
1439 1613 1475 1644 ὡς
1508 1611 1666 1646 ἀναίσθητος
1691 1613 1832 1652 ἐκαρτέρει
1859 1623 1864 1628 ·

1064 1658 1122 1687 ἀλλ’
1138 1657 1261 1687 ἐδάκνετο
1276 1656 1339 1696 μὲν,
1354 1657 1402 1686 οὐκ
1413 1655 1625 1696 ἐτραυματίζετο
1638 1656 1678 1686 δέ.

1106 1799 1119 1816 α
1137 1788 1185 1827 Τῷ
1197 1787 1360 1817 ἱκανώσαντι
1372 1788 1449 1825 ὗμᾶς.
1463 1800 1475 1813 ι
1490 1787 1666 1824 Τηλικαῦτα,
1687 1787 1757 1828 φησὶ
1782 1788 1818 1825 7‘,
1834 1789 1862 1816 τὰ

1064 1831 1191 1870 δεδομένα
1202 1855 1210 1871 ,
1224 1831 1293 1861 ὥστε
1309 1831 1346 1869 μὴ
1363 1831 1442 1870 μόνον
1458 1831 1599 1865 πλουσίους
1613 1833 1684 1870 ὓμᾶς
1700 1834 1814 1867 ποιῆσαι
1828 1833 1861 1864 ⁷⁷,

1064 1876 1132 1905 ἀλλὰ
1156 1877 1200 1906 καὶ
1235 1876 1380 1912 ἱκανότητα
1410 1876 1456 1906 καὶ
1482 1876 1595 1914 δύναμιν
1624 1877 1713 1905 animi
1744 1878 1809 1914 πρὸς
1835 1879 1862 1905 τὸ

1064 1920 1142 1954 ἀξίως
1155 1923 1239 1950 ταῦτα
1264 1920 1394 1954 λαϐόντας
1421 1922 1558 1960 δειχθῆναι
1573 1921 1611 1951 ⁷⁸.
1628 1917 1693 1950 Οἷόν
1720 1933 1746 1951 τι
1774 1922 1859 1960 λέγω·

1065 1965 1195 1998 Βασιλεὺς
1211 1965 1259 2003 μὲν
1284 1966 1384 1994 εὐτελεῖ
1415 1977 1465 1995 τινι
1486 1965 1666 2003 ἐμπιστεύσας
1691 1966 1862 2006 ἐπαρχότητα

1063 2010 1155 2049 τυχὸν,
1170 2009 1273 2047 ἀξίωμα
1289 2009 1336 2048 μὲν
1352 2010 1448 2040 ἔδωκεν
1457 2034 1466 2048 ,
1481 2011 1510 2039 οὗ
1525 2009 1578 2048 μὴν
1592 2010 1636 2038 καὶ
1649 2010 1744 2039 ἱκανὸν
1757 2011 1862 2046 ἐποίησε

1064 2055 1128 2094 πρὸς
1143 2054 1172 2084 τὸ
1185 2054 1278 2084 λαϐεῖν
1296 2055 1344 2090 τὴν
1368 2054 1453 2094 ἀρχὴν
1470 2054 1547 2089 ἀξίως
1558 2077 1566 2090 ,
1592 2054 1674 2093 ἤγουν
1690 2056 1863 2093 οἰκονομῆσαι

1066 2099 1146 2135 αὐτήν
1169 2111 1176 2118 ⁸
1200 2098 1258 2128 δ’θεν
1284 2099 1330 2128 καὶ
1356 2100 1485 2133 πολλάκις
1510 2100 1711 2138 καταγέλαστον
1741 2101 1820 2130 αὐτὸν
1848 2103 1862 2134 ἦ

1065 2144 1131 2182 τιμὴ
1157 2144 1288 2180 ἐποίησεν.
1315 2144 1350 2174 Ὁ
1366 2144 1394 2173 δὲ
1409 2144 1477 2177 Θεὸς
1499 2144 1545 2173 καὶ
1565 2143 1690 2182 ἐτίμησεν
1708 2147 1799 2182 ἡμᾶς,
1821 2147 1861 2173 καὶ

1065 2188 1169 2222 ἱκανοὺς
1185 2188 1293 2224 ἐποίησε
1317 2190 1381 2229 πρὸς
1405 2189 1434 2218 τὸ
1457 2188 1548 2218 λαϐεῖν
1564 2187 1611 2224 τὴν
1638 2189 1732 2227 τιμήν.
1759 2192 1861 2219 Διπλα-

1067 2233 1178 2271 σιασμὸς
1194 2233 1219 2252 ⁷9
1233 2234 1260 2263 δὲ
1280 2236 1370 2272 τιμῆς,
1387 2233 1417 2262 τὸ
1438 2233 1483 2263 καὶ
1506 2233 1672 2270 ἐπιτηδείους
1686 2235 1860 2273 ,κατασκευά-

1027 2275 1052 2306 Ῐ)
1068 2290 1114 2307 σαι
1128 2278 1192 2317 πρὸς
1207 2277 1255 2313 τὴν
1271 2278 1382 2318 δωρεάν.

1108 2336 1120 2349 α
1133 2323 1178 2354 Εἰς
1188 2322 1236 2358 τὴν
1247 2323 1342 2363 μερίδα
1351 2326 1398 2353 τοῦ
1409 2322 1508 2362 κλήρου
1519 2324 1575 2352 τῶν
1589 2322 1682 2362 ἁγίων.
1695 2337 1707 2349 ι
1722 2324 1860 2356 Τουτέστι,

1068 2369 1104 2407 τῷ
1127 2368 1195 2405 μετὰ
1218 2369 1270 2396 τῶν
1295 2367 1376 2406 ἁγίων
1401 2367 1580 2401 κατατάξαντι
1595 2379 1602 2386 ·
1630 2368 1676 2396 καὶ
1705 2368 1757 2408 οὖχ
1786 2369 1860 2401 οὕτως

1069 2412 1177 2447 ἁπλῶς,
1208 2411 1276 2441 ἀλλὰ
1302 2411 1348 2440 καὶ
1373 2413 1425 2441 τῶν
1452 2413 1538 2442 αὐτῶν
1555 2413 1707 2442 ἀπολαῦσαι
1724 2425 1858 2453 παρεσχη-

1068 2456 1126 2486 κότι
1138 2468 1144 2475 ·
1161 2456 1174 2485 ὃ
1191 2456 1233 2485 διὰ
1247 2458 1295 2492 τῆς
1316 2468 1330 2486 (ι
1346 2457 1451 2496 μερίδος
1471 2468 1485 2486 ν
1503 2457 1588 2493 δηλοῖ.
1604 2456 1687 2487 Ἔστι
1704 2458 1753 2496 μὲν
1772 2458 1821 2498 γὰρ
1836 2461 1857 2487 ἐν

1068 2503 1100 2541 τῇ
1119 2503 1185 2541 αὐτῇ
1205 2501 1280 2530 πόλει
1302 2503 1502 2541 καταταγῆναι,
1529 2502 1558 2531 οὐ
1580 2501 1632 2539 μὴν
1650 2501 1700 2538 τὴν
1719 2503 1801 2538 αὐτὴν
1816 2515 1857 2539 με·

1071 2546 1129 2586 ρίδα
1143 2546 1214 2586 ἔχειν
1226 2557 1233 2564 ·
1251 2546 1296 2575 καὶ
1311 2547 1411 2583 πάλιν,
1426 2548 1452 2575 ἐν
1470 2548 1593 2587 τῷαύτῷ
1606 2546 1698 2587 κλήρῳ
1714 2542 1797 2583 εἶναι,
1807 2548 1857 2576 ἀλλ’

1070 2592 1099 2620 οὔ
1114 2591 1162 2626 τὴν
1178 2590 1259 2626 αὐτὴν
1273 2591 1344 2631 ἔχειν
1360 2591 1455 2631 μερίδα
1472 2601 1478 2607 ·
1495 2586 1551 2621 οἷον
1561 2615 1569 2628 ,
1581 2586 1611 2620 ἓν
1626 2592 1665 2631 τῷ
1688 2592 1762 2631 αὖτῷ
1774 2593 1856 2631 κλήρῳ

1070 2637 1117 2671 τῆς
1148 2635 1310 2673 Ἐκκλησίας
1335 2636 1432 2670 πάντες
1460 2636 1557 2674 ἐσμὲν,
1586 2635 1644 2666 ἀλλ’
1671 2636 1751 2670 ἄλλος
1780 2638 1856 2671 ἄλλην

909 2751 1004 2781 Variae
1032 2752 1180 2782 lectiones.

255 2811 277 2828 ⁷³
289 2812 390 2838 δύναται
405 2819 432 2840 ο.
469 2812 491 2829 ⁷⁸
504 2812 559 2839 οὐδὲ
571 2820 598 2841 o.
637 2812 660 2830 ⁷⁵
671 2812 733 2839 διότι
744 2819 771 2842 o.

810 2811 833 2828 π’
843 2812 898 2838 τίνα
909 2808 952 2837 οὖν
969 2810 1028 2841 ἔστι,
1045 2819 1072 2839 ο,

1111 2811 1131 2827 Π
1151 2812 1210 2847 ποιῇ
1231 2819 1258 2839 ο,
1297 2810 1320 2828 ⁷⁸
1335 2813 1444 2846 φανῆναι
1455 2818 1482 2840 o.
1520 2810 1542 2828 π
1553 2811 1692 2847 ὂιπλασμὸς
1705 2819 1732 2839 ο.
