1890 3077
75 141 131 166 1221

483 137 658 166 EXPOSITIO
681 139 712 166 IN
734 139 836 166 EPIST.
856 139 901 166 AD
922 139 1059 167 COLOSS.
1080 154 1116 160 —
1133 140 1209 168 CAP.
1231 141 1253 168 ι.

1633 143 1700 169 1222

73 213 118 231 σιν.
144 200 178 230 Τί
192 195 234 229 οὖν
258 200 328 229 ἐστιν
342 199 358 229 ὅ
379 211 457 240 φησιν
474 201 487 229 ὁ
509 201 617 234 Παῦλος
641 203 701 237 νῦν,
720 201 784 241 πρὸς
800 201 849 236 τὴν
866 219 873 234 Α

939 202 1030 230 ;ndum
1044 210 1190 238 supernam
1213 203 1295 230 etiam
1319 202 1497 231 nativitatem.
1525 202 1598 238 Quid
1620 203 1702 240 igitur

71 243 266 284 κατεπείγουσαν
282 244 404 274 ὗπόθεσιν
429 245 614 283 ἐνιστάμενος,
637 245 682 275 καὶ
701 247 849 275 ἄνασκευοί‹

72 293 116 325 ζων
130 289 175 326 τὴν
197 289 325 329 ὖπόληψιν
348 291 401 318 τῶν
428 290 622 328 Κολοσσαέων;
645 289 703 321 Ἵνα
719 290 758 329 μὴ
774 291 850 329 νομί-

22 372 26 374 _
71 346 145 363 σωσιν
159 333 196 363 ὅτι
212 333 334 374 νεώτερός
351 335 407 363 ἐστι
422 336 473 363 τῶν
488 334 607 373 ἀγγέλων
618 358 626 372 ,
644 334 711 374 εἴγε
729 336 752 364 οἷ
765 335 850 364 πάλαι

71 379 114 417 μὲν
125 379 157 408 δι’
175 378 278 407 ἐκείνων
295 378 459 418 προσήγοντο
471 402 479 415 ,
497 381 540 408 ν’ὖν
556 379 583 408 δὲ
607 380 684 413 αὐτὸς
706 380 849 420 προσάγειν

68 423 185 462 λέγεται”
211 423 334 461 βούλεται
355 422 456 459 δεῖξαι,
480 423 520 453 ὅτι
535 424 587 459 πρὸ
607 424 695 461 πάσης
724 426 772 460 τῆς
798 425 852 454 κτί-

68 468 127 501 σεώς
141 469 207 497 ἐστιν
221 469 235 496 ὁ
257 468 328 502 Υἱός.
342 469 405 502 Πῶς
424 467 478 507 ὤν;
495 468 546 498 Διὰ
562 469 718 508 γεννήσεως.
745 471 850 499 Οὐκοῦν

68 512 108 542 καὶ
124 513 174 541 τῶν
189 512 308 552 ἀγγέλων
329 513 455 552 πρότερος
470 513 508 551 ⁸⁵,
533 515 578 543 καὶ
599 514 700 553 οὕτως,
718 514 786 543 ὥστε
806 514 851 543 καὶ

69 557 138 590 αὖτὸς
162 557 263 586 ἔκτισεν
279 557 381 591 αὐτούς.
405 556 472 598 Ἄρα
488 553 532 587 οὖν
552 559 597 588 καὶ
612 558 636 588 εἴ
659 571 684 588 τι
699 559 722 588 οἱ
745 559 850 597 ἄγγελοι

69 602 92 632 ἐν
105 604 134 642 τῇ
150 603 257 642 Παλαιᾷ
273 602 446 639 διηκόνησαν,
460 604 540 632 αὐτοῦ
557 605 638 634 ἐστιν.
653 603 728 643 Ὅρα
744 599 789 632 οὖν
803 603 851 639 τὴν

70 647 154 686 σοφίαν
168 649 213 676 τοῦ
236 647 395 677 Ἀποστόλου
409 659 416 666 ⁶
439 647 499 678 Ἵνα
521 647 558 686 μὴ
584 649 713 684 ἀκούσας,
741 648 780 677 ὅτι
801 649 852 688 πρὸ

68 691 145 727 πάσης
167 691 223 720 ἐστὶ
246 694 294 728 τῆς
317 691 444 732 κτίσεως,
472 693 588 733 ἄναρχον
614 693 692 722 αὐτὸν
724 693 850 732 νομίσῃς,

69 736 177 765 διδάσκει
201 748 248 774 σε,
274 736 313 765 ὅτι
343 736 452 777 Πατέρα
479 737 553 777 ἔχει,
580 737 624 766 καὶ
647 737 672 771 ἐξ
691 738 771 767 αὐτοῦ
796 739 852 766 ἐστι

69 780 191 820 γεννητός.
215 780 327 816 Ἐπειδὴ
345 781 396 820 γὰρ
424 781 470 811 καὶ
495 782 572 815 αὐτὸς
601 782 695 812 καὶτὰ
720 782 808 811 πάντα
824 783 852 812 ἐκ

68 828 108 853 τοῖῖ
122 828 205 862 Θεοῦ,
218 826 284 855 αὐτὸ
297 827 375 855 τοῦτο
391 826 520 856 δείκνυσιν
531 849 539 864 ,
556 827 595 856 ὅτι
611 827 689 860 ἄλλος
705 823 791 865 οὗτος,
808 827 853 856 καὶ

902 250 944 273 est
956 246 1029 282 quod
1044 247 1143 275 Paulus
1158 251 1349 283 argumentum
1360 255 1413 282 quo
1442 247 1593 283 urgebatur
1608 249 1697 284 impu-

905 291 1024 327 gnando,
1060 292 1321 328 Colossensiumque
1353 292 1511 327 opinionem
1552 293 1699 321 refutando

904 343 980 363 nunc
989 335 1076 364 dicit?
1094 338 1134 364 Ne
1156 336 1312 364 existiment
1328 336 1469 364 Christum
1483 343 1542 365 esse
1558 337 1699 373 juniorem

905 380 1024 416 angelis;
1047 380 1268 417 quandoquidem
1293 385 1394 409 veteres
1418 381 1529 416 quidem
1564 389 1611 417 per
1634 383 1694 410 illos

905 425 1111 454 adducebantur
1124 425 1159 454 ad
1175 427 1279 460 Deum,
1304 433 1378 453 nunc
1393 433 1457 453 vero
1478 425 1536 461 ipse
1561 426 1697 455 adducere

906 469 1016 504 dicitur,
1054 471 1112 498 vult
1134 474 1364 504 commonstrare,
1392 470 1465 506 quod
1500 474 1564 498 ante
1586 478 1702 500 omnem

905 519 1070 549 creaturam,
1087 515 1208 551 adeoque
1231 515 1374 543 conditum
1389 514 1525 542 mundum
1552 516 1588 543 sit
1607 515 1701 544 Filius.

907 559 1073 594 Quomodo?
1102 562 1153 588 Per
1186 560 1404 596 generationem.
1429 561 1521 595 Quare
1553 564 1580 588 et
1602 560 1705 596 angelis

907 608 947 631 est
961 604 1046 640 prior,
1062 609 1141 641 atque
1158 605 1206 639 ita,
1224 609 1255 632 ut
1267 609 1293 632 et
1309 605 1366 640 ipse
1379 611 1427 632 eos
1442 603 1607 632 condiderit.
1622 605 1706 640 Igitur

907 648 928 676 si
949 649 1013 684 quid
1025 650 1114 685 angeli
1126 649 1152 677 in
1165 650 1257 678 Veteri
1280 650 1456 677 Testamento
1468 649 1705 684 adniiuistrarunt,

907 693 992 728 ipsius
1007 698 1056 722 est.
1073 695 1242 730 Sapientiam
1257 694 1348 729 itaque
1373 693 1497 729 Apostoli
1521 694 1566 721 hic
1583 694 1706 722 animad-

908 744 992 768 verte.
1012 742 1052 768 Ne
1067 741 1214 775 arbitreris,
1240 749 1305 769 cum
1321 740 1398 768 audis
1416 749 1480 768 cum
1502 745 1566 769 ante
1592 749 1705 769 omnem

907 791 966 811 esse
981 788 1147 818 creaturam,
1182 789 1323 820 propterea
1345 791 1443 812 carere
1458 784 1605 819 principio,
1624 784 1709 813 docet

907 831 933 854 te
944 827 1018 863 quod
1034 829 1142 856 Patrem
1157 828 1266 862 habent,
1279 832 1306 856 et
1321 828 1354 856 ab
1370 828 1429 863 ipso
1442 832 1483 855 est
1496 828 1615 863 genitus.
1633 830 1704 856 Cum

73 870 146 903 ἄλλος
165 871 263 904 ἐκεῖνος
276 870 302 890 ⁸⁸
315 883 322 889 ·
338 872 383 900 καὶ
397 871 437 901 ὅτι
451 873 464 900 ὁ
478 871 525 910 μὲν
536 894 543 908 ,
558 873 593 905 ὡς
606 873 635 901 ἐκ
651 872 755 911 Πατρὸς
771 872 832 905 Υἱός
849 882 855 888 “
871 867 873 898 ί

939 873 987 900 lim
1002 878 1028 900 et
1041 874 1096 909 ipse
1108 878 1136 901 et
1150 873 1244 900 omnia
1263 881 1294 900 ex
1314 873 1373 900 Deo
1392 873 1455 906 sint,
1472 872 1538 900 illud
1550 873 1641 908 ipsum
1664 874 1706 901 in-

69 914 97 942 τὰ
120 915 145 943 δὲ
169 917 203 949 ὡς
227 915 362 953 κτίσματα
379 916 422 949 ίδι¹
439 917 520 946 αὐτοῦ
539 916 631 946 τούτου
650 919 695 946 τοῦ
717 918 780 946 Υἱοῧ
798 928 854 946 κτμ

69 959 166 991 σθέντα.
189 960 332 1001 Ἐπιφέρει
347 955 403 991 οὖν.

108 1060 122 1078 α
134 1049 198 1080 Ὀτι
212 1050 241 1079 ἓν
256 1051 328 1090 αὖτῷ
344 1050 451 1087 ἐκτίσθη
464 1050 498 1080 τὰ
514 1051 617 1087 πάντα,
642 1050 676 1080 τὰ
699 1051 725 1080 ἐν
742 1055 796 1084 τοῖς
809 1052 855 1081 οὖ-

70 1098 164 1133 ρανοῖς,
177 1094 222 1124 καὶ
240 1095 273 1124 τὰ
288 1096 331 1125 ἐπὶ
346 1097 392 1131 τῆς
404 1097 462 1134 γῆς.
481 1109 493 1122 ιι
511 1096 565 1132 Τὸ,
584 1107 598 1125 ί(
613 1096 661 1126 Ἐν
672 1097 753 1136 αὐτῷ,
767 1110 779 1122 ι
796 1096 856 1126 ἀντὶ

68 1143 123 1176 τοῦ,
137 1139 168 1168 δι’
182 1140 262 1170 αὐτοῦ
273 1163 281 1178 ,
294 1141 330 1173 ὡς
352 1140 428 1174 αὐτὸς
453 1140 545 1178 ἐφεξῆς
570 1140 648 1175 δεῖξει
665 1141 701 1170 ⁸⁷.
722 1140 813 1180 “Οπερ
827 1141 856 1170 δὲ

70 1183 206 1223 ἀμφίϐολον
229 1181 282 1223 ἧν,
303 1185 333 1214 τὸ
353 1184 413 1225 περὶ
430 1187 481 1214 τῶν
508 1186 534 1214 ἐν
557 1186 692 1225 οὐρανοῖς,
720 1189 796 1215 τοῦτο
813 1185 857 1215 τέ-

70 1230 131 1257 θεικε
143 1231 259 1268 πρῶτον.
283 1230 318 1259 Εἰ
341 1224 385 1258 οἶν
411 1230 434 1258 οἳ
459 1229 566 1270 ἄγγελοι
588 1231 622 1259 δι’
639 1231 717 1260 αὐτοῦ
733 1230 856 1266 ἐκτίσθη-

71 1283 130 1310 σαν,
143 1275 198 1308 πῶς
213 1273 339 1315 πρότερον.
354 1275 455 1312 αὖτοῧ;
524 1276 529 1281 ’

104 1373 118 1392 ιῐ
133 1363 176 1394 Τὰ
197 1363 300 1404 ὁρατὰ,
323 1363 368 1394 καὶ
389 1363 423 1393 τὰ
448 1364 567 1404 ἀόρατα,
596 1364 648 1394 εἴτε
673 1363 778 1404 θρόνοι,
804 1364 856 1394 εἴτε

68 1409 228 1447 κυριότητες,
252 1409 304 1438 εἴτε
319 1409 412 1449 ἀρχαὶ,
428 1408 480 1438 εἴτε
496 1409 622 1444 ἐξουσίαι.
642 1423 655 1435 υ
677 1410 715 1440 Τὸ
732 1410 859 1439 λεπτολο·

67 1456 115 1489 γεῖν
135 1453 193 1494 περὶ
213 1455 270 1483 τῶν
286 1455 386 1493 ὁρατῶν
409 1454 500 1494 ἀφεὶς,
517 1456 552 1488 ὡς
575 1453 775 1494 ἀναμφίϐολον,
797 1454 859 1494 περὶ

67 1499 107 1525 τοῦ
122 1498 373 1539 ἄμφιϐαλλομένου,
383 1500 436 1528 τῶν
452 1499 582 1538 ἀοράτων,
595 1499 663 1538 φημὶ
675 1522 682 1536 ,
695 1499 764 1528 κατὰ
781 1498 860 1539 μέρος

914 917 997 951 dicat,
1023 918 1099 954 quod
1117 918 1184 946 alius
1197 918 1259 953 iste,
1280 922 1307 945 et
1335 917 1405 945 alius
1426 917 1482 952 ille,
1500 918 1613 953 etquod
1642 918 1704 950 iste,

908 969 957 989 ceu
978 970 1013 990 ex
1033 963 1113 990 Patre
1126 963 1233 991 Filius:
1251 962 1310 990 haec
1330 969 1402 995 vero,
1418 969 1467 989 ceu
1490 966 1626 990 creatura
1647 971 1696 998 per

908 1005 982 1034 hunc
1005 1007 1095 1042 ipsum
1107 1007 1208 1035 Filium
1230 1007 1362 1034 conditae.
1384 1006 1471 1034 Infert
1486 1006 1570 1042 igitur
1587 1017 1593 1034 :

944 1050 1026 1087 471
1043 1053 1133 1080 Vsns.
1162 1054 1202 1079 16.
1228 1052 1358 1085 Quoniam
1382 1053 1411 1079 in
1426 1053 1482 1087 ipso
1505 1052 1619 1080 condita
1643 1056 1707 1081 sunt

908 1099 1033 1126 universa
1044 1108 1104 1134 quae
1112 1102 1174 1127 sunt
1196 1101 1223 1126 in
1238 1100 1320 1131 cwlis,
1338 1101 1363 1126 et
1379 1107 1439 1134 quae
1459 1100 1489 1126 in
1521 1102 1604 1127 terra.
1624 1114 1659 1120 —
1673 1102 1706 1128 In

907 1140 974 1174 ipso,
988 1144 1030 1167 est
1046 1149 1105 1175 pro,
1122 1148 1168 1176 per
1189 1140 1291 1175 ipsum,
1309 1139 1421 1174 perinde
1436 1147 1468 1167 ac
1480 1139 1510 1167 in
1523 1140 1704 1176 sequentibus

909 1183 965 1219 ipse
981 1184 1120 1212 indicabit.
1135 1184 1215 1220 Quod
1235 1188 1328 1212 autem
1348 1183 1510 1220 ambiguum
1534 1189 1603 1219 erat,
1618 1184 1653 1213 de
1668 1193 1709 1213 re-

909 1228 960 1256 bus
984 1237 1080 1265 nempe
1108 1229 1275 1263 cmlestibus,
1293 1229 1412 1265 primum
1439 1229 1539 1264 posuit.
1570 1230 1597 1258 Si
1622 1230 1707 1266 igitur

909 1275 998 1312 angeli
1011 1281 1059 1308 per
1070 1281 1134 1302 eum
1155 1273 1257 1302 conditi
1271 1278 1344 1307 sunt,
1356 1274 1501 1310 quomodo
1525 1278 1589 1302 sunt
1601 1275 1705 1311 priores

911 1323 971 1358 ipso
982 1324 993 1349 ξ’

949 1365 1084 1397 Visibilia,
1104 1366 1129 1392 et
1142 1363 1303 1396 invisibilia,
1323 1363 1379 1391 sive
1394 1364 1493 1398 throni,
1508 1365 1562 1392 sive
1576 1364 1703 1392 domina-

912 1414 1004 1445 tiones,
1019 1412 1073 1438 sive
1079 1411 1261 1445 principatus,
1270 1411 1323 1436 sive
1330 1412 1485 1444 potestates.
1502 1412 1543 1438 De
1554 1409 1707 1438 visibilibus

911 1457 1046 1485 subtiliter
1058 1455 1131 1491 loqui
1150 1454 1378 1490 praetermittens,
1402 1458 1432 1482 ut
1454 1453 1488 1482 de
1513 1454 1614 1490 quibus
1637 1453 1705 1481 nihil

913 1506 984 1529 esset
1000 1499 1205 1533 controversiae,
1226 1499 1261 1527 de
1276 1498 1421 1535 ambiguis,
1438 1499 1618 1527 invisibilibus
1629 1498 1711 1526 nimi-

20 1542 22 1545 ’
67 1540 186 1576 διέξεισιν.
208 1543 256 1573 Οὐ
270 1543 371 1577 πάντας
391 1543 419 1572 δὲ
440 1543 497 1577 τοὺς
513 1544 568 1573 ἄνω
589 1543 748 1582 διακόσμους
768 1544 856 1577 ἰδιχῶς

939 1545 1131 1582 im,speciatim
1141 1544 1262 1572 disserit.
1280 1545 1345 1572 Non
1358 1534 1451 1571 tamen
1466 1551 1561 1571 omnes
1575 1551 1711 1579 supernos

68 1584 193 1625 τέθεικεν,
220 1587 270 1617 ἆτε
294 1587 348 1616 ἀπὸ
373 1589 428 1616 τῶν
445 1588 572 1626 μειζόνων
599 1588 643 1617 καὶ
668 1588 702 1617 τὰ
730 1588 858 1618 ἐλάττονα

71 1629 158 1667 [τιθεὶς
172 1632 233 1672 καὶ]
251 1631 367 1665 δεικνύς.
388 1632 499 1673 Ἀόρατα
514 1633 564 1673 γὰρ
577 1632 677 1669 δήπου,
693 1633 738 1662 καὶ
754 1633 859 1673 ἀρχάγ-

96 1675 107 1702 )
179 1676 185 1685 \
210 1677 221 1688 1
389 1677 394 1687 1
500 1678 510 1694 1
533 1680 538 1686 Ι
639 1689 645 1696 κ
680 1678 686 1688 Ι
698 1689 704 1696 ,
725 1676 738 1689 tl
811 1679 818 1688 9
845 1678 852 1687 \

69 1686 95 1712 γε
107 1686 134 1703 ,οι
146 1688 189 1706 και
204 1678 330 1716 αγγελοι,
353 1689 398 1706 και
415 1678 442 1706 αἱ
457 1679 585 1717 ἡμετεραι
601 1679 686 1718 ψυίαι
720 1689 788 1707 ωστε
805 1689 858 1707 auro

69 1719 168 1750 ἐκείνων
183 1722 228 1750 καὶ
240 1721 303 1761 περὶ
321 1721 418 1750 τούτων
433 1723 525 1758 δῆλον.

107 1778 120 1790 ιι
136 1765 178 1795 Τὰ
192 1765 283 1795 πάντα
309 1765 342 1795 δι’
366 1767 444 1796 αὐτοῦ
461 1766 506 1796 καὶ
533 1767 569 1799 εἷς
586 1765 664 1796 αὐτὸν
693 1766 824 1798 ἔκτισται,
839 1778 854 1796 υ

68 1807 130 1838 Ἰδοὺ
145 1810 208 1851 ὅπερ
221 1810 347 1850 ἀνωτέρω
364 1806 454 1848 εἶπεν,
480 1825 492 1837 ιι
509 1811 555 1842 Ἐν
580 1812 663 1852 αὐτῷ,
679 1822 692 1840 )›
714 1814 790 1841 τοῦτο
813 1815 858 1841 ν’ὗν

67 1853 148 1893 λέγει,
167 1868 179 1881 ι
197 1855 239 1885 Δι’
253 1857 333 1885 αὐτοῦ
347 1867 353 1874 ⁵
367 1870 378 1882 ιι
398 1856 467 1885 καθὰ
480 1856 526 1886 καὶ
539 1857 553 1885 ὁ
566 1856 753 1896 εὓαγγελιστὴς
768 1857 858 1887 Ἰωάν-

14 1911 19 1915 ’
66 1908 108 1933 νης
125 1908 132 1916 ’
151 1910 165 1928 α
185 1900 283 1930 Πάντα
309 1901 342 1929 δι’
366 1901 445 1930 αὐτοῦ
468 1901 581 1939 ἐγένετο.
606 1918 645 1923 —
670 1902 764 1931 Πάντα
782 1914 797 1930 n
815 1901 859 1937 δὲ,

66 1943 155 1981 εἰπὼν,
180 1946 209 1974 οὖ
237 1945 437 1985 συμπεριέλαϐε
465 1945 494 1974 τὸ
522 1947 647 1984 Πνεῦμα,
680 1947 721 1975 Οὖ
748 1945 799 1986 γὰρ
832 1946 858 1975 ἓν

66 1988 112 2016 τῶν
135 1989 242 2019 πάντων
263 1990 318 2019 ἐστὶ
344 1991 373 2018 τὸ
398 1991 528 2030 Πνεῦμα,
559 1991 618 2019 ἀλλ’
646 1989 672 2019 ἓν
700 1991 856 2030 ἄπολύτως,

65 2030 149 2073 ὥσπερ
164 2030 200 2068 εἷς
216 2035 301 2070 Θεὸς,
322 2035 366 2064 καὶ
382 2029 418 2068 εἶς
439 2035 546 2075 Κύριος.
567 2046 582 2065 α
606 2035 727 2064 Πάντα»
748 2031 791 2064 οὖν
809 2029 857 2065 ὅσα

65 2076 150 2114 γέγονε
162 2100 170 2115 ,
184 2089 199 2107 ιι
215 2079 250 2108 δι’
265 2081 344 2120 αὐτοῦ
359 2078 489 2110 ἔκτισται,
503 2090 518 2108 n
534 2075 621 2116 Εἶτα,
633 2079 677 2109 ἵνα
694 2080 732 2119 μὴ
748 2080 858 2120 νομίσῃς

64 2122 187 2161 ὑπουργὸν
202 2123 283 2153 αὐτὸν
299 2118 380 2163 εἶναι,
399 2137 412 2150 α
428 2123 483 2154 Καὶ
498 2125 534 2158 εἷς
550 2125 627 2154 αὐτὸν
638 2147 647 2163 ,
660 2135 675 2153 υ
695 2124 769 2162 φησὶ,
784 2137 859 2154 τουτ-

64 2165 129 2195 έστιν
141 2189 149 2203 ,
173 2169 209 2201 εἷς
225 2167 304 2197 αὐτὸν
326 2168 458 2208 κρέμαται
473 2169 507 2199 τὰ
533 2169 632 2199 πάντα.
661 2169 717 2199 Καὶ
735 2170 763 2198 οὖ
780 2170 858 2208 μόνον

915 1594 1028 1619 ornatus
1035 1589 1175 1626 sigillatim
1189 1589 1293 1625 posuit,
1304 1588 1406 1625 quippe
1421 1587 1496 1624 quod
1510 1597 1543 1616 ex
1557 1588 1710 1624 majoribus

914 1635 1024 1663 minora
1033 1635 1115 1663 etiam
1126 1633 1254 1662 ostendit.
1267 1633 1418 1661 invisibilia
1428 1633 1560 1661 nimirum
1573 1638 1638 1661 sunt
1645 1640 1709 1661 cum

913 1681 1084 1717 archangeli,
1099 1684 1160 1707 tum
1174 1679 1273 1714 angeli,
1288 1679 1444 1714 animaaque
1464 1683 1577 1707 nostrae.
1591 1678 1712 1706 Proinde

915 1733 947 1754 ex
963 1726 1018 1753 illis
1037 1725 1072 1753 de
1087 1725 1144 1752 istis
1155 1724 1236 1752 etiam
1251 1723 1397 1751 manifeste
1418 1724 1565 1759 colligitur.

950 1771 1047 1799 Omnia
1065 1778 1118 1805 per
1131 1771 1218 1804 ipsum
1243 1771 1268 1796 et
1282 1770 1312 1796 in
1331 1770 1419 1803 ipsum
1441 1771 1504 1796 sunt
1520 1768 1638 1796 condita.
1655 1769 1709 1803 En,

915 1816 988 1852 quod
1003 1822 1085 1850 supra
1100 1814 1179 1848 dixit,
1191 1815 1222 1841 1n
1233 1815 1301 1848 ipso,
1311 1813 1382 1849 jam,
1395 1815 1445 1841 Per
1454 1815 1552 1848 ipsum,
1563 1814 1602 1840 ait
1619 1823 1625 1839 :
1640 1812 1711 1840 sicut

914 1864 940 1887 ct
957 1859 1128 1895 Evangelista
1149 1860 1269 1886 Joannes
1298 1858 1421 1886 :Omnia
1441 1866 1492 1893 per
1514 1859 1606 1893 ipsum
1632 1858 1709 1891 facta

913 1907 976 1931 sunt
993 1903 1000 1928 l
1020 1904 1115 1932 Omnia
1134 1907 1226 1930 autem
1250 1902 1352 1934 dicens,
1391 1901 1523 1938 Spiritum
1552 1909 1609 1930 non
1630 1909 1710 1930 com-

915 1948 1058 1985 prehendit
1082 1958 1087 1976 :
1115 1956 1172 1976 non
1189 1947 1262 1975 enim
1289 1947 1411 1983 Spiritus
1434 1955 1504 1975 unus
1532 1951 1574 1975 est
1599 1955 1632 1975 ex
1658 1947 1710 1975 illis

914 1995 1053 2030 omnibus,
1084 1995 1133 2023 sed
1150 2003 1220 2023 unus
1239 1998 1279 2022 est
1304 1994 1440 2029 absolute,
1469 1993 1709 2030 quemadmodum

914 2049 984 2069 unus
1003 2042 1078 2068 Deus
1092 2044 1119 2068 et
1133 2048 1204 2068 unus
1215 2039 1360 2068 Dominus.
1375 2040 1473 2068 Omnia
1483 2040 1568 2074 igitur
1578 2047 1710 2075 quincun-

913 2094 965 2122 que
979 2085 1051 2113 facta
1065 2089 1142 2120 sunt,
1153 2093 1203 2120 per
1215 2086 1303 2120 ipsum
1315 2087 1379 2112 sunt
1393 2084 1508 2112 condita.
1535 2084 1650 2119 Deinde,
1677 2091 1711 2112 ne

914 2135 994 2166 putes
1021 2131 1109 2166 ipsum
1135 2137 1193 2158 esse
1221 2129 1379 2157 ministrum
1404 2129 1446 2157 vel
1468 2128 1709 2163 subconditorem,

913 2175 1016 2212 adjicit,
1033 2178 1058 2203 et
1078 2177 1106 2202 in
1119 2177 1218 2211 ipsum,
1235 2174 1262 2202 id
1281 2178 1332 2209 est,
1345 2174 1379 2202 ab
1394 2174 1452 2209 ipso
1473 2173 1591 2210 pendent
1604 2173 1707 2201 omnia.

15 2224 17 2227 τ
63 2210 182 2265 ἐποίησεν
216 2212 308 2249 αὐτὸς,
336 2213 404 2243 ἀλλὰ
435 2214 479 2243 καὶ
508 2214 582 2248 αὐτὸς
611 2214 678 2243 αὐτὰ
702 2219 860 2254 συγκρατεῖ,

153 2256 166 2265 .
215 2258 224 2265 .
342 2260 372 2265 η.
410 2259 427 2265 μ
486 2259 493 2265 .
528 2261 544 2265 μ
639 2260 645 2265 ,
717 2260 725 2265 .
757 2259 772 2265 ,.
803 2260 811 2265 .

943 2210 974 2248 eo
988 2220 1046 2256 ipse
1057 2227 1086 2248 ea
1104 2223 1213 2247 tantum
1234 2218 1367 2253 condidit,
1392 2226 1488 2246 verum
1503 2219 1585 2246 etiam
1605 2226 1638 2246 ea
1652 2218 1709 2254 ipse

62 2253 127 2284 ὥστε
140 2256 184 2299 -ἂν
208 2258 372 2298 ἀποσπασθῇ
394 2259 440 2294 τ’ἤς
464 2259 544 2288 αὐτοῦ
555 2260 694 2299 προνοίας,
711 2259 858 2290 ἀπόλωλεν.

59 2300 116 2329 Οὔκ
130 2296 189 2331 εἷπε
215 2301 261 2340 δὲ,
277 2296 425 2342 Διακρατεῖ
437 2326 444 2340 ,
468 2303 538 2333 ἀλλὰ
564 2296 594 2333 τί)
620 2303 798 2343 λεπτότερον,
815 2305 862 2338 Εἰς

63 2344 139 2374 αὐτὸν
166 2347 293 2377 ἁπονεύει
320 2348 366 2377 καὶ
387 2347 538 2388 κρέμαται·
560 2349 606 2378 καὶ
629 2351 707 2378 τοῦτο
732 2349 810 2387 μόνον
833 2350 863 2378 τὸ

60 2392 122 2429 πρὸς
147 2391 229 2421 αὐτὸν
254 2392 389 2422 ἀπονεύειν
424 2393 514 2423 ἱκανόν
539 2395 595 2422 ἐστι
622 2394 774 2434 διακρατεῖν
813 2394 860 2424 καὶ

61 2434 210 2476 συσφίγγειν
238 2437 318 2468 αὐτά.
342 2439 429 2467 Τοῦτο
444 2437 471 2467 δὲ
491 2439 540 2479 οὐχ
566 2434 644 2474 ἧττον
666 2441 711 2468 τοῦ
732 2439 858 2479 δημιουρ-

60 2479 139 2516 γῆσαί
150 2482 209 2511 ἐστι
219 2493 228 2500 ο
245 2482 347 2520 μᾶλλον
359 2482 396 2522 »δὲ
411 2483 471 2513 ὅσον
494 2483 547 2512 ἀπὸ
560 2484 612 2512 τῶν
628 2484 689 2513 καθ’
703 2485 775 2522 ἡμᾶς
787 2505 796 2520 ,
811 2484 857 2514 καὶ

59 2526 154 2568 μεῖζον.
180 2526 239 2556 Καὶ
255 2526 306 2567 γὰρ
323 2528 399 2565 ἡμεῖς
414 2527 580 2568 ἐργαζόμεθα
603 2528 652 2567 μὲν
676 2527 798 2567 ἱμάτιον,
812 2541 857 2558 τυ-

58 2567 120 2613 ιρν,
134 2568 151 2605 ἢ
172 2570 277 2610 οἴκημα
293 2583 300 2590 ο
315 2567 479 2612 ωντηρῆσαι
496 2572 523 2602 δὲ
539 2573 593 2602 ἀπὸ
612 2575 657 2609 τῆς
678 2576 775 2613 φθορᾶς
792 2574 856 2603 αὐτὸ

59 2612 86 2640 οὖ
100 2614 238 2653 δυνάμεθα
254 2627 262 2635 ’
277 2616 354 2651 αὐτὸς
369 2617 397 2647 δέ
410 2617 456 2647 καὶ
470 2617 578 2654 ἐποίησε
593 2617 639 2647 καὶ
659 2612 796 2659 σύντηρεῐ.

93 2705 100 2726 ³
114 2706 193 2736 Joan.
210 2715 236 2742 ι,
253 2709 281 2736 3:

917 2266 1050 2300 continet,
1066 2265 1103 2292 ita
1127 2269 1158 2292 ut
1181 2265 1204 2291 si
1223 2264 1258 2291 ab
1273 2264 1334 2299 ejus
1353 2263 1522 2300 providentia
1546 2263 1710 2298 avellantur,

917 2314 1037 2346 pereant.
1057 2310 1121 2337 Non
1136 2309 1203 2336 dixit
1218 2313 1311 2336 autem
1330 2309 1472 2344 Διακρατεῒ,
1489 2308 1516 2336 id
1540 2312 1582 2336 est
1599 2316 1713 2337 conser-

918 2360 972 2390 vat,
987 2354 1037 2383 sed
1051 2353 1126 2390 quod
1139 2353 1268 2381 subtilius
1281 2358 1334 2388 est,
1344 2355 1373 2381 In
1388 2354 1478 2389 ipsum
1494 2357 1622 2389 vergunt,
1632 2358 1661 2382 et
1677 2354 1712 2381 ab

917 2408 949 2429 eo
969 2399 1099 2436 pendent.
1131 2401 1221 2435 Atque
1242 2398 1295 2427 hoc
1317 2399 1409 2427 solum
1421 2399 1449 2426 in
1474 2406 1540 2426 eum
1566 2398 1710 2434 respicere,

912 2445 977 2473 satis
991 2448 1032 2472 est
1045 2447 1075 2472 ut
1086 2444 1226 2472 contineat
1236 2448 1262 2471 et
1276 2443 1445 2480 constringat
1459 2443 1515 2472 illa.
1531 2445 1593 2471 Hoc
1608 2447 1707 2471 autem

913 2492 967 2518 nim
984 2489 1078 2517 minus
1090 2493 1132 2517 est
1145 2496 1228 2524 quam
1238 2496 1331 2517 creare
1343 2498 1349 2516 ε
1360 2489 1418 2516 imo
1434 2488 1524 2525 potius
1539 2487 1629 2524 quoad
1643 2495 1706 2521 nos,

913 2539 940 2564 et
954 2535 1046 2571 majus
1060 2538 1112 2562 est.
1129 2534 1239 2562 Etenim
1256 2542 1308 2562 nos
1321 2533 1482 2562 conﬁcimus
1500 2533 1611 2569 pallium
1639 2532 1696 2560 for-

913 2583 994 2611 tasse,
1005 2579 1046 2606 vel
1062 2578 1177 2607 domum
1190 2588 1197 2607 :
1213 2586 1374 2606 conservare
1397 2583 1489 2606 autem
1499 2578 1589 2612 ipsum
1601 2585 1619 2605 a
1633 2584 1697 2604 cor-

914 2625 1043 2661 ruptione
1056 2632 1112 2652 non
1127 2632 1282 2660 possumus.
1302 2625 1362 2659 Ipse
1383 2631 1445 2651 vero
1460 2627 1487 2651 et
1500 2622 1566 2650 fecit
1595 2625 1624 2650 et
1642 2629 1707 2649 con-

916 2673 1016 2697 servat.

752 2745 845 2775 Variae
867 2746 1018 2776 lectiones.

93 2792 113 2811 '5
124 2796 227 2830 πρώτης
238 2803 267 2825 ο.
304 2797 326 2816 ⁸⁸
341 2797 382 2826 ἴσ.
395 2797 463 2824 ἄλλα
475 2796 559 2825 ἐκεῖνοι
572 2805 599 2826 ο.
636 2796 657 2815 ⁶’¹
672 2797 751 2831 δηλοῖ
762 2805 795 2832 0.;
