1890 3077
201 149 268 176 1223

234 211 323 238 Vzns.
338 212 380 237 17.
398 209 432 236 Et
442 210 497 243 ipse
508 211 545 236 est
560 211 621 236 ante
631 210 731 242 omnia,
752 212 775 236 ct
794 210 881 235 omnia
893 210 921 235 in
937 210 992 243 ipso
1005 219 1033 252 Α

197 258 354 285 consistunt.
370 255 507 284 Continuo
526 255 621 283 eadem
646 259 743 290 versat,
770 256 914 283 verborum
938 254 991 282 fre-

195 301 316 337 quentia,
334 305 466 337 tanquam
482 300 646 336 quibusdam
676 300 780 328 crebris
796 299 904 334 ictibus,
919 299 992 327 radi-

195 346 264 374 citus
277 345 394 374 evellens
415 345 601 381 perniciosum
617 345 726 379 dogma.
755 345 875 372 Observa
900 348 992 371 autem

195 390 330 428 quodnon
343 390 454 423 dixerit,
464 389 552 418 factus
562 394 602 417 est
617 390 674 425 ipse
682 394 743 417 ante
753 390 855 422 omnia,
868 388 924 419 ed.
934 391 991 420 Est,

195 434 269 472 quod
287 437 346 463 Deo
362 435 483 462 maxime
499 434 650 470 proprium.
666 434 712 462 Ubi
727 438 819 462 autem
837 438 879 461 est
892 433 992 462 Paulus

193 479 405 512 Samosatensis,
416 478 462 514 qui
478 487 493 505 a
506 479 591 506 Maria
602 478 690 513 ipsum
703 478 817 513 cmpisse
846 477 969 505 afﬁrmat
981 479 992 504 ἒ

195 525 228 552 In
243 523 302 560 ipso
316 531 397 558 porro
407 523 572 555 consistunt,
586 527 720 558 tanquam
732 522 759 550 in
785 521 967 551 fundamento
983 533 989 550 ε

195 569 234 596 sic
250 572 277 596 et
297 567 494 604 primogenitus
515 571 557 595 est
571 571 713 601 crcaturzn,
734 572 865 603 tanquam
890 566 990 595 funda-

195 617 331 642 mentum.
349 613 405 641 lioc
416 616 509 641 autem
525 621 582 640 non
603 613 731 641 eamdem
747 621 811 640 cum
831 612 912 640 rebus
926 620 990 639 con-

194 656 259 685 ditis
279 657 426 685 essentiam
438 657 583 693 signiﬁcat,
603 657 651 685 sed
675 656 751 694 quod
762 657 856 685 omnia
879 657 905 684 in
931 656 990 692 ipso

192 701 316 730 ferantur
329 707 548 738 moveamurque
556 722 563 729 .

225 746 309 783 472
321 747 407 775 Vsus.
423 750 467 774 18.
481 748 515 774 Et
523 748 580 781 ipse
591 749 629 774 est
635 750 716 782 caput
729 747 845 782 corporis
857 747 986 776 Ecclesia.

191 793 341 828 Postquam
354 791 388 820 de
409 791 469 820 Filii
481 792 612 828 dignitate
638 791 774 826 disseruit,
795 792 829 820 de
844 792 989 820 clementia

192 836 319 872 deinceps
346 837 425 864 verba
451 835 525 864 facit.
550 836 602 872 Qui
635 837 711 865 enim
745 836 815 865 adeo
845 845 990 872 supremus

191 882 317 910 omnium
333 885 384 914 est,
398 882 444 917 qui
462 886 581 913 creator,
603 882 649 917 qui
663 886 848 914 conservator,
869 882 989 917 seipsum

190 926 366 954 inferioribus
375 926 521 962 copulavit.
532 927 589 954 Nec
603 926 681 960 dixit,
699 926 877 954 Plenitudinis
892 927 987 954 ECcle-

189 972 247 1005 εἰδὲ,
261 971 320 1004 sed,
333 973 453 1006 Corporis
470 981 477 998 :
492 975 522 999 ut
540 971 668 999 ostendat
681 975 837 999 accuratam
851 971 893 998 sui
925 979 987 1006 erga

192 1024 242 1044 nos
251 1016 486 1052 conjunctionem,
502 1020 528 1043 et
540 1015 613 1051 quod
627 1023 738 1043 carnem
758 1015 881 1051 ejusdem
895 1015 988 1043 nobis-

191 1069 255 1089 cum
270 1061 429 1089 substantia:
443 1060 630 1096 assumpserit,
656 1065 683 1088 et
705 1068 760 1088 non
773 1068 805 1088 ex
821 1060 907 1088 caelis.
932 1061 987 1088 Ec-

189 1106 297 1133 clesiam
311 1105 385 1132 enim
402 1113 451 1140 pro
466 1105 594 1132 universo
611 1105 769 1132 mortalium
793 1112 891 1140 genere
905 1112 987 1132 acce-

190 1151 230 1186 pit
248 1150 357 1183 Paulus,
380 1149 490 1185 perinde
503 1157 535 1177 ac
553 1150 577 1177 si
590 1149 673 1183 dicat,
691 1151 721 1176 ln
742 1150 919 1185 generatione
942 1157 985 1177 se-

188 1195 310 1223 cundum
333 1202 446 1222 carnem
471 1194 575 1230 primus
598 1198 639 1222 est
664 1193 818 1228 hominum,
853 1198 986 1230 tanquam

190 1244 281 1276 caput.

225 1286 276 1318 Qui
289 1287 328 1312 cst
337 1286 511 1320 principium,
523 1285 718 1319 primogenitus
728 1291 763 1311 ex
776 1285 898 1311 mortuis.
912 1283 987 1311 Prin-

188 1330 300 1366 cipium,
316 1330 364 1364 ait,
380 1329 586 1357 resurrectionis
597 1333 647 1364 est,
662 1329 761 1365 quippe
772 1329 818 1365 qui
844 1337 899 1364 prae
914 1337 985 1356 cun-

185 1375 237 1403 ctis
252 1375 409 1402 resurrexit.
420 1375 567 1410 Postquam
585 1378 678 1402 autem
695 1374 775 1402 solvit
787 1374 896 1402 dolores
911 1382 985 1401 mor-

188 1419 232 1454 tis,
246 1419 347 1447 merito
366 1419 564 1456 primogenitus
581 1419 692 1447 dicitur.
707 1419 791 1454 Atqui
818 1419 911 1452 habet,
927 1422 985 1446 tan-

188 1472 270 1500 quam
286 1464 421 1500 primitiaz,
441 1467 588 1499 sequentes
613 1464 703 1500 ipsum
718 1467 747 1490 et
767 1464 888 1499 reliquos
910 1463 986 1491 :Pri-
1002 1475 1024 1506 ρ

189 1510 275 1537 milia:
293 1510 364 1537 enim
385 1508 574 1544 quorumdam
588 1512 653 1536 sunt
675 1507 812 1543 primitize.
840 1509 872 1535 Et
893 1516 988 1543 quem-

188 1554 337 1582 admodum
362 1561 416 1580 uno
430 1553 580 1588 manipulo,
609 1552 691 1579 veluti
717 1552 858 1588 primitiis,
881 1552 986 1587 oblato,

188 1602 245 1626 tota
262 1597 357 1625 messis
374 1596 542 1625 benedicitur
558 1607 564 1624 :
590 1597 629 1624 sic
644 1604 691 1632 per
706 1596 793 1632 ipsum
814 1604 911 1625 omnes
925 1605 985 1625 san-

188 1642 298 1670 ctiﬁcati
319 1649 416 1669 sumus
441 1645 468 1668 et
486 1641 594 1668 oblati:
622 1649 731 1676 unoque
755 1649 869 1676 corpore
895 1649 985 1669 resur-

188 1690 279 1723 gente,
293 1686 418 1714 universa
431 1689 529 1713 natura
544 1685 627 1720 digna
657 1685 856 1713 resurrectione
866 1685 984 1721 judicata

189 1735 240 1759 est.

228 1777 261 1804 Ut
266 1777 301 1803 sit
313 1776 342 1803 in
356 1775 479 1803 omnibus
489 1776 546 1810 ipse
550 1776 699 1810 primatum
708 1777 807 1802 tenens.
820 1776 851 1802 In
858 1774 986 1803 omnibus

188 1829 250 1858 qua:
261 1821 332 1849 circa
345 1821 435 1856 ipsum
452 1820 668 1848 considerantur.
687 1820 795 1847 Etenim
805 1823 868 1847 ante
893 1820 985 1847 omnia

186 1871 268 1894 natus
281 1870 324 1894 est
340 1873 373 1893 ex
394 1867 482 1898 Patre,
509 1864 634 1900 adeoque
659 1864 764 1899 primus
792 1868 833 1892 est
847 1865 985 1898 omnium,

186 1915 316 1947 tanquam
330 1914 410 1946 caput
421 1909 557 1943 Ecclesiae,
574 1913 656 1944 atque
676 1917 732 1944 pra:
742 1909 872 1936 omnibus
893 1917 984 1936 resur-

186 1956 264 1990 rexit,
293 1955 398 1983 donans
429 1955 467 1982 eis
487 1953 735 1987 immortalitatem,
765 1961 815 1980 ceu
847 1954 983 1988 primitiae.

187 2003 243 2030 Etsi
254 2001 328 2029 enim
341 2000 385 2028 alii
398 2004 462 2027 ante
482 1999 554 2028 hunc
578 2002 794 2032 resurrexerunt,
819 2007 914 2027 rursus
948 2003 986 2025 ta-

187 2055 249 2074 men
264 2045 363 2073 mortui
379 2049 442 2072 sunt
457 2054 463 2072 :
480 2045 536 2079 ipse
550 2048 642 2072 autem
657 2043 775 2079 perfecta
787 2043 985 2071 resurrectione

187 2090 342 2118 resurrexit.
362 2091 468 2124 Reputa
485 2092 577 2116 autem
591 2092 692 2122 tecum,
709 2087 753 2116 hic
774 2095 838 2115 eum
852 2095 911 2115 esse
929 2087 984 2122 pri-

708 145 964 174 TllEOPHYLACTl
984 143 1161 172 BULGARlA-Z
1181 143 1337 172 ARCHIEP.

1792 149 1862 175 12⁸24

1089 220 1100 232 ι
1111 206 1164 236 Καὶ
1174 206 1251 240 αὐτός
1265 208 1321 235 ἐστι
1336 206 1388 247 πρὸ
1400 207 1520 244 πάντων,
1535 208 1581 237 χαὶ
1592 208 1625 238 τὰ
1635 208 1728 238 πάντα
1743 211 1770 239 ἐν
1785 211 1862 250 αὖτῷ

1047 251 1202 287 συνέστηκε.
1221 265 1232 277 ι
1244 252 1368 291 Συνεχῶς
1383 252 1416 280 τὰ
1432 252 1507 291 αὖτὰξ
1517 253 1622 293 στρέφει
1637 276 1644 291 ,
1721 256 1859 294 envy/eis;

1045 297 1097 325 τῶν
1117 296 1255 337 ῥημάτων,
1278 297 1399 336 καθάπερ
1421 297 1474 326 τισὶ
1498 300 1609 331 πυκναῖς
1625 300 1765 337 πληγαῖς,
1783 301 1856 339 1:955-

1048 342 1116 380 ῥιζον
1133 342 1257 370 ἀνασπῶν
1280 341 1310 370 τὸ
1327 341 1443 382 ὀλέθριον
1459 341 1556 380 δόγμα.
1573 342 1648 382 Ὅρα
1676 344 1723 380 δὲ,
1742 345 1795 374 οὐκ
1815 340 1855 373 εῖ-

1047 397 1095 414 πεν
1106 408 1114 421 ,
1130 386 1170 414 ὅτι
1191 386 1266 418 αὐτὸς
1286 385 1376 424 γέγονε
1391 386 1442 424 πρὸ
1458 387 1564 416 πάντων
1575 410 1583 423 ,
1601 387 1674 418 ἀλλ’.
1703 399 1719 416 ιι
1735 387 1855 422 Ἔστιν,

1045 429 1111 469 ὅπερ
1125 431 1188 470 Θεῷ
1204 430 1375 460 οἰκειότατον.
1393 432 1451 461 Ποῦ
1467 430 1494 460 δὲ
1511 433 1619 465 Παῦλος
1633 434 1646 461 6
1660 433 1855 470 Σαμοσατεός,

1046 474 1157 513 ὁλέγων
1183 475 1236 504 ἀπὸ
1261 477 1368 515 Μαρίας
1394 476 1473 504 αὐτὸν
1498 476 1642 516 ἄρξασθαι;
1665 477 1717 507 Ἐν
1734 478 1813 517 αὐτῷ
1831 479 1856 506 δὲ

1046 519 1218 555 συνέστηκεν,
1234 521 1268 553 ὡς
1288 519 1401 560 θεμελίῳ
1416 531 1423 538 ·
1449 520 1518 549 οὕτω
1540 521 1585 551 καὶ
1610 522 1784 562 πρωτότοκός
1800 525 1857 552 ἐστι

1046 565 1091 599 τῆς
1104 564 1226 600 κτίσεως,
1242 567 1276 597 ὡς
1293 564 1421 603 θεμέλιος.
1442 566 1527 596 Τοῦτο
1541 567 1568 596 δὲ
1584 568 1635 606 οὐχ
1649 567 1854 605 ὁμοουσιότητα

1045 609 1109 648 πρὸς
1124 608 1158 638 τὰ
1183 609 1318 648 κτίσματα
1340 610 1432 646 δηλοῖ,
1461 611 1533 639 ἀλλὰ
1558 611 1587 640 τὸ
1607 612 1696 641 πάντα
1721 613 1750 641 ἐν
1778 613 1854 652 αὐτῷ

1046 654 1178 693 φέρεσθαι.

1090 754 1105 772 α
1130 743 1184 774 Καὶ
1214 744 1292 777 αὐτός
1312 746 1382 774 ἐστιν
1398 747 1415 781 ἡ
1440 746 1542 785 κεφαλῆ
1569 748 1615 775 τοῦ
1641 746 1771 784 σώματος
1802 749 1850 782 τῆς

1045 787 1219 824 Ἐκκλησίας.
1235 802 1246 814 ι
1262 789 1354 819 Εἰπὼν
1376 790 1437 829 περὶ
1451 792 1497 825 τ’ἧς
1514 791 1587 824 ἀξίας
1609 793 1655 820 τοῦ
1672 793 1758 828 Υἲοῐῖ,
1776 792 1849 830 λέγει

1044 833 1134 863 λοιπὸν
1164 833 1209 862 καὶ
1236 834 1295 873 περὶ
1321 836 1369 869 τῆς
1389 835 1600 874 φιλανθρωπίας.
1630 835 1667 866 (Ο
1693 836 1748 875 γὰρ
1779 837 1849 866 οὕτω

1009 870 1031 901 Β
1044 877 1148 906 πάντων
1172 878 1299 917 ἀνώτερος
1311 903 1319 916 ,
1341 881 1354 908 6
1370 879 1494 915 ποιητὴς,
1509 883 1524 909 ὀ
1540 879 1679 919 συνοχεὺς,
1699 885 1759 914 τοῖς
1774 882 1847 910 κάτω

1044 922 1135 951 ἑαυτὸν
1153 925 1262 962 συνῆψε.
1281 924 1335 954 Καὶ
1350 924 1398 953 οὐκ
1413 921 1489 963 εἶπε,
1511 926 1566 954 Τοῦ
1588 925 1775 963 πληρώματος
1802 929 1848 961 ri:

1041 968 1204 1002 Ἐκκλησίας
1215 990 1223 1005 ,
1245 967 1328 1004 ἀλλὰ,
1347 979 1362 997 a
1376 970 1432 998 Τοῦ
1446 969 1570 1006 σώματος
1585 981 1591 987 ·
1608 984 1619 995 ι
1632 969 1677 998 ἵνα
1701 971 1777 1010 δείξῃ
1800 971 1845 1004 τήν

1041 1011 1178 1050 ἀκρίϐειαν
1199 1015 1245 1048 τῆς
1263 1013 1326 1052 πρὸς
1343 1015 1412 1050 ἡμᾶς
1433 1014 1593 1048 οἰκειότητος
1619 1015 1716 1049 αὐτοῦ,
1744 1016 1791 1043 καὶ
1807 1016 1845 1044 ὅτι

1041 1057 1181 1094 ὁμοουσίαν
1199 1058 1262 1094 ἡμῖν
1279 1057 1393 1086 ἀνέλαϐε
1416 1058 1503 1098 σάρκα
1514 1082 1522 1097 .,
1544 1058 1590 1087 καὶ
1605 1060 1652 1088 οὐκ
1670 1059 1695 1093 ἐξ
1713 1061 1843 1099 οὐρανῶν.

1041 1100 1098 1135 Τὴν
1114 1101 1166 1140 γὰρ
1191 1100 1355 1137 Ἐκκλησίαν
1382 1103 1439 1130 ἀντὶ
1459 1104 1556 1136 παντὸς
1581 1104 1730 1143 ἀνθρώπων
1757 1106 1845 1143 γένους

1041 1144 1120 1174 ἔλαϐε
1145 1146 1250 1179 Παῦλος
1264 1157 1270 1164 ·
1287 1146 1360 1175 ὡσὰν
1377 1147 1398 1175 εἰ
1423 1146 1527 1185 ἔλεγεν,
1553 1147 1593 1176 ὅτι
1618 1149 1663 1177 καὶ
1679 1149 1707 1177 ἐν
1775 1151 1842 1178 κατὰ

1040 1189 1126 1228 σάρκα
1155 1190 1275 1229 γεννήσει
1304 1192 1407 1231 πρῶτος
1439 1193 1490 1220 τῶν
1528 1192 1692 1233 ἀνθρώπων,
1730 1195 1767 1226 ὣς
1797 1205 1842 1222 κε-

1040 1234 1123 1274 φαλή.

1083 1289 1096 1306 κ
1111 1278 1160 1312 Ὃς
1175 1281 1247 1308 ἔστιν
1270 1279 1358 1319 ἀρχὴ,
1383 1281 1550 1320 πρωτότοκος
1570 1283 1599 1311 ἐκ
1623 1285 1677 1312 τῶν
1693 1284 1808 1322 νεκρῶν.
1827 1296 1838 1309 ι

1041 1323 1137 1363 Ἀρχὴ,
1169 1324 1267 1364 φησὶν,
1295 1325 1350 1354 ἔστι
1371 1327 1418 1360 τῆς
1438 1326 1627 1363 ἀναστάσεως,
1653 1327 1706 1367 πρὸ
1734 1329 1841 1357 πάντιιιν

1039 1369 1163 1402 ἀναστάς.
1181 1368 1294 1405 Ἐπειδὴ
1313 1370 1340 1398 δὲ
1364 1369 1440 1399 ἔλυσε
1459 1373 1506 1403 τὰς
1521 1372 1618 1404 ὠδῖνας
1638 1376 1686 1401 τοῦ
1704 1373 1835 1407 Θανάτου,

1039 1413 1144 1447 εἰκότως
1159 1414 1204 1442 καὶ
1228 1414 1394 1452 πρωτότοκος
1417 1415 1535 1454 λέγεται.
1565 1414 1644 1455 Ἔχει
1672 1417 1787 1455 μέντοι,
1810 1420 1843 1450 ὡς

1040 1458 1168 1498 ἀπαρχὴ,
1194 1459 1438 1492 ἐπακολουθοῦντας
1462 1461 1533 1499 αὖτῷ
1557 1462 1603 1489 καὶ
1627 1461 1687 1494 τοὺς
1722 1463 1838 1495 λοιπούς.

1042 1502 1077 1532 Ἡ
1092 1503 1143 1542 γὰρ
1166 1504 1277 1542 ἀπαρχὴ
1309 1506 1386 1533 τινῶν
1423 1506 1492 1534 ἐστιν
1517 1506 1637 1544 ἀπαρχή.
1665 1506 1722 1536 Καὶ
1749 1506 1838 1546 ὥσπερ

1041 1549 1096 1580 ἑνὸς
1110 1548 1260 1586 δράγματος
1271 1570 1278 1584 ,
1295 1550 1329 1581 ὡς
1344 1551 1480 1588 ἀνι-αρχῆς,
1498 1551 1714 1589 προσαγομένου,
1731 1551 1763 1580 τὸ
1781 1552 1838 1580 ὅλον

1040 1591 1111 1631 Θέρος
1126 1593 1271 1630 εὐλογεῖται
1285 1605 1290 1610 ·
1307 1593 1376 1622 οὕτω
1391 1595 1424 1622 δι’
1441 1595 1521 1622 αὐτοῦ
1540 1595 1636 1627 πάντες
1650 1596 1836 1634 ἡγιάσθημεν,

1041 1637 1085 1664 καὶ
1114 1638 1320 1676 προσήχθημεν,
1357 1639 1403 1666 καὶ
1429 1638 1484 1672 ἑνὸς
1510 1639 1634 1676 σώματος
1659 1641 1836 1675 ἀναστάντοςΣ

1041 1686 1114 1710 πᾶσα
1131 1683 1146 1716 ἡ
1162 1682 1238 1720 φύσις
1253 1685 1302 1718 τῆς
1321 1683 1492 1716 ἀναστάσεως
1508 1683 1628 1719 ἠξίωται.

1083 1783 1095 1796 οι
1112 1769 1172 1800 Ἵνα
1187 1770 1297 1809 γένηται
1312 1772 1337 1800 ἐν
1353 1775 1433 1800 πᾶσιν
1456 1772 1533 1805 αὐτὸς
1555 1773 1712 1811 πρωτεύων.
1727 1788 1740 1799 ιι
1755 1775 1778 1813 ξι
1794 1775 1835 1805 Ἐν

1040 1818 1135 1849 1:801,-
1146 1817 1198 1848 τοῖς
1211 1816 1270 1855 περὶ
1282 1817 1360 1846 αὐτὸν
1375 1816 1572 1856 θεωρουμένοις.
1591 1819 1643 1847 Καὶ
1659 1818 1712 1858 γὰρ
1726 1820 1774 1848 καὶ
1786 1821 1833 1857 πρὸ

1040 1860 1145 1889 πάντων
1155 1860 1309 1898 γεγέννηται
1324 1861 1353 1890 ἐκ
1366 1864 1410 1890 τοῦ
1424 1862 1537 1901 Πατρὸς,
1554 1862 1598 1891 καὶ
1611 1865 1716 1902 πρῶτος
1732 1865 1834 1894 πάντων

1040 1904 1121 1939 ἐστὶν,
1137 1905 1172 1938 ὡς
1193 1905 1295 1944 κεφαλή
1318 1907 1365 1940 τῆς
1387 1905 1562 1941 Ἐκκλησίας·
1585 1907 1630 1935 καὶ
1653 1908 1706 1946 πρὸ
1726 1909 1831 1938 πάντων

1041 1949 1154 1985 ἀνέστη,
1190 1950 1362 1988 χαριζόμενος
1397 1951 1484 1984 αὐτοῖς
1512 1951 1560 1986 τὴν
1601 1952 1772 1991 ἀφθαρσίαν,
1801 1956 1833 1986 ὡς

1040 1994 1161 2033 ἀπαρχή,
1193 1995 1224 2023 Εἰ
1240 1993 1291 2034 γὰρ
1307 1994 1353 2024 καὶ
1383 1995 1459 2024 ἄλλοι
1483 1995 1534 2034 πρὸ
1557 1995 1650 2025 τούτου
1675 1997 1835 2033 ἀνέστησαν,

1039 2039 1106 2067 ἀλλα
1121 2039 1202 2067 πάλιν
1216 2039 1345 2068 ἀπέθανον
1364 2050 1371 2058 ’
1385 2040 1462 2072 αὐτὸς
1477 2040 1503 2068 δὲ
1522 2040 1569 2075 τὴν
1593 2040 1697 2069 τελείαν
1717 2043 1834 2071 ἀνάστει-

1039 2093 1079 2111 σιν
1095 2082 1200 2119 ἀνέστη.
1215 2082 1304 2123 ⁰ορα,
1319 2083 1352 2122 Δδὲ
1363 2106 1371 2121 ,
1400 2085 1512 2113 ἐνταῦθα
1529 2086 1576 2123 μὲν
1598 2086 1783 2125 πρωτότοκος,
1800 2090 1833 2120 ὡς

186 2135 365 2172 mogenitum,
386 2138 517 2169 tanquam
551 2132 685 2168 primitias
705 2132 923 2166 resurrectionis,
951 2139 983 2160 eo

1078 2128 1146 2167 αρχὴ
1176 2130 1222 2163 τῆς
1246 2128 1431 2164 ἀναστάσεως,
1457 2129 1521 2158 διότι
1546 2131 1563 2164 ἡ
1593 2131 1784 2168 παλιγγενεσία
1813 2136 1827 2167 ἦ

186 2180 258 2216 quod
284 2179 451 2217 regeneratio
466 2178 501 2206 sit
525 2177 622 2205 eadem
647 2187 653 2205 ε
674 2177 729 2205 illic
752 2181 845 2205 autem
867 2185 924 2205 non
943 2181 983 2204 est

185 2226 313 2262 primitia:
341 2224 497 2257 ereationis,
513 2224 564 2251 etsi
578 2223 788 2259 primogenitus.
816 2224 887 2251 Nam
911 2223 980 2250 ratio

185 2271 308 2299 essentiae
320 2279 377 2298 non
389 2274 431 2298 est
445 2268 542 2297 eadem
564 2277 571 2294 :
599 2276 693 2296 verum
710 2269 754 2296 ille
773 2268 884 2304 quidem
900 2271 982 2295 natus

1037 2172 1102 2207 αὐτή
1115 2182 1122 2189 θ
1135 2173 1188 2201 ἐκεῖ
1200 2171 1244 2211 δὲ,
1259 2173 1306 2201 οὐκ
1322 2173 1433 2212 ἀπαρχὴ
1452 2175 1499 2209 τῆς
1513 2174 1638 2209 κτίσεως,
1656 2176 1678 2203 εἰ
1694 2174 1740 2203 καὶ
1757 2188 1826 2215 πρωι

1037 2216 1151 2250 τότοκος.
1178 2218 1218 2246 Οὖ
1234 2217 1285 2256 γὰρ
1300 2219 1315 2246 ὁ
1339 2219 1386 2246 τοῦ
1406 2213 1473 2246 εἶναι
1496 2217 1591 2257 τρόπος
1615 2220 1628 2246 ὁ
1650 2219 1730 2253 αὐτός
1746 2230 1754 2236 ”
1775 2213 1829 2249 ἀλλ’

1038 2263 1051 2289 6
1066 2261 1113 2298 μὲν
1127 2261 1250 2299 ἐγεννήθη
1265 2272 1273 2280 ⁸
1287 2264 1304 2297 ἡ
1320 2261 1347 2291 δὲ
1361 2261 1458 2298 κτίσις,
1476 2262 1540 2292 αὐτὸ
1555 2265 1631 2291 τοῦτο
1645 2263 1742 2296 κτίσις.

185 2321 227 2344 est
243 2325 249 2343 :
263 2319 385 2343 creatura
396 2322 459 2342 vero
473 2314 525 2341 hoc
538 2313 606 2348 ipso,
617 2313 765 2341 creationis
783 2313 895 2340 nomine
910 2312 1054 2345 nimirum,
1071 2313 1196 2337 creatura
1212 2313 1264 2338 est.

221 2362 310 2388 Vsus.
336 2362 378 2387 19.
393 2360 524 2392 Quoniam
541 2359 569 2384 in
583 2359 639 2392 ipso
651 2359 756 2393 placuit
769 2366 872 2386 omnem
894 2358 981 2393 pleni-

186 2405 311 2433 tudinem
337 2404 501 2431 inhabitare.
534 2402 730 2431 Plenitudinem
749 2403 910 2436 divinitatis,
930 2403 982 2430 hoc

185 2453 236 2484 est,
251 2449 272 2477 si
287 2448 353 2485 quid
365 2452 423 2476 erat
437 2448 521 2476 Filius
537 2447 668 2481 Verbum,
685 2448 738 2475 illic
760 2448 906 2482 habitavit,
922 2456 980 2476 non

185 2494 307 2531 operatio
320 2494 377 2521 sive
391 2497 470 2521 actus
488 2491 631 2528 quispiam,
650 2492 699 2520 sed
711 2493 837 2521 essentia.
854 2495 915 2521 Non
930 2501 978 2529 po-

185 2543 238 2567 test
251 2542 344 2566 autem
364 2537 445 2566 aliam
467 2536 557 2565 dicere
571 2545 693 2571 causam,
708 2537 761 2565 nisi
771 2537 973 2573 beneplacitum

186 2589 214 2613 et
229 2585 397 2612 voluntatem
424 2583 486 2611 Dei.

221 2631 310 2658 Vens.
337 2632 381 2656 20.
408 2630 443 2656 Et
469 2635 520 2664 per
535 2629 624 2664 ipsum
648 2627 818 2655 recorwiliare
843 2629 984 2655 omniain

184 2676 284 2711 ipsum.
297 2689 332 2695 —
341 2675 392 2702 Per
407 2675 506 2709 ipsum,
518 2673 571 2702 hoc
581 2677 640 2702 est:
656 2674 718 2709 Ipse
733 2672 804 2700 hanc
814 2672 896 2701 nobis
907 2673 984 2701 salu-

185 2723 243 2748 tem
261 2722 388 2755 operatus
410 2718 563 2755 acquisivit.
588 2720 628 2747 Ne
659 2725 723 2746 vero
741 2718 884 2746 existimes
903 2719 978 2755 quod

1082 2365 1096 2382 (ι
1111 2353 1176 2384 Ὅτι
1191 2356 1217 2384 ἓν
1241 2357 1313 2395 αὐτῷ
1335 2356 1461 2392 εὖδόχησε
1481 2360 1535 2385 πᾶν
1556 2357 1586 2386 τὸ
1610 2356 1746 2396 πλήρωμα
1767 2370 1825 2387 κατ-

1036 2402 1154 2435 οικῆσαι.
1173 2413 1186 2426 κ
1205 2400 1245 2430 Τὸ
1260 2401 1394 2441 πλήρωμα
1411 2403 1458 2436 τῆς
1480 2402 1617 2438 θεότητος,
1643 2403 1788 2438 τουτέστιν,
1808 2405 1828 2432 εἶ

1036 2457 1061 2474 τι
1075 2441 1108 2480 ἦν
1121 2447 1135 2474 6
1150 2444 1215 2478 Υἱὸς
1236 2446 1281 2474 καὶ
1296 2445 1380 2485 Λόγος
1390 2468 1397 2482 ,
1422 2447 1476 2475 ἐκεῖ
1499 2445 1602 2486 ᾤκησεν
1615 2469 1622 2481 ,
1640 2447 1690 2475 οὐκ
1714 2448 1824 2486 ἐνέργειά

1036 2501 1088 2526 τις,
1103 2489 1160 2518 ἀλλ’
1173 2489 1259 2520 οὐσία.
1275 2490 1333 2520 Οὖκ
1349 2490 1404 2530 ἔχει
1425 2490 1453 2519 δὲ
1477 2490 1562 2526 ἄλλην
1583 2491 1665 2520 εἰπεῖν
1681 2491 1785 2528 αἰτίαν,
1805 2494 1823 2521 εἰ

1039 2534 1076 2573 μὴ
1091 2534 1139 2570 τὴν
1150 2534 1268 2564 εὐδοκίαν
1282 2535 1328 2564 καὶ
1341 2535 1387 2571 τὴν
1403 2535 1511 2572 θέλησιν
1525 2537 1569 2564 τοῦ
1582 2536 1664 2565 Θεοῦ.

1083 2635 1098 2654 (ι
1113 2625 1168 2655 Καὶ
1182 2626 1217 2654 δι’
1232 2627 1310 2656 αὐτοῦ
1327 2625 1544 2660 ἀποκαταλλάξαι
1565 2626 1598 2655 τὰ
1621 2626 1711 2656 πάντα
1728 2628 1763 2660 εἰς
1783 2629 1822 2656 r3-

1039 2669 1093 2700 τόν.
1109 2687 1148 2692 ——
1162 2670 1202 2700 Δι’
1224 2672 1314 2708 αὐτοῦ,
1329 2684 1341 2698 ι
1362 2672 1433 2700 τοῦτ’
1459 2671 1530 2700 ἔστιν
1547 2682 1555 2690 ο
1584 2670 1669 2703 Αὐτὸς
1693 2672 1823 2711 ἐνεργήσας

1039 2715 1086 2750 τὴν
1101 2715 1233 2756 σωτηρίαν
1251 2715 1350 2752 ταύτην
1365 2718 1429 2754 ἡμῖν
1445 2715 1653 2755 περιεποιήσατο
1667 2715 1708 2746 ⁸⁸.
1727 2715 1784 2747 Ἵνα
1798 2717 1820 2745 δὲ

877 2763 971 2794 Varia:
992 2763 1146 2794 lectiones.

223 2804 245 2822 ⁸⁸
258 2804 392 2840 ἐχαρίσατο
404 2812 432 2833 0.
