1890 3077
52 196 108 223 I225

466 189 640 218 EXPOSITIO
660 189 691 216 IN
712 189 816 217 EPIST.
837 189 882 216 AD
903 187 1045 216 COLOSS.
1065 203 1100 209 -—
1119 189 1194 216 CAP.
1215 189 1234 216 I.

1608 193 1675 220 i226

46 257 80 296 μὴ
97 255 198 294 νομίσῃς
212 253 252 283 ὅτι
266 252 397 293 ὑπηρέτου
422 251 493 286 τάξιν
513 251 609 287 ἔλαϐε,
630 251 723 292 φησίν·
746 265 757 296 ξι
779 252 823 284 Εἰς
840 252 866 285 Α
881 260 882 263 ‘

931 250 999 279 nstri
1018 251 1109 279 locum
1125 251 1251 287 suscepit,
1268 251 1366 288 inquit,
1382 254 1413 280 In
1433 254 1532 288 ipsum,
1549 254 1602 282 hoc
1622 259 1677 289 est,

46 300 127 331 αὐτόν·
152 314 163 326 ι
188 297 338 335 τουτέστιν,
363 298 441 331 αὐτὸς
467 298 555 337 ἐαυτῷ
585 296 644 330 τοὺς
670 295 821 336 ἀνθρώπους

48 344 193 381 κατήλλαξε.
206 343 262 375 Καὶ
278 343 331 380 μὴν
345 343 463 382 ἀλλαχοῦ
478 337 549 371 εἶπεν
560 363 567 377 ,
579 342 619 371 ὅτι
631 343 669 382 τῷ
686 341 749 380 Θεῷ
762 352 825 370 κατ-

45 389 161 426 ήλλαξαν·
180 389 231 429 ἄρα
254 384 297 419 οὖν
323 386 398 418 κοινὰ
423 387 469 416 καὶ
495 389 541 416 τοῦ
569 387 635 417 Ϊῑοῧ
656 387 689 416 τὰ
714 386 828 426 Πατρός.

45 437 98 466 Οὐκ
111 430 165 464 εἶπε
177 434 216 472 δὲ,
234 432 407 467 Καταλλοίξαι
416 453 425 468 ,
441 431 510 468 ἀλλ’,
529 445 540 458 ι
557 430 805 467 Ἀποκαταλλάξαι,
818 444 828 456 ιι

43 479 182 516 τουτέστιν,
203 479 364 515 ἀποδοῦναι,
388 479 424 510 ὥς
447 476 555 517 ὀφειλήν
581 487 639 506 τινα
666 476 751 505 πάλαι
780 487 827 505 κε-

44 523 255 565 χριωστημίνην,
276 524 323 553 καὶ
339 522 445 555 τελείως
459 523 625 562 εἷρηνεῦσιι,
647 521 716 550 ὥστε
732 520 830 559 μηκέτι

44 560 180 610 ξὶθραίνειν
203 569 285 608 αὐτῷ.
309 568 351 598 Οὖ
373 567 424 607 γὰρ
449 568 465 602 ἡ
486 560 648 606 καταλλαγὴ
673 565 752 604 μόνον
778 567 829 594 ἀπ-

45 605 114 650 ιξόὸη
131 613 173 650 ⁸⁹,
193 605 266 643 ἀλλᾶ
280 612 326 642 καὶ
344 615 358 642 ὁ
374 605 468 651 τρᾶπος
481 613 529 646 τῆς
549 605 734 650 καταλλαγῆς,
752 622 831 640 τουτ-

44 659 108 688 έστιν
123 661 140 694 ἡ
155 657 244 698 σφαγὴ
260 659 306 687 τοῦ
321 657 404 693 Υῐοῧ,
422 656 455 686 τὰ
471 655 583 695 μέγιστα
598 655 719 695 ἴσχυσεν.

81 717 93 730 ιι
120 702 332 742 Εἰρηνοποιήσας
364 702 407 731 διὰ
434 703 480 730 τοῦ
509 699 622 739 αἵματος
645 702 691 730 τοῦ
717 701 832 740 σταυροῦ

45 750 128 778 αὐτοῦ.
148 762 158 773 ιι
173 748 214 777 Τὸ
233 746 280 785 μὶν
294 745 461 780 καταλλάξαι
474 744 522 781 τὴν
539 745 634 785 ἔχθραν
658 744 772 774 δείκνυσι
782 756 789 763 υ
803 743 833 774 τὸ

47 794 70 822 δὲ
92 794 258 832 εἰρηνεῦσαι,
296 791 340 821 τὸν
373 790 501 830 πόλεμον.
536 789 590 821 Καὶ
610 789 664 830 γὰρ
689 791 776 832 ἡμιῖς-
789 788 835 818 καὶ

45 829 128 877 ἐχθροὶ
142 833 210 875 ἧμιν
226 838 264 874 τῷ
282 837 346 876 Θεῷ
367 835 413 865 καὶ
428 835 564 874 πολέμιοι.
581 829 660 874 Μέγα
679 835 726 873 μὲν
746 829 791 864 οὖν
805 833 836 863 τὸ

45 881 204 916 καταλλάξαι
214 893 221 900 ·
237 880 304 911 τὸδὲ
319 880 366 910 καὶ
380 881 414 910 δι’
432 881 526 910 ἑαυτοῦ
538 902 546 916 ,
564 880 667 918 μεῖζονο
683 879 728 909 καὶ
746 879 784 908 ἔτι
797 878 836 915 τὸ,

43 941 54 954 αι
68 927 108 957 Δι’
116 927 230 966 αἵματος
240 938 246 945 ·
259 939 270 952 ι
282 925 328 955 καὶ
338 925 377 955 ἔτι
387 926 426 962 τὸ,
436 938 448 952 ι
460 925 512 956 Διὰ
527 927 654 962 σταυροῦ,
666 937 677 950 ιι
686 928 730 954 τοῦ
741 923 836 961 ἀτίμου

45 971 161 1001 οινοίτου.
190 971 234 1002 Οὗ
257 970 309 1009 γὰρ
335 970 443 1010 ῥήματα
467 969 569 1008 ιῖπὼν,
595 968 836 1010 ὼςῗπρισϐιυτὴς,

43 1015 216 1053 κατήλλαξεν,
229 1016 288 1046 ἀλλ’
300 1009 393 1045 ἑαυτὸν
406 1014 497 1048 ἐκδούς
507 1014 542 1045 ⁹⁰.
556 1014 619 1044 Ὀὔκ
632 1009 689 1043 εἶπε
705 1013 743 1049 δὲ,
760 1027 771 1039 ι
784 1014 838 1043 Τοῦ

44 1064 153 1101 σταυροῦ
163 1075 187 1098 ι,
201 1061 249 1090 καὶ
264 1059 340 1096 ἔστη,
353 1060 422 1089 ἀλλὰ
433 1059 581 1099 προσέθηκε
595 1060 636 1097 τὸ,
648 1072 660 1084 ι
671 1059 765 1094 Αὐτοῦ,
777 1072 788 1084 ι
797 1058 840 1087 ἵνα

44 1105 78 1143 μὴ
100 1105 215 1146 νομίσῃς
238 1104 283 1134 τὸν
308 1104 421 1144 σταυρὸν
447 1103 589 1140 δυνηθῆναί
607 1115 632 1132 τι
653 1102 713 1132 καθ’
734 1102 837 1132 ἑαυτόν.

43 1152 79 1180 οὐ
106 1150 159 1191 γὰρ
187 1150 282 1183 ἁπλῶς
303 1151 317 1178 ὁ
337 1149 450 1189 σταυρὸς
472 1148 588 1187 ἔσωσεν,
613 1147 673 1177 ἀλλ’
698 1147 738 1176 ὅτι
759 1148 839 1177 αὐτοῦ

43 1195 161 1235 σταυρός.

78 1254 89 1267 ι
107 1240 171 1271 Εἴτε
193 1239 231 1269 τὰ
247 1238 291 1268 ἐπὶ
305 1240 351 1274 τῆς
369 1240 434 1277 γῆς,
452 1237 504 1268 εἴτε
519 1238 552 1267 τὰ
569 1239 596 1267 ἐν
614 1242 667 1271 τοῖς
680 1237 808 1277 οὗρανοῖς.
828 1250 840 1264 ι

41 1286 64 1315 Τ
66 1285 81 1314 ἆ
96 1285 145 1324 μὲν
169 1285 217 1314 ἐπὶ
236 1286 283 1319 τῆς
298 1285 347 1322 γῆς
368 1283 487 1316 εἰκότως·
510 1283 621 1316 ἕκαστος
644 1282 695 1322 γὰρ
713 1282 758 1312 καὶ
777 1281 842 1322 πρὸς

40 1329 127 1359 ἑαυτὸν
144 1328 303 1364 ἐστασίαζε,
328 1328 374 1357 καὶ
401 1328 466 1368 πρὸς
483 1328 596 1365 ἄλλους,
613 1327 658 1357 καὶ
674 1327 738 1367 πρὸς
760 1326 842 1362 αὐτὴν

41 1374 65 1404 δὲ
88 1374 136 1410 τὴν
155 1373 306 1413 ἀγγελικὴν
327 1372 396 1408 ζωὴν
418 1372 507 1413 ἐχθροὶ
523 1368 599 1411 ἦμεν.
625 1371 668 1403 Τὰ
690 1372 717 1402 δὲ
744 1374 770 1402 ἐν
794 1372 840 1402 οὗ·

40 1423 139 1459 ρανοῖς,
162 1421 221 1452 πῶς
237 1430 245 1455 ;
264 1417 422 1459 Ἀπέσχιστο
439 1420 456 1453 ἡ
472 1419 507 1456 γῆ
528 1420 574 1447 τοῦ
589 1418 714 1457 οὐρανοῦ,
729 1416 774 1446 καὶ
797 1418 844 1446 ἐκ·

40 1463 271 1502 πεπολεμωμένοι
299 1458 368 1498 ἦσαν
392 1463 416 1491 οἱ
445 1462 551 1501 ἄγγελοι
575 1462 640 1501 πρὸς
666 1460 725 1494 τοὺς
748 1460 845 1501 ἀνθρώ-

38 1521 119 1545 πους,
143 1510 266 1548 δρῶντες
294 1507 339 1537 τὸν
369 1508 469 1536 ἑαυτῶν
500 1506 638 1542 Δεσπότην
661 1506 843 1546 ὑϐριζόμενον·

881 295 939 332 ipse
948 295 1001 324 sibi
1015 295 1066 332 ipsi
1077 295 1204 324 homines
1219 297 1412 325 reconciliavit.
1425 298 1507 334 Atqui
1521 298 1585 327 alibi
1595 298 1676 333 dixit,

882 339 957 376 quod
974 342 1031 369 Deo
1045 340 1240 369 reconciliavit.
1248 341 1418 370 Communia
1434 342 1515 378 igitur
1526 347 1593 371 sunt
1607 343 1676 372 Filio

882 385 968 413 etiam
983 393 1045 422 quae
1057 390 1120 414 sunt
1134 386 1234 414 Patris.
1246 387 1307 414 Non
1318 386 1387 415 dixit
1396 391 1499 422 autem,
1516 388 1677 422 Conciliare,

882 430 940 463 sed.
965 432 1152 463 Reconciliare,
1174 431 1226 460 hoc
1243 435 1294 465 est,
1315 431 1429 460 reddere
1453 433 1534 460 veluti
1553 433 1678 461 debitum

882 474 1035 512 quoddam,
1058 484 1113 512 quo
1133 476 1199 504 olim
1219 476 1369 505 obstrictus
1391 476 1481 511 fuerit,
1508 485 1540 505 ac
1562 477 1681 513 perfecte

884 527 978 556 pacem
992 520 1092 554 facere,
1114 525 1145 549 ut
1159 529 1213 550 non
1233 529 1315 557 porro
1331 521 1369 550 illi
1392 522 1479 550 simus
1494 521 1602 550 infensi.
1617 524 1682 550 Non

884 565 958 594 enim
988 565 1144 594 conciliatio
1165 569 1274 594 tantum
1297 565 1474 601 reddebatur,
1491 575 1586 595 verum
1599 567 1683 595 etiam

884 610 983 638 modus
1005 610 1244 646 reconciliationis,
1261 610 1345 648 473
1361 611 1414 640 hoc
1436 616 1478 640 est
1497 612 1600 640 occisio
1615 612 1682 647 Filii,

885 654 1035 691 plurimum
1048 655 1140 683 valuit.

922 701 1068 735 Paciﬁeans
1074 709 1125 736 per
1136 702 1295 736 sanguinem
1307 703 1394 730 crucis
1414 702 1483 737 ejus.
1496 702 1684 730 Reconciliare

886 745 1059 774 inimicitiam
1085 745 1207 774 ostendit
1225 754 1232 773 :
1248 754 1343 782 pacem
1361 755 1424 775 vero
1447 746 1551 781 facere,
1565 747 1683 776 bellum.

888 790 996 818 Etenim
1009 798 1061 818 nos
1074 794 1103 818 et
1115 790 1221 819 inimici
1245 799 1354 820 eramus
1370 793 1442 825 Deo,
1456 796 1483 820 et
1505 793 1604 820 hostes.
1623 793 1683 821 Ma-

888 843 972 872 gnum
987 835 1071 871 igitur
1084 839 1126 864 est
1145 835 1320 864 reconciliare
1342 845 1349 864 :
1367 841 1396 865 at
1414 844 1462 873 per
1476 836 1608 873 seipsum,
1624 845 1685 865 ma-

886 880 933 916 jus
957 890 962 908 :
977 883 1004 907 ct
1017 879 1117 913 adhuc,
1141 881 1193 908 Per
1206 882 1364 916 sanguinem
1390 890 1397 908 :
1415 885 1442 909 et
1455 880 1556 916 adhuc,
1582 882 1684 918 majus.

851 917 874 949 Β
890 924 966 960 quod
982 926 1032 953 Per
1051 933 1164 957 crucem,
1185 933 1233 962 per
1245 930 1364 954 mortem
1379 926 1602 963 ignominiosam.
1625 917 1686 954 Non

893 970 968 997 enim
994 969 1074 1006 legati
1103 970 1199 1004 instar,
1226 971 1381 1006 perorando
1408 971 1606 1005 reconciliavit.
1640 971 1688 1000 sed

892 1015 1012 1050 seipsum
1026 1014 1127 1042 dando.
1144 1016 1206 1043 Non
1220 1015 1289 1043 dixit
1299 1020 1402 1050 autem,
1419 1017 1523 1050 Crucis,
1539 1020 1569 1044 et
1583 1016 1686 1044 consti-

892 1059 936 1092 tit,
958 1066 1055 1087 verum
1073 1059 1182 1095 adjecit,
1199 1060 1276 1094 Ejus,
1294 1068 1330 1088 ne
1345 1061 1485 1089 existimes
1508 1069 1619 1089 erucem
1635 1061 1689 1088 ειἰὶ-

893 1103 958 1139 quid
974 1111 1021 1140 per
1034 1111 1064 1132 se
1078 1111 1166 1140 posse.
1178 1105 1239 1133 Non
1251 1105 1323 1133 enim
1338 1105 1498 1142 simpliciter
1516 1114 1583 1134 crux
1599 1112 1690 1134 serva-

895 1148 944 1182 vit,
958 1147 1006 1176 sed
1018 1156 1086 1176 crux
1099 1148 1194 1185 ipsius.

930 1241 990 1269 Sive
1004 1248 1065 1276 quce
1077 1241 1107 1268 t'n
1123 1242 1207 1273 terra,
1223 1242 1278 1268 sive
1290 1249 1351 1277 quae
1367 1243 1395 1269 in
1411 1242 1483 1269 aclis
1495 1244 1569 1270 sunt.
1586 1244 1654 1278 Quae
1664 1243 1691 1271 in

894 1289 966 1313 terra
980 1285 1091 1320 quidem
1105 1289 1180 1319 sunt,
1197 1286 1294 1314 merito
1311 1296 1317 1314 :
1333 1285 1447 1322 quilibet
1463 1286 1537 1314 enim
1556 1291 1583 1315 et
1596 1295 1692 1316 secum

895 1330 962 1366 ipse,
976 1334 1080 1358 etcum
1098 1330 1157 1358 aliis
1175 1330 1333 1364 dissidebat,
1354 1335 1382 1358 et
1401 1331 1452 1367 ipsi
1472 1332 1605 1368 angelicae
1630 1333 1694 1361 vitae

894 1374 986 1402 hostes
1000 1381 1119 1403 eramus.
1133 1377 1201 1412 Qum
1226 1383 1290 1404 vero
1303 1379 1369 1403 sunt
1383 1375 1410 1403 in
1429 1376 1514 1410 caelis,
1530 1377 1694 1413 quomodo?

895 1421 978 1448 Terra
991 1427 1005 1448 a
1019 1419 1090 1448 cmlo
1108 1419 1219 1448 discissa
1230 1424 1281 1454 est,
1305 1425 1333 1448 et
1345 1420 1503 1449 hominibus
1516 1421 1610 1450 hostes
1627 1421 1693 1450 facti

897 1468 962 1492 sunt
981 1464 1083 1500 angeli,
1103 1472 1166 1493 cum
1182 1464 1306 1493 viderent
1326 1465 1474 1494 Dominum
1499 1473 1580 1494 suum
1595 1467 1695 1502 iniuria

896 1508 968 1537 afﬁci
984 1518 990 1537 :
1006 1513 1147 1545 propterea
1163 1513 1192 1537 et
1212 1509 1247 1538 ad
1262 1510 1428 1546 supplicium
1449 1511 1644 1546 mittebantur,
1664 1515 1693 1540 ut

40 1554 76 1582 at).
91 1554 136 1584 καὶ
151 1555 189 1587 εἰς
214 1551 349 1592 τιμωρίαν
374 1551 540 1591 ἐπέμποντο,
561 1553 596 1585 ὡς
612 1551 654 1580 ἐπὶ
676 1553 724 1580 τοῦ
746 1548 842 1587 Δαυῖδ,
861 1564 882 1595 ρ

933 1562 1027 1582 versus
1045 1554 1180 1582 Davidcm
1207 1555 1230 1589 κ,
1257 1559 1287 1582 ut
1301 1555 1430 1583 adversus
1444 1555 1602 1584 Sodomitas
1623 1553 1639 1590 ¹,
1666 1560 1697 1584 ut

39 1599 72 1632 ὡς
94 1598 140 1628 ἐπὶ
164 1599 221 1628 τῶν
248 1597 418 1634 Σοδομιτῶν,
445 1599 480 1630 ὡς
511 1596 556 1626 ἐπὶ
585 1598 632 1631 τῆς
657 1596 775 1629 κοιλάδας
798 1598 844 1625 τοῦ

41 1644 228 1680 κλαυθμῶνος.
246 1642 279 1670 ’0
291 1637 334 1670 οὖν
352 1641 414 1674 Υἱὸς
425 1663 433 1677 ,
449 1641 494 1670 τὸν
515 1640 651 1680 ἄνθρωπον
667 1641 703 1674 εἰς
720 1640 846 1679 οὐρανοὺς

39 1687 144 1727 ἀγαγὼν
157 1709 166 1724 ,
187 1687 238 1717 τὸν
271 1686 364 1726 ἐχθρὸν
378 1707 386 1722 ,
410 1685 453 1715 τὸν
473 1685 611 1724 πολέμιον,
631 1685 749 1717 καὶτοὺς
765 1685 845 1724 ἀγγέ-

38 1733 96 1766 λους
118 1732 164 1761 ἐπὶ
180 1734 233 1771 γῆς
255 1730 363 1767 ἐποίησε
379 1729 517 1770 φαίνεσθαι
538 1730 664 1771 ᾅδοντας,
682 1730 728 1759 καὶ
742 1729 846 1770 ἑκάστῳ

37 1778 88 1806 τῶν
103 1778 212 1807 πιστῶν
234 1775 448 1816 παρεπομένους.
466 1778 544 1806 Δοκεί
561 1775 588 1804 δέ
613 1786 656 1812 μοι
672 1774 717 1804 καὶ
737 1776 751 1803 ὁ
773 1775 847 1804 [latin

36 1823 78 1855 λος
90 1822 134 1851 διὰ
145 1824 231 1852 τοῦτο
249 1820 423 1860 ἆρπαγῆναι,
437 1819 481 1849 ἵνα
502 1821 616 1859 διδαχθῇ
631 1819 653 1837 ⁰¹
673 1821 728 1853 πῶς
746 1819 847 1858 ἄνθρω-

36 1878 78 1896 ποι
96 1867 125 1896 ἐν
152 1867 286 1906 οὐρανῷ,
307 1864 352 1894 καὶ
375 1865 415 1894 ὅτι
437 1866 451 1893 ὁ
473 1864 536 1898 Υἱὸς
558 1866 612 1893 ἐκεῖ
631 1863 777 1903 ἀνελήφθη.
800 1864 847 1894 Ἐν

36 1911 83 1948 μὲν
110 1907 157 1940 οὖν
181 1911 241 1944 τοῖς
267 1909 389 1948 ἐπιγείοις
415 1909 528 1944 διπλῆὴ
554 1908 660 1948 εἰρήνη,
685 1908 750 1947 πρός
773 1920 801 1937 τε
816 1908 849 1936 τὰ

35 1956 206 1995 ἐπουράνιοι,
237 1954 285 1984 καὶ
306 1954 369 1994 πρὸς
388 1953 482 1982 ἑαυτά·
506 1955 532 1982 ἐν
558 1953 584 1982 δὲ
606 1957 660 1986 τοῖς
685 1952 848 1991 ἐπουρανίοις

35 2000 120 2036 ἁπλῆ.
153 2000 236 2039 Πρὸς
258 2001 332 2037 ἡμᾶς
352 1998 404 2038 γὰρ
418 1998 509 2027 λοιπὸν
526 1998 693 2033 ἐσπείσαντο,
716 1997 850 2039 καὶῌλαί-

35 2056 125 2085 ρουσιν
149 2045 198 2074 ἐπὶ
289 2045 340 2072 τῶν
357 2043 488 2072 τοσούτων
515 2041 645 2082 σωτηρίᾳ.
672 2043 732 2075 Πῶς
747 2037 791 2071 οὖν
815 2042 849 2071 δι’

33 2090 159 2130 ἀγγέλων
183 2089 297 2128 λέγετε,
319 2088 496 2127 Κολοσσαεῖς,
525 2087 723 2127 προσάγεσθαι,
749 2088 850 2117 Τοσοῦ-

33 2146 77 2164 τον
106 2135 163 2175 γὰρ
199 2133 354 2173 ἀπέχουσιν
382 2133 478 2162 ἐκεῖνοι
497 2135 682 2175 προσαγαγεῖν
717 2134 788 2170 ἡμᾶς
811 2132 851 2167 9³,

31 2173 178 2209 ὥστε-καὶ
213 2177 474 2215 ἐκπεπολεμωμένοι
495 2173 563 2213 ἦσαν
593 2179 669 2214 ἡμῖν·
685 2177 730 2206 καὶ
762 2178 785 2206 εἰ
814 2175 850 2214 μὴ

33 2225 137 2258 ἐκεῖνος
170 2226 254 2262 ἡμᾶς
281 2223 368 2256 αὐτοῖς
395 2222 578 2259 κατήλλαξεν,
608 2223 655 2251 οὐκ
679 2221 710 2250 ἂν
740 2221 854 2261 εἰρηνεύ-

30 2282 132 2307 σαμεν.

72 2328 85 2341 ι
118 2314 179 2344 Καὶ
208 2315 286 2351 ὑμᾶς
315 2323 379 2341 ποτε
404 2312 480 2345 ὄντας
513 2311 779 2351 ἀπηλλοτριωμένους
808 2311 854 2341 καὶ

29 2360 146 2399 ἐχθροὺς
174 2361 213 2398 τῇ
243 2357 359 2396 διανοίᾳ,
378 2358 405 2386 ἐν
425 2361 477 2390 τοῖς
503 2356 588 2397 ἔργοις
611 2360 665 2389 τοῖς
688 2360 823 2396 πονηροῖς.
842 2370 854 2383 ι

33 2401 119 2435 Ιίῖττεν
146 2402 307 2441 ἀνωτέρω,
330 2402 370 2432 ὅτι
393 2401 444 2430 ὑπὸ
469 2402 516 2437 τὴν
540 2401 657 2436 ἐξουσίαν
682 2404 729 2431 τοῦ
749 2400 857 2435 σκότους

28 2445 115 2487 ἦμενυ
130 2451 183 2479 νῦν
211 2448 304 2486 λέγει,
326 2446 366 2476 ὅτι
390 2447 479 2486 ἐκθροὶ
494 2442 560 2484 ἦμεν
579 2448 611 2486 τῇ
634 2446 752 2487 διανοίᾳ,
774 2448 803 2476 οὗ
823 2446 854 2476 τὸ

27 2495 97 2524 αὐτὸ
114 2494 232 2533 λέγων,
265 2492 324 2520 ἀλλ’
340 2490 383 2520 ἵνα
409 2491 446 2529 μὴ
470 2492 557 2521 ἐκεῖνοι
586 2490 720 2527 ἀκούσας,
743 2491 854 2531 νομίσῃς

27 2532 161 2578 ἀνάγκην
194 2532 292 2572 εἶναι,
321 2536 414 2574 ἐπάγει
443 2539 548 2570 ταῦτα,
576 2535 619 2564 ἵνα
649 2535 719 2574 δείξῃ
749 2536 788 2565 ὅτι
809 2537 855 2566 καὶ

28 2584 162 2618 ἀναξίους
195 2582 286 2614 ὄντας
311 2582 482 2620 καταλλαγῆς
511 2581 633 2616 ἠξίωσεν.
666 2580 701 2611 ⁸0
726 2581 774 2619 μὲν
803 2581 854 2621 γὰρ

27 2630 140 2669 ἀνάγκῃ
161 2628 269 2659 κακῶς
290 2625 420 2669 πάσχων,
445 2627 574 2655 ἐλεεῖσθαι
590 2625 669 2660 ἄξιος*
686 2627 700 2654 ὃ
722 2626 749 2656 δὲ
768 2625 853 2662 ἑκὼν,

28 2666 190 2714 pariebat.
227 2671 326 2710 ἹΙμᾶς
351 2666 415 2707 οὖν,
444 2670 540 2711 φησὶν,
568 2672 615 2701 οὐκ
646 2671 772 2706 ἄκοντας,
800 2672 854 2700 οὐδ’

63 2760 78 2778 κ
94 2759 124 2788 ιι
142 2759 224 2793 Reg.
250 2762 343 2790 xxrv,
361 2756 403 2783 l7.
442 2751 535 2783 lGen.
553 2761 620 2788 xxx,
640 2757 681 2782 Ib.

899 1599 926 1626 in
948 1599 1017 1627 valle
1046 1599 1178 1635 ploratus.
1195 1599 1279 1628 Filius
1293 1599 1378 1635 igitur
1395 1599 1539 1628 hominem
1567 1601 1600 1629 ad
1616 1601 1700 1629 emlos

902 1643 1020 1678 ducens,
1035 1644 1080 1680 qui
1093 1643 1232 1678 inimicus,
1248 1645 1295 1680 qui
1311 1645 1398 1672 hostis
1413 1649 1481 1678 erat,
1494 1645 1577 1673 etiam
1587 1646 1700 1681 angelos

900 1696 983 1724 super
992 1693 1094 1717 terram
1107 1689 1283 1717 concinentes
1291 1689 1411 1725 conspici
1423 1689 1500 1724 fecit,
1510 1698 1542 1718 ac
1551 1691 1701 1726 quemlibet

902 1733 1024 1761 ﬁdelium
1039 1734 1215 1761 comitantes.
1230 1733 1345 1762 Videtur
1359 1739 1450 1762 autem
1467 1734 1533 1762 mihi
1557 1739 1583 1762 et
1597 1736 1699 1763 Paulus

902 1782 1044 1814 propterea
1064 1782 1158 1814 raptus
1171 1786 1240 1812 esse,
1257 1783 1288 1806 ut
1297 1778 1442 1807 doceretur
1457 1779 1697 1814 quemadmodum

901 1822 1027 1850 homines
1041 1827 1132 1850 essent
1142 1823 1169 1850 iu
1183 1823 1265 1855 ccelo,
1281 1827 1309 1850 et
1323 1823 1398 1859 quod
1413 1823 1499 1850 Filius
1520 1823 1585 1851 illuc
1600 1831 1693 1852 susce-

903 1871 965 1903 ptus
979 1867 1022 1894 sit.
1039 1868 1070 1895 lu
1084 1867 1165 1895 rebus
1179 1867 1262 1902 igitur
1271 1867 1446 1896 terrestribus
1464 1867 1566 1903 duplex
1579 1876 1631 1903 pax
1647 1873 1696 1903 est,

903 1916 930 1939 et
944 1916 1067 1947 respectu
1082 1912 1246 1945 caelestium,
1271 1916 1299 1939 et
1311 1916 1439 1948 respectu
1458 1913 1499 1940 sui
1512 1912 1634 1948 ipsorum
1648 1922 1654 1941 :
1670 1914 1698 1941 in

903 1956 1060 1984 coelestibus
1081 1964 1145 1984 vero
1160 1957 1286 1992 simplex.
1308 1956 1458 1984 Nobiscum
1474 1957 1547 1984 enim
1570 1957 1700 1994 deinceps

904 2001 995 2030 fmdus
1009 2005 1211 2037 percusserunt,
1226 2001 1407 2037 lenianturque
1428 2010 1509 2037 super
1524 2007 1581 2030 tam
1596 2002 1699 2030 multo-

905 2054 967 2074 rum
982 2046 1077 2074 salute.
1092 2046 1145 2081 Qui
1167 2046 1249 2082 igitur
1272 2055 1321 2082 per
1336 2048 1459 2082 angelos,
1477 2055 1493 2074 ο
1513 2047 1699 2080 Colossenses,

906 2091 996 2119 dicitis
1011 2099 1059 2119 vos
1077 2091 1268 2119 reconciliari?
1290 2093 1411 2119 Tantum
1428 2093 1504 2120 enim
1519 2092 1596 2120 abest
1619 2097 1648 2120 ut
1664 2093 1701 2121 illi

906 2144 962 2164 non
975 2135 1186 2170 reconciliarint,
1201 2140 1232 2163 ut
1251 2140 1279 2164 et
1301 2136 1401 2164 inimici
1424 2137 1502 2164 nobis
1526 2136 1628 2164 fuerint
1650 2146 1658 2164 :
1675 2141 1702 2165 et

906 2181 958 2208 nisi
977 2181 1023 2209 ille
1041 2189 1092 2209 nos
1116 2180 1168 2208 illis
1194 2181 1405 2215 reconciliasset,
1430 2189 1485 2209 non
1509 2181 1703 2210 habuissemus

910 2233 1005 2262 pacem
1011 2247 1018 2254 .

943 2316 1031 2344 Vsus.
1047 2319 1090 2344 2t.
1116 2317 1152 2343 Et
1171 2323 1215 2343 vos
1229 2324 1289 2343 cum
1308 2318 1397 2344 essetis
1410 2316 1559 2352 aliquando
1580 2317 1704 2351 alienati,

909 2362 934 2388 et
946 2362 1051 2388 inimici
1061 2369 1150 2395 sensu,
1172 2362 1200 2388 in
1212 2361 1338 2396 operibus
1353 2362 1442 2389 malis.
1460 2362 1546 2397 Supra
1557 2362 1637 2396 dixit,
1655 2371 1707 2391 nos

910 2406 961 2434 sub
972 2410 1103 2441 potestate
1122 2406 1297 2433 tenebrarum
1312 2406 1395 2434 fuisse
1413 2416 1418 2434 τ
1434 2415 1508 2434 nunc
1521 2407 1611 2444 pergit
1629 2407 1705 2436 afﬁr-

909 2459 994 2479 mare.
1011 2450 1086 2486 quod
1108 2454 1199 2478 mente
1221 2458 1253 2478 ac
1266 2458 1348 2478 sensu
1371 2451 1466 2479 hostes
1489 2451 1628 2486 fuerimus,
1651 2461 1707 2480 non

909 2495 983 2524 idem
998 2495 1101 2529 dicens,
1116 2503 1222 2528 verum,
1245 2502 1279 2522 ne
1290 2495 1334 2522 illa
1357 2495 1483 2530 audiens,
1500 2497 1646 2524 existimes
1661 2505 1708 2524 ne-

909 2541 1066 2568 cessitatem
1078 2547 1148 2574 esse,
1164 2538 1248 2567 infert
1261 2539 1330 2574 haec,
1346 2545 1376 2568 ut
1392 2541 1522 2569 ostendat
1535 2542 1609 2577 quod
1631 2540 1707 2568 indi-

909 2593 978 2621 gnos
993 2585 1076 2613 etiam
1092 2585 1313 2613 reconciliatione
1336 2584 1464 2621 dignatus
1488 2586 1534 2613 sit.
1561 2585 1614 2620 Qui
1630 2585 1705 2612 enim

909 2630 1063 2658 necessario
1086 2630 1267 2658 afﬂictionem
1290 2630 1449 2665 malumque
1461 2630 1586 2662 sustinet,
1608 2629 1706 2664 dignus

909 2680 950 2704 est
973 2675 1171 2704 miseratione:
1198 2675 1246 2711 qui
1274 2682 1338 2703 vero
1361 2679 1456 2711 suapte
1482 2678 1589 2711 sponte,
1613 2673 1707 2702 odium

757 2799 853 2830 Varia:
876 2800 1026 2830 lectiones.

64 2854 88 2871 ⁸⁸
105 2852 264 2881 ἀπεδίδοτο
283 2856 309 2877 ο.
347 2849 369 2866 ⁹⁰
381 2849 437 2881 δούς
449 2857 475 2878 ο.

147 2899 287 2927 Pii-mor"
305 2894 357 2923 Gn.
379 2895 487 2923 CXXIV.

515 2848 535 2867 ⁹¹
553 2848 650 2885 μᾶλλον
668 2850 757 2886 δειχθῇ
771 2858 797 2878 0.

837 2850 859 2867 νε
871 2849 934 2886 ὑμᾶς
945 2858 972 2878 o.

1536 2893 1569 2919 89
