1890 3077
230 165 238 190 l
245 164 296 189 227

727 159 985 187 THEOPHYLACTI
1003 159 1181 187 BULGARIA'J
1200 159 1358 187 ARCHIEP.

1787 160 1829 186 I228

226 227 357 252 meretur.
388 223 444 250 Nos
469 221 562 258 igitur,
589 221 690 258 inquit,
714 229 770 249 non
796 222 904 256 invitos,
933 230 1017 258 neque

1080 222 1323 261 ἀναγκαζομένους,
1349 222 1408 251 ἀλλ’
1432 221 1539 255 ἑκόντας
1554 221 1600 250 καὶ
1621 219 1765 254 ἐθελουσίως
1784 222 1829 250 ἄπο-

224 272 345 301 coactos,
357 267 404 295 sed
427 267 605 299 voluntarios,
627 266 750 302 adeoque
765 271 864 302 sponte
882 267 917 295 ab
933 275 965 295 eo
977 275 1022 295 re—

223 313 352 348 silientes,
367 321 398 340 ac
412 320 524 349 prorsus
536 312 673 348 indignos,
689 312 877 340 reconciliavit.
893 313 1021 341 Bascau-

226 362 281 386 tem
291 358 368 391 dicit,
380 358 442 394 quia
455 357 609 385 caelestium
622 357 795 390 meminerat,
806 358 933 391 innuens,
949 357 1022 393 quod

227 403 319 431 omnis
334 402 484 435 inimicitia,
498 410 554 430 non
568 410 600 430 ex
624 402 759 437 supernis,
772 410 866 430 verum
882 410 912 430 ex
935 401 1023 435 nobis,

227 448 353 476 habuerit
364 447 505 476 exordium
517 457 523 475 :
534 447 669 483 siquidem
685 447 770 483 474
780 447 868 483 angeli
886 446 1021 481 volebant,

229 497 256 520 et
280 494 367 527 Deus,
383 501 431 520 vos
454 496 546 520 autem
574 492 709 520 noluistis.
727 493 872 527 Propterea
886 501 942 520 non
955 492 1024 520 dixit

228 538 358 566 inimicos
373 537 542 574 simpliciter,
558 537 616 570 sed,
636 538 822 572 Abalienatos,
836 537 888 565 hoc
900 542 950 570 est,
966 545 1022 565 non

227 587 414 618 exspectantes
438 582 566 610 reditum.
594 582 703 610 Inimici
725 583 798 610 enim
820 583 904 610 eratis
930 590 1021 616 sensu,

226 628 282 656 sive
298 632 400 660 mente,
413 629 464 655 hoc
480 631 519 655 est
541 627 680 655 voluntate
702 635 733 655 ac
748 628 887 663 proposito
904 637 910 654 :
932 635 1022 663 neque

228 673 370 708 hucusque
381 672 575 700 tantummodo
588 672 693 700 malum
703 672 913 706 extendebatur,
927 680 1022 700 verum

226 722 253 746 et
268 718 297 745 iu
308 717 435 754 operibus
449 717 537 751 malis,
551 717 602 745 hoc
615 721 666 751 est,
679 721 706 745 et
720 717 812 745 hostes
824 717 916 751 eratis,
929 721 1023 753 etquae

229 763 352 790 hostium
365 768 442 791 erant
450 762 581 799 agebatis.
596 764 647 790 Per
662 762 721 790 haec
732 767 824 790 autem
837 762 929 790 omnia
951 761 1023 789 indi-

226 812 282 841 cat,
302 808 375 844 quod
399 808 488 843 angeli
510 816 567 835 non
587 808 728 844 potuerint
748 815 837 844 neque
860 806 1023 843 persuadere

225 853 315 887 nobis,
340 861 427 888 neque
451 853 566 881 liberare
580 862 595 881 a
609 853 729 887 diabolo,
750 853 849 889 quippe
863 852 909 889 qui
929 857 956 880 et
970 851 1020 888 ipsi

225 897 327 926 inimici
341 898 421 925 nobis
435 901 536 932 essent,
556 903 584 926 et
597 898 720 926 nondum
735 898 757 926 is
772 897 869 934 ligatus
889 901 961 925 esset
975 897 1022 933 qui

227 951 278 970 uos
292 942 442 971 detinebat.
461 942 583 971 Christus
606 947 698 971 autem
714 947 742 971 et
757 943 856 971 fortem
870 942 975 979 ligavit,
997 946 1024 970 et

226 988 307 1017 uobis
321 989 354 1016 ab
368 997 400 1016 eo
415 988 532 1016 deﬁcere
545 989 688 1024 persuasit.

263 1035 354 1062 Vsns.
378 1036 420 1062 22.
444 1035 520 1063 Nunc
536 1036 625 1061 autem
639 1034 834 1062 reconciliavit
859 1035 890 1061 in
916 1041 1024 1068 corpore

228 1082 316 1107 cumis
325 1087 379 1107 suce
387 1087 439 1114 per
457 1081 579 1106 mortem.
595 1080 700 1107 Rursus
722 1078 948 1107 reconciliationis
962 1086 1021 1106 mo-

226 1125 292 1153 dum
307 1126 395 1160 ponit,
409 1132 507 1159 nempe
519 1124 593 1160 quod
608 1124 633 1152 in
648 1132 773 1160 corpore.
787 1123 952 1159 Quomodo?
971 1124 1021 1152 ﬂa-

226 1170 318 1206 grisne
332 1173 438 1197 tantum
446 1177 542 1203 caesus,
553 1170 595 1197 vel
611 1169 733 1205 colaphis
748 1169 923 1197 verberatus?
939 1170 999 1197 Non
1013 1178 1019 1197 :

225 1223 319 1243 verum
333 1215 417 1243 etiam
431 1213 588 1250 turpissima
599 1214 682 1242 simul
697 1217 786 1242 morte
798 1214 929 1242 moriens.

265 1261 298 1288 Ut
311 1261 446 1288 “hibera!
461 1268 508 1287 vos
529 1263 632 1288 sanctos
647 1263 674 1288 ei
691 1260 889 1294 immaculatos,
908 1262 934 1288 et
953 1261 1021 1287 irre-

221 1305 413 1342 prehensibt'les
434 1313 524 1333 coram
548 1306 618 1340 ipso.
645 1307 753 1333 Rursus
764 1305 840 1333 aliud
857 1304 1019 1332 beneﬁcium

224 1351 313 1386 ponit,
328 1354 355 1378 et
369 1350 443 1386 quod
456 1358 536 1386 supra
548 1350 696 1385 recensuit,
708 1358 770 1378 cum
783 1350 885 1378 diceret
900 1359 907 1378 :
919 1351 953 1378 Ei
971 1351 1021 1385 qui

222 1404 267 1423 vos
289 1397 452 1431 sufﬁcientes
473 1396 608 1427 reddidit,
624 1395 698 1423 idem
713 1399 741 1423 et
762 1403 836 1423 nunc
847 1395 921 1423 dicit.
954 1396 1018 1423 Non

223 1441 297 1468 enim
308 1448 358 1468 nos
371 1440 492 1468 liberavit
504 1445 625 1474 tantum,
641 1440 739 1475 inquit,
753 1447 768 1467 a
783 1440 909 1475 peccatis,
921 1447 1017 1468 verum

223 1486 306 1514 etiam
321 1485 569 1513 sanctificationem
585 1484 667 1512 nobis
690 1485 832 1520 impertiit,
845 1493 901 1513 non
924 1485 1018 1521 vulga-

221 1539 292 1564 rem,
308 1530 355 1558 sed
369 1538 464 1558 coram
479 1530 539 1565 ipso
550 1530 696 1565 valentem,
711 1533 738 1557 et
752 1530 968 1564 immaculatam,
992 1534 1019 1558 et

1078 268 1216 302 πηδῶντας
1233 267 1329 302 αὐτοῦ,
1346 266 1392 296 καὶ
1414 266 1480 299 ὅλως
1502 266 1620 300 ἀναξίους
1640 266 1725 301 ὄντας,
1744 266 1831 294 ἀποκεῖ-

1077 311 1184 347 ήλλαξε,
1210 313 1290 350 Λέγει
1310 310 1337 340 δὲ
1360 313 1463 347 ταῦτα,
1485 310 1576 346 ἐπειδὴ
1597 313 1649 340 τῶν
1670 311 1696 339 ἐν
1714 314 1761 342 τοῖς
1775 310 1832 349 οὐρι-

1077 361 1128 390 νοῖς
1143 356 1261 394 ἐμνήσθη
1271 379 1278 393 ,
1294 355 1393 389 δεικνὺς
1416 356 1456 385 ὅτι
1470 358 1487 392 ἡ
1502 356 1584 396 ἔχθρα
1598 361 1673 385 πᾶσα
1701 357 1744 384 οὒκ
1756 356 1781 384 ἐκ
1798 357 1832 384 τῶν

1079 401 1151 437 ἄνω,
1169 403 1229 431 ἀλλ’
1250 401 1275 436 ἐξ
1295 403 1370 440 ἡμῶν
1385 401 1441 442 ἔχει
1461 401 1485 420 9³
1502 401 1549 437 τὴν
1573 401 1670 440 ἀρχήν.
1689 400 1789 431 Ἐκεῖνοι
1801 400 1831 437 μὲν

1077 446 1129 487 γὰρ
1145 447 1288 482 ἠϐούλοντο
1298 468 1305 481 ,
1321 447 1366 476 καὶ
1383 450 1396 476 ὁ
1417 446 1499 480 Θεός’
1515 448 1589 485 ὑμεῖς
1603 446 1630 475 δὲ
1651 448 1697 475 οὐκ
1709 445 1832 481 ἠθελήσατε.

1078 491 1126 521 Διὸ
1141 492 1187 521 οὐκ
1207 486 1291 528 εἶπεν,
1307 491 1526 531 Ἐχθραίνοντας,
1544 492 1653 526 ἅπλῶς,
1670 491 1726 519 ἀλλ’
1741 504 1750 515 ι
1765 489 1834 524 Ἀπηλ-

1078 536 1283 575 λοτριωμένους,
1300 549 1312 563 ιι
1332 537 1468 572 τουτέστι,
1495 536 1562 574 μηδὲ
1577 535 1791 576 προσδοκωμένους
1802 535 1833 562 ἐπ-

1078 582 1206 611 ανελθεῖν.
1225 581 1333 621 Ἐχθροὶ
1348 581 1399 620 γὰρ
1415 577 1462 617 ἦτε
1477 581 1501 599 9³
1516 583 1550 620 τῇ
1573 581 1691 619 διανοίᾳ,
1703 579 1802 609 τουτέστι

1077 627 1238 667 προαιρέσει.
1258 625 1314 656 Καὶ
1330 627 1359 655 οὖ
1375 625 1456 666 μέχρι
1468 626 1562 656 τούτου
1579 626 1609 655 τὸ
1624 626 1721 662 δεινὸν¹
1734 623 1790 654 ἀλλὰ
1804 624 1835 652 iui

1078 672 1104 700 ἐν
1124 675 1177 706 τοῖς
1202 671 1286 710 ἔργοις
1307 673 1363 705 τοῖς
1387 675 1528 710 πονηροῖς,
1556 670 1687 706 τουτέστι,
1712 670 1754 698 καὶ
1771 669 1833 707 ἐχθροὶ

1077 712 1123 752 ἦτε
1135 739 1142 753 ,
1163 716 1208 746 καὶ
1232 716 1264 746 τὰ
1279 717 1331 746 τῶν
1354 717 1456 756 ἐχθρῶν
1470 716 1496 735 ⁵⁵
1517 715 1680 755 ἐπράσσετε.
1699 714 1745 745 Διὰ
1761 713 1833 743 τούτων

1078 762 1105 791 δὲ
1119 761 1225 791 πάντων
1241 761 1380 797 δείκνυσιν,
1398 761 1438 791 ὅτι
1454 762 1501 792 οὐκ
1519 761 1635 801 ἴσχυσαν
1650 761 1674 790 οἱ
1692 760 1783 798 ἄγγελοι
1794 758 1834 787 οὔτι

1077 809 1168 837 πεῖσαι
1192 809 1278 845 ἡμᾶς,
1310 807 1370 836 οὔτε
1396 806 1548 841 ἀπαλλάξαι
1574 809 1622 836 τοῦ
1651 805 1776 840 διαϐόλου,
1803 803 1834 832 in

1078 853 1166 893 ἐχθροὶ
1186 853 1270 888 ὄντες,
1287 851 1334 882 καὶ
1354 854 1399 882 τοῦ
1415 853 1571 891 κατέχοντος
1592 855 1668 890 ἡμᾶς
1685 851 1759 889 μήπω
1770 849 1834 878 δεθέν-

1077 910 1130 932 τος.
1147 897 1181 928 Ὁ
1194 897 1221 927 δὲ
1234 898 1347 938 Χριστὸς
1362 897 1407 927 καὶ
1420 897 1499 934 ἔδησε
1509 897 1552 927 τὸν
1569 897 1692 938 ἰσχυρὸν,
1709 895 1748 926 καὶ
1760 894 1834 924 ἔπεισιν

1078 946 1148 982 ἡμᾶς
1163 943 1242 972 αὐτοῦ
1262 945 1420 979 ἀποστῆναι.

1117 1047 1130 1060 ιι
1158 1033 1224 1064 Νυνὶ
1255 1032 1282 1062 δὲ
1313 1031 1531 1067 ἀποκατήλλαξεν
1567 1032 1594 1061 ἐν
1622 1033 1661 1071 τῷ
1689 1030 1781 1068 σώματι
1803 1030 1834 1063 τῆς

1076 1078 1172 1118 σαρκὸς
1189 1080 1268 1108 αὓτοῧ
1287 1077 1329 1107 διὰ
1351 1080 1395 1107 τοῦ
1419 1078 1543 1107 θανάτου.
1559 1091 1573 1103 ι
1598 1077 1687 1107 Πάλιν
1706 1076 1746 1105 τὸν
1764 1074 1834 1112 τρόπον

1075 1125 1122 1159 τῆς
1136 1124 1306 1161 mullum”:
1319 1123 1422 1157 τίθησιν
1432 1144 1440 1158 ,
1453 1122 1494 1152 ὅτι
1505 1122 1552 1151 καὶ
1564 1122 1590 1151 ἐν
1605 1123 1646 1162 τῷ
1659 1121 1764 1158 σώματι.
1776 1120 1832 1152 Πῶςς

1075 1163 1126 1207 ἆρα
1149 1167 1321 1207 μαστιγωθεὶς
1343 1167 1438 1206 μόνον,
1462 1166 1478 1202 ἢ
1507 1166 1659 1208 ῥαπισθείς;
1684 1165 1763 1205 Οὐχί·
1786 1163 1834 1193 ἀλλᾶ

1075 1214 1121 1244 καὶ
1137 1212 1278 1243 ἀποθανὼν
1290 1214 1328 1253 τῷ
1343 1212 1475 1252 αἰσχίστῳ
1490 1212 1607 1252 θανάτῳ.

1115 1272 1127 1285 α
1150 1260 1329 1298 Παραστῆσαι
1347 1260 1416 1296 ὑμᾶς
1437 1257 1526 1296 ἇγίους
1539 1257 1586 1287 καὶ
1605 1255 1760 1296 ἀμωμήτως
1773 1252 1833 1282 “vi

1074 1305 1248 1343 ἀνεγκλήτους
1283 1302 1447 1333 κατενώπιον
1483 1303 1574 1332 αὺτοῦ.
1610 1315 1624 1329 ι
1656 1302 1738 1343 Πάλιν
1768 1298 1833 1337 ἑτέραν

1073 1341 1223 1390 εὐεργεσίαν
1240 1349 1342 1384 τίθησιν
1354 1371 1363 1386 ,
1387 1347 1451 1388 ὅπερ
1474 1348 1520 1377 καὶ
1541 1347 1668 1387 ἀνωτέρω
1685 1341 1751 1382 εἷπε,
1773 1358 1783 1370 ι

1072 1388 1232 1424 ἱκανώσαντι
1247 1395 1335 1431 ὑμᾶς,
1353 1406 1365 1420 ν
1391 1395 1469 1422 τοῦτο
1494 1392 1540 1422 καὶ
1566 1395 1611 1422 ν’ὗν
1637 1392 1729 1431 λέγων.
1747 1390 1781 1420 Οὔ
1801 1388 1834 1427 τὰρ

1073 1438 1224 1475 ἀπήλλαξε,
1237 1437 1318 1478 φησὶ,
1333 1439 1411 1476 μόνον
1424 1437 1639 1477 ἁμαρτημάτων,
1653 1436 1720 1466 ἀλλὰ
1732 1434 1771 1465 καὶ
1780 1434 1835 1472 ἅγιον

1073 1484 1153 1520 σύνην
1165 1484 1308 1524 ἐχαρίσατο
1318 1506 1327 1522 ,
1342 1484 1372 1513 οὗ
1384 1483 1432 1518 τὴν
1448 1484 1597 1523 τυχοῦσαν,
1612 1482 1682 1512 ἀλλὰ
1697 1481 1742 1516 τὴν
1753 1479 1834 1524 ἐνώπιον

1072 1531 1165 1565 αὐτοῦ,
1190 1532 1236 1558 καὶ
1261 1529 1291 1558 τὸ
1314 1529 1426 1568 ἄμωμον
1446 1528 1491 1558 καὶ
1514 1527 1694 1567 ἀνέγκλητον,
1716 1525 1777 1555 ὥστε
1788 1521 1835 1563 μηδὲ

221 1563 498 1611 irreprrheusibilem,
510 1575 548 1602 ita
563 1579 618 1603 uta
631 1563 712 1602 nobis
725 1582 760 1602 ne
773 1574 884 1602 minima
905 1574 1017 1610 quidem

1076 1563 1242 1614 μέχρι-ψιλῆς
1253 1563 1445 1613 καταγνώσεως
1462 1563 1616 1613 πραχθῆναί
1631 1583 1658 1601 τι
1672 1573 1743 1611 ἡμῖν.

222 1619 435 1656 reprehensione
449 1619 562 1655 dignum
574 1619 708 1655 quiddam
720 1619 896 1654 transigatur.

256 1666 344 1692 Vsas.
359 1666 403 1692 23.
430 1665 461 1692 Si
475 1667 563 1692 tamen
579 1665 742 1699 permanetis
755 1666 784 1692 in
795 1664 866 1699 ﬁde.
883 1663 952 1700 Quia
971 1669 1016 1693 to-

220 1714 281 1738 tum
303 1709 368 1737 Filio
382 1709 519 1742 attribuit,
532 1713 562 1737 ut
576 1709 623 1744 qui
639 1709 697 1737 haec
711 1717 760 1737 sua
776 1713 864 1737 morte
877 1714 1016 1746 transege-

221 1755 266 1789 rit,
282 1763 316 1783 ue
326 1754 418 1783 dicant
432 1762 438 1780 :
455 1756 487 1782 In
502 1759 642 1790 posterum
657 1762 714 1782 non
727 1759 770 1782 est
789 1762 857 1791 opus
874 1754 1015 1783 laboribus

218 1800 319 1829 nostris
329 1800 389 1834 :ait,
398 1801 549 1828 Necessum
559 1803 611 1834 est,
620 1800 647 1828 iu
660 1799 714 1828 lide
723 1807 906 1836 perseverare.
925 1801 1015 1835 Quare

219 1854 275 1874 non
287 1853 385 1882 segnes
399 1845 472 1878 sitis,
486 1853 577 1882 neque
588 1844 759 1873 relabamini.

254 1891 374 1919 Funduti
388 1893 413 1918 et
438 1891 548 1918 stabiles
569 1893 594 1918 et
612 1890 783 1918 immobilesa
800 1898 845 1926 spe
859 1891 1013 1925 Evangelii.

218 1937 287 1972 Quia
310 1936 408 1972 aliquis
428 1943 590 1972 permanere
614 1939 715 1971 potest,
739 1939 767 1962 et
787 1935 898 1963 interim
922 1940 1015 1963 tamen

218 1981 337 2016 concuti,
360 1981 454 2016 infert,
475 1981 595 2009 Fundati
617 1982 643 2008 et
664 1981 784 2012 stabiles,
808 1980 860 2008 hoc
882 1984 932 2014 est,
959 1988 1016 2008 non

217 2026 345 2054 concussi
360 2035 366 2054 :
385 2033 436 2054 nec
447 2025 500 2053 hoc
513 2026 614 2059 solum,
628 2025 675 2053 ed
698 2033 733 2053 ne
756 2027 876 2061 permoti
889 2025 1012 2061 quidem.

218 2071 301 2104 Nihil,
314 2070 410 2106 inquit,
423 2078 505 2106 grave
517 2079 533 2098 a
547 2070 623 2098 vobis
638 2070 758 2106 postulo,
774 2071 823 2098 sed
845 2078 881 2098 ne
895 2069 1012 2098 transfe-

218 2116 317 2144 ramiui
332 2124 348 2144 a
371 2116 500 2144 Christo:
517 2115 563 2144 ille
582 2115 655 2144 enim
673 2120 715 2143 est
738 2123 800 2151 spes
823 2115 971 2151 Evangelii,
988 2118 1014 2143 et

218 2164 356 2198 quotquot
372 2161 574 2197 amplectuntur
590 2161 786 2196 Evangelium,
803 2160 832 2188 in
846 2160 937 2196 ipsum
952 2168 1013 2196 spe-
1030 2175 1053 2206 Β

217 2214 277 2234 rare
297 2207 406 2240 debent,
430 2215 479 2235 ceu
500 2214 564 2234 eum
587 2207 633 2242 qui
657 2213 753 2241 pacem
776 2205 878 2234 fecerit.
894 2205 1013 2234 Proinde

217 2252 264 2287 qui
284 2252 388 2288 angelis
413 2260 505 2287 pacem
521 2251 645 2285 ascribit,
670 2259 685 2279 a
700 2251 809 2278 Christo
828 2254 870 2279 est
892 2255 1011 2278 amotus.

219 2298 248 2324 ln
266 2297 365 2324 virtute
379 2298 489 2332 quidem
505 2297 563 2324 fieri
583 2304 642 2325 non
658 2301 748 2332 potest
763 2300 861 2324 utnon
888 2303 1012 2324 commo-

217 2345 321 2375 veatur,
334 2342 431 2369 saltem
446 2341 646 2377 aliquantulum
663 2351 668 2370 :
685 2342 711 2370 in
730 2341 786 2370 ﬁde
805 2345 909 2375 autem,
924 2341 1012 2377 possi-

217 2386 269 2414 bile
281 2390 331 2414 est.
347 2387 443 2423 Itaque
453 2386 522 2414 nihil
534 2395 614 2423 grave
627 2387 756 2422 postulat.

251 2521 326 2556 Quod
336 2521 492 2554 audivistis,
510 2521 580 2556 quod
590 2520 768 2556 prwdicatum
780 2523 819 2549 est
835 2521 864 2548 in
887 2522 1011 2548 universa

214 2570 340 2596 creatura
353 2575 413 2603 quae
434 2566 483 2594 sub
494 2566 556 2593 caelo
571 2568 619 2594 est.
633 2566 809 2594 Colosseuses
823 2565 927 2601 primos
947 2573 1010 2601 pro-

213 2612 266 2641 fert
279 2617 371 2646 testes,
382 2611 481 2640 deinde
494 2611 653 2639 universum
664 2614 804 2638 terrarum
826 2610 933 2638 orbem.
952 2611 1010 2639 Nec

211 2657 293 2692 dixit,
304 2657 386 2694 Quod
410 2656 585 2694 praedicatur,
598 2656 647 2685 sed
670 2655 746 2690 Quod
762 2656 943 2691 praedicatum
957 2658 1007 2691 est,

1112 1677 1123 1690 α
1141 1663 1176 1693 Εἴ
1186 1675 1216 1702 γε
1228 1662 1366 1701 ἐπιμένετε
1426 1662 1523 1693 πίστει.
1542 1675 1555 1689 ι
1569 1662 1685 1698 Ἐπειδὴ
1700 1660 1728 1691 τὸ
1744 1661 1794 1690 ὅλον
1805 1659 1835 1687 τῶ

1072 1709 1136 1739 Υῖοῢ
1153 1708 1284 1745 τέθεικεν,
1302 1710 1336 1742 ὡς
1357 1708 1574 1747 κατορθώσαντος
1594 1710 1681 1737 ταῦτα
1692 1707 1729 1746 τῷ
1742 1704 1834 1742 θανάτῳ,

1069 1752 1112 1782 ἴνα
1127 1753 1164 1791 μὴ
1178 1753 1302 1790 εἴπωσιν,
1315 1753 1354 1782 ὅτι
1368 1753 1467 1783 Λοιπὸν
1481 1753 1511 1781 οὗ
1526 1752 1604 1792 χρεία
1618 1753 1705 1782 πόνων
1719 1750 1835 1788 ἡμετέρωνι

1069 1798 1164 1839 φησὶν,
1179 1798 1219 1828 ὅτι
1236 1799 1321 1839 Χρεία
1340 1801 1384 1828 τοῦ
1400 1799 1533 1836 ἐπιμεῖναι
1554 1800 1587 1837 τῇ
1603 1798 1705 1827 πίστει.
1725 1796 1798 1825 Ὥστε
1810 1792 1834 1831 μὴ

1069 1843 1254 1883 ῥαθυμήσητε,
1270 1844 1337 1882 μηδὲ
1351 1843 1511 1879 ἄναπὲσητε.

1109 1902 1121 1915 «ι
1139 1888 1365 1927 Τεθεμιλιωμένοι
1382 1889 1427 1918 καὶ
1442 1888 1560 1927 ἑδραῖοι,
1584 1887 1631 1917 καὶ
1647 1886 1684 1926 μὴ
1705 1882 1833 1925 μετακινού-

1070 1945 1142 1970 μενοι
1166 1933 1219 1962 ἀπὸ
1243 1935 1289 1969 τῆς
1313 1933 1416 1966 ἐλπίδος
1445 1926 1489 1962 τοιἹ
1511 1933 1687 1972 Εὖαγγιλίου.
1720 1944 1731 1957 ι
1750 1926 1835 1962 Ἐπειδῆ

1069 1980 1140 2007 ἔστιν
1162 1978 1291 2016 ἐπιμένειν
1308 1977 1370 2016 μὲν,
1392 1977 1566 2016 σαλευόμενον
1578 1978 1615 2014 δὲ,
1629 1976 1758 2017 ἐπιφέρει-
1774 1988 1785 2001 ι
1800 1974 1835 2003 Τε-

1070 2024 1258 2061 θεμελιωμένοι
1274 2023 1318 2053 καὶ
1336 2024 1435 2063 ἑδραῖοι
1445 2034 1452 2041 ·
1475 2036 1486 2048 ιι
1498 2022 1635 2058 τουτέστι,
1650 2022 1689 2061 μὴ
1715 2018 1835 2056 σαλευόμε-

1068 2079 1121 2098 vot'
1138 2068 1183 2097 καὶ
1198 2069 1227 2097 οὗ
1242 2068 1321 2106 μόνον
1331 2062 1423 2103 τοῧτο,
1438 2067 1508 2097 ἀλλὰ
1519 2067 1566 2096 καὶ
1587 2067 1656 2105 μηδὲ
1674 2081 1685 2093 ι
1706 2062 1835 2105 μετακινού-

1070 2124 1154 2150 μενοι.
1166 2126 1178 2138 ι
1195 2105 1277 2142 Οὐδὲν
1298 2113 1418 2153 φορτικὸν
1430 2114 1516 2150 ὑμᾶς,
1536 2112 1615 2152 φησὶν
1627 2135 1636 2148 ,
1653 2111 1770 2153 ᾀπαιτῶ,
1785 2105 1836 2138 ἀλλά

1068 2157 1098 2186 τὸ
1112 2157 1149 2196 μὴ
1171 2159 1380 2196 μετακινηθῆναι
1403 2156 1456 2187 ἀπὸ
1473 2158 1600 2197 Χριστοῦ.
1625 2152 1711 2189 Οὗτος
1725 2155 1770 2193 γάρ
1782 2156 1835 2182 ἐστίν

1067 2205 1084 2239 ἡ
1101 2202 1173 2236 ἐλπὶς
1186 2205 1232 2232 τοῦ
1249 2202 1426 2241 Εὖαγγελίον,
1445 2202 1490 2231 καὶ
1506 2202 1603 2235 πάντες
1619 2203 1643 2232 οἱ
1653 2201 1684 2231 τὸ
1700 2198 1835 2238 Εὖαγγέλων

1068 2248 1296 2287 παραδεχόμενοι,
1320 2248 1361 2276 ἐπ’
1389 2247 1467 2276 αὐτὸν
1497 2247 1646 2288 ὀφείλουσιν
1672 2245 1792 2280 ἐλπίζειν,
1810 2244 1835 2272 ὡς

1067 2292 1305 2332 εἰρηνοποιήσσντα
1325 2292 1362 2322 ⁸⁷.
1391 2290 1482 2321 αΩστι
1500 2287 1522 2320 ὁν
1538 2292 1659 2330 ἀγγέλοις
1680 2294 1728 2325 τὴν
1751 2287 1833 2332 εἰρήνηγ

1067 2330 1236 2377 ἐπιγράφων,
1260 2336 1465 2375 μιτακεκίνηται
1494 2336 1546 2366 ἆπὸ
1573 2339 1620 2366 τοῦ
1642 2337 1763 2376 Χριστοῦ.
1789 2330 1835 2377 Ὲιῐὶ

1066 2380 1114 2420 μὲν
1131 2375 1186 2412 ὀὖν
1209 2384 1256 2418 τῆς
1278 2383 1373 2421 ἀρετῆς
1399 2384 1447 2411 οὐκ
1481 2380 1520 2410 ἔνι
1556 2382 1594 2419 μὴ
1623 2381 1777 2414 σαλευῆναι
1797 2375 1834 2405 κᾶν

1066 2427 1174 2467 μικρόν·
1190 2427 1234 2456 ἐπὶ
1244 2427 1271 2456 δὲ
1284 2429 1331 2463 ἧς
1347 2426 1462 2460 πίστεως
1477 2425 1598 2456 δυνατόν.
1611 2423 1696 2455 Ὥστε
1708 2423 1774 2454 οὐδὲν
1786 2431 1834 2462 iter

1066 2473 1135 2502 τικὸν
1151 2471 1268 2502 ἀπαιτεῖ.

1105 2530 1118 2544 ι
1146 2511 1187 2547 Οῧ
1222 2516 1356 2552 ἠκούσατε
1386 2519 1432 2547 τοῦ
1459 2515 1632 2556 κηρυχθέντος
1660 2515 1687 2545 ἐν
1717 2514 1782 2552 παίσῃ

1063 2562 1147 2592 κτίσει
1166 2564 1200 2602 τῇ
1227 2561 1279 2602 faro
1293 2561 1338 2591 τὸν
1357 2561 1476 2601 οὐρανόν.
1492 2575 1504 2588 ιι
1522 2559 1624 2594 Αὐτοὺς
1639 2562 1710 2601 φέρει
1724 2558 1833 2602 μάρτυρος

1063 2599 1197 2653 πρώτους,
1227 2601 1285 2636 εἶτα
1317 2606 1364 2643 τὴν
1389 2599 1555 2646 ὀἰκουμένην
1583 2599 1699 2653 ἅπασαν.
1728 2599 1833 2653 Καὶιοῦι

1063 2645 1130 2690 εἷπε,
1144 2651 1362 2692 Κηρνττομένου,
1377 2651 1457 2688 ἀλλὰ,
1472 2665 1484 2678 α
1495 2650 1688 2691 Κηρυχθέντος,
1701 2662 1713 2676 ι
1727 2645 1833 2677 τουτέστιν

909 2733 1003 2763 Variae
1018 2733 1178 2773 lectiones.-

242 2820 264 2837 ”
280 2820 332 2856 εἶχε
347 2829 374 2849 ο.
412 2821 433 2838 9‘
448 2818 547 2857 ﬁpcvp.
588 2820 610 2837 ⁹⁵
623 2820 718 2855 πονηρὰ
730 2828 756 2848 0.
796 2819 818 2836 ³⁵
833 2819 951 2855 ἀμώμους
965 2828 992 2848 ο.

1076 2819 1243 2854 ιίρηνεὺσαντα
1258 2827 1285 2848 o.

1855 56 1864 134 l

1858 165 1866 348 ι
