1890 3077
60 184 118 210 1229

481 178 658 206 EXPOSITIO
678 178 709 205 ΙΝ
729 178 832 205 EPIST.
853 179 898 205 AD
918 177 1055 206 COLOSS.
1074 193 1109 198 —
1128 179 1204 206 CAP.
1222 180 1244 207 i.

1616 180 1684 207 1230

56 242 222 275 πιστευθέντος
236 242 300 278 ἤδη.
316 240 404 271 "Quae
422 241 582 281 αἰσχύνθητε
603 241 649 270 καὶ
669 240 774 274 ἑαυτοὺς
789 240 834 270 καὶ
848 245 874 276 Α

932 249 942 268 c
955 245 1006 274 est,
1019 240 1093 277 quod
1101 240 1300 277 jamcreditum
1312 245 1364 269 est.
1380 239 1463 276 475
1475 242 1570 277 Itaque
1581 241 1686 278 pudore

56 289 147 322 πάντας
163 288 255 321 ἄλλους
270 285 438 325 ἀνθρώπους,
456 287 550 326 ἑτέρως
571 285 736 319 πιστεύοντες
756 285 792 314 9⁸.

90 393 100 405 ι
121 374 159 408 Οἷ
179 377 305 417 ἐγενόμην
322 376 374 417 ἐγὼ
389 377 496 410 Παῦλος
512 376 640 410 διάκονος.
659 389 669 402 ιι
685 375 740 406 Καὶ
762 379 838 406 τοῦτο

54 425 84 457 εἷς
99 422 260 457 ἀξιοπιστίαν
276 424 395 452 συντελεῖ
417 421 442 440 9°
457 424 504 451 τοῦ
525 420 703 461 Εὖαγγελίου,
717 420 747 450 τὸ
760 421 838 450 αὐτὸν

53 469 153 498 Παῦλον
178 462 244 497 εἶναι
267 467 380 507 κήρυκα.
407 465 486 505 Μέγα
509 465 560 507 γὰρ
582 466 613 496 τὸ
635 466 716 494 αὐτοῦ
736 465 835 504 ὄνομα,

54 514 181 552 πανταχοῦ
198 512 344 552 ᾀδομένου,
361 511 407 541 καὶ
429 511 478 545 τὴν
501 511 658 549 οἰκουμένην
680 510 838 550 περιλαϐόν-

53 570 90 591 τος
105 557 204 587 λοιπόν.
228 557 356 587 Διάκονον
379 556 406 586 δὲ
431 556 522 586 ἑαυτὸν
545 557 642 595 εἰπὼν,
667 556 769 594 μᾶλλον
787 556 837 584 αὖ-

53 602 106 636 τοὺς
127 604 237 631 συνωθεῖ
259 603 295 635 εἷς
312 601 342 630 τὸ
367 603 518 637 πεισθῆναι,
537 601 577 630 Οὔ
600 600 651 640 γὰρ
674 599 738 638 ἐμὰ,
754 600 836 639 φησὶ,

51 647 130 685 λέγω,
154 646 214 676 ἀλλ’
229 646 309 686 ἑτέρῳ
329 647 458 683 διακονῶ,
485 647 523 685 τῷ
544 647 606 686 Θεῷ
621 645 732 681 δηλαδή.
754 645 839 675 Ὥστε

53 692 134 732 ἐκείνῳ
150 691 335 728 πεισθήσεσθε,

89 751 99 762 ι
113 738 165 766 Νῦν
178 736 267 776 χαίρω
289 737 315 765 ἐν
330 740 383 770 τοῖς
399 734 540 776 παθήμασί
565 746 615 773 μου
631 734 697 772 ὑπὲρ
712 735 786 772 ὑμῶν
812 748 835 764 ι.

53 784 123 811 Δοκεῖ
144 775 196 819 μὲν
213 775 389 810 ἀνακόλουθον
405 775 472 810 εἶναι
486 783 579 809 τοῦτο·
604 779 660 809 ἔστι
674 779 702 808 δὲ
728 779 838 810 ἀκόλου-

52 829 89 855 θον
112 825 223 866 σφόδρα.
253 825 363 862 Ἐπειδὴ
387 825 439 865 γὰρ
463 819 549 861 εἶπεν,
574 824 613 854 ὅτι
637 825 762 857 Διάκονος
783 825 839 863 ἔγε-

53 872 127 909 νόμην
147 873 192 900 τοῦ
216 869 396 909 Εὐαγγελίου,
417 866 446 900 οῦ
464 869 501 908 μὴ
525 871 650 899 ἐκπεσεῖν
675 871 744 906 ὑμᾶς
764 869 841 906 ἀξιῶ,

52 915 188 952 δείκνυσιν,
225 914 265 944 ὅτι
290 914 424 945 Τοσοῦτόν
453 916 525 945 ἐστιν
557 913 664 950 ἀληθὲς,
695 913 764 943 ὥστε
795 914 840 942 καὶ

54 961 141 1001 πάσχω
161 959 230 1000 ὑπὲρ
247 959 355 990 τούτου-
377 959 423 989 καὶ
436 960 465 989 οὖ
483 959 562 998 μόνον
578 958 688 998 πάσχω,
704 957 773 988 ἀλλὰ
795 958 840 988 καὶ

52 1006 130 1045 χαίρω
149 1007 174 1035 ἓν
197 1009 254 1039 τοῖς
282 1004 433 1044 παθήμασι.
457 1005 500 1034 Τὰ
526 1004 553 1033 δὲ
579 1004 728 1041 παθήματα
755 1005 841 1033 ταῦτα

53 1050 112 1090 ῦπὲρ
125 1052 196 1089 ὑμῶν
213 1051 294 1087 εἰσιν,
305 1049 349 1079 ἵνα
362 1052 429 1088 ὑμᾶς
442 1049 580 1090 ὠφελῆσαι
593 1049 708 1084 δυνηθῶ.

89 1107 103 1122 α
120 1095 171 1126 Καὶ
211 1095 410 1134 ἀνταναπληρῶ
440 1094 474 1124 τὰ
503 1093 674 1133 ὑστερήματα
705 1094 756 1122 τῶν
783 1092 842 1123 θλί-

54 1140 116 1179 ψεων
129 1142 173 1170 τοῦ
189 1141 310 1180 Χριστοῦ
326 1139 333 1157 ¹
351 1141 378 1169 ἐν
446 1138 524 1180 σαρκί
539 1151 600 1177 μου.
620 1150 633 1167 n
651 1138 730 1168 Δοκεῖ
744 1139 843 1172 ἀλαζο-

55 1185 116 1218 νικὸς
132 1185 177 1214 καὶ
194 1179 419 1223 ἀπονενοημένος
435 1179 501 1213 εἶναι
522 1186 534 1213 ὁ
550 1183 640 1222 λόγος’
658 1184 704 1213 οὐκ
724 1183 781 1212 ἔστι
798 1182 843 1219 δὲ,

56 1229 118 1258 ἀλλὰ
132 1230 177 1259 καὶ
200 1230 303 1265 πολλῆς
317 1229 394 1268 γέμει
413 1230 461 1265 τῆς
485 1229 548 1268 πρὸς
572 1228 688 1268 Χριστὸν
706 1229 843 1268 φιλοστορ-

55 1274 114 1313 γίας.
130 1274 181 1304 Καὶ
203 1275 258 1314 γὰρ
273 1274 398 1314 βούλεται
414 1278 507 1303 πεῖσαι
523 1272 630 1310 αὐτοὺς,
645 1273 686 1302 ὅτι
701 1275 714 1302 ὁ
730 1272 846 1314 Χριστὸς

55 1318 88 1348 ἔτι
108 1319 151 1348 καὶ
175 1321 222 1349 νῦν
253 1319 319 1360 ὑπὲρ
336 1320 425 1349 αὐτῶν
447 1318 565 1358 πάσχει,
585 1318 631 1348 καὶ
648 1319 689 1348 Οὔ
705 1317 739 1347 δι’
767 1319 844 1356 ἡμῶν

54 1364 100 1392 τῶν
122 1364 283 1394 ἀποστόλων
304 1364 483 1405 προσάγεσθε,
506 1363 576 1393 ἀλλὰ
603 1362 636 1392 δι’
654 1362 770 1401 ἐκείνου,
794 1361 845 1392 κᾶν

56 1410 124 1446 ἡμεῖς
142 1409 168 1438 ἐν
183 1411 222 1449 τῷ
242 1409 315 1450 μέσῳ
339 1403 410 1447 ὦμεν
428 1409 452 1440 ².
476 1407 561 1438 "ﬂor:
576 1408 602 1436 τί
619 1411 718 1437 ποιεῖτε
736 1408 845 1443 ἀποπη-

55 1453 140 1486 δῶντες
165 1455 283 1490 τούτου,
316 1456 361 1483 τοῦ
386 1454 430 1483 καὶ
457 1452 525 1490 μετὰ
554 1452 583 1482 τὸ
614 1452 754 1482 ἀποθανεῖν
779 1450 846 1491 ὑπὲρ

57 1498 124 1535 ὗμῶν
145 1498 361 1533 κινδυνεύοντοςς
388 1497 426 1528 ⁸³0
447 1497 473 1527 δὲ
489 1497 559 1536 λέγει
579 1496 695 1527 τοιοῦτόν
711 1498 795 1527 ἐστιν’
813 1497 846 1526 Εἰ

56 1542 89 1570 ἔτι
107 1543 252 1582 ἆχρεώστει
274 1545 368 1572 παθεῖν
390 1542 454 1581 ὑπὲρ
469 1544 545 1581 ἡμῶν
560 1545 574 1573 ὃ
597 1543 723 1582 Χριστὸς,
744 1542 846 1577 ἀπῆλθε

55 1587 78 1615 δὲ
92 1587 134 1616 καὶ
149 1588 197 1618 οὔκ
212 1587 341 1618 ἆπέδωκε
355 1589 385 1617 τὸ
399 1588 493 1627 χρέος,
515 1586 567 1626 ἐγὼ
585 1589 659 1616 τοῦτο
681 1586 847 1625 ἀποδίδωμι·

57 1630 139 1672 ὥσπερ
154 1632 186 1662 ἂν
207 1634 233 1662 εἰ
257 1636 303 1663 τοῦ
325 1634 473 1672 στρατηγοῦ
494 1631 646 1670 ἀπόντος³,
669 1633 683 1660 ὁ
700 1631 849 1669 ὑποστράτ-

57 1688 113 1715 ηγος
135 1678 180 1713 τῆς
214 1678 351 1718 φάλαγγος
380 1678 560 1717 ὑπερμαχῶν,
598 1678 634 1709 εἷς
669 1675 714 1705 τὸν
749 1676 848 1705 ἐκείνου

59 1721 131 1750 τόπον
151 1721 230 1759 στὰς,
253 1723 288 1751 τὰ
304 1722 406 1752 ἐκείνου
426 1721 568 1762 ’τραύματα
585 1720 661 1754 αὐτὸς
677 1720 846 1761 ἀναδέχοιτο.

58 1765 105 1795 Διὰ
119 1769 196 1797 τοῦτο
211 1767 264 1806 γὰρ
287 1766 333 1796 καὶ
346 1761 518 1807 ὑστερήματα
538 1761 609 1795 εἶπεν
620 1788 627 1802 ,
644 1764 688 1795 ἵνα
704 1764 792 1803 δείξῃ,
808 1765 849 1795 ὅτι

57 1809 111 1840 οὐδὲ
133 1811 162 1841 τὸ
189 1816 245 1841 πᾶν
271 1814 379 1851 ἡγεῖται
396 1811 501 1841 οὐδέπω
523 1810 691 1842 πεπονθέναι.
716 1811 849 1841 Τοσοῦτον

58 1856 145 1896 ἀγαπᾷ
170 1858 242 1895 ἡμᾶς
266 1856 294 1893 ⁴,
321 1856 389 1886 ὥστε
411 1855 448 1895 μὴ
475 1855 624 1895 ἀρκούντων
647 1857 699 1885 τῶν
724 1855 816 1895 πρώην
837 1855 849 1874 ⁵

58 1902 158 1937 παθῶν,
183 1901 229 1930 καὶ
257 1901 327 1940 μετὰ
349 1901 458 1930 θάνατον
481 1900 596 1940 πάσχειν
623 1902 649 1930 ἐν
672 1901 709 1940 τῷ
729 1901 784 1940 ἐμῷ
800 1899 850 1929 σώ-

57 1955 129 1982 ματι·
155 1946 184 1975 οὖ
208 1945 262 1986 γὰρ
288 1946 405 1984 ἠρκέσθη
432 1947 470 1985 τῷ
496 1945 621 1986 θανάτῳ,
646 1945 716 1974 ἀλλὰ
741 1945 786 1974 καὶ
810 1943 850 1974 ἔτι

59 1989 134 2028 μυρία
170 1995 254 2022 ποιεῖ.
289 1991 350 2031 Οὐχ
376 1991 467 2020 ἑαυτὸν
491 1985 536 2020 οῦν
562 1989 677 2029 ἐπαίρων
706 1991 720 2018 ὁ
746 1991 852 2023 Παῦλος

57 2034 135 2064 ταῦτά
159 2047 262 2074 φησιν,
293 2036 363 2065 ἀλλὰ
380 2034 423 2064 τὸν
449 2034 564 2075 Χριστὸν
589 2034 671 2068 δεῖξαι
694 2034 852 2074 βουλόμενος

59 2079 92 2108 ἔτι
115 2079 160 2109 καὶ
177 2083 224 2110 νῦν
239 2079 305 2120 ὑπὲρ
317 2081 403 2110 αὐτῶν
414 2080 594 2120 φροντίζοντα.

100 2135 114 2152 (ι
139 2124 225 2165 Ὑπὲρ
241 2127 288 2155 τοῦ
312 2125 435 2165 σώματος
452 2126 547 2161 αὐτοῦ,
563 2124 578 2153 ὅ
602 2126 672 2154 ἔστιν
693 2125 709 2160 ἡ
732 2122 852 2160 Ἐκκλη-

890 285 997 314 efﬁcitis
1018 289 1046 314 et
1061 293 1119 319 vos,
1137 289 1165 314 et
1191 293 1286 314 omnes
1309 285 1376 314 alios
1399 285 1533 319 homines.
1558 287 1580 314 si
1607 286 1685 315 aliter

891 330 1006 358 creditis.

926 376 1010 410 Cujus
1025 376 1115 409 ructus
1129 383 1189 403 sum
1199 383 1246 411 ego
1259 376 1358 403 Paulus
1380 377 1510 406 minister.
1528 377 1616 412 Atque
1631 376 1683 404 hoc

891 420 925 448 ad
939 420 1128 448 auctoritatem
1140 420 1279 457 Evangelii
1297 419 1373 452 facit,
1390 421 1506 449 Paulum
1520 421 1609 456 ipsum
1625 429 1684 450 esse

892 473 1055 501 praeconem.
1071 466 1170 501 ingens
1192 465 1265 493 enim
1288 465 1347 501 ejus
1372 473 1473 493 nomen
1498 470 1569 499 erat;
1589 470 1684 502 utpote

892 509 937 545 qui
954 509 1025 546 apud
1049 517 1146 538 omnes
1172 509 1332 538 decantatus
1352 514 1420 543 erat,
1437 514 1516 546 atque
1524 509 1580 544 jam
1597 515 1684 538 terra-

891 563 952 582 rum
969 555 1065 583 orbem
1078 559 1266 591 occupaverat.
1282 554 1440 583 Ministrum
1455 559 1546 583 autem
1563 555 1686 591 seipsum

891 600 993 633 dicens,
1007 599 1094 635 magis
1106 607 1154 627 eos
1176 604 1206 627 ut
1226 599 1340 627 credant
1359 600 1509 636 compellit.
1534 602 1597 628 Non
1610 601 1686 629 enim

893 653 962 678 mea,
975 645 1070 680 inquit,
1086 645 1159 679 dico,
1176 645 1222 673 sed
1235 643 1279 672 alii
1303 644 1440 680 ministro,
1460 647 1519 673 Deo
1538 646 1664 674 videlicet
1680 656 1686 674 :

893 689 980 725 itaque
997 689 1033 717 illi
1044 689 1169 718 credetis.

930 736 1018 763 Vsus.
1035 737 1081 763 24.
1103 737 1180 764 Nunc
1199 735 1301 769 gaudeo
1316 735 1346 763 in
1367 736 1540 772 passionibus
1552 738 1618 764 meis
1638 745 1689 772 pro

891 780 975 807 vobis.
990 779 1105 808 Videtur
1123 780 1234 816 quidem
1257 780 1310 808 hoc
1336 789 1396 809 esse
1410 781 1622 818 inconsequens;
1645 786 1689 810 est

892 828 984 852 autem
1007 832 1177 860 consequens
1199 825 1284 853 valde.
1307 827 1457 862 Postquam
1484 827 1556 854 enim
1584 827 1689 854 dixerat

855 872 879 903 Β
895 877 953 897 sese
971 869 1076 897 factum
1092 870 1233 905 Evangelii
1249 870 1419 906 ministrum,
1444 879 1459 898 a
1475 879 1530 907 quo
1552 879 1608 899 non
1631 871 1689 899 vult

895 922 941 942 eos
958 914 1091 948 excidere,
1116 919 1254 943 monstrat
1279 915 1332 943 hoc
1351 915 1421 944 adeo
1436 923 1496 944 esse
1521 924 1630 951 verum,
1658 920 1689 944 ut

896 967 946 996 pro
961 958 1014 987 hoc
1036 959 1120 988 etiam
1143 960 1233 995 patiar
1257 970 1263 988 ε
1285 967 1337 988 nec
1357 961 1448 988 solum
1464 961 1568 997 patior,
1589 962 1689 998 inquit,

895 1012 992 1032 verum
1007 1004 1085 1032 lator
1100 1005 1182 1032 etiam
1194 1005 1222 1032 in
1231 1004 1436 1034 afﬂictionibus.
1451 1006 1625 1034 Afﬂictiones
1640 1015 1690 1034 au~

896 1053 955 1079 tam
971 1049 1013 1077 ha:
1023 1057 1091 1078 mea:
1106 1058 1155 1086 pro
1168 1050 1244 1078 vobis
1259 1054 1334 1084 sunt,
1351 1055 1381 1078 ut
1395 1059 1444 1078 vos
1469 1051 1566 1087 juvare
1581 1059 1691 1088 queam.

931 1095 1109 1131 Etadimpleo
1125 1103 1155 1122 ea
1176 1103 1235 1130 qwe
1253 1095 1352 1123 desunt
1362 1097 1521 1131 passionum
1541 1098 1644 1125 Christi
1661 1098 1691 1124 in

898 1148 976 1167 carne
994 1148 1064 1167 mea.
1087 1139 1201 1168 Videtur
1226 1141 1403 1169 ostentatoris
1427 1145 1510 1177 atque
1536 1142 1692 1178 arrogantis

899 1184 942 1212 hic
964 1193 1056 1213 sermo
1070 1192 1129 1212 esse
1149 1196 1154 1213 :
1182 1185 1258 1221 atqui
1282 1194 1337 1214 non
1360 1190 1417 1220 est;
1441 1186 1585 1214 enimvero
1605 1187 1693 1215 multa

899 1229 1015 1258 refertus
1029 1234 1070 1257 est
1085 1238 1149 1266 erga
1165 1230 1305 1258 Christum
1322 1230 1479 1259 dilectione.
1495 1232 1566 1259 Nam
1581 1232 1620 1260 eis
1635 1232 1693 1260 vult

900 1274 1073 1310 persuadere,
1093 1274 1167 1311 quod
1190 1275 1315 1303 Christus
1337 1276 1419 1303 etiam
1439 1284 1487 1312 pro
1501 1275 1534 1304 iis
1548 1276 1629 1304 hodie
1644 1285 1693 1313 pa-

900 1319 993 1354 tiatur,
1009 1323 1036 1348 et
1049 1319 1123 1355 quod
1137 1328 1185 1356 per
1203 1328 1254 1348 nos
1268 1321 1406 1356 apostolos
1427 1329 1482 1349 non
1494 1321 1557 1349 estis
1571 1321 1693 1356 adducti,

900 1364 949 1392 sed
963 1372 1010 1400 per
1024 1364 1113 1398 illum,
1131 1365 1236 1393 etiamsi
1254 1373 1308 1393 non
1322 1366 1373 1393 ista
1392 1364 1538 1394 faciamus.
1553 1366 1626 1401 Quid
1641 1367 1695 1403 igi-

900 1413 947 1437 tur
958 1409 1047 1437 lbcitis
1059 1409 1213 1438 resilientes
1228 1410 1261 1437 ab
1275 1418 1319 1444 eo,
1334 1410 1381 1447 qui
1402 1410 1486 1438 etiam
1501 1416 1562 1446 post
1577 1415 1694 1439 mortem

902 1462 950 1490 pro
965 1454 1042 1482 vobis
1062 1455 1181 1490 pericula
1204 1455 1320 1483 subeat?
1345 1456 1424 1491 Quod
1439 1463 1503 1483 vero
1519 1455 1568 1490 ait,
1590 1460 1631 1484 est
1646 1456 1697 1484 hu-

863 1492 886 1526 C
897 1498 1018 1534 jusmodi
1035 1510 1040 1527 :
1056 1499 1084 1527 Si
1095 1499 1184 1527 adhuc
1205 1499 1317 1528 deberet
1331 1500 1386 1536 pati
1398 1509 1447 1536 pro
1468 1500 1546 1528 nobis
1561 1501 1696 1534 Christus,

902 1543 1013 1571 abiisset
1034 1548 1138 1578 autem,
1162 1552 1212 1572 uec
1235 1544 1398 1573 reddidisset
1421 1545 1557 1579 debitum,
1579 1553 1630 1581 ego
1645 1545 1696 1573 hoc

902 1588 1008 1616 reddo:
1029 1588 1264 1625 quemadmodum
1280 1590 1302 1617 si
1325 1589 1397 1618 duce
1416 1590 1551 1618 exercitus
1572 1590 1696 1624 abeunte,

901 1633 1102 1669 subimperator
1114 1642 1163 1669 pro
1187 1634 1319 1670 phalange
1338 1634 1481 1669 dimicans,
1509 1635 1581 1662 illius
1605 1635 1697 1663 locum

903 1679 1082 1713 constitutus,
1105 1679 1220 1707 vulnera
1247 1679 1330 1715 ipsius
1348 1680 1475 1716 recipiat.
1504 1681 1653 1715 Propterea
1673 1684 1700 1708 et

903 1722 1070 1758 ὑστερήματα,
1097 1723 1148 1751 hoc
1171 1728 1212 1752 est
1238 1723 1371 1757 defectus,
1397 1725 1476 1757 dixit,
1505 1729 1536 1752 ut
1562 1725 1699 1758 ostendat,

904 1768 979 1803 quod
1007 1768 1147 1796 existimet
1168 1776 1198 1796 se
1225 1769 1350 1796 nondum
1373 1770 1466 1797 omnia
1491 1777 1602 1805 passum
1629 1777 1698 1797 esse.

906 1812 992 1847 Adeo,
1005 1813 1103 1848 inquit,
1120 1812 1208 1848 diligit
1222 1821 1280 1846 vos,
1297 1818 1327 1841 ut
1341 1817 1473 1849 tanquam
1488 1822 1544 1841 nou
1562 1814 1700 1842 sufﬁciant

905 1858 1009 1893 priores
1023 1858 1161 1893 passiones
1174 1862 1201 1885 et
1213 1857 1387 1891 afﬂictiones,
1404 1863 1466 1894 post
1478 1862 1599 1886 mortem
1616 1859 1699 1886 etiam

905 1902 1023 1938 patiatur
1036 1903 1066 1930 in
1080 1910 1143 1930 meo
1158 1910 1272 1938 corpore
1288 1911 1295 1929 :
1316 1903 1442 1931 nondum
1461 1903 1535 1931 enim
1554 1907 1701 1931 contentus

904 1951 945 1975 est
966 1951 1066 1981 morte.
1091 1947 1139 1975 sed
1155 1947 1244 1975 adhuc
1266 1947 1411 1976 innumera
1430 1947 1507 1976 facit.
1534 1950 1595 1976 Non
1616 1948 1702 1984 igitur

904 1992 1025 2027 seipsum
1037 1993 1175 2026 attollens,
1206 1993 1304 2021 Paulus
1319 1993 1378 2021 hch
1392 1993 1467 2027 dicit,
1481 1993 1530 2022 sed
1546 1999 1701 2022 monstrare

906 2037 999 2065 volens
1024 2037 1098 2073 quod
1121 2037 1247 2066 Christus
1272 2038 1423 2066 etiamnum
1447 2046 1496 2074 pro
1525 2038 1589 2074 ipsis
1607 2047 1702 2067 curam

906 2086 993 2118 gerat.

943 2129 998 2156 Pro
1012 2136 1118 2163 corpore
1137 2128 1234 2163 ipsius,
1255 2129 1327 2163 quod
1345 2131 1385 2156 est
1397 2129 1523 2157 Ecclesia.
1537 2129 1606 2164 Quia
1630 2129 1704 2157 dixe-

58 2168 111 2211 σία.
124 2181 139 2198 n
160 2164 276 2206 Ἐπειδὴ
303 2164 374 2200 εἶπεν
385 2193 392 2205 ,
408 2169 448 2199 ὅτι
464 2171 498 2199 Εἰ
513 2169 541 2198 δὲ
556 2168 568 2186 ⁸
586 2169 638 2208 ἐγὼ
653 2169 766 2209 πάσχω,
792 2170 851 2198 ἀλλ’
867 2180 881 2211 Ι

932 2176 958 2206 ιι,
979 2173 1093 2201 Etiamsi
1108 2181 1158 2209 ego
1178 2173 1274 2208 patior,
1300 2172 1399 2201 Christi
1419 2178 1514 2202 tamen
1544 2177 1609 2202 sunt
1628 2174 1703 2202 afﬂi-

59 2208 99 2242 οῧν
126 2218 171 2244 τοῦ
193 2216 313 2255 Χριστοῦ
330 2215 380 2244 εἶσι
401 2214 434 2244 τὰ
451 2214 612 2253 παθήματα,
639 2213 789 2248 ἀξιόπιστον
808 2213 853 2242 τὸν

58 2258 129 2296 λόγον
146 2263 236 2295 ποιεῖ,
254 2258 301 2289 καί
316 2271 408 2300 φησιν,
426 2259 466 2288 ὅτι
489 2258 555 2298 ὑπὲρ
575 2261 620 2288 τοῦ
638 2257 761 2300 σώματος
774 2259 854 2287 αὐτοῦ

58 2302 202 2333 καὶταῦτα
226 2298 358 2342 γίνονται.
377 2303 424 2340 Μὴ
451 2303 534 2333 τοίνυν
552 2302 691 2343 κομπδηρὸν
718 2298 784 2333 εἶναι
810 2315 852 2333 νο-

58 2346 151 2384 μίσητε
166 2349 210 2378 τὸν
227 2348 318 2388 λόγον,
335 2349 404 2378 ἀλλὰ
421 2348 463 2378 τὸν
479 2351 516 2386 μὴ
533 2348 723 2382 ἀπαξιώσαντα
740 2347 855 2388 συνάψαι

58 2393 142 2433 ἑαυτῷ
169 2393 219 2429 τὴν
249 2393 429 2430 Ἐκκλησίαν,
454 2393 614 2423 πιστεύσατε
645 2393 692 2422 καὶ
717 2395 762 2422 νῦν
790 2393 856 2433 ὑπὲρ

59 2437 138 2473 αὐτῆς
157 2437 196 2467 ἔτι
212 2438 328 2478 πάσχειν
344 2439 370 2468 ἐν
390 2441 423 2478 τῇ
440 2439 492 2478 ἐμῇ
515 2437 604 2477 σαρκί.
623 2439 656 2468 Εἰ
672 2437 700 2467 δὲ
719 2439 796 2476 σῶμα
811 2440 856 2467 τοῦ

60 2481 174 2521 Χριστοῦ
209 2485 226 2519 ἡ
253 2482 420 2521 Ἐκκλησία,
447 2485 492 2512 καὶ
517 2482 621 2519 ἥνωται
651 2483 724 2524 αὐτῷ
754 2482 857 2523 κεφαλὴ

60 2525 127 2564 ὄντι,
152 2529 211 2562 πῶς
238 2529 314 2565 ὑμεῖς
347 2527 500 2568 ἐπεισάγει-ε
526 2528 569 2557 διὰ
599 2526 682 2567 μέσου
711 2527 858 2568 ἀγγέλους,

61 2571 103 2600 καὶ
118 2572 278 2610 διατέμνετε
296 2572 344 2608 τὴν
363 2572 489 2609 ἑνότητα,

105 2627 119 2645 u
129 2611 181 2651 ἲἸλις
193 2617 324 2657 ἐγενόμην
337 2616 395 2656 ἐγὼ
405 2617 533 2652 διάκονος.
548 2628 563 2647 υ
578 2617 716 2648 Δείκνυσιν
731 2617 771 2647 ὅτι
788 2617 861 2648 οὐδὲν

907 2218 1024 2251 ctiones,
1050 2217 1133 2245 ﬁdem
1154 2217 1218 2245 huic
1232 2218 1352 2246 sermoni
1389 2217 1463 2253 facit,
1488 2219 1629 2254 inquiens.
1650 2220 1704 2247 Pro

908 2270 1023 2299 corpore
1036 2262 1095 2298 ejus
1109 2262 1166 2290 haec
1182 2261 1258 2290 ﬁunt.
1275 2262 1365 2290 Nolite
1376 2263 1462 2299 igitur
1485 2267 1582 2299 putare
1594 2263 1704 2291 fastuo-

908 2314 968 2335 sum
984 2314 1042 2335 esse
1057 2314 1228 2340 sermonem,
1244 2314 1338 2335 verum
1349 2315 1422 2341 eum,
1439 2307 1486 2343 qui
1500 2316 1557 2335 non
1574 2308 1705 2345 dedigna-

909 2355 954 2379 tus
968 2356 1009 2379 est
1035 2351 1085 2379 sibi
1100 2351 1227 2387 copulare
1245 2352 1405 2386 Ecclesiam,
1430 2352 1532 2380 credite
1555 2352 1707 2381 etiamnum

911 2404 960 2432 pro
974 2396 1033 2432 ipsa
1046 2396 1100 2432 pati
1115 2396 1143 2423 in
1155 2404 1237 2424 carne
1254 2403 1324 2424 mea.
1338 2397 1366 2424 Si
1381 2396 1464 2432 igitur
1486 2405 1590 2433 corpus
1607 2397 1710 2426 Christi

911 2441 1032 2469 Ecclesia
1052 2446 1103 2476 est,
1134 2441 1212 2477 eique
1230 2441 1378 2478 conjuncta
1404 2445 1455 2476 est,
1479 2442 1527 2478 qui
1556 2447 1638 2478 caput
1657 2447 1708 2476 est,

913 2486 1052 2522 quomodo
1065 2494 1114 2515 vos
1131 2486 1241 2523 angelos
1256 2486 1283 2515 in
1299 2487 1422 2515 medium
1436 2487 1577 2523 profertis,
1590 2487 1710 2516 disseca-

913 2531 1004 2568 tisque
1020 2531 1171 2560 unitatem?

917 2619 1002 2658 4'76
1024 2623 1111 2651 Vsus.
1138 2626 1182 2651 25.
1206 2623 1287 2658 Cujus
1312 2624 1403 2657 factus
1424 2630 1482 2651 sum
1507 2629 1552 2657 ego
1575 2622 1710 2650 minister.

780 2712 876 2742 Var-iw
899 2711 1050 2742 lectiones.

99 2797 121 2819 ⁵³
156 2799 336 2832 πιστεύσαντας
361 2810 386 2829 0.
422 2801 444 2818 θ’
472 2802 543 2828 τελεῖ
574 2810 601 2830 0.

99 2841 108 2857 ⁸
120 2840 185 2876 ὒμᾶς
202 2850 230 2870 ο.
272 2841 282 2858 ⁸
297 2842 397 2877 πρώτων
411 2850 438 2871 ο.
476 2842 487 2859 ⁸
499 2842 520 2869 εἰ
534 2843 576 2869 καὶ
585 2851 612 2872 ο.

655 2800 663 2819 ¹
693 2803 819 2838 στίγματα
849 2804 892 2828 τοῦ
916 2802 1022 2837 Χριστοῦ
1055 2809 1080 2830 ο.

1120 2803 1143 2838 ²⁴
1159 2804 1234 2828 ταῦτα
1265 2804 1372 2838 ποιῶμεν
1402 2809 1428 2830 ο.
1467 2801 1477 2819 ³
1505 2801 1659 2835 ἀπελθόντος
1690 2812 1716 2831 0;
