1890 3077
1853 55 1867 147 l

1770 169 1822 195 1236
1861 159 1867 218 ι

1326 228 1471 259 ΚΕΦΑΛ.
1494 228 1516 257 Β
1531 251 1535 256 .
1865 240 1867 290 γ

195 162 262 189 i235
695 164 951 192 THEOPHVLACTI
971 165 1148 192 BULGARI.‘E
1168 164 1324 192 ARCHIEP.

503 225 625 255 CAPUT
644 227 678 254 ll.
1004 231 1029 262 Α

228 301 320 332 Was.
336 305 362 332 i.
379 302 446 332 Volo
458 307 549 332 autem
563 313 607 332 vos
621 306 689 332 scire
702 306 808 340 qualem
822 306 987 335 sollicitudi-

1088 321 1102 337 α
1119 309 1199 340 Θέλω
1219 310 1270 349 γὰρ
1287 311 1354 348 ὑμᾶς
1376 309 1473 339 εἰδέναι
1489 310 1580 346 ἡλίκον
1595 312 1690 349 ἀγῶνα
1706 311 1758 352 ἔχω
1777 314 1823 352 περὶ
1866 315 1867 335 ‘

194 356 256 376 nem
269 348 380 375 habeam
390 356 440 384 pro
454 349 526 376 vobis
535 369 542 382 ,
554 352 578 376 et
591 358 644 384 pro
659 351 693 377 iis
706 351 753 385 qui
764 353 828 377 sunt
843 351 989 384 Laodicea,

195 395 220 420 et
244 393 395 428 quicunque
416 402 469 421 non
490 394 616 421 viderunt
639 395 737 428 faciem
757 402 842 422 meam
860 396 890 422 in
903 403 990 423 carne.

197 441 382 474 Aggressurus
392 437 492 474 dogma
503 442 531 466 et
545 438 756 473 institutionem,
770 439 906 475 ingentem
920 440 992 476 prius

195 481 352 510 dilectionis
365 490 422 511 suae
436 482 568 510 affectum
583 483 618 511 ob
640 483 736 511 oculos
755 484 842 519 ponit,
857 489 887 512 ut
906 493 938 513 eo
957 485 993 514 sit

195 527 309 563 gratior,
334 532 362 556 et
382 527 487 555 facilius
507 528 665 564 recipiatur.
689 529 771 556 Certo
789 529 873 562 enim,
892 529 991 566 inquit,

195 575 223 599 et
243 571 339 599 anxius
359 579 422 600 sum
443 580 492 608 pro
516 572 601 600 vobis.
617 573 761 600 Connectit
775 577 869 601 autem
887 574 952 610 ipsis
966 580 994 603 et

196 616 392 652 Laodicenses,
417 617 541 653 aliosque
564 618 735 654 simpliciter,
761 626 796 646 ne
820 618 921 646 scilicet
935 623 991 647 tur-

197 661 307 696 bentur,
333 665 459 697 putantes
482 661 534 690 hoc
556 670 615 690 esse
641 663 764 698 ipsorum
787 663 991 693 imbecillitatis.

197 705 385 740 Quamobrem
406 714 470 734 vero
489 707 587 735 anxius
607 711 654 736 es?
669 708 808 744 Numquid
824 716 876 736 nos
889 709 992 737 conde-

196 754 292 779 mnas?
308 753 465 787 Propterea,
482 752 580 788 inquit,
596 753 671 789 quod
686 761 741 781 non
757 753 877 781 videritis
891 753 990 782 faciem

196 803 295 824 meum.
310 796 418 832 Adjccit
432 801 536 831 autem,
552 800 582 826 In
597 806 684 832 carne,
702 798 813 826 miriﬁce
828 803 992 832 monstrans,

196 841 270 877 quod
285 849 424 877 nunquam
440 850 494 870 non
507 843 610 878 Spiritu
624 850 688 870 cum
703 843 881 871 intuerentur.

234 887 323 914 Vens.
340 889 366 914 2.
382 887 415 914 Lit
429 888 635 914 consolationem
649 889 783 923 accipiant
796 889 875 916 corda
889 896 988 922 eorum,
1007 896 1030 927 Β

195 939 255 958 cum
269 932 375 964 fuerint
387 933 531 959 constructi
543 933 571 959 in
586 932 730 960 churt'tate.
745 933 881 969 Deinceps
895 941 990 970 aggre-

194 975 269 1004 ditur
298 976 409 1012 dogma,
436 976 555 1013 illudque
581 977 748 1012 auspicatur,
776 985 833 1005 non
858 986 991 1007 accusans

195 1028 253 1055 eo,
275 1028 363 1057 neque
385 1021 462 1056 plane
481 1021 653 1049 accusatione
675 1021 805 1050 liberans.
828 1022 880 1050 Hic
899 1026 990 1051 autem

195 1069 236 1093 est
259 1065 386 1094 redditio.
413 1067 481 1101 Ego,
507 1066 604 1101 inquit,
630 1066 842 1095 sollicitudinem
868 1067 957 1095 habeo
982 1077 988 1095 :

195 1111 393 1146 quamobrem?
409 1112 447 1138 Ne
462 1110 566 1138 diversa
580 1111 697 1146 sapiant,
712 1119 807 1139 verum
819 1111 990 1140 constituan-

196 1158 242 1182 tur
262 1155 515 1191 conjuuganturque
533 1163 630 1184 omnes
650 1155 678 1183 in
701 1164 785 1184 unam
804 1155 893 1184 ﬁdem.
915 1157 990 1191 Quo-

195 1199 298 1228 modo?
319 1201 380 1228 Non
401 1201 558 1229 necessitate
576 1205 623 1229 aut
643 1201 780 1235 violentia,
795 1201 843 1229 sed
861 1201 887 1229 in
906 1201 992 1229 chari-

194 1248 260 1272 tate.
280 1246 341 1274 Hoc
362 1249 454 1274 autem
474 1245 554 1281 dixit,
577 1246 653 1283 quasi
677 1245 794 1274 hmreses
817 1246 900 1274 etiam
921 1246 991 1274 schi-

195 1294 283 1318 smata
305 1290 420 1326 pariant.

230 1336 266 1363 Et
290 1336 318 1362 in
339 1343 428 1363 omnes
443 1335 554 1363 divitias
568 1336 738 1363 certitudinis
754 1336 911 1364 intellectus.
930 1336 991 1364 Hoc

196 1384 247 1414 est,
265 1380 304 1408 Ut
322 1380 356 1408 de
370 1381 445 1409 nullo
467 1380 618 1416 ambigam,
639 1381 713 1409 utin
734 1381 863 1409 omnibus
880 1380 990 1409 abunde

195 1424 325 1454 reddatur
337 1426 436 1454 certior
449 1429 532 1462 atque
547 1426 671 1454 ﬁrmetur
685 1426 839 1454 intellectus
850 1426 988 1462 ipsorum,

196 1469 249 1498 hoc
270 1474 320 1504 est,
337 1471 461 1507 mysterii
480 1471 606 1507 cognitio.
626 1473 689 1499 Non
703 1471 774 1498 dixit
787 1475 880 1499 autem
901 1471 928 1499 in
947 1471 992 1499 di-

195 1514 271 1542 vitias
285 1515 456 1551 simpliciter,
470 1515 530 1548 sed,
547 1517 579 1543 In
595 1524 682 1544 omnes
693 1516 817 1544 divitias.
834 1515 901 1544 Novi
916 1523 990 1550 sane,

195 1560 293 1596 inquit,
306 1560 380 1596 quod
393 1560 467 1588 vobis
486 1560 638 1588 intellectus
655 1561 691 1588 sit
705 1560 741 1588 ad
761 1561 934 1596 mysterium,
951 1569 992 1588 vc-

196 1611 258 1631 rum
277 1604 470 1632 certitudinem
485 1605 639 1632 intellectus
658 1604 739 1641 hujus
761 1605 873 1633 divitem
895 1612 990 1641 quzero

196 1649 224 1676 in
240 1648 325 1676 vobis.
339 1649 387 1676 Vel
399 1657 462 1676 cum
485 1648 623 1677 intellectu
637 1649 697 1678 volo
708 1657 755 1678 vos
768 1649 922 1682 certiiicari,
933 1658 989 1678 non

198 1697 312 1729 temere,
326 1697 354 1721 et
369 1693 428 1721 sine
443 1693 557 1722 ratione.

233 1784 263 1812 In
275 1785 438 1818 agnitionem
456 1785 578 1820 mysterii
589 1785 638 1812 Dei
648 1787 673 1813 et
685 1786 774 1812 Patris
790 1785 901 1814 Christi.
918 1785 991 1821 Quid

197 1836 261 1856 vero
277 1829 439 1865 mysterium
454 1829 505 1857 Dei
519 1831 578 1857 est?
598 1829 679 1866 Quod
694 1838 741 1866 per
754 1830 854 1858 Filium
871 1831 920 1859 Dei
942 1839 991 1859 ac-

197 1880 290 1901 cessus
300 1873 347 1902 ﬁat
359 1874 393 1902 ad
408 1876 527 1909 Patrem,
540 1878 568 1902 et
579 1881 634 1902 non
646 1882 695 1911 per
707 1875 830 1911 angelos.

232 1966 322 1994 Vens.
345 1969 370 1993 3.
394 1967 427 1993 In
445 1974 503 2000 quo
523 1968 587 1993 sunt
602 1973 691 1994 omnes
715 1967 837 1994 thesauri
851 1969 992 2003 sapientia:

196 2009 282 2046 479
295 2013 321 2038 et
335 2012 452 2038 scientiae
466 2011 624 2038 abseonditi.
642 2012 702 2047 Ipse
715 2011 800 2045 solus,
817 2011 917 2048 inquit,
932 2020 992 2040 om—

196 2055 243 2083 nia
255 2055 339 2082 novit.
362 2055 443 2089 Quod
458 2055 479 2082 si
494 2055 550 2090 ipsc
565 2055 639 2083 solus
654 2056 770 2091 sapiens,
787 2057 925 2092 sapienter
943 2057 991 2093 igi-

197 2104 242 2127 tur
263 2099 291 2127 in
306 2099 460 2127 novissimis
473 2100 644 2136 temporibus
663 2100 745 2135 venit,
760 2105 787 2129 et
798 2109 855 2128 non
867 2101 944 2135 olim,
960 2111 992 2131 ac

196 2143 295 2172 frustra
319 2143 441 2171 nonnulli
456 2143 597 2172 dementes
616 2144 708 2173 isthuc
722 2150 847 2181 carpunt.
864 2146 934 2174 Cum
950 2146 990 2174 di-

196 2189 244 2223 cit,
269 2190 426 2224 Thesauros,
441 2190 552 2226 copiam
567 2190 688 2218 ostendit
704 2199 710 2218 :
732 2197 805 2224 cum,
825 2191 929 2226 Omnes,
945 2191 988 2219 ni-

195 2233 232 2262 hil
252 2234 343 2270 ipsum
357 2234 440 2262 latere
461 2244 468 2263 :
483 2243 558 2269 cum,
574 2235 743 2267 Absconditi,
763 2235 836 2271 quod
850 2236 924 2264 solus
936 2235 993 2272 ipse
1006 2236 1030 2268 D

194 2281 312 2313 noverit,
328 2283 354 2307 et
368 2279 403 2307 ab
415 2280 474 2316 ipso
488 2281 621 2316 sapientia
636 2285 663 2309 et
674 2280 793 2317 cognitio
808 2281 925 2316 petenda
940 2286 989 2310 est.

195 2323 316 2352 Observa
340 2324 393 2359 hic,
415 2326 521 2353 etiamsi
541 2325 664 2354 videatur
682 2333 815 2362 magnum
831 2325 932 2361 aliquid
953 2326 991 2354 di-

193 2376 265 2402 cere,
281 2369 334 2396 hoc
348 2372 440 2397 tamen
456 2370 492 2398 ob
509 2371 699 2406 simpliciores,
714 2379 743 2399 se
760 2371 943 2405 demittendo,
958 2372 990 2400 il-

192 2413 281 2448 lisque
303 2413 521 2448 obsecundando,
545 2414 624 2450 dixit,
646 2417 677 2443 In
698 2424 750 2451 quo
772 2419 834 2444 sunt
858 2417 988 2449 thesauri,

194 2457 326 2486 videlicet.
343 2459 412 2486 Nam
425 2458 449 2486 is
461 2463 503 2487 est
516 2459 648 2495 sapientia
660 2461 728 2497 ipsa,
743 2465 771 2490 et
783 2461 838 2497 ipsa
851 2462 981 2498 cognitio.

227 2503 315 2531 Vsus.
329 2505 353 2531 4.
366 2504 418 2530 Hoc
429 2506 518 2532 autem
528 2505 597 2539 dico,
610 2508 640 2533 ut
650 2513 722 2533 nemo
732 2514 776 2534 vos
789 2507 906 2541 deotpiat
916 2515 982 2542 pro-

193 2547 334 2576 babilitate
347 2549 483 2576 sermonis.
501 2550 561 2577 Hoc
575 2549 645 2583 dixi,
663 2550 759 2586 inquit,
775 2550 851 2587 quod
865 2551 988 2580 Christus

192 2593 265 2621 solus
289 2593 381 2621 omnia
404 2594 490 2626 novit.
514 2601 549 2622 ne
571 2594 632 2631 quis
657 2595 735 2623 vobis
758 2595 892 2631 imponat.
916 2597 987 2633 Quid

190 2638 266 2666 enim
288 2638 312 2666 si
335 2639 549 2675 persuasibiliter
572 2639 663 2668 dicat?
688 2639 762 2668 Nihil
787 2640 872 2675 novit,
895 2648 927 2669 ac
947 2649 988 2669 re-

189 2691 252 2712 vera
285 2687 326 2712 est
354 2682 481 2720 dcccptio
503 2684 557 2713 hoc
577 2689 679 2720 totum,
711 2689 738 2714 et
770 2685 861 2714 inania
892 2686 986 2722 sophi-

189 2732 276 2756 smnta
284 2748 291 2756 .

1046 355 1138 392 ὑμῶν,
1157 355 1203 384 καὶ
1226 357 1278 384 τῶν
1304 356 1329 384 ἐν
1353 354 1514 396 Λαοδικείᾳ,
1541 355 1586 384 καὶ
1603 355 1664 386 ὅσοι
1685 357 1733 396 οὐχ
1754 359 1823 397 ἑωρά-

1045 411 1108 429 κασι
1127 398 1157 429 τὸ
1178 399 1319 439 πρόσωπόν
1347 411 1397 437 μου
1419 400 1446 429 ἐν
1472 400 1560 440 σαρκί.
1586 412 1599 429 ι
1632 401 1746 431 Μέλλων
1760 402 1825 440 ἐμϐι-

1046 444 1100 473 λεῖδ
1121 445 1157 477 εἰς
1172 443 1202 474 τὸ
1218 444 1303 482 δόγμα
1313 466 1320 480 ,
1334 443 1435 479 πολλὴν
1457 445 1572 474 δείκνυσι
1586 445 1637 480 τὴν
1659 447 1826 486 φιλοστοργίαν

1047 488 1193 529 πρότερον,
1218 487 1262 518 ἵνα
1293 489 1549 529 εὖπαραδεκτότερος
1571 489 1696 528 γένηται.
1729 491 1824 530 Ἀγωνιῶ

1045 533 1108 573 γὰρ,
1134 534 1214 574 φησὶ,
1230 533 1291 574 περὶ
1313 535 1398 571 ὑμῶν.
1417 534 1553 564 Συνάπτει
1569 534 1595 564 δὲ
1612 536 1705 570 αὐτοῖς
1725 536 1766 565 καὶ
1780 536 1825 570 τοὺς

1047 579 1073 607 ἐν
1089 578 1248 619 Λαοδικείᾳ,
1272 578 1318 608 καὶ
1334 578 1429 611 ἄλλους
1445 579 1547 621 ἁπλῶς,
1563 578 1606 608 ἵνα
1623 580 1664 619 μὴ
1678 583 1826 621 ταραχθῶσι,

1047 622 1166 657 δόξαντες
1188 625 1234 659 τῆς
1251 622 1385 657 ἀσθενείας
1406 625 1492 653 αὐτῶν
1516 619 1582 653 εἶναι
1604 627 1684 655 τοῦτο
1700 625 1734 654 ⁶¹.
1749 626 1795 656 Διᾶ
1806 627 1825 654 τί

1047 667 1073 698 δὲ
1091 670 1220 708 ἆγωνιᾷς;
1243 663 1310 708 ’Ἆρα
1329 668 1534 707 καταγινώσκων
1559 671 1658 707 ἡμῶνς
1678 670 1760 706 Διότι,
1783 683 1825 710 ρη-

1046 713 1101 748 σὶν,
1123 714 1172 752 οὐχ
1188 712 1322 752 ἑωράκατε
1337 712 1367 742 τὸ
1385 714 1527 753 πρόσωπόν
1543 726 1606 753 μου.
1629 715 1779 755 Προσέθηκε
1791 716 1823 750 δὲ,

1048 768 1063 784 α
1079 757 1126 787 Ἐν
1142 757 1230 796 σαρκὶ,
1242 769 1255 786 )
1268 757 1378 792 ⁴δεικνὺς
1393 758 1548 797 θαυμασίως
1566 759 1607 789 ὅτι
1624 760 1714 800 ἑώρων
1730 761 1825 799 συνεχῶς

1045 803 1071 832 ἐν
1088 801 1237 840 Πνιύματι.

1089 899 1102 916 ε
1126 887 1187 918 Ἵνα
1207 888 1414 928 παρακληθῶσιν
1436 889 1464 917 αἱ
1487 888 1594 928 καρδίαι
1618 889 1719 927 αὐτῶν,
1742 889 1820 927 συμει-

1049 931 1200 962 ϐασοέντων
1215 933 1241 962 ἓν
1264 933 1366 973 ἀγάπῃ.
1393 946 1405 958 ιι
1419 931 1493 969 ΊΙδη
1516 934 1607 963 λοιπὸν
1623 933 1742 971 ἐμϐαίνει
1754 936 1784 966 εἷς
1802 934 1824 962 τὸ

1048 977 1150 1016 δόγμα,
1173 977 1218 1006 καὶ
1234 976 1293 1007 οὔτε
1317 980 1477 1017 κατηγορεῖ,
1498 979 1557 1008 οὗτε
1573 978 1738 1009 ἀπαλλάττει
1757 978 1825 1014 πάντ-η

1044 1024 1091 1058 τῆς
1116 1023 1285 1062 κατηγορίας.
1313 1022 1446 1052 Ἐνταῦοα
1480 1022 1506 1052 δὲ
1536 1025 1553 1058 ἡ
1581 1023 1717 1056 ἀπόδοσις.
1742 1023 1824 1062 Ἀγῶνα

1045 1066 1117 1106 ἔχω’
1141 1068 1184 1096 ἵνα
1206 1066 1232 1096 τί
1247 1066 1374 1106 γένηταις
1405 1067 1466 1097 Ἵνα
1491 1067 1528 1105 μὴ
1556 1068 1674 1107 διάφορα
1699 1070 1823 1109 φρονῶσιν,

1045 1111 1113 1141 ἀλλὰ
1135 1111 1338 1148 συμϐιϐασθῶσι
1367 1111 1412 1141 καὶ
1440 1114 1556 1142 ἑνωθῶοι
1582 1113 1683 1146 πάντες
1711 1114 1744 1145 εἷς
1772 1113 1821 1151 μίαν

1044 1156 1144 1185 πίστιν.
1163 1158 1241 1193 Πῶς;
1259 1157 1300 1186 Οὐ
1323 1156 1390 1195 μετὰ
1413 1157 1548 1194 ἀνάγκης,
1569 1157 1587 1193 ἢ
1610 1158 1691 1197 βίας,
1709 1158 1763 1187 ἀλλ’
1779 1169 1790 1185 ε
1804 1158 1823 1186 ἐν

1046 1201 1148 1241 ἀγάπῃ.
1167 1213 1182 1231 ι)
1202 1203 1289 1232 Τοῦτο
1302 1202 1329 1232 δὲ
1345 1197 1417 1232 εἶπεν
1427 1224 1436 1238 ,
1455 1203 1489 1236 ὡς
1504 1203 1556 1232 τῶν
1572 1202 1702 1243 αἱρέσεων
1717 1204 1760 1232 καὶ
1777 1203 1824 1241 σχί-

1044 1257 1135 1285 σματα
1147 1248 1307 1277 τικτουσῶν.

1085 1344 1096 1357 α
1127 1330 1182 1361 Καὶ
1203 1333 1239 1366 εἰς
1262 1331 1350 1361 πάντα
1376 1333 1491 1362 πλοῦτον
1510 1333 1557 1368 τῆς
1588 1333 1770 1374 πληροφορίας
1790 1333 1825 1366 τῆς

1044 1375 1182 1410 συνέσεως.
1202 1388 1217 1404 ι
1239 1376 1399 1413 Τουτέστιν,
1423 1376 1482 1406 Ἵνα
1494 1377 1560 1416 ὑπὲρ
1577 1378 1691 1415 μηδενὸς
1708 1377 1825 1418 ἀμφιϐάλ-

1044 1421 1145 1456 λωσιν,
1172 1419 1215 1450 ἵνα
1239 1420 1305 1460 ὑπὲρ
1334 1421 1441 1450 πάντων
1468 1421 1731 1462 πεπληροφορημένη
1756 1423 1791 1457 εἴη
1806 1421 1825 1439 "

1045 1465 1178 1499 πλουσίως
1193 1467 1210 1501 ἡ
1227 1465 1327 1499 σύνεσις
1347 1467 1450 1503 αὐτῶν,
1469 1466 1604 1496 τουτέστιν
1615 1490 1624 1506 ,
1647 1469 1665 1503 ἡ
1681 1469 1726 1496 τοῦ
1741 1478 1825 1505 μυστη-

1047 1510 1101 1551 ρίου
1120 1512 1225 1550 γνῶσις.
1237 1511 1296 1540 Οὖκ
1311 1505 1369 1540 εἶπε
1394 1510 1439 1546 δὲ,
1463 1512 1511 1544 Εἷς
1535 1511 1578 1540 τὸν
1595 1513 1723 1548 πλοῦτον,
1737 1511 1826 1545 ἅπλῶς,

1047 1555 1122 1592 ἀλλ’,
1141 1566 1155 1584 (ι
1173 1556 1218 1588 Εἰς
1233 1554 1321 1584 πάντα
1336 1557 1462 1586 πλοῦτον.
1477 1568 1491 1585 n
1509 1551 1580 1586 Οἶδα
1600 1556 1650 1595 μὲν
1661 1579 1670 1593 ,
1693 1557 1782 1596 φησὶν,
1795 1555 1826 1584 ὅτι

1046 1599 1149 1629 σύνεσιν
1162 1599 1236 1640 ἔχετε
1256 1603 1302 1630 τοῦ
1317 1600 1464 1640 μυστηρίου
1474 1622 1482 1638 ,
1500 1599 1570 1630 ἀλλὰ
1591 1601 1642 1636 τὴν
1657 1600 1826 1642 πληροφορίαν

1044 1646 1090 1680 τῆς
1111 1645 1240 1678 συνέσεως
1257 1644 1354 1682 ταύτης
1379 1647 1450 1681 ζητῶ
1475 1645 1604 1675 πλουσίαν
1627 1646 1656 1675 ἐν
1681 1646 1750 1684 ὑμῖν.
1772 1644 1820 1680 Ἣ,

1044 1688 1085 1718 ὅτι
1107 1689 1183 1719 Μετὰ
1199 1689 1326 1722 συνέσεως
1346 1690 1476 1729 βούλομαι
1498 1691 1567 1729 ὑμᾶς
1580 1693 1819 1732 πληροφορηθῆναι,

1045 1735 1093 1763 οὐκ
1110 1734 1227 1770 ἀνοήτως
1242 1734 1287 1763 καὶ
1303 1734 1415 1773 ἀλόγως.

1089 1789 1105 1807 (ι
1132 1779 1180 1811 Εἰς
1205 1779 1346 1817 ἐπίγνωσιν
1376 1781 1421 1809 τοῦ
1449 1779 1595 1819 μυστηρίου
1623 1782 1671 1810 τοῦ
1702 1781 1769 1811 Θεοῦ
1790 1778 1824 1808 καὶ

1047 1823 1153 1862 Πατρὸς
1180 1825 1226 1852 τοῦ
1252 1823 1384 1863 Χριστοῦ.
1416 1835 1433 1863 η
1457 1824 1492 1854 Τί
1516 1823 1543 1852 δὲ
1569 1824 1600 1854 τὸ
1625 1824 1770 1864 μυστήριον
1789 1825 1825 1852 τοῦ

1046 1867 1134 1906 Θεοῢς
1151 1867 1192 1898 Τὸ
1207 1867 1248 1897 διὰ
1268 1870 1313 1897 τοῦ
1330 1869 1396 1898 me
1409 1868 1458 1905 τὴν
1474 1868 1652 1909 προσαγωγὴν
1669 1869 1790 1909 γίνεσθαι,
1803 1867 1824 1897 οὗ

1046 1912 1080 1941 δι’
1094 1911 1226 1951 ἀγγέλων.

1089 1968 1104 1986 ι(
1119 1956 1165 1986 Ἐν
1189 1952 1211 1995 ᾧ
1237 1958 1288 1986 εἰσι
1311 1956 1407 1991 πάντες
1421 1959 1444 1987 οἱ
1469 1957 1597 1998 θησαυροὶ
1612 1960 1662 1994 τῆς
1688 1958 1775 1998 σοφίας
1791 1957 1826 1986 καὶ

1044 2003 1091 2037 τῆς
1105 2001 1227 2040 γνώσεως
1251 2002 1412 2042 ἀπόκρυφοι.
1432 2012 1447 2031 D
1470 2001 1552 2036 Αὖτὸς
1568 2002 1646 2041 μόνος
1664 1999 1720 2033 οἶδε
1738 2004 1826 2032 πάντα·

1046 2047 1068 2075 εἰ
1083 2047 1110 2075 δὲ
1126 2047 1201 2079 αὐτὸς
1216 2047 1293 2088 μόνος
1309 2048 1403 2088 σοφὸς,
1420 2049 1507 2087 σοφῶς
1522 2048 1574 2087 ἄρα
1585 2048 1630 2077 καὶ
1646 2049 1675 2078 ἐν
1689 2052 1740 2081 τοῖς
1755 2046 1824 2087 ἐσχά-

1045 2102 1099 2124 τοις
1124 2091 1223 2131 καιροῖς
1249 2087 1332 2128 ἦλθε,
1354 2092 1400 2121 καὶ
1423 2092 1452 2121 οὐ
1474 2092 1575 2128 πάλαι,
1596 2092 1642 2122 καὶ
1665 2093 1752 2131 μάτην
1771 2090 1826 2122 τινὲς

1045 2137 1096 2165 τῶν
1123 2136 1242 2172 ἀνοήτων
1270 2137 1472 2176 ἐπιδράττονται
1498 2138 1604 2167 τούτου.
1631 2138 1680 2178 Τῷ
1705 2137 1750 2176 μὲν
1773 2131 1823 2170 οὖν,

1046 2194 1057 2205 ι
1073 2181 1213 2221 Θησαυροὶ
1231 2181 1272 2218 ⁸³,
1291 2194 1303 2207 ι
1319 2182 1417 2216 εἰπεῖν,
1435 2182 1465 2211 τὸ
1479 2183 1578 2217 πλῆθος
1593 2181 1725 2212 δείκνυσι·
1739 2183 1773 2221 τῷ
1787 2181 1822 2215 δὲ,

1046 2238 1058 2252 α
1075 2225 1196 2262 Πάντες,
1207 2239 1222 2266 ξ
1233 2226 1264 2256 τὸ
1276 2226 1358 2265 μηδὲν
1373 2227 1490 2265 ἀγνοεῖν·
1505 2228 1544 2266 τῷ
1559 2226 1599 2265 δὲ,
1615 2240 1626 2253 ι
1641 2226 1800 2266 Ἀπόκρυφοι,
1814 2238 1823 2249 ι

1045 2269 1085 2298 ὅτι
1100 2269 1175 2308 μόνος
1198 2265 1268 2307 οἶδε,
1283 2271 1329 2300 καὶ
1345 2272 1410 2311 παρ’
1424 2272 1504 2300 αὐτοῦ
1526 2265 1565 2300 δεῖ
1588 2272 1670 2301 αἰτεῖν
1685 2271 1774 2312 σοφίαν
1787 2269 1823 2298 υἱ

1043 2316 1150 2354 γνῶσιν.
1174 2314 1248 2356 "Opi:
1271 2314 1310 2353 δὲ,
1327 2315 1367 2345 ὅτι
1390 2315 1475 2345 εἶκαὶ
1499 2317 1572 2345 δοκεῖ
1596 2316 1666 2356 μέγα
1690 2329 1716 2346 τι
1737 2317 1820 2348 εἰπεῖν,

1044 2359 1113 2388 ἀλλὰ
1150 2359 1195 2390 καὶ
1227 2363 1304 2390 τοῦτο
1337 2361 1576 2399 συγκαταϐατικῶς
1609 2356 1666 2390 εἷπε
1699 2359 1740 2391 διὰ
1773 2358 1822 2390 τοὺς

1043 2404 1246 2445 ἁπλουστέρους,
1268 2405 1311 2445 τὸ,
1327 2419 1340 2433 α
1359 2405 1406 2436 Ἐν
1429 2402 1450 2445 ᾧ
1475 2407 1540 2435 εἰσιν
1559 2406 1583 2435 οἱ
1599 2406 1736 2447 θησαυροί.
1757 2404 1821 2434 »Αὖ-

1042 2449 1155 2490 τοσοφία
1172 2450 1223 2490 γάρ
1240 2451 1296 2480 ἐστι
1312 2450 1356 2480 καὶ
1373 2450 1544 2489 αὖτόγνωσις.

1083 2508 1095 2521 ι
1121 2495 1209 2525 Τοῦτο
1225 2495 1253 2524 δὲ
1278 2495 1356 2536 λέγω,
1373 2495 1416 2524 ἵνα
1443 2495 1521 2534 μήτις
1540 2497 1608 2534 ὓμᾶς
1626 2494 1820 2536 παραλογίζηται

1042 2541 1069 2569 ἐν
1086 2539 1268 2580 πιθανολογίᾳ.
1286 2553 1297 2566 ι
1319 2541 1409 2581 Τοῦτο
1426 2540 1453 2570 δὲ
1469 2536 1558 2580 εἶπον,
1581 2540 1676 2581 φησὶν,
1691 2540 1730 2569 ὅτι
1745 2539 1819 2568 πάντα

1041 2586 1055 2614 ὃ
1083 2584 1197 2624 Χριστὸς
1213 2585 1290 2622 μόνος
1309 2579 1395 2624 οἶδεν,
1409 2584 1452 2615 ἵνα
1479 2585 1517 2624 μή
1532 2579 1571 2618 τις
1588 2579 1661 2624 ’ὑμᾶς
1682 2587 1774 2624 ἀπατᾷ.
1792 2581 1819 2612 Τί

1041 2628 1108 2670 γὰρ¹,
1133 2631 1155 2659 εἰ
1180 2631 1298 2664 πιθανῶς
1321 2629 1407 2669 Mysi;
1431 2630 1516 2661 Οὐδὲν
1544 2625 1612 2668 οἶδε,
1637 2626 1818 2670 παραλογισμός

1041 2675 1098 2704 ἐστι
1111 2673 1140 2704 τὸ
1154 2678 1208 2704 πᾶν
1222 2674 1268 2704 καὶ
1283 2674 1446 2715 σοφίσματα.

886 2776 980 2806 Variae
1002 2776 1152 2808 lectiones.

224 2822 244 2839 “
259 2822 404 2855 δοξάζοντες
422 2823 547 2860 ἀσθενείας
562 2823 628 2852 εἶναι
642 2827 716 2857 τοῦτο
730 2833 757 2854 o.
796 2826 818 2843 ¹²
832 2825 1048 2862 πεπληροφόρηται
1063 2835 1090 2855 0.
1110 2827 1132 2844 ¹³
1146 2827 1282 2863 θησαυροὺς
1295 2835 1321 2855 o.
