1890 3077
54 173 126 200 1237

496 169 670 198 EXPOSITIO
690 170 723 198 ΙΝ
744 171 846 199 EPIST.
868 171 914 198 AD
933 170 1069 199 COLOSS.
1090 185 1124 191 —
1143 171 1218 198 CAP.
1244 171 1274 198 ll.

1639 172 1706 199 i238

97 246 113 262 α
133 235 170 265 Εἰ
186 233 237 273 γὰρ
251 233 297 264 καὶ
361 233 440 274 σαρκὶ
457 233 567 275 ἄπειμι,
579 233 649 263 ἀλλὰ
664 235 702 275 τῷ
722 233 855 273 πνεύματι
872 257 878 269 λ

949 235 1037 262 Vnus.
1052 237 1076 261 5.
1098 235 1164 263 Nam
1181 235 1230 262 etsi
1254 241 1332 262 carne
1352 235 1444 262 absens
1458 241 1528 269 sum,
1546 235 1592 262 sed
1606 235 1707 270 spiritu

53 278 101 309 σὺν
120 282 189 317 ὓμῖν
205 279 270 317 εἰμι.
289 291 304 307 ι)
323 278 363 309 Τὸ
380 279 521 309 ἀκόλουθον
533 274 565 314 ἦν
585 279 677 309 εἰπεῖν·
696 280 727 309 Ei
743 280 793 320 γὰρ
809 279 854 309 καὶ

51 326 85 365 τῇ
112 325 199 364 σαρκὶ
226 324 338 363 ἄπειμι,
365 323 433 353 ἀλλὰ
458 326 495 363 τῷ
523 323 658 362 πνεύματι
684 324 774 364 βλέπω
795 324 855 358 τοὺς

51 370 229 402 ἀπατεῶνας·
255 371 269 398 ὁ
295 368 322 398 δὲ
349 370 385 403 εἰς
409 367 539 408 ὗγχώμιον
566 368 658 410 ἔτρεψε
691 369 736 399 τὸν
763 369 853 410 λόγον.

52 413 109 445 Καὶ
126 414 225 444 ἄκουε·

95 471 110 486 ιι
135 459 254 499 Χαίρων
277 459 322 489 καὶ
347 458 451 498 βλέπων
476 460 550 497 ὑμῶν
575 459 623 495 τὴν
650 459 734 497 τάξιν,
759 460 804 488 καὶ
825 460 854 490 τὸ

50 503 199 545 στερέωμα
219 507 264 540 τῆς
286 506 323 538 εἷς
340 503 454 544 Χριστὸν
475 504 589 537 πίστεως
613 505 696 543 ὑμῶν.
729 518 740 530 ν
767 505 854 535 Τουτ-

51 549 126 584 ίστι,
152 549 205 586 τὴν
232 549 365 584 εὐταξίαν.
384 549 425 578 Οὖ
451 549 529 588 μόνον
556 549 607 590 γὰρ
633 550 662 579 οὖ
680 549 854 586 πεπτώκατι,

51 594 110 623 ἀλλ’
127 594 191 625 οὐδὲ
207 594 256 630 τὴν
272 594 343 629 τάξιν
365 595 438 632 ὑμῶν
454 593 562 634 συνέχεέ
576 606 628 631 τις,
656 594 701 624 καὶ
724 594 771 631 τὴν
792 606 854 624 στε-

53 639 114 679 ρεὰν
140 639 236 669 πίστιν
259 641 344 676 ὑμῶν.
365 638 413 672 Ὧς
436 638 486 678 γὰρ
511 638 555 669 ἐπὶ
574 638 747 678 παρατάξεως
772 642 788 676 ἡ
812 641 854 670 εὐ-

51 684 130 718 ταξία
155 684 208 719 τὴν
232 684 357 724 φάλαγγα
384 683 493 723 στερεὰν
515 685 688 721 καθίστησιν·
713 683 782 714 οὕτω
808 685 854 714 καὶ

53 729 64 758 ἐ
87 729 93 739 ‘
135 731 153 738 ’”’
200 728 234 759 Ἐ
271 730 286 758 λ
327 729 333 738 ¹
402 728 417 758 8
507 729 515 739 ³
697 731 714 738 "'
756 731 763 740 ’
795 730 801 738 '

67 741 96 758 πι
119 741 169 764 της
236 741 269 758 xx
287 740 382 765 ησιας,
418 740 464 757 ταν
491 728 597 763 ευταξία
622 724 656 768 ᾗ,
681 741 727 764 της
749 741 854 769 αγαπης

54 773 142 802 πάντα
159 773 346 810 καθιστώσης,
368 773 413 802 καὶ
434 772 470 812 μὴ
495 773 576 802 ὄντων
601 773 774 813 σχισμάτων,
795 774 853 804 τότε

55 818 99 847 καὶ
116 818 148 848 τὸ
174 817 316 858 στερέωμα
339 818 450 858 γίνεται.
470 818 549 848 Ἀλλὰ
571 819 616 848 καὶ
641 821 658 855 ἡ
685 819 773 852 πίστις
795 831 854 849 στε-

909 279 1043 306 vobiscum
1064 286 1132 306 sum.
1156 279 1330 315 Consequens
1349 283 1408 307 erat
1430 279 1529 313 dicere,
1551 279 1608 308 Etsi
1629 279 1705 307 enim

909 332 990 352 carne
1013 324 1120 357 absum,
1142 323 1236 360 spiritu
1262 328 1354 352 tamen
1377 325 1455 353 video
1475 325 1662 361 impostores:
1682 325 1704 354 is

909 377 972 398 vero
987 369 1013 398 in
1026 369 1184 398 encomium
1197 370 1275 398 vertit
1286 378 1450 399 sermonem.
1464 371 1533 399 Audi
1547 379 1610 407 ergo
1625 381 1631 399 :

947 465 1072 493 Gaudeas
1085 466 1110 491 et
1123 464 1217 491 vadens
1232 464 1351 491 ordinem
1369 466 1499 498 vestrum,
1514 467 1539 492 et
1555 467 1705 500 ﬁrmamen-

909 513 967 538 tum
983 510 1051 545 ejus,
1067 518 1126 545 qua:
1141 511 1169 536 in
1180 510 1284 538 Christo
1305 512 1354 540 est,
1372 510 1436 544 ﬁdei
1448 512 1551 538 vestrae.
1571 512 1631 539 Hoc
1651 515 1703 545 est,

908 555 1009 583 bonam
1023 555 1226 583 ordinationem
1241 558 1368 582 vestram.
1382 555 1443 582 Non
1458 555 1550 582 solum
1564 556 1636 583 enim
1648 564 1703 584 non

909 600 1052 634 cecidistis,
1079 599 1128 627 sed
1160 607 1193 627 ne
1219 598 1421 627 ordinationem
1446 599 1558 635 quidem
1586 605 1704 629 vestram

908 645 1043 682 quispiam
1069 644 1203 678 confudit,
1219 644 1390 680 solidamque
1406 644 1489 672 ﬁdem
1516 649 1642 673 vestram.
1667 647 1707 674 Ut

909 690 984 718 enim
1011 690 1037 717 in
1061 690 1117 718 acie
1141 690 1252 718 militari
1276 690 1346 718 bona
1361 690 1465 718 ordinis
1480 690 1620 718 collocatio
1637 691 1703 726 pha-

910 733 1016 770 langem
1033 734 1145 762 lii-mam
1165 734 1269 763 efﬁcit:
1293 735 1331 763 sic
1354 739 1381 763 et
1402 735 1430 762 in
1454 735 1571 763 Ecclesia
1595 736 1705 771 quando

909 778 998 807 bonus
1019 779 1086 807 ordo
1115 779 1208 813 fuerit,
1239 779 1367 808 charitale
1392 781 1482 808 omnia
1511 780 1705 814 constituente,

908 823 930 851 si
952 827 1033 851 secta:
1048 823 1146 855 absint,
1173 827 1238 852 tunc
1261 823 1291 851 ﬁt
1303 823 1424 851 soliditas
1438 832 1470 851 ac
1485 823 1701 854 ﬁrmamentum.

55 863 147 903 ρέωμά
174 865 247 894 ἔστιν
263 863 330 900 αὐτὴ
357 865 416 893 καθ’
433 863 528 902 αὐτὴν,
557 863 594 902 μὴ
618 866 688 894 ἐῶσα
712 859 878 905 λογισμοὺςι

938 867 1063 895 uinetiam
1091 867 1158 896 ﬁdes
1183 868 1239 904 ipsa
1265 876 1312 904 per
1338 876 1397 896 sese
1421 868 1626 897 ﬁrmamentum
1653 875 1705 905 est,

55 910 220 940 ὖπεισελθεῖν
237 932 245 946 ,
293 908 318 938 οἳ
362 908 490 948 διάκρισιν
532 911 717 948 ἐμποιοῦντες,
758 910 855 940 σαλεύ-

55 964 139 984 ουσιν.

98 1010 113 1028 (ι
129 998 182 1032 Ὡς
205 994 251 1028 οὖν
277 998 443 1038 παρελάϐετε
467 997 511 1027 τὸν
539 998 652 1038 Χριστὸν
678 999 782 1035 Ἰησοῦν
810 999 855 1029 τὸν

57 1044 166 1083 Κύριον.
191 1057 204 1070 υ
222 1042 307 1074 Οὐδὲν
323 1042 392 1077 ξένον
407 1043 599 1082 ἐπεισάγομεν,
617 1043 678 1073 ἀλλ’
696 1043 710 1073 ὃ
734 1044 855 1084 παρελά-

55 1088 124 1126 ϐετε,
143 1090 230 1118 ἐκεῖνο
257 1089 302 1118 καὶ
318 1089 484 1126 ἀπαιτοῦμεν
508 1089 605 1125 πάλιν,
622 1089 667 1119 τὸν
690 1088 786 1129 Κύριον
802 1089 857 1126 ⁷1η-

55 1136 114 1163 σοῦν
131 1133 266 1174 Χριστὸν,
282 1134 310 1163 οὗ
327 1132 385 1166 τοὺς
403 1132 540 1173 ἀγγέλους.

96 1190 109 1207 ε
127 1178 177 1209 Ἐν
194 1180 269 1219 αὖτῷ
281 1182 461 1216 περιπατεῖτε.
479 1188 493 1206 )›
514 1177 600 1211 Αὐτὸς
619 1178 669 1217 γάρ
684 1179 781 1215 ἐστινὴ
798 1179 856 1213 ὁδὸς

57 1223 295 1265 ἡιιτροσοέγοιδσαΗ
313 1225 347 1257 εἷς
371 1223 415 1252 τὸν
441 1221 563 1261 Πατέρα.
589 1222 635 1259 Μὴ
656 1224 682 1252 ἕν
703 1225 755 1256 τοῖς
775 1223 854 1263 ἀγγέ-

56 1269 108 1302 λοις
140 1269 332 1309 περιπατεῖτε·
365 1266 452 1304 εκείνη
487 1266 540 1308 γὰρ
568 1269 585 1304 ἡ
624 1267 682 1302 ὁδὸς
717 1269 745 1297 οὗ
781 1268 855 1308 φέρει

58 1314 116 1343 ἐκεῖ.

94 1372 105 1384 ι
121 1357 327 1399 Ἐῤῥιζωμένοι,
342 1371 355 1383 υ
367 1356 521 1394 Τουτέστιν,
537 1356 727 1396 ἆμεταστάτως
741 1356 854 1397 ἔχοντες,

58 1403 100 1432 καὶ
121 1403 157 1441 μὴ
181 1403 249 1433 ποτὲ
277 1402 324 1441 μὲν
342 1403 367 1431 ἐν
391 1403 509 1441 Χριστῷ,
525 1401 588 1431 ποτὲ
611 1402 639 1431 δὲ
665 1403 691 1431 ἐν
720 1403 851 1442 ἀγγέλοις.

58 1448 94 1477 Τὸ
107 1447 157 1488 γὰρ
173 1447 348 1490 ἐῤῥιζωμένον
365 1447 411 1477 οὒκ
428 1446 460 1476 ἄν
477 1457 541 1477 ποτε
556 1446 716 1485 μετασταίη.

97 1555 108 1567 ι
120 1542 172 1572 Καὶ
185 1541 434 1581 ἐποικοδομούμενοι
446 1542 472 1571 ἐν
485 1542 567 1581 αὐτῷ.
585 1554 596 1567 ιι
609 1540 747 1572 Δείκνυσιν
758 1541 852 1577 αὐτοὺς
866 1551 888 1583 C

62 1586 343 1623 καταπεσόντας,ὥστε
358 1587 458 1615 δεῖσθαι
474 1586 715 1625 ἐποικοδομὴσεως,
729 1586 849 1616 τουτέστι

62 1630 177 1670 δευτέρας
192 1632 345 1670 οἰκοδομῆς,
361 1633 396 1665 ὡς
406 1631 450 1660 ἐπὶ
465 1630 578 1671 θεμελίῳ
593 1633 631 1670 τῷ
647 1632 767 1671 Χριστῷ.

99 1689 109 1701 α
126 1675 178 1706 Καὶ
196 1676 380 1716 βεϐαιούμενοι
395 1678 428 1716 τῇ
439 1675 538 1706 πίστει.
556 1690 567 1702 ν
580 1673 720 1711 Τουτέστι,
738 1675 852 1716 βεϐαίως

62 1720 209 1761 κατέχοντες
242 1721 287 1750 τὸν
315 1720 431 1761 Χριστὸν
460 1721 502 1750 διὰ
526 1722 573 1756 τῆς
597 1721 725 1757 πίστεως,
752 1721 782 1750 οὗ
808 1721 851 1750 διὰ

62 1764 188 1804 λογισμῶν
214 1765 260 1796 καὶ
298 1767 501 1804 πιθανολογιῶν.
543 1767 580 1795 Ἥ
616 1764 667 1805 γὰρ
709 1765 849 1804 οἰκοδομὴ,

63 1808 107 1838 κᾶν
121 1811 162 1840 ἐπὶ
183 1809 296 1851 θεμελίῳ
320 1805 348 1850 ᾗ,
372 1810 409 1849 μὴ
434 1809 531 1850 βεϐαία
546 1809 573 1839 δὲ
599 1810 709 1850 ἑστήκῃ,
731 1810 849 1851 σφαλερά

65 1854 123 1884 ἐστι.

103 1910 117 1928 α
132 1899 225 1934 Καθὼς
251 1899 422 1940 ἐδιδάχθητε,
447 1899 645 1938 περισσεύοντες
671 1901 698 1929 ἐν
726 1900 792 1939 αὐτῇ
824 1901 850 1929 ἔν

64 1943 219 1986 εὐχαριστία.
235 1957 250 1974 ι
267 1945 354 1976 Πάλιν
366 1945 405 1981 τὸ,
426 1955 441 1974 (ι
455 1944 550 1978 Καθὼς
559 1955 589 1980 n,
599 1943 766 1986 cieno'leYva
779 1945 801 1973 εἴ
811 1944 850 1983 μή

64 1999 86 2016 τι
99 1983 172 2027 ἄλλο,
190 1983 266 2020 αὐτοὶ
282 1989 392 2023 ἑαυτοὺς
405 1989 555 2019 αἰδεσοῶσι.
570 1988 610 2019 Τὸ
629 1988 675 2026 μὲν
689 1983 750 2025 οὖν,
765 2002 776 2015 α
793 1990 849 2019 Κα-

64 2032 109 2066 θὼς
120 2035 287 2075 ἐδιδάχθητε,
301 2046 316 2064 n
339 2030 392 2065 οἶόν
407 2046 447 2068 τις
463 2034 594 2072 θεμέλιος·
611 2033 641 2063 τὸ
660 2033 687 2063 δὲ
710 2034 850 2074 περισσεύ-

65 2088 105 2113 ειν,
139 2081 216 2110 τοῦτό
243 2082 312 2110 ἐστιν
342 2082 359 2116 ἡ
392 2078 602 2118 ἕποιχοδόμησις.
631 2078 849 2119 Παρεξέρχεσθοιι

65 2121 107 2159 μὲν
128 2123 176 2163 γὰρ
202 2125 231 2155 οὐ
256 2125 295 2154 δεῖ
319 2124 352 2154 τὰ
381 2123 622 2164 προῧποτεθειμένα
646 2123 795 2163 διδάγματα
810 2123 847 2162 ‘5,

64 2167 212 2205 προκόπτειν
243 2169 330 2205 μέντοι
365 2170 392 2199 ἐν
426 2169 530 2205 αὐτοῖς,
559 2167 606 2198 καὶ
634 2168 846 2208 φιλοτιμεῖσθαι,
862 2186 887 2217 D

64 2211 104 2240 καὶ
127 2213 248 2253 περισσόν
277 2226 303 2243 τι
340 2213 518 2244 ἐνδείκνυσθαι
551 2214 578 2242 ἓν
606 2215 639 2253 τῇ
671 2212 773 2251 πίστει,
805 2214 848 2242 εὖ-

65 2260 244 2295 χαριστοῦντας
265 2260 303 2299 τῷ
326 2260 400 2299 Θεῷ,
430 2258 470 2288 ὅτι
495 2257 605 2294 ἠξίωσεν
630 2259 702 2296 ἡμᾶς
724 2257 848 2294 τοιαύτης

65 2300 176 2340 χάριτος,
211 2303 258 2333 χαὶ
296 2303 334 2343 μὴ
370 2305 471 2337 ἑαυτοῖς
499 2302 547 2340 τὴν
575 2301 712 2343 προκοπὴν
738 2303 849 2343 ἐπιγρά-

66 2354 152 2384 φοντας
157 2369 162 2375 .

103 2401 117 2417 α
140 2391 253 2422 Βλέπετε
277 2392 314 2432 μή
340 2405 379 2426 τις
407 2394 475 2431 ὑμᾶς
503 2392 577 2422 ἔσται
604 2393 618 2421 ὁ
643 2393 811 2431 συλαγαγῶν.
829 2402 843 2420 n

68 2433 180 2472 κλέπτης
195 2437 258 2474 ἐστὶ,
274 2437 358 2477 λάθρα
381 2438 581 2478 ὑπεισέρχεται,
607 2436 734 2476 διορύττει
761 2437 848 2466 κάτω-

68 2479 104 2506 θεν
127 2480 182 2514 τοὺς
200 2482 302 2523 τοίχους
321 2482 516 2523 λανθανόνιως,
534 2481 577 2512 ἵνα
601 2481 780 2522 συλαγωγήσῃ
802 2482 846 2512 τὸν

68 2524 120 2552 νοῦν
133 2526 212 2563 ὑμῶν.
230 2538 244 2556 (ι
260 2527 377 2558 Βλέπετε
393 2538 408 2556 n
425 2522 479 2557 οὖν.

107 2578 120 2596 ί(
136 2570 185 2600 Διὰ
203 2574 248 2608 τῆς
272 2573 424 2613 φιλοσοφίας
446 2572 491 2601 καὶ
513 2573 589 2607 κενῆς
612 2571 722 2607 ἀπάτης.
746 2581 760 2600 n
782 2571 848 2602 Δεί-

69 2621 134 2657 κνιισι
146 2615 187 2644 καὶ
202 2618 249 2653 τὴν
262 2617 338 2654 ὁδὸν,
361 2612 393 2646 δι’
420 2612 451 2653 ἧς
470 2617 576 2657 ἔρχεται
593 2618 605 2645 ὁ
620 2615 747 2653 κλέπτης,
768 2616 808 2646 ὅτι
829 2618 845 2652 ἡ

68 2656 193 2700 φιλοσοφία
211 2661 289 2694 ἐστίν.
304 2661 384 2692 Ἐπεὶ
400 2661 426 2691 δὲ
467 2662 562 2701 σεμνὸν
582 2661 652 2690 δοκεῖ
676 2661 705 2691 τὸ
716 2662 762 2697 τῆς
777 2662 850 2702 φιλο-

910 921 971 949 (ιιιω
989 920 1046 940 non
1068 913 1135 940 sinit
1149 913 1326 949 cogitationes
1345 913 1473 949 irrepere,
1489 921 1551 951 qua:
1565 915 1704 951 ambigui-

909 962 994 986 tatem
1007 957 1178 994 suggerendo
1193 958 1360 986 concutiunt.

944 1003 1032 1031 Vnus.
1073 1007 1097 1031 6.
1115 1004 1191 1031 Sicut
1210 1011 1272 1038 ergo
1287 1003 1426 1038 accepistis
1447 1003 1584 1032 Christum
1614 1005 1702 1032 Jesum

912 1049 1067 1075 Dominum.
1084 1047 1158 1076 Nihil
1179 1047 1242 1075 novi
1266 1047 1477 1082 introducimus,
1498 1048 1546 1076 sed
1567 1049 1641 1085 quod
1657 1058 1704 1077 ac—

909 1092 1031 1128 cepistis.
1047 1092 1113 1120 illud
1127 1092 1208 1120 etiam
1222 1092 1357 1129 exigimus
1366 1100 1472 1128 rursus,
1487 1093 1641 1122 Dominum
1656 1095 1704 1123 Je-

909 1145 970 1165 sum
982 1137 1136 1170 Christum,
1151 1145 1208 1164 non
1222 1137 1344 1174 angelos.

945 1183 977 1210 In
1000 1183 1060 1217 ipso
1081 1182 1225 1210 ambulate.
1252 1183 1311 1218 [pse
1334 1182 1407 1210 enim
1432 1186 1473 1210 est
1492 1182 1532 1210 via
1551 1183 1704 1218 perducens

908 1234 960 1254 nos
974 1226 1008 1255 ad
1034 1228 1153 1254 Patrem.
1168 1228 1230 1255 Non
1250 1227 1278 1256 in
1287 1227 1390 1264 angelis
1397 1227 1536 1256 ambulate
1552 1237 1559 1257 :
1573 1228 1617 1256 illa
1629 1228 1703 1257 enim

909 1272 952 1300 via
963 1280 996 1300 eo
1010 1280 1068 1300 non
1082 1272 1213 1308 perducit.

944 1363 1033 1390 Vnus.
1058 1365 1084 1389 7.
1111 1362 1246 1390 Radicatt.
1275 1362 1336 1390 Hoc
1368 1365 1421 1397 est,
1449 1361 1705 1398 impermutabiliter

908 1411 1064 1441 manentes,
1087 1410 1116 1434 et
1138 1415 1194 1434 non
1213 1407 1281 1435 alias
1302 1406 1414 1443 quidem
1438 1408 1467 1435 in
1494 1407 1614 1443 Christo,
1637 1409 1704 1437 alias

908 1459 972 1479 vero
987 1452 1016 1479 in
1031 1451 1141 1487 angelis.
1156 1451 1236 1487 Quod
1257 1452 1332 1480 enim
1348 1451 1453 1480 radices
1470 1452 1534 1489 egit,
1560 1452 1703 1482 transferri

909 1504 1053 1532 nunquam
1073 1497 1179 1532 poterit.

943 1544 980 1569 Et
996 1542 1206 1577 superrediﬁcatt
1221 1542 1250 1568 in
1264 1543 1332 1576 ipso.
1355 1541 1480 1570 Ostendit
1493 1550 1540 1570 eos
1561 1542 1702 1578 cecidisse,

906 1586 974 1615 adeo
997 1591 1027 1614 ut
1045 1594 1114 1621 opus
1136 1586 1267 1614 haberent
1288 1586 1562 1622 superaediﬁcatione,
1586 1587 1639 1616 hoc
1662 1593 1704 1616 est

905 1631 1025 1659 secunda
1047 1635 1183 1659 structura
1207 1638 1288 1667 super
1316 1630 1528 1660 fundamentum
1550 1631 1701 1661 Christum.

939 1678 975 1704 Et
990 1677 1140 1711 conﬁrmati
1153 1677 1183 1703 in
1201 1675 1262 1711 fide.
1284 1676 1344 1703 Hoc
1358 1680 1409 1709 est,
1430 1680 1590 1704 constanter
1607 1678 1702 1705 conti-

905 1725 1001 1749 nentes
1015 1720 1154 1749 Christum
1171 1728 1218 1756 per
1232 1720 1325 1754 ﬁdem,
1335 1728 1392 1748 non
1419 1729 1465 1757 per
1479 1721 1703 1751 ratiocinationes

905 1769 933 1794 et
947 1765 1137 1802 persuasibiles
1159 1773 1308 1793 sermones.
1330 1766 1401 1793 Nam
1420 1765 1579 1800 aediﬁcium,
1593 1767 1702 1796 etiamsi

903 1809 1081 1838 fundamento
1096 1810 1307 1845 supraepositum
1322 1810 1367 1843 sit,
1388 1810 1410 1837 si
1432 1818 1488 1838 non
1504 1811 1621 1840 ﬁrmiter
1633 1820 1702 1840 con-

904 1855 993 1888 sistat.
1009 1855 1143 1882 lubricum
1157 1858 1199 1881 est
1213 1858 1239 1882 et
1250 1854 1341 1882 fallax.

940 1899 1025 1936 480
1035 1900 1109 1928 Sicut
1119 1902 1143 1927 et
1152 1899 1297 1931 didicistis,
1309 1899 1479 1926 abundantes
1487 1901 1515 1927 ιή
1524 1901 1585 1936 ipsa
1597 1902 1626 1929 in
1636 1910 1699 1935 gra-

904 1947 1007 1973 tiarum
1016 1946 1128 1972 actione.
1142 1945 1248 1971 Rursus
1257 1945 1333 1972 Sicut
1347 1944 1436 1980 ponit,
1447 1947 1487 1978 ut,
1500 1945 1522 1972 si
1536 1945 1601 1973 nihil
1613 1946 1695 1979 aliud,

904 1990 956 2026 ipsi
978 1989 1081 2025 seipsos
1106 1994 1258 2017 vereantur.
1283 1989 1362 2024 Quod
1377 1988 1458 2024 igitur
1471 1989 1517 2021 ait,
1533 1991 1609 2018 Sicut
1627 1991 1700 2018 didi-

904 2036 990 2067 cistis,
1007 2034 1089 2063 veluti
1103 2033 1243 2070 quoddam
1258 2033 1468 2061 fundamentum
1479 2038 1521 2061 est
1534 2043 1540 2062 :
1553 2034 1700 2064 Abundare

905 2087 969 2108 vero
984 2079 1037 2108 hoc
1055 2083 1106 2113 est,
1127 2087 1226 2114 nempe
1250 2078 1486 2114 superaediﬁcatio.
1508 2079 1700 2108 Institutiones

904 2125 978 2152 enim
1004 2123 1317 2160 praeiactas_transgredi
1335 2131 1391 2151 non
1415 2128 1531 2160 oportet,
1557 2132 1654 2152 verum
1671 2125 1700 2153 in

903 2169 968 2206 ipsis
983 2169 1075 2205 potius
1090 2169 1215 2205 progredi
1230 2173 1310 2204 atque
1325 2168 1498 2203 contendere,
1515 2173 1546 2197 ut
1564 2170 1698 2198 eximium

901 2214 1031 2251 quiddam
1044 2214 1074 2242 in
1084 2214 1138 2242 ﬁde
1151 2213 1384 2248 demonstremus,
1404 2214 1502 2250 gratias
1514 2218 1625 2250 agentes
1638 2216 1698 2242 Deo

901 2259 975 2296 quod
984 2267 1034 2287 nos
1048 2259 1095 2287 tali
1110 2258 1197 2294 gratia
1210 2257 1338 2294 dignatus
1348 2262 1399 2293 est,
1412 2263 1440 2286 et
1453 2266 1511 2287 non
1524 2259 1604 2288 nobis
1619 2259 1698 2296 ispsis

903 2311 1078 2341 progressum
1091 2303 1267 2332 ascribentes.

938 2395 1024 2422 Vnus.
1039 2397 1066 2421 8.
1082 2394 1175 2422 Videte
1187 2401 1219 2420 ne
1239 2394 1301 2428 quis
1318 2400 1363 2420 vos
1379 2393 1560 2428 deprwdetur.
1577 2394 1634 2422 Fur
1646 2398 1698 2428 est,

901 2439 1058 2467 clanculum
1082 2438 1164 2472 subit,
1191 2437 1310 2474 perfodit
1333 2437 1439 2466 inferne
1460 2438 1575 2474 parietes
1596 2443 1700 2467 vestros

902 2483 1066 2517 clanculum,
1086 2487 1117 2510 ut
1138 2483 1236 2519 spoliet
1257 2490 1290 2511 ac
1315 2482 1488 2519 depraedetnr
1513 2488 1637 2513 mentem
1651 2491 1699 2512 ve-

903 2534 988 2557 stram
999 2537 1007 2556 :
1023 2530 1111 2556 cavete
1126 2528 1217 2564 igitur.

938 2575 989 2602 Per
1008 2573 1207 2609 philosophiam
1219 2573 1251 2601 'et
1270 2573 1378 2601 inanem
1399 2573 1550 2607 fallaciam.
1577 2571 1699 2600 Ostendit

902 2619 974 2647 viam
994 2626 1044 2655 per
1067 2625 1148 2654 quam
1172 2617 1248 2646 venit
1270 2617 1326 2652 fur,
1354 2618 1440 2654 ipsam
1456 2625 1554 2652 nempe
1577 2616 1698 2652 philoso-

903 2664 1003 2700 phiam.
1024 2663 1095 2700 Qnin
1117 2670 1182 2691 vero
1200 2670 1282 2699 grave
1301 2661 1409 2690 videtur
1423 2660 1602 2698 philosophiae
1616 2668 1698 2689 voca-

751 2754 848 2784 Varia
869 2754 1020 2784 lectiones.

103 2833 121 2850 “
134 2835 254 2876 ἀπάγουσα
268 2848 295 2869 ο.
333 2840 355 2858 ¹⁸
367 2841 483 2877 δόγματα
497 2847 522 2868 0.
