1890 3077
183 124 251 151 i239

680 127 935 156 THEOPHYLACTI
955 128 1134 158 BULGARLE
1153 130 1310 159 ARCHIEP.

1769 133 1823 161 1240

181 185 288 220 bulum,
310 187 418 222 adjecit,
434 189 469 216 Et
491 189 599 217 inanem
623 190 773 223 fallaciam.
800 191 846 219 Est
864 191 936 219 enim
951 198 970 219 e‘

1045 193 1130 234 τοφίας
1155 193 1252 234 ὄνομα,
1278 194 1436 235 προσέθηκε·
1458 206 1473 224 ιι
1490 194 1546 224 Καὶ
1572 197 1653 231 κενῆς
1675 194 1789 232 ἀπάτης,
1810 207 1821 224 ι

182 231 253 258 bona
266 231 402 267 deceptio,
418 232 451 260 de
466 241 520 269 qua
531 234 662 262 Jeremias
678 234 740 263 dicit
755 245 762 263 :
778 237 909 271 Decepisti
925 244 976 267 me,

181 278 301 307 Domine,
315 285 345 304 ac
360 278 486 313 deceptus
506 287 565 306 sum
578 284 596 296 ω
620 289 626 306 :
643 279 717 316 quali
732 283 759 307 et
777 281 862 308 Jacob
888 281 977 317 impo-

180 329 245 349 nere
270 321 375 350 videtur
398 323 479 357 Esau,
504 331 566 360 qua:
592 331 680 361 neque
706 324 828 362 deceptio
856 329 899 354 est
929 333 977 354 vo-

181 365 280 400 canda,
295 366 343 394 sed
356 367 521 403 dispensatio
534 374 557 397 “.

216 412 369 440 Secundum
395 414 568 441 traditionem
600 414 748 442 hominum.
776 414 978 443 Animadvertis

183 456 254 484 unde
265 457 300 484 sit
313 456 460 492 deceptio?
472 459 586 494 Nempe,
598 458 674 495 quod
687 458 818 487 humana:
833 459 977 488 ratiocina-

181 501 271 528 tiones
287 501 479 530 interveniunt.
502 504 646 538 Propterea
660 507 687 530 et
706 503 825 532 haereses
839 504 977 538 dicuntur,

181 546 242 581 quia
254 545 400 574 hominum
415 551 477 574 sunt
491 547 643 583 opiniones.
660 548 876 577 Christianorum
886 553 977 577 autem

184 590 250 618 ﬁdes
263 599 318 618 non
339 595 380 619 est
403 591 557 620 humanum
575 592 673 629 dogma
696 602 702 621 :
726 597 868 629 propterea
891 602 979 630 neque

183 635 236 664 tale
250 643 352 664 nomen
362 641 528 673 assequetur.

217 682 367 709 Secundum
384 682 511 710 elementa
527 683 634 710 mundi.
655 682 863 718 Reprehendere
884 683 979 719 incipit

183 725 310 762 deinceps
333 726 439 754 dierum
461 727 692 759 observationem,
715 728 849 755 elementa
868 727 975 761 mundi,

181 770 269 798 solem
287 771 435 808 lunamque
448 771 553 805 dicens,
572 780 621 808 per
632 780 693 808 qua:
712 771 837 800 videnlur
851 771 910 800 dics
926 772 978 800 hoc

183 815 224 843 vel
244 815 289 843 illo
304 815 388 843 modo
411 824 440 844 se
455 816 563 844 habere.
586 818 642 844 Nec
653 817 733 850 dixit,
749 817 865 845 Dierum
881 817 978 845 obser-

182 860 314 893 vationes,
337 860 385 889 sed
410 860 507 889 mundi
531 862 615 890 totius
639 862 774 895 meminit,
799 866 830 889 ut
849 861 978 890 vilitatem

182 905 240 940 ejus
251 905 359 933 abunde
375 905 555 934 demonstret.
575 907 602 934 Si
619 906 693 934 enim
712 906 830 935 mundus
842 910 917 935 totus
935 907 977 935 ni-

183 950 219 978 hil
232 954 284 983 est,
299 950 387 978 multo
398 951 486 987 magis
496 952 638 979 elementa.

1034 236 1113 268 Ἰἰστι
1133 239 1184 278 γὰρ
1197 239 1242 268 καὶ
1257 239 1327 275 καλὴ
1343 240 1432 276 ἀπάτη
1442 263 1449 276 ,
1466 239 1526 280 περὶ
1542 235 1573 275 ἧς
1591 240 1613 259 ’θ
1631 239 1770 280 Ἱερεμίας
1784 253 1824 279 ρης

1033 282 1086 312 σίν·
1111 297 1123 310 ι
1146 283 1305 320 Ἰ-Ιπάτησάς
1321 297 1366 323 με,
1391 285 1484 325 Κύριε,
1501 285 1546 314 καὶ
1560 285 1723 321 ἠπατήθην.
1742 299 1754 311 ι
1768 285 1825 315 Οῗατ

1032 328 1077 358 καὶ
1094 330 1107 358 ὁ
1127 329 1227 359 Ἰακὼϐ
1242 331 1380 365 ἀπατῆσαι
1403 330 1474 359 δοκεῖ
1495 328 1538 359 τὸν
1554 329 1643 360 Ἣσαῦ
1662 329 1706 349 ⁴⁷·
1723 330 1755 366 ἣν
1775 331 1824 360 obii

1033 372 1139 409 ἀπάτην
1154 373 1280 413 κλητέον,
1296 375 1354 404 ἀλλ’
1370 374 1533 412 οἰκονομίαν.

1074 429 1089 446 σ
1109 418 1185 448 Κατὰ
1208 418 1256 454 τὴν
1277 419 1423 458 παράδοσιν
1448 420 1500 448 τῶν
1523 419 1689 458 ἀνθρώπων.
1718 431 1733 448 n
1751 420 1824 459 Ὁρᾷς

1033 462 1113 492 πόθεν
1128 465 1145 498 ἡ
1162 464 1267 500 ἀπάτης
1283 463 1348 494 ἴὈτι
1371 463 1529 504 ἀνθρώπινοι
1554 464 1683 502 λογισμοὶ
1710 466 1824 501 μεσιτεὺ-

1031 519 1099 538 ουσι.
1119 507 1169 538 Διὰ
1192 511 1270 537 τοῗτο
1292 508 1337 537 καὶ
1361 510 1473 548 αῖρέσεις
1495 508 1617 547 λέγονται
1637 532 1647 544 ,
1669 509 1713 538 ὅτι
1734 510 1824 549 ἀνθρώ-

1032 564 1088 580 πων
1106 552 1156 582 εἷσὶ
1172 552 1244 587 δόξαι
1261 552 1296 582 ⁴⁸.
1315 552 1349 583 Ἠ
1367 553 1393 582 δὲ
1408 555 1460 582 τῶν
1477 554 1649 592 Χριστιανῶν
1669 553 1772 590 πίστις,
1785 555 1824 583 οὐχ

1033 597 1196 636 ἀνθρώπινον
1223 597 1321 636 δόγμα.
1343 597 1390 628 Διὸ
1406 597 1465 627 οὐδὲ
1492 597 1609 628 τοιούτω
1623 598 1757 638 ὀνόματος
1771 599 1823 628 τεύ-

1033 641 1104 676 ξεται
1111 665 1117 672 .

1080 697 1093 714 (ι
1109 686 1187 716 Κατὰ
1202 687 1236 717 τὰ
1259 692 1379 728 στοιχεῖα
1394 690 1439 718 τοῦ
1464 688 1575 727 κόσμου.
1593 699 1607 717 n
1627 687 1770 728 Ἔλὲιαειν
1785 688 1823 728 ἆρ-

1031 742 1108 771 χεται
1132 731 1224 761 λοιπὸν
1249 732 1297 768 τὴν
1321 734 1373 762 τῶν
1401 735 1508 773 ἡμερῶν
1531 733 1739 773 παρατήρησιν,
1762 745 1822 762 στοι-

1031 780 1093 816 χεῖα
1108 776 1226 814 κόσμου,
1249 776 1338 814 ἥλιον,
1360 778 1405 807 καὶ
1421 778 1534 814 σελήνην
1551 778 1655 817 λέγων,
1681 779 1714 808 δι’
1730 773 1764 807 ὧν
1785 779 1822 807 ὁο-

1032 823 1122 850 κοῧσιν
1151 823 1178 850 αἱ
1208 822 1308 861 ἡμίραι
1337 823 1446 852 τοιῶσδε
1483 822 1500 858 ἣ
1525 823 1634 852 τοιῶσδε
1669 824 1820 852 διακεῖσθαι.

996 886 1018 918 Β
1036 866 1089 896 Καὶ
1106 868 1153 896 οὐκ
1164 861 1250 903 εἶπεν,
1267 866 1392 907 ἹΙμερῶν
1407 867 1621 907 παρατηρήσεις,
1643 868 1716 897 ἀλλᾶ
1729 870 1770 897 τῶ
1783 868 1822 897 κό-

1032 922 1101 948 σμου
1115 911 1211 944 παντὸς
1233 911 1384 950 μέμνηται,
1399 911 1443 941 ἵνα
1457 911 1487 942 τὸ
1508 912 1612 946 εὖτελὲς
1630 913 1662 941 ἐκ
1681 912 1822 952 περιουσίας

1032 955 1113 995 δείξῃ.
1142 957 1176 986 Εἰ
1200 955 1252 996 γὰρ
1266 958 1280 986 ὁ
1298 956 1397 996 κόσμος
1415 957 1473 990 ὅλος
1489 956 1579 994 οὐδὲν,
1605 958 1703 998 πολλῷ
1731 957 1821 996 μᾶλλον

1014 1011 1017 1014 ·
1032 999 1104 1029 οὐδὲν
1119 999 1152 1029 τὰ
1169 1005 1296 1041 στοιχεῖα.

218 1042 251 1069 Et
272 1048 325 1068 non
343 1040 490 1068 secundum
506 1041 649 1069 Christum.
665 1040 743 1075 Quod
756 1041 779 1069 si
798 1041 839 1069 vel
858 1041 978 1069 maxime

183 1085 286 1118 liceret,
298 1084 396 1121 inquit,
413 1085 510 1121 partim
525 1084 647 1120 Christo,
664 1086 762 1121 partim
777 1093 840 1114 vero
855 1085 977 1114 elemen-

183 1130 218 1158 tis
245 1130 356 1163 servire,
385 1137 420 1157 ne
447 1130 486 1158 sic
505 1129 617 1166 quidem
644 1138 705 1158 mos
729 1130 780 1158 illis
802 1134 861 1158 erat
881 1138 978 1166 geren-

182 1174 236 1202 dus
255 1184 261 1202 :
278 1183 352 1202 nunc
377 1182 442 1203 vero
468 1182 579 1211 prorsus
604 1182 650 1203 vos
671 1175 780 1203 Christo
799 1175 977 1203 transferunt.

183 1219 396 1247 Observationes
407 1223 498 1247 autem
513 1219 672 1255 hujusmodi
687 1228 742 1248 non
756 1223 863 1248 tantum
874 1220 980 1249 Graeca:

182 1264 304 1298 fuerunt,
324 1272 420 1292 verum
436 1264 517 1292 etiam
535 1264 658 1292 Iudaicae
679 1275 686 1294 :
700 1264 753 1293 illae
767 1264 879 1301 quidem
894 1273 910 1293 a
925 1264 981 1301 phi-

183 1309 317 1345 losophia,
333 1309 393 1337 ista;
407 1317 471 1337 vero
484 1309 607 1338 Judaiea:
621 1317 635 1336 a
650 1309 717 1344 lege.

218 1354 305 1382 Vsus.
316 1357 342 1382 9.
359 1355 429 1388 Quia
440 1355 469 1381 in
478 1355 536 1390 ipso
547 1354 684 1381 inhabitat
693 1355 779 1381 omnis
788 1354 929 1390 plenitudo
937 1355 980 1382 di-

182 1400 306 1426 vinitatis
318 1399 500 1434 corporaliter.
514 1399 574 1426 Hoc
585 1403 637 1433 est,
649 1398 671 1427 si
684 1398 750 1435 quid
764 1402 804 1427 est
819 1399 894 1427 Deus
909 1400 979 1427 Ver-

183 1444 261 1477 bum,
277 1444 305 1472 in
318 1443 377 1480 ipso
394 1443 509 1472 habitat.
535 1444 575 1471 Ne
597 1447 703 1477 autem,
724 1451 789 1471 cum
814 1443 902 1478 audis,
926 1445 981 1472 Ha-

184 1489 287 1520 bitavit,
304 1488 443 1516 existimes
457 1487 532 1524 quod
544 1491 668 1524 ageretur
687 1491 716 1516 et
733 1487 926 1524 impelleretur,
942 1488 977 1516 si-
994 1485 1016 1518 C

182 1537 228 1560 cut
252 1532 393 1569 prophetae
412 1532 648 1565 (commorabatur
665 1532 739 1559 enim
763 1532 791 1559 in
817 1531 868 1559 illis
892 1533 979 1566 Deus,

181 1577 256 1613 juxta
280 1577 368 1605 illud:
392 1577 554 1604 Inhabitabo
575 1578 605 1604 in
624 1577 702 1611 ipsis,
723 1578 749 1603 et
760 1576 932 1604 inambulabo
945 1577 978 1611 °),

182 1622 281 1657 adjecit
295 1621 487 1656 Corporalitm-:
501 1621 554 1649 hoc
568 1625 619 1654 est,
635 1628 690 1648 non
705 1620 826 1656 operatio
840 1621 979 1657 quaedam,

182 1673 278 1694 verum
292 1665 452 1699 substantia,
469 1673 500 1694 ac
516 1665 598 1693 veluti
612 1666 803 1702 incorporatus
819 1669 846 1693 et
860 1673 914 1693 una
927 1665 979 1703 hy-

182 1710 299 1747 postasis
324 1709 442 1738 existens
466 1709 548 1747 5,81
579 1718 643 1738 cum
668 1713 818 1746 assumpto.
839 1709 888 1738 Vel
907 1710 979 1738 hunc

182 1756 217 1784 ad
232 1755 348 1784 modum
357 1755 437 1791 juxta
463 1755 519 1784 divi
540 1754 636 1792 Cyrilli
650 1755 815 1783 sententiam
838 1764 845 1783 :
863 1755 978 1792 perinde

182 1808 214 1829 ac
226 1801 255 1828 in
268 1807 382 1836 corpore
395 1800 559 1828 immoratur
573 1800 666 1828 anima
683 1809 689 1827 :
704 1799 870 1828 immoratur
885 1803 978 1828 autem

181 1846 238 1883 ipsa
254 1845 362 1882 corpori
381 1845 563 1873 essentialiter
578 1849 606 1873 et
629 1843 844 1879 indivisibiliter,
863 1852 896 1873 ac
913 1845 978 1873 citra

181 1891 337 1919 misturam.
362 1890 498 1919 Caeterum
519 1889 576 1926 ipsa
593 1889 704 1925 quidem
718 1890 811 1918 anima
835 1897 881 1926 per
906 1897 979 1918 mor-

181 1939 237 1965 tem
253 1944 268 1964 a
283 1943 399 1972 corpore
408 1938 561 1972 separatur,
577 1935 652 1962 Deus
667 1938 760 1962 autem
776 1934 898 1963 Verbum
912 1942 979 1963 nun~

182 1988 267 2018 quam
282 1981 316 2008 ab
341 1983 482 2016 assumpta
502 1987 585 2007 carne
609 1983 750 2015 separatus
770 1983 821 2012 est,
838 1987 932 2008 verum
951 1979 978 2007 in

180 2026 305 2062 sepulcro
320 2025 404 2053 etiam
428 2025 531 2059 aderat,
554 2025 641 2060 ipsam
663 2023 898 2060 incorruptibilern
922 2032 977 2052 ser-

181 2079 260 2105 vans,
289 2070 444 2105 animasque
468 2068 541 2105 apud
561 2069 664 2097 inferos
686 2068 790 2102 aderat,
814 2068 978 2104 praedicans,

181 2115 237 2144 sive
253 2114 360 2142 donans
374 2114 488 2150 captivis
507 2114 699 2142 remiSsionem
720 2123 726 2141 :
742 2117 769 2141 et
777 2113 892 2141 omnino
912 2121 979 2142 con-

177 2159 286 2197 junctio
308 2163 367 2187 erat
380 2159 531 2196 utriusque,
558 2158 658 2186 animae
681 2158 804 2186 videlicet
830 2161 859 2186 et
881 2165 980 2194 corpo-

180 2205 228 2239 ris,
243 2205 327 2233 etiam
348 2204 459 2241 quando
475 2203 626 2232 voluntaria
649 2203 707 2239 ejus
727 2207 817 2231 morte
831 2202 978 2232 dissociata

179 2242 267 2278 erant.
732 2282 739 2289 τ

215 2296 305 2323 Vsus.
325 2297 370 2322 ιο.
385 2296 421 2323 Et
435 2295 498 2321 estis
507 2294 538 2320 in
549 2295 605 2328 ipso
615 2293 721 2328 repleti.
740 2293 839 2328 Papa!
854 2291 927 2328 Quid
939 2292 978 2320 di-

181 2339 237 2368 xit!
253 2338 328 2366 Nihil
347 2338 440 2366 minus
454 2338 558 2366 habetis
572 2345 654 2374 quam
678 2338 747 2374 ipse,
767 2345 864 2365 verum
880 2341 909 2365 et
930 2345 978 2365 vos

180 2383 324 2412 divinitate
345 2383 451 2419 impleti
466 2383 552 2411 estis:
573 2387 763 2411 verumtamen
786 2382 813 2409 in
832 2382 903 2418 ipso,
925 2381 978 2410 hoc

180 2432 233 2461 est,
257 2435 306 2463 per
327 2427 552 2462 assumptiouem.
578 2428 648 2455 Cum
670 2427 744 2454 enim
765 2431 862 2454 natura
885 2430 978 2455 nostra

179 2475 239 2501 Deo
258 2472 384 2508 copulata
399 2475 450 2504 est,
467 2479 522 2499 non
541 2471 625 2499 etiam
640 2472 667 2499 in
681 2472 740 2508 ipso
756 2471 856 2500 divinae
872 2475 978 2500 naturae

180 2518 245 2546 facti
269 2524 366 2545 sumus
393 2516 544 2552 participes.
572 2516 684 2552 Ubique
704 2516 779 2544 enim
801 2516 900 2544 Paulus
920 2517 979 2544 vult

177 2571 229 2590 nos
245 2562 370 2598 proxime
390 2561 528 2589 Christum
546 2560 691 2594 adducere,
708 2560 787 2588 veluti
803 2568 866 2588 cum
885 2561 951 2588 dicit
969 2571 975 2589 :

178 2608 265 2636 Simul
284 2608 420 2638 excitavit,
436 2608 461 2633 et
480 2605 618 2632 consedere
639 2606 702 2639 fecit
727 2606 756 2632 in
779 2605 925 2632 caelestibus
947 2607 975 2632 in

212 2668 233 2682 ω
245 2667 348 2694 Jerem.
363 2673 417 2699 xx,
433 2667 460 2691 7.
499 2668 511 2681 ιι
525 2663 598 2692 Gen.
615 2671 717 2697 xxvu,
732 2665 778 2690 28.

1075 1057 1089 1072 ιι
1107 1045 1162 1075 Καὶ
1171 1046 1200 1074 οὗ
1216 1045 1284 1075 κατὰ
1301 1046 1427 1086 Χριστόν.
1440 1058 1453 1076 ι)
1474 1048 1600 1078 Μάλιστα
1615 1046 1682 1085 μὲν,
1698 1046 1772 1086 φησὶ,
1784 1046 1821 1075 καὶ

1033 1090 1055 1119 εἷ
1077 1089 1103 1124 ἐξ
1120 1089 1244 1128 ἡμισείας
1265 1085 1297 1126 ἦν
1326 1085 1371 1120 καὶ
1389 1092 1499 1132 Χριστῷ
1524 1091 1660 1121 δουλεύειν
1689 1092 1735 1120 καὶ
1759 1103 1818 1120 στοι-

1032 1134 1126 1173 χείοις,
1148 1134 1206 1164 οὐδὲ
1230 1134 1312 1169 οὕτως
1337 1135 1388 1165 ἔδει
1412 1135 1519 1170 ἐκείνοις
1543 1136 1698 1166 πείθεσθαι·
1732 1138 1774 1164 νῦν
1799 1134 1820 1163 Ξὲ

1033 1180 1170 1212 παντελῶς
1194 1178 1330 1221 ἐξιστῶσιν
1355 1181 1424 1219 ὑμᾶς
1448 1183 1494 1210 τοῦ
1523 1182 1666 1221 Χριστοῦ,
1683 1182 1719 1210 Αἱ
1745 1192 1820 1219 παρι-

1032 1223 1156 1264 τηρήσεις
1172 1223 1199 1253 δὲ
1224 1219 1301 1253 αὗται
1323 1226 1352 1254 οὗ
1375 1225 1453 1263 μόνον
1471 1219 1632 1263 Ἑλληνικαὶ
1658 1220 1741 1262 ἦσαν,
1762 1224 1821 1254 am

1033 1269 1079 1298 καὶ
1103 1269 1262 1299 Ἰουδαϊκαί·
1280 1272 1307 1299 αἱ
1322 1270 1385 1309 μὲν,
1401 1270 1454 1300 ἀπὸ
1469 1270 1637 1311 φιλοσοφίας*
1656 1271 1686 1300 αἱ
1712 1270 1739 1300 δὲ
1760 1270 1819 1300 Ἰου-

1033 1313 1124 1349 δαίων,
1139 1313 1192 1344 ἀπὸ
1205 1313 1295 1352 νόμου.

1079 1370 1094 1387 ιι
1117 1356 1184 1388 Ὀτι
1205 1359 1231 1388 ἐν
1257 1360 1328 1399 αὐτῷ
1354 1364 1471 1389 κατοικεῖ
1493 1364 1546 1389 πᾶν
1570 1359 1600 1389 τὸ
1620 1359 1760 1400 πλήρωμα
1783 1361 1820 1394 τῖς

1034 1403 1153 1439 θεότητος
1187 1406 1355 1442 σωματικῶς.
1381 1415 1396 1433 ι»
1426 1404 1589 1442 Τουτίστιν,
1616 1405 1642 1434 εἴ
1666 1405 1693 1434 τί
1721 1406 1786 1433 ἐστιν
1809 1405 1819 1431 ὁ

1034 1449 1102 1482 Θεὸς
1117 1447 1221 1487 Λόγος,
1243 1449 1270 1477 ἰν
1287 1450 1357 1489 αὖτῷ
1372 1450 1448 1480 οἰκεῖ.
1465 1448 1525 1479 Ἵνα
1542 1449 1569 1479 δὲ
1593 1449 1631 1488 μὴ
1649 1449 1766 1482 ἀκούσας
1778 1448 1818 1482 τὸ,

1035 1507 1046 1520 ι
1068 1493 1175 1536 ’ῼχησε
1187 1506 1211 1532 ι,
1229 1493 1340 1533 νομίσῃς
1359 1493 1400 1524 ὅτι
1423 1494 1569 1534 ἕνηργήθη,
1592 1497 1629 1528 ὡς
1648 1495 1674 1524 οἱ
1699 1495 1820 1533 προφῆται

1037 1537 1138 1579 (ἐνῴκει
1160 1537 1211 1578 γὰρ
1226 1538 1332 1572 ἐκείνοις
1354 1540 1368 1568 δ
1383 1538 1465 1575 Θεὸς,
1489 1539 1559 1569 κατὰ
1577 1538 1625 1577 τὸ,
1652 1549 1670 1568 οι
1684 1537 1820 1573 Ἐνοικήσω

1035 1583 1161 1622 ἐνςαῦτοῑς
1180 1582 1225 1612 καὶ
1240 1583 1467 1623 ἐμπεριπατήσω)·
1480 1595 1494 1612 )›
1513 1584 1663 1624 προσέθηκε
1679 1583 1724 1619 τὸ,
1742 1596 1752 1610 ι
1773 1584 1821 1612 Σω-

1035 1629 1162 1665 ματικῶς·
1186 1641 1198 1654 ι
1214 1627 1360 1667 τουτέστιν,
1384 1629 1431 1658 οὖκ
1456 1628 1527 1658 ἔστιν
1544 1629 1662 1668 ἐνέργειά
1689 1640 1746 1664 τις,
1763 1626 1820 1656 ἀλλᾶ

1035 1673 1125 1710 οὐσία,
1149 1673 1194 1702 καὶ
1217 1674 1252 1706 ὡς
1279 1673 1449 1711 σωματωθεὶς
1475 1673 1521 1703 καὶ
1546 1673 1594 1712 μία
1624 1673 1770 1706 ὑπόστασις
1790 1673 1820 1700 ὢν

1035 1717 1102 1755 μετὰ
1120 1720 1168 1747 τοῦ
1190 1717 1410 1756 προσλήμματος.
1439 1717 1478 1748 Ἢ
1513 1719 1559 1747 καὶ
1581 1717 1663 1754 οὕτω,
1695 1717 1763 1747 κατὰ
1785 1716 1819 1745 τὸν

1035 1761 1110 1801 ἅγιον
1129 1762 1270 1803 Κύριλλον,
1298 1764 1333 1796 ὡς
1357 1762 1389 1792 ἂν
1416 1764 1442 1793 ἐν
1470 1762 1574 1801 σώματι
1600 1762 1725 1802 ἐνοικήσῃ
1743 1760 1818 1802 ψυχή·

1033 1808 1127 1836 ἐνοικεῖ
1152 1807 1179 1836 δὲ
1203 1807 1272 1842 αὕτη
1295 1807 1401 1845 σώματι
1430 1808 1562 1841 οὖσιωδῶς
1588 1807 1634 1836 καὶ
1657 1805 1817 1846 ἆδιαιρέτως,

1033 1851 1079 1881 καὶ
1104 1851 1235 1892 ἀφύρτως.
1258 1851 1328 1882 Ἀλλ’
1344 1854 1360 1887 ἡ
1386 1852 1434 1890 μὲν
1460 1851 1534 1893 ψυχὴ
1557 1851 1603 1882 καὶ
1623 1852 1766 1893 χωρίζεται
1780 1852 1817 1879 τοῦ

1033 1895 1156 1935 σώματος
1172 1898 1198 1926 ἐν
1212 1897 1250 1936 τῷ
1274 1897 1395 1936 θανάτῳ·
1423 1899 1437 1926 ὁ
1459 1897 1486 1927 δὲ
1507 1896 1576 1931 Θεὸς
1600 1896 1686 1935 Λόγος
1706 1896 1816 1926 οὐδέποτε

1033 1944 1079 1977 τῆς
1099 1941 1313 1982 προσληφθείσης
1334 1941 1431 1981 σαρκὸς
1455 1942 1596 1981 ἐχωρίσθη,
1622 1941 1694 1971 ἀλλὰ
1720 1942 1766 1970 κᾶν
1786 1940 1816 1978 τῷ

1034 1985 1109 2026 τάφῳ
1133 1988 1221 2025 παρῆν
1255 1987 1332 2025 αὐτῇ,
1359 1986 1515 2027 ἀδιάφθορον
1544 1986 1627 2022 αὐτὴν
1653 1987 1758 2026 τηρῶν,
1779 1983 1818 2013 καὶ

1033 2033 1067 2070 τῇ
1083 2032 1156 2072 ψυχῇ
1174 2033 1200 2060 ἓν
1227 2032 1265 2070 τῷ
1282 2031 1333 2072 ᾅδῃ
1360 2033 1451 2067 συνῆν,
1479 2032 1637 2070 κηρύττων,
1661 2031 1721 2067 ἤτοι
1746 2027 1817 2060 διδοὺς

1035 2075 1216 2115 αἰχμαλώτοις
1239 2075 1331 2116 ἄφεσιν
1345 2087 1352 2094 θ
1376 2075 1421 2105 καὶ
1445 2075 1512 2109 ὅλως
1536 2075 1560 2094 ⁴⁹
1589 2076 1682 2108 ἕνωσις
1714 2072 1816 2114 ἀμφοτέ-

1036 2132 1087 2159 ρων
1103 2116 1149 2159 ἦν,
1168 2122 1214 2156 τῆς
1239 2132 1267 2149 τε
1282 2122 1369 2161 ψυχῆς
1391 2120 1439 2149 καὶ
1453 2123 1497 2149 τοῦ
1514 2119 1651 2159 σώματος,
1667 2119 1714 2150 καὶ
1727 2118 1774 2160 ,ὅτε
1785 2119 1816 2156 τῷ

1035 2165 1144 2206 ἑκουσίῳ
1159 2166 1239 2195 αὐτοῦ
1254 2165 1358 2205 θανάτῳ
1376 2164 1527 2202 διέστησαν.

1078 2298 1092 2316 (ι
1103 2287 1157 2317 Καὶ
1168 2287 1226 2317 ἐστὲ
1238 2288 1263 2317 ἐν
1277 2288 1348 2328 αὐτῷ
1360 2287 1577 2327 πεπληρωμένοι.
1590 2297 1605 2316 ι)
1619 2287 1718 2325 Βαϐαὶ,
1731 2281 1778 2316 οἷον
1785 2279 1814 2313 εἶ-

1032 2335 1095 2362 πενί
1112 2333 1198 2362 Οὐδὲν
1213 2333 1321 2362 ἔλαττον
1346 2331 1422 2372 ἔχετε
1443 2333 1539 2368 αὐτοῦ,
1564 2330 1633 2361 ἀλλὰ
1647 2328 1810 2370 πεπληρωμέ-

1032 2388 1071 2406 νοι
1092 2377 1138 2406 καὶ
1154 2378 1230 2415 ὑμεῖς
1245 2377 1305 2406 ἐστε
1320 2378 1367 2412 τ’ἧς
1389 2376 1522 2413 θεότητος·
1536 2376 1605 2412 πλὴν
1626 2387 1641 2405 (ι
1661 2378 1687 2406 ἐν
1703 2376 1778 2416 αὐτῷ,
1796 2383 1808 2400 D

1031 2422 1163 2458 τουτέστι,
1189 2421 1232 2450 διὰ
1258 2424 1303 2451 τοῦ
1328 2421 1549 2460 προσλήμματος.
1575 2421 1655 2452 Ἐπεὶ
1674 2421 1725 2461 γὰρ
1742 2418 1809 2458 ἥφθη

1033 2479 1072 2500 σις
1087 2468 1163 2505 ἡμῶν
1187 2466 1276 2502 ἡνώθη
1301 2467 1338 2506 τῷ
1356 2467 1435 2507 Θεῷ,
1461 2466 1506 2495 καὶ
1521 2466 1598 2504 ἡμεῖς
1620 2467 1647 2495 ἐν
1669 2467 1739 2504 αὐτῷ
1753 2463 1809 2493 θείας

1033 2510 1244 2549 ἔκοινωνήσαμεν
1279 2510 1390 2551 φύσεως.
1419 2511 1564 2550 Πανταχοῦ
1595 2511 1646 2550 γὰρ
1681 2512 1695 2539 ὁ
1720 2509 1809 2540 nam

1033 2556 1154 2595 βούλεται
1171 2559 1240 2594 ἡμᾶς
1265 2555 1341 2594 ἐγγὺς
1356 2557 1464 2595 ἀγαγεῖν
1479 2558 1525 2584 τοῦ
1552 2556 1688 2595 Χριστοῦ,
1713 2556 1744 2587 ὡς
1758 2552 1808 2581 ὅταν

1033 2601 1119 2640 λέγει·
1149 2611 1164 2630 α
1191 2600 1335 2640 Συνήγειρε
1358 2600 1404 2630 καὶ
1429 2600 1596 2630 συνεκάθισεν
1621 2601 1648 2629 ἐν
1673 2601 1724 2633 τοῖς
1745 2599 1807 2627 ἐπου-

817 2669 829 2680 ο
845 2664 870 2691 11
883 2663 946 2691 Cor.
964 2671 1006 2698 γι,
1024 2665 1068 2690 16.

874 2725 968 2756 Variae
990 2726 1140 2756 lectiones.

211 2777 231 2794 ¹⁶
246 2777 280 2808 ὡς
295 2783 321 2804 ο.
362 2776 382 2794 ¹⁷
403 2775 489 2805 Ἰσαάκ
501 2783 528 2804 ο.
567 2775 588 2793 ¹¹
600 2775 691 2812 γραφαί
704 2783 730 2804 0.
770 2773 793 2792 ¹⁹
807 2774 890 2806 ἄλλως
903 2782 931 2803 0.

1857 44 1868 204 ἱ

1865 220 1868 278 i

1867 289 1868 330 ι
