1890 3077
30 197 94 223 124ὕ

452 194 627 222 EXPOSITIO
647 195 682 222 IN
698 195 805 223 EPIST.
826 196 872 224 AD
892 195 1028 224 COLOSS.
1049 211 1083 216 —
1101 196 1176 224 CAP.
1196 197 1227 224 11.

1604 199 1672 226 1246

30 258 78 288 ὑπὸ
96 259 148 287 τῶν
165 259 211 294 τῆς
226 257 313 293 λύπης
334 257 444 288 ἔσπευδε
466 257 492 276 ³²
514 257 717 298 μηχανημάτων
732 259 746 287 6
760 270 823 288 πει-

908 266 929 286 ὀ
947 257 1035 287 nobis.
1057 259 1165 287 Deinde
1184 266 1246 287 eum
1267 263 1389 288 tentator
1408 259 1512 288 doloris
1532 259 1671 288 machina-

30 303 110 343 ρᾶζων
138 303 217 333 αὐτὸν
245 302 402 343 περιτρέψαι
427 303 462 336 εἰς
486 302 516 332 τὸ
542 305 654 340 μισῆσαι
670 302 729 337 τοὺς
751 304 820 340 πλη-

29 347 91 384 σίον,
107 347 286 377 ἐπιϐουλεύων
299 349 370 387 αὐτῷ
381 348 424 377 διὰ
431 349 484 376 τῶν
495 347 655 387 Φαρισαίων
668 348 713 378 καὶ
725 349 819 388 Γραμ-

31 392 150 431 ματέων,
176 393 222 422 καὶ
240 393 327 422 αὐτῶν
343 393 394 422 τῶν
422 394 468 422 ὑπ’
493 395 574 422 αὐτοῦ
598 393 820 432 εὐεργετημένων·

29 438 73 467 οὐκ
88 437 182 477 ἴσχυσε
198 437 225 467 δὲ
245 440 321 467 τοῦτο
343 437 568 477 κατεργάσασθαι.
598 438 758 468 Τελευταῖον
774 437 819 477 δὲ,

28 481 70 511 καὶ
97 483 205 521 σταυρῷ
220 481 387 521 προσέπηξε,
410 481 439 511 τὸ
453 482 644 522 χραταιότατον
671 482 822 523 μηχάνημα

30 526 140 565 ἰποξγων.
164 525 237 556 Ἀλλ’
262 528 276 556 6
296 526 392 566 Κύριος
413 529 536 556 τοσοῦτον
552 528 599 556 οὐκ
626 527 734 557 ἐνέδωκε
757 528 823 566 πρὸς

32 571 47 599 ἃ
61 571 156 604 ἐκεῖνος
179 570 328 607 ἠϐούλετο,
348 571 416 600 ὥστε
438 571 482 601 καὶ
508 570 574 611 ὑπὲρ
602 573 654 600 τῶν
678 571 822 612 σταυρούν-

30 627 77 645 των
102 615 214 655 ηὔχετο.
242 615 335 650 Οὕτως
366 611 411 645 οὖν
436 616 462 645 ἐν
487 618 525 656 τῷ
540 618 646 656 σταυρῷ
669 611 822 646 τελεώτατα

33 659 166 694 ἐξεδύσατο
188 660 237 694 τὰς
266 660 350 701 ἀρχὰς
372 660 417 690 καὶ
447 660 494 694 τὰς
522 660 653 697 ἐξουσίας,
679 663 744 698 ἡμῖν
772 661 821 698 τὴν

34 705 131 735 ἔκδυσιν
176 704 276 741 ταύτην
318 705 551 745 περιποιούμενος,
587 707 640 739 τοῖς
676 706 820 746 ἐνδυσαμέ-

33 761 81 783 νοις
94 750 119 769 ³³
134 750 250 786 ταύτας,
268 752 302 784 ὥς
322 753 369 786 τ’ἧς
385 750 487 790 φύσεως
506 750 681 786 κοινωνήσας.

69 808 80 820 ι
93 794 297 834 Ἐδειγμάτισεν
316 795 342 824 ἰν
363 795 513 836 παρρησίᾳ.
532 809 543 821 ι
558 795 701 825 Τουτέστιν
713 819 720 833 ,
734 796 821 835 ἄσχη-

33 841 142 877 μον-’ἧσαι
167 839 304 874 ἐποίησεν,
362 840 499 869 Οὐδέποτε
527 839 578 880 γὰρ
612 839 695 874 οὕτως
732 841 821 880 ἠσχη-

880 303 984 331 mentis
1003 303 1032 331 in
1047 303 1164 339 proximi
1180 303 1273 332 odium
1292 309 1445 340 pervertere
1459 305 1607 338 nitebatur,
1623 304 1673 334 do-

875 348 933 376 lum
951 348 975 376 ei
989 352 1103 376 nectens
1118 356 1165 384 per
1178 348 1328 377 Phariszeos
1344 353 1371 376 et
1384 349 1504 384 Scribas,
1525 354 1605 386 atque
1622 358 1672 386 per

875 401 923 421 eos
939 393 985 430 qui
998 394 1032 421 ab
1046 393 1105 429 ipso
1120 389 1285 421 beneficium
1307 394 1478 430 accipiebant
1494 403 1501 422 :
1514 402 1570 423 non
1583 395 1673 431 potuit

876 442 969 466 autem
983 438 1036 466 hoc
1054 437 1173 466 efﬁcere.
1187 437 1311 466 Tandem
1329 446 1394 467 vero
1409 439 1482 467 cruci
1498 439 1595 474 afﬁxit,
1612 438 1669 468 for-

875 482 1013 511 tissimam
1025 483 1182 511 machinam
1193 483 1355 512 adm0vens.
1365 486 1455 519 Atque
1463 485 1597 512 Dominus
1606 484 1672 512 adeo

877 535 934 556 non
952 527 1121 556 concedebat
1138 529 1163 556 ei
1180 536 1241 564 quae
1258 527 1378 562 volebat,
1396 533 1428 556 ut
1447 533 1474 556 et
1493 536 1542 564 pro
1560 529 1670 557 cruciﬁ-

880 572 1004 610 gentibus
1024 577 1124 602 oraret.
1144 574 1225 601 Hunc
1240 573 1332 610 itaque
1353 572 1388 602 ad
1411 573 1526 602 modum
1541 573 1569 601 in
1591 581 1672 602 cruce

881 617 1078 654 perfectissime
1105 618 1235 654 spoliavit
1260 619 1428 655 principatus
1452 623 1479 646 et
1506 622 1674 654 potestates,

877 663 959 691 nobis
979 663 1171 699 spoliationem
1198 663 1270 691 hanc
1295 663 1437 699 acquirens
1458 667 1540 700 atque
1562 671 1675 699 compa-

881 715 956 742 rans,
976 709 1024 744 qui
1035 707 1119 744 ;hisce
1135 708 1222 736 induti
1240 716 1359 743 eramus,
1374 708 1472 745 quippe
1489 709 1552 744 quia
1567 713 1675 737 natura:

880 756 983 780 nostra:
998 760 1112 780 consors
1133 757 1201 781 erat.

912 798 1061 825 Ostentuvit
1076 798 1180 833 palam.
1202 798 1263 826 Hoc
1286 801 1338 831 est,
1360 797 1507 825 indecoros
1521 805 1580 825 esse
1600 796 1674 826 fecit.

879 843 1029 878 Nunquam
1048 843 1124 870 enim
1142 842 1210 870 adeo
1227 841 1388 878 pudefactus
1405 846 1446 870 est
1461 841 1596 870 diabolus.
1616 844 1672 870 Ex—

35 883 141 922 μόνησεν
166 886 180 913 6
206 884 338 914 διάϐολος.
360 885 522 923 Προσδοκῶν
548 884 598 924 γὰρ
626 885 704 914 αὐτὸν
730 884 818 924 ἔχειν,

908 891 1006 915 ectans
1026 887 1101 915 enim
1118 887 1177 923 ipse
1190 887 1330 915 Christum
1344 891 1446 921 tenere,
1463 894 1533 923 quos
1547 887 1616 915 alios
1628 887 1674 915 lia-

33 928 74 958 καὶ
97 928 140 962 οὓς
166 924 240 968 εἶχεν
265 929 360 962 ἄλλους
386 928 519 959 ἀπώλεσε.
563 929 602 959 Τὸ
630 929 676 965 δὲ,
711 942 726 957 α
745 930 821 969 Παῤ-

34 973 121 1013 ῥησίᾳ,
136 987 147 1001 ι
163 973 224 1003 ἀντὶ
239 977 299 1010 τοῦ,
313 974 446 1014 δημοσίᾳ,
459 974 564 1003 πάντων
579 973 707 1013 δρώντων.
726 974 821 1004 Πάντα

32 1017 78 1057 γὰρ
102 1018 133 1047 ἂν
154 1018 280 1054 ἐποίησεν
305 1017 469 1054 ὁδιάϐολος,
495 1018 520 1048 εἴ
540 1030 569 1058 γε
594 1018 722 1054 ἠδύνατο,
752 1017 820 1048 ὥστε

32 1063 114 1093 πεῖσαι
126 1062 185 1097 τοὺς
201 1062 368 1102 ἀνθρώπους,
391 1063 430 1093 ὅτι
451 1065 498 1093 οὐχ
520 1063 643 1093 ἀπέθανε.
663 1065 749 1094 Τοῦτο
769 1064 821 1103 γὰρ

35 1109 163 1147 ἧμεγάλη
183 1109 266 1138 αὐτοῦ
285 1104 353 1144 ἧττα
369 1109 415 1137 καὶ
437 1108 600 1145 κατάλυσις,
622 1108 666 1144 τὸ,
698 1109 822 1148 ἀναμάρ-

34 1163 104 1187 τητον
125 1153 264 1193 ἄνθρωπον
291 1153 395 1194 θανάτῳ
421 1155 578 1193 ὑπαγαγεῖν.
625 1153 673 1182 Διὸ
698 1153 743 1182 καὶ
769 1166 820 1192 μυ-

36 1197 84 1236 ρίας
107 1198 221 1238 αἱρέσεις
236 1198 348 1228 ἐνταῦθα
367 1197 475 1238 ἤγειρε,
496 1197 566 1228 κατὰ
585 1197 733 1238 φαντασίαν
747 1198 821 1238 γενέ-

35 1243 88 1271 σθαι
111 1242 153 1272 τὸν
181 1243 295 1272 θάνατον
319 1242 509 1282 εἰσηγουμένας
523 1243 560 1272 ³⁴.
580 1242 632 1272 Διὰ
654 1245 733 1272 τοῦτο
748 1243 793 1273 καὶ
807 1245 822 1273 6

36 1286 123 1326 Κύριος
147 1287 264 1318 ἀπέθανε
285 1287 332 1326 μὲν
359 1289 493 1328 φανερῶς,
510 1288 558 1317 οὐκ
583 1287 679 1324 ἀνέστη
696 1287 724 1317 δὲ
740 1296 819 1328 φανε-

36 1332 86 1370 ρῶς·
106 1331 144 1361 ὅτι
170 1334 221 1368 τῆς
249 1331 296 1371 μὲν
326 1331 496 1366 ἀναστάσεως
525 1331 572 1362 καὶ
600 1333 614 1362 6
641 1331 710 1370 μετὰ
735 1335 820 1362 ταῦτα

35 1376 116 1416 καιρὸς
131 1376 229 1416 ἔμελλε
251 1376 354 1417 μάρτυς
381 1377 498 1407 ἔσεσθαι·
520 1380 566 1406 τοῦ
592 1376 620 1406 δὲ
642 1377 772 1414 θανάτου,
797 1379 819 1407 εἷ

40 1421 73 1458 μὴ
89 1424 102 1450 6
113 1421 168 1452 τότε
182 1421 274 1462 καιρὸς
285 1445 293 1461 ,
308 1423 356 1451 οὐκ
367 1421 398 1451 ἂν
411 1421 497 1462 ἔτερος
511 1422 624 1462 ἐγένετο.

71 1479 81 1492 ι
93 1466 279 1507 Θριαμϐεύσας
292 1466 385 1500 αὐτοὺς
400 1467 426 1496 ἰν
443 1468 524 1507 αὐτῷ.
542 1480 554 1493 ι
569 1468 594 1497 Τ
597 1465 725 1503 ουτίστιν,
739 1467 767 1496 ἐν
781 1468 818 1507 τῷ

39 1513 133 1551 σταυρῷ
150 1511 209 1546 τοὺς
224 1511 352 1549 δαίμονας
372 1511 535 1550 ἡττημένους
555 1511 652 1545 δείξας,
679 1511 821 1552 Θρίαμϐος

38 1554 81 1594 γὰρ
93 1556 211 1595 λέγεται,
239 1555 302 1586 ὅταν
323 1567 363 1590 τις
387 1556 440 1585 ἀπὸ
460 1555 533 1592 νίκης
549 1556 685 1596 πολεμίων
702 1557 819 1586 ἐπανελ-

39 1599 98 1637 θὼν,
124 1601 253 1639 δημοσίαν
280 1601 390 1640 πομπὴν
407 1602 490 1642 τελῇ,
513 1601 572 1634 τοὺς
596 1601 754 1642 ἡττηθέντας
776 1602 818 1632 δε-

39 1644 118 1682 σμίους
130 1650 195 1676 πᾶσι
217 1646 351 1677 δεικνύων.
392 1646 440 1676 Ἐν
456 1641 494 1686 τῷ
510 1647 616 1686 σταυρῷ
638 1641 682 1676 οὖν
709 1645 739 1676 τὸ
756 1646 818 1686 τρόο

39 1700 107 1719 παιον
129 1691 226 1727 στήσας
249 1692 263 1720 6
280 1691 391 1730 Κύριος,
413 1690 504 1730 ὥσπερ
530 1693 556 1721 ἐν
578 1691 699 1731 δημοσίῳ
714 1691 818 1731 θεάτρῳ

39 1732 177 1772 Ἑλλήνων,
216 1735 376 1774 Ῥωμαίων,
406 1735 559 1774 Ἰουδαίων,
598 1735 658 1769 τοὺς
691 1735 818 1773 δαίμονας

39 1778 223 1818 ἐθριάμϐευσεν.
251 1779 283 1809 Εἰ
308 1775 352 1810 οὖν
373 1781 421 1810 οὐκ
440 1780 548 1820 ἄγγελοι
574 1779 640 1818 ὓπὲρ
668 1781 744 1817 ἡμῶν
765 1781 817 1810 ἄιτ-

38 1821 126 1860 ίθανον,
142 1825 197 1854 ἀλλ’
212 1827 227 1855 ὁ
240 1825 372 1865 Χριστὸς,
388 1826 445 1859 πῶς
460 1826 494 1854 δι’
508 1824 614 1855 ἐκείνων
628 1824 719 1864 λέγετε
735 1825 817 1866 πρόσ-

42 1870 142 1907 αχθῆναι
151 1879 159 1906 ;

73 1925 83 1938 ιι
95 1913 138 1949 Μὴ
158 1909 201 1944 οὖν
222 1926 262 1948 τις
278 1915 346 1952 ὑμᾶς
367 1913 478 1954 κρινέτω
505 1915 531 1944 ἐν
549 1914 665 1956 βρώσει,
690 1913 708 1950 ἢ
724 1916 749 1944 ἐν
764 1914 816 1944 πό-

39 1966 87 1995 σει,
100 1956 116 1993 ἢ
127 1959 151 1988 ἐν
164 1958 238 1998 μέρει
255 1961 360 1998 ἑορτῆς,
380 1958 397 1995 ἢ
411 1959 551 1997 νουμηνίας
563 1982 572 1997 ,
592 1958 610 1995 ἢ
627 1959 788 1991 Σαϐϐάτων.
804 1973 816 1987 ιι

39 2000 116 2042 Μέχρι
139 2003 185 2042 μὲν
206 2007 253 2033 τοῦ
273 2006 320 2033 νῦν
351 2005 554 2043 αἰνιγματωδῶς
575 2004 658 2043 ἔλεγε·
683 2016 697 2033 α
716 2004 763 2040 Μή
778 2017 816 2038 τις

40 2046 98 2082 ὑμᾶς
117 2048 188 2078 ἔσται
202 2050 377 2088 συλαγωγῶν·
394 2063 408 2075 ι
430 2052 476 2079 νῦν
499 2049 526 2079 δὲ
548 2049 748 2090 φανερώτερον,
772 2049 815 2080 ὅτε

39 2091 201 2130 προκατέλεξε
222 2093 270 2127 τὰς
299 2093 460 2134 εὐεργεσίας.
495 2095 530 2124 Εἰ
558 2094 610 2134 γὰρ
631 2094 756 2123 τοιούτων
778 2106 823 2123 τε-

877 931 949 966 buit,
966 932 1082 960 «‘amisit.
1106 933 1203 960 Palam
1220 936 1324 966 autem,
1345 931 1372 960 id
1396 935 1438 960 est
1462 931 1578 968 publice,
1605 939 1670 959 cun-

875 977 928 1004 ctis
943 977 1131 1005 cernentibus.
1150 977 1252 1005 Omnia
1269 977 1341 1004 enim
1363 976 1470 1004 fecisset
1487 976 1624 1010 diabolus,
1646 977 1670 1004 si

874 1021 1019 1057 potuisset,
1033 1026 1063 1050 ut
1077 1022 1250 1058 persuaderet
1265 1021 1436 1056 hominibus,
1453 1021 1594 1049 Christum
1613 1029 1671 1049 non

875 1073 935 1094 esse
948 1070 1098 1094 mortuum.
1118 1068 1185 1095 Haec
1198 1066 1274 1094 enim
1290 1066 1389 1102 ingens
1402 1065 1488 1102 ipsius
1502 1065 1555 1094 fuit
1570 1069 1674 1101 strages

874 1118 906 1138 ac
934 1110 1086 1143 dissolutio.
1114 1110 1254 1139 hominem
1284 1111 1378 1139 omnis
1404 1111 1509 1147 peccati
1534 1114 1672 1147 expertem

874 1156 958 1183 morti
975 1156 1119 1192 subjicere.
1136 1155 1327 1191 Quamobrem
1341 1160 1370 1184 et
1383 1156 1542 1184 innumeras
1556 1154 1674 1184 hareses

875 1199 920 1228 hic
938 1201 1077 1234 excitavit,
1098 1208 1160 1237 quae
1173 1205 1295 1229 mortem
1310 1201 1395 1236 ipsius
1411 1201 1533 1228 fictitiam
1550 1207 1609 1228 esse
1623 1199 1673 1228 do-

873 1249 977 1273 cerent.
994 1247 1141 1282 Propterea
1156 1246 1290 1274 Dominus
1302 1250 1428 1274 mortuus
1437 1250 1479 1274 est
1493 1244 1594 1281 palam,
1608 1252 1666 1272 non

874 1291 1021 1319 resurrexit
1046 1295 1138 1318 autem
1164 1291 1265 1327 palam.
1295 1292 1368 1319 Nam
1396 1290 1589 1319 resurrectioni
1615 1289 1673 1326 ejus

873 1335 998 1363 futurum
1011 1335 1095 1363 etiam
1110 1339 1218 1371 tempus
1236 1335 1427 1364 testimonium
1444 1335 1582 1364 dicturum
1596 1335 1649 1362 erit
1665 1343 1671 1362 :

873 1380 972 1408 mortis
991 1385 1096 1414 autem,
1114 1380 1187 1409 aliud
1202 1384 1323 1417 tempus,
1341 1388 1426 1417 quam
1447 1379 1522 1416 quod
1539 1384 1600 1408 tum
1620 1378 1672 1407 fuit

875 1424 953 1452 testis
966 1432 1025 1452 esse
1038 1433 1094 1453 non
1110 1425 1206 1461 potuit.

910 1471 1088 1506 {I‘rz'umphans
1101 1471 1160 1499 illos
1169 1471 1200 1498 in
1214 1472 1285 1506 ipsa.
1298 1471 1359 1498 Hoc
1368 1474 1420 1503 est,
1434 1470 1462 1498 in
1472 1477 1553 1498 cruce
1565 1469 1672 1498 daemo-

872 1522 924 1542 nes
938 1519 1090 1550 prostratos
1104 1519 1269 1543 monstrans.
1293 1515 1462 1551 Triumphus
1475 1515 1549 1542 enim
1563 1514 1671 1549 dicitur,

837 1546 858 1577 Ο
872 1546 1010 1595 cum-quis
1026 1564 1104 1595 parta
1122 1558 1208 1596 484
1220 1560 1255 1588 ab
1266 1546 1400 1588 hostibus
1409 1559 1523 1588 victoria
1536 1546 1671 1593 reversus,

873 1604 1009 1641 publicam
1028 1612 1158 1640 pompam
1172 1604 1288 1639 duxerit,
1301 1604 1422 1633 devictos
1437 1603 1531 1632 hostes
1544 1603 1673 1632 omnibus

873 1649 980 1678 vinctos
1003 1650 1160 1678 ostendens.
1187 1652 1220 1678 In
1245 1658 1326 1678 cruce
1350 1650 1430 1685 igitur
1450 1653 1587 1684 tropaeum
1613 1653 1673 1676 sta-

872 1698 954 1723 tuens
969 1694 1117 1729 Dominus,
1138 1698 1272 1731 tanquam
1291 1695 1321 1723 in
1344 1694 1455 1731 publico
1475 1694 1583 1722 theatro
1597 1693 1675 1722 Gree-

872 1747 979 1774 corum,
1005 1741 1210 1775 Romanorum,
1233 1740 1415 1774 Iudaeorum,
1438 1738 1473 1767 de
1500 1739 1673 1768 daemonibus

871 1785 1058 1821 triumphavit.
1080 1785 1109 1813 Si
1127 1785 1209 1821 igitur
1230 1785 1320 1821 angeli
1344 1793 1393 1821 pro
1415 1784 1496 1812 nobis
1523 1784 1669 1820 haudqua-

870 1837 955 1866 quam
971 1833 1036 1857 sunt
1050 1829 1132 1865 passi.
1155 1829 1203 1857 sed
1219 1829 1357 1863 Christus,
1380 1828 1524 1866 quomodo
1542 1836 1592 1864 per
1608 1828 1671 1856 illos

870 1874 1017 1903 afﬁrmatis
1030 1882 1077 1902 vos
1092 1881 1152 1902 esse
1163 1873 1328 1909 perductos?

904 1920 994 1947 Vens.
1008 1921 1051 1946 16.
1065 1919 1145 1948 Nemo
1157 1926 1221 1955 ergo
1233 1926 1278 1946 vos
1288 1918 1395 1953 judicet
1406 1918 1435 1945 in
1446 1917 1514 1949 cibo,
1527 1919 1577 1944 aut
1588 1919 1668 1952 potu,

871 1966 920 1991 aut
941 1965 970 1991 in
985 1966 1064 1999 parte
1082 1963 1140 1991 diei
1151 1963 1225 1998 festi,
1245 1965 1277 1990 ut
1289 1964 1446 1994 neomem'aa,
1467 1965 1515 1990 aut
1531 1962 1668 1990 Sabbato-

871 2016 940 2036 rum.
961 2009 1102 2036 Hactenus
1123 2008 1239 2036 obscure
1255 2007 1336 2041 dixit,
1359 2008 1400 2035 Ne
1421 2008 1482 2042 quis
1495 2014 1541 2034 vos
1562 2006 1668 2042 deprae-

874 2054 972 2081 detur:
988 2061 1061 2081 nunc
1075 2061 1140 2081 vero
1152 2053 1271 2088 apertius
1289 2052 1360 2080 idem
1378 2052 1445 2088 agit,
1460 2057 1605 2088 postquam
1621 2051 1669 2079 be-

877 2098 974 2126 neﬁcia
993 2098 1051 2134 ejus
1073 2098 1219 2126 recensuit.
1241 2097 1268 2125 Si
1285 2097 1361 2125 enim
1381 2097 1443 2125 talia
1463 2101 1593 2132 tantaque
1606 2097 1670 2124 estis

39 2136 172 2174 τυχήιιατε,
196 2137 278 2178 φησὶ,
303 2137 344 2180 τίῌ
355 2143 409 2171 τοῖς
434 2143 536 2178 μικροῖς
565 2138 673 2172 ἑαυτοὺς
701 2140 810 2169 ὖπευθύ-
830 2145 832 2175 ζ

908 2143 1005 2177 secuti,
1025 2143 1091 2180 quid
1111 2143 1194 2171 rebus
1214 2151 1262 2171 vos
1280 2142 1390 2179 exiguis
1405 2141 1544 2170 obnoxios
1561 2140 1668 2169 facitis?

39 2190 88 2212 νους
110 2186 217 2219 ποιεῖτε;
243 2183 289 2218 Μὴ
314 2178 359 2212 οὖν
381 2183 524 2223 ἀνέχεσθε,
544 2182 587 2212 ἵνα
610 2195 649 2218 τις
666 2184 813 2224 χατακρίνῃ

39 2224 114 2261 ῧμᾶς,
135 2229 168 2261 ὡς
191 2228 227 2266 μὴ
251 2228 432 2268 φυλάττοντας
448 2227 494 2262 τὰς
516 2227 667 2263 Ἰουδαϊκδις
693 2240 814 2268 παρατη-

41 2269 116 2307 ρήσεις
131 2272 155 2300 ἐν
173 2273 296 2313 βρώμασι
310 2273 356 2302 καὶ
375 2273 488 2311 πόμασι.
514 2273 566 2303 Διὰ
584 2273 678 2303 τούτου
695 2274 723 2303 δὲ
738 2274 815 2304 ἐπαι-

39 2316 72 2341 νεῖ
86 2315 155 2350 aio“
170 2316 278 2356 αὐτοὺς,
288 2319 322 2351 ὡς
335 2317 520 2357 παραλύοντας
535 2317 569 2347 τὰ
580 2318 726 2348 Ἰουδαῑχά.
743 2332 756 2346 ι
768 2320 815 2349 Ἐν

40 2357 103 2404 μέρει
117 2360 142 2389 δὲ
155 2363 260 2401 ἑορτῆς,
282 2375 296 2389 ι»
314 2357 382 2400 εἷπε,
395 2363 462 2392 διότι
478 2364 507 2392 οὗ
519 2362 550 2392 τὸ
560 2368 613 2393 πᾶν
629 2363 748 2402 ἐτόλμων
765 2375 815 2404 φυ-

40 2400 142 2449 λὶυῖσσειν·
158 2406 190 2437 Εἰ
202 2406 253 2447 γὰρ
268 2407 313 2436 καὶ
326 2407 521 2446 ὶσαϐϐάτιζον,
540 2409 600 2449 ᾄλλ¹
616 2409 663 2438 οὖχ
678 2400 811 2449 ἆκριϐὦς,

40 2445 78 2475 ἅτε
102 2445 337 2489 Χριστιανίξοντες.
366 2445 519 2482 Δείκνυσινγ
535 2448 579 2482 οὖν
603 2452 643 2482 ὅτι
667 2445 768 2492 ματαία

40 2495 216 2539 τξαρξφυλαχὴ,
231 2497 254 2527 εἴ
275 2509 304 2538 γε
325 2496 363 2536 μὴ
384 2498 415 2527 τὸ
441 2502 492 2528 πᾶν
512 2497 683 2539 (puleii-utar
702 2498 748 2528 καὶ
773 2498 813 2528 ὅτι

39 2534 64 2584 to
79 2536 132 2568 ὅλον
147 2540 258 2571 ἐντεῦθεν
349 2534 523 2574 καταλύεται.
550 2543 584 2574 Εἰ
597 2543 648 2584 γὰρ
669 2543 749 2573 καλὸν
765 2539 814 2581 ἦν,

43 2580 157 2618 eorum;
170 2585 201 2615 ἂν
214 2587 342 2627 ἐτηρεῖτο.

77 2684 86 2697 σι
101 2671 132 2703 Ἄ
142 2675 194 2705 ἐστι
206 2677 267 2708 σκιὰ
279 2679 331 2708 τῶν
350 2676 510 2718 μελλόντων.
525 2690 537 2705 ν
552 2677 692 2708 Μέλλοντά
705 2689 770 2719 φησι
784 2677 818 2708 τὰ

872 2190 913 2217 Ne
927 2188 1011 2225 igitur
1027 2188 1192 2221 sustineatis,
1211 2192 1242 2216 ut
1259 2188 1403 2224 quisquam
1421 2194 1469 2215 vos
1489 2185 1668 2220 condemnet,

872 2233 935 2270 quia
958 2241 1014 2261 non
1039 2233 1189 2261 observetis
1209 2232 1340 2260 Judaicas
1358 2231 1536 2260 caeremonias
1554 2230 1583 2258 in
1599 2230 1670 2258 cibis

872 2283 898 2306 et
913 2282 990 2314 potu.
1004 2278 1056 2305 Per
1069 2278 1121 2305 hoc
1136 2281 1229 2305 autem
1241 2276 1416 2305 commendat
1425 2276 1484 2312 jam
1496 2283 1554 2309 eos,
1567 2275 1668 2312 quippe

872 2323 934 2360 quia
956 2322 1068 2351 Iudaica
1090 2323 1143 2350 ista
1164 2322 1322 2350 dissolvent.
1347 2322 1380 2349 In
1391 2323 1472 2357 parte
1494 2324 1588 2348 autem
1611 2320 1670 2348 diei

871 2369 947 2403 festi,
964 2368 1067 2404 inquit,
1083 2367 1167 2403 {quasi
1181 2375 1237 2395 non
1252 2370 1340 2394 totam
1359 2366 1418 2394 ausi
1437 2365 1553 2394 fuissent
1567 2364 1672 2393 festivi-

872 2417 957 2442 tatem
976 2413 1131 2441 observare.
1151 2412 1210 2440 Etsi
1230 2411 1303 2440 enim
1318 2411 1470 2440 Sabbatum
1488 2409 1668 2445 celebrarent,

872 2466 927 2486 nou
947 2462 1043 2486 exacte
1065 2461 1159 2486 tamen
1178 2456 1328 2490 faciebant,
1345 2461 1376 2484 ut
1393 2456 1441 2492 qui
1461 2455 1670 2484 Christianismo

868 2503 928 2540 jam
945 2506 1037 2531 essent
1054 2502 1150 2530 dediti.
1167 2502 1295 2530 Ostendit
1317 2501 1401 2538 igitur
1420 2508 1520 2528 vanam
1537 2508 1597 2528 esse
1615 2500 1669 2528 hu—

868 2547 994 2584 jusmodi
1017 2548 1252 2582 observationem,
1268 2554 1332 2576 cum
1352 2550 1442 2574 totum
1461 2553 1519 2573 non
1539 2545 1669 2573 observe-

871 2597 917 2622 tur
940 2601 948 2621 :
963 2601 994 2621 ac
1011 2593 1085 2630 quod
1098 2597 1190 2621 totum
1206 2592 1262 2628 jam
1280 2592 1342 2620 inde
1362 2591 1529 2620 destruatur.
1549 2590 1577 2618 Si
1595 2589 1666 2618 enim

873 2637 978 2666 bonum
994 2642 1061 2674 erat,
1078 2638 1181 2675 integre
1193 2637 1295 2666 servari
1309 2636 1410 2665 debuit.

908 2684 1002 2712 Vens.
1023 2686 1067 2712 17.
1090 2685 1155 2719 Quae
1176 2685 1240 2712 sunt
1259 2683 1354 2711 umbra
1374 2683 1543 2716 futurorum.
1562 2679 1666 2707 Futura

726 2772 822 2802 Variae
843 2773 995 2804 lectiones.

69 2846 88 2864 ³³
101 2848 187 2882 ἔπεισεν
201 2861 227 2883 ο.
261 2855 283 2873 ³³
295 2855 460 2895 ἐνδεδυμένας
474 2864 501 2885 ο.
538 2856 561 2874 ⁸⁵
573 2856 689 2894 εἰσήγαγε
706 2865 737 2892 ο,
