1890 3077
19 192 104 218 1249

478 187 653 216 EXPOSITIO
673 187 705 214 IN
725 186 831 214 EPIST.
850 185 897 212 AD
916 185 1054 214 COLOSS.
1076 201 1110 207 —
1130 188 1203 216 CAP.
1225 190 1257 217 ll.

1619 195 1627 220 i
1636 194 1686 221 250

19 253 132 289 σύνης,
149 253 199 292 οὐχ
215 252 247 288 ἣν
264 252 338 282 αὐτοὶ
351 251 461 292 ἔχουσιν
475 274 482 289 ,
506 252 566 280 ἀλλ’
583 253 618 285 ὡς
641 250 777 290 λέγοντες,
795 249 834 278 δτι
849 249 876 282 Α
891 256 905 275 v

927 248 972 277 luti
991 254 1143 279 asserentes
1159 251 1247 287 majus
1261 259 1319 280 esse
1333 261 1418 289 quam
1436 253 1595 284 hominibus
1615 263 1685 284 con—

19 299 136 332 Μεῖζον
151 297 168 333 ἣ
193 297 261 327 κατὰ
277 297 447 336 ἀνθρώπους,
470 296 499 326 τὸ
518 299 653 337 σφαγῆναι
674 295 741 336 ὑπὲρ
756 296 834 333 ἡμῶν

21 342 76 372 τὸν
95 344 254 381 Μονογενῆ.

71 401 85 414 ι
117 387 175 418 Καὶ
197 388 226 416 οὖ
248 388 354 428 κρατῶν
380 386 431 423 τὴν
465 386 598 427 κεφαλὴν,
626 385 651 420 ἐξ
673 381 703 415 οὗ
730 389 783 414 πᾶν
808 383 838 413 τὸ

23 435 117 470 σῶμα
149 432 193 462 διὰ
219 433 271 461 τῶν
306 432 380 473 ἁφῶν
407 432 451 461 καὶ
477 431 632 469 συνδέσμων
661 428 838 470 ἐπιχορηγού-

25 489 116 516 μενον
159 477 204 506 xui
248 476 495 516 συμϐιϐαζόμενον,
536 476 608 510 αὔξει
641 475 689 511 τὴν
729 474 838 509 αὔξησιν

24 525 80 552 τοῦ
105 524 195 552 Θεοῦ.
211 535 223 548 ν
244 523 285 552 Οὐ
312 527 422 562 κρατεῖ,
449 521 544 562 φησὶν,
562 523 575 550 δ
601 524 685 550 ταῦτα
709 519 837 560 δογματί-

26 569 87 601 ζων
98 590 107 603 ,
125 567 175 602 τὴν
189 566 320 607 κεφαλὴν,
336 567 456 596 τουτέστι
473 567 516 595 τὸν
533 565 605 596 Υἱόν.
621 566 705 598 Αὐτὸς
715 565 766 605 γάρ
784 566 839 594 ἐστι

34 611 153 653 κεφαλῆ
171 614 223 641 τῶν
244 611 379 651 ἀγγέλων,
404 613 439 645 ὡς
463 611 581 647 Ποιητὴς
605 611 649 640 καὶ
666 609 838 649 Δημιουργός·

30 657 111 686 ἀλλὰ
131 656 179 686 καὶ
197 657 284 692 πάσης
304 659 351 692 τῆς
367 656 532 693 Ἐκχλησίας
558 655 679 695 κεφαλὴ,
706 654 751 683 καὶ
770 654 840 684 κατὰ

29 704 117 731 τοῦτο
137 701 203 740 μὲν,
230 702 301 737 πλὴν
316 700 385 730 ἀλλὰ
402 701 447 730 καὶ
467 701 532 730 καθὸ
549 702 628 738 σῶμα
654 700 735 728 αὐτοῦ
759 701 839 737 ἐσμεν

31 746 85 775 χαὶ
103 747 175 785 μέλη
187 770 194 783 ,
210 746 416 781 χοινωνήσαντος
432 748 496 784 ἡμῖν
510 747 562 774 τῶν
580 745 677 774 αὐτῶν.
695 744 743 778 Ἐξ
759 745 839 773 αὐτοῦ

36 791 132 820 τοίνυν
149 795 202 820 πᾶν
214 791 244 820 τὸ
254 793 332 828 σῶμα
343 793 390 826 τῆς
399 789 561 826 Ἐκκλησίας
570 789 616 819 καὶ
629 789 659 818 τὸ
672 785 737 818 εἶναι
749 789 840 823 ἁπλῶς

37 835 112 875 ἔχει,
131 835 177 865 καὶ
189 836 219 865 τὸ
230 833 257 864 εὖ
268 831 345 865 εἶναι.
358 836 426 865 Ἐὰν
440 836 518 864 αὐτοῦ
530 835 629 873 ἐκπέσῃ
641 846 688 869 τις,
704 835 839 863 ἀπόλωλεν

37 880 127 913 εὐθύς.
155 881 264 920 Ὄσπερ
282 881 333 919 γὰρ
357 880 388 909 τὸ
416 880 567 915 αἰσθητικὸν
590 881 695 916 πνεῦμα
719 878 772 908 ἀπὸ
792 881 839 908 τοῦ

36 925 192 964 ἕγιιεφάλου
207 927 242 958 εἷς
254 930 304 953 πᾶν
318 925 346 954 τὸ
358 927 437 962 σῶμα
453 925 599 954 διαδίδοται
614 923 656 953 διὰ
668 925 719 952 τῶν
733 923 840 963 νεύρων,

35 970 86 998 καὶ
104 970 159 999 ἀπὸ
175 972 220 1004 τῆς
238 971 355 1010 κεφαλῆς
379 971 434 1000 ἐστι
455 975 528 999 πᾶσα
550 969 688 1005 αἴσθησις,
703 968 750 997 χαὶ
768 973 842 998 πᾶσα

35 1014 159 1050 κίνησις·
191 1014 261 1044 οὕτω
285 1013 331 1043 καὶ
359 1014 389 1043 τὸ
412 1017 459 1050 τ’ἦς
488 1013 654 1050 Ἰἰχχλησίας
680 1014 760 1051 σῶμα
789 1013 842 1042 ἀπὸ

34 1063 86 1089 τοῦ
98 1060 218 1098 Χριστοῦ
236 1073 247 1085 ιι
260 1060 477 1099 ἐπιχορηγεῖται,
494 1073 504 1084 -
521 1058 650 1096 τουτέστι,
665 1058 798 1096 λαμϐάνει
812 1058 841 1087 τὸ

34 1106 86 1142 ζῆν
104 1103 152 1133 καὶ
164 1103 249 1138 αὔξειν
262 1106 458 1142 πνευματικῶς.
474 1105 545 1134 Πότε
558 1103 623 1126 ⁵⁰-³⁷
639 1103 665 1132 δὲ
678 1106 754 1132 τοῦτο
767 1102 839 1142 ἕχει,

34 1139 113 1179 Ὅτε
130 1162 142 1174 ει
155 1148 361 1186 συμϐιϐάζεται,
374 1163 385 1174 ιι
402 1148 538 1183 τουτέστι,
548 1148 691 1188 συνάφειιν
709 1147 766 1187 ἔχει
776 1148 842 1187 πρὸς

33 1193 133 1224 αὖτόν.
157 1193 198 1223 Τὸ
224 1194 276 1234 γὰρ
300 1193 373 1232 ἅγιον
402 1195 515 1232 Πνεῦμα
543 1193 586 1222 διὰ
614 1195 666 1222 τῶν
690 1192 765 1233 ἁφῶν
795 1193 840 1222 καὶ

36 1238 198 1275 συνδέσμων
222 1237 270 1274 τὴν
296 1238 469 1278 ἐπιχορηγίαν
491 1240 538 1273 τ’ἧς
565 1237 698 1273 αὐξήσεως
723 1237 839 1267 δίδωσιν·

37 1284 77 1316 ὡς
110 1283 135 1312 εἴ
165 1295 194 1321 γε
225 1282 366 1312 ἀσύνδετον
393 1282 432 1318 εἴη
462 1283 508 1312 καὶ
535 1283 666 1322 ἄσυναφὲς
700 1281 728 1310 τὸ
758 1283 838 1321 σῶμα

36 1327 109 1366 πρὸς
141 1329 190 1364 τὴν
227 1327 362 1367 κεφαλὴν,
402 1328 448 1357 καὶ
485 1329 514 1358 οὖ
542 1327 738 1367 συμϐιϐάζεται
777 1327 840 1367 πρὸς

42 1373 150 1410 αὐτὴν,
172 1372 323 1409 τουτέστιν,
351 1373 380 1402 οὗ
402 1372 570 1408 συντίθεται,
602 1372 650 1401 οὐκ
681 1371 713 1401 ἂν
735 1371 794 1401 οὔτε
822 1374 838 1408 ἡ

42 1417 240 1457 ἔπιχορήγησις
260 1421 307 1447 τοῦ
325 1417 480 1455 Πνεύματος
505 1417 620 1457 γίνοιτο,
642 1416 701 1446 οὔτε
721 1418 737 1452 ἡ
754 1416 839 1452 αὔξη-

38 1474 83 1496 σις
98 1464 144 1491 τοῦ
157 1465 245 1501 Θεοῦ,
262 1463 412 1500 τουτέστιν,
428 1465 444 1499 ἡ
464 1464 512 1499 τῆς
527 1462 596 1492 κατὰ
617 1461 686 1493 Θεὸν
703 1461 839 1496 πολιτείας

39 1509 93 1542 τῆς
109 1506 231 1546 ἀρίστης.

82 1565 95 1578 ε
123 1552 154 1581 Εἰ
179 1553 323 1581 ἀπεθάνετε
347 1551 394 1582 σὺν
415 1553 453 1592 τῷ
475 1553 585 1592 Χριστῷ
613 1552 666 1582 ἀπὸ
690 1552 742 1581 τῶν
768 1563 839 1582 στοι-

39 1596 124 1636 χείων
153 1599 196 1626 τοῦ
228 1597 344 1636 κόσμου,
373 1598 399 1626 τί
427 1599 462 1630 ὡς
492 1599 587 1632 ζῶντες
621 1598 648 1626 ἐν
678 1598 716 1637 τῷ
744 1598 837 1638 κόσμῳ

41 1640 248 1680 δογματίζεσθε;
267 1655 278 1668 ι
295 1641 346 1672 Διὰ
371 1644 418 1671 τοῦ
443 1642 643 1682 βαπτίσματος,
671 1642 752 1682 φησὶ,
778 1653 838 1671 συν-

42 1685 219 1719 αποθανόντες
245 1688 282 1726 τῷ
314 1688 439 1727 Χριστῷ,
470 1686 631 1727 ἓνεκρώθητε
656 1686 721 1726 πρὸς
748 1691 838 1717 πᾶσαν

38 1730 90 1765 τὴν
113 1730 241 1770 προτέραν
257 1731 344 1769 ζωὴν,
375 1731 443 1761 ὥστε
473 1731 571 1770 μηκέτι
597 1731 666 1770 μηδὲ
690 1733 744 1764 τοῖς
770 1743 839 1762 στοι-

41 1774 126 1815 χείοις
159 1775 305 1813 δουλεύειν,
336 1771 374 1810 οἷς
398 1776 492 1817 πρώην
520 1775 670 1806 ὓπέκεισθε.
704 1777 766 1809 Πῶς
793 1771 838 1805 οὖν

41 1820 124 1849 πάλιν
143 1821 205 1859 νῦν,
220 1822 255 1854 ὡς
275 1822 301 1850 ἐν
317 1823 349 1860 τῇ
370 1821 486 1862 προτέρᾳ
511 1822 566 1861 ζωῇ
591 1822 704 1857 ζῶντες,
730 1821 838 1850 ὑπόκει-

41 1867 88 1894 σθε
104 1863 219 1902 τούτοις,
243 1865 397 1895 διδάσκεσθε
419 1866 469 1906 γὰρ
485 1866 525 1896 ὅτι
544 1866 591 1903 ἥδε
604 1868 620 1902 ἠ
634 1865 722 1905 ἡμέρα
740 1865 811 1900 δεξιὰ
828 1889 836 1903 ,

42 1909 91 1945 ἥδε
104 1909 235 1944 ἆπαίσιος·
254 1909 332 1940 ἅτινά
347 1911 418 1940 ἐστιν
435 1910 583 1947 Ἑλληνικὰ
598 1910 834 1951 παρατηρήματα.

42 1952 117 1994 Ὅρα
132 1954 158 1983 δὲ
168 1954 214 1983 καὶ
226 1955 283 1988 πῶς
295 1955 384 1996 ἡμέρα
399 1955 495 1989 αὐτοὺς
508 1956 687 1996 διαχωμῳδεῖ,
705 1969 716 1982 ι
732 1957 839 1994 Δογμα-

44 1999 160 2036 τίζεσθε,
174 2011 186 2024 ι
201 1999 294 2029 εἰπών.
311 1999 362 2034 (Ως
376 2000 426 2040 γὰρ
444 2000 538 2029 παιδία
555 2002 690 2040 ἅρτιμπθῆ
707 2001 835 2038 κάθησθε,

42 2042 121 2083 φησὶ,
160 2043 376 2083 δογματιζόμενοι
404 2044 451 2074 καὶ
488 2045 706 2084 νομοθετούμενοι
741 2044 767 2074 τί
799 2046 838 2074 δεῖ

41 2092 135 2118 ποιεῖν.
679 2112 680 2117 η

85 2146 97 2159 ι
128 2133 173 2169 Μὴ
203 2133 275 2173 ἅψῃ,
301 2135 369 2171 μηδὲ
395 2133 496 2174 γεύσῃ,
525 2135 592 2174 μηδὲ
617 2134 702 2175 Θίγῃς·
733 2134 750 2164 ἅ
782 2136 838 2166 ἐστι

40 2177 127 2207 πάντα
147 2179 180 2211 εἷς
201 2177 297 2218 φθορὰν
323 2181 356 2218 τῇ
383 2179 542 2219 ἀποχρήσει.
564 2194 576 2206 ιι
602 2180 656 2210 Καὶ
676 2179 761 2216 ἄλλην
783 2193 838 2210 ποι-

43 2222 184 2262 ρατήρησιν
213 2223 299 2252 αὐτῶν
327 2223 375 2259 τὴν
407 2225 460 2253 τῶν
489 2224 655 2264 βρωμάτων,
688 2224 838 2262 Ἰουδσῖκῆν

893 293 996 329 veniat,
1016 295 1195 331 Unigenitum
1216 305 1265 332 pro
1284 297 1363 326 nobis
1377 298 1475 328 occidi.

929 385 1019 413 Vens.
1037 387 1078 413 l9.
1094 387 1129 414 Et
1142 394 1195 414 non
1206 388 1296 415 tenens
1310 390 1401 423 caput,
1418 397 1451 416 ea:
1463 397 1515 424 quo
1528 392 1614 418 totum
1629 398 1686 418 cor-

891 437 943 464 pus
965 438 1015 466 per
1036 439 1121 458 nexus
1142 433 1167 458 et
1181 431 1379 466 conjunctiones
1400 434 1636 463 subministratum
1659 437 1685 463 et

892 477 1081 509 constructum,
1096 477 1192 504 crescit
1206 478 1235 504 in
1252 480 1427 512 augmentum
1443 480 1499 506 Dei.
1515 480 1577 507 Non
1598 481 1685 508 conti-

894 523 954 551 net.
972 520 1074 555 inquit,
1089 520 1136 556 qui
1151 521 1210 549 haec
1228 522 1326 555 tradit,
1344 527 1435 558 caput,
1453 522 1505 551 hoc
1519 529 1560 551 est
1575 524 1680 552 Filium.

895 565 956 598 Ipse
972 564 1048 592 enim
1063 569 1106 593 est
1122 570 1205 602 caput
1224 567 1400 603 angelorum,
1427 567 1511 595 veluti
1529 569 1642 597 Creator
1658 574 1686 597 et

894 608 1000 644 Opil‘ex.
1027 611 1142 646 Insuper
1167 611 1255 639 totius
1282 612 1366 640 etiam
1388 612 1516 641 Ecclesia:
1538 619 1620 649 caput
1645 618 1687 642 est

895 661 957 681 cum
975 655 1126 683 secundum
1145 655 1199 684 hoc
1218 656 1307 692 ipsum
1328 657 1452 693 quidem,
1474 662 1533 686 tum
1552 663 1688 695 quatenus

894 706 994 734 corpus
1008 699 1094 735 ipsius
1110 708 1208 728 sumus
1224 705 1252 729 et
1268 702 1400 736 membra,
1420 702 1478 738 ipso
1501 703 1646 731 nobiscum
1661 704 1689 732 in

895 743 992 771 iisdem
1013 746 1244 774 communicante.
1275 747 1313 773 Ex
1335 746 1394 782 ipso
1420 747 1511 783 itaque
1533 748 1688 776 universum

895 796 995 824 corpus
1013 789 1140 818 Ecclesiae
1159 794 1186 818 et
1202 798 1282 818 suum
1296 799 1354 819 esse
1375 791 1536 827 simpliciter
1552 792 1644 827 habet,
1661 799 1688 822 et

896 833 964 861 bene
987 841 1055 862 esse.
1083 835 1109 862 Si
1133 835 1279 871 quisquam
1304 835 1340 863 ab
1365 844 1398 864 eo
1422 837 1567 871 exciderit,
1592 839 1686 867 statim

898 878 987 913 periit.
1019 879 1260 914 Quemadmodum
1282 881 1357 908 enim
1375 881 1522 910 sensitivus
1541 882 1652 918 spiritus
1672 892 1687 912 a

854 913 878 944 Β
898 923 1008 951 cerebro
1023 913 1049 951 in
1058 928 1147 952 totum
1160 933 1260 960 corpus
1274 933 1321 961 per
1333 934 1430 954 nervos
1444 913 1619 961 diffunditur,
1633 932 1661 956 et
1672 937 1688 957 a

896 969 982 1004 capite
1000 969 1089 997 omnis
1101 977 1198 998 sensus
1212 974 1254 997 est
1272 975 1298 998 et
1311 975 1401 998 motus
1418 981 1424 998 :
1442 970 1514 998 hunc
1528 972 1561 999 ad
1577 972 1688 1001 modum

895 1013 1020 1041 Ecclesiae
1033 1022 1133 1050 corpus
1149 1022 1163 1041 a
1183 1014 1293 1043 Christo
1309 1016 1541 1048 subministratur,
1563 1016 1616 1045 hoc
1636 1022 1688 1052 est,

894 1058 992 1094 accipit
1007 1059 1092 1086 vitam
1103 1063 1129 1086 et
1143 1063 1325 1095 augmentum
1337 1059 1488 1096 spirituale.
1506 1061 1623 1097 Quando
1638 1070 1689 1090 au-

895 1105 951 1129 tem
966 1102 1018 1131 hoc
1032 1103 1130 1132 habet?
1146 1104 1260 1137 Quando
1280 1107 1463 1138 construitur,
1479 1105 1532 1133 hoc
1548 1111 1603 1140 est,
1621 1115 1688 1135 con-

894 1148 1043 1176 nexionem
1062 1149 1097 1177 ad
1118 1149 1208 1185 ipsum
1234 1153 1346 1177 etcum
1370 1151 1428 1186 ipso
1456 1151 1550 1179 habet.
1574 1152 1691 1188 Spiritus

893 1192 966 1220 enim
984 1197 1096 1221 sanctus
1114 1201 1162 1230 per
1176 1202 1265 1222 nexus
1289 1198 1317 1222 et
1337 1196 1522 1223 connexiones
1537 1196 1691 1232 suppedita-

893 1236 998 1265 tionem
1008 1239 1151 1274 augmenti
1161 1238 1218 1266 dat.
1230 1240 1300 1267 Nam
1308 1239 1330 1267 si
1341 1239 1503 1268 dissolutum
1512 1240 1598 1276 486
1609 1240 1690 1269 fuerit

893 1286 920 1310 et
930 1281 1090 1311 distractum
1101 1292 1200 1320 corpus
1208 1292 1223 1312 a
1232 1285 1326 1320 capite,
1337 1289 1364 1313 et
1372 1293 1428 1313 non
1438 1290 1624 1320 construatur,
1638 1286 1690 1314 hoc

893 1331 944 1361 est,
959 1335 1015 1355 non
1028 1333 1221 1364 componatur,
1235 1337 1406 1367 nequaquam
1420 1330 1535 1365 Spiritus
1553 1331 1689 1358 submini-

892 1372 990 1400 stratio
1003 1372 1059 1406 fiet,
1074 1381 1162 1410 neque
1183 1379 1363 1410 augmentum
1381 1374 1442 1409 Dei,
1463 1375 1490 1403 id
1505 1379 1557 1411 est,
1573 1376 1687 1412 optima:

892 1416 1043 1445 secundum
1057 1419 1146 1447 Deum
1160 1420 1384 1448 conversationis.

929 1553 1022 1580 Vens.
1045 1555 1090 1581 20.
1108 1554 1140 1582 Si
1159 1555 1261 1582 mortui
1286 1555 1351 1582 estis
1372 1563 1434 1583 cum
1455 1555 1560 1584 Christo
1580 1556 1615 1584 ab
1638 1556 1689 1584 ele-

855 1601 877 1633 c
894 1599 988 1625 mentis
1002 1599 1109 1632 mundi,
1125 1599 1194 1634 quid
1206 1602 1336 1634 tanquam
1350 1601 1466 1628 viventes
1479 1602 1510 1628 in
1529 1601 1631 1628 mundo
1644 1602 1690 1628 dc-

890 1644 1020 1670 ccrnitis?
1036 1644 1088 1671 Per
1104 1643 1250 1680 baptisma,
1265 1644 1363 1680 inquit,
1379 1646 1548 1673 commortui
1565 1645 1685 1679 Christo,

892 1688 996 1715 mortui
1013 1688 1080 1716 estis
1098 1689 1174 1716 omni
1194 1689 1279 1724 priori
1298 1690 1371 1725 vitat,
1392 1694 1495 1718 utnon
1514 1690 1634 1727 amplius
1653 1699 1689 1719 ne

891 1731 956 1768 ipsis
969 1732 1081 1768 quidem
1099 1733 1240 1762 elementis
1259 1735 1395 1769 servietis,
1411 1735 1509 1771 quibus
1524 1739 1605 1763 antea
1621 1735 1690 1763 sub-

887 1776 953 1812 jecti
962 1777 1055 1805 eratis.
1066 1777 1119 1812 Qui
1130 1778 1214 1815 igitur
1224 1786 1297 1806 nunc
1310 1787 1414 1813 rursus,
1427 1783 1558 1815 tanquam
1570 1780 1688 1816 priorem

891 1820 980 1849 adhuc
1003 1821 1086 1849 vitam
1102 1822 1249 1856 viventves,
1275 1823 1423 1851 subdimini
1443 1824 1515 1852 illis?
1541 1825 1687 1852 Docemini

891 1866 966 1894 enim
978 1866 1050 1901 quod
1063 1866 1120 1894 haec
1132 1867 1190 1895 dies
1201 1866 1340 1896 fortunata
1351 1868 1394 1900 sit,
1409 1868 1453 1896 illa
1469 1877 1533 1896 vero
1546 1868 1666 1896 infausta
1681 1879 1687 1896 :

891 1918 953 1946 qua
971 1911 1136 1939 Graecorum
1161 1916 1225 1941 sunt
1245 1913 1460 1941 observationes.
1485 1913 1554 1949 Quin
1575 1917 1602 1941 et
1622 1913 1687 1942 illud

891 1955 968 1990 vide,
990 1956 1131 1993 quomodo
1146 1957 1228 1985 tacite
1249 1965 1296 1986 eos
1316 1962 1411 1994 carpat
1426 1957 1559 1992 dicendo,
1585 1959 1687 1994 Δογμα-

891 2000 996 2031 τίζεσθε.
1017 2002 1090 2029 Nam
1112 2001 1198 2030 instar
1220 2010 1385 2038 puerorum,
1407 2002 1505 2039 inquit,
1529 2003 1583 2039 qui[
1601 2011 1689 2038 nuper

891 2044 995 2073 discere
1005 2050 1156 2082 cmperunt,
1167 2047 1277 2082 sedetis,
1289 2047 1405 2076 docendi
1415 2052 1442 2076 et
1452 2048 1610 2076 instituendi
1620 2047 1688 2084 quid

892 2088 981 2118 facere
993 2094 1113 2126 oportet.
1440 2112 1446 2115 —

927 2136 1013 2163 VEns.
1027 2137 1072 2169 2t,
1084 2137 1129 2164 22.
1141 2137 1180 2164 Ne
1193 2138 1320 2172 tetigeris,
1335 2146 1418 2173 neque
1427 2139 1588 2173 gustaveris,
1603 2147 1688 2174 neque

892 2182 1095 2209 contrectaveris
1105 2190 1115 2208 :
1126 2190 1185 2216 qua:
1195 2185 1258 2209 sunt
1268 2184 1356 2210 omnia
1365 2184 1394 2210 in
1404 2184 1544 2210 interitum
1554 2185 1612 2219 ipso
1624 2192 1685 2211 usu.

892 2225 983 2253 Aliam
1004 2225 1131 2261 ipsorum
1153 2226 1374 2255 observationem
1395 2228 1500 2262 recitat,
1519 2235 1581 2263 quae
1600 2232 1643 2255 est
1658 2228 1686 2255 in

44 2268 160 2305 μᾶλλον,
181 2267 272 2308 ὥσπερ
286 2264 318 2304 ἦν
337 2270 355 2305 ἡ
376 2270 428 2298 τῶν
453 2271 579 2310 ἡμερῶν,
598 2268 754 2306 Ἑλληνική.
782 2270 835 2300 Τὸν
850 2271 875 2303 D
891 2278 905 2297 (ι

927 2270 971 2305 iis,
992 2270 1135 2298 Iudaicam
1155 2271 1346 2307 potissimum,
1370 2272 1608 2308 quemadmodum
1630 2272 1687 2300 die-

43 2312 121 2352 τύφον
138 2311 164 2341 δὲ
178 2314 231 2342 τῶν
247 2313 431 2352 δογματιστῶν
453 2314 641 2344 καταστέλλων
653 2338 662 2354 ,
680 2315 777 2355 φησὶν,
796 2314 835 2344 ὅτι

43 2358 72 2386 οὐ
88 2357 187 2395 μεγάλα
211 2357 270 2387 τινὰ
287 2358 372 2389 ταῦτά
386 2359 475 2397 ἐστιν,
501 2358 564 2388 ἀλλ’
580 2360 615 2393 εἷς
631 2359 730 2399 φθορὰν
746 2371 833 2389 κατα-

43 2401 117 2441 λήγει
140 2405 191 2435 τοῖς
214 2402 369 2442 χρωμένοις.
396 2404 565 2444 Φθειρόμενα
588 2404 641 2444 γὰρ
665 2405 694 2433 ἐν
721 2407 754 2445 τῇ
779 2417 832 2444 γα-

45 2446 102 2486 στρὶ
116 2446 147 2481 ³⁸,
168 2447 210 2476 διὰ
232 2451 278 2478 τοῦ
300 2449 450 2488 ἀφεδρῶνος
466 2449 585 2489 ὑπορρεῖ.
613 2448 684 2479 Οὔτε
703 2445 748 2479 οὖν
763 2450 834 2490 ὠφε-

43 2492 128 2521 λοῦσιν
143 2490 210 2520 αὐτὰ
225 2493 282 2521 καθ’
299 2492 367 2522 αὑτὰ
378 2515 386 2529 ,
403 2493 462 2524 οὔτε
481 2493 637 2533 βλάπτουσι.

83 2549 94 2561 α
112 2534 186 2565 Κατὰ
210 2536 244 2565 τὰ
269 2537 422 2576 ἐντάλματα
446 2538 493 2568 καὶ
516 2538 689 2572 διδασκαλίας
712 2540 765 2568 τῶν
789 2541 836 2569 οἷν-

45 2579 159 2619 Θρώπων.
185 2592 200 2608 ιι
225 2582 285 2611 Οὐκ
306 2582 356 2611 εἶσὶ
384 2583 440 2612 θεῖα
465 2583 616 2622 διδάγματα
641 2586 742 2620 ταῦτα,
767 2585 836 2613 ἀλλὰ

46 2624 181 2664 ἀνθρώπων
214 2626 378 2665 ἐντάλματα.
409 2627 445 2658 Τί
475 2623 534 2664 οῧν;
561 2630 574 2657 ὁ
601 2628 679 2666 νόμος
706 2629 754 2658 οὐχ
779 2628 836 2658 ἔστι

46 2672 111 2701 Θεοῦ
118 2670 141 2688 ³³
154 2670 312 2701 διδασκαλία
330 2684 337 2709 ;
351 2667 405 2702 Ἶὶν
421 2671 469 2711 μὲν
482 2671 525 2701 ὅτε
539 2667 595 2713 εἶχε
606 2673 696 2714 καιρὸν
706 2673 743 2710 ⁴⁰,
755 2675 799 2703 νῦν
808 2673 836 2703 δὲ

47 2715 91 2744 οὐχ
111 2713 194 2752 ἔστιν,
211 2716 246 2749 ὡς
267 2716 305 2754 μὴ
330 2717 424 2758 καιρὸν
449 2717 529 2758 ἔχων.
556 2717 595 2748 Ἢ
618 2719 657 2747 ὅτι
674 2718 834 2760 παρεποίουν

891 2322 952 2342 rum
981 2318 1040 2343 erat
1068 2315 1176 2344 Grmca.
1197 2316 1309 2344 Fastum
1333 2321 1426 2345 autem
1455 2316 1686 2354 dogmatistarum

887 2360 1055 2400 deprimens,
1077 2362 1141 2389 Non
1157 2369 1256 2398 magna
1273 2362 1412 2398 quaedam,
1432 2363 1530 2399 inquit,
1545 2363 1605 2392 haec
1621 2367 1687 2391 sunt

887 2406 935 2434 sed
954 2406 981 2434 in
1000 2406 1205 2443 corruptionem
1221 2405 1350 2435 desinunt
1369 2407 1519 2436 utentibus.
1543 2408 1684 2444 Corrupta

889 2452 964 2480 enim
982 2452 1010 2480 in
1030 2457 1134 2486 ventre,
1151 2460 1198 2489 per
1217 2461 1357 2481 secessum
1372 2453 1506 2482 defluunt.
1524 2455 1620 2491 Neque
1641 2455 1688 2491 igi-

890 2501 935 2525 tur
947 2501 1059 2533 prosunt
1072 2497 1123 2525 ista
1139 2505 1187 2533 per
1201 2505 1271 2532 sese,
1284 2506 1374 2535 neque
1390 2498 1500 2527 obsunt.

925 2543 1076 2570 Secundum
1092 2545 1230 2578 praecepta
1245 2545 1270 2571 et
1291 2543 1427 2572 doctrinas
1444 2544 1596 2572 hominum.
1620 2545 1684 2572 Non

890 2591 953 2616 sunt
966 2587 1064 2616 divina?
1078 2587 1265 2616 institutiones
1275 2587 1328 2622 hac,
1341 2597 1436 2617 verum
1446 2589 1591 2618 hominum
1603 2596 1680 2616 man-

889 2632 964 2661 data.
979 2632 1053 2670 Quid
1066 2632 1162 2669 igitur?
1175 2641 1270 2661 nonne
1282 2633 1324 2661 lex
1336 2636 1378 2661 est
1389 2633 1513 2662 doctrina
1527 2633 1595 2661 Dei?
1611 2634 1677 2660 Erat

891 2677 1013 2714 quidem,
1027 2685 1089 2706 cum
1100 2685 1151 2706 suo
1166 2681 1290 2714 tempore
1300 2677 1419 2714 vigeret:
1431 2677 1511 2706 hodie
1522 2682 1614 2705 autem
1627 2685 1682 2705 non

891 2727 942 2758 est,
949 2731 1014 2751 cum
1021 2726 1131 2759 tempus
1141 2722 1201 2759 ejus
1211 2722 1349 2758 expletum
1361 2726 1410 2750 est.
1423 2723 1471 2750 Vel
1483 2722 1545 2758 quia
1554 2730 1680 2751 corrum-

729 2786 825 2817 Variae
848 2786 1001 2817 lectiones.

80 2855 132 2878 ³⁸-³⁷
171 2866 198 2884 τε
211 2864 239 2886 o.
276 2855 298 2874 ³⁸
312 2856 384 2892 σαρκὶ
395 2865 422 2886 ο.
461 2856 483 2874 ⁸³
500 2858 552 2884 θεία
564 2865 589 2885 0.
626 2856 648 2875 ⁴⁰
661 2855 690 2892 ἧν
703 2857 786 2894 καιρὸς
805 2859 844 2887 i0.
