1890 3077
10 188 29 214 1
38 188 100 214 253

456 183 632 212 EXPOSITIO
652 184 684 211 IN
705 183 810 211 EPIST.
830 182 876 210 AD
896 181 1032 210 COLOSS.
1052 196 1088 202 -——
1106 182 1180 209 CAP.
1203 182 1246 209 Ill.

1611 180 1677 208 1254

5 251 78 289 οὐχ
95 249 197 285 ἁπλῶς,
210 247 293 286 ἀλλὰ,
311 261 323 274 ι
334 247 382 278 Ἐν
396 246 469 287 δόξῃ.
481 261 493 274 ι
503 247 591 277 ⁶Ωστε
609 245 711 282 ἐκείνην
727 247 828 282 ζητεῖτε

928 243 1053 272 tabimini
1073 251 1149 272 :non
1168 243 1338 279 simpliciter,
1354 242 1413 276 sed,
1428 244 1461 271 In
1474 243 1568 277 gloria.
1585 243 1676 278 Quare

5 295 74 329 τὴν
102 293 223 333 ἡμέραν“,
251 292 288 330 μὴ
312 292 420 328 ταύτην·
446 292 510 332 πρὸς
536 291 639 327 ἐκείνην
666 292 714 330 ζῇν
743 290 826 320 σπεύ-

9 340 100 368 δετε.
130 338 198 369 Τότε
214 337 266 378 γὰρ
280 339 298 373 ἡ
321 337 431 373 ἀληθινὴ
451 335 505 373 ζωὴ
529 338 602 375 ὑμῶν
624 337 792 377 φανεροῦταν
810 337 827 371 ή

7 383 80 423 γὰρ
101 385 166 419 ν’ὖν,
183 382 312 418 θάνατος,
340 381 379 411 ὅτι
403 382 449 411 καὶ
473 381 516 411 διὰ
531 384 627 421 φθορᾶς
652 380 826 419 συνίσταται,

7 431 74 464 τῆς
105 430 167 468 ῥοῆς
186 431 230 456 καὶ
257 427 399 468 ἀπορῥοῆς.
425 426 470 462 Μὴ
493 426 574 464 τιμὰς
597 427 710 455 ἐνταῦθα
727 427 828 461 ζητεῖτε

12 474 74 503 καὶ
101 472 185 507 δόξας.
203 472 278 502 Ἐκεῖ
296 472 348 511 γὰρ
371 474 386 507 ἡ
408 471 470 505 δόξα
486 473 572 510 ὑμῶν,
602 470 636 501 Ὀ
664 469 829 510 μαργαρίτης

12 518 183 557 κέκρυπται
207 515 253 550 ἕως
276 516 308 546 ἂν
331 512 394 556 ᾗέν
416 519 454 556 τῷ
479 515 590 556 ὀστρέῳ·
619 515 682 545 ὅταν
710 515 737 544 δὲ
753 526 828 555 περι-

16 565 154 603 Οραυσθῇ
178 563 277 598 ἐκεῖνο,
302 561 361 591 τότε
388 561 490 599 λάμπει
519 562 545 590 ἐν
573 560 645 603 δόξῃ.
680 559 762 590 Οὕτω
784 559 830 588 καὶ

15 611 131 646 ἡμεῖς,
148 607 196 640 ἕως
212 606 243 636 ἂν
261 607 287 636 ἐν
308 608 347 646 τῷ
368 608 476 647 φθαρτῷ
502 605 588 645 τούτῳ
610 600 682 643 ὦμεν
705 604 828 643 σώματι,

17 654 175 692 ὀφείλομεν
198 653 233 684 ὥς
254 650 434 691 κεκρυμμένοι
449 653 496 690 ζῇν
506 673 514 687 ,
530 650 567 688 μὴ
582 649 656 684 δόξαν
681 652 830 685 ζητοῦντες·

19 699 98 726 ὅταν
116 697 144 727 δὲ
160 697 189 726 τὸ
203 698 316 737 φθαρτὸν
330 699 407 726 τοῦτο
423 697 550 736 διαλυθῇ,
565 695 624 724 τότε
639 697 655 730 ἡ
667 694 728 729 δόξα
745 695 831 733 ἡμῶν,

19 742 77 772 ἐὰν
97 741 167 776 ἄξιοι
181 743 262 778 αὐτῆς
275 739 300 758 "6
316 742 439 782 φανῶμεν
460 740 503 770 διὰ
517 742 570 770 τῶν
586 740 715 780 πράξεων.

76 889 93 905 α
110 876 277 917 Νεχρωσατε
293 871 336 906 οὖν
352 875 385 905 τὰ
398 876 466 914 μέλη
482 877 555 914 ὑμῶν
568 874 602 904 τὰ
615 874 659 904 ἐπὶ
675 877 723 911 τῆς
738 876 796 915 γῆς.
817 886 831 904 ι

880 289 955 317 diem
979 289 1052 317 illam
1076 289 1239 322 desiderem,
1258 296 1314 316 non
1327 288 1412 321 hanc;
1439 288 1468 316 in
1489 287 1564 316 illam
1585 288 1675 316 vivere

881 334 998 362 studete.
1015 335 1087 362 Tum
1106 334 1182 362 enim
1194 341 1256 361 vera
1269 332 1487 361 manifestabitur
1502 332 1555 360 vita
1567 337 1656 360 vestra
1671 343 1678 360 :

882 387 1002 415 praesens
1009 380 1083 407 enim
1096 386 1172 407 mors
1184 382 1225 406 est
1238 388 1244 405 :
1260 377 1397 414 siquidem
1411 385 1459 413 per
1472 378 1679 414 corruptionem

882 424 1020 458 consistit,
1029 432 1077 460 per
1087 423 1191 452 ﬂuxum
1202 422 1381 451 etreﬂuxum.
1392 424 1517 450 Honores
1527 427 1554 450 et
1564 422 1678 459 gIOriam

882 469 927 498 hic
939 477 1063 505 quaerere
1078 468 1173 496 nolite.
1191 469 1260 496 Nam
1273 467 1328 495 illic
1341 466 1426 502 gloria
1442 472 1531 495 vestra
1541 471 1591 495 est.
1605 467 1679 495 Deli.

883 514 963 542 tescit
976 514 1134 551 margarita,
1152 513 1285 549 tantisper
1298 511 1365 540 dum
1378 512 1405 539 in
1426 511 1550 547 conchyli
1569 510 1649 539 fuerit
1672 521 1679 539 Ζ

884 560 1000 588 simulac
1014 567 1078 587 vero
1093 559 1159 587 illud
1175 558 1342 594 perfractum
1359 557 1456 590 fuerit,
1473 562 1534 585 tum
1549 557 1575 584 in
1594 557 1680 593 gloria

885 606 997 634 relucet.
1012 606 1093 634 Hunc
1105 604 1139 633 ad
1154 604 1271 632 modutn
1285 608 1312 632 et
1325 611 1386 635 nos.
1404 602 1526 639 quandiu
1547 602 1577 630 in
1598 601 1684 638 488

885 650 1054 686 corruptibili
1067 650 1119 678 isto
1134 656 1249 686 corpore
1261 648 1405 681 fuerimus,
1418 652 1550 683 tanquam
1568 647 1683 675 latentes

886 696 973 723 vivere
992 695 1134 730 debemus,
1157 695 1191 722 ab
1211 694 1287 723 omni
1302 693 1397 730 gloriae
1421 692 1568 729 cupiditate
1591 691 1682 720 alieni.

887 739 1004 776 Quando
1025 745 1117 768 autem
1135 739 1300 768 dissolutum
1319 738 1403 767 fuerit
1423 738 1478 766 hoc
1496 737 1682 774 corruptibilo,

887 789 952 811 tunc
973 785 1024 812 erit
1038 783 1124 820 gloria
1144 788 1248 818 nostra,
1269 783 1289 811 si
1304 783 1355 811 hac
1369 782 1443 819 digni
1458 790 1506 818 per
1529 789 1613 818 opera
1629 781 1682 810 visi

888 827 1029 857 fuerimus.

922 876 1010 903 Vens.
1027 877 1054 902 5.
1069 875 1229 909 Mortiﬁcate
1241 881 1302 909 ergo
1315 874 1433 902 membra
1446 876 1534 902 vestra
1546 882 1607 910 quis
1620 877 1684 902 sunt

21 924 95 954 Οὐκ
109 918 180 951 εἶπεν
192 944 200 957 ,
214 921 393 962 Ἀποῤῥίψατε
402 943 410 957 ,
429 920 498 950 ἀλλὰ
508 943 515 956 ,
529 934 541 947 α
553 919 724 959 Νεκρώσατε,
741 934 753 946 ν
764 919 832 951 ὥστε

928 928 969 948 aer
985 922 1095 948 terram.
1111 921 1174 948 Non
1188 919 1263 954 dixit,
1281 919 1400 955 Abjicite
1413 929 1420 948 :
1436 919 1498 952 sed.
1515 921 1682 955 Morttﬁcate,

22 967 106 1007 μηδὲ
121 968 280 1002 ἀναστῆναι.
299 966 376 1001 Μέλη
395 964 421 994 δὲ
436 965 480 995 ἐπὶ
501 967 549 1001 τῆς
570 967 618 1004 γῆς
634 965 704 1005 τάχα
728 964 775 1003 μὲν
788 965 834 995 καὶ

21 1013 65 1042 τὰ
85 1012 228 1050 σωματικὰ
243 1010 311 1050 με’λη
327 1010 407 1050 λέγει·
425 1010 441 1039 ἃ
457 1009 520 1040 ὅταν
542 1009 591 1047 μὲν
613 1009 647 1039 τὰ
669 1010 779 1051 οὐράνια
795 1010 833 1050 μὴ

22 1059 149 1097 ἐνεργῇ,
179 1055 224 1085 ἐπὶ
248 1058 294 1091 τ’ἧς
317 1058 364 1096 γῆς
389 1055 504 1094 λέγεται·
531 1054 594 1084 ὅταν
620 1055 648 1084 δὲ
669 1054 703 1084 τὰ
725 1056 833 1095 οὐράνια

24 1103 194 1143 ἐνεργῶνται
219 1101 253 1131 δι’
276 1102 384 1137 αὐτῶν,
413 1100 501 1130 οὖχέτι
527 1099 571 1129 ἐπὶ
602 1101 648 1136 τῆς
672 1101 721 1140 γῆς
754 1102 832 1132 εἰσιν.

27 1143 103 1178 Οῗον
119 1147 183 1177 ὅταν
203 1145 240 1184 μὴ
260 1147 363 1186 ὁρῶμεν
375 1147 468 1179 κακῶς
482 1144 522 1182 ·⁴⁷,
538 1143 601 1174 ὅταν
617 1144 655 1184 μὴ
677 1144 834 1183 ἀκούωμεν,

28 1193 84 1222 οὐκ
99 1193 143 1222 ἐπὶ
158 1193 207 1232 γῆς
230 1192 322 1229 ἐσμεν.
345 1191 427 1230 Τάχα
449 1191 476 1219 δὲ
492 1189 560 1227 μίλη
584 1190 628 1219 ἐπὶ
643 1191 689 1225 τῆς
704 1192 766 1230 γῆς,
788 1190 834 1221 καὶ

28 1237 68 1267 τὰ
87 1237 131 1266 διὰ
154 1238 206 1266 τῶν
231 1237 318 1275 μελῶν
345 1238 391 1265 τοῦ
421 1235 545 1273 σώματος
568 1235 761 1274 ἐπιτελούμενα
790 1236 835 1266 ἐπὶ

29 1285 85 1318 τῆς
109 1283 157 1320 γῆς
174 1281 379 1321 ἁμαρτήματα,
407 1279 424 1309 ἃ
449 1279 496 1309 καὶ
520 1279 564 1309 ἐπὶ
592 1283 638 1316 τῆς
663 1281 710 1319 γῆς
742 1281 833 1320 μένει,

31 1327 85 1357 καὶ
108 1327 219 1356 ἐνταῦθα
242 1325 385 1366 φθείρεται’
418 1324 475 1356 ἐπεὶ
505 1325 538 1354 τά
570 1336 599 1364 γε
622 1324 690 1363 μέλη
715 1328 759 1355 τοῦ
783 1326 835 1356 σώ-

33 1383 142 1411 ματος,
172 1371 257 1401 εἶκαὶ
275 1371 328 1400 ἀπὸ
352 1372 399 1406 τῆς
427 1371 475 1408 γῆς
504 1370 589 1407 εἰσιν,
618 1370 677 1399 ἀλλ’
705 1370 777 1409 ὅμως
804 1373 834 1402 οὐ

34 1417 114 1455 μένει
137 1416 181 1445 ἐπὶ
203 1417 249 1451 τῆς
274 1418 322 1455 γῆς
345 1415 391 1445 καὶ
413 1414 563 1455 φθείρεται,
585 1414 646 1444 ἀλλ’
672 1416 834 1455 ἀφθαρτίζε-

33 1473 84 1491 ται
108 1460 280 1496 ἀνιστάμενα.
299 1461 360 1493 Πῶς
376 1459 403 1489 δὲ
426 1458 507 1489 εἰπὼν
522 1460 665 1500 ἀνωτέρω,
683 1459 723 1490 ὅτι
743 1474 755 1486 ιι
768 1462 836 1491 Συν-

33 1507 155 1546 ετάφητι
174 1507 212 1546 τῷ
235 1506 362 1545 Χριστῷ,
393 1504 433 1534 ὅτι
464 1504 660 1538 ἀπεξεδὺσασθε
691 1506 722 1535 τὸ
754 1508 833 1545 σῶμα

33 1553 91 1580 τῶν
104 1552 241 1591 ἁμαρτιῶν
257 1552 303 1586 τῆς
325 1549 433 1590 σαρκός
449 1563 460 1577 ν
484 1552 529 1579 ν’ὖν
550 1550 630 1579 πάλιν
646 1549 732 1590 λέγει,
749 1564 761 1577 ι
779 1553 834 1582 Νε-

888 964 924 993 ila
938 970 970 994 ut
993 972 1136 1002 nunquam
1156 968 1310 1001 resurgant.
1335 965 1460 992 Membra
1480 969 1573 993 autem
1600 973 1683 1001 super

888 1015 990 1040 terram
1011 1010 1082 1039 forte
1096 1010 1221 1046 corporis
1244 1017 1352 1046 quoque
1367 1009 1491 1038 membra
1518 1009 1599 1045 dicit;
1621 1018 1684 1048 quae

888 1057 957 1085 dum
971 1056 1090 1084 cmlestia
1105 1055 1222 1084 minime
1236 1059 1394 1091 operantur,
1407 1063 1491 1091 super
1504 1059 1607 1084 terram
1627 1063 1686 1085 esse

888 1101 1018 1130 dicuntur
1032 1111 1039 1129 :
1052 1109 1116 1129 cum
1129 1104 1222 1129 autem
1235 1100 1355 1128 coelestia
1366 1108 1413 1136 per
1427 1100 1484 1136 ipsa
1496 1100 1684 1137 perﬁciuntur,

888 1155 943 1176 non
953 1147 1014 1184 jam
1028 1147 1058 1175 in
1070 1151 1140 1174 terra
1153 1150 1220 1175 sunt
1232 1155 1238 1173 :
1252 1150 1282 1175 ut
1293 1153 1357 1174 cum
1369 1150 1418 1173 aut
1433 1145 1528 1174 vitiose
1541 1154 1596 1174 non
1611 1147 1685 1175 vide-

889 1201 964 1227 mus,
986 1197 1034 1222 aut
1050 1192 1188 1226 audimus,
1210 1192 1238 1219 in
1261 1191 1342 1219 terris
1355 1199 1413 1219 non
1427 1199 1532 1219 sumus.
1560 1193 1686 1221 Fortasse

889 1245 982 1268 autem
1001 1242 1028 1266 et
1041 1238 1166 1266 membra
1183 1237 1211 1264 in
1225 1240 1296 1265 terra
1317 1236 1456 1270 dicuntur,
1477 1244 1538 1272 qua;
1559 1237 1588 1264 in
1610 1241 1685 1266 terra

890 1293 938 1322 per
948 1285 1073 1314 membra
1088 1284 1212 1321 corporis
1223 1283 1437 1312 committuntur
1450 1287 1569 1320 peccata,
1585 1291 1646 1319 quae
1660 1287 1687 1312 et

889 1331 916 1359 in
930 1335 1002 1359 terra
1023 1334 1145 1363 manent,
1171 1333 1200 1358 et
1218 1328 1318 1357 ibidem
1333 1333 1550 1365 corrumpuntur
1572 1337 1579 1356 :
1599 1337 1687 1366 quan-

889 1375 1041 1412 doquidem
1061 1374 1185 1410 corporis
1198 1381 1263 1402 sane
1285 1373 1423 1408 membra,
1443 1373 1554 1401 tametsi
1574 1381 1589 1401 e
1613 1378 1685 1403 terra

889 1421 951 1453 sint,
966 1428 1023 1448 non
1037 1424 1132 1448 tamen
1147 1418 1177 1446 in
1194 1422 1266 1446 terra
1286 1422 1448 1453 permanent
1462 1422 1688 1454 corrumpuntur-

890 1473 954 1501 que,
967 1464 1016 1493 sed
1037 1462 1249 1500 incorruptibilia
1272 1467 1362 1497 erunt,
1389 1471 1451 1491 cum
1477 1465 1684 1494 resurrexerint.

888 1512 926 1539 At
939 1508 1090 1546 quomodo,
1111 1516 1174 1536 cum
1195 1515 1278 1544 supra
1292 1508 1418 1543 dixisset,
1445 1508 1600 1545 Consepultt‘
1621 1512 1685 1539 estis

888 1564 948 1584 cum
956 1555 1070 1588 Christo,
1081 1553 1154 1589 quod
1177 1554 1307 1581 emeritis
1321 1560 1414 1588 corpus
1433 1556 1603 1588 peccatorum
1626 1564 1687 1583 car-

34 1595 178 1635 κρώσατε;
206 1608 221 1623 ι»
248 1593 314 1637 ε[Οτι
343 1597 361 1631 ἡ
393 1595 440 1634 μὲν
475 1594 593 1635 προτέρα
632 1594 758 1635 νέκρωσις
791 1600 837 1627 τοῦ

928 1610 947 1635 s,
962 1608 1035 1628 nunc
1047 1600 1148 1628 iterum
1163 1599 1239 1632 dicit,
1262 1600 1438 1634 Mortiﬁcate?
1459 1600 1598 1636 Quoniam
1616 1601 1690 1637 prior

38 1641 227 1681 βαπτίσματος
255 1635 286 1676 ἦν
314 1640 413 1679 δῶρον,
448 1639 610 1669 ἀποτιννύσα
635 1640 684 1675 τὴν
715 1643 741 1671 ἐν
771 1644 837 1680 ἡμῖν

34 1689 230 1726 προγεγονυῖαν
257 1685 400 1725 ἁμαρτίαν⁸
431 1686 447 1720 ἠ
471 1683 499 1713 δὲ
525 1686 571 1713 ν’ῠν
589 1685 764 1724 ὑποτιθεμίνη
793 1687 837 1716 νέ-

37 1742 157 1771 κρωσις,
188 1732 234 1766 τῆς
259 1729 389 1770 ἡμετέρας
418 1729 612 1769 προαιρέσεως,
638 1730 685 1764 τὰς
710 1731 778 1769 μετὰ
807 1731 838 1761 τὸ

38 1776 184 1816 βάπτισμα
215 1775 346 1816 ἁμαρτίας
372 1775 553 1818 ἀφανίζουσα,
579 1776 680 1813 μᾶλλον
710 1776 738 1805 δὲ
769 1776 837 1815 μηδὲ

37 1822 173 1857 ἀναζῆσαι
197 1821 268 1851 ἐῶσα
281 1819 348 1854 ὅλως
360 1841 369 1856 ,
391 1819 433 1849 διὰ
448 1822 495 1850 τοῦ
516 1822 645 1849 θανατοῦν
660 1820 691 1850 τὸ
713 1820 838 1861 φρόνημα

39 1867 91 1901 τῆς
120 1865 225 1905 σαρκός.
259 1863 369 1904 ιὨσπερ
405 1863 429 1894 εἴ
452 1876 490 1898 τις
516 1865 658 1904 ἀνδριάντα
685 1866 838 1904 ρυπωθέντα

39 1909 246 1950 ἄναχαλκεύσας
272 1910 318 1940 καὶ
344 1909 502 1949 λαμπρύνας
530 1909 627 1946 πάλιν,
653 1915 778 1950 παραινεί
800 1913 838 1952 τῷ

39 1955 133 1995 ἔχοντι
147 1958 238 1985 τοῦτον
259 1955 415 1989 σπουδάζειν
430 1954 603 1985 ἀποτίθεσθαι
618 1955 662 1985 τὸν
675 1955 713 1985 ἰὸν
723 1978 731 1993 ,
750 1957 780 1986 οὗ
794 1956 839 1986 τὸν

39 1999 251 2040 ἀποσμηχθέντα
265 2000 386 2037 πάντως,
412 1999 481 2029 ἀλλὰ
503 2000 547 2030 τὸν
567 2000 746 2040 ἐπιγινόμενον
771 2002 839 2040 μετὰ

37 2056 138 2076 ταυτα.

85 2147 101 2165 σ
117 2135 258 2176 Πορνείαν.
278 2147 294 2163 ι»
312 2133 380 2166 Ἰδοὺ
402 2135 551 2175 ἡρμήνευσε
570 2134 628 2165 τίνα
644 2135 694 2165 εἰσὶ
708 2136 742 2166 τὰ
757 2136 836 2175 μέλη.

892 1646 1004 1684 quidem
1022 1644 1194 1673 mortiﬁcatio
1214 1644 1388 1680 baptismatis
1409 1649 1468 1672 erat
1489 1644 1606 1681 donum,
1629 1654 1690 1683 quae

893 1695 1038 1728 peccatum
1053 1694 1135 1718 antea
1158 1690 1187 1718 in
1208 1690 1287 1718 nobis
1301 1694 1396 1718 natum
1420 1689 1612 1726 interﬁciebat;
1628 1700 1690 1728 qua:

892 1744 957 1765 vero
967 1743 1042 1764 nunc
1056 1735 1217 1772 proponitur
1231 1734 1414 1768 mortiﬁcatio,
1430 1739 1530 1764 nostrae
1545 1741 1586 1764 est
1599 1738 1692 1766 volun-

890 1781 964 1813 tatis.
977 1779 1070 1808 delens
1084 1783 1193 1814 peccata
1203 1786 1264 1814 quae
1275 1783 1336 1814 post
1349 1779 1482 1814 baptisma
1497 1779 1688 1815 admittuntur,

891 1824 947 1852 imo
960 1832 994 1852 ne
1013 1823 1174 1851 reviviscere
1186 1822 1296 1858 quidem
1313 1823 1428 1850 omnino
1448 1823 1551 1858 sinens,
1566 1833 1598 1853 eo
1614 1827 1689 1862 quod

890 1869 1020 1897 affectum
1043 1867 1132 1895 carnis
1153 1866 1301 1894 interimat.
1317 1867 1559 1902 Quemadmodum
1584 1869 1607 1897 si
1630 1871 1691 1906 quis

891 1918 1010 1942 statuam
1038 1919 1141 1941 aeream
1165 1910 1293 1939 sordibus
1316 1911 1433 1939 obsitam
1466 1917 1632 1948 restaurans,
1655 1923 1688 1943 ac

892 1959 1012 1988 lucidam
1029 1957 1157 1990 reddens,
1174 1956 1387 1985 commonefacit
1400 1965 1465 1985 eum
1480 1958 1527 1994 qui
1542 1958 1611 1987 hanc
1624 1968 1689 1996 pos-

893 2004 989 2039 sideat,
1014 2007 1047 2032 ut
1069 2002 1178 2031 studeat
1196 2001 1333 2038 deponere
1351 2002 1505 2039 rubiginem
1527 2013 1533 2032 :
1553 2012 1608 2033 non
1630 2013 1690 2034 eam

892 2057 976 2086 quam
998 2048 1114 2078 omnino
1141 2047 1201 2084 jam
1232 2046 1384 2082 deterserit,
1414 2048 1463 2076 sed
1495 2057 1556 2085 quae
1577 2050 1690 2086 posthac

893 2100 1005 2125 ventura
1019 2094 1065 2122 sit.

928 2140 1150 2169 Fornicationem.
1173 2138 1244 2166 Ecce
1274 2137 1469 2175 interpretatus
1490 2144 1530 2169 est
1552 2148 1614 2178 quae
1636 2141 1692 2171 sint

40 2181 159 2220 Πρώτη(
173 2180 203 2224 ῥὲ
217 2180 314 2216 ταύτης
326 2180 477 2220 μέμνηται,
494 2180 559 2210 διότι
572 2181 617 2210 καὶ
630 2181 748 2220 μάλιστα
761 2185 837 2212 τοῦτο

928 2194 939 2215 1
953 2183 1080 2213 membra
1096 2193 1103 2212 :
1123 2182 1243 2219 primum
1258 2186 1350 2212 autem
1372 2182 1451 2212 istius
1466 2185 1601 2220 meminit,
1616 2187 1691 2223 quod

39 2214 145 2266 κρατεῖ.
157 2214 187 2255 τί
204 2225 295 2259 πάθος.

84 2285 97 2298 ι
117 2270 310 2310 Ἄκαθαρσίαν,
327 2270 419 2305 πάθος.
439 2282 452 2299 ι
470 2272 594 2311 Παρῆκιν
613 2271 702 2304 ἰδικῶς
723 2272 806 2302 εἰπεῖν
822 2272 840 2302 ἃ

42 2316 104 2346 οὐδὲ
129 2317 210 2345 εἰπεῖν
232 2315 322 2346 καλόν·
339 2315 384 2345 καὶ
406 2315 449 2345 διὰ
468 2317 514 2351 τῆς
538 2315 702 2356 ἀκαθαρσίας
723 2317 768 2346 καὶ
794 2320 840 2347 τοῦ

42 2361 146 2396 πάθους
163 2361 250 2391 πάντα
272 2360 380 2401 ἐνέφηνε
402 2360 435 2390 τὰ
449 2361 501 2389 τῶν
522 2361 641 2401 αἰσχρῶν
657 2360 753 2400 μίξεων
770 2362 838 2399 εἴδη.

40 2407 91 2447 Τῷ
121 2405 178 2436 ὄντι
201 2405 253 2446 γὰρ
276 2406 360 2439 πάθος
389 2407 407 2441 ἡ
435 2405 520 2435 λύσσα
556 2408 601 2435 τοῦ
623 2405 766 2446 σώματος,
795 2408 841 2438 χαὶ

43 2450 137 2492 ὥσπερ
150 2451 275 2491 πυρετὸς,
291 2450 308 2486 ἢ
329 2452 453 2491 τραῦμα,
473 2449 490 2486 ἢ
506 2449 574 2487 ἄλλη
595 2450 679 2485 νόσος.

87 2554 98 2567 ι
118 2539 278 2578 Ἐπιθυμίαν
290 2538 387 2577 κακήν.
407 2553 420 2568 ιι
435 2539 504 2571 Ἰδοὺ
519 2542 626 2580 γενικῶς
647 2540 728 2571 πάλιν
746 2541 776 2572 τὸ
787 2546 841 2573 παν

45 2581 115 2616 εἷπε.
138 2586 220 2616 Πᾶσα
235 2585 286 2626 γὰρ
301 2585 428 2624 ἐπιθυμία
449 2585 532 2622 κακή.
547 2583 628 2616 Ἐστι
643 2586 670 2616 δὲ
693 2586 739 2616 καὶ
750 2589 767 2623 ἡ
782 2588 842 2617 ἄπι-

44 2631 129 2670 θυμία
141 2630 229 2667 καλὴ,
242 2625 262 2667 ἦ
274 2625 369 2668 Θεοῦ,
384 2629 431 2660 καὶ
444 2632 497 2660 τῶν
519 2632 565 2660 τοῦ
587 2631 675 2669 Θεοῦ,
697 2625 756 2661 καθὁ
767 2632 800 2669 ἣν
815 2632 842 2654 4⁸

45 2676 92 2706 καὶ
106 2675 210 2712 Δανιὴλ
223 2675 291 2717 ἀνὴρ
305 2676 450 2715 ἐπιθυμιῶν
464 2670 508 2712 ἦν.

83 2775 95 2790 ι
114 2773 186 2799 Dan.
201 2778 245 2800 ιχ.
258 2773 301 2799 32.

858 2236 882 2266 Ι)
898 2232 943 2260 hic
955 2230 1068 2259 morbus
1082 2228 1258 2265 potissimum
1271 2233 1377 2265 regnet.

931 2275 1142 2310 Immunditiam,
1156 2275 1318 2309 passionem.
1341 2275 1409 2309 Quae
1428 2282 1463 2303 ne
1485 2274 1560 2304 dictu
1580 2277 1691 2313 quidem

895 2325 959 2350 sunt
981 2320 1104 2352 honesta,
1127 2318 1176 2346 ista
1197 2319 1314 2346 seorsim
1340 2317 1431 2347 dicere
1453 2321 1643 2357 praetermisit;
1666 2326 1694 2350 et

895 2374 943 2403 per
956 2363 1164 2394 immunditiam
1185 2367 1213 2391 et
1231 2363 1388 2399 passionem
1409 2371 1506 2393 omnes
1528 2366 1691 2402 complexus

896 2416 937 2440 est
959 2409 1082 2446 turpium
1106 2409 1267 2436 mistionum
1289 2408 1401 2444 species.
1417 2410 1486 2438 Vere
1503 2410 1579 2440 enim
1605 2411 1695 2441 rabies

897 2455 1028 2492 corporis,
1052 2453 1142 2491 passio
1163 2457 1213 2488 est,
1232 2457 1260 2481 et
1283 2454 1517 2489 quemadmodum
1535 2455 1626 2492 febris,
1648 2461 1696 2486 aut

897 2502 1008 2535 vulnus,
1024 2503 1071 2528 aut
1085 2499 1138 2527 alia
1153 2498 1297 2535 agritudo.

933 2544 1179 2580 Concupiscentt‘am
1198 2543 1310 2571 malam.
1327 2544 1397 2573 Ecce
1421 2546 1571 2581 generatim
1597 2554 1693 2576 rursus

897 2591 1056 2620 universum
1073 2589 1152 2619 dixit.
1170 2589 1270 2618 Omnis
1283 2589 1357 2618 enim
1375 2591 1592 2627 concupiscentia
1607 2600 1689 2628 prava

897 2641 948 2672 est,
965 2640 1064 2673 praeter
1077 2643 1140 2664 eam
1155 2642 1216 2672 quae
1232 2635 1282 2664 Dei
1297 2640 1347 2668 est,
1364 2635 1574 2673 divinarumque
1587 2645 1690 2666 rerum.

897 2681 1050 2712 secundum
1068 2688 1152 2718 quam
1166 2683 1194 2709 et
1209 2680 1305 2709 Daniel
1319 2681 1360 2708 vir
1373 2680 1575 2710 desideriorum
1590 2687 1650 2711 erat
1669 2684 1691 2711 ⁸.

702 2809 705 2812 “
744 2810 836 2843 Variae
856 2812 1016 2852 lectiones.‘l

84 2857 106 2874 ⁵⁸
120 2857 210 2890 ταύτης
222 2864 248 2885 0.
287 2853 309 2874 ⁵⁷
323 2853 404 2887 καλῶς
415 2863 443 2884 0.
457 2854 490 2884 ⁵⁸.
512 2854 578 2883 καθὰ
592 2864 619 2885 0.
