1890 3077
274 165 341 191 i259

1841 58 1855 141 l

780 165 1036 196 THEOPHYLACTI
1056 168 1234 198 BULGARLE
1252 170 1409 200 ARCHIEP.
1815 177 1842 202 liti

270 234 304 254 ne
325 226 387 254 illos
408 226 568 262 vilipendat,
588 227 634 263 qui
655 227 732 264 digni
753 233 834 257 erant
857 229 1033 258 miseratione

1122 232 1159 269 μὴ
1188 233 1300 268 ἐκείνους
1342 233 1492 274 ἐξευτελίσῃ
1529 234 1590 268 τοὺς
1631 235 1714 270 ἀξίους
1748 237 1841 276 οἰκτιςνιιὲιη

270 271 382 306 partim,
398 275 429 299 ut
442 271 571 300 ostendat
588 273 663 308 quod
680 281 713 301 ex
727 272 828 302 affectu
846 274 944 302 intimo
957 275 1011 302 illis
1024 275 1066 303 in-

269 315 365 343 clinari
385 320 505 352 oportet,
522 321 550 345 et
567 325 622 345 non
640 321 670 345 ut
687 317 787 346 fratres
811 326 876 355 erga
895 318 1004 353 fratres,
1021 328 1065 347 ve-

268 369 330 389 rum
350 365 381 388 ut
399 366 525 397 parentes
541 370 606 398 erga
623 362 732 391 liberos.
750 364 792 392 Ne
809 364 881 392 enim
896 364 964 392 mihi
979 364 1065 399 dicas,

269 405 343 442 quod
357 406 479 442 peccavit
494 416 500 434 :
516 407 553 435 ob
567 415 629 436 eam
643 415 763 444 namque
775 416 887 437 causam
901 409 950 437 abs
966 413 994 438 te
1011 409 1067 438 mi-

267 450 424 479 sericordia:
437 451 541 480 viscera
553 453 642 488 exigo.

302 497 507 530 Benignitatem,
520 498 708 530 humilitatem,
719 499 961 531 mansuetudinem,
976 500 1066 535 longu-

267 542 428 569 nimitatem.
453 542 506 578 Qui
534 542 718 571 miserationis
742 544 845 572 viscera
865 544 1000 579 induerit,
1029 544 1065 572 illi

267 586 420 614 necessario
442 586 500 614 hac
519 586 642 616 aderunt.
658 588 726 622 Quis
744 588 821 616 enim
840 593 916 625 pater
936 590 1066 618 adversus

267 635 381 667 gnatum
400 639 480 658 suum
500 639 558 659 non
573 636 615 660 est
628 632 774 668 benignus,
795 641 852 661 non
866 633 1009 662 moderato
1024 639 1066 662 est

266 675 369 710 animo,
388 683 444 703 non
466 676 637 705 contendam
657 685 721 706 cum
743 686 787 711 eo,
811 678 859 707 sed
873 678 942 706 nihil
958 687 1015 707 non
1039 679 1063 707 ei

266 720 444 756 permittens?
465 721 562 757 Ecquis
583 729 639 750 non
659 726 702 750 est
720 723 900 759 longanimisi’
920 724 1003 752 Disce
1018 723 1063 752 hic

269 765 544 801 optimumordinem.
560 767 722 803 Benignitas
739 768 798 796 sive
815 769 935 796 comitas
949 773 1064 804 generat

266 809 467 838 humilitatem:
484 811 530 847 qui
547 811 620 839 enim
633 812 712 840 bonis
730 813 854 841 moribus
868 817 910 841 est
927 813 1061 849 excultus,

266 855 290 883 is
319 855 403 883 etiam
428 859 469 883 est
492 856 609 884 humilis.
638 857 681 884 Ab
702 856 854 886 humilitate
878 858 1061 886 mansuetudo

1119 277 1176 316 ἅμα
1191 279 1233 316 δὲ,
1258 278 1301 309 ἵνα
1328 280 1418 318 δείξῃ,
1441 280 1482 310 ὅτι
1507 280 1538 310 ἐκ
1567 280 1707 314 διαθέσεως
1732 282 1764 311 δεῖ
1781 284 1844 311 ἐπιτῄ-

1119 326 1230 353 πτισοαι
1246 324 1350 362 αὐτοῖς,
1370 325 1415 354 καὶ
1431 325 1482 365 οὐχ
1506 327 1542 359 ὡς
1555 326 1678 366 ἀδελφοῖς
1700 327 1800 366 ἀδελφοὶ,
1818 330 1843 356 id

1119 369 1154 400 ὡς
1172 368 1250 398 παισὶ
1271 369 1394 410 πατέρες.
1420 369 1469 405 Μὴ
1485 369 1534 409 γάρ
1551 382 1597 407 μοι
1622 370 1714 409 εἴπῃς,
1730 370 1763 399 ὅτι
1777 371 1843 410 ius;

1120 411 1164 442 Ta:
1178 412 1229 453 γὰρ
1245 413 1386 453 σπλάγλνα
1411 414 1454 443 διὰ
1474 414 1552 444 τοῦτό
1567 426 1598 444 σε
1615 416 1728 445 ἀπαιτῶ.

1162 516 1174 528 ι
1188 503 1213 533 Χ
1218 503 1382 542 ρηστότητα,
1406 504 1665 545 ταπεινοφροσύνην,
1682 505 1807 545 πραότητι,
1821 486 1857 543 tu“

1120 549 1276 587 χροθυμίαν.
1290 561 1302 574 ἰ
1312 550 1360 588 Τ
1373 548 1514 589 φορέσαντι
1522 550 1667 589 σπλάγχνα
1676 552 1797 589 οἰκτιρμῶν
1805 551 1845 578 ἐπ·-

1120 592 1201 626 χαίως
1222 593 1267 622 καὶ
1285 595 1370 623 ταῦτα
1393 593 1566 634 παρέπονται.
1591 595 1642 628 Τίς
1663 594 1712 634 γὰρ
1730 596 1800 634 πατὴρ
1814 607 1845 633 rt;

1120 637 1174 666 υἱὸν
1189 638 1219 666 οὖ
1240 638 1433 678 χρηστεύεται,
1456 639 1485 668 οὖ
1506 644 1721 680 ταπεινοφρονεῑ,
1742 640 1772 677 μὴ
1783 640 1846 678 Egilia.

1120 681 1188 712 ἀλλὰ
1203 682 1308 713 πάντων
1322 684 1395 724 αὐτῷ
1415 686 1603 724 παραχωρῶν;
1621 685 1668 718 Τίς
1681 685 1708 714 οὗ
1723 686 1846 724 μακροθδῴ

1121 727 1198 757 Μοίοε
1215 727 1242 757 δὲ
1256 728 1330 763 τάξιν
1352 728 1476 769 ἀρίστην.
1494 729 1529 760 Ἡ
1549 729 1701 769 χρηστότης
1713 734 1777 769 γεννᾷ
1792 740 1846 758 rm-

1119 773 1289 813 νοφροσύνην·
1315 775 1329 802 ὁ
1361 773 1413 814 γὰρ
1442 774 1631 814 χρηστοήθης,
1653 774 1697 804 καὶ
1715 774 1846 812 malitiam

1118 816 1183 846 Ἀπὸ
1208 818 1468 859 ταπεινοφροσύνης,
1494 819 1626 859 πραότης·
1648 821 1662 848 ὃ
1677 819 1724 859 γὰρ
1742 818 1847 858 enipeum.

1116 862 1161 891 καὶ
1181 862 1313 901 Θυμώδης.
1344 863 1408 893 Ἀπὸ
1443 864 1611 904 πραότητος,
1639 866 1655 901 ἡ
1682 861 1848 905 μακροθυμὰιὶ

266 903 308 928 est
325 910 332 928 :
354 900 401 936 qui
422 900 496 928 enim
510 901 646 936 superbus
665 906 721 936 est,
736 902 760 930 is
773 906 800 930 et
821 902 1004 932 concitatioris
1022 912 1046 932 es

1120 907 1191 937 ἐστιν
1234 909 1433 949 μεγαλοψυχία.

266 944 362 972 animi.
375 947 400 973 Α
411 946 618 974 mansuetudine
635 946 838 983 longanimitas,
852 947 880 976 id
890 952 931 976 est
949 956 1061 985 magna-

266 989 386 1018 nimitas.

300 1036 389 1064 Vnus.
407 1039 448 1064 13.
458 1036 655 1072 Supportantes
669 1037 785 1065 invicem
797 1040 823 1065 et
834 1038 963 1066 donantes
974 1039 1061 1066 uobis-

265 1081 397 1116 metipsis,
412 1082 437 1109 si
451 1083 515 1116 quis
527 1082 656 1109 adversus
670 1083 788 1117 aliquem
801 1083 898 1111 habeat
914 1085 1059 1119 querelam.

265 1126 325 1153 Hoc
346 1129 398 1159 est,
418 1130 560 1162 portantes
575 1134 623 1154 vos
643 1131 753 1162 mutuo,
771 1131 798 1156 et
815 1131 846 1156 tu
870 1128 956 1162 illum,
974 1133 1001 1156 et
1015 1129 1061 1157 ille

263 1174 291 1198 te
310 1179 317 1196 :
331 1174 358 1198 et
373 1178 430 1198 non
444 1171 629 1200 amarulenter
647 1172 714 1200 alter
728 1172 837 1201 alterius
855 1173 947 1209 lapsus
964 1174 1060 1210 expl0<

263 1219 362 1250 rantes,
377 1215 424 1244 sed
434 1216 546 1252 exiguos
558 1224 604 1245 eos
615 1221 750 1253 putantes,
760 1217 913 1254 dignosque
929 1218 1060 1246 dissimu-

262 1260 374 1288 latione.
391 1261 518 1297 Expende
536 1261 581 1289 hic
594 1262 738 1297 quomodo
757 1270 790 1291 ea
808 1263 866 1299 ipse
881 1263 1057 1299 imminuerit,

263 1306 410 1339 Querelam
424 1313 535 1334 vocans.

297 1351 372 1379 Sicut
381 1353 409 1379 et
418 1351 546 1379 Christus
556 1352 668 1380 donavit
678 1353 763 1385 vobis,
777 1354 816 1381 sic
826 1356 853 1381 et
865 1361 921 1382 vos.
934 1353 975 1382 Ut
982 1360 1057 1382 sem-

260 1403 310 1430 per
323 1395 397 1429 facit,
413 1403 428 1424 a
443 1396 552 1425 Christo
568 1404 616 1425 eos
632 1397 804 1433 adhortatur,
825 1398 904 1426 illum
916 1398 946 1426 in
967 1406 1057 1426 exem-

261 1441 338 1476 plum
360 1440 511 1476 proferens.
532 1443 569 1469 At
590 1449 671 1477 supra
692 1443 805 1478 quidem
828 1447 939 1472 mutuos
962 1451 1059 1472 eorum

261 1485 355 1520 lapsus
379 1486 494 1522 exiguos
515 1485 600 1514 videri
624 1486 702 1521 fecit,
723 1487 828 1515 nudam
852 1488 991 1523 querelam
1013 1496 1060 1516 eos

261 1529 409 1565 appellans.
429 1530 499 1558 Cum
513 1538 578 1558 vero
591 1530 732 1559 Christum
750 1532 907 1568 exemplum
921 1533 1058 1568 producit,

1151 1058 1164 1070 α
1183 1043 1348 1085 Ἄνεχόμινοι
1373 1046 1495 1083 ἀλλήλων
1513 1046 1558 1076 καὶ
1586 1047 1746 1087 χαριζόμενοι
1765 1046 1844 1079 ἑαυτοῖς,

1109 1088 1155 1118 ἐάν
1170 1101 1207 1123 τις
1231 1090 1295 1127 πρός
1308 1102 1366 1119 τινα
1386 1090 1435 1131 ἕλῃ
1460 1092 1586 1132 μομφήν,
1603 1105 1616 1118 ι
1640 1090 1849 1126 Τουτέστι,Βαστά-

1110 1134 1195 1167 ζοντες
1219 1135 1368 1172 ἀλλήλους,
1397 1135 1443 1165 καὶ
1473 1135 1506 1165 σὺ
1530 1137 1650 1173 ἐκεῖνον,
1675 1136 1715 1165 καὶ
1738 1137 1808 1167 ἐκεῖνος
1828 1135 1849 1162 σέ·

1109 1177 1156 1207 καὶ
1169 1178 1206 1217 μὴ
1220 1181 1321 1218 πικρῶς
1335 1179 1497 1214 ἐξετάζοντες
1517 1180 1552 1210 τὰ
1580 1182 1704 1217 ἀλλήλων
1725 1180 1848 1217 πταίσματι.

1111 1223 1180 1253 ἀλλὰ
1196 1224 1279 1264 μικρὰ
1302 1225 1371 1254 αὐτὰ
1386 1225 1529 1264 ἡγούμενοι
1540 1249 1548 1263 ,
1572 1226 1621 1256 καὶ
1643 1226 1700 1260 ἄξια
1714 1225 1843 1265 παροράσεως-

1109 1267 1183 1308 ¹⁷Ορα
1199 1268 1238 1306 δὲ,
1249 1271 1306 1303 πῶς
1319 1269 1365 1298 καὶ
1378 1270 1455 1305 αὐτὸς
1465 1270 1533 1300 αὐτὰ
1547 1270 1712 1310 ἐξηυτέλισε,
1726 1268 1848 1310 «Mopsii,-

1109 1313 1201 1344 εἰπών.

1149 1371 1161 1385 α
1177 1358 1274 1394 Καθὼς
1288 1360 1334 1390 καὶ
1352 1362 1366 1390 ὁ
1382 1360 1500 1401 Χριστὸς
1519 1361 1668 1401 ἐχαρίσατο
1682 1359 1850 1399 ὑμῖν,οῧτωιαι

1109 1405 1193 1442 ὑμεῖς.
1210 1416 1224 1433 ι
1242 1404 1333 1445 Ὅπερ
1350 1405 1391 1435 ἀεὶ
1411 1409 1497 1442 ποιεῖ,
1524 1406 1639 1436 ἀπὸτοῦ
1663 1407 1766 1446 Χριστοῦ
1776 1403 1847 1444 προτρέ-

1108 1460 1186 1478 πεται
1206 1449 1317 1489 αὐτοὺς,
1345 1452 1443 1480 ἐκεῖνον
1468 1451 1600 1491 παράγων
1626 1452 1770 1490 ὖπόδιιγμα.
1803 1448 1845 1477 Ἀλλ’

1107 1494 1232 1533 ἀνωτέρω
1250 1494 1298 1534 μὲν
1316 1494 1350 1524 τὰ
1372 1494 1496 1531 ἀλλήλων
1524 1496 1683 1535 πταίσματα
1706 1493 1776 1534 μοιρᾶ
1796 1493 1848 1521 Sextii

1112 1538 1236 1576 ἐποίησε,
1263 1540 1372 1580 μομφὴν
1398 1539 1466 1570 αὐτὰ
1491 1539 1610 1575 καλέσας
1635 1540 1718 1582 ψιλήν·
1737 1539 1772 1568 διὰ
1787 1538 1807 1566 δὲ
1824 1539 1847 1565 n3

261 1573 409 1609 persuadet
423 1574 513 1608 nobis,
530 1579 562 1602 ut
579 1575 688 1603 etiamsi
702 1577 816 1612 grandia
830 1577 928 1605 delicta
944 1576 1046 1606 fuerint

1112 1583 1155 1625 τὸν
1180 1573 1305 1623 Χριστὸν.
1319 1573 1504 1625 παραγαγεῖν,
1531 1573 1617 1617 πείθει
1719 1584 1761 1614 κᾶν
1782 1582 1848 1621 μεγάλα

261 1625 293 1646 ac
313 1618 421 1647 etiamsi
432 1627 482 1647 nos
505 1618 693 1648 benefactores
715 1621 802 1649 simus
824 1629 921 1650 eorum
943 1623 989 1659 qui
1011 1631 1062 1652 nos

261 1663 402 1697 laeserunt,
425 1663 477 1691 etsi
495 1671 545 1691 nos
566 1665 670 1700 magni,
693 1665 745 1701 ipsi
764 1673 827 1694 vero
847 1666 950 1695 inﬁma:
975 1668 1057 1697 sortis

261 1707 373 1742 fuerint,
396 1716 447 1736 nos
462 1712 556 1737 tamen
574 1709 666 1738 omnia
685 1710 866 1740 dimittamus.
890 1713 984 1748 Neque
1004 1712 1057 1742 hoc

259 1753 362 1787 solum,
376 1761 472 1782 verum
490 1758 522 1782 ut
535 1754 706 1783 emoriamur
721 1755 802 1784 etiam
817 1765 866 1793 pro
882 1756 927 1792 iis,
949 1761 976 1785 et
996 1762 1057 1794 post

260 1802 378 1826 mortem
390 1798 442 1827 illis
458 1798 624 1828 beneﬁcium
639 1803 765 1829 nostrum
785 1806 930 1836 testemur,
945 1803 1056 1838 perinde

260 1851 293 1871 ac
310 1843 434 1872 Christus
449 1849 511 1880 post
529 1849 647 1873 mortem
664 1845 744 1874 nobis
763 1846 893 1875 beneﬁcia
915 1847 1053 1884 impertiit.

260 1888 393 1917 Particula
407 1889 479 1916 enim
494 1889 548 1923 illa,
564 1891 650 1922 Sicut,
668 1890 728 1918 haec
744 1892 839 1919 omnia
853 1892 948 1928 exigit.

296 1934 387 1962 Vnus.
406 1937 448 1962 14.
471 1935 557 1969 Super
580 1938 673 1963 autem
696 1937 750 1963 hare
776 1938 864 1964 omnia
884 1938 1054 1966 charitatem.

260 1978 332 2014 Quia
346 1978 403 2006 fieri
417 1983 515 2014 potest.
534 1983 564 2007 ut
573 1980 619 2015 qui
632 1979 760 2017 largiatur
771 1981 861 2010 isthuc
878 1990 910 2010 ex
928 1991 994 2018 pura
1013 1983 1056 2012 di-

259 2023 377 2052 lectione
391 2031 446 2051 non
466 2023 558 2058 faciat,
573 2024 623 2052 sed
638 2025 666 2052 in
681 2025 801 2061 speciem
814 2031 842 2054 et
857 2035 890 2055 ex
908 2027 1054 2064 hypocrisi;

259 2068 312 2096 iter
328 2068 409 2096 nobis
428 2069 558 2103 ostendit,
576 2077 630 2105 quo
649 2078 796 2106 possumus
816 2073 940 2108 persequi
963 2080 1056 2101 veram

258 2113 442 2150 largitionem.
465 2115 559 2142 Potest
577 2119 672 2143 autem
691 2115 761 2150 ﬁeri,
777 2120 808 2144 ut
822 2117 959 2152 quispiam
974 2126 1054 2146 man-

257 2162 352 2187 suetus
380 2158 504 2187 videatur
527 2163 555 2188 et
577 2159 704 2195 humilis,
729 2169 781 2188 nec
809 2165 901 2190 tamen
927 2161 1020 2199 diligat
1049 2173 1055 2192 :

258 2205 404 2240 Propterea
424 2204 524 2241 inquit,
544 2206 631 2241 Super
651 2207 743 2233 omnia
763 2206 820 2234 hac
840 2207 945 2235 induite
964 2208 1057 2236 chari-

258 2251 286 2277 ta
289 2251 342 2278 tem
347 2270 353 2278 .

294 2295 369 2328 Quod
382 2295 518 2323 uinculum
535 2297 575 2323 est
586 2297 776 2331 perfectionis.
801 2298 856 2326 Ista
873 2297 896 2325 si
910 2297 991 2333 adsit,
1009 2298 1055 2327 illa
1068 2283 1094 2315 D

256 2339 348 2367 omnia
363 2340 511 2368 connectit.
531 2339 580 2368 Sin
600 2345 692 2369 autem
704 2341 790 2376 absit,
813 2342 1010 2377 dissolvuntur,
1029 2348 1057 2372 et

257 2382 338 2412 fucus
351 2388 378 2411 et
398 2384 475 2420 plane
492 2384 558 2412 nihil
573 2393 632 2413 esse
647 2386 896 2422 deprehenduntur.
916 2388 1055 2424 Quemad-

258 2427 374 2456 modum
388 2429 461 2456 enim
473 2429 503 2456 in
512 2429 595 2458 domo
609 2430 660 2458 nisi
674 2430 774 2459 iuerint
783 2432 983 2469 colligationes,
994 2441 1055 2470 quae

255 2473 363 2500 vincula
384 2473 435 2501 dici
454 2475 554 2508 solent,
570 2474 655 2510 492
670 2480 698 2504 et
712 2477 739 2504 in
753 2485 868 2512 corpore
886 2477 940 2506 nisi
955 2477 1055 2507 fuerint

257 2518 413 2555 ligamenta,
429 2518 501 2546 nulla
517 2523 558 2547 est
573 2519 744 2556 reliquorum
760 2522 946 2551 commoditas
960 2532 966 2550 :
980 2523 1054 2552 hunc

255 2564 291 2592 ad
315 2563 433 2592 modum
454 2563 573 2592 charitas
596 2564 692 2592 omnia
709 2565 834 2594 continet
856 2567 1052 2601 perfectionem

254 2607 390 2644 facientia,
407 2608 530 2645 citraque
550 2608 621 2637 hanc
635 2616 718 2637 nemo
732 2614 774 2638 est
790 2610 936 2647 perfectus,
955 2620 1052 2642 verum

252 2654 361 2683 etiamsi
376 2654 468 2683 omnia
489 2653 591 2684 bahere
605 2654 739 2691 videatur,
755 2655 932 2692 imperfectus
946 2661 996 2686 est.

1115 1623 1165 1658 ὦσι
1179 1629 1213 1658 τὰ
1228 1623 1441 1669 ἁμαρτήματαί
1454 1631 1503 1660 κᾶν
1519 1623 1661 1672 εὐεργέται
1676 1626 1740 1670 ὦμεν
1755 1630 1795 1657 τῶν

1112 1673 1300 1713 βλαπτόντων,
1317 1674 1368 1704 κᾶν
1383 1677 1459 1714 ἡμεῖς
1483 1670 1609 1714 μεγάλοι,
1635 1678 1721 1706 ἐκεῖνοι
1742 1670 1848 1720 δὲγξξιξιὲθὶς

1110 1719 1181 1756 ὅμως
1195 1719 1283 1749 πάντα
1307 1719 1422 1760 ἀφιέναι·
1441 1721 1487 1750 καὶ
1507 1721 1536 1750 οὔ
1554 1721 1634 1759 μόνον
1656 1723 1742 1757 τοῦτο,
1758 1716 1808 1747 ἄλλᾶ
1822 1716 1847 1743 λιιὶ

1110 1764 1369 1803 ὕπεραποθνήσκειν,
1398 1764 1444 1794 καὶ
1465 1765 1534 1804 μετὰ
1559 1766 1671 1796 θάνατον
1692 1760 1848 1804 εὐεργετεῖν,ὗέ

1110 1808 1155 1837 καὶ
1174 1810 1188 1838 ὁ
1208 1809 1320 1849 Χριστὸς
1346 1810 1522 1850 εὐηργέτησεν
1537 1813 1611 1850 ἡμᾶς
1635 1812 1678 1841 καὶ
1698 1809 1757 1849 μετὰ
1769 1807 1848 1837 θάνω*-

1111 1854 1151 1882 To
1169 1853 1237 1894 γὰρ,
1253 1866 1269 1882 α
1284 1854 1398 1895 Καθὼς⁷
1415 1868 1427 1881 ι
1443 1858 1530 1885 ταῦτα
1551 1856 1640 1886 πάντα
1657 1857 1761 1885 ἀπαιτεῖ.

1151 1959 1162 1971 ι
1179 1944 1241 1974 Ἐπὶ
1265 1949 1332 1975 πᾶσι
1358 1945 1385 1974 δὲ
1401 1945 1502 1980 τούτοις
1526 1945 1575 1982 τὴν
1602 1946 1716 1987 ἀγάπην,
1741 1957 1753 1973 ι
1777 1939 1848 1972 Ἐπειδῆ

1110 1987 1147 2018 ἶνι
1163 1989 1187 2007 ⁵³
1202 1989 1247 2019 καὶ
1265 1989 1439 2030 χαριζόμενον
1457 1991 1495 2029 μὴ
1516 1990 1542 2025 ἐξ
1559 1992 1665 2031 ἀγάπης
1686 1993 1785 2030 καθαρᾶς
1802 1988 1848 2015 τνδπ

1110 2038 1194 2063 ποιεῖν
1205 2057 1213 2071 ,
1230 2035 1298 2063 ἀλλὰ
1310 2036 1432 2075 σχήματι
1442 2036 1488 2065 καὶ
1502 2037 1640 2076 ὑποκρίσει
1651 2060 1659 2075 ,
1675 2036 1787 2065 δείκνυσιν
1799 2031 1848 2062 ὁδὸν,

1110 2079 1143 2124 δι’
1167 2074 1197 2114 ἧς
1223 2074 1356 2118 δυνάμεθα
1380 2081 1550 2120 κατορθῶσαι
1622 2074 1720 2117 ἀληθῶς
1730 2077 1847 2124 χαρίζεσθαι;

1110 2121 1190 2154 ’Ἐστι
1210 2123 1237 2153 δὲ
1252 2125 1298 2154 καὶ
1312 2129 1395 2165 πρᾶον
1411 2125 1549 2166 φαίνεσθαι
1564 2126 1610 2156 καὶ
1633 2121 1848 2171 ταιιτεινόφρονιιδξεῗἰ

1111 2167 1148 2207 μὴ
1164 2169 1282 2210 ἀγαπᾷν.
1311 2169 1358 2200 Διό
1378 2165 1466 2210 φησιν·
1498 2182 1513 2200 (ι
1525 2170 1590 2202 Ἐπὶ
1614 2175 1679 2201 πᾶσι
1699 2168 1783 2200 τούτοις
1800 2165 1847 2194 Mt“

1111 2217 1192 2243 σασοε
1208 2213 1256 2250 τὴν
1268 2214 1386 2253 ἀγάπην.
1402 2229 1414 2241 υ

1154 2311 1169 2327 α
1182 2298 1260 2334 "Hm;
1282 2299 1338 2330 ἐστὶ
1357 2300 1502 2340 σύνδεσμος
1517 2303 1563 2338 τῆς
1587 2301 1747 2337 τελειότητος·
1760 2294 1846 2346 ’.Πέντί

1110 2345 1215 2382 ἐκεῖνα,
1242 2344 1332 2385 φησὶν,
1358 2344 1426 2382 αὕτη
1455 2345 1594 2387 συσφίγγει
1620 2348 1740 2386 παροῦσα·

1109 2389 1153 2426 δὲ,
1179 2389 1330 2419 διαλύονται
1356 2393 1402 2420 καὶ
1428 2389 1582 2431 ἐλέγχονται
1606 2391 1731 2430 ὑπόκρισις
1752 2387 1800 2433 δνξα
1820 2391 1845 2433 "ﬁ

1108 2433 1192 2464 οὐδέν.
1209 2434 1316 2475 "nemp
1341 2435 1392 2475 γὰρ
1409 2435 1454 2465 ἐπὶ
1476 2426 1522 2471 '13.;
1545 2437 1644 2473 οἰκίας,
1663 2426 1704 2464 ἐαν
1727 2433 1758 2471 μὴ
1769 2426 1845 2476 add“?

1109 2479 1280 2517 ἱμαντώσειςι
1301 2473 1334 2509 ea!
1348 2473 1478 2516 νσίννήθως
1500 2481 1629 2520 λεγόμενα
1647 2480 1751 2518 δέματα,
1768 2473 1843 2520 χαὶ

1108 2526 1154 2553 τοῦ
1169 2524 1308 2563 σώματος,
1334 2524 1378 2555 ἐὰν
1394 2525 1431 2563 μὴ
1452 2520 1517 2555 ὦσιν
1532 2516 1718 2564 οἷησύνδεσιλοι,
1732 2520 1791 2569 om"

1109 2569 1155 2602 λος
1178 2570 1230 2598 τῶν
1250 2570 1358 2599 λοιπῶν·
1380 2569 1449 2600 οὕτω
1474 2575 1521 2600 καὶ
1541 2573 1558 2607 ἡ
1575 2571 1664 2611 ἀγάπη
1686 2566 1773 2611 συνέχςι
1788 2566 1842 2611 xcvi!

1105 2614 1140 2644 τὰ
1163 2613 1212 2650 τὴν
1235 2614 1390 2651 τελειότητα
1418 2618 1561 2653 ποιοῦντα,
1581 2616 1626 2646 καὶ
1652 2615 1707 2645 ἄνευ
1727 2610 1841 2654 ταύτης

1105 2659 1174 2692 λειος
1198 2659 1298 2698 οὐδεὶς,
1319 2650 1389 2690 ἀλλὰ
1414 2659 1466 2690 κᾶν
1492 2650 1580 2691 πάντα
1600 2662 1662 2701 δοκῇ
1683 2658 1752 2699 ἔχειν.
1778 2650 1844 2681 ἀτελής

1105 2704 1186 2734 ἐστιν.

944 2777 1036 2807 Variae
1059 2778 1209 2811 lectiones.

286 2823 309 2844 ⁸⁵
322 2826 404 2855 ἔνεστι
415 2837 442 2858 ο.
