1890 3077
20 196 61 222 261
430 196 605 226 EXPOSITIO
625 198 657 226 IN
677 198 782 227 EPIST.
801 199 848 226 AD
868 200 1005 231 COLOSS.
1024 217 1058 224 —
1077 202 1151 231 CAP.
1173 202 1216 231 III.

1581 203 1591 229 l
1598 203 1649 229 262

36 271 47 284 α
67 257 123 288 Καὶ
144 260 162 294 ἡ
179 258 272 298 εἰρήνη
292 261 338 288 τοῦ
357 259 428 290 Θεοῦ
445 260 597 301 βραϐευέτω
613 261 640 290 ἐν
660 262 717 295 ταῖς
731 273 798 302 καρ-

893 266 977 293 Vsns.
1002 269 1044 294 15.
1062 267 1097 293 Et
1108 273 1166 301 pax
1186 265 1236 293 Dei
1254 265 1376 300 palmam
1389 265 1464 298 ferat
1484 264 1512 292 in
1526 265 1650 292 cordibus

20 303 62 335 αις
95 304 184 341 ὑμῶν.
221 318 232 329 ι
261 303 442 344 Ὑϐρίσθημεν
478 306 607 340 πολλάκις
640 306 692 336 ὖπό
721 319 799 341 τινος·

20 346 175 385 γωνίζοντοιι
190 348 254 388 παρ’
270 349 334 387 ἡμῖν
350 349 472 388 λογισμοὶ
497 350 557 387 δύο,
573 353 587 380 ὁ
606 350 656 390 μὲν
670 352 707 385 εἰς
728 351 801 390 ἄμυ-

20 404 43 420 ιν
61 394 159 429 κινῶν,
176 394 191 421 ὁ
207 393 234 422 δὲ
249 395 286 427 εἰς
306 395 505 433 μακροθυμίαν.
522 394 587 425 Ἐὰν
602 398 619 432 ἡ
644 395 736 437 εἰρήνη
754 399 801 426 τοῦ

20 441 66 466 πεοῧ
94 439 147 477 στῇ
171 439 200 467 ἐν
226 440 304 477 ἡμῖν,
329 438 420 479 ὥσπερ
454 451 491 473 τις
511 440 660 480 βραϐευτῆς
682 442 800 477 δίκαιος,

20 482 116 511 ιυτέστι
133 482 229 522 κριτὴς
251 483 296 512 καὶ
318 483 493 523 ἀγωνοθέτης,
509 484 555 514 καὶ
580 485 617 524 δῷ
631 485 660 515 τὸ
677 485 801 525 βραϐεῖον

20 529 45 562 ῆς
74 526 149 562 νίκης
170 529 211 567 τῷ
241 529 372 558 κελεύοντι
401 530 597 569 μακροθυμεῖν,
628 531 762 560 παύσεται
788 532 801 559 ὁ

20 571 208 610 νταγωνιστής.
240 572 315 609 Αὕτη
331 570 377 602 οὖν
403 573 556 614 βραϐευέτω
583 575 609 603 ἐν
636 575 714 613 ὑμῖν,
735 575 771 614 μὴ
788 577 802 604 ὁ

20 616 94 654 υμὸς,
119 616 158 654 μὴ
185 619 203 652 ἡ
232 618 390 657 φιλονεικία,
421 618 458 657 μὴ
482 621 500 650 ἡ
528 619 677 660 ἀνθρωπίνη
696 620 799 659 εἰρήνη⁶

20 660 85 697 κείνη
100 661 153 701 γὰρ
169 662 202 691 ἐκ
225 664 272 692 τοῦ
293 663 445 700 ἀμύνασθαι
471 663 590 703 γίνεται,
608 666 638 694 ἐκ
660 667 706 694 τοῦ
731 666 802 694 ἄντι-

20 710 74 746 ρᾷν·
94 706 155 735 ἀλλ’
172 708 190 742 ἡ
215 709 261 736 τοῦ
285 708 373 744 Θεοῦ,
400 710 416 744 ἡ
441 708 552 748 βεϐαία,
568 711 585 745 ἡ
608 709 763 745 ἀδιάλυτος,
784 713 800 745 ἡ

21 751 44 780 ιὰ
69 750 152 789 μηδὲν
177 752 307 790 κοσμικὸν
334 753 432 792 ἀγαθὸν
455 753 597 792 γινομένη,
622 753 714 794 ὥσπερ
738 755 801 784 οὐδὲ

20 798 78 831 ξτοῦ
94 797 167 827 Θεοῦ
189 797 258 836 πρὸς
281 799 351 836 ἡμᾶς
373 797 417 827 διά
443 810 469 828 τι
483 798 605 837 ἐγένετο,
624 801 682 829 ἀλλ’
709 800 801 834 ἁπλῶς

22 841 46 870 ιὰ
59 842 262 881 φιλανθρωπίαν
287 843 333 872 καὶ
353 843 460 882 ἀγάπην
483 843 559 874 ἔλυσε
583 845 630 880 τὴν
647 845 712 884 πρὸς
731 847 802 883 ἡμᾶς

20 888 108 926 χοραν.
125 888 192 920 Πῶς
218 887 246 917 δὲ
271 890 318 923 τῆς
332 888 440 926 ἀγάπης
467 889 604 927 μνησθεὶς,
630 891 712 919 πάλιν
740 891 801 930 περὶ

20 933 50 966 ἧς
67 931 171 970 εἰρήνης
194 932 310 972 ἄρχεται
333 932 379 963 καὶ
404 933 572 973 διαλέγεται;
598 935 731 965 Φαίνεται
749 935 800 975 γὰρ

20 976 112 1016 περιττὴ
130 979 147 1012 ἠ
164 977 342 1017 παραίνεσις,
364 977 388 1020 εἰ
402 990 432 1016 γε
447 981 480 1018 τῇ
509 979 599 1019 ἀγάπῃ
617 981 661 1009 καὶ
675 982 692 1016 ἡ
709 981 800 1020 εἰρήνη

22 1021 201 1062 μπεριέχεται.
247 1022 343 1053 Ἔστιν
358 1018 403 1053 οὖν
422 1024 521 1060 εἰπεῖν,
535 1024 574 1054 ὅτι
587 1018 652 1054 γέπεὶ
673 1018 802 1060 πολλάκις

21 1067 108 1104 γκαλεῖ
130 1067 175 1096 καὶ
190 1068 267 1108 φίλος
279 1068 319 1108 τῷ
335 1067 404 1108 φίλῳ
414 1090 422 1104 ,
438 1068 483 1097 καὶ
505 1069 558 1099 ἀπὸ
573 1070 675 1106 πολλῆς
690 1070 714 1088 ⁵⁵
734 1070 802 1109 ἀγά-

20 1122 71 1146 πης,
85 1111 130 1140 καὶ
146 1111 327 1151 φιλονεικίαι,
351 1113 398 1142 καὶ
423 1112 530 1152 ὕϐρεις,
551 1113 596 1143 καὶ
618 1115 705 1154 μάχαι
727 1115 802 1155 ἐγεί-

20 1167 109 1193 mm,
123 1157 179 1194 Οὐ,
203 1156 303 1197 φησὶν,
327 1158 356 1187 οὖ
371 1159 449 1188 τοῦτο
468 1158 614 1198 βούλομαι,
640 1159 709 1189 ἀλλὰ
733 1160 802 1198 μετὰ

20 1202 53 1235 πῆς
75 1201 181 1240 ἀγάπης
195 1202 243 1231 καὶ
257 1201 306 1238 τὴν
330 1202 436 1243 εἰρήνην
452 1203 528 1243 ἔχετε
547 1206 592 1234 τοῦ
609 1205 700 1241 Θεοῦ,
713 1205 802 1235 πάντα

20 1245 220 1276 ιατατάττουσαν
234 1246 281 1276 καὶ
296 1247 449 1286 κρίνουσαν.

48 1303 59 1317 α
75 1291 117 1324 Εἰς
131 1291 163 1327 ἣν
173 1292 219 1321 καὶ
233 1291 363 1329 ἐκλήθητε
376 1294 403 1322 ἐν
415 1292 454 1322 ἑνὶ
473 1293 590 1332 σώματι.
610 1306 624 1324 ι)
644 1295 801 1333 Τουτέστιν,

20 1335 44 1367 εἰς
65 1335 167 1376 εἰρήνην
191 1337 283 1366 καλῶν
317 1338 331 1366 ὃ
352 1337 484 1378 Χριστὸς,
525 1339 648 1376 ἐποίησεν
674 1342 746 1378 ἡμᾶς
775 1340 802 1370 ἓν

20 1380 102 1425 σῶμα,
118 1381 221 1422 κεφαλὴ
240 1382 317 1416 αὐτὸς
334 1382 480 1422 γενόμενος,
508 1384 559 1414 Διὰ
581 1383 608 1413 τί
632 1384 683 1425 γὰρ
696 1383 721 1404 ⁸6
737 1384 803 1415 ἄλλο

20 1423 86 1462 ἐσμὲν
105 1425 133 1454 ἓν
156 1428 255 1465 σῶμα,
270 1426 287 1462 ἢ
302 1425 346 1456 ἵνα
359 1428 395 1462 ὡς
411 1428 481 1466 μέλη
504 1428 575 1461 ὄντες
592 1423 717 1465 ἀλλήλων
739 1429 802 1460 ταύ-

20 1479 66 1516 την.
81 1472 199 1511 τηρῶμεν
209 1493 217 1508 ,
233 1471 280 1501 καὶ
295 1471 333 1510 μὴ
356 1473 537 1512 διιστώμεθα;
551 1474 610 1511 Ἢ,
623 1474 664 1504 ὅτι
688 1474 754 1506 Ἐπὶ
769 1477 802 1516 τῇ

20 1513 96 1554 εἰρήνῃ
124 1516 269 1553 ἐκλήθητε,
292 1516 430 1553 τουτέστι,
459 1519 560 1558 μυρίων
590 1521 697 1558 ἀγαθῶν
727 1513 804 1556 ἠξιώζ

20 1559 74 1593 θητε
99 1559 140 1589 διὰ
162 1562 209 1597 τῆς
236 1560 352 1601 ιίρήνης.

20 1602 75 1641 πρὸς
94 1604 160 1634 Θεὸν
174 1628 182 1641 ,
198 1607 247 1636 οὐκ
268 1605 300 1635 ἂν
315 1606 466 1645 ἐκλήθημεν
484 1602 540 1637 ὓπί
551 1602 683 1644 αὖτοῦνιίς
700 1610 730 1639 τὸ
742 1602 803 1640 δοῦ-

20 1646 55 1676 λοι
68 1649 143 1679 αὐτοῦ
156 1645 241 1688 εἶναι,
256 1651 302 1680 καὶ
314 1652 366 1680 τῶν
379 1652 486 1691 ἀγαθῶν
502 1653 582 1683 αὐτοῦ
598 1654 732 1694 μετέχειν.
743 1662 747 1667 ”

30 1774 41 1785 τ
58 1749 68 1762 π
81 1737 132 1768 Καὶ
144 1739 298 1781 εὐχάριστοι
312 1740 425 1780 γίνεσθε.
438 1755 450 1769 ιι
466 1743 548 1773 Τοῦτ’
563 1743 635 1773 ἔστιν
646 1744 802 1785 εὐχάριστον

22 1782 144 1830 εἰναι-,Διὸ
157 1785 255 1830 ομοίως
271 1787 418 1830 κεχρῆσθαι
442 1791 496 1822 τοῖς
521 1782 693 1827 ὁμοδούλοις,
712 1782 803 1830 ὥσπερ

23 1826 84 1873 αθτῷ
95 1828 188 1862 ὂΘεός.
204 1829 243 1860 εΟ
255 1829 307 1870 γὰρ
316 1831 355 1870 τῷ
365 1832 428 1870 Θεῷ
444 1831 524 1872 χάριν
540 1833 691 1873 ὁμολογῶν,
707 1836 743 1868 ὡς
758 1826 804 1866 ἕπε’

24 1870 91 1914 αὐτοῦ
111 1873 226 1913 ἀφεθεὶς,
253 1875 301 1905 οὐκ
328 1870 468 1914 ἀμυνεῖται
486 1870 538 1906 γτὸν
556 1870 742 1914 νάδικήσαντω
769 1881 804 1913 ὡς

24 1911 70 1952 ὅγε
82 1911 237 1957 ἀμυνόμενος
257 1922 287 1950 οὗ
302 1911 435 1958 μέμνηται
455 1916 491 1951 ὧν
506 1922 584 1955 αὐτὸς
607 1911 645 1952 εὖ.
663 1924 745 1955 ἔπαθε
767 1911 803 1944 57;

25 1960 75 2009 fit:
87 1961 177 2009 indvat;
194 1965 238 1994 τὸν
256 1964 387 2005 ἀφεθέντα
404 1965 452 2004 μὲν
469 1966 570 2007 μυρίων
594 1969 746 2009 ταλάντων,
764 1969 802 2007 μὴ

26 2003 110 2052 ξφέντα
124 2007 157 2052 ,δὲ
170 2009 203 2039 τὰ
227 2009 322 2039 ἑκατὸν
336 2010 461 2051 δηνάρια.
480 2003 692 2052 Εθχαριστῶμεν
714 2003 804 2044 τοίνυν

26 2045 39 2074 ὅ
49 2059 70 2077 τι
83 2050 106 2078 δ’
119 2051 148 2097 ᾂν
173 2054 325 2094 πάσχωμεν
336 2078 345 2093 ,
368 2055 413 2085 καὶ
442 2058 506 2097 παρ’
519 2045 596 2087 ηὸτου
621 2058 736 2095 δήποτε,
757 2059 804 2090 καὶ

27 2095 155 2135 μαρτυρίου
171 2098 299 2139 στέφανον
313 2099 466 2141 ληψόμεθα.

855 311 958 338 vestris.
975 312 1052 347 Saepe
1067 318 1131 338 cum
1149 309 1245 345 injuria
1259 317 1355 337 sumus
1370 316 1386 336 a
1400 309 1530 345 quopiam
1545 308 1649 343 affecti,

855 355 972 390 gemina:
999 355 1072 391 apud
1099 363 1150 382 nos
1176 354 1355 390 cogitationes
1378 358 1492 387 certant,
1512 354 1598 382 altera
1616 353 1649 382 ad

855 399 1008 428 vindictam
1024 408 1076 428 nos
1089 399 1242 433 concitans,
1258 399 1342 426 altera
1355 397 1389 426 ad
1403 398 1648 434 longanimitatem.

855 445 883 473 Si
899 453 949 481 pax
965 445 1014 473 Dei
1028 445 1056 473 in
1071 445 1153 473 nobis
1166 443 1281 478 steterit,
1301 447 1332 471 ut
1343 443 1436 479 justus
1448 443 1546 479 aliquis
1559 448 1651 472 certa-

856 489 937 518 minis
954 490 1066 523 arbiter,
1089 489 1143 518 hoc
1161 493 1203 517 est
1220 488 1305 524 judex
1328 492 1356 515 et
1376 487 1546 522 moderator,
1569 488 1650 516 dedc-

856 534 945 570 ritque
961 534 1082 562 victoriae
1097 533 1218 569 palmam
1233 533 1257 560 ei
1273 532 1320 569 qui
1332 532 1444 568 jusserit
1458 536 1489 560 ut
1504 532 1539 560 sis
1555 532 1650 568 longa-

855 579 949 611 nimis,
963 579 1080 607 cessabit
1094 578 1266 606 adversarius
1279 582 1353 605 tuus.
1372 578 1427 605 Ista
1442 577 1527 613 igitur
1536 577 1564 604 in
1574 577 1653 605 vobis

857 623 974 659 palmam
990 623 1068 658 ferat,
1090 631 1147 651 non
1162 623 1211 656 ira,
1225 630 1281 650 non
1296 622 1448 657 contentio,
1462 630 1517 649 non
1533 621 1652 650 humana

856 675 909 703 pax
925 669 966 704 (ea
982 669 1056 696 enim
1072 676 1105 696 ex
1121 668 1226 696 ultione
1244 667 1369 695 nascitur
1383 670 1410 695 ct
1428 667 1653 703 oppugnatione),

855 713 904 741 sed
922 713 982 746 Dei,
998 721 1060 750 qua:
1079 713 1184 740 stabilis
1201 716 1228 740 et
1242 711 1450 745 indissolubilis,
1466 719 1527 748 quae
1540 711 1576 739 ob
1594 711 1653 739 nul-

856 757 914 785 lum
934 757 1040 786 bonum
1058 757 1229 786 mundanum
1249 757 1290 792 ﬁt,
1316 764 1396 793 aeque
1416 760 1498 792 atque
1519 757 1567 784 Dei
1589 764 1651 793 erga

855 810 906 830 nos
927 810 990 839 pax,
1012 803 1111 830 nullius
1128 810 1209 830 causa
1230 801 1301 830 facta
1317 805 1368 836 est,
1384 809 1478 829 verum
1493 801 1652 837 simpliciter

857 847 892 875 ob
919 847 1094 876 clementiam
1120 851 1149 875 et
1171 847 1348 874 dilectionem
1374 846 1456 874 solvit
1478 846 1650 874 inimicitiam

857 900 939 928 quam
962 900 1027 929 erga
1043 900 1094 920 nos
1114 891 1239 920 habebat.
1260 891 1312 926 Qui
1331 899 1408 922 vero,
1430 899 1494 918 cum
1511 890 1651 918 charitatis

856 937 1036 970 meminisset,
1052 945 1147 965 rursus
1159 936 1193 965 de
1208 944 1273 972 pace
1287 936 1429 972 disputare
1444 935 1555 971 incipit?
1569 935 1651 964 Vide-

856 987 901 1010 tur
923 982 997 1010 enim
1018 989 1218 1018 supervacanea
1245 981 1304 1009 haec
1325 988 1385 1008 esse
1401 980 1566 1015 admonitio,
1588 989 1651 1009 cum

856 1027 908 1055 sub
927 1026 1059 1055 charitate
1078 1034 1130 1063 pax
1147 1027 1229 1054 etiam
1250 1026 1434 1054 contineatur.
1453 1027 1547 1054 Potest
1568 1025 1652 1062 igitur

857 1072 920 1104 dici.
940 1071 1015 1108 quod
1036 1080 1099 1099 cum
1118 1079 1174 1099 non
1196 1078 1258 1099 raro
1272 1071 1378 1099 amicus
1393 1070 1514 1099 amicum
1531 1075 1649 1106 accuset,

857 1121 939 1153 atque
953 1125 984 1144 cx
996 1116 1147 1145 abundanti
1162 1116 1308 1144 dilectione
1317 1115 1517 1149 contentiones,
1534 1115 1650 1152 injuriae,

857 1166 885 1189 ct
901 1169 1000 1197 pugnae
1014 1162 1152 1195 oriantur;
1167 1162 1230 1189 Non
1246 1160 1309 1194 hoc,
1325 1161 1425 1196 inquit,
1446 1160 1518 1194 volo,
1533 1160 1582 1189 sed
1599 1169 1652 1188 una

857 1214 921 1234 cum
940 1206 1085 1234 dilectione
1100 1214 1195 1242 pacem
1218 1206 1269 1234 Dei
1284 1205 1391 1240 habete,
1412 1205 1507 1234 omnia
1521 1213 1585 1234 cum
1604 1213 1652 1234 or-

857 1251 1011 1285 dinantem,
1035 1255 1095 1279 tum
1116 1251 1296 1287 judicantem.

892 1297 926 1323 In
946 1305 1029 1331 quam
1047 1297 1136 1324 uocati
1153 1297 1215 1324 estis
1235 1297 1331 1323 inuno
1349 1303 1466 1331 corpore.
1485 1296 1546 1324 Hoc
1565 1300 1606 1324 est
1619 1296 1653 1325 ad

858 1349 951 1377 pacem
964 1349 1066 1369 vocans
1081 1340 1217 1375 Christus,
1232 1340 1297 1369 fecit
1310 1348 1362 1368 nos
1377 1348 1465 1369 unum
1479 1348 1590 1376 corpus,
1606 1349 1652 1369 ca-

858 1390 908 1422 put
922 1386 980 1422 ipse
996 1385 1091 1414 lactus.
1107 1386 1216 1414 Etenim
1233 1393 1315 1421 quam
1331 1385 1413 1413 aliam
1427 1385 1462 1413 ob
1478 1393 1589 1414 causam
1606 1393 1654 1414 su-

858 1439 919 1458 mus
940 1439 1027 1460 unum
1046 1439 1155 1467 corpus,
1177 1438 1260 1467 quam
1283 1434 1314 1458 ut
1334 1430 1418 1458 veluti
1437 1429 1562 1458 membra
1586 1430 1654 1459 alter

858 1475 977 1510 alterius,
1005 1484 1098 1511 pacem
1125 1475 1194 1504 hanc
1217 1483 1366 1508 servemus,
1389 1479 1416 1503 et
1441 1483 1497 1503 non
1520 1475 1653 1503 dissidea-

857 1523 938 1548 mus?
954 1521 1014 1553 Vel,
1033 1520 1098 1556 quia
1113 1520 1155 1548 Ad
1170 1528 1266 1557 pacem
1282 1520 1371 1548 vocati
1386 1520 1461 1554 estis,
1474 1519 1527 1548 hoc
1541 1524 1593 1554 est,
1609 1520 1650 1547 in-

403 1563 436 1592 Εἰ
465 1562 503 1601 μὴ
530 1563 582 1604 γὰρ
613 1564 801 1603 εἰρηνεῦσαμεν

892 1565 980 1593 tmeris
1000 1565 1081 1593 bonis
1102 1565 1167 1593 estis
1187 1565 1279 1593 donati
1303 1572 1351 1600 per
1369 1572 1476 1600 pacem.
1498 1564 1557 1592 Nisi
1578 1564 1654 1593 enim

858 1617 953 1646 pacem
975 1609 1164 1638 habuissemus
1181 1609 1253 1646 apud
1274 1611 1375 1644 Deum,
1395 1617 1453 1637 non
1474 1617 1597 1637 essemus
1610 1617 1656 1637 vo-

858 1655 910 1682 cati
930 1655 964 1683 ab
984 1663 1016 1684 eo
1033 1659 1064 1683 ut
1077 1655 1146 1683 servi
1161 1654 1220 1691 ejus
1235 1661 1370 1687 essemus,
1389 1653 1584 1690 bonorumque
1599 1654 1657 1691 ejus

859 1699 1012 1736 participes.

893 1746 929 1773 Et
946 1746 1023 1779 grati
1034 1747 1123 1773 estote.
1138 1745 1216 1773 Istud
1228 1748 1269 1773 est
1282 1748 1391 1780 gratum
1411 1752 1482 1779 esse,
1499 1743 1582 1772 talem
1597 1751 1656 1772 sese

858 1797 954 1826 gerere
969 1798 1033 1826 erga
1048 1797 1207 1825 conservos,
1225 1790 1332 1825 qualem
1348 1797 1377 1816 se
1397 1797 1461 1825 erga
1476 1789 1566 1825 ipsum
1580 1789 1657 1817 exhi-

858 1834 916 1862 buit
938 1836 1022 1862 Deus.
1049 1835 1101 1869 Qui
1120 1834 1193 1862 enim
1219 1836 1278 1861 Deo
1302 1833 1402 1869 gratias
1424 1833 1489 1869 agit,
1511 1833 1585 1869 quod
1604 1833 1654 1861 sibi

857 1886 959 1907 noxam
979 1879 1127 1912 remiserit,
1142 1879 1165 1906 is
1180 1886 1235 1906 non
1249 1878 1327 1906 facile
1341 1877 1488 1905 ulciscetur
1501 1885 1560 1906 sese
1573 1877 1607 1905 de
1620 1886 1654 1906 eo

856 1932 872 1952 a
887 1931 941 1959 quo
955 1923 1008 1952 sibi
1027 1923 1125 1960 injuria
1139 1922 1211 1951 facta
1227 1927 1269 1950 est
1286 1932 1294 1949 :
1315 1922 1385 1950 sicut
1403 1922 1427 1950 is
1441 1922 1488 1958 qui
1505 1922 1654 1950 vindictam

857 1969 952 2003 sumit,
968 1976 1024 1996 non
1040 1967 1167 1996 meminit
1187 1967 1295 2003 quantis
1310 1967 1367 2002 ipse
1383 1967 1420 1994 sit
1436 1967 1576 1995 beneficiis
1589 1966 1655 1995 affe-

858 2017 928 2048 ctus,
947 2013 1026 2050 juxta
1047 2013 1138 2046 illum,
1161 2013 1204 2041 cui
1228 2020 1291 2040 cum
1315 2012 1429 2040 dimissa
1450 2015 1540 2040 essent
1561 2012 1656 2040 decem

859 2058 945 2086 millia
968 2058 1146 2092 talentorum,
1171 2061 1283 2085 centum
1304 2056 1431 2085 denarios
1453 2057 1590 2085 dimittere
1611 2061 1655 2085 ta-

859 2110 923 2131 men
944 2103 1061 2131 noluerit
1080 2105 1102 2130 “.
1122 2102 1232 2131 Gratias
1249 2101 1331 2138 igitur
1345 2109 1458 2138 agamus
1474 2101 1656 2138 quodcunque

860 2148 996 2184 patiamur
1020 2152 1049 2177 et
1072 2155 1088 2176 ιι
1120 2155 1293 2184 quocunque,
1320 2150 1348 2175 et
1374 2146 1497 2184 martyrii
1523 2154 1655 2175 coronam

859 2193 1037 2229 accipiemus.

64 2235 75 2250 α
91 2225 120 2279 ᾯ
147 2229 220 2269 λόγος
246 2233 293 2260 τοῖ’)
323 2232 444 2271 Χριστοῦ
471 2232 497 2252 ⁵⁸
524 2233 657 2264 ἐνοικείτω
684 2234 711 2264 ἐν
742 2236 801 2273 ὓμῖν

895 2225 986 2267 Vitas.
1018 2241 1058 2266 16.
1086 2238 1204 2266 Verbum
1234 2238 1335 2266 Christi
1362 2237 1495 2265 inhabitet
1522 2237 1552 2264 in
1582 2237 1655 2264 vobis

29 2268 153 2321 ξλξυσίως-
167 2268 433 2321 ιιέῨᾼείκνυσινίἡμῖν
458 2277 516 2306 ὁδὸν
538 2278 571 2307 δι’
596 2274 627 2314 ἧς
651 2268 804 2321 εὐχάριστοι

29 2317 137 2363 ἐσόμεθα.
178 2318 244 2350 Ἐὰν
263 2320 314 2361 γὰρ
330 2322 417 2359 ἐνοικῇ
431 2323 457 2351 ἐν
472 2324 538 2361 ἡμῖν
553 2325 567 2353 ὁ
583 2323 659 2363 λόγος
672 2317 726 2353 έὸῖί
739 2326 801 2363 Χρι-

30 2360 93 2412 στοῦ,
107 2363 260 2412 τουτίστινι
267 2368 283 2402 ἡ
301 2367 459 2396 διδασκαλία
471 2389 479 2404 ,
497 2367 530 2397 τὰ
546 2368 666 2408 δόγματα
676 2391 684 2406 ,
695 2370 722 2398 αἱ
735 2381 805 2409 παρ-

32 2405 144 2457 Ϊῑνέσςις,
178 2409 210 2438 δι’
240 2405 276 2440 ὧν
306 2411 425 2441 διδάσκει
452 2413 524 2450 ἡμᾶς
551 2405 725 2454 κάταφρονεῖν
758 2405 805 2451 τίῆς

32 2453 150 2496 πξροιξσης
174 2454 253 2492 ζωῆς,
281 2455 326 2485 καὶ
349 2457 401 2485 τῶν
428 2458 541 2487 ἐνταῦθα
572 2453 694 2496 ἀγαθῶν,
721 2459 804 2488 οὐδενὶ

33 2493 75 2544 τῶν
97 2493 222 2544 δυσχερῶν
247 2499 367 2539 εἴξομεν,
389 2501 458 2531 ἀλλὰ
481 2501 570 2532 πάντα
596 2493 732 2543 καρτερῶς
755 2504 805 2544 φέ-

34 2542 355 2586 Ῐξδντεξπνξῦχαριστήσομεν
371 2545 413 2576 ἐπὶ
437 2547 490 2581 τοῖς
514 2542 717 2586 συμϐαίνουσιν.
746 2542 806 2579 Οὐκ

34 2581 81 2632 έίτξδ
93 2581 117 2611 δὲ
132 2581 231 2632 ξπλδς,
253 2581 346 2621 Ἔστω
358 2591 385 2620 ἐν
394 2592 456 2630 ὑμῖν
466 2614 474 2629 ,
492 2581 564 2628 ἆλλί,
583 2607 595 2620 ιι
607 2592 761 2623 Ἐνοικείτω
772 2617 780 2631 ,
793 2609 805 2620 ι

35 2630 85 2662 καί»
112 2638 126 2657 α
139 2630 281 2669 Πλουσίως.
301 2649 314 2662 ι
343 2634 408 2666 ’an
423 2636 475 2677 γὰρ
494 2638 613 2668 πλούσιοι
637 2633 710 2677 ὦμεν
726 2639 754 2669 ἐν

67 2724 76 2739 ⁵
87 2723 176 2758 Matth.
192 2739 282 2769 xvm,
296 2737 340 2764 24.

860 2284 975 2312 abunde.
998 2283 1078 2311 Viam
1098 2283 1180 2310 nobis
1199 2285 1402 2318 praemonstrat,
1417 2289 1463 2317 per
1482 2289 1564 2318 quam
1583 2281 1655 2317 grati

858 2328 971 2357 erimus.
996 2328 1022 2356 Si
1047 2327 1119 2356 enim
1143 2327 1172 2354 in
1194 2326 1275 2355 nobis
1299 2326 1383 2363 493
1412 2325 1519 2354 habitet
1541 2326 1656 2354 verbum

858 2373 968 2406 Christi,
989 2373 1041 2401 hoc
1059 2376 1112 2407 est,
1132 2371 1265 2407 doctrina,
1286 2371 1428 2408 dogmata,
1447 2375 1476 2399 et
1492 2371 1658 2400 admonitio-

858 2426 918 2453 nes,
935 2417 1035 2454 quibus
1049 2425 1100 2446 nos
1114 2417 1194 2445 docet
1212 2425 1277 2445 cum
1299 2420 1466 2452 praesentem
1486 2415 1582 2452 vitam,
1596 2420 1657 2445 tum

861 2463 932 2492 bona
955 2463 1013 2499 ejus
1033 2462 1180 2498 aspernari,
1203 2461 1270 2489 nulli
1293 2460 1428 2490 molestiae
1452 2460 1592 2495 cedemus,
1618 2469 1659 2489 vc-

859 2516 923 2536 rum
942 2507 1035 2536 omnia
1055 2510 1213 2535 constanter
1227 2505 1358 2540 ferentes,
1374 2506 1475 2543 gratias
1494 2514 1608 2542 agemus
1623 2506 1659 2534 ob

860 2561 893 2581 ea
908 2560 970 2588 qua:
983 2551 1064 2580 nobis
1077 2551 1235 2580 obvenient.
1251 2553 1315 2579 Non
1328 2550 1397 2579 dixit
1417 2554 1509 2579 autem
1528 2551 1659 2586 simplici-

860 2602 913 2632 ter,
939 2597 982 2625 Sit
996 2597 1024 2624 in
1049 2597 1137 2630 vobis,
1162 2595 1220 2631 sed,
1248 2597 1392 2627 Inhabitet,
1418 2601 1456 2630 et,
1480 2595 1605 2623 Abunde.
1631 2594 1658 2622 Si

861 2643 937 2672 enim
957 2642 1077 2679 opulenti
1099 2641 1232 2670 fuerimus
1244 2641 1272 2670 in
1285 2641 1443 2678 cognitione
1455 2640 1658 2675 Scripturarum

705 2773 802 2805 Vat-iw
825 2774 980 2808 lectiones.

68 2850 86 2868 δ’
96 2863 196 2892 περιττης
212 2871 237 2892 ο.
252 2865 274 2882 ⁵⁸
285 2865 310 2892 τί
321 2865 370 2903 γὰρ
384 2866 426 2893 καὶ
438 2866 478 2894 διὰ
491 2867 514 2894 τί
529 2876 569 2897 m.
585 2867 609 2886 ⁵⁷
625 2870 765 2905 μεμνῆσθαι
777 2869 857 2898 ἔοικεν
872 2868 908 2897 ὧν
929 2868 1018 2896 ἔπαθεν
1031 2867 1102 2898 αὐτός
1117 2875 1143 2895 ο.
1159 2866 1184 2886 ⁵⁸
1198 2866 1261 2893 Θεοΰ
1276 2874 1304 2896 ο.
