1890 3077
5 193 76 220 265

5 256 130 292 μελεῖν.
154 256 247 294 Πολλὴ
264 256 292 286 δὲ
310 259 327 293 ἡ
344 257 468 298 ἔμφέρεια
488 258 538 287 κᾶν
554 257 654 292 τούτοις
673 258 759 300 ταύτῃ
773 260 807 299 τῇ

6 301 161 342 Ξπιστολῇ
182 302 226 331 καὶ
304 301 368 342 πρὸς
392 301 541 342 Ἐφεσίους.
567 303 603 333 Τί
624 303 653 333 δέ
678 304 734 333 ἐστι
760 304 806 340 τὸ,

19 345 86 376 Ἐν
101 346 190 386 Κυρίῳ
200 358 207 383 ;
218 360 229 373 ι
241 346 309 376 Ἀντὶ
321 349 378 384 τοῦ,
393 347 443 376 Διὰ
455 347 498 377 τὸν
508 347 605 388 Κύριον
617 348 806 379 ὑποτάσσεσθε.

5 391 40 419 νῦ
73 390 128 430 γὰρ
151 392 230 429 μόνον
257 390 306 427 τὴν
333 391 386 420 ἀπὸ
411 392 513 432 φύσεως
536 392 670 432 ὑποταγὴν
701 395 807 424 ἀπαιτῶ

5 437 106 464 τοῦτο
127 435 178 476 γὰρ
198 436 273 472 δηλοῖ
296 435 340 465 διὰ
367 438 429 472 τοῦ,
462 447 476 465 (ι
496 436 544 471 Ὡς
570 438 666 475 ἀνῆκε,
691 449 706 467 ι)
735 449 810 468 τουτ-

5 491 99 519 ςτιν,
112 479 203 521 ὥσπερ
225 480 281 510 ἐστὶ
301 480 446 520 καθῆκον),
463 483 531 512 ἀλλὰ
546 482 591 511 καὶ
610 482 657 519 τὴν
673 483 716 512 διὰ
731 483 800 513 Θεὸν

10 526 142 556 άλιστα.

42 630 58 642 σι
88 617 124 646 Οἱ
146 615 252 655 ἄνδρες,
285 616 409 655 ἀγαπᾶτε
444 615 491 650 τὰς
517 621 657 656 γυναῖκας,
694 619 739 648 καὶ
768 619 805 657 μὴ

5 660 178 700 γικραίνεοθε
202 661 227 679 ⁶²
242 661 307 700 πρὸς
325 661 414 694 αὐτάς.
439 674 451 687 ιι
476 661 558 701 νορα,
577 664 632 696 πῶς
648 663 679 692 τὸ
701 664 806 693 κατάλ-

5 707 90 741 ηλον
115 706 218 746 ἑκάστῳ
233 705 302 745 γένει
319 709 456 745 παραινιῖο
472 706 573 745 γυναιξὶ
591 708 640 746 μὲν
662 708 709 744 τὴν
734 711 806 739 ὑπο-

5 750 109 789 αγήν·
132 751 242 790 ἀνδράσι
258 750 299 788 δὲ,
322 750 369 785 τὴν
396 750 512 790 ἀγάπην.
535 753 597 791 Οὐχ
618 752 687 782 οὕτω
710 752 762 793 γὰρ
788 757 804 790 ἡ

5 795 119 835 παρὰ]
131 798 176 824 τοῦ
188 795 336 835 ἀρχομένου
350 794 440 834 ἀγάπη
453 795 517 835 πρὸς
530 795 574 825 τὸν
586 796 704 836 ἄρχοντα
723 798 805 834 ζητεῖ-

5 852 44 868 αι
58 863 68 877 ,
83 841 118 872 ὡς
130 842 146 875 ἡ
163 842 207 869 τοῦ
220 840 346 880 ἄρχοντος
363 839 427 879 πρὸς
446 839 489 869 τὸν
506 840 665 880 ἀρχόμενον.
680 841 744 872 Ἀπὸ
757 842 805 882 μὲν

5 880 45 913 δν
77 887 125 914 τοῦ
147 885 301 924 ἀγαπᾶσθαι
325 887 342 920 ἡ
369 884 434 923 γυνὴ
462 884 561 923 γίνεται
592 886 637 915 καὶ
662 886 728 922 αὐτὴ
757 880 805 927 ξρι-

8 929 88 965 ικήο
119 929 173 959 ἀπὸ
206 929 233 959 δὲ
259 931 306 958 τοῦ
332 928 517 966 δουλεύεσθαι,
542 932 555 960 ὁ
583 930 649 969 ἀνὴρ
676 933 802 967 ἐπιεικής.

5 973 124 1010 Επειδὴ
144 974 171 1003 δὲ
196 975 253 1004 ἔστι
273 973 319 1003 καὶ
343 975 490 1013 ἀγαπῶντα
516 975 700 1014 πικραίνεσθαι
730 976 805 1014 (μά-

7 1031 87 1062 εστ-α
109 1018 160 1058 γὰρ
183 1020 211 1048 αἱ
234 1018 299 1058 πρὸς
323 1018 357 1048 τὰ
380 1018 527 1059 φιλούμενα
553 1020 684 1060 πρόσωπα
717 1021 804 1062 μάχαι

6 1059 87 1093 ῧται
103 1063 228 1103 πικραὶ),
245 1063 287 1092 διὰ
302 1063 379 1093 τοῦτό
397 1075 476 1103 φησι”
493 1078 504 1090 α
523 1059 775 1106 Μήνπικραίνεσθεῖ
792 1080 804 1092 ι

5 1110 51 1149 Γῷ
82 1108 137 1138 ὄντι
157 1108 208 1148 γὰρ
229 1107 282 1138 ἀπὸ
298 1109 397 1144 πολλῆς
418 1109 524 1148 πικρίας
547 1111 624 1139 τοῦτο
643 1110 760 1150 γίνεται,
774 1111 804 1142 τὸ

8 1153 203 1187 ιαστασιάζειν
218 1153 277 1182 τινὰ
290 1152 354 1193 πρὸς
368 1153 398 1182 τὸ
413 1154 491 1191 μέλος
502 1154 592 1184 αὐτοῦ.

41 1212 56 1225 ε
77 1198 123 1228 Τὰ
137 1197 217 1227 τέκνα
229 1220 237 1234 ,
254 1198 400 1228 ὗπακούετε
417 1202 470 1231 τοῖς
490 1201 594 1237 γονεῦσι
612 1198 680 1228 κατὰ
703 1199 802 1232 πάντα.

5 1244 94 1272 Γοῧτο
116 1242 167 1282 γάρ
187 1244 257 1272 ἐστιν
281 1242 420 1282 εὐάρεστον
446 1243 472 1271 ἐν
499 1243 600 1283 Κυρίῳ.
618 1257 630 1269 ιι
647 1244 734 1274 Πάλιν
761 1245 801 1283 τὸ,

20 1288 81 1318 Ἐν
102 1287 204 1328 Κυρίῳ.
220 1300 231 1314 ιι
246 1288 287 1317 Οὖ
300 1287 350 1327 γὰρ
371 1287 423 1317 ἀπὸ
436 1289 482 1323 τῆς
497 1288 598 1328 φύσεως
611 1289 693 1327 μόνης
709 1290 803 1328 βούλε-

9 1345 45 1362 αι
63 1334 138 1370 ἡμᾶς
153 1334 238 1362 ταῦτα
252 1337 337 1362 ποιεῖν
347 1354 355 1368 ,
380 1331 450 1361 ἀλλὰ
465 1332 510 1361 καὶ
528 1332 569 1361 ὅτι
589 1335 626 1373 τῷ
639 1335 702 1374 Θεῷ
717 1335 803 1372 δοκεῖ,

5 1391 43 1407 να
63 1377 111 1406 καὶ
133 1378 224 1415 μισθὸν
246 1377 364 1417 ἔχωμεν,
387 1378 422 1409 ὡς
446 1376 489 1406 διὰ
504 1377 548 1406 τὸν
571 1378 640 1407 θεὸν
655 1382 800 1413 ποιοῦντες.

5 1421 135 1453 εὐσεϐῶν
161 1421 188 1451 δὲ
213 1421 335 1462 πατέρων
359 1421 437 1450 παισὶ
463 1421 660 1461 διαλεγόμενος,
677 1419 734 1454 εἷπε
758 1425 802 1461 τὸ,

5 1479 15 1496 ι
35 1467 123 1497 Κατὰ
143 1467 245 1503 πάντα,
260 1477 275 1495 ι)
299 1465 356 1496 ἐπεὶ
368 1470 422 1500 τοῖς
442 1478 472 1506 γε
488 1466 597 1496 ἀσεϐέσι
618 1468 752 1508 πατράσιν
774 1471 803 1499 οὗ

5 1512 76 1541 ιιι-τὰ
101 1509 185 1540 πάντα
211 1511 250 1540 δεῖ
278 1510 430 1540 ὑπακούειν.
458 1511 499 1541 Οὐ
519 1511 572 1552 γὰρ
592 1511 624 1549 δὴ
641 1512 686 1542 καὶ
702 1512 744 1543 ὅτι
767 1515 802 1548 εἰς

5 1555 131 1586 ἱσέϐειαν
144 1555 326 1592 ἐκϐιάζονται,
345 1554 477 1586 πειστέον.

47 1611 65 1630 α
91 1601 127 1632 οἱ
150 1600 276 1640 πατέρες,
300 1600 337 1638 μὴ
363 1600 534 1641 παροργίζετε
551 1601 584 1631 τὰ
606 1601 686 1631 τέκνα
712 1604 800 1641 ὑμῶν,

5 1646 45 1675 ἵνα
65 1645 104 1685 μὴ
126 1646 257 1684 ἀθυμῶσι.
275 1655 290 1674 ι)
309 1646 334 1675 Τ
335 1644 454 1681 ουτέστι,
471 1645 519 1682 Μὴ
534 1646 622 1676 πάντα
646 1646 695 1676 ὅσα
716 1648 802 1688 πράτ-

5 1691 94 1727 τουσι¹,
117 1692 218 1731 πικρῶς
243 1689 391 1724 ἐξετάζετε·
413 1689 471 1719 ἀλλ’
494 1689 565 1720 ἔστιν
581 1690 598 1720 ἃ
615 1691 661 1720 καὶ
681 1697 802 1733 παρορᾷν

5 1736 107 1771 ιέλετε,
130 1735 172 1764 ἵνα
196 1734 233 1774 μὴ
257 1733 480 1775 φιλονεικοτέρους
502 1735 594 1769 αὐτοὺς
621 1739 733 1773 ποιῆτε,
756 1739 802 1766 καὶ

5 1782 37 1814 εἷς
66 1780 180 1818 ἀθυμίαν
202 1779 347 1818 ἐμϐάλητε.
369 1779 445 1818 Ὅρα
472 1779 500 1808 δὲ
530 1779 642 1820 σοφίαν,
669 1783 725 1815 πῶς
750 1783 799 1811 ἐπ-

5 1826 103 1855 ἶκλασε
126 1824 185 1858 τοὺς
205 1829 304 1863 γονεῖς,
331 1824 376 1853 καὶ
400 1823 520 1865 ἔκαμψεν
543 1825 629 1854 αὐτῶν
647 1825 680 1854 τὰ
695 1827 801 1865 σπλάγ-

5 1882 56 1909 (να
87 1869 129 1899 διὰ
156 1872 203 1899 τοῦ
229 1870 330 1906 εἰπεῖν,
365 1880 378 1897 (ι
400 1867 462 1898 Ἵνα
488 1868 525 1908 μὴ
557 1871 688 1908 ἀθυμῶσι.
704 1882 719 1899 η
738 1873 803 1906 Τοῖς

5 1914 56 1954 γὰρ
90 1914 208 1954 πατράσι
242 1918 317 1944 πᾶσα
352 1913 470 1950 σπουδὴ,
508 1913 546 1953 μὴ
588 1915 698 1954 ἀθυμεῖν
743 1915 802 1950 τοὺς

5 1970 116 1992 παιοας.

48 2059 65 2077 α
85 2048 121 2079 Οἱ
143 2048 245 2084 δοῦλοι,
271 2048 416 2078 υπακούετε
444 2049 513 2079 κατὰ
542 2049 630 2079 πάντα
653 2052 706 2084 τοῖς
729 2050 797 2080 κατὰ

5 2093 92 2134 τᾶρκα
115 2093 224 2133 κυρίοις.
255 2104 269 2122 ιο
302 2093 406 2127 Εὐθέως
432 2094 565 2133 δικαίωμα
588 2097 634 2124 τοῦ
658 2096 801 2125 ὑπακούειν

5 2138 69 2167 αὐτὸ
85 2137 117 2167 τὸ
131 2137 213 2177 ὄνομα
232 2137 263 2168 τὸ
283 2140 329 2168 τοῦ
351 2139 458 2169 δουλουο
477 2141 536 2169 ἀλλ’
557 2138 602 2169 ἵνα
624 2139 662 2178 μὴ
680 2140 802 2180 ἀλγήσῃ,

5 2183 138 2222 ἐπήγαγε.
159 2193 173 2212 (ι
184 2184 248 2216 Τοῖς
261 2183 330 2213 κατὰ
348 2183 434 2224 σάρκα
451 2184 559 2224 κυρίοις.
578 2197 593 2213 ι)
607 2184 647 2215 Τὸ
657 2184 708 2225 γὰρ
718 2190 803 2225 κρεῖτ-

5 2227 46 2256 τόν
60 2239 126 2266 σου,
142 2229 159 2263 ἡ
174 2226 265 2268 ψυχὴ,
284 2227 362 2270 φησιν
373 2251 382 2265 ,
397 2228 586 2268 ἠλευθέρωται.
603 2229 770 2270 Πρόσκαιρος
784 2232 800 2265 ἡ

5 2272 126 2301 δουλεία·
161 2274 262 2311 μᾶλλον
290 2268 335 2302 οὖν
362 2273 498 2315 Διξδπόταξον
536 2274 584 2310 τὴν
611 2268 734 2315 ψυχὴν,
758 2274 802 2304 ἵνα

5 2317 160 2350 ἐθελουσίως
175 2316 344 2358 [-λούσιοςῑ³]
391 2319 407 2354 ἡ
421 2318 538 2348 δουλεία.

49 2372 66 2391 σ
92 2361 139 2398 Μὴ
162 2363 188 2391 ἐν
214 2362 460 2403 ὀφθαλμοδουλεία,
477 2364 513 2397 ὥς
531 2363 757 2405 ἀνθρωπάρεσκοι.
786 2379 798 2392 ι

6 2406 142 2443 Ποίησον,
160 2406 225 2446 φησὶ
235 2430 242 2444 ,
263 2406 311 2443 τὴν
329 2407 383 2437 ἀπὸ
398 2411 444 2438 τοῦ
457 2407 538 2446 νόμου
553 2408 672 2439 δουλείαν
690 2410 742 2438 ἀπὸ
756 2412 801 2440 τοῦ

5 2451 87 2492 φόϐου
102 2451 220 2490 γίνεσθαι
233 2454 279 2481 τοῦ
303 2453 431 2493 Χριστοῦ.
455 2452 543 2483 Ὅταν
561 2453 612 2494 γὰρ
632 2453 669 2492 μὴ
692 2455 803 2494 ὁρῶντος

5 2499 51 2525 τοῦ
71 2495 199 2527 δεσπότου
223 2496 342 2538 πράττῃς
366 2497 400 2527 τὰ
421 2497 523 2535 δέοντα,
544 2499 622 2535 δῆλον
639 2494 676 2533 ὧς
694 2498 737 2528 διὰ
757 2499 801 2528 τὸν

6 2543 51 2571 τοῦ
68 2541 140 2572 Θεοῦ
163 2541 298 2582 ὀφθαλμὸν
321 2546 421 2576 ποιεῖς·
443 2542 489 2572 ἐὰν
517 2543 544 2573 δὲ
568 2542 631 2572 ὅταν
655 2545 705 2583 ὁρᾷ
722 2545 736 2572 ὁ
757 2544 802 2573 δε-

7 2586 107 2622 σπότης
129 2586 223 2624 μόνον,
244 2586 304 2616 τότε
326 2587 546 2628 ἀνθρωπάρεσκος
572 2582 609 2617 εἶ·
635 2582 751 2622 τοιοῦτος
774 2587 801 2618 δὲ

8 2629 57 2667 ὢν,
87 2633 183 2661 σαυτὸν
210 2631 333 2673 βλάψεις.
362 2645 374 2659 ε
404 2632 504 2674 Κύριος
530 2632 582 2673 γὰρ
618 2633 800 2674 διεσκόρπισεν

10 2677 76 2705 ὀστᾶ
93 2676 332 2717 ἆνθρωπαρέσχων.
356 2689 369 2704 ι

44 2784 57 2802 ¹¹
70 2786 141 2815 Psal.
157 2794 210 2821 LII,
225 2791 252 2816 6.
702 2828 726 2858 v
762 2828 768 2835 ε

729 2839 768 2858 art

729 2835 797 2858 artat

44 2871 64 2889 ⁶²
78 2881 209 2909 παραπικρ.
224 2880 250 2901 ο.

435 193 610 223 EXPOSlTlO
629 195 663 224 lN
684 196 790 225 EPIST.
811 196 857 224 AD
877 195 1014 224 COLOSS.
1034 211 1068 217 —
1087 196 1161 224 CAP.
1182 197 1226 224 111.

1587 199 1655 226 1266

821 260 845 292 Λ
862 259 1085 295 praetermittere.
1108 260 1206 295 Magna
1235 263 1328 287 autem
1347 259 1374 287 in
1398 259 1475 288 hisce
1504 260 1656 290 similitudo

862 308 905 332 est
921 304 1046 340 Epistolas
1061 303 1095 332 ad
1105 303 1240 340 Ephesios
1253 312 1318 332 cum
1335 304 1395 333 hac.
1409 305 1482 340 Quid
1495 310 1587 334 autem
1603 310 1656 340 est,

862 351 894 376 In
918 350 1048 377 Domino?
1071 350 1123 376 Pro
1143 356 1177 376 eo
1198 348 1272 384 quod
1290 353 1342 383 est,
1364 351 1480 386 Propter
1502 350 1656 379 Dominum

861 393 981 422 obedite.
998 394 1059 421 Non
1075 393 1148 421 enim
1163 393 1349 421 obedientiam
1363 398 1459 422 natura
1478 395 1655 424 solummodo

861 438 983 467 debitam
1012 446 1027 466 a
1055 437 1133 466 vobis
1163 438 1241 474 exigo
1272 437 1344 473 (hoc
1369 439 1446 466 enim
1475 439 1579 468 indicat
1605 448 1655 476 per

863 483 915 511 hoc
942 483 1016 520 quod
1039 483 1087 517 ait.
1111 483 1184 512 Sicut
1217 486 1328 518 oportet,
1354 483 1405 511 hoc
1433 488 1485 517 est,
1518 485 1558 512 uti
1586 492 1655 513 con—

861 528 956 562 venit),
971 527 1019 557 sed
1035 528 1208 564 potissimum
1223 528 1308 556 etiam
1325 535 1386 556 eam
1407 535 1469 564 quae
1490 532 1532 557 est
1545 533 1657 565 propter

861 573 1024 601 Dominum.

897 619 985 646 Vnus.
1011 621 1052 646 t9.
1073 619 1144 649 Viri,
1166 618 1271 652 diligite
1288 626 1398 650 umores,
1420 621 1445 646 et
1462 619 1545 646 nol-ite
1569 621 1658 646 amari

860 670 917 690 esse
943 663 980 690 ad
1008 663 1081 690 illas.
1111 662 1306 691 Animadverte
1328 663 1470 699 quomodo
1496 664 1554 700 ejus
1579 664 1656 700 quod

861 707 970 743 utrique
995 706 1072 735 sexui
1097 707 1246 743 competit,
1273 706 1502 736 commonefaciat
1524 717 1530 735 :
1553 716 1658 736 uxores

860 751 984 788 quidem,
1012 755 1042 779 ut
1067 751 1213 787 ohediant;
1242 752 1357 781 maritos
1382 761 1458 786 vero,
1485 757 1516 781 ut
1534 752 1655 789 diligant.

860 797 921 824 Non
938 796 1012 824 enim
1033 796 1103 824 adeo
1129 805 1144 825 ιι
1160 797 1269 826 subdito
1287 805 1350 834 erga
1374 798 1526 834 principem
1544 798 1656 826 dilectio

859 841 1002 877 quaeritur,
1018 845 1050 870 ut
1065 850 1080 869 a
1096 841 1219 877 principe
1233 850 1297 878 erga
1312 834 1462 870 subditum'.
1478 844 1519 871 Ex
1534 850 1566 870 eo
1580 843 1654 870 enim

861 885 936 922 quod
956 894 1026 914 uxor
1048 885 1187 922 diligatur,
1210 886 1296 923 diligit
1319 891 1347 915 et
1370 887 1428 923 ipsa
1448 887 1568 915 vicissim
1593 896 1599 914 :
1621 895 1654 915 ac

860 931 927 958 dum
949 930 1005 966 ipsa
1024 931 1126 958 marito
1146 931 1269 965 inservit,
1289 931 1412 960 redditur
1437 932 1461 959 ei
1484 935 1653 959 mansuetus.

859 975 928 1010 Quia
950 982 1015 1003 vero
1029 975 1087 1002 ﬁeri
1103 979 1204 1011 potest,
1219 979 1249 1003 ut
1263 976 1407 1012 quisquam
1421 975 1523 1011 diligat,
1545 976 1654 1004 interim

859 1023 953 1047 tamen
979 1024 1157 1056 exasperetur
1177 1022 1263 1054 (nam
1287 1020 1441 1048 amicorum
1464 1020 1654 1048 altercationes

858 1068 922 1093 sunt
936 1064 1131 1098 acerbissimae)
1149 1069 1293 1100 propterea
1313 1065 1410 1100 inquit,
1426 1066 1465 1093 Ne
1482 1066 1542 1092 sitis
1557 1066 1654 1092 amari.

859 1111 964 1137 Revera
989 1110 1061 1137 enim
1084 1117 1117 1137 ex
1138 1109 1225 1137 multa
1244 1109 1296 1136 hoc
1318 1109 1349 1137 ﬁt
1370 1109 1560 1144 amarulentia,
1578 1109 1653 1146 quod

857 1154 1005 1190 quisquam
1020 1153 1149 1182 dissideat
1167 1153 1298 1182 adversus
1312 1154 1469 1182 membrum
1483 1162 1573 1182 suum.

893 1200 982 1227 Vens.
997 1202 1040 1226 20.
1055 1199 1129 1230 Filii,
1140 1199 1242 1226 obedite
1252 1199 1412 1234 parentibus
1423 1207 1474 1234 per
1488 1201 1593 1233 omnia;
1607 1201 1655 1227 hoc

858 1245 929 1271 enim
946 1245 1077 1279 placitum
1097 1247 1136 1272 est
1155 1245 1185 1271 in
1205 1245 1326 1272 Domino.
1347 1246 1464 1277 Rursus,
1481 1246 1513 1272 In
1529 1246 1651 1272 Domino.

858 1290 921 1317 Non
935 1289 1008 1316 enim
1021 1297 1037 1316 a
1050 1289 1108 1317 sola
1119 1293 1217 1317 natura
1237 1297 1288 1317 nos
1303 1289 1355 1316 ista
1369 1289 1428 1316 vult
1442 1288 1541 1322 facere,
1557 1297 1654 1318 verum

858 1334 920 1369 quia
938 1338 967 1362 et
982 1335 1039 1362 Deo
1053 1333 1144 1362 visum
1156 1338 1207 1369 est,
1221 1338 1252 1362 ut
1266 1333 1422 1362 mercedem
1437 1333 1590 1362 habeamus
1601 1342 1653 1362 ceu

858 1378 908 1407 Dei
930 1386 1011 1406 causa
1037 1378 1177 1407 facientes.
1200 1378 1314 1406 Piorum
1334 1382 1428 1406 autem
1447 1382 1593 1415 parentum
1618 1379 1653 1407 li-

857 1422 930 1452 beris
951 1423 1033 1451 verba
1050 1423 1163 1457 faciens,
1186 1423 1262 1458 dixit,
1284 1426 1336 1451 Per
1350 1425 1454 1451 omnia.
1473 1424 1544 1452 Nam
1559 1424 1654 1460 impiis

857 1468 1018 1504 parentibus
1037 1475 1094 1497 non
1121 1473 1163 1496 est
1189 1475 1238 1504 per
1263 1469 1359 1496 omnia
1388 1468 1652 1504 obtemperandum.

857 1514 920 1541 Non
942 1513 1017 1541 enim
1035 1512 1148 1550 quando
1166 1513 1202 1542 ad
1226 1513 1395 1549 impietatem
1416 1518 1529 1549 cogunt,
1553 1513 1591 1542 eis
1611 1518 1654 1542 est

853 1557 1049 1586 obediendum.

820 1601 842 1633 C
892 1603 984 1630 Vnns.
1002 1604 1048 1630 21.
1067 1604 1169 1637 Patres,
1183 1603 1266 1630 nolite
1285 1603 1321 1630 ad
1348 1603 1569 1637 indignationem
1593 1611 1654 1638 pro-

855 1655 947 1675 vocare
961 1647 1030 1682 ﬁlios
1043 1649 1154 1679 vestros,
1173 1655 1207 1674 ne
1215 1648 1315 1682 pusillo
1327 1649 1418 1675 animo
1431 1649 1510 1682 ﬁant.
1525 1648 1587 1675 Hoc
1600 1652 1653 1680 est,

855 1694 896 1720 Ne
910 1692 1002 1720 omnia
1018 1699 1188 1728 quaecunque
1199 1696 1294 1729 agunt,
1314 1693 1500 1720 amarulenter
1513 1696 1541 1720 et
1559 1697 1654 1720 exacte

855 1736 994 1773 inquirite,
1018 1737 1066 1765 sed
1086 1737 1212 1773 quaedam
1229 1745 1244 1765 a
1263 1737 1341 1765 vobis
1359 1741 1425 1765 sunt
1445 1736 1652 1772 dissimulanda,

855 1789 891 1809 ne
904 1781 1130 1810 contentiosiores
1147 1790 1195 1810 eos
1214 1781 1329 1817 faciatis,
1345 1785 1430 1818 atque
1450 1782 1480 1809 in
1500 1789 1651 1810 maerorem

853 1826 1148 1862 conjiciatis.0bserva
1171 1831 1264 1855 autem
1288 1827 1348 1862 ejus
1372 1826 1551 1862 sapientiam,
1582 1834 1651 1863 quo-

856 1871 941 1899 modo
972 1870 1112 1908 infregerit
1135 1875 1271 1907 parentes,
1298 1878 1451 1906 eorumque
1473 1871 1578 1898 viscera
1605 1871 1649 1898 in-

855 1915 961 1943 ﬂexerit
976 1923 1024 1951 per
1037 1916 1089 1944 hoc
1107 1915 1181 1952 quod
1195 1915 1275 1950 dixit,
1297 1917 1335 1944 Ne
1352 1916 1451 1951 pusillo
1467 1916 1536 1950 ﬁant
1547 1916 1648 1943 animo.

854 1960 988 1988 Universa
1006 1960 1080 1989 enim
1095 1964 1240 1997 parentum
1258 1967 1324 1989 cura
1339 1959 1366 1988 in
1380 1959 1433 1989 hoc
1454 1959 1599 1995 incumbit,
1615 1967 1650 1988 no

856 2005 934 2034 liberi
947 2005 1056 2042 dejecto
1069 2006 1124 2034 sint
1137 2006 1241 2034 animo.

891 2051 984 2079 Vans.
1003 2053 1046 2079 22.
1063 2052 1148 2085 Servi,
1169 2051 1271 2079 obcdite
1283 2059 1334 2087 per
1348 2051 1440 2079 omnia
1458 2050 1574 2078 dominis
1591 2058 1649 2078 car-

854 2096 974 2124 nalibus.
994 2096 1095 2124 Statim
1108 2096 1152 2132 jus
1173 2095 1336 2124 obedientiae
1354 2095 1446 2132 ipsum
1460 2095 1531 2124 servi
1548 2103 1650 2124 nomen

856 2141 950 2169 attulit
972 2151 978 2169 :
1005 2140 1064 2175 sed,
1087 2148 1124 2169 ne
1143 2141 1204 2169 illos
1227 2144 1352 2177 angeret,
1382 2140 1497 2175 addidit,
1524 2142 1651 2169 Dominis

856 2187 1021 2214 carnalibus.
1046 2186 1141 2214 Potior
1165 2186 1240 2214 enim
1263 2186 1304 2214 tui
1327 2193 1399 2222 pars,
1423 2186 1526 2219 anima,
1550 2185 1650 2222 inquit,

856 2234 897 2259 est
911 2230 1010 2264 libera';
1028 2231 1143 2259 servitus
1156 2234 1196 2258 est
1210 2230 1375 2266 temporaria
1398 2239 1405 2258 :
1421 2230 1543 2258 animam
1565 2229 1649 2266 495

856 2275 937 2312 igitur
969 2275 1061 2312 potius
1091 2275 1227 2304 submitte
1255 2279 1341 2309 tuam,
1371 2279 1402 2303 ut
1436 2274 1588 2304 voluntaria
1615 2275 1651 2304 sit

854 2320 982 2349 servitus.

890 2367 950 2395 Non
969 2366 1006 2393 ad
1027 2365 1132 2394 oculum
1154 2366 1308 2397 servientes,
1325 2367 1406 2400 quasi
1423 2365 1578 2394 hominibus
1591 2366 1653 2402 pla-

856 2413 951 2439 centes.
966 2410 1064 2446 Efﬁce,
1080 2410 1185 2447 inquit,
1202 2414 1233 2438 ut
1244 2410 1363 2439 servitus
1375 2418 1409 2439 ex
1423 2410 1482 2447 lege
1495 2410 1600 2445 debita,
1617 2418 1652 2439 ex

856 2459 932 2484 metu
955 2455 1056 2484 Christi
1082 2455 1138 2484 ﬁat.
1159 2456 1230 2484 Cum
1254 2455 1329 2484 enim
1351 2455 1419 2484 hero
1443 2464 1500 2484 non
1522 2460 1652 2485 cernente

856 2500 967 2529 functus
986 2500 1073 2529 fueris
1085 2500 1173 2529 ﬁdelis
1193 2500 1266 2529 servi
1289 2499 1391 2535 ofﬁcio,
1408 2501 1585 2537 perspicuum
1610 2506 1653 2529 est

855 2545 929 2582 quod
943 2545 979 2574 ob
994 2546 1044 2574 Dei
1064 2546 1176 2575 oculum
1190 2545 1280 2574 isthuc
1301 2553 1381 2582 agas;
1403 2545 1426 2574 si
1440 2550 1533 2575 autem
1547 2546 1651 2575 solum-

856 2590 940 2620 modo
954 2599 1018 2619 cum
1033 2590 1116 2619 herus
1129 2591 1319 2627 conspexerit,
1339 2595 1405 2619 tunc
1418 2590 1574 2619 hominibus
1592 2591 1651 2626 pla—

856 2643 910 2664 ces.
940 2635 1015 2664 Talis
1041 2639 1137 2664 autem
1160 2636 1183 2664 si
1213 2635 1305 2670 fueris,
1334 2636 1449 2672 teipsum
1477 2635 1578 2664 damno
1605 2634 1649 2662 af-

857 2680 932 2708 ﬁcies
957 2690 965 2709 :
995 2682 1127 2710 Dominus
1159 2682 1230 2710 enim
1262 2680 1389 2716 dispersit
1411 2687 1472 2708 ossa
1501 2679 1652 2708 hominibus

852 2726 1019 2761 placentium
1032 2723 1057 2754 ¹¹.

820 921 843 952 Β

821 2828 971 2858 lectiones.
