1890 3077
232 177 298 204 i267

265 237 319 267 Sed
339 239 367 266 in
398 238 570 273 simplicitate
590 237 677 264 cordis
702 241 847 266 metuentes
874 240 1024 266 Dominum.
1041 243 1065 272 Α

230 286 289 312 Hoc
308 283 382 312 enim
406 287 449 311 est
469 286 590 310 metuere
610 282 774 317 Dominum,
789 283 899 319 quando
914 283 1022 311 nemine

230 329 338 357 vidente
362 328 429 356 nihil
449 328 557 363 agimus
572 327 638 355 mali
661 337 667 355 :
685 327 744 356 [nec
766 331 858 356 autem
873 328 966 356 cordis
986 333 1027 356 est

231 373 402 410 simplicitas,
420 381 476 401 non
492 372 527 400 ad
548 372 675 400 homines
696 372 840 408 respicere.
863 373 918 408 Qui
932 373 1023 401 homi-

230 419 310 447 nibus
323 419 404 455 igitur
417 418 515 454 placet,
529 425 585 445 non
600 421 641 445 est
656 417 781 452 simplex.

263 466 352 492 Vens.
366 466 412 492 23.
428 465 462 491 Et
475 462 651 498 quodcunque
667 463 770 496 facitis,
788 470 822 490 e2:
834 464 924 490 animo
934 471 1024 498 opera-

230 511 309 540 mini,
326 512 456 543 tanquam
472 508 594 539 Domino,
613 510 636 534 et
657 515 709 534 non
725 507 888 536 hominibus.
904 509 966 536 Non
981 516 1025 536 so-

232 556 288 582 lum
301 561 316 581 a
328 553 514 585 simulatione,
527 559 622 580 verum
638 552 720 579 etiam
736 559 750 579 a
765 556 877 588 torpore
892 560 940 581 eos
957 552 1023 581 Iibe-

228 599 280 627 rari
310 598 385 634 cupit
407 607 413 625 :
440 597 496 625 imo
523 597 596 633 ipsos
617 604 666 632 pro
703 597 788 625 servis
823 597 924 625 liberos
950 597 1021 632 facit,

228 643 327 680 quippe
346 642 391 678 qui
407 650 462 670 non
476 650 545 677 opus
564 641 682 669 habeant
698 641 875 670 dominorum
897 642 1021 678 imperio.

229 688 309 724 Quod
330 688 403 715 enim
425 688 474 721 ait,
494 688 538 714 Ec
552 688 653 718 animo,
669 686 720 714 hoc
740 690 792 720 est,
813 694 878 714 cum
901 687 1022 715 benevo-

228 733 320 766 lentia,
342 740 398 760 non
419 740 482 760 cum
505 732 596 760 servili
618 731 794 766 necessitate,
818 731 867 760 sed
890 732 973 760 libere
996 737 1023 761 et

228 778 382 806 voluntario
396 777 493 806 facere.

263 825 354 851 VERS.
374 825 416 850 24.
431 824 546 850 Scirntrs
567 822 642 857 quod
665 830 682 849 α
704 823 813 850 Domino
834 823 971 857 accipietis
985 831 1022 850 re-

227 869 398 896 tributionem
425 868 599 895 hzcrvditutis.
626 867 735 894 Domini
767 867 842 895 enim
870 875 925 895 non
948 875 1020 904 saepe

225 921 319 941 servos
341 913 463 941 heredes
487 912 607 947 faciunt,
633 911 739 940 etiamsi
762 911 852 940 decies
870 913 967 941 millies
982 913 1022 941 eis

226 958 293 986 bene
303 957 445 986 servierint
460 968 466 986 :
483 957 618 985 Dominus
631 961 722 985 autem
733 956 899 985 hmreditatis
916 965 977 993 quae
991 957 1021 985 in

225 1003 302 1031 cmlis
323 1007 374 1037 est,
393 1002 600 1030 retributionem
621 1001 698 1030 vobis
719 1001 805 1036 dabit,
820 1002 842 1030 si
861 1003 1021 1031 benevolen-

225 1047 291 1076 tiam
308 1055 373 1084 ιιι-εει
386 1047 515 1076 dominos
529 1045 701 1075 custodiatis.

1038 891 1062 922 Β

259 1138 370 1166 Domino
389 1138 461 1165 enim
478 1137 582 1165 Christo
599 1137 714 1165 servitis.
733 1137 784 1172 Qui
798 1136 925 1166 ordinem
945 1137 1021 1166 vobis

226 1182 299 1210 hunc
310 1182 455 1211 destinavit
468 1186 495 1210 et
505 1182 716 1218 subjectionem.
732 1181 813 1217 Quod
827 1186 922 1210 autem
934 1183 1019 1210 servi-

231 1227 312 1256 viatis
328 1227 453 1262 Christo,
475 1227 586 1263 planum
599 1231 643 1255 est
657 1234 690 1255 ex
709 1234 742 1255 eo
757 1226 831 1263 quod
850 1226 906 1263 ipse
926 1227 963 1256 sit
977 1235 1021 1256 ve-

229 1277 285 1301 ster
298 1276 500 1301 remunerator.

258 1318 350 1347 Vnns.
370 1320 414 1345 24.
430 1319 484 1352 Qui
504 1319 596 1345 autem
616 1318 749 1352 injuriam
763 1319 845 1352 facit,
862 1318 970 1352 recipiet
990 1318 1020 1345 id

222 1363 294 1398 quod
306 1364 398 1398 inique
413 1363 510 1397 gessit,
524 1365 548 1389 et
563 1370 615 1390 mm
629 1366 667 1390 est
679 1371 875 1398 personnarum
890 1363 1018 1396 acceptio.

222 1409 321 1436 Servus
341 1412 435 1436 autem
457 1406 503 1442 qui
517 1406 665 1434 dominum
685 1413 767 1434 suum
790 1405 830 1434 vel
853 1406 1020 1442 negligenter

221 1452 378 1486 serviendo,
397 1452 437 1480 vel
454 1460 498 1480 res
521 1451 619 1479 beriles
636 1449 797 1479 suffurando
812 1451 909 1486 injuria
922 1450 1016 1485 afﬁcit,

223 1497 377 1526 mercedem
394 1505 409 1525 ιι
425 1498 483 1525 Deo
498 1496 578 1525 feret.
596 1497 658 1524 Non
678 1497 751 1524 enim
771 1503 948 1532 personarum
970 1504 1017 1524 ac-
1034 1510 1057 1543 ο

222 1546 315 1578 ceptor
326 1546 367 1570 est
389 1543 473 1575 Deus,
491 1545 521 1569 ut
538 1541 700 1569 misereatur
720 1541 802 1574 servi,
823 1548 874 1568 ceu
896 1539 1016 1569 inﬁrmae

221 1587 317 1622 partis,
336 1587 383 1622 qui
406 1586 462 1621 lege
485 1585 610 1619 sancivit,
629 1593 663 1613 ne
679 1585 766 1621 judex
789 1585 914 1621 pauperis
937 1586 1017 1614 mise-

223 1635 314 1658 reatur
334 1631 360 1658 in
379 1630 522 1667 judicioi.
544 1630 592 1658 Vel
607 1630 686 1658 aliter
709 1639 715 1657 :
731 1630 905 1658 Christianus
925 1638 1020 1658 servus

222 1676 348 1703 Graecum
367 1679 396 1703 et
411 1674 548 1702 inﬁdelem
565 1675 662 1703 herum
681 1674 781 1711 injuria
805 1673 938 1709 afﬁciens,
963 1683 1017 1703 non

222 1720 370 1748 arbitretur
395 1727 543 1748 evasurum
571 1727 631 1748 sese
658 1719 930 1748 condemnationem.
956 1721 1018 1748 Non

219 1765 292 1793 enim
307 1773 486 1801 personarum
500 1770 625 1801 acceptor
638 1769 679 1794 est
697 1765 836 1797 Christus,
851 1769 882 1793 ut
900 1765 950 1801 ipsi
967 1773 1017 1794 ceu

219 1810 372 1838 Christiano
387 1810 509 1838 remittat
523 1810 596 1847 quod
617 1810 749 1838 adversus
772 1809 912 1838 inﬁdelem
927 1810 1017 1839 domi-

220 1863 288 1884 num
304 1855 425 1891 deliquit.
443 1855 501 1884 Etsi
516 1859 609 1883 autem
622 1855 656 1883 ad
675 1863 774 1884 servos
788 1855 911 1884 videatur
926 1854 1018 1883 dicere

220 1900 302 1932 istud,
316 1902 374 1928 Non
392 1903 431 1928 est
441 1908 622 1936 personarum
638 1903 772 1936 respectus
785 1909 795 1928 .·
807 1900 911 1928 domini
922 1903 1017 1928 tamen

220 1945 272 1973 hoc
284 1945 367 1973 etiam
379 1953 431 1973 ceu
445 1944 509 1980 ipsis
523 1944 689 1973 conveniens
704 1944 852 1980 accipiant.

473 2011 560 2048 493
574 2012 697 2040 CAPUT
716 2012 763 2040 1v.

256 2081 348 2109 Vens.
361 2083 386 2108 1.
399 2082 522 2115 Domini,
533 2081 606 2116 quod
611 2081 717 2116 justum
727 2084 765 2109 est
781 2084 806 2109 et
815 2089 923 2117 (equum
932 2084 1015 2110 servis

218 2128 355 2162 maestam.
372 2125 443 2160 Quid
464 2130 505 2154 est
515 2126 639 2162 justum?
653 2128 730 2162 Ipsos
745 2134 794 2162 pro
814 2126 952 2154 laboribus
969 2135 1016 2156 re—

220 2178 374 2205 munerare,
409 2178 558 2206 rerumque
592 2171 717 2199 omnium
746 2171 856 2207 copiam
888 2172 1055 2219 suppedi-D

219 2221 286 2251 tare,
306 2224 357 2245 nec
379 2216 539 2253 permittere
561 2220 592 2244 ut
612 2217 698 2244 aliena
713 2224 764 2252 ope
783 2216 932 2253 indigeant.
952 2218 1015 2245 Non

219 2262 293 2290 enim
315 2266 461 2298 postquam
478 2261 604 2289 audivisti
626 2261 701 2297 quod
722 2269 737 2289 a
752 2262 811 2290 Deo
832 2262 889 2289 sint
906 2269 1015 2290 merce-

219 2306 283 2334 dem
299 2307 446 2342 accepturi,
471 2310 501 2334 tu
515 2313 563 2334 eos
584 2306 703 2342 privabis
724 2306 758 2334 iis
782 2305 818 2335 ad
832 2314 893 2342 qua:
908 2311 939 2335 tu
960 2307 1012 2335 ob-

219 2351 372 2387 stringeris.

254 2396 371 2423 Scientes
393 2395 466 2431 quod
488 2397 513 2423 et
530 2403 576 2424 vos
590 2397 739 2425 Dominum
753 2397 858 2425 habetis
882 2398 913 2424 in
932 2397 1013 2425 cretis.

219 2439 334 2468 Perinde
348 2447 380 2468 ac
398 2440 435 2468 illi
450 2447 498 2468 vos
512 2440 640 2469 dominos
656 2441 770 2477 habent,
793 2442 834 2470 sic
855 2446 882 2470 et
895 2450 945 2470 vos
957 2443 1017 2470 Do-

219 2485 328 2513 minum
341 2483 455 2513 habetis.
476 2485 537 2520 Qua
558 2485 641 2521 igitur
655 2494 784 2515 mensura
803 2487 894 2516 mensi
909 2486 1016 2515 fueritis

218 2529 314 2558 vestris
331 2529 427 2563 servis,
449 2528 577 2557 metietur
599 2534 627 2558 et
647 2530 724 2559 vobis
740 2531 876 2560 Dominus
890 2536 979 2560 vester
994 2533 1012 2560 i.

217 2575 277 2609 Vel,
294 2574 358 2610 quia
379 2577 407 2602 et
426 2581 476 2601 vos
492 2581 555 2602 cum
580 2574 634 2602 illis
652 2575 780 2604 eumdem
794 2576 900 2605 habetis
912 2577 1014 2605 Domi-

217 2628 295 2654 num,
310 2620 403 2656 itaque
422 2623 553 2655 tanquam
570 2620 710 2648 conservis
726 2628 775 2649 vos
791 2621 857 2656 ipsis
875 2621 1011 2651 exhibete.

217 2666 273 2695 Hic
286 2666 361 2694 enim
374 2672 554 2693 communem
567 2664 725 2694 servitutem
741 2665 814 2694 fecit.

253 2711 340 2739 Vens.
355 2712 382 2738 2.
396 2710 523 2738 Orationi
533 2710 641 2745 instate,
657 2712 804 2745 vigilantes
818 2713 847 2740 in
860 2720 892 2740 ea
905 2712 932 2739 in
947 2719 1011 2745 gra-

262 2759 368 2787 lLevit.
389 2766 458 2793 xxx,
475 2762 517 2788 15.
565 2760 651 2788 jLuc.
665 2768 709 2796 vr,
723 2762 765 2790 88.

738 174 994 203 THEOPHYLACTI
1015 175 1192 204 BULGARLE
1212 175 1368 204 ARCHIEP.

1815 176 1856 202 F35:
1884 174 1890 203 ί

1882 208 1890 224 ι

1125 250 1138 267 σ
1156 238 1226 269 Ἀλλ’
1249 240 1274 268 ἒν
1295 238 1427 274 ἁπλότητι
1450 237 1563 278 καρδίας
1588 236 1753 278 Ιςιοςτούμενοι
1771 236 1810 266 ria
1825 239 1858 267 tua
1878 243 1890 288 ί

1081 294 1147 323 ριον.
1177 295 1192 312 ι)
1212 285 1300 314 Τοῦτο
1312 284 1364 324 γάρ
1381 286 1437 314 ἐστι
1460 283 1602 324 φοϐεῖσθαι
1624 282 1668 312 τὸν
1690 282 1802 321 Κύριον,

1081 328 1192 366 μηδενὸς
1222 330 1352 368 ὁρῶντος,
1383 330 1464 367 μηδὲν
1485 328 1652 368 πράττωμεν
1673 327 1779 356 κακόν·
1807 330 1860 356 sit:

1080 373 1106 402 δὲ
1125 374 1171 402 καὶ
1196 374 1312 410 ἁπλότης
1336 375 1382 409 τῆς
1396 373 1519 413 καρδίας,
1541 372 1572 402 τὸ
1586 371 1626 411 μὴ
1640 372 1710 412 πρὸς
1736 371 1861 411 dﬂigam

1080 420 1153 458 ὁρᾷν.
1179 418 1246 459 Ἄρα
1256 414 1301 448 οὖν
1317 421 1330 448 ὃ
1343 418 1563 459 ἀνθρωπάρεσκος
1579 419 1630 458 οὐχ
1645 417 1767 450 ἁπλοῦς.

1126 475 1141 493 ιί
1163 464 1216 494 Καὶ
1245 468 1297 493 πᾶν
1316 463 1330 492 ὃ
1350 462 1394 492 ἐὰν
1420 465 1533 501 ποιῆτε,
1554 464 1584 493 ἐκ
1610 463 1705 502 ψυχῆς
1728 461 1862 500 ἐργάζεεέετ

1077 513 1113 544 ὥς
1124 511 1161 551 τῷ
1179 509 1286 549 Κυρίῳ,
1303 508 1350 538 καὶ
1365 509 1412 538 οὐχ
1436 508 1595 547 ἀνθρώποις.
1609 518 1624 536 n
1647 508 1693 537 Οὖ
1718 507 1798 544 μόνον
1817 508 1864 535 ἷκτο-

1078 556 1205 594 κρίσεως,
1234 553 1303 582 ἀλλὰ
1317 553 1363 582 καὶ
1391 553 1483 592 ἀργίας
1507 551 1602 585 αὐτοὺς
1619 551 1803 590 ἀπηλλάχθαι
1818 554 1865 590 βοι-

1079 601 1170 630 λεται.
1198 599 1309 629 Μᾶλλον
1337 598 1364 627 δὲ
1388 598 1535 636 ἐλευθέρους
1562 596 1660 630 αὐτοὺς
1693 595 1757 625 ἀντὶ
1789 596 1865 625 δούλω

1077 649 1159 681 ποιεῖ,
1186 643 1249 672 ὅταν
1269 642 1307 681 μὴ
1329 642 1440 671 δέωνται
1460 644 1507 678 τῆς
1521 643 1574 671 τῶν
1597 642 1745 670 δεσποτῶν
1775 642 1867 669 ἔπεστι-

1077 689 1145 722 σίας.
1164 688 1204 719 Τὸ
1224 688 1287 728 γὰρ,
1309 698 1322 715 (ι
1337 688 1389 717 Ἐκ
1410 689 1513 727 ψυχῆς,
1529 698 1544 716 ι)
1571 686 1652 716 τοῦτό
1672 687 1757 722 ἔστι,
1779 686 1807 714 τὸ
1822 688 1867 723 μετ’

1076 734 1194 770 εὐνοίας,
1229 732 1267 771 μὴ
1293 732 1362 771 μετὰ
1397 733 1520 768 δουλικῆς
1548 731 1687 770 ἀνάγκης,
1719 731 1792 760 ἀλλὰ
1813 731 1864 768 pati

1076 778 1222 817 ἐλευθερίας
1236 777 1282 807 καὶ
1297 776 1476 816 προαιρέσεως
1489 778 1585 808 ποιεῖν.

1118 835 1132 850 α
1163 822 1270 856 Εἰδότες
1300 822 1340 853 ὅτι
1374 822 1428 852 ἀπὸ
1459 821 1558 861 Κυρίου
1588 821 1714 860 λήψεσθε
1744 820 1793 855 τήν
1818 821 1868 848 ἰντ-

1076 868 1201 897 απόδοσιν
1220 870 1267 903 τῆς
1284 866 1472 906 κληρονομίας.
1488 877 1503 895 n
1522 867 1558 896 Οἱ
1570 865 1618 904 μὲν
1631 867 1686 905 γὰρ
1705 866 1828 894 δεσπόται
1843 866 1867 893 2L

1075 916 1181 943 ποιοῦσι
1210 912 1338 945 πολλάκις
1370 911 1550 950 κληρονόμους
1578 910 1640 944 τοὺς
1673 910 1801 945 δούλους,
1826 911 1866 938 κᾶν

1075 959 1198 998 μυριάκις
1231 959 1319 990 αὐτοῖς
1343 957 1431 989 καλῶς
1460 955 1653 986 δουλεύσωσιν·
1681 957 1697 984 ὁ
1722 955 1752 984 δὲ
1782 956 1866 993 Κύριος

1073 1006 1120 1038 τῆς
1156 1004 1183 1032 ἕν
1223 1002 1342 1042 οὐρανοῖς
1381 1001 1558 1042 κληρονομίας
1601 999 1652 1036 τὴν
1702 1000 1867 1030 ἀνταπόδοσιν

1075 1047 1153 1078 δώσει
1181 1049 1257 1087 ὑμῖν,
1284 1046 1330 1076 ἐὰν
1361 1045 1466 1076 εὔνοιαν
1488 1045 1642 1086 φυλάττητε
1664 1046 1738 1085 πρὸς
1757 1045 1813 1079 τοὺς
1831 1045 1867 1073 δε-

1075 1093 1188 1127 σπότας.

1114 1151 1126 1163 α
1143 1139 1190 1177 Τῷ
1213 1136 1264 1176 γὰρ
1288 1135 1379 1176 Κυρίῳ
1394 1136 1505 1175 Χριστῷ
1531 1134 1681 1165 δουλεύετε.
1701 1149 1715 1162 ι
1741 1137 1789 1175 Τῷ
1808 1135 1869 1169 τάξιν

1076 1181 1284 1219 νομοθετήσαντι
1318 1181 1363 1210 καὶ
1396 1180 1544 1219 ὕποταγήν.
1581 1179 1650 1210 Ὅτι
1679 1179 1710 1210 δὲ
1747 1180 1870 1210 δουλεύετε

1073 1227 1199 1268 Χριστῷ,
1228 1227 1305 1262 δῆλον
1332 1227 1362 1256 ἐκ
1385 1228 1431 1256 τοῦ
1448 1225 1525 1254 αὐτὸν
1550 1221 1617 1255 εἶναι
1649 1227 1717 1264 ὑμῖν
1741 1226 1787 1255 τὸν
1802 1228 1868 1264 μισθ-

1074 1271 1219 1308 αποδότην.

1113 1330 1125 1343 ι
1149 1315 1184 1346 ⁸0
1209 1316 1236 1345 δὲ
1255 1316 1352 1345 ἀδικῶν
1378 1314 1519 1354 κομίσεται
1543 1314 1558 1344 ὃ
1583 1314 1721 1352 ἠδίκησε,
1758 1315 1804 1345 καὶ
1830 1316 1867 1344 alia:

1073 1360 1129 1391 ἔστι
1163 1360 1386 1401 προσωποληψία.
1419 1373 1431 1386 ι
1459 1360 1493 1390 Ὁ
1524 1359 1552 1389 δὲ
1584 1361 1689 1389 ἀδικῶν
1717 1361 1811 1394 Some;
1833 1360 1869 1389 τον

1073 1405 1218 1442 δεσπότην,
1247 1405 1264 1441 ἢ
1292 1406 1318 1435 ἐν
1345 1407 1383 1445 τῷ
1409 1405 1516 1442 ἀμελῶς
1545 1403 1704 1440 δουλεύειν,
1740 1405 1759 1440 ἢ
1786 1408 1812 1435 ἓν

1073 1451 1241 1490 νοσφίζεσθαι
1279 1450 1313 1479 τὰ
1348 1449 1506 1486 δεσποτικὰ,
1542 1448 1591 1484 τὴν
1629 1450 1807 1488 ἀντιμισθίαν
1830 1450 1872 1483 ἕξει

1076 1496 1147 1535 παρὰ
1170 1498 1215 1525 τοῦ
1239 1497 1321 1526 Θεοῦ.
1357 1496 1397 1524 Οὖ
1422 1494 1475 1534 γάρ
1502 1496 1560 1524 ἐστι
1587 1495 1834 1534 προσωπολήιττης
1862 1498 1872 1524 ὁ

1073 1541 1156 1580 Θεὸς,
1177 1540 1221 1569 ἵνα
1247 1540 1344 1580 ἐλεήσῃ
1366 1540 1410 1569 τὸν
1437 1540 1529 1569 δοῦλον
1551 1541 1586 1573 ὡς
1606 1540 1718 1573 ἀσθενὲς
1852 1541 1873 1571 ες

1073 1598 1105 1625 γε
1127 1588 1172 1616 καὶ
1196 1585 1238 1615 διὰ
1259 1588 1306 1615 τοῦ
1329 1584 1410 1622 νόμου
1433 1584 1581 1624 προσέταξε
1603 1585 1641 1621 μὴ
1658 1586 1748 1615 ἐλεεῖν
1774 1586 1871 1625 πτωχῶ

1073 1632 1099 1660 ἐν
1123 1630 1220 1670 κρίσει.
1249 1629 1287 1660 ἹΙ
1311 1629 1357 1660 καὶ
1382 1629 1483 1663 ἄλλως·
1519 1629 1554 1659 Ὀ
1592 1630 1763 1668 Χριστιανὸς
1792 1632 1873 1662 δοῦλος

1073 1676 1171 1705 ἀδικῶν
1186 1674 1310 1711 Ἕλληνα
1333 1675 1480 1712 δεσπότην,
1498 1674 1536 1713 μὴ
1552 1674 1649 1704 οἰέσθω
1663 1678 1700 1708 ὼς
1724 1676 1872 1716 ἐκφεύξεται

1071 1720 1120 1757 τὴν
1157 1720 1324 1760 κατάκρισιν.
1355 1721 1395 1750 Οὖ
1424 1719 1477 1759 γάρ
1503 1720 1559 1748 ἔστι
1588 1721 1829 1759 προσωπολήπτης
1859 1722 1869 1747 Ξ

1072 1765 1196 1805 Χριστὸς,
1223 1764 1267 1794 ἵνα
1285 1765 1355 1803 αὐτῷ
1379 1766 1414 1798 ὡς
1439 1765 1594 1804 Χριστιανῷ
1689 1765 1723 1794 τὸ
1750 1765 1815 1804 πρὸς
1835 1765 1869 1793 ge.

1071 1810 1195 1846 Ἵζλληνα
1215 1809 1344 1844 δεσπότην
1360 1808 1522 1848 ἁμάρτημα.
1550 1808 1610 1838 Κᾶν
1637 1809 1706 1849 πρὸς
1733 1810 1799 1844 τοὺς
1817 1809 1869 1839 δού-

1070 1857 1131 1888 λους
1146 1855 1173 1884 δὲ
1193 1855 1257 1893 δοκῇ
1280 1854 1365 1892 λέγειν
1380 1854 1421 1891 τὸ,
1438 1867 1451 1880 ει
1466 1854 1526 1883 Οὖκ
1538 1853 1594 1883 ἔστι
1613 1856 1848 1895 προσωποληψία,
1862 1868 1870 1878 ι

1073 1899 1132 1929 ἀλλ’
1159 1895 1203 1929 οὖν
1227 1898 1272 1928 καὶ
1288 1899 1312 1928 οἱ
1332 1897 1460 1928 δεσπόται
1484 1897 1710 1938 ὕποδεχέοθωσαν
1738 1902 1820 1929 τοῦτο
1834 1900 1870 1928 καὶ

1070 1946 1104 1978 ὡς
1125 1945 1212 1978 αὐτοῖς
1227 1943 1351 1983 ἁρμόζον.

1363 2011 1510 2041 ΚΕΦΑΛ.
1527 2009 1571 2041 Δ’.

1110 2079 1169 2108 «Οἱ
1189 2077 1289 2118 κύριοι,
1303 2077 1333 2107 τὸ
1356 2077 1456 2108 δίκαιον
1474 2078 1520 2107 καὶ
1540 2076 1589 2113 τὴν
1610 2077 1726 2114 ἰσότητα
1745 2080 1804 2112 τοῖς
1826 2078 1875 2108 Mi-

1069 2124 1123 2157 λοις
1141 2123 1292 2163 παρέχεσθε
1307 2122 1342 2142 ⁸⁵³·
1359 2136 1371 2149 ι
1389 2123 1426 2153 Τί
1447 2124 1504 2152 ἐστι
1518 2123 1548 2153 τὸ
1564 2123 1686 2157 δίκαιονς
1706 2123 1752 2153 Τὸ
1771 2123 1873 2160 ἀμείϐε-

1069 2171 1129 2198 σθαι
1155 2167 1252 2202 αὐτοὺς
1279 2169 1330 2197 τῶν
1357 2167 1460 2204 πόνων,
1498 2167 1542 2198 καὶ
1572 2168 1680 2197 πάντων
1708 2169 1737 2197 ἐν
1766 2168 1874 2208 ᾶφθονίσ

1069 2215 1216 2253 καθιστᾷν,
1245 2213 1291 2242 καὶ
1318 2212 1355 2251 μὴ
1387 2213 1433 2252 ἐᾷν
1472 2212 1568 2252 ἑτέρων
1599 2213 1710 2244 δεῖσθαι.
1748 2213 1800 2249 Μὴ
1833 2213 1872 2251 γὰρ

1071 2257 1162 2293 ἐπειδὴ
1187 2257 1304 2294 ἤκουσας
1333 2258 1373 2287 ὅτι
1393 2257 1446 2286 ἀπὸ
1479 2260 1549 2290 Θεοῦ
1577 2257 1668 2297 ἔχουσι
1694 2257 1742 2287 τὸν
1765 2258 1868 2296 μισθὸν,

1072 2302 1258 2343 ἀποστερήσῃς
1277 2302 1309 2332 σὺ
1330 2302 1424 2336 αὐτοὺς
1440 2304 1492 2332 τῶν
1509 2302 1582 2342 παρὰ
1600 2305 1647 2333 σοῦ
1665 2303 1867 2343 ὢφειλημένων.

1113 2405 1125 2419 ι
1148 2391 1255 2426 Εἷδότες
1279 2392 1320 2422 ὅτι
1343 2391 1390 2422 καὶ
1410 2392 1484 2430 ῢμεῖς
1506 2392 1581 2432 ἔχετε
1610 2391 1708 2432 Κύριον
1732 2393 1762 2421 ἐν
1790 2394 1867 2433 οὖρα·

1070 2438 1131 2472 νοῖς.
1151 2450 1163 2463 ιι
1185 2437 1294 2478 "119pr
1306 2439 1404 2478 ἐκεῖνοι
1431 2439 1515 2476 ὑμᾶς,
1540 2437 1609 2467 οὕτω
1632 2437 1678 2467 καὶ
1700 2438 1779 2475 ὓμεῖς
1798 2438 1866 2478 ἔχετε

1073 2482 1181 2523 Κύριον.
1219 2477 1259 2524 τῼ
1288 2477 1332 2512 οὖν
1368 2482 1457 2522 μέτρῳ
1492 2486 1611 2522 μετρεῖτε
1650 2486 1705 2516 τοῖς
1733 2477 1865 2523 ὖμετέροις

1070 2527 1172 2561 δούλοις
1183 2550 1192 2566 ,
1213 2527 1343 2568 μετρήσει
1364 2527 1410 2557 καὶ
1426 2527 1488 2566 ὑμῖν
1504 2529 1518 2557 ὃ
1535 2526 1632 2567 Κύριος
1656 2528 1740 2565 ὑμῶν,
1757 2526 1819 2563 Ἦ,
1834 2527 1863 2556 ὅτι

1070 2572 1126 2603 Καὶ
1146 2574 1221 2611 ὑμεῖς
1237 2572 1295 2612 μετ’
1310 2571 1417 2602 ἐκείνοιν
1440 2571 1516 2612 ἔχετε
1536 2571 1646 2611 Κύριον,
1669 2571 1740 2602 ὥστε
1757 2574 1795 2606 ὥς
1810 2575 1863 2610 ὁμο-

1069 2617 1170 2650 δούλοις
1193 2617 1380 2658 προσφέρεσθε.
1397 2616 1530 2647 Ἐνταῦθα
1551 2616 1605 2657 γὰρ
1627 2617 1722 2652 κοινὴν
1743 2617 1794 2653 τὴν
1811 2618 1861 2647 δου-

1069 2662 1142 2692 λείαν
1162 2662 1281 2698 ἐποίησε.

1103 2720 1116 2734 α
1147 2708 1189 2746 Τῇ
1226 2708 1364 2748 προσευχῇ
1398 2707 1640 2747 προσκαρτεσεῖτε,
1671 2709 1859 2747 γρηγοροῦντες

921 2796 1016 2830 Variae
1038 2797 1190 2831 lectiones.

252 2838 274 2856 ⁸³
289 2839 407 2878 παρέχετε
420 2846 446 2871 0.
