1890 3077
12 169 70 196 269

453 169 629 199 EXPOSITIO
649 170 682 199 IN
701 169 806 198 EPIST.
825 170 871 198 AD
890 168 1026 198 COLOSS.
1044 185 1078 191 ——
1097 170 1171 199 CAP.
1191 170 1233 198 1V.

1605 174 1613 201 Ι
1622 173 1674 201 270

8 244 23 260 ν
57 232 137 273 αὐτῇ
171 233 204 262 ἓν
237 233 404 275 εὐχαριστίᾳ.
434 247 446 260 υ
473 229 554 264 Οἶδεν
577 235 591 262 ὁ
613 233 735 268 διάϐολος
760 233 851 267 ὅσονΑ

912 242 979 262 trum
999 235 1112 262 actione.
1128 234 1211 262 Novit
1223 234 1348 263 diabolus
1364 237 1499 271 quantum
1514 234 1619 264 bonum
1638 236 1675 265 sit

8 276 104 315 ἱγαθὸν
122 280 141 313 ἡ
161 278 236 318 εὐχὴ
248 301 256 317 ,
273 278 317 308 χαὶ
333 278 375 308 διὰ
399 281 477 308 τοῦτο
498 279 638 320 ἀποπηδᾷν
657 282 725 315 ἡμᾶς
740 280 819 309 ποιεῖ.

8 323 48 352 tui
75 334 152 363 φησι
171 325 303 358 Παῦλος·
319 337 331 350 ιι
358 325 597 364 Προσχαρτερεῐτε.
621 337 633 350 ιι
652 323 729 354 Ἐπεὶ
757 324 783 353 δὲ
808 325 823 353 ὁ

8 370 232 408 προσκαρτερῶν
254 369 382 403 πολλάκις
418 371 455 403 εἷς
487 369 617 410 ῥᾳθυμίαν
644 369 690 398 καὶ
716 368 822 398 ἔκλυσιν

8 415 144 452 νπάγεται
155 435 164 450 ,
181 413 269 454 φησί’
288 427 299 439 ε
325 415 534 454 Γρηγοροῦντεςο
559 427 571 440 ιι
584 413 705 444 τουτέστι
726 414 821 455 νήφον-

8 469 60 493 τες,
83 457 131 487 ἀεὶ
153 458 252 498 νεκροὶ
270 458 342 492 ὄντες
363 459 427 499 πρὸς
447 459 477 489 τὸ
492 459 567 499 ἔργον
589 461 636 495 τῆς
653 461 820 499 προσευχῆς·

8 503 77 532 ἑλλὰ
106 502 160 532 καὶ
197 504 228 533 ἐν
254 504 426 544 εὐχαριστίᾳ,
458 505 593 541 τουτέστι,
623 505 691 542 μετὰ
714 505 822 544 εὔχαρι-

8 548 85 581 στίας
101 547 219 585 ταύτην
236 552 383 582 ποιοῦντες·
399 549 468 586 αὕτη
490 549 540 589 γὰρ
558 552 573 585 ἠ
591 549 703 586 ἀληθινὴ
718 549 783 589 εὐχὴ
804 551 820 585 ἡ

8 593 194 632 εὐχαριστίαν
214 593 313 634 ἔχουσα
329 594 395 635 ὑπὲρ
410 595 518 624 πάντων
537 590 574 624 ὧν
598 594 692 632 ἴσμεν,
716 595 762 624 καὶ
786 589 821 623 ὧν

8 639 51 668 αὐχ
68 639 172 676 ἴσμεν,
198 634 238 668 ὧν
253 634 282 668 εὖ
294 634 436 679 ἐπάθομεν,
457 639 474 676 ἢ
501 639 660 677 ἐθλίϐημεν,
682 639 748 679 ὑπὲρ
770 641 822 668 τῶν

8 685 102 712 κοινῶν
120 685 303 724 εὐεργεσιῶν.

46 742 59 755 ιι
85 729 320 768 Προσευχόμενοι
340 728 398 768 ἅμα
413 730 458 760 καὶ
481 729 545 770 ὑπὲρ
569 730 594 749 ⁰⁴
610 731 696 768 ἡμῶν.
717 743 728 756 ιι
749 729 822 769 ⁰Ορα

8 775 287 815 ταπεινοφροσύνην,
311 773 334 804 εἴ
357 786 387 814 γε
410 777 518 808 Παῦλος
542 777 589 812 τῆς
615 774 715 804 τούτων
740 775 824 804 ἐδεῖτο

9 820 101 858 εὐχῆς.

54 875 70 892 ιι
95 863 162 894 Ἵνα
192 866 208 894 ὁ
236 864 304 898 Θεὸς
329 864 417 904 ἀνοίξῃ
442 866 506 904 ἡμῖν
536 864 616 904 θύραν
639 867 684 894 τοῦ
706 865 822 900 λαλῆσαι

10 909 40 938 τὸ
67 909 229 949 μυστήριον
258 912 303 939 τοῦ
337 911 452 949 Χριστοῦ
485 910 541 950 (δι’
566 909 580 940 ὃ
604 910 649 940 καὶ
680 909 822 949 δέδεμαι),

10 952 53 982 ἵνα
75 954 238 994 φανερώσω
255 955 337 993 αὐτὸ,
364 957 399 988 ὡς
426 956 464 985 δεῖ
491 967 524 994 με
541 956 670 990 λαλῆσαι.
699 965 713 983 λ)
737 957 821 985 Τουτ-

13 998 100 1034 έστιν,
115 999 182 1029 Ἵνα
199 999 355 1040 παρῤησίαν
376 1011 420 1038 μοι
444 1000 482 1040 δῷ
493 1022 501 1036 ,
518 1001 567 1040 οὐχ
582 1000 651 1033 ὅπως
674 1001 823 1039 ἀπαλλαγῶ

12 1044 64 1072 τῶν
93 1044 222 1083 δεσμῶν,
245 1045 304 1074 ἀλλ’
324 1044 395 1078 ὅπως
415 1044 527 1080 λαλήσω
551 1045 582 1074 τὸ
609 1045 753 1085 μυστήριον
777 1048 823 1074 τοῦ

15 1089 155 1127 Χριστοῦ,
179 1090 218 1122 ὡς
245 1090 284 1119 δεῖ
307 1101 341 1128 με
363 1091 493 1126 λαλῆσαι·
518 1089 662 1126 τουτέστι,
687 1090 724 1128 μὴ
755 1089 822 1128 μετὰ

15 1134 179 1170 ὓποστολῆς,
199 1135 261 1163 ἀλλ’
279 1135 524 1175 εὖπαῤῥησιάστως.
552 1136 615 1169 Πῶς
637 1135 665 1164 δὲ
688 1134 823 1173 δεδεμένος

18 1178 119 1218 ἑτέρους
145 1180 306 1219 παραχαλιῖ
334 1180 378 1209 καὶ
406 1179 473 1214 ἀξιοῖ
499 1180 594 1210 λαϐεῖν
626 1179 640 1210 ὃ
667 1175 755 1220 εἶχεν;
782 1181 823 1211 Οὐ

18 1223 95 1261 μόνον
110 1226 348 1264 ταπεινοφρονῶν,
366 1225 436 1254 ἀλλὰ
449 1224 494 1255 καὶ
519 1225 619 1259 δεικνὺς
638 1227 685 1261 τῆν
711 1225 821 1264 δύναμιν

20 1270 65 1303 τῆς
83 1269 254 1310 φιλαδέλφου
269 1271 348 1309 εὐχῆς
377 1270 411 1299 ⁵⁵.
430 1270 535 1300 Ἐδεῐτο
554 1270 607 1310 γὰρ
626 1269 731 1306 καὶτῆς
747 1270 822 1299 ἄνω-

21 1315 62 1341 θεν
87 1316 190 1354 ῥοπῆς,
215 1314 249 1350 ἣν
277 1315 348 1354 αὐτῷ
374 1314 484 1344 πλείονα
507 1317 524 1350 ἡ
543 1314 608 1354 εὐχὴ
624 1317 676 1344 τῶν
702 1315 822 1355 ἀδελφῶν

22 1357 115 1395 ἔμελλε
138 1358 253 1389 δώσειν·
277 1359 334 1398 ἅμα
360 1358 387 1389 δὲ
417 1359 464 1389 καὶ
489 1359 587 1398 ἐνάγων
615 1359 709 1393 αὖτοὺς
733 1360 768 1393 εἷς
792 1359 822 1389 τὸ

22 1401 153 1442 εὔχεσθαι.
176 1405 212 1435 Εἰ
239 1404 292 1444 γὰρ
317 1404 383 1444 ὑπὲρ
407 1404 508 1442 αὐτοῦ,
530 1405 605 1445 πόσῳ
628 1405 729 1443 μᾶλλον
756 1404 821 1445 ὑπὲρ

25 1448 121 1478 ἑαυτῶν
130 1461 138 1486 ;

875 279 975 313 oratio,
989 287 1020 307 ac
1040 283 1182 315 propterea
1207 287 1257 307 nos
1271 279 1305 307 ab
1327 287 1357 307 ea
1377 280 1481 308 resilire
1495 280 1578 308 facit:
1601 289 1671 318 quo-

874 324 945 352 circa
969 323 1036 352 dicit
1050 323 1161 359 Paulus,
1184 325 1296 352 Instate.
1311 325 1383 360 Quia
1399 333 1463 353 vero
1477 326 1525 362 qui
1547 333 1673 362 perseve-

875 373 927 405 rat,
957 377 1148 405 saepenumero
1181 369 1216 396 ad
1241 369 1397 398 socordiam
1425 378 1456 398 ac
1487 370 1672 401 defectionem

875 414 1041 450 perducitur,
1056 414 1094 442 ait
1109 424 1115 442 :
1140 414 1297 449 Vigilantes,
1313 414 1367 442 hoc
1379 419 1431 448 est,
1446 416 1551 451 attenti,
1565 424 1673 453 semper

875 464 997 488 recentes
1015 459 1050 488 ad
1068 467 1138 496 opus
1161 459 1303 487 orationis.
1327 461 1453 495 Insuper,
1473 461 1499 489 in
1523 462 1672 497 gratiarum

876 505 992 539 actione,
1009 505 1061 533 hoc
1077 509 1128 539 est,
1158 513 1223 533 cum
1246 505 1396 541 gratiarum
1420 505 1526 534 actione
1549 506 1618 534 banc
1633 507 1670 535 fa-

875 549 986 578 cientes.
1002 551 1070 578 Hmc
1093 550 1166 578 enim
1185 558 1249 578 vera
1273 554 1315 578 est
1333 550 1430 585 oratio,
1446 558 1509 586 qua:
1522 551 1671 587 gratiarum

875 595 1012 623 actionem
1025 595 1147 623 continet
1161 603 1211 631 pro
1225 595 1356 623 omnibus
1369 603 1432 632 quae
1443 595 1555 630 scimus,
1570 600 1597 624 et
1610 604 1672 632 qua:

875 641 1023 674 nescimus,
1043 648 1093 676 pro
1114 640 1231 676 acceptis
1251 640 1401 673 beneﬁciis,
1423 644 1471 668 aut
1502 641 1584 669 etiam
1604 641 1674 669 afﬂi-

876 685 1022 720 ctionibus,
1038 689 1066 713 et
1081 693 1129 721 pro
1144 685 1339 713 communibus
1353 685 1500 714 beneﬁciis.

913 732 1004 759 Vens.
1019 734 1044 759 3.
1062 732 1173 759 Orontes
1187 732 1270 759 simul
1285 733 1309 758 et
1320 739 1372 766 pro
1394 731 1480 759 nobis.
1501 731 1571 759 Vide
1586 731 1675 759 humi-

878 775 981 804 litatem
994 776 1069 812 ejus;
1094 775 1226 812 siquidem
1244 776 1301 812 ipse
1323 775 1423 804 Paulus
1435 775 1535 804 horum
1550 776 1675 813 precibus

879 820 1026 856 indigebat.

912 866 1003 894 Vens.
1021 869 1048 899 3,
1063 867 1090 894 4.
1111 868 1143 894 Ut
1159 868 1227 894 Deus
1242 867 1347 901 aperiat
1361 866 1438 893 nobis
1452 867 1552 894 ostium
1575 873 1674 894 semo-

879 912 931 942 nis,
948 911 985 938 ad
998 911 1160 946 loquendum
1173 912 1331 946 mysterium
1346 911 1448 939 Christi
1467 913 1589 946 (propter
1604 912 1674 946 quod

880 958 966 984 etiam
976 957 1081 984 vinctus
1088 958 1164 989 sum).
1176 957 1209 984 Ut
1218 955 1389 994 manifestam
1398 956 1468 983 illud
1478 958 1518 984 ita
1527 959 1558 984 ut
1568 959 1674 992 oportet

877 1009 918 1029 mo
932 1001 1015 1036 loqui.
1031 1002 1092 1029 Hoc
1113 1005 1165 1035 est,
1187 1001 1228 1029 Ut
1242 1000 1394 1029 libertatem
1410 1001 1477 1029 mibi
1501 1000 1556 1035 det,
1572 1009 1628 1029 non
1643 1006 1674 1029 ut

878 1045 978 1073 liberer
995 1054 1011 1073 a
1044 1045 1176 1079 vinculis,
1202 1053 1297 1074 verum
1319 1050 1350 1074 ut
1375 1046 1472 1082 loquar
1506 1046 1671 1082 mysterium

878 1090 986 1120 Christi.
1006 1090 1239 1127 quemadmodum
1252 1094 1360 1126 oportet
1375 1098 1420 1118 me
1435 1090 1510 1127 loqui
1529 1101 1535 1118 :
1557 1090 1608 1118 hoc
1623 1095 1673 1125 est,

878 1143 934 1164 non
948 1143 1011 1163 cum
1025 1135 1216 1170 submissione,
1229 1139 1360 1164 caeterum
1370 1144 1434 1164 cum
1447 1143 1546 1172 magna
1561 1135 1672 1164 ﬁducia.

878 1180 1023 1216 Quomodo
1051 1185 1155 1215 autem,
1185 1188 1248 1208 cum
1276 1180 1332 1217 ipse
1356 1181 1464 1209 vinctus
1492 1184 1583 1215 esset,
1607 1181 1675 1209 alios

878 1225 1050 1259 adhortatur,
1071 1230 1099 1254 et
1124 1229 1203 1262 rogat
1221 1226 1347 1262 excipere
1371 1225 1447 1262 quod
1472 1225 1587 1254 habeat?
1610 1227 1675 1254 Non

877 1271 967 1299 solum
991 1270 1133 1299 moderate
1160 1271 1286 1306 sapiens,
1309 1275 1441 1299 caeterum
1463 1271 1518 1298 vim
1546 1270 1674 1300 fraternae

876 1316 1010 1344 orationis
1024 1316 1180 1345 ostendens.
1209 1316 1350 1352 lndigebat
1365 1316 1440 1344 enim
1455 1321 1483 1344 et
1495 1317 1554 1352 ipse
1568 1316 1673 1344 caelesti

877 1361 995 1395 auxilio,
1023 1361 1100 1397 quod
1134 1361 1254 1389 fratrum
1282 1361 1370 1389 oratio
1393 1361 1483 1397 majus
1511 1361 1674 1397 uberiusque

876 1405 974 1434 datura
989 1410 1055 1434 erat.
1070 1406 1158 1434 Simul
1168 1406 1254 1434 etiam
1268 1405 1404 1434 inducens
1418 1413 1465 1434 eos
1478 1405 1513 1434 ad
1525 1406 1672 1434 orandum.

877 1450 903 1479 Si
920 1451 993 1479 enim
1012 1459 1063 1487 pro
1077 1459 1110 1480 eo
1125 1451 1293 1480 intercedere
1315 1451 1441 1486 debeant,
1456 1455 1560 1487 quanto
1584 1451 1674 1488 potius

878 1504 927 1532 pro
941 1496 1054 1533 seipsis?

64 1549 78 1566 α
90 1538 139 1569 Ἐν
155 1539 239 1580 σοφίᾳ
261 1540 432 1580 περιπατεῖτε
447 1538 512 1578 πρὸς
526 1538 586 1573 τοὺς
612 1539 670 1574 ἔξω.
699 1550 714 1568 1)
730 1539 821 1580 ⁵οτιερ
839 1544 851 1576 (

912 1542 1003 1570 Vsus.
1017 1543 1043 1570 5.
1066 1543 1097 1569 In
1111 1543 1249 1577 sapientia
1264 1542 1398 1570 ambulate
1409 1542 1447 1570 ad
1470 1549 1512 1570 eos
1535 1543 1584 1577 qui
1606 1543 1674 1577 foris

27 1582 68 1612 καὶ
90 1585 104 1612 ὁ
130 1579 233 1624 Κύριος
259 1579 340 1614 εἶπεν.
366 1595 381 1613 ιι
409 1583 476 1614 Ἰδοὺ
505 1583 661 1614 ἀποστέλλω
690 1586 758 1624 ὑμᾶς
786 1586 820 1618 ὡς

28 1627 144 1666 πρόϐατα
181 1630 209 1658 ἐν
241 1628 314 1669 μέσῳ
350 1628 450 1659 λύκων.
481 1629 589 1659 Γίνεσθε
624 1625 670 1659 οὖν
699 1629 820 1670 φρόνιμοι

28 1673 60 1705 ὡς
114 1673 184 1713 ὄφεις
195 1697 205 1711 ,
224 1673 270 1703 καὶ
291 1673 412 1714 ἀκέραιοι
430 1675 464 1706 ὡς
480 1676 508 1703 αἱ
522 1674 692 1714 περιστεραί·
708 1685 723 1703 »
744 1676 821 1704 τοῦτο

29 1717 54 1745 δὲ
69 1713 140 1752 οὗτος
155 1719 181 1737 ⁰⁶
202 1721 249 1748 ν’ὖν
262 1730 357 1759 φησιν,
380 1718 420 1748 ὅτι
441 1719 609 1748 Φυλακτιχοὶ
622 1719 740 1758 γίνεσθε,
766 1731 819 1757 μη-

30 1761 118 1799 δεμίαν
138 1763 228 1800 λαϐὴν
245 1763 356 1796 διδόντες
379 1767 432 1797 τοῖς
457 1763 506 1798 ἔξω
521 1763 581 1792 καθ’
594 1765 668 1802 ὑμῶν
691 1765 717 1793 ἐν
737 1760 774 1798 οἷς
789 1765 819 1793 οὐ

32 1806 191 1847 βλάπτωσι,
221 1808 290 1847 μηδὲ
317 1808 434 1848 ἀκαίρως
460 1809 678 1843 σχανδαλίζοντες
713 1809 816 1842 αὐτούς.

30 1849 98 1885 Ἐξω
118 1853 169 1892 γάρ
193 1854 262 1889 εἶσι,
287 1853 441 1889 τουτέστιν,
464 1854 492 1882 οὖ
515 1853 635 1888 συνήθεις
657 1854 736 1892 ἡμῖν,
760 1853 819 1883 οὐδὲ

31 1896 73 1931 τῆς
95 1897 173 1932 αὗτῆς
199 1898 302 1936 αὐλῆς,
328 1898 397 1928 ἀλλὰ
413 1897 463 1927 κᾶν
482 1897 527 1927 τὸν
554 1898 632 1927 αὐτὸν
658 1899 750 1928 οἰκῶσι
776 1898 819 1928 κό-

33 1951 111 1977 σμον,
135 1942 185 1976 ἔξω
210 1943 287 1979 εἷο-ἰν,
312 1944 348 1976 ὡς
369 1942 415 1972 καὶ
439 1944 486 1978 τῆς
512 1942 674 1978 Ἐκχλησίας
702 1943 748 1973 καὶ
773 1945 820 1979 τῆς

34 1985 160 2022 βασιλείας
184 1986 276 2028 πόρῥω
299 1987 380 2021 ὄντες.
406 1987 454 2018 Διὸ
478 1988 504 2017 ἐν
524 1987 648 2028 φρονήσει
674 1988 712 2017 δεῖ
735 1999 819 2028 προσ-

34 2029 151 2069 φέρεσθαι
179 2033 278 2067 αὐτοῖς.
308 2031 409 2073 Σοφίαν
438 2032 489 2073 γὰρ
512 2032 561 2068 τὴν
590 2032 716 2073 φρόνησιν
747 2033 818 2072 λέγει

33 2074 149 2106 ἐνταῦθα.
173 2077 246 2116 Πρὸς
270 2076 322 2117 γὰρ
345 2077 405 2110 τοὺς
427 2076 546 2113 συνήθεις
567 2078 596 2106 οὖ
622 2077 755 2115 τοσαύτης
781 2078 821 2107 δεῖ

35 2118 178 2171 depulsis}.
194 2123 398 2162 Παραμυθεῖται
414 2123 442 2153 δὲ
465 2121 558 2156 αὐτοὺς
572 2122 618 2152 καὶ
643 2122 687 2153 διὰ
709 2126 754 2153 τοῦ
770 2135 818 2152 κα·
834 2140 859 2171 D

35 2162 103 2193 λέσαι
118 2165 177 2200 τοὺς
192 2166 328 2204 Ἕλληνας
343 2167 402 2202 ἔξω.

73 2263 88 2282 (
101 2254 154 2284 Τὸν
168 2256 259 2297 καιρὸν
273 2256 500 2297 ἐξαγοραζόμενοι.
517 2267 532 2286 ι)
547 2257 590 2287 Οὔ
601 2257 735 2292 ποικίλους
748 2259 819 2296 ἡμᾶς

38 2289 97 2326 εἶναι
118 2289 271 2339 βουλόμενος
293 2289 494 2341 ἦιῦττοιιριτᾶς,
523 2302 608 2332 ταῦτά
633 2289 734 2343 φησιν,

38 2343 106 2371 τοῦτο
119 2344 202 2383 λέγει,
219 2345 259 2376 ὅτι
281 2348 342 2388 Οὖλι
359 2345 430 2377 ἔστιν
445 2347 567 2387 ὖμέτερος
587 2349 601 2376 ὁ
621 2347 725 2388 καιρὸς,
749 2347 820 2378 ἐχεί-

39 2395 83 2415 νων
95 2387 158 2420 ἐστί.
182 2391 299 2421 Δύνασθε
313 2387 358 2422 οὖν
378 2391 424 2421 καὶ
445 2392 570 2431 ὗμέτερον
585 2387 675 2422 τοῦτον
691 2393 716 2412 ⁶⁷
737 2395 818 2429 ποιῆ-

41 2440 79 2477 σιιι
100 2433 203 2473 ἑτέρως,
231 2435 274 2466 ἐὰν
303 2436 371 2476 μετὰ
395 2436 544 2476 φρονήσεως
567 2440 747 2477 περιπατῆτε,
775 2438 819 2468 ἐὰν

42 2474 75 2528 ξιξ-ὴ
94 2477 177 2518 μάχας
206 2474 340 2528 diuitiae;
356 2474 539 2528 ἆνάδέχησθε,
563 2474 636 2528 ’ἀλλὰ
660 2482 710 2528 τὴν
735 2495 820 2528 προσ·

41 2525 145 2567 ήξιουσαν
163 2525 242 2563 τιμὴν
261 2526 412 2565 ἀπονέμητε
431 2527 535 2564 αὐτοῖς,
552 2526 615 2557 ὅταν
635 2527 754 2566 μὴκατὰ
767 2529 820 2567 ψυ-

102 2562 259 2606 βλάπτησθε.
279 2562 372 2602 Ἄκουε
386 2571 478 2602 τούτου
493 2562 573 2602 αὐτοῦ
589 2562 653 2613 πρδς
671 2562 818 2613 Ἀγρίππαν

44 2607 162 2656 λέχφντος·
190 2628 202 2642 ι
231 2616 374 2656 Μακάριον
402 2616 494 2646 ἑαυτὸν
524 2616 613 2656 οἴομαι
642 2617 668 2635 ⁸⁸
700 2617 743 2648 ἐπὶ
773 2620 819 2647 σοῦ

45 2652 135 2688 μέλλων
160 2652 356 2701 ἀπολογεῖσθαι.
388 2674 401 2688 ν
426 2661 506 2691 Οὕτω
536 2652 582 2692 καὶ
606 2661 664 2696 τοὺς
690 2661 739 2697 ἔξω
768 2662 821 2692 ἔσω

76 2724 88 2743 "
99 2730 190 2764 Matth.
203 2743 234 2770 x,
248 2738 291 2765 te.
335 2737 342 2755 ¹
358 2737 421 2766 Act.
437 2745 525 2771 xxvr,
542 2741 567 2766 2.

875 1589 945 1614 sunt.
969 1586 1051 1621 Quod
1076 1587 1213 1615 Dominus
1230 1586 1301 1614 dixit
1323 1598 1329 1616 :
1357 1588 1423 1615 Ecce
1443 1588 1521 1615 mitto
1541 1595 1586 1615 ιτοε
1606 1589 1675 1615 sicut

877 1640 935 1659 ores
956 1633 986 1659 in
1008 1631 1095 1659 medio
1122 1632 1259 1667 luporum.
1287 1633 1378 1660 Estote
1401 1641 1462 1667 ergo
1474 1633 1621 1668 prudentes
1645 1635 1676 1660 ut

877 1679 1020 1712 serpentes,
1040 1685 1070 1704 ac
1093 1677 1226 1712 simplices
1249 1679 1280 1704 ut
1305 1677 1457 1705 columba“
1481 1687 1488 1706 :
1513 1677 1565 1705 hoc
1584 1681 1611 1705 et
1625 1677 1676 1705 iste

876 1730 950 1750 nunc
968 1723 1008 1750 ait
1034 1731 1042 1749 :
1065 1722 1138 1756 Sitis,
1163 1722 1259 1758 inquit,
1275 1722 1361 1756 cauti,
1385 1730 1473 1758 neque
1498 1722 1582 1751 ullam
1604 1722 1676 1751 detis

876 1767 1048 1795 occasionem
1068 1767 1098 1795 iis
1115 1767 1160 1803 qui
1176 1767 1242 1795 foris
1257 1771 1321 1795 sunt
1341 1766 1425 1803 497
1448 1767 1593 1795 adversum
1610 1775 1674 1800 vos,

875 1820 939 1840 cum
953 1812 1032 1840 vobis
1045 1811 1110 1839 nihil
1124 1811 1216 1840 damni
1229 1811 1359 1845 afferunt,
1378 1819 1465 1847 neque
1480 1811 1674 1848 intempestive

875 1864 922 1885 eos
934 1856 1089 1885 offendatis.
1104 1856 1181 1884 Foris
1200 1856 1275 1883 enim
1290 1860 1365 1890 sunt,
1390 1856 1417 1884 id
1431 1860 1483 1889 est,
1506 1863 1562 1884 non
1583 1864 1673 1884 assue-

875 1906 970 1930 verunt
987 1901 1081 1936 nobis,
1103 1908 1154 1929 nec
1179 1900 1301 1936 eiusdem
1320 1904 1387 1928 sunt
1410 1900 1557 1929 nobiscum
1582 1901 1672 1933 ovilis,

873 1947 920 1975 sed
932 1946 1037 1975 etiamsi
1053 1945 1182 1974 eumdem
1196 1945 1341 1974 nobiscum
1353 1945 1510 1974 inhabitant
1524 1945 1673 1980 mundum,

875 1992 941 2020 l'oris
964 1995 1040 2026 sunt,
1068 1996 1199 2028 tanquam
1227 1991 1321 2028 procul
1348 1995 1460 2027 agentes
1484 1991 1520 2019 ab
1539 1991 1676 2026 Ecclesia,

873 2044 1016 2073 regnoque
1028 2036 1089 2065 Dei.
1106 2037 1197 2071 Quare
1211 2035 1360 2072 prudenter
1373 2043 1438 2063 cum
1457 2036 1495 2064 eis
1510 2043 1674 2064 conversan-

873 2081 953 2110 dum.
966 2081 1134 2118 Sapientiam
1148 2081 1225 2110 enim
1241 2081 1286 2109 hic
1308 2080 1485 2117 prudentiam
1508 2080 1584 2109 dicit.
1603 2082 1674 2117 Erga

875 2126 1025 2155 familiares
1049 2126 1124 2154 enim
1145 2133 1201 2154 non
1216 2129 1291 2154 tanta
1309 2133 1379 2161 opus
1394 2129 1436 2154 est
1449 2125 1588 2154 cautione.
1614 2125 1673 2154 Ad-

875 2171 927 2202 diti
951 2175 1043 2200 autem
1064 2171 1117 2200 illis
1147 2171 1279 2206 animum,
1314 2170 1381 2199 dum
1417 2171 1528 2200 Graecos
1567 2174 1674 2199 exteros

875 2221 963 2245 vocat.

912 2263 1024 2296 Tempus
1045 2261 1212 2289 redimentes.
1242 2261 1306 2289 Non
1329 2260 1419 2288 varios
1437 2267 1488 2288 nos
1508 2267 1566 2288 esse
1578 2259 1674 2288 volens

874 2311 920 2335 aut
942 2305 1106 2342 hypocritas,
1127 2305 1186 2333 haec
1210 2303 1288 2338 dicit,
1313 2311 1406 2332 verum
1432 2303 1486 2332 hoc
1500 2304 1539 2331 ait
1564 2312 1571 2331 :
1591 2305 1673 2333 Tem-

875 2359 926 2388 pus
938 2358 993 2379 non
1005 2353 1047 2378 est
1060 2354 1194 2383 vestrum,
1213 2349 1261 2377 sed
1280 2348 1391 2376 illorum
1412 2352 1463 2376 est.
1481 2349 1599 2377 Potestis
1621 2349 1674 2386 igi-

874 2400 919 2424 tur
937 2396 1017 2424 aliter
1032 2395 1122 2431 ipsum
1137 2394 1219 2422 etiam
1234 2398 1354 2422 vestrum
1374 2391 1473 2428 facere,
1489 2393 1511 2421 si
1527 2401 1592 2422 cum
1607 2402 1675 2430 pru-

874 2441 968 2469 dentia
995 2439 1154 2474 ambuletis,
1187 2439 1208 2467 si
1240 2446 1296 2467 non
1329 2446 1434 2475 pugnas
1470 2438 1675 2475 intempestivas

876 2485 1040 2522 suscipiatis,
1075 2492 1171 2513 verum
1202 2483 1411 2512 convenientem
1442 2483 1508 2520 ipsis
1539 2483 1674 2512 honorem

876 2531 1009 2565 tribuatis,
1033 2530 1055 2558 si
1077 2530 1106 2558 in
1127 2530 1216 2558 anima
1249 2528 1315 2557 nihil
1337 2528 1478 2566 accipiatis
1504 2528 1672 2557 detrimenti.

875 2575 947 2604 Audi
968 2576 1058 2612 ipsum
1086 2574 1154 2603 adeo
1181 2574 1298 2602 Paulum
1323 2574 1451 2610 Agrippan
1479 2573 1637 2610 loquentem
1664 2581 1672 2600 :

876 2623 1013 2650 Existimo
1029 2628 1073 2648 me
1091 2620 1209 2653 beatum,
1232 2620 1307 2655 apud
1326 2622 1351 2647 te
1365 2627 1427 2647 cum
1441 2620 1494 2646 sim
1512 2626 1554 2645 me
1577 2617 1672 2651 defen—

875 2673 955 2694 surus
970 2666 988 2693 ι.
1004 2665 1049 2694 Sic
1063 2672 1110 2694 eos
1131 2665 1177 2701 qui
1193 2663 1263 2693 foris
1281 2668 1356 2699 sunt,
1371 2664 1443 2691 intus
1457 2669 1516 2691 esse
1531 2661 1670 2696 faciemus,

723 2774 817 2804 Variae
842 2773 992 2804 lectiones.

77 2839 95 2856 “
107 2844 156 2871 τι-ὀὶ
170 2853 194 2875 0.
220 2848 240 2865 ⁸³
251 2849 330 2889 ψυχῆς
345 2857 372 2878 o.
392 2849 414 2866 “
427 2849 498 2882 αὐτὸς
511 2857 538 2879 o.
567 2849 589 2867 ⁸⁷
603 2850 678 2878 αὐτὸν
697 2858 724 2880 ο.
757 2850 779 2868 ⁸³
790 2849 896 2887 ἐμαυτὴν
916 2850 1014 2888 ἥγημαι
1028 2856 1055 2877 ο.
