1890 3077
198 147 260 174 1271

704 142 960 172 THEOPHYLACTI
979 143 1158 172 BULGABLE
1177 144 1333 172 ARCHIEP.

1855 44 1872 107 i

1802 143 1848 168 if".
1869 144 1875 187 |

196 215 244 244 per
259 206 505 236 mansuetudinem
526 206 601 242 ipsos
616 205 653 234 ad
667 206 889 243 pmdicationem
909 210 997 235 attra-

1087 206 1221 246 ιήσωμεν,
1241 207 1283 237 διὰ
1310 209 1357 244 τῆς
1376 207 1520 241 ἐπιεικείας
1546 205 1645 240 αὖτοὺς
1679 205 1853 247 προσίτῖτέ

195 253 299 281 hentes.

231 299 320 326 Vens.
335 299 362 325 6.
382 298 472 326 Sermo
495 299 581 324 vester
604 303 707 332 semper
724 297 754 324 t'n
776 297 866 331 gratia
884 297 940 324 sale
961 298 997 323 sit

196 342 327 370 conditus.
352 341 478 370 Sermoni
503 345 592 369 vestro
614 341 680 368 insit
698 341 868 377 jucunditas,
894 341 995 377 inquit;

195 391 387 416 verumtamen
409 386 437 414 in
459 386 653 415 scurrilitatem
670 385 773 421 absque
792 386 848 414 ullo
867 393 996 422 persona-

197 440 262 461 rum
275 431 433 460 discrimine
447 439 504 459 non
528 430 638 464 incidat,
662 438 750 466 neque
772 430 996 465 dissolutionem,

197 476 245 506 sed
266 475 417 512 stringendi
448 475 503 504 vim
518 475 630 509 habeat;
652 475 679 503 id
702 475 776 503 enim
797 475 836 503 sal
860 475 962 504 indicat
988 484 995 502 :

198 529 288 557 neque
299 521 338 549 sis
356 528 438 556 supra
462 519 577 548 modum
596 520 746 556 jucundus,
761 528 811 548 nec
830 528 912 556 supra
935 527 995 548 mo-

196 566 265 594 dum
277 570 402 594 austerus
418 575 424 594 :
448 564 684 601 quemadmodum
697 564 774 592 cibus
788 564 810 593 si
826 565 883 594 sale
894 569 995 599 carent,

197 609 360 647 injucundus
375 613 438 638 est:
459 609 482 638 si
506 617 570 637 vero
593 609 741 646 praesalsus
766 609 812 642 sit,
841 609 931 645 gustui
956 613 998 637 est

197 655 321 691 ingratus
332 654 464 683 omnino:
479 658 597 690 utroquc
618 657 712 682 autem
726 653 812 682 modo
823 653 865 682 edi
880 661 935 681 non
951 662 997 690 po-

196 703 260 728 test.
278 700 375 728 Nonne
389 699 466 727 vides
487 699 640 731 Danielem,
655 706 773 735 quanam
788 699 893 727 ratione
907 699 997 728 homi-

197 752 261 774 nem
275 744 391 781 impium
407 746 501 773 curet?
521 745 622 772 Nonne
637 744 714 772 vides
726 748 781 772 tres
796 752 905 780 pueros,
926 752 996 781 quo-

199 789 285 817 modo
301 789 370 817 nihil
393 796 523 825 asperum
543 792 591 817 aut
603 788 763 821 molestum,
778 787 828 816 sed
848 788 987 817 fortitudi-

1050 253 1088 292 τῷ
1102 252 1263 292 κηρύγματι.

1090 311 1103 323 ιι
1119 297 1153 327 Ὀ
1174 297 1250 336 λόγος
1273 299 1346 337 ὑμῶν
1371 298 1485 328 πάντοτε
1512 299 1538 327 ἔν
1560 297 1660 337 χάριτι
1678 295 1770 324 ἅλατι
1790 297 1857 333 ἡρπ-

1051 341 1136 380 μίνος.
1158 356 1170 368 ι
1190 342 1295 382 Ἐχέτω
1317 342 1382 381 μὲν,
1403 343 1468 383 φησὶ
1481 365 1490 381 ,
1514 340 1716 382 χαριεντισμὸν
1748 342 1766 369 ὁ
1798 341 1858 376 λέγε

1050 389 1139 425 ὑμῶν·
1167 386 1238 423 πλὴν
1265 387 1302 425 μὴ
1327 388 1362 420 εἰς
1383 387 1541 428 ἀδιαφορίαν
1566 387 1595 410 ‘9
1627 385 1798 415 ἐκπιπτέτω
1827 398 1859 412 2:

1050 431 1170 468 ἔκλυσιν,
1193 431 1254 461 ἀλλ’
1271 432 1339 462 ἔστω
1360 432 1406 462 καὶ
1426 432 1544 473 στύφων·
1570 434 1658 460 τοῦτο
1671 430 1726 470 γὰρ
1754 430 1791 458 τὸ

1050 476 1137 512 δηλοῖ.
1153 476 1231 512 Μήτι
1245 477 1313 517 πέρα
1330 479 1378 506 τοῦ
1394 471 1489 517 μέτροὺ
1505 476 1631 516 ἐπίχαρις
1649 476 1701 505 ἔσο
1711 498 1719 511 ,
1731 474 1823 522 ..μήτε
1837 471 1861 502 πῖ

1052 521 1193 561 αὐστηρός-
1209 520 1300 561 ὥσπερ
1314 521 1345 551 τὸ
1363 523 1478 562 βρῶμα,
1495 521 1541 551 ἐάν
1559 533 1588 550 τε
1607 521 1714 550 ἄναλον
1728 520 1749 560 ᾖ
1763 542 1771 555 ,
1791 520 1862 553 hii;
1886 551 1887 559 γ

1051 567 1136 596 ἐστιν·
1157 566 1200 595 ἐάν
1222 578 1250 596 τι
1269 566 1384 603 ἁλυκὸν,
1401 566 1585 605 ἀπαρᾶδεκτσν
1613 565 1686 598 ὅλως

1052 610 1206 651 ἀμφοτέρως
1234 611 1262 641 δὲ
1285 611 1416 651 ἄϐρωτον.
1441 612 1503 651 Οὖχ
1525 613 1588 651 ὁρᾷς
1608 610 1657 639 τὸν
1680 610 1796 645 Δανιὴλ
1818 611 1863 640 2;;

1053 655 1187 695 ἄνθρωπον
1222 655 1307 692 ἀσεϐῆ
1337 655 1495 695 θεραπεύεις
1527 656 1577 695 οὐχ
1609 657 1679 695 δρᾷς
1706 655 1774 686 τοὺς
1802 658 1860 692 τριεέ
1886 674 1887 685 ι

1052 701 1164 736 παῖδας,
1189 702 1223 734 ὥς
1246 700 1318 730 οὐδὲν
1341 699 1423 739 θρασὺ
1445 700 1491 729 καὶ
1512 700 1641 739 ἐπαχθὲς,
1670 699 1734 727 ἀλλ’
1753 699 1860 737 civicis:

1052 745 1097 774 καὶ
1122 745 1273 785 παῤῥησίαν
1299 744 1498 781 ἐπεδείκνυντο;
1526 745 1567 775 Τὸ
1595 743 1650 784 γὰρ
1681 743 1859 783 θρασύνεσθαί

1053 791 1100 819 οὐκ
1113 789 1170 819 ἔστι
1183 789 1351 830 παῤῥησίας,
1366 789 1436 818 ἀλλὰ
1453 788 1614 824 κενοδοξίας.

196 842 260 862 nem
284 838 311 862 et
342 833 497 862 libertatem
523 832 722 862 ostendebant?
755 833 941 862 Temerarium
965 834 1039 863 enim
1063 841 1122 863 esse
1151 838 1179 862 et
1212 833 1358 868 audacem,
1387 841 1443 862 non
1469 838 1511 862 est
1539 833 1666 868 ﬁduciae,
1697 832 1751 862 sed
1791 840 1863 860 vane

197 879 298 916 gloria.

236 926 269 952 Ut
280 926 371 953 sciatis
386 924 514 960 quomodo
528 926 650 959 oporteat
665 931 710 951 vos
725 925 869 959 unicuique
882 932 993 960 respon-
1009 927 1032 958 Β

197 970 270 998 dere.
284 970 374 998 Aliter
385 969 474 1003 diviti,
489 972 516 996 et
530 968 611 997 aliter
625 968 747 1004 pauperi.
761 968 836 996 Illius
850 969 924 997 enim
935 969 995 997 ani-

196 1021 269 1049 mus,
291 1014 392 1050 quippe
407 1013 546 1048 inﬁrmus,
564 1013 649 1041 multa
668 1013 896 1042 condescensione
921 1013 996 1042 indi-

197 1063 242 1094 get
262 1068 268 1086 :
290 1059 417 1095 pauperis
443 1062 535 1086 autem
564 1057 676 1086 solidior
697 1062 739 1087 est
766 1068 773 1086 z
795 1066 880 1094 quare
907 1063 996 1095 potest

198 1103 282 1131 etiam
305 1103 387 1137 ferre,
408 1103 430 1132 si
445 1103 553 1140 gravius
567 1102 755 1139 quadsntenus
777 1111 841 1131 cum
860 1110 893 1131 eo
921 1111 994 1140 agas.

201 1147 229 1175 Si
245 1147 319 1176 nulla
342 1148 489 1176 necessitas
504 1151 611 1183 urgeat,
634 1155 668 1176 ne
687 1155 766 1176 voces
786 1147 916 1176 Graecum
937 1147 994 1184 pol-

198 1191 296 1225 lutum,
312 1200 400 1229 neque
414 1193 614 1221 contumeliose
627 1199 691 1220 eum
703 1192 832 1221 insessas.
850 1193 995 1225 Praeterea,

198 1237 220 1265 si
240 1236 275 1265 ad
300 1237 450 1273 principem
476 1236 632 1271 adduearis,
647 1236 792 1266 decentem
815 1237 839 1265 ei
862 1237 996 1266 honorem

200 1282 314 1310 tribue:
335 1282 378 1310 sin
394 1281 427 1310 de
447 1281 577 1318 dogmate
601 1281 723 1318 ipsorum
745 1282 932 1318 interroget-is,
952 1281 997 1310 dic

199 1325 266 1354 illud
280 1333 340 1355 esse
359 1326 506 1362 profanum
525 1330 553 1355 et
571 1327 696 1363 impium.
723 1327 824 1355 Paulus
837 1334 902 1355 sane
925 1326 998 1362 apud

199 1371 378 1400 Athenienses
391 1379 457 1400 cum
471 1379 570 1400 eorum
582 1371 661 1400 laude
683 1371 804 1408 loquitur
815 1375 836 1389 ’³
864 1380 871 1399 :
892 1371 998 1407 Elymm

199 1420 293 1444 autem
313 1415 459 1450 maledicit,
475 1417 538 1452 quia
551 1415 649 1452 dignus
661 1420 720 1444 erat
731 1421 754 1444 ι.

237 1461 325 1489 Vens.
342 1463 367 1488 1.
389 1461 453 1494 Quis
467 1461 537 1488 circa
551 1468 592 1488 mc
602 1463 670 1488 sunt
687 1462 777 1488 omnia
789 1461 862 1488 vobis
873 1463 936 1488 nota
957 1461 1001 1494 fa-

199 1507 249 1533 ciet
270 1507 407 1540 Tyc/iicus.
432 1505 492 1533 Hoc
505 1513 614 1541 quoque
629 1506 790 1541 sapientiam
809 1505 922 1538 indicat,
943 1513 999 1532 non

201 1550 294 1578 omnia
318 1550 444 1586 Epistolis
467 1549 597 1583 inserere,
629 1549 677 1578 sed
710 1550 862 1578 necessaria
892 1554 999 1578 tantum

1088 940 1100 953 ι
1117 925 1224 957 Είδέναι
1238 926 1293 958 πῶς
1309 925 1348 954 δεῖ
1362 927 1430 963 ὑμᾶς
1445 923 1482 953 ἐνὶ
1497 923 1604 963 ἑκάστῳ
1620 922 1831 963 ἀποκρίνεσθαι.
1851 937 1860 947 ι

1049 970 1151 1005 Ἄλλως
1165 972 1204 1010 τῷ
1218 969 1355 1010 πλουσίῳ,
1377 968 1423 998 καὶ
1438 968 1524 1001 ἄλλως
1539 969 1578 1008 τῷ
1597 968 1714 1003 πένητι.
1735 969 1796 998 Τοῦ

1049 1016 1100 1055 γὰρ
1127 1017 1144 1051 ἡ
1170 1014 1259 1055 ψυχὴ,
1287 1015 1322 1047 ὡς
1353 1012 1479 1051 ἀσθενὴς,
1506 1014 1591 1042 δεῖται
1623 1012 1858 1051 συγκαταϐἁσειιες

1050 1061 1150 1096 πολλῆς
1160 1072 1166 1078 ·
1187 1061 1234 1089 τοῦ
1259 1058 1286 1088 δὲ
1301 1058 1413 1094 πένητος
1429 1057 1602 1098 στιῤῥοτίρα,
1628 1058 1672 1086 διὸ
1687 1059 1735 1086 καὶ
1750 1058 1856 1086 δύηται

1052 1106 1210 1145 βαστάζειν,
1248 1103 1299 1133 κᾶν
1336 1102 1538 1142 ἐμϐριθέστερον
1571 1103 1648 1142 αὐτῷ
1687 1104 1856 1141 προστιθῇς.

1052 1151 1196 1188 Μηδεμιᾶς
1224 1149 1301 1184 οὔσης
1328 1147 1462 1186 ἀνάγκης,
1491 1146 1528 1185 μὴ
1553 1146 1632 1175 κάλει
1657 1147 1705 1176 τὸν
1737 1147 1854 1181 Ἕλληνι

1051 1194 1146 1234 μιαρὸν
1157 1217 1166 1231 ,
1183 1193 1250 1231 μηδὲ
1266 1192 1311 1222 tuo
1326 1191 1462 1231 ὑϐριστής.
1481 1190 1563 1221 Ἀλλὰ
1582 1190 1630 1220 καὶ
1658 1191 1713 1220 κᾶν
1727 1192 1795 1232 πρὸς
1813 1191 1855 1228 ἆρ-

1050 1251 1133 1279 χοντα
1155 1240 1297 1278 εἶσαχθῇς,
1324 1237 1372 1270 τὰς
1400 1235 1587 1277 προσηκούσας
1613 1236 1702 1274 τιμὰς
1726 1237 1852 1273 iniung-

1053 1283 1083 1313 ἂν
1099 1284 1126 1314 δὲ
1147 1284 1207 1323 περὶ
1226 1285 1272 1312 τοῦ
1296 1282 1426 1320 δόγματος
1452 1282 1601 1320 ἐρωτηθῇς,
1619 1280 1687 1319 λέγε
1711 1281 1780 1310 αὐτὸ
1796 1292 1854 1317 μιαι

1053 1329 1096 1369 ρὸν
1112 1328 1159 1358 καί
1179 1327 1283 1360 ἀσεϐές.
1308 1326 1343 1357 Ὁ
1367 1327 1474 1359 Παῦλος
1498 1324 1646 1361 Ἀθηναίοις
1663 1326 1717 1364 μὲν
1742 1327 1803 1364 μετ’
1816 1327 1853 1354 εὖ·

1052 1373 1154 1430 ῗημίας
1174 1373 1262 1412 ὁμιλεῖ
1273 1383 1280 1392 ’
1296 1371 1340 1400 τὸν
1356 1371 1384 1401 δὲ
1401 1370 1522 1409 Ἐλύμαν
1538 1371 1703 1409 κακολογεῖ·
1725 1370 1798 1405 ἄξιος
1812 1371 1855 1409 γὰρ

1052 1430 1096 1454 ην,

1094 1476 1107 1489 ι
1125 1462 1169 1492 Τὰ
1189 1461 1248 1491 κατ’
1269 1460 1316 1499 ἐμὲ
1340 1460 1428 1490 πάντα
1453 1459 1578 1500 γνωρίσει
1604 1461 1670 1498 ὑμῖν
1693 1460 1829 1500 Τυχιιός.
1845 1474 1854 1484 -

1056 1507 1110 1538 Καὶ
1119 1509 1196 1536 τοῦτο
1227 1506 1281 1535 ἀπὸ
1295 1506 1398 1546 σοφίας,
1425 1504 1455 1534 τὸ
1470 1504 1508 1542 μὴ
1521 1503 1611 1534 πάντα
1633 1504 1741 1533 τιθέναι
1765 1506 1794 1534 ἐν
1808 1509 1855 1535 ταῖς

1052 1552 1241 1587 Ἐπιστολαῖς,
1269 1550 1339 1580 ἀλλὰ
1360 1549 1395 1579 τὰ
1418 1551 1550 1588 ἀναγκαῖα
1574 1549 1620 1578 καὶ
1647 1550 1854 1588 κατεπείγοντα,

202 1600 286 1631 atque
295 1594 419 1630 urgentia
431 1603 438 1622 :
450 1594 583 1630 primum,
596 1598 628 1622 ut
644 1602 691 1622 eas
705 1602 760 1623 non
781 1603 862 1630 supra
882 1595 996 1622 modum

1086 1598 1167 1636 ρῶτον
1195 1595 1242 1634 μὲν
1270 1595 1313 1624 διὰ
1335 1593 1365 1624 τὸ
1388 1593 1425 1633 μὴ
1455 1593 1582 1632 μηκύνειν
1613 1593 1734 1626 ταύτας·
1766 1594 1852 1623 ἔπειτα

203 1639 288 1676 498
310 1639 428 1674 prolixae
443 1638 525 1666 iaciat
545 1649 551 1666 :
572 1638 681 1672 deinde,
702 1643 733 1667 ut
748 1639 771 1667 is
786 1639 833 1675 qui
853 1639 998 1675 proﬁcisci-

200 1688 255 1716 tur,
269 1682 366 1710 habeat
388 1682 470 1710 etiam
488 1683 563 1718 quod
579 1686 728 1716 recenseat,
757 1687 839 1719 atque
861 1683 926 1711 hinc
951 1683 1002 1712 ho-

202 1728 326 1756 noratior
351 1727 494 1755 habeatur.
522 1728 626 1762 Tertio,
646 1727 767 1756 ostendit
789 1735 911 1763 quonam
937 1736 998 1764 erga

203 1773 293 1809 ipsum
307 1771 409 1800 affectu
433 1772 556 1800 imbutus
573 1771 656 1800 fuerit
678 1783 686 1800 :
713 1780 771 1801 non
795 1773 870 1800 enim
891 1773 915 1801 ei
936 1774 999 1802 talia

202 1817 372 1846 credidisset.
397 1817 514 1851 Deinde,
534 1817 663 1846 nonnulla
685 1817 791 1852 habuit,
813 1825 876 1854 qua:
895 1825 943 1854 per
957 1818 1001 1846 lit-

203 1868 276 1892 teras
290 1864 378 1899 palam
395 1863 452 1891 iieri
467 1870 523 1890 non
538 1862 669 1898 oportuit.

238 1909 355 1938 Dilectus
366 1908 466 1943 frater,
481 1910 506 1936 et
519 1909 607 1943 ﬁdelis
621 1910 756 1942 minister,
778 1911 803 1936 et
817 1917 955 1937 conservus
969 1910 998 1937 in

204 1955 323 1982 Domino.
345 1953 373 1981 Si
396 1953 520 1986 dilectus,
540 1953 633 1980 omnia
658 1953 735 1980 novit
754 1963 761 1980 :
777 1953 801 1981 si
815 1952 914 1987 ﬁdelis,
941 1961 998 1982 non

203 1998 355 2027 mentietur
387 2007 393 2025 :
416 1998 438 2026 si
464 2004 620 2032 conservus,
645 1998 782 2034 particeps
807 2002 848 2026 est
869 1998 997 2026 tentatio-

203 2051 280 2072 num.

238 2089 324 2116 Vsns.
341 2090 369 2115 8.
387 2088 468 2121 Quem
490 2087 552 2114 misi
567 2087 604 2114 ad
619 2095 663 2115 vos
677 2087 714 2114 ad
728 2087 775 2115 hoc
795 2088 895 2122 ipsum,
910 2089 941 2115 ut
956 2096 999 2115 co-

203 2134 312 2168 gnoscat
327 2140 387 2167 quis
401 2132 472 2159 circa
491 2139 537 2159 eos
561 2134 631 2166 sunt,
657 2134 725 2160 etut
747 2133 895 2160 consoletur
920 2133 1000 2160 corda

203 2180 300 2206 vestra.
324 2177 378 2205 Hic
400 2184 484 2213 quam
507 2184 570 2213 erga
595 2177 668 2212 ipsos
684 2176 802 2204 habebat
826 2176 998 2211 charitatem,

202 2222 321 2257 indicat;
342 2221 477 2257 siquidem
497 2221 556 2249 ideo
574 2221 663 2257 ipsum
678 2221 764 2254 misit,
780 2225 811 2249 ut
830 2229 874 2249 res
889 2221 1000 2249 illorum

202 2255 361 2303 cognoscat,
374 2255 432 2294 non
453 2270 484 2294 ut
511 2274 560 2294 sua
581 2255 647 2302 ipsis
662 2265 814 2299 denuntiet,
837 2265 884 2293 sed
908 2271 938 2294 ut
953 2274 1000 2294 eos
1015 2255 1039 2287 D

203 2311 365 2339 consoletur.
383 2310 509 2339 Ostendit
526 2314 618 2338 autem
641 2318 688 2338 eos
711 2310 908 2339 tentationibus
926 2318 1000 2347 pres-

203 2363 249 2383 sos
263 2362 334 2388 esse,
347 2359 429 2391 atque
449 2363 520 2391 opus
534 2355 635 2383 habere
648 2355 790 2383 solamine.

240 2400 328 2428 Vsns.
343 2403 368 2428 9.
384 2401 448 2428 Cum
464 2401 584 2428 Onesimo
598 2401 671 2435 ﬁdeli
685 2409 716 2428 ac
731 2401 825 2428 dilecto
839 2401 937 2434 fratre,
954 2402 1002 2436 qui

204 2447 245 2472 est
258 2453 292 2472 ea:
312 2445 396 2472 vobis.
414 2445 562 2472 Onesimus
576 2445 626 2472 ite
652 2449 693 2474 est
708 2453 802 2474 servus
822 2445 997 2474 Philemonis.

205 2490 296 2525 Papae!
324 2487 360 2516 ad
380 2493 511 2524 quantam
536 2489 695 2525 dignitatem
716 2490 848 2525 pervenit,
863 2495 894 2518 ut
917 2489 1002 2518 frater

203 2532 285 2561 etiam
308 2531 385 2559 Pauli
406 2531 454 2559 sit!
478 2531 579 2559 Paulus
597 2535 688 2559 autem
710 2539 766 2559 non
791 2532 894 2568 pudeﬁt
918 2532 1001 2561 frater

203 2584 262 2605 esse
282 2577 363 2605 servi.
385 2575 465 2604 Cedit
486 2583 568 2611 porro
583 2575 609 2603 in
628 2575 734 2604 Iaudem
750 2577 824 2604 urbis
839 2584 946 2611 eorum,
972 2577 1001 2605 id

204 2621 279 2658 quod
293 2622 340 2655 ait,
361 2622 413 2656 Qui
424 2622 462 2648 est
476 2628 512 2648 ex
525 2620 608 2652 vobis,
623 2624 654 2648 ut
665 2620 817 2657 glorientur
828 2621 902 2657 quod
916 2621 1000 2650 talem

204 2666 378 2702 protulerint.

201 2757 206 2762 ,
238 2729 259 2742 ω
274 2727 337 2754 Act.
353 2734 419 2755 xw.
437 2729 478 2754 22.
516 2731 529 2744 ιι
543 2728 606 2754 Act.
624 2734 696 2762 xm,
714 2728 754 2755 io.

1053 1641 1096 1671 ἵνα
1112 1641 1158 1671 καὶ
1178 1642 1193 1670 ὃ
1208 1640 1388 1679 ἀπερχόμενος
1407 1638 1458 1679 ἔχῃ
1473 1650 1498 1667 τι
1522 1639 1687 1677 διηγεῖσθαι,
1716 1640 1851 1668 ardye-£569

1055 1684 1259 1724 αἰδεσιμώτερος
1326 1684 1440 1724 Τρίτον,
1467 1683 1580 1712 δείκνυσι
1601 1684 1658 1716 πῶς
1682 1683 1753 1723 πρὸς
1780 1684 1849 1712 αὐτὴν

1053 1731 1198 1760 διάκειται·
1235 1729 1265 1758 οὐ
1296 1728 1348 1768 γὰρ
1381 1728 1411 1757 ἂν
1438 1728 1511 1767 αὖτῷ
1537 1730 1648 1757 τοιαῦτα
1687 1727 1850 1758 ἐπίστευσεν.

1053 1773 1182 1814 Ἔπειτα,
1199 1770 1232 1810 ἦν
1248 1774 1265 1803 ἃ
1279 1774 1327 1803 οὖκ
1350 1772 1402 1803 ἔδει
1427 1772 1470 1802 διὰ
1493 1771 1662 1812 γραμμάτων
1686 1774 1849 1809 δηλωθῆναι.

1093 1917 1105 1929 α
1134 1902 1168 1933 '0
1192 1901 1330 1940 ἀγαπητὸς
1355 1899 1478 1940 ἀδελφὸς,
1509 1900 1555 1929 καὶ
1584 1899 1678 1933 πιστὸς
1710 1901 1846 1935 διάκονος,

1054 1948 1098 1977 καὶ
1117 1947 1255 1980 σύνδουλος
1269 1947 1296 1975 ἐν
1313 1945 1415 1985 Κυρίῳ.
1437 1958 1448 1970 ιε
1461 1946 1503 1982 ΔΕἰ
1529 1944 1682 1983 ἀγαπητὸς,
1704 1945 1802 1976 πάντα
1817 1941 1848 1975 εῖ-

1053 1993 1109 2022 δεν·
1124 1993 1147 2021 εἰ
1167 1991 1273 2028 πιστὸς,
1289 1991 1326 2029 ξοῦ
1340 1990 1365 2014 7⁰
1387 1989 1527 2030 ψεύσεται·
1551 1991 1573 2019 εἰ
1587 1989 1747 2027 σύνδουλος,
1769 2003 1850 2021 κεκαι-

1053 2037 1155 2074 νώνηκε
1171 2038 1222 2066 τῶν
1238 2036 1393 2076 πειρασμῶν
1400 2057 1406 2064 .

1092 2096 1105 2110 ι
1133 2081 1186 2112 dOv
1214 2081 1322 2121 ἔπεμψα
1347 2079 1412 2120 πρὸς
1439 2081 1508 2118 ὑμᾶς
1535 2081 1571 2113 εἰς
1599 2078 1664 2108 αὐτὸ
1690 2083 1791 2117 τοῦτο,
1816 2080 1849 2109 ἵνα

1053 2129 1107 2168 γνῷ
1134 2126 1167 2156 τὰ
1191 2126 1252 2166 περὶ
1276 2126 1368 2164 ὑμῶν,
1391 2124 1436 2154 καὶ
1461 2124 1637 2164 παρακαλέσῃ
1662 2124 1713 2158 τὰς
1745 2126 1848 2164 καρδίας

1054 2173 1138 2210 ὑμῶν.
1158 2184 1169 2197 ιι
1182 2171 1317 2200 Ἐνταῦθα
1328 2169 1376 2206 τὴν
1391 2168 1455 2205 πρὸς
1470 2168 1563 2202 αὐτοὺς
1577 2169 1684 2207 ἀγάπην
1701 2169 1844 2204 δείκνυσιν,

1054 2217 1078 2246 εί
1090 2228 1119 2255 γε
1137 2215 1179 2245 διὰ
1189 2217 1265 2245 τοῦτο
1278 2214 1358 2244 αὐτὸν
1377 2213 1561 2249 ἀπέσταλκεν,
1575 2212 1617 2242 ἵνα
1632 2215 1689 2253 γνῷ
1703 2214 1738 2243 τὰ
1756 2216 1846 2247 αὐτῶν,

1055 2261 1106 2301 οὐχ
1123 2260 1166 2290 ἵνα
1183 2260 1216 2289 τὰ
1232 2261 1312 2290 αὑτοῦ
1336 2258 1486 2298 ἀπαγγείλῃ
1502 2259 1608 2294 αὐτοῖς,
1626 2259 1686 2286 ἀλλ’
1701 2257 1749 2288 ἵνα
1766 2259 1847 2290 αὐτοὺς

1054 2304 1240 2345 παρακαλέσῃ.
1256 2303 1380 2334 Δείκνυσι
1397 2303 1424 2333 δὲ
1441 2302 1536 2337 αὐτοὺς
1551 2304 1579 2332 ἐν
1595 2307 1758 2343 πειρασμοῖς
1772 2304 1846 2338 ὄντας,

1055 2351 1100 2380 καὶ
1119 2350 1312 2390 παρακλήσεως
1332 2348 1488 2389 χρῄζοντας.

1095 2407 1107 2421 α
1129 2393 1183 2424 Σὺν
1203 2393 1342 2434 Ὀνησίμῳ
1358 2395 1396 2433 τῷ
1410 2394 1498 2433 πιστῷ
1512 2391 1558 2434 καί
1579 2393 1712 2432 ἀγαπητῷ
1730 2394 1844 2434 ἇδελρῷ,

1055 2439 1081 2472 ὅς
1095 2441 1164 2469 ἐστιν
1178 2439 1204 2473 ἐξ
1221 2440 1305 2478 ὑμῶν.
1330 2433 1343 2465 ἱ
1365 2437 1510 2476 Ὀνήσιμος
1523 2433 1595 2470 οὗτός
1618 2438 1687 2467 ἔστιν
1703 2440 1719 2468 ὁ
1740 2442 1787 2468 τοῦ
1800 2433 1843 2468 Φι-

1055 2483 1169 2522 λήμονος
1186 2484 1285 2518 δοῦλος.
1302 2482 1393 2514 Baiani.
1411 2482 1457 2518 δὲ,
1477 2483 1513 2516 είς
1526 2482 1618 2518 ἡλίκον
1635 2481 1719 2518 ἀνέϐη
1735 2482 1842 2522 ἀξίωμα,

1055 2527 1124 2558 ὥστε
1144 2528 1189 2558 καὶ
1204 2528 1316 2569 ἀδελφὸς
1330 2523 1398 2558 εἶναι
1413 2526 1537 2569 ῌαύλουῐ
1560 2526 1614 2557 Καὶ
1633 2528 1743 2560 Παῦλος
1760 2528 1786 2557 δὲ
1805 2529 1841 2557 οὐκ

1076 2575 1083 2586 9
1128 2573 1135 2583 ι
1261 2567 1280 2582 ...⁷
1300 2574 1312 2582 κ
1334 2572 1351 2583 ι·
1417 2567 1433 2601 ἶ
1507 2572 1514 2582 a
1591 2571 1598 2581 ι
1644 2571 1651 2582 ι
1725 2572 1732 2582 ι
1833 2571 1839 2588 i_

1056 2585 1210 2614 αισχυνεται
1232 2585 1278 2602 του
1299 2580 1392 2602 οουΛου
1407 2584 1419 2602 ε
1434 2583 1475 2601 ναι
1500 2572 1621 2611 αδελφος.
1656 2573 1798 2610 Εγκωμισν
1820 2574 1839 2601 δι

1054 2620 1101 2654 τῆς
1115 2619 1214 2651 πόλεως
1228 2619 1326 2655 αὐτῶν,
1338 2617 1380 2656 τὸ,
1396 2630 1409 2643 ι
1423 2615 1476 2650 ⁷ος
1489 2616 1560 2646 ἐστιν
1572 2615 1598 2650 ἐξ
1617 2617 1702 2654 ὑμῶν,
1719 2628 1734 2645 ι
1751 2617 1790 2646 ἵνα
1803 2616 1840 2646 καὶ

1056 2662 1306 2702 ἕγκαλλωπίζωνται
1321 2664 1356 2696 ὡς
1370 2665 1484 2692 τοιοῦτον
1506 2660 1717 2701 προενεγκόντες.

895 2767 991 2798 Variae
1013 2767 1164 2798 lectiones.

239 2811 260 2828 °'
274 2811 418 2848 διαφθορίαν
433 2819 461 2842 ο.
481 2811 504 2830 ⁷ο
517 2811 587 2840 οὗδὲν
601 2819 626 2840 ο.

1885 2083 1887 2143 1
