1890 3077
26 190 108 217 1273

475 187 649 217 EXPOSITIO
667 188 700 216 IN
720 187 822 215 EPIST.
844 187 890 214 AD
909 186 1046 215 COLOSS.
1066 202 1101 208 —
1120 188 1193 216 CAP.
1215 189 1258 217 IV.

1623 191 1689 218 1274

76 266 90 278 ιι
115 251 214 284 Πάντα
233 253 294 292 ὑμῖν
308 254 447 293 γνωριοῢσι
468 252 502 283 τὰ
517 248 580 283 ὧδε.
599 264 613 281 )›
637 252 782 288 Τουτέστι,
797 250 840 281 Τὰ
855 252 877 282 Α

934 251 1030 280 Omnia
1047 259 1107 286 qua:
1123 251 1167 279 hic
1180 254 1308 286 aguntur,
1323 254 1387 280 nota
1409 253 1511 286 facient
1531 253 1614 281 vobis.
1630 254 1692 282 Hoc

24 297 141 336 δεσμὰ,
159 298 204 327 καὶ
223 298 256 328 τὰ
284 298 354 328 ἄλλα
372 298 407 328 τὰ
426 297 574 338 κατέχοντά
600 309 645 336 με.
673 298 708 328 Εἰ
732 296 784 337 γὰρ
800 296 837 336 μὴ

23 345 130 372 ταῦτα
150 338 196 378 ἦν,
217 338 295 379 ἦλθον
314 342 346 372 ἂν
362 343 426 382 πρὸς
443 344 523 381 ὑμᾶς.

78 401 92 413 ιι
113 388 278 422 Ἀσπάζεται
302 389 371 426 ὗμᾶς
393 387 566 428 Ἀρίσταρχος
580 389 595 417 ὁ
618 386 838 428 συναιχμάλωτός

26 443 103 470 μου.
123 446 136 459 ι
150 428 234 466 Οὗτός
247 434 316 462 ἐστιν
361 432 413 462 ἀπὸ
428 432 619 473 Ἱεροσολύμων
635 432 758 472 ἀναχθεὶς
779 432 837 470 μετ’

27 478 137 508 αὐτοῦ.
154 479 253 512 Μεῖζον
275 477 303 507 δὲ
326 472 384 507 εἷπε
403 479 456 507 τῶν
471 479 614 518 προρητῶν
637 478 651 506 ὁ
672 477 794 513 Παῦλος,
815 475 840 505 εἴ

26 533 68 560 γε
101 523 200 552 ἐκεῖνοι
234 523 282 561 μὲν
314 522 398 557 ξένους
424 523 470 551 καὶ
504 522 707 560 παρεπιδήμους
733 519 839 555 ἑαυτοὺς

27 566 158 596 ἐκάλουν
169 590 178 605 ,
201 562 274 602 οὗτος
289 567 317 597 δὲ
331 567 377 597 καὶ
391 566 563 607 αἰχμάλωτον
580 567 672 597 ἑαυτόν
682 590 688 597 .
707 566 762 596 Καὶ
788 565 839 605 γὰρ

27 613 76 652 τῷ
92 611 152 642 ὄντι
167 612 190 632 ⁷⁶
207 613 327 652 καθάπερ
343 612 524 652 αἰχμάλωτος,
537 611 618 645 οὕτως
633 611 712 650 ἤγετο
726 610 772 640 καὶ
782 610 840 650 ἐφέ-

33 668 121 696 ρετο·
148 658 251 696 μᾶλλον
269 656 297 686 δὲ
312 656 358 687 καὶ
373 660 473 697 χεῖρον.
487 658 548 687 Τῶν
567 656 614 694 μὲν
629 656 680 697 γὰρ
695 654 839 695 αἰχμαλώ-

30 713 116 737 των,
143 703 179 736 ὡς
201 701 304 732 οἰκείων
326 701 486 740 κτημάτων,
510 702 534 730 οῖ
561 701 752 740 κεκρατηκότες
780 701 840 729 ἐπι-

34 747 202 781 μελοῦνται·
217 749 308 776 τοῦτον
331 746 376 782 δὲ,
392 747 427 780 ὡς
442 745 533 786 ἐχθρὸν
547 746 592 775 καὶ
605 745 730 784 πολέμιον
745 744 840 778 πάντες

34 786 110 830 ἦγον
126 791 172 821 καὶ
192 790 294 832 ἔφερον.
315 792 401 822 Τοῦτο
418 790 464 820 καὶ
478 790 586 824 ἐκείνοις
609 791 793 831 παράκλησις,
817 789 842 818 εἴ

34 847 72 874 γε
89 837 105 865 ὁ
120 835 277 870 διδάσκαλος
288 837 315 866 ἐν
331 835 467 869 τοιούτοις.

86 895 99 907 ι
120 880 175 911 Καὶ
192 881 304 922 Μάρκος
321 883 335 911 ὃ
358 880 461 920 ἀνεψιὸς
475 879 613 920 Βαρνάϐα.
634 890 649 908 n
671 879 725 910 Καὶ
745 881 837 908 τοῦτον

35 925 207 966 ἐγκωμιάζει
231 926 284 957 ἀπὸ
304 928 351 962 τῆς
367 925 535 965 συγγενείας·
556 924 638 964 μέγας
659 923 710 965 γὰρ
727 926 741 954 δ
764 926 840 965 Βαρ-

35 971 142 1005 νάϐας.

86 1029 100 1043 ι
127 1015 194 1056 Περὶ
218 1012 248 1046 οὗ
271 1015 380 1046 ἐλάϐετε
395 1015 515 1052 ἐντολὰς,
530 1015 574 1045 ἐὰν
598 1014 662 1054 ἔλθῃ
678 1014 742 1054 πρὸς
756 1015 840 1053 ὕμᾶς,

36 1061 154 1095 δέξασθε
182 1061 270 1092 αὐτόν.
297 1074 308 1087 ιι
336 1061 410 1100 Περὶ,
429 1059 557 1101 Βαρνάϐα
584 1059 646 1093 ἴσως
674 1059 769 1089 ἔλαϐον
795 1058 842 1092 τὰς

37 1106 167 1143 ἐντολὰς,
187 1105 256 1136 ὥστε
272 1105 397 1141 δέξασθαι
417 1106 496 1135 αὐτὸν
518 1105 586 1145 μετὰ
603 1106 695 1143 τιμῆς.
720 1104 841 1134 Δύνασαι

38 1151 73 1180 δὲ
91 1150 179 1185 στίξαι
194 1151 241 1189 μὲν
256 1151 292 1185 εἷς
312 1150 358 1188 τὸ,
377 1164 389 1178 α
405 1150 533 1181 Ἐλάϐετε
557 1149 677 1183 ἐντολάς·
694 1162 706 1175 ι
721 1145 778 1178 εἶτα
793 1149 841 1178 ἀπ’

39 1196 130 1232 ἄλλης
145 1197 229 1236 ἀρχῆς
241 1197 392 1234 ἀναγνῶναι
405 1196 451 1234 τὸ,
464 1209 476 1222 ι
493 1195 558 1226 Ἐὰν
574 1194 637 1235 ἔλθῃ
655 1193 720 1234 πρὸς
732 1195 814 1233 ὑμᾶς,
829 1206 841 1220 ι

39 1235 66 1270 ὦ
80 1241 254 1276 Κολοσσαεῖς,
270 1255 282 1266 ι
298 1240 405 1275 δέξασθε
419 1240 496 1270 αὐτὸν
512 1254 524 1267 1
536 1239 656 1277 ἐντίμως.

87 1299 101 1312 ι
116 1286 171 1316 Καὶ
187 1285 288 1322 Ἰησοῦς
303 1287 316 1315 ὁ
338 1286 481 1326 λεγόμενος
504 1285 629 1318 Ἰοῦστος.
652 1298 664 1311 ι
679 1282 758 1318 Ἴσως
784 1285 839 1314 Κο-

43 1330 143 1371 ρίνθιος
158 1326 189 1366 ἦν
202 1326 287 1364 οὗτος.

88 1389 101 1402 ι
117 1376 153 1406 Οἱ
184 1375 255 1409 ὄντες
283 1377 312 1405 ἐκ
333 1377 494 1415 περιτομῆς,
519 1370 590 1404 οὗτοι
620 1373 693 1411 μόνοι
722 1373 842 1413 συνεργοὶ

43 1421 85 1455 εἷς
113 1420 161 1456 τὴν
185 1420 323 1460 βασιλείαν
357 1423 403 1450 τοῦ
426 1420 507 1451 θεοῦ.
532 1433 543 1446 ιι
575 1417 668 1449 Εἰπὼν
690 1418 720 1447 τὸ
744 1419 841 1452 ἰδιάζον

45 1465 155 1506 ἑκάστῳ
179 1465 205 1484 ⁷³
230 1465 360 1503 ἐγκώμιον
368 1488 376 1501 ,
400 1467 446 1494 νῦν
465 1465 496 1506 το
519 1464 605 1494 κοινὸν
632 1462 729 1499 τίθησι.
760 1463 839 1502 Μέγα

44 1510 101 1550 γὰρ
120 1504 203 1540 ἐδόκει
226 1510 256 1539 τὸ
281 1509 307 1544 ἐξ
322 1509 455 1540 Ἰουδαίων
478 1504 554 1540 εἶναι.
579 1507 693 1544 Ἐπειδὴ
711 1507 738 1537 δὲ
759 1508 841 1547 αἰχμ-

44 1555 165 1590 αλωσίας
183 1554 318 1594 ἐμνήσθη,
334 1554 377 1584 ἵνα
393 1554 431 1594 μὴ
447 1553 592 1593 κατενέγκῃ
609 1553 657 1589 τὴν
672 1555 717 1582 τοῦ
732 1553 840 1582 ἀκούον-

46 1612 92 1634 τος
108 1600 213 1640 ψυχὴν,
240 1599 388 1635 διανίστησι
417 1599 526 1637 λοιπὸν,
553 1598 650 1635 εἰπὼν,
678 1597 717 1627 ὅτι
740 1598 841 1637 Συνερ-

46 1645 125 1684 γοῢσί
147 1657 191 1683 μοι
216 1645 242 1674 ἐν
266 1645 319 1678 τοῖς
343 1646 380 1678 εἰς
409 1644 545 1674 ϐασιλείαν
572 1643 730 1682 εἰσάγουσιν.
756 1641 842 1672 Ὥστε

46 1693 96 1726 τῆς
124 1690 309 1729 αἰχμαλωσίας
333 1691 534 1724 κοινωνοῦντες,
564 1688 610 1718 καὶ
637 1690 684 1724 τῆς
707 1687 842 1727 βασιλείας

46 1736 259 1771 κοινωνήσουσιν,
301 1734 336 1764 ⁸0
374 1733 401 1764 δὲ
439 1734 567 1773 μακάριος
596 1732 723 1768 Ἰωάννης
761 1732 842 1766 οὕτως

48 1780 158 1820 ἀνέγνω,
173 1781 208 1813 ὡς
231 1780 354 1819 ἀμυδρῶς
375 1778 551 1819 παρῃνίξατο”
577 1791 590 1803 ι
614 1779 649 1808 Οἱ
665 1778 737 1810 ὄντες
751 1778 780 1807 ἐκ
795 1788 842 1805 πε-

48 1827 173 1865 ριτομῆς,
199 1820 269 1854 οὗτοι
288 1824 375 1864 μόνοι.
397 1838 409 1851 1
435 1825 470 1854 Οἱ
493 1822 544 1863 γὰρ
559 1822 682 1862 πλείους,
710 1822 736 1857 ἐξ
761 1823 840 1852 ἐθνῶν

47 1866 126 1906 ἦσαν.

96 1927 110 1944 (ι
135 1914 237 1949 Οἴτινες
252 1913 412 1955 ἐγενήθησάν
439 1925 484 1952 μοι
503 1912 666 1954 παρηγορία.
686 1923 701 1941 υ
719 1910 841 1941 Δείκνυσι

49 1961 96 1990 καὶ
114 1959 205 1990 ἑαυτὸν
222 1961 248 1989 ἐν
275 1960 403 1999 μεγάλαις
427 1958 579 1994 κακώσεσι,
602 1957 647 1986 καὶ
663 1956 769 1989 τούτους
795 1968 842 1994 με-

48 2005 144 2045 γάλους
159 2005 250 2044 τινὰς,
274 2004 298 2033 εἴ
324 2016 354 2043 γε
378 2003 480 2042 Παύλῳ
496 2002 646 2043 παρηγορία
671 2001 839 2041 γεγένηνται,

48 2049 122 2090 ςὈρα
136 2049 178 2086 δὲ,
200 2052 257 2083 πῶς
270 2049 313 2079 τὸν
339 2050 365 2078 ἐν
387 2049 490 2087 δεσμοῖς
510 2048 572 2077 ὄντα
587 2048 759 2087 παρηγορῶν,
787 2057 843 2075 κοι-

49 2094 128 2128 νωνὸς
143 2095 213 2135 αὖτῷ
232 2096 279 2130 τῆς
295 2093 431 2133 βασιλείας
451 2091 674 2133 ἄνακηρύττεται.
695 2090 783 2120 Ὥστε
803 2091 843 2119 δεῖ

48 2139 108 2174 τοὺς
121 2139 346 2180 κακουχουμένους
360 2138 403 2168 διὰ
421 2138 538 2179 Χριστὸν
554 2137 759 2178 περιποιεῖσθαι.

897 299 948 330 est,
971 296 1092 328 vincula,
1113 296 1218 333 aliaque
1238 304 1283 325 me
1307 296 1466 325 detinentia.
1489 297 1516 325 Si
1540 298 1611 326 enim
1631 298 1691 327 haec

896 348 954 369 non
968 345 1072 375 essent,
1087 341 1222 369 venissem
1236 341 1271 369 ad
1288 349 1350 369 vos.

932 386 1022 414 Vens.
1040 389 1083 414 10.
1110 386 1219 414 Salutat
1243 394 1288 414 vos
1310 387 1488 415 Aristarchus
1517 389 1690 423 concapti-vus

895 438 979 459 meus.
1003 430 1055 458 Hic
1075 434 1116 458 est
1136 431 1181 467 qui
1205 438 1259 458 una
1279 438 1343 458 cum
1358 431 1415 466 ipso
1434 431 1469 459 ab
1495 432 1690 470 Hierosolymis

896 478 938 503 est
957 474 1094 504 reductus.
1111 475 1200 511 Majus
1219 479 1314 503 autem
1335 483 1419 511 quam
1435 476 1575 512 prophetae
1590 478 1692 506 Paulus

896 519 966 548 dixit
980 528 988 547 :
1005 527 1070 548 nam
1085 519 1122 548 illi
1141 527 1200 548 sese
1211 519 1333 556 hospites
1345 524 1371 548 et
1385 521 1551 556 peregrinos,
1569 521 1612 550 hic
1625 530 1690 550 vero

896 569 924 593 et
935 565 1073 601 captivum
1089 565 1210 601 seipsum
1226 565 1363 593 nominat.
1379 566 1483 593 Revera
1499 566 1570 594 enim
1592 567 1690 602 captivi

895 609 979 638 instar
1002 611 1172 638 tractabatur
1198 610 1394 647 agebaturque,
1420 611 1476 639 imo
1506 611 1593 647 pejus.
1618 612 1690 639 Nam

895 654 1074 690 captivorum,
1089 658 1121 682 ut
1135 663 1247 683 suarum
1257 655 1472 691 possessionum,
1491 656 1535 691 qui
1548 663 1595 684 eos
1615 664 1691 692 cepe-

896 703 970 733 runt,
987 707 1082 728 curam
1103 703 1219 736 gerunt:
1235 699 1310 728 hunc
1330 704 1421 728 autem
1436 708 1486 728 ceu
1505 700 1645 728 inimicum
1664 705 1691 728 et

895 743 1004 772 hostem
1029 752 1127 773 omnes
1148 744 1284 772 ducebant
1312 749 1339 773 et
1360 744 1525 773 tractabant.
1553 745 1609 773 Hoc
1640 745 1692 773 illis

896 789 977 816 etiam
990 789 1018 816 in
1030 789 1249 817 consolationem
1263 789 1370 823 dicitur,
1386 788 1612 826 quandoquidem
1623 797 1691 825 prae.-

896 837 994 869 ceptor
1005 841 1103 862 eorum
1119 833 1277 870 hujusmodi
1294 834 1423 870 patiatur.

931 880 966 906 Et
985 879 1093 907 Marcus
1113 879 1284 907 consobrinus
1305 879 1446 907 Barnabw.
1464 880 1498 906 Et
1516 878 1589 907 hunc
1603 887 1618 907 a
1645 886 1691 907 co-

894 923 1018 959 gnitione
1036 923 1214 951 commendat
1234 933 1240 951 :
1261 931 1361 959 magno
1384 922 1460 952 enim
1480 923 1507 952 in
1529 923 1616 959 pretio
1634 927 1692 951 erat

895 967 1044 996 Barnabas.

931 1023 968 1049 De
993 1030 1045 1057 quo
1067 1023 1206 1057 accepistis
1225 1022 1370 1055 mandata,
1399 1021 1423 1049 si
1450 1022 1552 1049 venerit
1577 1022 1614 1048 ad
1636 1029 1691 1056 vos,

895 1068 1020 1102 suscipite
1040 1067 1127 1094 illum.
1144 1068 1186 1094 De
1195 1066 1321 1095 Barnaba
1331 1066 1427 1095 forsan
1441 1070 1602 1103 acceperant
1615 1075 1692 1095 mau-

894 1111 967 1146 data,
984 1115 1013 1139 ut
1027 1111 1105 1139 illum
1129 1111 1279 1140 honoriﬁce
1308 1112 1474 1148 exciperent.
1500 1113 1581 1140 Potes
1601 1116 1693 1141 autem

897 1155 940 1184 hic
966 1160 1100 1192 punctum
1127 1155 1237 1193 afﬁgere
1267 1161 1346 1193 post,
1375 1157 1508 1185 Mandata
1537 1158 1693 1192 accepistis,

894 1200 990 1229 deinde
1009 1200 1044 1228 ab
1058 1201 1110 1228 alio
1125 1201 1259 1237 principio
1275 1201 1371 1237 legere,
1389 1202 1419 1229 Si
1441 1203 1543 1229 venerit
1556 1201 1593 1228 ad
1607 1209 1661 1236 vos,
1678 1210 1694 1230 ο

895 1246 1083 1278 Colossenses,
1099 1247 1226 1282 suscipite
1240 1254 1299 1274 eum
1318 1245 1480 1274 honoriﬁce.

930 1292 1017 1318 Vens.
1037 1293 1079 1318 Ii.
1110 1293 1145 1319 Et
1158 1292 1233 1319 Jesus
1258 1293 1308 1327 qui
1325 1292 1426 1319 dicitur
1445 1292 1546 1319 Justus.
1568 1292 1694 1321 Fortasse

894 1335 938 1363 hic
950 1335 1004 1363 fuit
1018 1335 1189 1364 Corinthius.

932 1381 984 1414 Qui
996 1383 1060 1408 sunt
1073 1389 1108 1408 c.1-
1122 1381 1322 1408 circumcisione
1337 1390 1346 1407 .-
1362 1381 1394 1408 hi
1407 1381 1459 1408 soli
1471 1383 1535 1409 sunt
1546 1382 1697 1417 coopcrarz'i

895 1425 933 1452 ad
955 1433 1065 1459 regnum
1090 1427 1148 1452 Dei.
1172 1425 1242 1453 Cum
1270 1425 1406 1461 propriam
1428 1425 1561 1462 cujusque
1585 1426 1694 1454 laudem

895 1468 1016 1503 dixisset,
1031 1477 1104 1498 nunc
1119 1469 1204 1506 499
1218 1477 1395 1498 communem
1414 1470 1495 1498 etiam
1509 1471 1587 1506 ponit
1611 1481 1617 1498 :
1634 1479 1693 1498 ma-

894 1521 977 1550 gnum
992 1514 1067 1542 enim
1083 1513 1227 1542 videbatur
1240 1522 1272 1542 ex
1287 1514 1389 1543 Iudaeis
1405 1523 1472 1543 esse.
1489 1515 1629 1551 Quoniam
1645 1523 1694 1543 au-

894 1562 951 1587 tem
976 1559 1136 1595 captivitatis
1162 1559 1341 1592 meminerat,
1375 1567 1409 1587 ne
1432 1560 1544 1596 dejiciat
1562 1559 1695 1588 auditoris

894 1604 1032 1638 animum,
1058 1603 1188 1640 deinceps
1208 1604 1318 1639 excitat,
1342 1604 1479 1641 inquiens,
1505 1606 1695 1640 Cooperantur

896 1648 963 1676 mihi
978 1649 1006 1676 in
1021 1648 1053 1676 iis
1067 1656 1129 1684 quae
1143 1647 1178 1677 ad
1198 1656 1318 1685 regnum
1340 1649 1484 1677 inducunt.
1505 1649 1623 1677 Proinde
1647 1649 1694 1685 qui

895 1693 960 1721 socii
975 1697 1041 1722 sunt
1060 1693 1234 1729 captivitatis,
1255 1698 1338 1721 erunt
1351 1693 1435 1722 etiam
1450 1693 1594 1730 participes
1608 1695 1694 1730 regni.

895 1739 982 1766 Divus
1000 1742 1094 1766 autem
1108 1739 1231 1766 Joannes
1250 1738 1466 1775 Chrysostomus
1480 1738 1553 1766 hunc
1576 1738 1610 1767 ad
1630 1746 1694 1766 mo-

895 1781 961 1810 dum
975 1782 1051 1818 legit,
1065 1783 1143 1820 quasi
1158 1783 1273 1811 obscure
1287 1787 1407 1811 notasset
1419 1783 1541 1817 Iudaeos,
1557 1783 1693 1820 inquiens,

896 1828 949 1861 Qui
957 1830 1021 1855 sunt
1037 1835 1071 1855 ex
1091 1829 1299 1860 circumcisione,
1324 1828 1354 1855 hi
1375 1829 1427 1856 soli
1439 1838 1448 1854 :
1464 1827 1555 1864 plures
1573 1835 1694 1864 namque

896 1879 928 1899 ex
944 1871 1070 1907 gentibus
1083 1871 1205 1900 fuerunt.

933 1917 987 1951 Qui
998 1917 1067 1944 mihi
1079 1918 1192 1951 fueram
1205 1918 1311 1946 solatio.
1327 1917 1452 1946 Ostendit
1466 1924 1526 1946 sese
1540 1917 1567 1945 in
1587 1917 1695 1954 magnis

895 1960 1095 1990 afﬂictionibus
1112 1961 1202 1996 fuisse,
1218 1969 1321 1998 eosque
1335 1969 1452 1998 magnos
1472 1969 1532 1990 esse
1547 1962 1693 1998 quosdam,

896 2006 997 2042 quippe
1012 2006 1058 2043 qui
1073 2006 1157 2034 Paulo
1172 2006 1352 2035 consolationi
1373 2006 1485 2036 fuerint.
1507 2007 1628 2035 Observa
1645 2015 1695 2036 au-

897 2054 952 2078 tem
977 2051 1117 2087 quomodo
1149 2051 1171 2079 is
1191 2051 1237 2087 qui
1259 2051 1397 2087 captivum
1420 2051 1586 2085 consolatur,
1612 2051 1695 2080 simul

894 2095 1034 2131 particeps
1048 2104 1107 2124 esse
1124 2096 1200 2132 regni
1215 2096 1378 2132 praedicetur
1400 2105 1464 2124 cum
1485 2105 1528 2125 eo.
1546 2098 1601 2125 Eos
1616 2097 1696 2133 igitur

895 2140 941 2176 qui
967 2145 1078 2177 propter
1102 2140 1242 2170 Christum
1258 2141 1430 2178 afﬂiguntur,
1456 2141 1592 2171 redimere
1612 2150 1695 2178 opor-

898 2189 946 2213 tet.

94 2241 110 2259 α
136 2229 293 2264 Ἀσπάζεται
319 2230 386 2268 ὕμᾶς
414 2231 428 2258 ὃ
463 2228 618 2268 Ἐπαφρᾶς,
648 2228 662 2256 ὁ
695 2226 721 2260 ἐξ
751 2223 877 2264 ὕμῶν,1]

933 2231 1023 2258 Vsus.
1041 2233 1083 2258 12.
1098 2231 1209 2258 Salutat
1222 2238 1267 2257 vos
1278 2231 1433 2266 Epaphras,
1450 2232 1500 2266 qui
1512 2239 1546 2258 ea:
1559 2231 1632 2259 vobis
1645 2224 1698 2265 est,-

52 2276 138 2308 δοῦλος
153 2275 278 2314 Χριστοῦ.
307 2285 320 2303 r
340 2274 394 2304 Καὶ
409 2275 436 2303 ἐν
451 2274 523 2314 ἀρχῇ
538 2274 584 2308 τῆς
599 2271 775 2307 Ἐπιστολῆς,
796 2271 842 2300 καὶ

51 2323 96 2349 ν’ὗν
119 2319 195 2348 αὐτὸν
225 2318 400 2357 συνίστησιν,
428 2317 472 2347 ἵνα
509 2320 545 2350 ὡς
574 2318 720 2356 ἀγαπῶντα
749 2315 843 2349 αὖτοὺς

54 2365 233 2404 ἀνταγαπῶσι,
248 2363 293 2393 καὶ
316 2364 400 2399 ἡδέως
415 2363 544 2404 ᾅκούωσιν
567 2363 663 2398 αὐτοῦ,
678 2360 702 2390 εἴ
722 2373 747 2389 τι
771 2359 844 2389 διδά-

52 2420 118 2439 σκει.
135 2409 172 2438 Τὸ
186 2407 238 2448 γὰρ
252 2408 388 2446 αἰδέσιμον
404 2403 471 2437 εἶναι
485 2407 529 2436 τὸν
544 2406 712 2442 διδάσκαλον,
727 2405 842 2444 ὠφέλεια

53 2455 103 2483 τῶν
118 2455 255 2492 μαθητῶν,
272 2452 433 2491 πειθομένων
450 2453 522 2492 αὖτῷ
538 2451 552 2481 ὃ
568 2451 600 2481 ἂν
620 2451 694 2490 λέγῃ.
714 2452 792 2488 Μέγα
812 2449 842 2492 δὲ

55 2500 129 2528 αὐτοῦ
152 2496 282 2537 ἐγκώμιον
298 2498 339 2537 τὸ,
357 2498 449 2527 δοῦλον
473 2492 539 2526 εἶναι
564 2497 689 2536 Χριστοῦ,
714 2495 784 2530 Δόξα
798 2489 842 2524 οὖν

54 2544 124 2583 ὑμῶν
136 2543 192 2572 ἔστι
202 2545 318 2576 τοιοῦτος
329 2541 383 2582 ὧν,
400 2543 436 2576 ὣς
449 2540 476 2562 ⁷³
491 2541 517 2576 ἐξ
531 2543 602 2581 ὑμῶν
617 2540 740 2581 γεγονώς.

95 2645 108 2661 α
135 2633 254 2663 Πάντοτε
291 2632 482 2672 ἀγωνιζόμενος
510 2631 578 2671 ὑπὲρ
616 2632 689 2670 ὑμῶν
725 2632 751 2660 ἐν
785 2633 843 2663 ταῖς

55 2682 216 2719 προσευχαῖς.
246 2688 262 2707 n
279 2678 340 2717 Οὐχ
354 2677 446 2711 ἁπλῶς
461 2677 619 2717 εὐχόμενος,
639 2675 698 2705 ἀλλ’
721 2676 841 2713 ἀγωνιῶν

57 2724 98 2753 καὶ
108 2723 210 2764 τρέμων
230 2722 296 2763 ὑπὲρ
311 2723 400 2762 ὑμῶν,
417 2723 447 2752 οὗ
459 2724 511 2762 ’νῦν
525 2722 614 2761 μόνον,
636 2720 705 2750 ἀλλὰ
720 2719 765 2750 καὶ
777 2719 844 2749 πάν-

57 2780 118 2799 τοτε.

895 2281 988 2301 servus
1010 2274 1121 2301 Christi.
1151 2276 1185 2302 Et
1207 2274 1235 2302 in
1256 2274 1387 2311 principio
1411 2275 1551 2311 Epistolaa,
1575 2279 1602 2304 et
1625 2283 1697 2303 nunc

894 2319 984 2355 ipsum
1004 2319 1192 2354 commendat,
1212 2323 1243 2347 ut
1258 2319 1340 2347 veluti
1362 2324 1501 2348 amantem
1523 2320 1596 2356 ipsos
1621 2319 1697 2348 reda-

895 2367 984 2397 ment,
997 2371 1029 2391 ac
1041 2363 1157 2392 libenter
1169 2371 1232 2392 eum
1246 2363 1367 2398 audiant,
1383 2364 1404 2392 si
1417 2363 1485 2400 quid
1497 2364 1604 2392 doceat.
1622 2365 1696 2392 Prae-

895 2412 1036 2443 ceptorem
1057 2408 1130 2436 enim
1155 2408 1183 2436 in
1203 2408 1306 2436 honore
1327 2414 1395 2444 esse,
1418 2409 1446 2436 in
1469 2408 1697 2437 commoditatem

895 2452 1091 2489 discipulorum
1110 2453 1193 2489 cedit,
1217 2453 1468 2490 obtemperantium
1489 2454 1513 2482 ei
1532 2454 1560 2482 in
1580 2455 1614 2482 iis
1636 2461 1698 2490 qua

896 2498 971 2526 dicit.
1003 2500 1101 2535 Ingens
1122 2503 1214 2527 autem
1239 2499 1298 2535 ejus
1318 2499 1487 2535 praeconium
1513 2503 1564 2535 est,
1588 2507 1696 2528 servum

894 2550 953 2571 esse
967 2542 1080 2572 Christi.
1104 2544 1198 2573 Gloria
1213 2545 1295 2581 igitur
1309 2548 1398 2573 vestra
1413 2549 1454 2573 est
1469 2544 1523 2578 ille,
1539 2548 1633 2581 utpote
1649 2543 1697 2579 qui

895 2596 961 2616 cum
975 2588 1038 2616 talis
1051 2589 1095 2622 sit,
1109 2597 1143 2617 ex
1157 2589 1235 2618 vobis
1248 2590 1284 2617 sit
1296 2590 1438 2618 oriundus.

930 2634 1040 2668 Semper
1058 2634 1188 2662 sollicitus
1209 2642 1260 2670 pro
1283 2635 1355 2663 vobis
1387 2636 1416 2662 in
1439 2633 1611 2662 orationibus.
1632 2633 1696 2660 Non

895 2677 1058 2713 simpliciter
1072 2687 1163 2713 orans,
1180 2679 1228 2707 sed
1242 2679 1376 2707 sollicitus
1398 2686 1430 2707 ac
1444 2683 1565 2706 tremens
1584 2684 1633 2712 pro
1649 2684 1697 2704 vo-

899 2721 952 2756 bis,
967 2730 1023 2750 non
1042 2731 1115 2752 nunc
1128 2724 1231 2758 solum,
1246 2724 1295 2752 sed
1309 2730 1425 2759 semper.

759 2812 855 2843 Varia:
877 2811 1028 2843 lectiones.

90 2858 108 2876 ⁷³
122 2859 198 2890 ὄντως
209 2856 258 2893 γὰρ
271 2864 310 2886 ω.
342 2856 364 2873 τ’
379 2856 482 2884 ἑκάστου
496 2863 522 2885 o.
550 2855 572 2874 ⁷³
587 2855 629 2883 ἅτε
641 2863 668 2884 o.
