1890 3077
182 165 249 193 i275

182 272 282 300 lectos.
308 270 506 299 Claudicabant
520 270 595 298 enim
617 269 731 298 omnino
753 270 781 298 in
794 270 922 306 dogmate
945 270 982 299 de

180 317 294 354 angelis.
318 316 389 352 Quia
405 323 470 344 vero
493 320 582 352 potest
602 316 739 352 quispiam
757 323 815 344 esse
835 315 982 352 perfectus.

179 370 229 391 nec
242 366 316 391 stare
328 365 434 395 tamen,
449 360 687 397 quemadmodum
699 369 764 389 cum
779 361 879 396 aliquis
890 360 982 389 omnia

180 406 297 440 noverit,
310 413 366 434 non
381 405 511 433 consistat
524 410 617 433 tamen
631 405 748 434 ﬁrmiter
768 414 776 433 :
792 409 934 441 propterea
950 405 984 433 vi.

181 452 229 486 cit,
246 453 280 480 Ut
300 452 376 479 stetis
393 451 524 487 perfecti,
537 450 661 479 videlicet
679 455 707 479 et
725 450 752 478 in
774 449 897 478 doctrina
916 454 944 478 et
957 449 984 478 in

188 497 252 525 vita.

218 544 254 571 Et
263 542 339 578 pleni
352 542 382 569 in
400 542 474 568 omni
492 541 630 569 voluntate
646 542 702 568 Dei.
718 541 780 568 Hoc
804 543 856 575 est,
868 540 908 568 Ut
921 539 984 568 nul-

183 587 239 615 lam
249 587 331 615 aliam
346 585 515 614 voluntatem
529 585 646 619 faciatis,
660 589 759 621 praeter
772 584 892 613 divinam
909 595 915 613 :
931 584 985 612 hoc

185 632 259 660 enim
283 635 325 659 est
347 631 515 667 completum
536 634 563 658 et
585 629 734 666 perfectum
758 637 828 658 esse.
856 629 985 657 Ostendit

186 681 278 705 autem
295 684 342 712 per
365 676 438 710 haec,
459 683 507 704 eos
530 675 628 711 partim
645 674 746 703 habere
760 673 907 711 quiddam,
922 682 985 710 par-

185 722 235 750 tim
250 721 331 749 etiam
345 720 395 749 illis
410 719 511 757 aliquid
523 720 630 748 deesse.

223 767 307 794 Vens.
328 768 368 794 I3.
400 766 590 794 Testimonium
608 766 678 793 enim
702 765 746 792 illi
765 764 900 800 perhibeo,
916 764 987 799 quod

187 811 282 839 habent
296 811 381 838 zelum
398 811 513 837 multum
527 818 579 845 pro
599 810 683 843 vobis,
699 812 724 837 et
736 817 787 845 pro
801 810 836 837 iis
863 810 912 844 qui
923 813 988 836 sunt

187 856 331 888 Laodicea,
345 857 371 883 et
385 856 433 890 qui
448 856 596 890 Hierapoli.
612 856 735 890 Utraque
747 853 984 890 exaggerationem

188 900 298 934 habent,
313 907 377 927 cum
394 898 469 935 quod
490 900 578 926 zelum
598 898 676 933 dicit,
691 902 750 927 tum
765 897 839 934 quod
859 898 982 926 multum.
999 891 1023 921 Β
1039 901 1096 931 λύν,
1113 914 1125 927 ι

187 943 372 972 Commendat
385 947 480 971 autem
495 951 559 972 eum
580 942 794 971 Laodicensibus
807 946 835 970 et
854 942 985 978 Hierapo~

187 989 280 1018 litanis
295 999 302 1018 :
321 989 436 1018 omnino
448 988 522 1017 enim
541 988 657 1025 perlecta
670 987 802 1024 Epistola,
819 987 853 1015 de
867 994 900 1016 eo
911 986 987 1015 audi-

187 1039 256 1062 rent.

226 1079 316 1107 Vens.
344 1080 387 1106 14.
411 1078 520 1106 Salutat
547 1084 593 1104 vos
621 1078 705 1105 Lucas
725 1076 845 1104 medicus
863 1076 984 1104 dilectus.

190 1126 280 1152 Lucas
304 1124 353 1151 iste
373 1122 536 1159 evangelista
551 1126 602 1155 est,
627 1121 704 1157 cujus
724 1129 779 1149 non
793 1121 924 1157 exiguum
947 1125 988 1149 est

190 1168 357 1202 encomium,
374 1175 439 1196 eum
465 1175 524 1196 esse
540 1167 624 1195 Paulo
649 1166 790 1195 dilectum.
807 1167 901 1202 Neque
915 1165 990 1194 hunc

188 1213 247 1242 aliis
262 1212 424 1250 postposuit,
440 1216 472 1240 ut
485 1220 550 1240 eum
561 1211 748 1245 imminueret,
763 1219 858 1240 verum
873 1215 904 1239 ut
917 1212 988 1247 Epa-

190 1257 287 1294 phram
303 1257 388 1293 500
409 1256 482 1293 apud
502 1257 629 1285 concives
647 1256 739 1292 magni
754 1255 866 1284 faceret.
889 1255 987 1283 Verisi-

191 1301 257 1330 mile
284 1305 325 1330 est
348 1305 441 1330 autem
466 1301 533 1330 alios
557 1301 640 1329 etiam
666 1300 719 1329 hoc
741 1300 853 1329 nomine
878 1304 990 1329 vocatos

189 1347 284 1376 fuisse.

225 1394 265 1422 Ac
279 1395 385 1421 Demas.
401 1391 533 1420 Nondum
546 1391 630 1425 enim,
646 1394 678 1418 ut
692 1390 809 1424 videtur,
825 1390 989 1426 magistrum

191 1437 348 1474 reliquerat.

226 1483 313 1511 Vens.
328 1484 370 1510 15.
384 1482 507 1510 Salutate
516 1482 619 1515 fratres
633 1481 682 1516 qui
692 1481 755 1507 sunt
770 1479 916 1507 Laodiceae.
927 1478 992 1507 Ani-

191 1526 332 1555 madverte
357 1526 404 1563 qui
429 1533 477 1553 eos
498 1524 666 1560 conglutinet
689 1532 720 1552 ac
738 1523 847 1560 copulet
867 1524 938 1552 inter
963 1531 992 1551 se

196 1574 294 1599 mutuo
299 1593 304 1599 .

228 1618 263 1644 Et
277 1615 440 1650 Nympham,
456 1615 481 1641 ct
494 1621 554 1649 qua
566 1614 595 1640 in
609 1613 686 1640 domo
699 1613 757 1647 ejus
782 1615 820 1640 est
835 1613 989 1641 Ecclesium.

195 1661 312 1694 Magnus
323 1658 366 1686 hic
375 1658 414 1685 vir
428 1657 490 1690 fuit,
504 1656 674 1693 quidomum
688 1663 767 1684 suam
782 1660 870 1684 totam
884 1655 990 1684 ﬁdelem

195 1702 334 1736 habuerit,
349 1701 419 1730 adeo
432 1705 463 1729 ut
485 1700 603 1729 Ecclesia
626 1704 779 1729 vocaretur.
796 1701 940 1736 Propterea
963 1704 992 1728 et

195 1747 360 1785 gratiﬁcatur
372 1747 396 1774 ei
418 1746 529 1779 Paulus,
548 1745 666 1773 seorsim
683 1752 748 1773 eum
763 1744 897 1774 salutans.
916 1745 992 1773 Facit

194 1797 285 1822 autem
299 1791 361 1826 hoc,
376 1796 407 1820 ut
422 1795 449 1819 et
459 1791 527 1819 alios
539 1790 574 1818 ad
598 1790 770 1818 consimilem
786 1789 877 1818 zelum
890 1797 989 1826 provo-

193 1842 247 1872 cet,
261 1841 292 1866 ut
306 1837 327 1865 si
344 1841 371 1865 et
392 1837 443 1873 ipsi
467 1836 597 1864 honorari
618 1835 712 1870 velint,
733 1835 891 1872 Nympham
919 1835 992 1863 hunc

195 1883 346 1912 imitentur.

230 1929 322 1956 Vnus.
340 1929 381 1954 16.
396 1927 431 1953 Et
446 1934 505 1953 cum
529 1926 596 1953 lecta
613 1925 699 1959 fuerit
714 1925 789 1960 apud
809 1932 854 1952 vos
869 1924 994 1960 Epistola

196 1973 261 2007 lucc,
277 1973 361 2006 facile
373 1973 403 1998 ut
422 1973 447 1998 et
460 1971 490 1998 in
506 1970 710 1998 Laodicensium
726 1970 846 1998 Ecclesia
877 1969 994 2003 legatur,

195 2021 278 2054 atque
292 2019 323 2045 ut
343 2023 389 2044 vos
403 2016 603 2044 Laodicensium
622 2015 771 2049 Epistolam
786 2015 890 2049 legatis.
911 2015 994 2042 Juxta

198 2070 290 2090 meam
304 2060 469 2089 sententiam
492 2058 600 2087 fuerunt
614 2058 746 2087 nonnulla
766 2059 794 2086 in
813 2059 863 2086 hac
884 2058 994 2095 scripta,

197 2114 258 2144 quas
284 2104 428 2142 oportebat
448 2111 496 2132 eos
514 2103 617 2137 audire,
638 2111 670 2132 ac
684 2111 795 2131 rursum
816 2103 845 2131 in
866 2103 909 2131 illa
935 2111 998 2139 qum

196 2137 342 2181 necessum
357 2153 415 2178 erat
429 2148 478 2177 hos
491 2148 603 2177 discere.
620 2147 709 2184 Major
732 2148 807 2176 enim
824 2151 866 2176 est
874 2137 998 2176 commo-
1012 2137 1037 2169 Ῑ)

197 2197 278 2231 ditas,
292 2194 403 2233 quando
418 2194 478 2223 aliis
499 2193 642 2227 accusatis,
665 2192 708 2220 alii
723 2200 773 2221 sua
788 2196 899 2229 peccata
911 2199 995 2229 agno-

197 2245 288 2270 scunt.
304 2241 373 2276 Qum
387 2247 452 2268 vero
466 2238 518 2267 fuit
532 2237 655 2274 Epistola
667 2245 699 2265 ex
715 2237 871 2265 Laodicea?
892 2236 936 2265 Ad
950 2237 995 2265 Ti-

198 2286 342 2315 motheum
357 2285 442 2322 prima
459 2293 466 2312 :
483 2291 547 2312 nam
561 2283 613 2312 ista
627 2291 659 2311 ex
680 2282 817 2311 Laodicea
831 2281 933 2319 scripta
945 2286 996 2310 est.

199 2331 318 2367 Quidam
343 2334 435 2358 autem
449 2329 537 2364 aiunt,
559 2328 634 2366 quod
656 2335 688 2355 ea
702 2327 786 2356 fuerit
804 2334 887 2364 quam
912 2327 998 2355 Paulo

200 2375 382 2404 laodicenses
402 2374 530 2402 miserint
552 2384 558 2403 :
584 2380 680 2402 verum
700 2372 773 2401 haud
787 2372 844 2400 scio
869 2371 936 2408 quid
954 2372 998 2399 illa

200 2420 268 2456 ipsis
304 2418 481 2446 emolumenti
509 2417 544 2446 ad
572 2418 795 2446 emendationem
822 2416 923 2446 afferre
948 2424 997 2453 po-

201 2464 296 2492 tuerit.

236 2509 327 2537 Vens.
344 2510 386 2535 11.
412 2508 499 2535 Dicite
520 2507 668 2543 Archippo,
693 2507 749 2535 Cur
776 2515 834 2536 non
847 2506 942 2535 scribit
961 2507 998 2535 ad

200 2553 306 2591 ipsum?
321 2553 458 2586 Fortasse,
480 2551 554 2588 quod
567 2551 663 2586 exigua
679 2554 789 2578 tantum
809 2550 998 2579 commonefa-

201 2599 302 2634 ctione,
317 2605 373 2626 non
387 2596 474 2633 longis
489 2595 586 2624 litteris
602 2602 672 2632 opus
685 2595 813 2624 habebat.

240 2644 309 2673 Vide
323 2643 506 2671 ministerium
530 2640 600 2677 quod
624 2641 750 2677 accepisti
772 2641 801 2668 in
821 2641 946 2675 Domino,
969 2643 1000 2669 ut

201 2689 271 2716 illud
293 2689 417 2724 impleas.
440 2687 500 2715 Hoc
526 2685 640 2714 verbum
664 2685 767 2721 ubique
786 2684 969 2722 perterrefacit
993 2694 1000 2714 :

670 162 827 190 THEOPHY
832 161 927 191 LACTI
949 161 1128 191 BULGARLE
1147 162 1303 191 ARCHIEP.

219 228 252 254 Ut
266 227 341 254 stetis
353 225 478 261 perfecti.
501 224 594 253 Tacite
608 232 656 253 eos
679 225 790 253 mordet
809 233 860 253 ceu
881 226 980 262 impera
994 227 1020 260 Α

1785 162 1843 187 ητις

1077 240 1088 252 ι
1104 225 1164 256 Ἷνα
1195 228 1275 263 στῆτε
1301 225 1405 256 τέλειοι.
1429 239 1441 251 ι
1460 225 1562 256 Δᾶκνει
1584 223 1682 258 αὐτοὺς
1705 222 1802 262 ἠρέμα
1816 226 1844 254 ἐξ

1037 272 1138 304 ἀτελεῖς
1153 271 1237 305 ὄντας.
1263 271 1396 306 Ἐσκαζον
1418 270 1470 310 γὰρ
1484 270 1596 303 πάντως
1620 270 1685 310 περὶ
1707 269 1742 298 τὸ
1766 269 1846 306 ὂότμε

1036 319 1081 346 τοῦ
1105 317 1165 357 περὶ
1191 318 1242 346 τῶν
1268 317 1386 355 ἀγγέλων
1403 316 1492 355 λόγου.
1519 315 1602 346 Ἐπεὶ
1630 314 1660 344 δὲ
1687 314 1728 343 ἔνι
1754 315 1847 343 τέΜαι

1038 361 1086 401 μὲν
1102 357 1182 395 εἶναι,
1202 362 1240 400 μὴ
1257 361 1365 391 ἑστάναι
1378 361 1421 397 δὲ,
1437 360 1530 400 ὥσμερ
1544 360 1612 389 ὅταν
1627 371 1670 392 τις
1685 359 1785 388 πάντα

1038 407 1105 446 εἰδῇ,
1118 405 1155 444 μὴ
1170 405 1278 442 ἑστήκοι
1292 406 1319 435 δὲ
1336 405 1464 445 βεϐαίως·
1480 405 1524 434 διὰ
1537 404 1619 434 τοῦτό
1632 415 1720 445 φησιν
1730 416 1738 422 ·
1755 418 1777 441 1,
1790 401 1847 433 Ἵνα

1038 453 1118 488 στῆτε
1131 451 1242 487 τέλειοι,
1260 465 1272 477 ν
1287 451 1314 480 ἔν
1333 463 1362 481 τε
1384 452 1423 491 τῷ
1439 450 1552 490 δόγματι
1576 449 1687 486 δηλαδὴ
1704 449 1754 478 καὶ
1774 450 1802 478 ἐν

1075 527 1090 567 ⁸σι
1110 541 1164 572 Καὶ
1178 540 1383 582 πεπληρωμένοι
1390 542 1417 570 ἐν
1429 540 1510 570 παντὶ
1521 539 1659 579 θελήματι
1675 541 1724 568 τῶ
1735 541 1823 570 Θεοῦ.
1842 552 1849 562 ι

1039 586 1200 622 Τουτίστιν,
1224 585 1284 616 Ἵνα
1307 586 1389 624 μηδὲν
1416 585 1482 615 ἄλλο
1510 585 1618 623 θέλημα
1640 587 1762 620 ποιῆτε,
1826 584 1850 613 τὲ

1038 634 1083 661 τοῦ
1098 632 1178 661 Θεοῦ·
1204 635 1281 661 τοῦτο
1304 630 1356 670 γὰρ
1370 630 1401 660 τὸ
1427 631 1621 669 πεπληρῶσθαι
1644 629 1696 658 καὶ
1726 630 1759 658 τὸ
1783 641 1849 658 τετε-

1039 677 1173 706 λειῶσθαι.
1198 676 1306 706 Δείκυσι
1325 675 1353 705 δὲ
1377 675 1469 709 αὐτοὺς
1489 675 1531 704 διὰ
1556 674 1682 710 τούτωι,
1701 673 1735 703 τὸ
1756 674 1809 713 μέν
1830 685 1850 702 τι

1040 721 1163 761 ἔχοντας,
1179 721 1208 750 τὸ
1223 721 1250 751 δὲ
1265 723 1390 762 ὗστεροῧν
1397 732 1454 753 τας.

1080 779 1093 793 σι
1120 767 1258 806 Μαρτυρῶ
1273 766 1324 806 γὰρ
1341 767 1427 806 αὐτῷ,
1445 765 1486 794 ὅτι
1501 764 1559 805 ἔχει
1577 765 1662 800 ζῆλον
1679 763 1771 793 πολὺν
1790 764 1850 802 ὕπὲ;

1041 813 1131 850 ὑμῶν,
1158 811 1203 840 καὶ
1217 813 1270 840 τῶν
1296 812 1322 840 ἐν
1345 810 1506 850 Λαοδικείᾳ,
1525 810 1570 839 καὶ
1590 811 1648 838 τῶν
1667 810 1696 838 ἐν
1723 808 1851 847 Ἱεραπό-

1039 857 1089 885 λει.
1107 870 1119 882 ιο
1136 855 1287 896 Ἀμφότερα
1298 855 1460 892 ἱπιτάσεως,
1478 855 1548 884 καὶ.
1561 855 1657 890 ζῆλον,
1677 867 1689 879 ι
1708 855 1756 882 καὶ
1773 867 1785 879 ι
1808 865 1851 882 πε-

1149 901 1298 936 Συνίστησι
1321 901 1349 930 δὲ
1366 900 1445 930 αὐτὸν
1460 901 1574 933 καὶτοῖς
1598 899 1785 937 Λαοδικεῦσι⁷
1806 900 1849 927 καὶ

1043 948 1097 979 ¹τοῖς
1113 945 1322 985 Ἱιραπολίταις·
1340 945 1446 979 πάντως
1464 945 1516 985 γὰρ
1535 947 1583 980 τῆς
1597 944 1773 980 Ἐπιστολῆς
1788 946 1850 972 ἄνα·

1043 991 1252 1031 γινωσκομένης,
1268 991 1386 1027 ἤκουσαν
1403 990 1435 1020 ἃν
1452 990 1513 1030 περὶ
1527 989 1635 1020 τούτου.

1085 1095 1096 1107 ι
1121 1081 1280 1116 Ἀσπάζεται
1310 1083 1379 1117 ὓμᾶς
1402 1082 1506 1113 Λουκᾶς
1528 1081 1542 1109 ὃ
1569 1078 1665 1119 ἰατρὸς
1693 1081 1710 1108 ὁ
1745 1079 1847 1116 ἆγαπη-

1045 1125 1089 1160 τός
1101 1126 1138 1157 ⁷⁴.
1155 1140 1167 1152 ι
1182 1129 1287 1159 Λουκᾶς
1298 1122 1372 1159 οἶτος
1386 1127 1400 1155 ὁ
1415 1124 1603 1164 εὖαγγελιστής
1621 1126 1716 1158 ἐστιν,
1733 1119 1764 1153 οὗ
1784 1123 1850 1162 μέγα

1046 1170 1176 1210 ἐγκώμιον
1193 1171 1223 1201 τὸ
1240 1170 1378 1211 ἀγαπητὸν
1403 1165 1470 1200 εἶναι
1493 1169 1614 1200 Παύλου.
1641 1170 1688 1199 Οὖ
1713 1171 1808 1198 τοῦτον
1826 1166 1849 1195 δὲ

1046 1215 1266 1256 κατασμικρύνων
1275 1239 1283 1252 ,
1295 1215 1403 1255 ὕστερον
1416 1214 1546 1251 τέθιικεν,
1559 1213 1630 1243 ἀλλὰ
1641 1213 1690 1243 τὸν
1704 1213 1849 1256 Ἐπαξρῖν

1047 1261 1110 1300 πρὸς
1138 1261 1196 1294 τοὺς
1224 1261 1388 1299 συμπολίτας
1422 1260 1566 1297 σεμνύνων.
1594 1258 1680 1292 Εἰκὸς
1706 1258 1752 1295 δὲ,
1787 1253 1846 1286 εἶναι

1046 1306 1092 1336 καὶ
1109 1305 1204 1340 ἄλλους
1213 1305 1389 1344 καλουμένους
1404 1306 1442 1345 τῷ
1460 1304 1571 1343 ὀνόματι
1585 1302 1685 1344 τούτῳ.

1086 1406 1098 1419 ι
1118 1392 1171 1422 Καὶ
1192 1394 1296 1430 Δημᾶς.
1311 1405 1322 1418 ι
1336 1391 1422 1422 Οὔπω
1435 1390 1504 1432 γὰρ,
1522 1392 1557 1424 ὣς
1571 1390 1670 1429 ἔοικεν,
1689 1389 1849 1429 ἐγκατέλιπε

1046 1436 1089 1465 τὸν
1105 1437 1274 1467 διδάσκαλον.

1087 1495 1098 1507 ι
1129 1481 1298 1511 Ἀσπάσασθε
1331 1481 1392 1514 τοὺς
1428 1482 1455 1510 ἐν
1484 1479 1630 1520 Λαοδικείᾳ
1660 1479 1810 1519 ἀδελφούς.
1843 1491 1850 1503 -

1045 1525 1136 1566 Ὅρα,
1162 1528 1220 1560 πῶς
1246 1526 1340 1560 αὐτοὺς
1365 1526 1500 1567 συγκολλᾷ
1525 1525 1571 1554 καὶ
1600 1524 1738 1554 συνάπτει
1768 1522 1849 1558 ἀλλή-

1045 1571 1110 1604 λοις.

1086 1628 1098 1642 α
1121 1615 1176 1646 Καὶ
1191 1616 1318 1655 Νυμφᾶν,
1334 1615 1380 1646 καὶ
1397 1615 1445 1651 ¹ιὴν
1460 1616 1522 1645 κατ’
1537 1610 1608 1644 οἷκον
1624 1614 1708 1655 αὑτοῦ
1723 1613 1850 1648 Ἐκκλη-

1046 1660 1116 1690 σίαν.
1133 1673 1145 1686 ι
1164 1654 1344 1698 Μέγαςγοῖτος
1365 1662 1379 1690 ὁ
1395 1660 1474 1700 ἀνὴρ,
1490 1660 1529 1689 ὅτι
1546 1658 1593 1689 καὶ
1608 1658 1654 1687 τὸν
1670 1654 1750 1688 οἷκον
1777 1659 1848 1687 αὐτοῦ

1045 1705 1132 1734 πάντα
1152 1704 1261 1738 πιστοὺς
1279 1700 1350 1745 εἶχεν
1356 1729 1365 1741 ,
1390 1704 1459 1735 ὥστε
1481 1706 1526 1734 καὶ
1545 1702 1714 1739 Ἐκκλησίαν
1731 1703 1848 1742 [αὐτὸν]

1045 1750 1193 1780 καλεῖσθαι.
1211 1749 1263 1780 Διὰ
1288 1754 1364 1780 τοῦτο
1388 1750 1435 1780 καὶ
1454 1749 1594 1790 χαρίζεται
1622 1749 1697 1788 αὖτῷ
1721 1749 1846 1780 Παῦλος.

1047 1794 1099 1835 ἰδία
1113 1795 1314 1834 προσαγορεύων
1338 1794 1425 1825 αὐτόν.
1451 1796 1528 1824 Ποιεῑ
1550 1793 1577 1823 δὲ
1593 1795 1672 1822 τοῦτο
1696 1793 1748 1822 καὶ
1770 1793 1813 1822 διὰ
1826 1792 1850 1820 τὸ

1046 1838 1105 1872 τοὺς
1123 1839 1218 1874 ἄλλους
1233 1841 1269 1874 εἷς
1284 1839 1328 1869 τὸν
1344 1839 1422 1869 αὑτὸν
1436 1839 1551 1879 ἐρεθίσαι
1568 1840 1663 1874 ζῆλον,
1678 1837 1724 1867 ἵνα
1745 1839 1770 1867 εἰ
1788 1838 1849 1876 μέλ-

1046 1885 1115 1914 λοιεν
1131 1884 1177 1913 καὶ
1190 1885 1264 1914 αὐτοὶ
1274 1887 1419 1922 τιμᾶσθαι,
1433 1884 1606 1922 μιμήσωνται
1621 1884 1753 1923 Νυμφᾶν.

1090 1941 1102 1954 ε
1130 1929 1185 1958 Καὶ
1213 1929 1276 1959 ὅταν
1293 1931 1448 1968 ἀναγνωσθῇ
1469 1929 1535 1969 παρ’
1557 1930 1619 1967 ὑμῖν
1633 1929 1651 1964 ἡ
1681 1926 1849 1963 Ἐπιστολὴ,

1050 1972 1180 2009 ποιήσατε
1212 1973 1256 2002 ἵνα
1281 1974 1326 2004 καὶ
1363 1976 1389 2004 ἐν
1482 1972 1634 2003 Λαοδικέων
1668 1972 1848 2010 ἀναγνωσθῇ,

1048 2017 1094 2047 καὶ
1114 2018 1163 2058 τὴν
1185 2018 1214 2048 ἐκ
1238 2019 1395 2052 Λαοδικείας
1414 2017 1458 2048 ἵνα
1474 2020 1548 2058 ὓμεῖς
1567 2018 1712 2056 ἀναγνῶτε.
1731 2030 1745 2042 ι
1765 2016 1843 2054 Ἐμάι

1054 2062 1126 2091 δοκεῖ
1139 2057 1207 2092 εἶναί
1227 2075 1285 2093 τινα
1308 2065 1360 2093 τῶν
1375 2062 1528 2104 γραφέντων
1554 2063 1580 2092 ἐν
1596 2062 1695 2101 ταύτῃ,
1719 2060 1736 2090 a
1759 2060 1850 2090 κάκεί-

1053 2118 1112 2140 νους
1124 2107 1177 2137 ἔδει
1199 2109 1326 2138 ἀκοῦσαν
1347 2109 1393 2138 καὶ
1409 2104 1443 2138 αὖ
1457 2110 1483 2138 ἐν
1499 2107 1601 2148 ἐκείνῃ,
1617 2106 1634 2136 ἃ
1648 2105 1762 2139 τούτους
1774 2106 1850 2146 ἐχρῆν

1053 2154 1157 2190 μαθεῖν.
1177 2154 1283 2187 Μείζων
1301 2153 1353 2194 γὰρ
1374 2153 1400 2173 ⁷⁵
1420 2155 1437 2190 ἡ
1461 2152 1590 2194 ὠφέλεια,
1613 2151 1676 2181 ὅταν
1693 2150 1796 2191 ἑτέρων
1813 2152 1850 2188 ἐγ-

1052 2197 1224 2236 καλουμένων
1239 2220 1248 2237 ,
1265 2198 1350 2238 ἕτεροι
1366 2197 1400 2228 τὰ
1415 2198 1498 2228 οἶκεῖα
1520 2195 1704 2237 ἁμαρτήματα
1725 2194 1849 2235 ἐπιγινώ-

1053 2252 1149 2272 σκωσι.
1167 2241 1215 2276 Τίς
1241 2243 1268 2273 δὲ
1292 2239 1325 2280 ἧν
1345 2245 1361 2279 ἡ
1380 2244 1410 2272 ἐκ
1430 2241 1606 2278 Λαοδικείας;
1625 2240 1660 2271 Ἣ
1679 2240 1746 2274 πρὸς
1769 2239 1848 2279 Τιμό·

1053 2288 1111 2315 θεον
1126 2286 1233 2326 πρώτη·
1257 2287 1326 2324 αὕτη
1342 2288 1394 2328 γὰρ
1411 2289 1442 2318 ἐκ
1462 2286 1619 2319 Λαοδικείας
1635 2285 1750 2326 ἐγράφη.
1775 2284 1847 2316 Τινὲς

1054 2330 1083 2360 δέ
1111 2342 1205 2372 φασιν,
1227 2333 1268 2362 ὅτι
1289 2333 1321 2369 ἣν
1346 2335 1370 2363 οἱ
1393 2332 1533 2366 Λαοδικεῖς
1555 2331 1656 2371 Παύλῳ
1682 2330 1846 2360 ἐπέστειλαν.

1053 2374 1123 2405 Ἀλλ’
1150 2377 1198 2408 οὖκ
1220 2372 1279 2408 οἶδα
1297 2377 1324 2408 τί
1348 2377 1379 2408 ἂν
1397 2377 1498 2414 ἐκείνης
1516 2376 1569 2407 ἔδει
1593 2377 1682 2409 αὐτοῖς
1696 2374 1763 2415 πρὸς
1791 2375 1847 2414 βελ-

1054 2420 1156 2452 τίωσιν.

1089 2512 1101 2526 α
1118 2500 1219 2531 Εἴπατε
1241 2501 1391 2543 Ἀρχίππῳ.
1407 2514 1419 2528 ι
1429 2500 1508 2535 Τίνος
1522 2500 1608 2530 ἕνεκεν
1624 2499 1653 2529 οὒ
1669 2498 1765 2540 γράφει
1787 2497 1845 2543 πρὸς

1055 2544 1150 2582 αὖτόν;
1178 2545 1275 2585 Ἴσως,
1302 2546 1368 2576 διότι
1392 2547 1473 2586 ψιλῆς
1499 2545 1582 2585 μόνης
1607 2543 1798 2583 ὑπομνήσεως,
1820 2542 1843 2570 οὗ

1056 2589 1162 2619 πολλῶν
1178 2591 1346 2631 γραμμάτων
1360 2591 1455 2621 ἐδεῖτο.

1100 2649 1112 2661 ι
1127 2630 1216 2666 Βλέπε
1235 2635 1282 2673 τὴν
1306 2635 1440 2665 διακονίαν
1459 2634 1492 2671 ἢν
1516 2633 1667 2674 παρέλαϐες
1691 2633 1718 2661 ἐν
1736 2630 1838 2671 Κυρίῳ,

1052 2680 1097 2710 ἵνα
1112 2680 1193 2717 αὐτὴν
1219 2679 1339 2721 πληροῖς.
1358 2693 1370 2707 ι
1386 2678 1538 2713 Φοϐοῧντός
1563 2680 1619 2708 ἔστι
1633 2677 1663 2708 τὸ
1678 2678 1750 2717 ῥῆμα
1774 2677 1842 2705 τοῦτο

914 2761 1011 2791 Variae
1034 2761 1184 2792 lectiones.

240 2834 262 2851 ⁷⁸
277 2833 405 2870 ἀγαπητός
420 2843 467 2871 μου
480 2841 506 2862 o.
531 2833 552 2850 ⁷⁵
568 2833 594 2862 δὲ
607 2841 635 2861 ο.
