1890 3077
31 189 100 216 1277

455 188 629 217 EXPOSlTIO
648 189 681 218 IN
700 188 806 217 EPIST.
826 189 872 217 AD
891 188 1029 218 COLOSS.
1048 204 1082 210 —
1102 189 1177 218 CAP.
1197 190 1239 218 IV.

1613 192 1681 220 i278

28 253 187 290 πανταχοῦ.
210 262 224 280 (ι
245 250 362 281 Βλέπιτε
386 251 475 290 μήτις
499 253 566 290 ὑμᾶς
589 252 692 282 ἔσταιὸ
713 253 829 291 συλαγω-

918 252 987 280 idete
998 260 1030 280 ne
1041 253 1104 288 quis
1114 260 1159 280 vos
1168 253 1348 288 depraedetur.
1368 254 1462 283 Videte
1475 261 1509 282 ne
1515 256 1635 289 potestas
1645 262 1684 281 ue-

28 297 94 334 γῶν.
114 295 236 326 Βλέπετε
262 296 356 334 μήπως
371 298 388 331 ἡ
407 296 509 331 ἐξουσία
527 298 600 336 ὑμῶν
619 296 698 333 αὕτη.
721 308 736 326 ι
753 297 833 327 Οὕτω

28 339 74 369 χαὶ
91 341 220 370 ἐνταῦθα·
238 341 325 370 Βλέπι
340 339 411 374 ὅπως
432 342 543 379 πληροῖς
557 341 587 371 τὸ
603 341 678 381 ἔργον
690 342 716 361 ⁷⁶
733 341 747 372 ὃ
763 353 832 381 παρ-

28 384 124 417 έλαϐες
149 385 178 414 ἄν
205 385 317 425 Κυρίῳ,
342 384 463 415 τουτέστι
484 386 528 415 διὰ
551 386 658 426 Κυρίου·
683 386 760 420 αὐτὸς
781 385 833 426 γάρ

29 441 69 458 σοι
100 429 220 467 ἔδωκεν,
248 431 297 460 οὐκ
318 430 382 469 ἐγώ.
428 431 510 460 Ποῖον
530 430 557 460 δὲ
573 426 605 467 ἦν
628 430 658 460 τὸ
677 430 770 470 ἔργον;
794 431 834 461 Τὸ

29 473 90 507 τοὺς
108 475 280 508 Κολοσσαεῖς
306 475 411 515 ἐφορᾷν.
456 475 510 505 Δύο
525 475 552 506 δὲ
579 476 770 510 κατασκευάζει
791 475 834 504 διὰ

28 521 72 548 τοῦ
90 519 178 548 εἰπεῖν
188 542 196 558 ,
215 531 230 547 ιι
245 519 295 550 Ἐν
312 519 412 560 Κυρίῳ·
427 531 442 548 n
467 520 564 551 ἐκεῖνόν
579 531 609 549 τι
625 521 828 560 σπουδαιότερον

27 565 99 593 ποιιῖ
121 564 160 597 sic
181 563 211 594 τὸ
228 563 315 594 ἀνύειν
331 564 412 603 αὐτὸ,
428 565 465 598 ὥς
489 564 653 595 Δισποτικὸν
677 564 762 605 ἔργον·
778 566 830 594 χά-

27 609 127 642 κείνους
154 609 298 639 ὕποτάττιι
325 611 418 649 αὐτῷ,
444 611 480 642 ὡς
504 609 578 649 παρὰ
608 610 680 640 Θεοῦ
710 612 827 650 ὶγχειρι-

27 653 114 682 σθέντι
138 653 247 687 αὐτούς.
294 654 349 684 Καὶ
364 653 432 688 ὅλως
456 654 507 694 γὰρ
533 654 576 684 διὰ
599 657 676 684 τοῦτο
690 655 786 695 γράφει
802 655 828 673 ⁷⁷

27 699 124 733 αὐτοῖς,
147 709 161 726 (ι
174 698 278 728 Εἴπατε
291 698 439 739 Ἀρχίππῳ
451 713 463 725 ι
483 698 526 728 ἵνα
540 699 602 728 ὅταν
618 701 731 739 ἐπιτιμᾷ
745 697 829 739 Ἄρχ-

30 755 107 776 ιππος
123 743 230 779 αὐτοῖς,
255 742 294 782 μὴ
318 742 416 783 ἔχωσιν
439 745 561 782 ἐγκαλεῖν
589 745 694 785 (nive);
722 745 759 777 ὡς
782 755 830 773 πι-

29 789 99 828 κρῷ,
131 787 179 817 ἅτε
194 788 367 826 γινώσκοντας
382 787 423 817 ὅτι
448 787 558 819 Παύλου
579 789 658 819 τοῦτό
674 789 745 818 ἕοτιν
762 788 830 818 ἔπε-

30 827 119 872 ταγμα
131 856 140 871 ,
165 832 213 862 καὶ
234 832 264 862 τὸ
279 833 365 862 αὐτῶν
382 832 469 870 στόμα
484 833 548 873 πρὸς
561 833 606 863 τὸν
628 832 774 874 Ἄρχιππον
791 827 831 862 εἶ-

29 889 75 906 πεν
85 899 92 913 ,
109 877 127 906 ἃ
143 878 251 911 Παῦλος
275 879 347 918 αὐτῷ
362 877 503 916 ἐμήνυσεν.
547 877 609 908 Ἵνα
619 878 705 908 τοίνυν
721 879 830 908 ἐπιστο-

32 922 95 961 μίσῃ
121 921 236 957 αὐτοὺς,
266 922 413 960 εὖμεθόδως
446 925 524 953 τοῦτο
552 923 658 957 Παῦλος
687 922 828 961 ἐποίησιν,

31 967 86 995 ἐπεὶ
109 967 200 1001 ἄλλως
218 966 316 997 ἄτοπον
331 968 384 1001 τοῖς
405 970 536 1006 μαθηταῖς
559 967 621 1008 πιρὶ
639 971 684 998 τοῦ
701 967 827 997 διδασκά-

32 1012 76 1040 λου
93 1011 273 1051 διαλέγεσθαι.

70 1070 81 1082 α
90 1057 282 1093 Μνημονεύιτέ
289 1068 340 1095 μου
352 1058 403 1086 τῶν
416 1057 532 1095 δεσμῶν.
543 1070 555 1083 ιι
568 1056 637 1087 Ἀντὶ
649 1058 704 1094 τοῦ,
728 1056 830 1088 Μνείαν

34 1112 82 1138 μου
95 1101 216 1139 ποιεῖτε,
231 1103 277 1131 τοῦ
300 1101 452 1140 δεδεμένου,
476 1104 522 1131 τοῦ
545 1101 721 1142 κατακρίτου.
767 1103 827 1132 Μι-

33 1145 108 1184 γίστη
123 1145 152 1175 δὲ
175 1146 346 1186 παράκλησις
369 1147 456 1181 αὐτοῖς
477 1148 513 1180 εἷς
529 1147 555 1166 ⁷⁸
570 1151 660 1176 πᾶσαν
676 1147 781 1188 θλῖψιν,
800 1147 830 1177 τὸ

35 1190 205 1229 μνημονεύειν
228 1191 339 1221 Παύλου
354 1191 505 1230 δεδεμένου.

78 1291 91 1309 ‹‹
103 1279 136 1310 Ἥ
152 1280 233 1320 χάρις
248 1281 306 1319 μιθ¹
323 1281 405 1319 ὑμῶν.
422 1280 517 1319 Ἀμήν.
528 1291 544 1310 n
562 1279 669 1317 Ταύτης
683 1281 829 1321 παρούσης,

36 1324 82 1353 κᾶν
97 1325 197 1366 θλίψεις
224 1324 324 1365 ἕκητι,
354 1325 405 1355 κᾶν
432 1325 533 1364 δεσμὰ,
564 1325 638 1355 οὐδὲν
654 1327 728 1364 ὑμῶν
759 1337 829 1356 χατ-

38 1371 144 1409 ισχύσιι·
162 1370 221 1400 ἐπεὶ
235 1371 281 1399 καὶ
296 1373 374 1401 τοῦτο
389 1370 513 1410 χάριτος,
536 1370 566 1400 τὸ
582 1370 714 1402 δεδέσθαι.
757 1369 828 1401 Ὑπ-

37 1414 153 1455 έστρεφον
171 1415 241 1455 γὰρ,
267 1415 363 1456 φησὶν,
391 1415 444 1444 ἀπὸ
467 1417 514 1445 τοῦ
538 1415 741 1454 δεσμωτηρίου,
766 1416 828 1456 χαί-

40 1469 118 1497 ροντες
137 1459 178 1489 ὅτι
192 1460 397 1496 κατηξιώθησαν
424 1461 603 1497 ἀτιμασθῆναι
628 1459 693 1501 ὑπὲρ
709 1462 753 1489 τοῦ
769 1460 830 1490 ὀνό-

887 299 946 324 stra
959 298 1021 325 hcec.
1037 297 1215 326 Consimilem
1228 297 1262 326 ad
1278 297 1393 326 modum
1406 298 1449 326 hic
1465 308 1472 327 :
1491 299 1567 331 Vide,
1583 303 1615 327 ut
1629 298 1682 326 im-

887 342 961 378 pleas
974 349 1045 377 opus
1059 342 1132 378 quod
1151 342 1276 378 accepisti
1296 343 1326 370 in
1343 343 1469 377 Domino,
1491 343 1544 372 hoc
1564 347 1614 377 est,
1635 351 1683 380 per

887 387 1038 415 Dominum
1055 395 1062 414 :
1078 386 1136 423 ipse
1154 395 1272 423 namque
1287 387 1335 415 tibi
1351 387 1436 422 dedit,
1449 396 1506 416 non
1520 395 1579 424 ego.
1597 388 1684 424 Quale

887 436 980 460 autem
1006 435 1066 460 erat
1093 433 1180 468 opus?
1207 433 1248 461 Ut
1271 431 1478 461 Colossensibus
1505 433 1683 469 prospiceret,

888 484 990 513 eosque
1015 481 1125 505 curaret
1148 480 1176 504 et
1200 476 1365 505 observaret.
1391 477 1452 505 Deo
1472 481 1564 505 autem
1587 478 1684 506 astruit

885 529 933 557 per
954 520 1006 549 hoc
1027 521 1101 558 quod
1124 520 1202 555 dicit,
1224 523 1257 549 In
1278 522 1413 549 Domino:
1432 529 1529 558 nempe
1544 526 1572 550 et
1591 522 1681 558 ipsum

883 565 1086 602 diligentiorem
1108 565 1184 600 facit,
1207 570 1238 594 ut
1252 566 1318 595 illud
1338 566 1470 602 perﬁciat,
1495 567 1579 594 veluti
1599 567 1683 594 herile

882 618 966 647 opus;
983 615 1012 638 et
1030 610 1091 638 illos
1112 610 1177 639 huic
1194 610 1315 648 subjicit.
1333 615 1364 639 ut
1383 611 1426 639 cui
1445 619 1460 639 a
1481 612 1541 639 Deo
1559 611 1609 648 ipsi
1629 612 1686 640 sint

883 655 1035 684 commissi.
1055 655 1178 684 Omnino
1193 655 1268 684 enim
1285 659 1427 692 propterea
1442 656 1549 692 scripsit
1569 656 1618 688 eis.
1638 657 1686 685 Di-

884 702 933 728 cite
946 700 1086 736 Archippo
1100 710 1107 728 :
1123 705 1156 729 ut
1167 700 1276 736 quando
1291 701 1365 736 ipsos
1379 701 1506 737 objurget
1520 701 1684 737 Archippus,

884 753 940 773 non
974 749 1105 774 accusent
1137 749 1267 782 tanquam
1300 745 1516 781 amarulentum,
1550 745 1684 774 nimirum

884 794 1064 826 agnoscentes
1078 789 1154 826 quod
1167 789 1245 818 Pauli
1260 789 1314 818 hoc
1328 790 1364 818 sit
1377 789 1555 825 mandatum,
1569 794 1597 818 et
1609 790 1685 826 quod

886 835 1009 871 ipsorum
1024 843 1055 862 os
1071 835 1209 870 Archippo
1225 834 1322 863 dixerit
1340 842 1402 870 quae
1418 835 1519 863 Paulus
1533 835 1557 862 ei
1572 835 1682 862 nuntia-

887 880 963 908 verit.
985 880 1024 908 Ut
1043 879 1125 916 igitur
1143 880 1254 907 illorum
1273 887 1320 908 ora
1343 879 1480 911 obstruat.
1501 879 1602 908 Paulus
1621 880 1685 907 arti-

885 924 978 952 ﬁciose
995 924 1048 953 hoc
1063 924 1126 952 fecit
1141 934 1149 953 :
1164 924 1388 960 quandoquidem
1405 924 1506 960 alioqui
1526 924 1677 953 absurdum

882 974 941 997 erat
959 969 1099 1006 discipulis
1111 968 1145 997 de
1157 973 1325 1006 praeceptore
1335 969 1484 1006 disputare.

918 1061 1007 1088 Vens.
1036 1062 1078 1088 18.
1104 1060 1231 1088 Memores
1256 1062 1336 1087 estote
1362 1059 1532 1087 uinculorum
1555 1067 1684 1087 meorum.

883 1106 945 1133 Hoc
961 1109 1013 1138 est,
1033 1103 1088 1132 Mei
1107 1104 1271 1133 memoriam
1287 1103 1376 1138 facite,
1393 1104 1440 1140 qui
1458 1104 1566 1132 vinctus
1580 1111 1642 1132 sum
1657 1108 1685 1132 et

883 1149 1093 1178 condemnatus.
1110 1150 1177 1177 Haec
1189 1153 1282 1177 autem
1295 1149 1414 1177 maxima
1427 1152 1469 1177 est
1479 1149 1520 1177 eis
1531 1148 1682 1177 consolatio

882 1194 1013 1222 adversus
1043 1193 1124 1230 501
1154 1194 1281 1230 quamvis
1307 1193 1498 1227 al'ﬂictionem,
1525 1194 1685 1222 meminisse

883 1239 960 1267 Pauli
980 1239 1075 1267 vincti.

919 1285 1015 1313 Gratia
1036 1284 1181 1312 vobiscum.
1205 1284 1301 1312 Amen.
1325 1285 1384 1312 Hac
1407 1287 1552 1320 praesente,
1574 1283 1684 1312 etiamsi

882 1328 1046 1357 afﬂictiones
1057 1329 1209 1357 habueritis
1221 1333 1249 1357 et
1260 1329 1380 1362 vincula,
1393 1328 1462 1356 nihil
1472 1328 1619 1356 adversum
1632 1335 1682 1357 vos

883 1373 992 1409 poterit.
1006 1375 1077 1402 Nam
1093 1377 1122 1402 et
1136 1373 1190 1402 hoc
1204 1373 1296 1410 ipsum
1309 1374 1338 1401 in
1351 1373 1467 1401 vinculis
1477 1373 1575 1407 teneri,
1590 1372 1684 1410 gratias

882 1423 934 1446 est.
956 1418 1175 1447 Revertebantur
1189 1418 1273 1452 enim,
1289 1418 1390 1454 inquit,
1404 1426 1420 1446 a
1434 1425 1544 1446 carcere
1559 1417 1681 1454 gauden-

887 1467 940 1497 tes,
949 1463 1022 1499 quod
1030 1463 1224 1499 dignijudicati
1230 1467 1322 1492 essent
1329 1463 1494 1491 contumelia
1502 1461 1574 1490 attici
1579 1470 1629 1499 pro
1637 1470 1686 1490 no-

40 1515 114 1541 ματος
128 1506 174 1534 τοῖι
193 1505 322 1544 Χριστοῦ.
350 1503 450 1545 Ὁρᾷς,
463 1504 503 1534 ὅτι
518 1503 712 1540 καταξιωθῆναί
727 1505 783 1534 ἔστι
799 1504 828 1534 τὸ

920 1515 955 1536 ne
969 1507 1070 1536 Christi
1088 1510 1111 1536 ο.
1129 1507 1226 1536 Viden'
1238 1507 1405 1544 dignitatem
1421 1512 1449 1536 et
1461 1507 1598 1536 honorem
1609 1514 1682 1540 esse,

40 1547 206 1588 ὑϐριοθῆναις
226 1549 281 1580 Καὶ
295 1548 377 1582 ὅντως
394 1549 463 1588 μέγα
479 1548 584 1586 ἀξίωμα
599 1551 688 1579 τοῦτο.
721 1550 829 1580 Γένοιτο

40 1587 79 1621 οὖν
106 1594 151 1623 καὶ
180 1596 247 1632 ἡμῖν
280 1599 334 1627 τοῖς
361 1593 475 1628 ἀναξίοις
512 1593 656 1630 ἀξιωθῆναι
683 1596 729 1630 τῆς
758 1594 829 1629 θιίας

40 1636 138 1675 χάριτος
171 1639 198 1667 ἐν
229 1642 287 1672 ταῖς
313 1638 443 1679 Θλίψισιν·
472 1639 507 1672 ὥς
539 1638 570 1668 ἂν
601 1637 830 1676 διαϐασταζούσης

40 1681 128 1717 ταύτης
142 1682 190 1719 τὴν
208 1682 345 1713 ἀσθένειαν
362 1685 455 1721 ἡμῶν,
480 1684 516 1716 εἰς
540 1684 672 1724 ὠφέλειαν
696 1685 759 1722 ἡμῖν
776 1679 828 1713 αὗ-

40 1736 80 1754 ται
99 1726 242 1765 γίνωνται,
257 1728 287 1757 τὸ
308 1728 376 1758 πολὺ
390 1729 476 1768 πάχος
491 1729 544 1757 τῶν
572 1728 710 1768 ἁμαρτιῶν
738 1729 829 1758 ἐκπιέ-

43 1771 142 1805 ζουσαι,
169 1774 206 1813 εἰς
228 1772 303 1806 δόξαν
329 1773 450 1813 Πατρὸς,
469 1773 551 1811 Υῐοῦ,
570 1772 616 1802 καὶ
641 1772 717 1812 ἁγίου
743 1773 828 1803 Πνεύ-

43 1825 127 1868 ξιατος.
168 1811 206 1859 ⁷ῼ
225 1819 242 1853 ἡ
260 1816 321 1852 δόξα
340 1817 365 1841 7°
389 1811 426 1852 ιῖς
456 1817 516 1851 τοὺς
531 1818 630 1851 αἰῶνας
651 1819 703 1846 τῶν
718 1817 830 1848 αἰώνων.

49 1859 130 1897 Αμήν.

76 1950 86 1961 ο
101 1946 160 1973 Act.
174 1953 206 1981 ν,
218 1949 262 1975 41.

882 1553 1051 1581 contumelia
1065 1551 1156 1581 afﬁci?
1171 1554 1212 1581 Ac
1230 1559 1324 1581 revera
1338 1560 1436 1589 magna
1458 1552 1518 1581 hinc
1536 1556 1578 1580 est
1591 1551 1683 1588 digni-

882 1601 933 1626 tas.
953 1597 1102 1634 Contingat
1120 1597 1202 1634 igitur
1221 1601 1249 1626 et
1263 1597 1345 1625 nobis
1360 1597 1490 1634 indignis,
1510 1597 1602 1625 divina
1621 1604 1684 1633 gra-

883 1642 919 1671 tia
935 1642 1032 1679 dignos
1042 1642 1161 1680 judicari
1176 1642 1205 1670 in
1215 1641 1422 1676 afﬂictionibus,
1435 1646 1466 1669 ut
1477 1641 1531 1670 bac
1545 1640 1687 1669 imbecilli-

882 1690 970 1714 tatem
982 1692 1107 1715 nostram
1121 1690 1325 1723 supportantes,
1338 1686 1373 1715 ad
1385 1685 1612 1714 commoditatem
1626 1685 1687 1713 istae

883 1731 962 1759 nobis
981 1731 1090 1766 cedant,
1107 1732 1224 1760 multam
1245 1735 1422 1767 peccatorum
1437 1735 1596 1759 nostrorum
1612 1737 1686 1758 cras-

886 1776 976 1804 sitiem
993 1776 1167 1812 expellentes,
1189 1777 1217 1804 in
1233 1776 1349 1812 gloriam
1369 1776 1468 1809 Patris,
1489 1775 1563 1808 Filii,
1584 1774 1685 1802 sancti-

885 1828 938 1856 que
964 1821 1091 1856 Spiritus.
1124 1821 1173 1848 Cui
1202 1820 1291 1848 honor
1319 1821 1349 1848 in
1375 1820 1474 1849 saecula
1506 1819 1684 1848 seculorum.

887 1868 986 1893 Amen.

746 2023 840 2052 Variae
863 2023 1016 2053 lectiones.

79 2109 98 2125 ⁷⁸
110 2112 180 2138 107110
191 2112 221 2139 τὺ
234 2112 307 2148 ἔργον
319 2119 357 2141 m.
401 2112 422 2129 ⁷⁷
436 2112 526 2149 ἔγραφε
541 2120 568 2141 o.
611 2112 636 2132 ⁷⁸
649 2113 708 2148 πρὸς
722 2121 748 2141 ο.
781 2112 802 2130 ⁷⁸
817 2112 829 2145 ἦ

918 2112 960 2139 καὶ
973 2112 1002 2139 1‘0
1016 2112 1106 2148 κράτος
1118 2120 1157 2140 In.
