1890 3077
29 188 97 214 1281

475 185 649 214 EXPOSITIO
670 187 702 214 lN
723 186 827 215 EPIST.
849 186 894 214 AD
913 185 1049 214 COLOSS.
1069 200 1105 206 -
1124 186 1199 213 CAP.
1220 186 1239 213 Ι.

1621 189 1687 216 1282

28 248 147 286 Ἐπειδὴ
175 244 249 285 ἦσαν
271 249 318 278 καὶ
345 248 505 285 Ἑλληνικαὶ
530 249 576 279 καὶ
601 249 746 280 Ἰουδαῖκαὶ
775 249 860 282 Ἐκ-Α

927 256 1000 277 τεεοω
1016 251 1045 276 et
1062 247 1183 277 Iudaicae
1200 247 1315 276 fuerunt
1334 247 1474 283 Ecclesiae,
1494 248 1564 277 hanc
1582 249 1617 278 ab
1631 250 1687 278 illis

26 293 162 332 κλησίαι,
188 293 409 323 ἀποδιαστέλλων
425 293 508 329 αὐτὴν
532 294 656 330 ἐκείνων,
672 295 746 334 φησί·
767 305 782 322 (ι
795 295 837 334 Τῇ

27 340 54 368 ἐν
70 339 137 378 Θεῷ
162 339 270 378 Πατρί,
290 349 304 368 ι)
325 338 404 379 Μέγα
420 338 448 368 δὲ
464 338 566 376 ἀξίωμα
582 339 612 368 τὸ
630 341 659 375 ἐν
675 341 737 378 Θεῷ
757 334 834 369 εἶναι.

27 382 63 411 Εἴ
81 395 121 416 τις
143 382 201 423 γὰρ
228 382 360 424 ἁμαρτίας
387 383 444 414 ἐστὶ
459 383 484 403 ⁸⁴
513 384 622 420 δοῦλος,
643 385 690 414 οὐκ
715 383 785 413 ἔστιν
811 385 838 412 ἐν

27 429 105 467 Θεῷ.
126 428 293 467 Σημείωσαι
303 427 331 457 δὲ
343 428 389 467 τὸ,
405 442 417 455 α
429 428 492 466 Ἐν,
503 439 517 457 ι
534 428 576 457 ἐπὶ
589 429 694 469 Πατρὸς
710 429 756 457 καὶ
772 430 838 460 Υἷοῢ

27 472 153 509 κείμενον
160 496 167 504 .

69 531 80 543 ι
87 517 178 557 Χάρις
187 519 253 557 ὑμῖν
262 518 308 547 καὶ
314 517 416 558 εἰρήνη.
426 532 438 545 ι
447 518 609 558 Ἐπεύχεται
617 517 753 552 αὐτοῖςῖνα
762 517 772 559 [
781 517 835 559 μὴ]

29 562 72 591 ἐπὶ
99 563 187 592 πλέον
217 563 388 603 προκόψωσιν
415 564 441 593 ἐν
468 565 521 597 τοῖς
547 564 625 598 θείοις
651 563 835 603 χαρίσμασιν,

30 606 99 636 ἀλλὰ
109 607 158 636 καὶ
174 607 285 648 εἰρήνην
296 607 390 648 ἔχωσι,
398 607 435 646 μὴ
447 609 615 648 φυσιούμενοι
627 608 686 638 κατ’
703 608 836 644 ἀλλήλων.

75 663 91 680 «
111 653 343 692 Εὖχαριστοῧμεν
368 654 405 693 τῷ
420 655 482 693 Θεῷ
506 653 622 683 πάντοτε
646 654 706 693 περὶ
730 653 838 683 πάντων

33 696 117 734 ὑμῶν,
135 709 151 725 ν
173 697 280 730 Εὐθέως
299 698 352 727 ἀπὸ
368 698 500 736 ἐγκωμίου
521 698 551 728 τὸ
562 698 709 738 προοίμιον.
726 699 774 738 Τῷ
786 697 838 739 γὰρ

30 741 97 782 ὑπὲρ
128 742 222 771 αὐτῶν
253 742 418 782 εὐχαριστεῖν
443 745 481 783 τῷ
509 745 588 783 Θεῷ,
620 743 749 772 δείκνυσιν
791 743 837 772 αὖ·

61 786 69 796 κ
283 787 289 797 ι
350 787 377 806 ss
465 782 482 797 λυ
562 789 568 799 ’
613 782 629 801 τ
728 789 734 798 '

32 798 91 820 τους
116 789 336 827 κατωρθωκοτας
407 799 532 826 rotatum,
557 787 583 822 εξ
609 799 646 816 ων
675 787 809 823 δοξαζετιιι
824 789 838 816 ὁ

34 831 112 864 Θεός.
156 831 237 870 Ἅμα
264 832 290 861 δὲ
316 831 361 862 καὶ
389 833 601 874 ταπεινοφρονεῖν
628 832 766 872 διδάσκει,
801 835 837 866 ὡς

34 878 78 905 τοῦ
94 877 169 906 Θεοῦ
185 876 219 905 τὸ
235 880 288 905 πᾶν
305 876 488 916 ἐργαζομένου.

892 293 1060 329 distinguens
1081 292 1158 326 dicit,
1181 294 1244 327 Qua:
1263 295 1302 321 est
1320 294 1349 320 in
1366 295 1418 321 Deo
1439 294 1529 322 Patre.
1553 294 1686 323 Praeclara

892 342 985 366 autem
1005 338 1121 374 dignitas
1135 342 1186 372 est,
1207 338 1236 365 in
1253 339 1311 365 Deo
1326 345 1392 366 esse.
1408 338 1434 366 Si
1455 338 1528 366 enim
1542 339 1686 375 quisquam

892 383 995 419 peccati
1013 382 1095 410 fuerit
1107 390 1212 417 servus,
1233 390 1291 410 non
1311 387 1353 410 est
1367 382 1395 410 in
1415 385 1483 411 Deo.
1505 383 1625 412 Observa
1641 385 1687 413 hic

892 427 1116 465 praepositionem
1131 429 1185 462 (In)
1200 427 1274 455 Patri
1289 435 1321 456 ac
1334 427 1405 456 Filio
1419 427 1510 456 tribui.

929 474 1030 502 Gratia
1043 473 1117 500 vobis
1133 475 1159 501 et
1169 480 1239 508 pax.
1255 473 1340 508 Optat
1353 472 1403 506 eis,
1415 476 1447 500 ut
1460 473 1487 500 in
1496 472 1594 502 divinis
1606 472 1688 503 donis

893 522 1086 554 promoveant.
1101 518 1148 546 sed
1167 522 1259 545 tamen
1274 521 1316 552 ut,
1330 525 1389 546 non
1402 525 1467 553 erga
1481 525 1510 546 se
1531 522 1628 546 mutuo
1644 519 1688 547 in-

892 563 960 595 ﬂati,
985 571 1081 599 pacem
1097 562 1222 591 habeant.

928 609 1018 636 Vsas.
1039 611 1066 636 2.
1083 609 1195 637 Gratias
1213 609 1319 643 agimus
1328 609 1380 636 Deo
1390 616 1492 644 semper
1503 616 1555 644 pro
1567 610 1689 637 omnibus

892 654 973 681 vobis.
995 654 1095 682 Statim
1119 657 1182 689 post
1201 654 1360 681 encominm
1382 653 1547 688 prommium
1569 655 1693 690 auspica—

893 702 948 726 tur.
967 699 1039 726 Nam
1054 706 1102 734 per
1119 698 1171 727 hoc
1190 698 1263 734 quod
1284 706 1332 734 pro
1347 698 1414 734 ipsis
1427 699 1527 735 gratias
1541 703 1604 735 agat
1619 701 1689 734 Deo,

892 743 994 771 indicat
1007 747 1134 779 operatos
1147 743 1221 779 ipsos
1234 751 1293 772 esse
1306 743 1378 777 talia,
1392 751 1513 780 quorum
1523 751 1604 772 causa
1615 746 1691 774 Deus

892 788 1066 824 gloriﬁcatur.
1090 787 1175 816 Simul
1203 792 1296 816 autem
1318 788 1460 817 humiliter
1481 796 1577 825 sapere
1598 789 1691 825 docet,

894 837 1027 869 tanquam
1042 834 1118 861 Deus
1134 832 1226 861 omnia
1240 837 1378 868 operetur.

78 932 93 950 α
116 920 223 951 Μνείαν
251 922 324 959 ὑμῶν
350 921 502 960 ποιούμενοι
530 922 574 952 ἐπὶ
603 923 656 952 τῶν
681 904 860 962 προσευχῶνῙ

930 925 1086 952 Memoriam
1101 925 1186 952 vestri
1198 924 1330 958 facientes
1352 925 1382 952 in
1396 925 1564 952 orationibus
1577 926 1687 953 nostris.

34 966 121 1003 ἡμῶν,
136 976 152 994 n
168 966 211 996 Τὸ
223 964 274 1004 μὲν
289 966 454 1006 εὐχαριστεῖν
467 968 505 1006 τῷ
519 967 595 1007 Θεῷ,
611 966 664 996 ἀπὸ
677 968 729 996 τῶν
745 978 840 1006 κατορ-

35 1010 166 1048 οωμάτων
184 1011 285 1040 αὐτῶν·
301 1010 331 1039 τὸ
354 1009 381 1040 δὲ
403 1013 555 1050 μεμνῆσθαι
582 1011 626 1040 ἐπὶ
645 1013 698 1040 τῶν
725 1023 840 1051 προσευ-

34 1056 89 1094 χῶν
101 1079 108 1090 ,
126 1057 176 1091 τῆς
192 1054 261 1094 πρὸς
276 1054 369 1088 αὐτοὺς
385 1056 503 1094 ἀγάπης.

79 1110 92 1128 (ι
108 1099 303 1133 Ἀδιαλείπτως
317 1100 524 1139 μνημονεύοννες
545 1101 628 1139 ὑμῶν.
647 1113 662 1128 ν
687 1101 728 1131 Οὖ
743 1100 821 1139 μόνον
831 1123 839 1138 ,

38 1145 133 1184 φησὶν,
164 1144 212 1174 ἐπὶ
243 1147 294 1174 τῶν
324 1147 481 1185 προσευχῶν
499 1157 549 1184 μου
578 1145 719 1185 μέμνημαι
747 1147 838 1182 ὑμῶν,

38 1189 103 1218 ἀλλὰ
120 1190 168 1218 καὶ
182 1190 282 1219 ἄλλοι-ε
298 1189 424 1221 πάντοτε.
441 1191 530 1220 Τοῦτο
544 1190 572 1220 δὲ
588 1193 636 1226 τῆς
649 1190 840 1230 ἐπιτεταμένης

40 1233 117 1262 αὐτοῦ
132 1233 246 1273 ἀγάπης
258 1234 367 1273 δεῖγμα.

80 1290 94 1305 α
110 1280 168 1309 T03
182 1278 263 1319 ἔργου
283 1281 331 1315 τῆς
343 1278 468 1313 πίστεως.
486 1290 501 1308 n
526 1279 657 1310 Τουτέστι
679 1282 724 1316 τῆς
742 1279 839 1310 ἐνστά-

42 1333 102 1357 σεως
126 1325 212 1362 ὑμῶν.
245 1325 333 1354 T0310
347 1323 398 1364 γὰρ
414 1324 488 1364 ἔργον
512 1323 640 1361 πίστεως,
665 1324 695 1354 τὸ
716 1326 830 1365 autem;

41 1366 177 1405 ἵστασθαι,
204 1368 266 1408 οὖχὶ
287 1367 318 1397 τὸ
338 1368 424 1408 λόγοις
448 1367 527 1407 μόνον
556 1369 646 1409 αὖχεῖν
673 1368 720 1404 τὴν
736 1370 836 1400 πίστιν,

894 968 973 1004 Quod
988 969 1089 1005 gratias
1111 969 1167 1005 agit
1188 971 1259 1002 Deo,
1274 969 1365 997 isthuc
1381 973 1423 997 est
1443 974 1554 1005 propter
1574 969 1691 998 virtutes

894 1021 991 1042 eorum
1006 1022 1013 1040 ί
1029 1013 1103 1050 quod
1117 1021 1182 1041 vero
1196 1013 1356 1042 meminerit
1369 1021 1466 1042 eorum
1480 1014 1508 1042 in
1527 1013 1689 1050 precationi-

895 1058 945 1086 bus
963 1058 1030 1092 suis,
1045 1058 1188 1086 charitatis
1203 1062 1255 1086 est.

929 1103 1018 1131 Vsas.
1034 1105 1061 1130 3.
1075 1104 1138 1131 Sine
1149 1103 1345 1131 intermissione
1359 1110 1499 1131 memores.
1513 1105 1575 1132 Non
1587 1104 1688 1138 solum,

894 1147 996 1183 inquit,
1014 1147 1226 1182 in_orationibus
1241 1148 1310 1176 meis
1331 1148 1411 1176 vestri
1433 1148 1573 1182 recordor,
1596 1156 1690 1177 verum

892 1196 921 1220 et
938 1191 1005 1220 alias
1022 1199 1142 1228 semper.
1162 1192 1239 1220 Istud
1252 1196 1346 1221 autem
1359 1192 1530 1221 vehementis
1547 1192 1690 1222 charitatis

895 1241 938 1265 est
956 1236 1086 1265 indicium
1092 1258 1098 1265 .

930 1283 1025 1317 Operis
1046 1282 1111 1317 ﬁdei
1133 1283 1237 1311 vestrm.
1253 1283 1315 1310 Hoc
1329 1286 1379 1316 est,
1400 1282 1563 1311 constantiae
1582 1286 1690 1311 vestrae.

894 1326 970 1355 Istud
982 1327 1056 1355 enim
1069 1331 1112 1355 est
1124 1335 1193 1363 opus
1204 1327 1276 1361 fidei,
1291 1327 1408 1356 ﬁrmiter
1421 1327 1580 1362 consistere,
1594 1332 1621 1357 et
1633 1336 1689 1356 non

893 1371 959 1400 solis
979 1371 1068 1399 verbis
1090 1372 1118 1399 in
1139 1371 1193 1400 fide
1208 1372 1332 1408 gloriari.

80 1425 94 1440 ιι
112 1413 166 1443 Καὶ
194 1415 244 1442 τοῦ
267 1413 349 1443 κόπου
371 1416 418 1449 τῆς
434 1413 550 1453 ἀγάπης.
568 1424 583 1442 ι)
612 1415 693 1447 Ποῖος
715 1413 795 1447 κόπος
810 1413 839 1443 τὸ
855 1425 860 1449 4

929 1418 964 1444 Et
990 1417 1106 1444 laborem
1131 1417 1283 1445 charitatis.
1310 1416 1406 1451 Qualis
1427 1421 1523 1445 autem
1546 1417 1624 1446 labor
1649 1422 1691 1445 est

44 1457 161 1498 ἁγαπᾷη
189 1457 222 1487 τὸ
249 1457 297 1496 μὲν
324 1457 434 1495 ἁπλῶς,
459 1457 518 1487 οὐδὲ
541 1453 587 1492 εἶς’
602 1458 631 1487 τὸ
653 1457 680 1487 δὲ
706 1458 837 1498 γνησίως,

43 1501 118 1535 πολὺς
143 1501 236 1535 κόπος.
277 1501 366 1532 σΟταν
387 1502 438 1542 γάρ
462 1513 502 1535 τις
525 1501 568 1532 διὰ
592 1502 636 1532 τὸν
661 1503 838 1542 ἀγαπώμενον

44 1545 126 1587 πέντα
149 1546 289 1587 ὓπομίνῃ,
311 1548 368 1580 πῶς
393 1548 422 1576 οὖ
439 1547 533 1584 mittor;
558 1547 610 1577 Καὶ
630 1548 838 1581 Θεσσαλονικεῐς

45 1585 86 1618 οὖν
101 1591 187 1621 πολλὰ
202 1585 302 1621 ἔπαθον
325 1591 368 1620 διὰ
384 1592 432 1628 τὴν
455 1591 520 1631 πρὸς
534 1592 578 1621 ’τὸν
596 1593 702 1622 Παῦλον
717 1592 837 1631 ἀγάπην,

47 1636 78 1668 ὡς
93 1636 198 1677 μαθήσῃ
216 1637 246 1666 ἔκ
261 1638 308 1672 τῆς
328 1636 421 1676 βίϐλου
436 1637 488 1666 τῶν
502 1637 639 1677 Πράξεων.

87 1736 101 1753 (ι
125 1727 178 1756 Καὶ
206 1729 253 1763 ’τῆς
280 1727 415 1765 ὑπομονῆς
442 1729 489 1762 τῆς
521 1726 626 1760 ἐλπίδος
655 1728 702 1756 103
736 1725 837 1767 Κυρίου

46 1770 116 1806 ἡμῶν
139 1771 228 1807 Ἰησοῦ
254 1772 381 1811 Χριστοῦ.
404 1782 418 1800 ι)
448 1771 581 1808 Πολλοὺς,
610 1771 706 1811 φησὶν,
724 1771 837 1810 ὑπεμεί-

47 1824 104 1843 νατε
133 1815 177 1844 καὶ
205 1815 323 1856 μακροὺς
360 1815 532 1856 πειρασμούς
562 1815 720 1854 ὕπιμείνατι
749 1815 776 1845 δὲ
802 1818 836 1855 τῇ

49 1858 128 1888 ἐλπίδι
148 1861 316 1900 ρωννύμενοι.
343 1861 421 1891 Μετὰ
436 1861 614 1902 πληροφορίας
627 1860 677 1900 γὰρ
698 1859 834 1890 ἐπίστευον

48 1906 95 1936 τοῖς
109 1905 290 1944 ἀποκειμένοις
311 1905 443 1939 ἐπάθλοις
469 1905 526 1934 ἐπεὶ
549 1904 577 1934 δὲ
597 1907 611 1934 ὁ
634 1905 703 1938 Θεὸς
719 1904 836 1944 συνεχώ-

49 1957 83 1984 ρει
105 1948 130 1976 ἐν
161 1951 232 1990 ἀρχῇ
261 1949 446 1990 πειράζεσθαι,
476 1948 520 1979 ἵνα
552 1949 589 1989 μή
619 1961 658 1983 τις
682 1948 763 1989 εἴπῃ,
796 1949 836 1979 ὅτι

48 1990 131 2026 ἁπλῶς
158 1994 204 2023 καὶ
231 1994 358 2034 κολακείᾳ
387 1994 417 2023 τὸ
443 1993 568 2034 κήρυγμα
605 1994 762 2029 συνίστατο,
791 1994 836 2023 καὶ

49 2035 146 2080 δειχθῇ,
162 2037 210 2080 ﬁt:
226 2039 274 2068 οὖκ
297 2038 447 2080 ἀνθρωπίνη
478 2038 576 2076 πειθὼ,
598 2038 670 2067 ἀλλὰ
693 2041 739 2068 τοῦ
763 2039 837 2068 Θεοῦ

50 2079 149 2119 δύναμις
160 2078 191 2119 ἦν
207 2086 223 2120 ἡ
240 2083 287 2117 τὰς
302 2078 389 2124 ψυχὰς
406 2083 545 2114 πείθουσα.

87 2125 279 2168 ιἘμπροσθεν
292 2131 337 2157 103
350 2129 421 2158 Θεοῦ
430 2129 475 2157 καὶ
494 2128 599 2168 [ἰατρὸς
614 2129 702 2166 ἡμῶν.
719 2141 731 2154 ι
747 2128 836 2168 Διχῶς

50 2171 118 2200 10310
144 2172 255 2207 νοήσεις·
288 2173 325 2212 ἢ,
353 2173 572 2211 Μνημονεύοντες
609 2172 760 2213 ἔμπροσθεν
789 2175 835 2202 τοῦ

51 2214 114 2243 Θεοῦ
128 2217 172 2246 καὶ
189 2217 294 2258 Πατρὸς
316 2219 405 2257 ἡμῶν
421 2217 438 2254 ἢ
453 2241 462 2255 ,
481 2219 535 2248 T03
552 2218 628 2258 ἔργου
642 2220 689 2253 τῆς
703 2218 834 2256 πίστεως,

52 2261 91 2286 τοῦ
106 2259 176 2295 ὄντος
191 2262 340 2303 ἔμπροσθεν
354 2265 399 2292 103
415 2265 497 2294 Θεοῦ.
516 2262 564 2298 Μὴ
580 2262 630 2302 γὰρ
647 2263 773 2301 νομίσητε
795 2261 835 2290 ὅτι

53 2302 157 2343 ἀκερδῶς
177 2312 281 2337 πονεῖτε
301 2308 340 2344 ⁸⁵,
361 2308 431 2337 ἀλλὰ
451 2308 539 2337 πάντα
554 2307 702 2347 ἔμπροσθέν
723 2308 775 2336 εἰσι
789 2309 835 2336 103

53 2348 127 2378 Θεοῦ·
141 2349 208 2381 ὥστε
222 2352 268 2382 καὶ
283 2351 343 2386 τοὺς
356 2352 465 2391 μισθοὺς
481 2352 624 2382 ἀποδώσει.

91 2404 104 2419 ε
118 2393 241 2436 Εἶδότες,
265 2396 373 2437 ἀδελφοὶ
393 2397 580 2436 ἠγαπημένοι,
604 2398 634 2426 ἐκ
655 2398 727 2427 Θεοῦ
743 2396 769 2416 ⁸⁷
786 2395 834 2432 τὴν

53 2435 152 2476 ἐκλογὴν
168 2442 251 2479 ὑμῶν.
267 2455 279 2468 n
296 2435 505 2480 Μνημονεύομεν
516 2463 525 2479 ,
542 2441 620 2481 φησὶν
630 2465 640 2479 ,
657 2443 731 2480 ὑμῶν
742 2464 750 2480 ,
769 2441 834 2470 διότι

54 2480 151 2526 οἴδαμεν
177 2485 217 2515 ὅτι
243 2486 426 2526 ἔκλελεγμένοι
453 2485 511 2516 ἐστὲ
536 2480 586 2516 ὕπὸ
610 2490 655 2515 103
679 2488 760 2516 9503'
790 2485 833 2520 ἐξ·

55 2525 153 2572 ελέγητε
173 2530 223 2571 γὰρ
238 2533 274 2565 εἷς
288 2531 336 2567 τὴν
354 2525 449 2572 πίστιν
462 2531 529 2572 ὑπὲρ
546 2530 606 2564 τοὺς
621 2531 745 2564 πολλούς.
779 2530 833 2560 Καὶ

54 2570 125 2647 ξξιίςὶεν
141 2570 215 2605 10310
242 2576 339 2614 δῆλον,
359 2570 381 2606 ὦ
404 2570 521 2614 Παῦλε,
539 2574 648 2613 ⁷Ἀκουε,
674 2575 759 2616 φησὶ,
781 2577 833 2604 τῶν

56 2624 65 2641 ε
79 2626 114 2647 7i"

56 2624 114 2650 εςηςο

95 2670 108 2690 (ι
122 2661 184 2694 ’Ότι
207 2665 236 2697 τὸ
262 2667 422 2708 Εὖαγγέλιον
454 2669 530 2707 ἡμῶν
559 2667 606 2696 οὐκ
628 2665 739 2707 ἐγενήθη
767 2665 834 2707 πρὸς

93 2725 165 2754 l’Act.
181 2736 259 2765 xv",
275 2731 302 2757 5.

892 1461 1022 1497 diligere?
1037 1461 1063 1489 Si
1078 1461 1240 1497 simpliciter
1259 1461 1368 1498 diligas,
1387 1462 1477 1490 nullus
1491 1466 1542 1490 est.
1558 1462 1607 1490 Sin
1627 1470 1690 1498 ger—

892 1513 986 1541 mane,
1001 1505 1104 1534 multus
1118 1510 1160 1534 est
1178 1506 1264 1534 labor.
1280 1506 1396 1541 Quando
1411 1506 1483 1535 enim
1497 1507 1632 1542 quispiam
1654 1507 1689 1535 ob

892 1550 1022 1579 dilectum
1040 1550 1090 1578 sibi
1111 1550 1218 1587 quidvis
1240 1551 1412 1586 sustinuerit,
1434 1559 1490 1587 quo
1511 1555 1591 1587 pacto
1612 1551 1690 1579 labor

893 1604 948 1624 non
963 1595 1032 1623 erit?
1047 1595 1308 1624 Thessalonicenses
1327 1600 1420 1624 autem
1435 1599 1546 1632 propter
1569 1595 1692 1624 charita-

893 1645 961 1674 tem,
984 1648 1039 1677 qua
1060 1640 1177 1668 Paulum
1199 1640 1335 1677 prosecuti
1358 1644 1434 1675 sunt,
1457 1640 1546 1669 multa
1572 1642 1693 1677 perpessi

893 1689 979 1719 erant,
996 1689 1028 1712 ut
1041 1684 1130 1713 disces
1145 1693 1177 1713 ex
1192 1686 1327 1714 Actorum
1341 1685 1410 1714 libro
1421 1691 1451 1714 ν.

927 1732 963 1758 Et
982 1731 1172 1758 sustinentium
1192 1732 1252 1765 spei
1268 1731 1378 1762 Domini
1393 1731 1481 1758 nostri
1498 1732 1563 1758 Jesu
1578 1730 1690 1759 Christi.

892 1774 1002 1807 Multas,
1026 1774 1126 1810 inquit,
1152 1778 1182 1803 et
1204 1775 1299 1811 longas
1321 1775 1488 1803 tentationes
1511 1775 1689 1803 sustinuistis.

892 1819 1065 1847 Sustinuistis
1088 1823 1181 1847 autem
1201 1827 1251 1855 spe
1274 1819 1406 1847 roborali.
1434 1821 1504 1847 Cum
1527 1819 1691 1848 certitudine

891 1864 966 1892 enim
989 1863 1137 1891 credebant
1158 1863 1286 1900 repositis
1309 1863 1441 1900 praemiis.
1467 1865 1543 1892 Deus
1563 1864 1638 1891 enim
1662 1864 1690 1891 in

892 1908 1025 1944 principio
1048 1908 1148 1936 tentari
1171 1915 1219 1936 eos
1239 1908 1423 1944 permittebat,
1440 1916 1474 1936 ne
1493 1908 1556 1944 quis
1577 1908 1689 1942 diceret,

891 1953 965 1988 quod
978 1952 1139 1989 simpliciter
1152 1956 1180 1981 et
1198 1961 1247 1989 per
1261 1953 1446 1981 adulationem
1461 1952 1600 1989 Evangelii
1615 1960 1689 1988 prat-

891 1998 988 2026 dicatio
1007 2002 1155 2032 constaret,
1179 2002 1263 2034 utque
1285 2001 1454 2027 monstretur
1475 2005 1533 2026 non
1555 2005 1614 2025 esse
1635 1997 1688 2026 hu~

853 2044 878 2076 Ι]
895 2050 1007 2070 manam
1027 2042 1106 2070 istam
1126 2042 1342 2078 persuasionem,
1359 2050 1454 2071 verum
1469 2042 1519 2071 Dei
1538 2042 1688 2078 potentiam

890 2094 953 2123 quae
967 2087 1114 2115 animabus
1130 2087 1324 2124 persuadebat.

927 2131 1010 2168 505
1022 2133 1094 2160 Ante
1105 2134 1189 2161 Deum
1198 2134 1223 2160 et
1235 2134 1343 2161 Patrem
1352 2135 1481 2161 nostrum.
1492 2131 1623 2160 Bifariam
1635 2131 1688 2160 hoc

892 2176 1027 2213 intelliges
1041 2185 1048 2204 :
1066 2177 1118 2212 vel,
1133 2177 1321 2205 Recordantes
1334 2182 1397 2206 ante
1411 2179 1512 2212 Deum,
1527 2177 1583 2205 sive
1594 2185 1687 2205 coram

891 2223 951 2249 Dco
969 2226 997 2250 et
1010 2223 1091 2250 Patre
1105 2226 1201 2250 nostro
1215 2231 1222 2249 :
1236 2222 1288 2256 vel,
1302 2222 1399 2258 Operis
1413 2221 1478 2250 ﬁdei
1490 2225 1598 2257 vestras,
1613 2221 1688 2258 quod

891 2271 932 2294 est
944 2270 1006 2295 ante
1019 2268 1118 2294 Deum.
1136 2267 1177 2295 Ne
1192 2267 1267 2295 enim
1283 2266 1444 2295 existimetis
1455 2267 1529 2303 quod
1541 2266 1600 2295 sine
1611 2267 1688 2294 lucro

891 2311 1033 2346 laboratis,
1052 2315 1183 2340 caeterum
1199 2311 1292 2340 omnia
1310 2315 1375 2340 sunt
1388 2319 1481 2340 coram
1495 2313 1554 2340 Deo
1571 2320 1578 2340 :
1597 2311 1690 2348 itaque

890 2360 918 2384 et
932 2356 1088 2385 mercedem
1100 2355 1205 2385 reddet.

926 2402 1017 2429 Vsus.
1032 2401 1058 2428 4.
1074 2402 1200 2435 Scientes,
1216 2402 1320 2435 fratres
1330 2400 1432 2434 dilecti,
1445 2409 1462 2429 a
1474 2403 1526 2430 Deo
1536 2402 1689 2430 electionem

889 2448 1013 2474 vestram.
1036 2446 1223 2481 Meminimus,
1238 2445 1336 2483 inquit,
1360 2446 1456 2480 vestri,
1476 2454 1510 2475 eo
1522 2447 1596 2483 quod
1617 2447 1689 2475 scia-

890 2498 953 2518 mus
973 2498 1020 2519 vos
1043 2499 1103 2519 esse
1123 2491 1225 2519 electos
1244 2499 1260 2519 a
1280 2493 1339 2520 Deo
1357 2500 1364 2519 :
1385 2491 1464 2520 electi
1478 2492 1554 2520 enim
1573 2492 1638 2520 estis
1656 2491 1690 2519 ad

890 2535 971 2564 ﬁdem
994 2543 1051 2573 prae
1069 2536 1163 2565 multis
1178 2536 1247 2564 aliis.
1263 2536 1346 2565 Unde
1364 2544 1430 2565 vero
1449 2535 1503 2565 hoc
1516 2536 1612 2573 liquet,
1627 2535 1688 2564 dive

890 2580 989 2609 Paule?
1004 2580 1086 2614 Audi,
1101 2581 1199 2618 inquit,
1214 2589 1276 2618 qua:
1290 2585 1444 2618 sequuntur
1459 2592 1465 2609 :

925 2671 1014 2700 Vsus.
1027 2674 1054 2700 5.
1067 2672 1137 2706 Quia
1144 2655 1322 2707 Evangeltum
1331 2674 1452 2700 nostrum
1462 2678 1516 2698 non
1525 2670 1581 2704 fuit
1595 2669 1632 2698 ad
1638 2676 1683 2697 vos

740 2778 834 2808 Variae
856 2778 1010 2810 lectiones.

89 2836 107 2855 ⁸³
121 2841 155 2876 εἴη
170 2851 196 2872 0.
228 2845 249 2864 ⁸³
262 2845 440 2882 ἐργαζομένους
454 2855 481 2875 0.
508 2846 532 2866 ⁸⁸
542 2847 635 2873 ποιεῖτε
650 2853 678 2874 ο.
707 2845 729 2865 ⁸⁷
742 2844 790 2872 ὕπὸ
805 2848 848 2872 τοῦ
862 2845 925 2872 Θεοῦ
937 2854 966 2874 0.
