1890 3077
181 176 248 204 1283

688 174 944 203 THEOPHYLACTI
964 174 1142 203 BULGARLE
1161 173 1316 203 ARCHIEP.

1773 176 1781 202 Ι
1788 175 1831 201 284

178 239 207 265 in
228 245 347 266 sermone
366 239 482 266 tantum.
505 237 584 272 Inde,
606 237 706 274 inquit,
727 238 900 274 perspicuum
920 242 972 271 est,

1077 243 1099 271 ίς
1115 238 1142 267 tv
1167 237 1238 278 λόγῳ
1263 236 1353 275 μόνον.
1375 247 1389 265 »
1419 235 1471 267 Ἐκ
1498 235 1610 274 τούτου,
1636 236 1729 277 φησὶ,
1761 237 1832 271 ωσι

177 282 251 318 quod
261 282 336 310 electi
351 282 419 316 sitis.
433 290 465 311 eo
480 282 554 319 quod
565 284 639 311 Deus
648 282 871 318 praedicationem
885 284 975 310 Evan-

177 327 238 363 gelii
255 327 282 355 in
300 327 377 356 vobis
398 327 596 364 gloriﬁcaverit.
620 329 681 355 Non
696 328 770 356 enim
791 327 827 355 ita
842 327 974 364 simplici-

176 375 219 400 ter
236 372 455 408 prwdiesvimus,
470 372 618 409 quinetiam
632 372 710 409 signa
731 376 795 400 sunt
808 372 891 406 edita,
913 372 976 408 qui-

177 416 230 445 bm
245 421 361 446 testatus
381 421 424 445 est
441 418 516 445 Deus
536 416 621 445 tidem
641 417 692 445 sibi
715 421 836 445 vestram
856 417 975 453 probari,

176 465 307 498 tanquam
327 469 425 490 eorum
447 462 494 498 qni
516 461 552 490 ab
567 470 601 491 eo
623 461 702 490 electi
720 466 812 491 essent
831 465 860 490 et
873 462 977 498 praede-

179 506 280 535 stinati.

214 552 266 580 Sed
281 554 306 579 et
319 553 349 579 in
361 553 472 580 virtute.
486 552 546 580 Hoc
560 555 611 584 est.
622 552 650 580 in
662 551 746 588 signis
759 559 820 588 quae
832 551 903 580 facta
912 556 978 580 sunt

175 595 211 624 ad
236 596 444 625 beneﬁcentiam
468 601 623 633 gratorum,
643 601 672 625 et
694 596 730 626 ad
752 604 864 633 passam
885 596 975 632 ingra-

179 644 270 669 torum
276 662 282 669 .

213 687 249 714 Et
267 687 296 714 in
312 687 421 722 Spiritu
435 689 538 715 sancto.
554 687 601 715 Vel
616 686 689 722 quod
708 686 737 714 in
751 685 879 722 sapientia
899 686 978 723 spiri-

178 730 244 759 tuali
268 734 297 759 et
317 738 374 759 non
397 735 510 760 externa
537 742 543 760 :
568 732 608 760 vel
631 731 706 768 quod
729 731 847 768 Spiritus
866 735 977 760 sanctus

179 775 352 804 credentibus
370 775 496 804 dabatur.

215 822 249 849 Et
263 822 292 848 in
306 821 466 849 certitudine
484 822 582 849 multa.
602 822 664 849 Hoc
677 825 732 854 est,
753 821 780 849 in
794 821 928 850 aerumnis
949 825 976 849 et

178 864 384 894 afﬂictionibus.
416 865 659 900 Quemadmodum
695 866 770 902 signa
798 870 826 894 et
856 866 976 902 Spiritus

1028 281 1068 312 ὅτι
1084 282 1203 313 ἐκλεκτοί
1227 283 1301 317 ἐστε,
1326 283 1356 311 ἐκ
1382 283 1428 310 τοῦ
1451 281 1496 310 τὸν
1513 281 1584 311 Θεὸν
1606 280 1637 310 τὸ
1661 281 1796 320 κήρυγμα
1810 283 1831 310 ἐι

1029 329 1092 366 ὑμῖν
1119 327 1242 361 δοξάσαι.
1286 327 1328 357 Οὔ
1353 325 1405 366 γὰρ
1426 325 1518 358 ἅπλῶς
1541 325 1626 359 οὕτως
1646 326 1833 366 ἐκηρύξαμεν,

1030 372 1100 401 ἀλλὰ
1115 372 1160 401 καὶ
1177 373 1277 410 σημεῖα
1303 371 1440 410 ἐγένοντο,
1465 373 1511 400 τοῦ
1534 372 1608 401 Θεοῦ
1633 371 1751 404 πάντως
1769 372 1834 400 rz‘m‘o-

1030 419 1136 450 κοῦντος
1167 419 1237 455 ὑμᾶς
1260 418 1420 453 πιστεῦσαι,
1453 416 1490 449 ὣς
1513 415 1657 449 ἐκλεκτοὺς
1795 416 1835 445 καὶ

1029 462 1256 502 προωρισμένους.

1076 562 1091 580 ιι
1103 550 1185 582 Ἀλλὰ
1206 550 1251 581 καὶ
1266 551 1293 581 ἐν
1311 550 1438 590 δυνάμει.
1455 561 1470 579 ιι
1491 550 1640 581 Τουτέστιν
1656 551 1687 580 ἐν
1703 549 1832 589 σημείοις,

1030 596 1075 625 καὶ
1104 595 1169 636 πρὸς
1197 595 1348 636 εὐεργεσίας
1379 597 1433 625 τῶν
1459 594 1633 633 εὐγνωμόνων
1645 618 1656 632 ,
1696 595 1746 624 καὶ
1779 595 1835 635 πρὸς

1030 640 1152 675 κολάσεις
1168 642 1220 670 τῶν
1236 640 1398 679 ἀγνωμόνων
1410 639 1566 680 γινομένοις.

1076 697 1090 714 (ι
1107 685 1161 716 Καὶ
1175 687 1202 715 ἐν
1216 685 1355 723 Πνεύματι
1373 685 1452 725 ἁγίῳ.
1471 697 1488 713 ι
1505 684 1547 715 Ἦ
1561 683 1603 714 ὃτι
1617 685 1646 714 ἐν
1663 684 1750 725 σοφίᾳ
1767 696 1836 714 πνεν-

1031 732 1132 768 ματικῆ
1142 752 1149 766 ,
1170 731 1199 760 οὖ
1261 729 1319 764 ἔξω*
1340 729 1358 766 ἢ
1373 729 1413 759 ὅτι
1435 730 1546 768 Πνεῦμα
1569 729 1647 768 ἅγιον
1666 729 1777 760 ἐδίδοτο
1789 729 1834 761 τοῖς

1030 774 1188 805 πιστεύσασι
1205 774 1242 805 ⁸⁸.

1073 831 1089 849 α
1104 819 1158 850 Καὶ
1169 821 1195 849 ἐν
1211 818 1378 859 πληροφορίᾳ
1389 820 1487 859 πολλῇ.
1503 830 1517 848 ι)
1536 818 1682 853 Τουτέστι,
1697 819 1747 848 καὶ
1761 821 1838 849 ἔνιαι

1031 863 1131 894 κώσεσι
1156 864 1202 894 καὶ
1228 865 1359 905 θλίψεσιν.
1395 862 1504 904 Ὥσπερ
1522 864 1555 894 τὰ
1571 865 1677 902 σημεῖα
1694 864 1744 893 καὶ
1762 867 1779 899 ἡ
1795 866 1837 892 τοῦ

178 910 267 938 sancti
294 910 399 946 largitio
427 913 536 946 propter
565 910 691 945 illorum,
720 911 769 946 qui
791 910 975 944 crediderunt,

1077 909 1190 948 ιύματος
1220 904 1336 949 χορήγία
1377 909 1420 938 διὰ
1458 908 1507 945 τὴν
1534 911 1586 938 τῶν
1614 909 1836 938 πεπιστευκότων

178 959 280 983 certam
299 954 506 991 persuasionem
526 954 595 983 facta
614 959 693 983 erant
709 965 715 983 :
732 955 770 983 ita
789 955 978 983 tribulationes

180 999 317 1036 Evangelii
340 1007 422 1028 causa
445 1007 580 1037 perpessae
605 1007 707 1036 magno
730 1003 795 1028 sunt
820 1000 857 1028 illi
883 999 976 1028 firma-

180 1049 285 1073 mento.

215 1091 291 1119 Sicut
310 1091 384 1118 scitis
399 1091 490 1126 quales
504 1091 637 1124 fuerimus
658 1091 689 1118 in
702 1090 774 1118 vobis
788 1092 897 1125 propter
916 1097 974 1117 vos.

180 1137 245 1168 Vos.
260 1135 357 1171 inquit,
373 1139 457 1163 testes
473 1135 551 1169 estis,
565 1134 710 1171 quomodo
727 1135 756 1163 in
770 1135 847 1163 vobis
860 1142 978 1163 conver-

180 1180 231 1208 sati
250 1187 356 1215 sumus,
372 1183 401 1208 et
419 1179 495 1217 quod
514 1188 580 1208 cum
595 1179 734 1208 alacritate
747 1179 834 1208 multa
849 1179 978 1216 praedica-

180 1225 311 1254 verimus.
335 1224 388 1254 Sed
409 1229 437 1253 et
451 1225 504 1254 hoc
518 1230 630 1261 propter
647 1233 706 1253 vos.
723 1225 793 1260 Quia
812 1225 885 1253 enim
899 1225 978 1253 electi

181 1270 274 1305 eratis,
302 1274 445 1307 propterea
469 1270 537 1298 nihil
560 1278 618 1298 non
639 1270 721 1298 vestri
743 1278 826 1298 causa
848 1269 981 1298 laboravi-

181 1323 243 1344 mus
267 1324 274 1344 :
297 1323 347 1351 pro
367 1315 474 1344 dilectis
494 1315 568 1343 enim
591 1323 607 1343 a
629 1316 689 1343 Deo
710 1315 772 1351 quis
794 1314 903 1351 quidvis
923 1322 980 1342 non

1032 954 1214 994 πληροφορίαν
1244 953 1370 992 ἐγίνοντο·
1397 953 1466 983 οὔτω
1487 953 1532 982 καὶ
1548 954 1576 982 αἱ
1601 953 1671 993 ὑπὲρ
1689 956 1740 983 τοῦ
1764 954 1837 993 κηρύ-

1031 1010 1132 1037 γματος
1149 999 1249 1039 θλίψεις
1262 998 1365 1039 μεγάλη
1382 998 1524 1038 βεϐαίωσις
1540 999 1622 1028 αὐτοῦ
1638 999 1705 1029 εἶσι.

1071 1057 1083 1069 ι
1096 1042 1193 1078 Καθὼς
1202 1038 1305 1080 οἴδατε,
1316 1038 1365 1073 οἶοι
1377 1043 1539 1083 ἐγενήθημεν
1551 1044 1578 1072 ἐν
1593 1044 1658 1081 ὑμῖν
1673 1043 1712 1072 δι’
1727 1044 1806 1081 ὕμᾶς.
1822 1054 1833 1069 ι

1031 1087 1142 1127 Ὑμεῖς,
1168 1088 1246 1129 φησὶ,
1263 1088 1408 1128 μάρτυρες,
1436 1090 1494 1122 πῶς
1517 1089 1544 1117 ἐν
1573 1089 1637 1126 ὑμῖν
1668 1088 1836 1128 ἀνεστράφη-

1032 1144 1095 1172 μιν,
1131 1133 1177 1162 καὶ
1210 1132 1251 1163 ὅτι
1281 1132 1350 1172 μετὰ
1375 1133 1523 1173 προθυμίας
1556 1134 1661 1168 πολλῆς
1703 1132 1832 1172 ἐκηρύξα-

1033 1188 1089 1215 μεν·
1105 1176 1175 1206 ἀλλὰ
1191 1177 1237 1207 καὶ
1259 1180 1338 1207 τοῦτο
1352 1177 1389 1207 δι’
1403 1179 1484 1216 ὑμᾶς.
1541 1177 1618 1208 Διότι
1640 1177 1697 1217 γὰρ
1714 1178 1835 1206 ἐκλεκτοὶ

1031 1217 1096 1258 ἦτε,
1127 1221 1172 1251 διὰ
1195 1224 1273 1252 τοῦτο
1297 1221 1382 1252 πάντα
1419 1222 1485 1261 ὑπὲρ
1513 1222 1588 1260 ὑμῶν
1610 1222 1831 1257 ἐσπουδάσαμεν·

1032 1265 1099 1306 ὗπὲρ
1122 1266 1174 1306 γὰρ
1199 1268 1251 1296 τῶν
1279 1269 1326 1296 τοῦ
1351 1268 1423 1297 Θεοῦ
1450 1267 1598 1306 ἀγαπητῶν
1627 1266 1654 1295 τί
1682 1267 1733 1295 οὐκ
1751 1266 1783 1295 ἄν
1803 1278 1837 1298 τις

1033 1311 1127 1348 mihi;
1151 1311 1284 1342 Ἐνταῦθα
1303 1311 1330 1341 δὲ
1355 1311 1400 1341 καὶ
1426 1313 1479 1341 τῶν
1505 1311 1586 1340 αὐτοῦ
1613 1311 1835 1350 κατορθωμάτων

181 1361 314 1396 patiatur?
327 1360 379 1388 Hic
392 1364 484 1388 autem
495 1367 544 1388 sua
553 1359 637 1388 etiam
647 1359 717 1388 facta
732 1359 854 1396 attingit,
870 1359 979 1388 etiamsi

1077 1357 1204 1404 τεται,.εἶ
1220 1356 1266 1386 καὶ
1287 1356 1517 1404 ἔπεσκιασμένως.
1541 1355 1674 1386 Βούλεται
1699 1356 1757 1396 γὰρ
1778 1355 1839 1396 πρό-

180 1409 250 1434 tecte
266 1414 273 1433 :
289 1405 346 1433 vult
359 1405 435 1433 enim
450 1405 572 1441 primum
588 1412 636 1433 eos
651 1403 856 1432 commendare.

218 1451 305 1479 Vsns.
318 1453 345 1478 6.
361 1452 396 1479 Et
405 1457 450 1478 vos
462 1451 617 1478 imitatores
630 1451 720 1477 nostri
730 1450 800 1483 facti
809 1450 882 1481 estis,
895 1451 920 1477 et
933 1450 983 1476 Do-

181 1496 257 1523 mini.
278 1494 424 1524 Confortat
437 1502 485 1522 eos
498 1502 563 1522 cum
577 1493 726 1529 laudando,
743 1498 803 1522 tum
820 1493 857 1522 ad
871 1501 982 1521 memo-

181 1539 253 1568 riam
268 1539 431 1574 revocando,
444 1539 518 1576 quod
539 1543 565 1566 et
584 1538 637 1574 ipsi
658 1547 714 1567 non
738 1538 794 1566 sint
812 1538 840 1566 in
855 1538 982 1574 periculis

181 1592 216 1613 eo
234 1584 299 1613 facti
315 1584 474 1612 inferiores.
492 1585 568 1612 Deus
582 1583 669 1611 bone!
685 1587 823 1618 quantum
839 1587 882 1611 est
898 1591 981 1611 enco-

181 1629 281 1664 mium,
297 1637 344 1657 eos
358 1628 452 1657 statim
468 1627 647 1664 praeceptoris
661 1627 704 1656 sui
720 1628 874 1655 imitatores
894 1627 981 1656 factos

183 1681 258 1707 esse;
280 1681 329 1701 nec
343 1673 402 1709 ejus
420 1676 540 1707 tantum,
560 1679 656 1700 verum
677 1672 764 1700 etiam
779 1671 905 1700 Domini!
929 1672 981 1707 Qui

181 1725 246 1746 vero
262 1717 374 1746 Domini
389 1717 542 1746 imitatores
555 1716 621 1745 facti
635 1718 718 1745 sunt?
732 1717 872 1754 Quoniam
884 1721 911 1745 et
923 1716 982 1753 ipse

182 1763 267 1791 multa
283 1771 378 1799 passus
393 1762 538 1791 laetabatur
551 1771 557 1790 :
573 1766 672 1797 sponte
687 1762 762 1790 enim
781 1761 816 1790 ad
830 1761 857 1790 id
868 1761 981 1790 accede-

182 1807 240 1842 bat,
253 1807 323 1837 adeo
336 1812 366 1836 ut
377 1807 481 1836 diceret
494 1806 567 1836 Patri
582 1807 727 1842 :Gloriﬁca
740 1815 782 1835 me
794 1812 820 1834 ιι.

217 1854 392 1889 Excipient“
414 1853 525 1880 verbum
549 1854 579 1880 in
602 1853 778 1880 tribulatione
801 1852 899 1887 multa,
921 1860 981 1880 cum

183 1898 282 1934 gaudio
296 1899 415 1934 Spiritus
428 1898 526 1926 sancti.
542 1897 664 1925 Verbum
676 1905 730 1926 non
743 1897 904 1933 simpliciter
917 1905 981 1925 cum

182 1943 359 1971 tribulatione
382 1942 552 1978 suscepistis,
575 1941 624 1970 sed
645 1949 708 1970 cum
732 1942 829 1976 multa,
853 1941 906 1970 hoc
928 1945 980 1977 est,

183 1987 268 2023 506
292 1995 358 2016 cum
384 1986 520 2023 periculis.
547 1989 637 2022 Atque
663 1986 716 2014 hoc
738 1985 826 2014 disces
848 1993 881 2014 ex
902 1985 979 2014 Actis

181 2032 381 2068 apostolorum.
407 2034 538 2060 Attamen
553 2030 732 2059 afﬂictionem
751 2030 830 2066 hanc,
845 2038 893 2059 seu
909 2030 978 2066 peri-

1077 2038 1086 2055 ν
1105 2026 1244 2066 Πράξεων.

181 2077 255 2111 cula,
275 2077 329 2105 laeti
355 2077 491 2113 suscipite.
514 2077 699 2111 lnterprctans
721 2080 814 2104 autem
836 2075 978 2112 quomodo

181 2121 262 2150 liceat
291 2126 320 2150 et
345 2121 402 2149 fieri
437 2121 533 2157 possit,
561 2125 592 2149 ut
617 2120 750 2156 quispiam
774 2121 802 2148 in
827 2119 978 2149 afﬂictione

181 2167 300 2201 laetetur,
309 2165 391 2202 dixit,
404 2167 470 2195 Cum
479 2166 579 2202 gaudio
589 2167 709 2203 Spiritus
722 2167 820 2194 sancti.
833 2167 897 2194 Non
906 2165 980 2194 enim

183 2212 309 2249 permisit
320 2219 369 2240 vos
387 2211 505 2248 Spiritus
524 2215 637 2240 sanctus
649 2210 754 2244 dolere,
770 2210 819 2239 sed
832 2210 911 2239 dolor
923 2215 982 2238 erat

182 2257 211 2285 in
243 2257 325 2286 rebus
350 2257 555 2293 corporalibus;
588 2255 719 2293 gaudium
747 2263 811 2284 vero
836 2263 851 2284 α
878 2255 981 2291 Spiritu

181 2301 309 2331 dabatur.
333 2301 576 2338 Quemadmodum
593 2301 667 2329 enim
688 2300 717 2329 in
736 2300 849 2328 ﬂamma
870 2301 945 2336 pueri
966 2308 982 2328 a

183 2347 284 2382 Spiritu
308 2347 468 2376 exsibilante
487 2346 693 2381 irrorabantur;
713 2345 788 2375 hunc
809 2346 844 2375 ad
867 2345 983 2374 modum

184 2395 213 2420 et
232 2399 280 2421 vos
301 2392 329 2420 in
349 2392 474 2428 periculis
488 2392 604 2428 Spiritus
624 2391 702 2420 laetos
716 2391 844 2425 faciebat,
861 2390 982 2419 futuram

184 2435 262 2464 vobis
289 2441 505 2472 prmmonstraus
536 2436 756 2465 retributionem.
791 2435 984 2464 Animadverte

184 2485 277 2509 autem
305 2485 365 2508 tum
391 2480 550 2516 quempiam
579 2481 640 2509 fieri
665 2480 832 2509 imitatorem
858 2480 982 2514 Domini,

183 2526 293 2563 quando
330 2525 451 2562 pericula
482 2525 601 2553 sustinet
637 2533 703 2553 cum
738 2524 836 2561 gaudio
868 2525 985 2561 Spiritus

183 2573 283 2600 sancti.

220 2617 310 2647 Vnns.
326 2620 353 2646 7.
370 2617 412 2645 Ita
431 2617 462 2643 ut
475 2622 521 2642 vos
535 2615 607 2649 facti
619 2615 681 2642 sitis
694 2615 784 2648 forma
797 2615 917 2643 omnibus
932 2623 987 2643 cre-

182 2663 306 2692 dentibus
329 2663 359 2690 z'n
384 2660 543 2690 Macedonia
568 2662 594 2688 et
617 2660 734 2688 Achaia.
762 2659 817 2688 Etsi
841 2663 980 2696 postremo

225 2741 327 2768 «Joan.
342 2746 422 2772 xvn,
438 2741 462 2767 1.

1036 1412 1111 1440 τερον
1126 1400 1240 1434 ἐκείνους
1261 1401 1440 1440 ἐγκωμιάσαι.

1082 1456 1096 1474 (ι
1117 1445 1172 1476 Καὶ
1199 1448 1273 1484 ὑμεῖς
1295 1445 1412 1485 μιμηταὶ
1438 1446 1517 1482 ἡμῶν
1542 1444 1689 1484 ἐγενήθητε
1720 1444 1770 1474 καί
1796 1448 1839 1474 τοῦ

1038 1490 1174 1530 Κυρίου.»
1195 1490 1402 1531 Ἀναρῤώννυσιν
1422 1489 1516 1524 αὐτοὺς
1537 1492 1576 1530 τῷ
1590 1501 1618 1519 τε
1639 1491 1782 1526 ἐπαινεῖν,
1797 1490 1841 1520 καὶ

1036 1536 1075 1575 τῷ
1099 1535 1314 1574 ὑπομιμνήσκειν
1339 1534 1379 1565 ὅτι
1409 1535 1455 1565 καὶ
1489 1534 1565 1564 αὐτοὶ
1593 1535 1641 1564 οὐκ
1673 1534 1841 1574 ἄπελείῄ-

1035 1590 1084 1608 σαν
1100 1580 1182 1610 αὐτοῦ
1208 1580 1261 1613 τοῖς
1284 1579 1425 1613 κινδύνοις.
1451 1578 1542 1610 Βαϐαὶ
1557 1579 1602 1615 δὲ,
1624 1575 1680 1609 οἷον
1696 1579 1730 1609 τὸ

1035 1635 1114 1662 μιον,
1142 1623 1264 1664 μιμητὰς
1279 1623 1354 1658 εὐθὺς
1375 1627 1422 1654 τοῦ
1445 1624 1609 1654 διδασκάλου
1624 1623 1769 1663 γενέσθαι,
1798 1624 1842 1653 καὶ

1034 1670 1064 1698 οὗ
1079 1669 1159 1707 μόνον
1172 1670 1270 1706 αὐτοῦ,
1287 1668 1356 1699 ἀλλὰ
1373 1668 1419 1698 καὶ
1433 1671 1480 1698 τοῦ
1504 1668 1623 1708 Κυρίουῑ
1649 1669 1715 1702 Πῶς
1739 1668 1768 1698 δὲ
1786 1669 1840 1707 ἐγέ-

1035 1724 1108 1743 νοντο
1130 1716 1177 1744 τοῦ
1202 1714 1300 1755 Κυρίου
1327 1713 1460 1752 pqL-qni;
1482 1712 1549 1744 Ὅτι
1573 1713 1619 1743 καὶ
1643 1713 1727 1744 αὐτὸς
1752 1712 1839 1744 πολλὰ

1035 1757 1125 1788 παθὼν
1147 1758 1263 1798 ἔχαιρεν·
1289 1757 1357 1788 ἑκὼν
1380 1758 1432 1798 γὰρ
1453 1758 1496 1787 ἐπὶ
1517 1760 1596 1787 τοῦτο
1621 1758 1746 1798 ἤρχετο,
1773 1757 1839 1788 ὥστε

1033 1802 1079 1831 καὶ
1093 1803 1178 1842 λέγειν
1194 1804 1233 1843 τῷ
1249 1803 1346 1843 Πατρί-
1368 1814 1383 1832 ιι
1395 1801 1513 1837 Δόξασόν
1529 1813 1573 1841 με.
1590 1813 1605 1831 n

1079 1858 1093 1875 tt
1107 1847 1250 1885 Δεξάμενοι
1276 1848 1320 1877 τὸν
1347 1847 1425 1887 λόγον
1451 1849 1478 1877 ἐν
1505 1847 1593 1886 θλίψει
1619 1848 1730 1886 πολλῇ,
1767 1847 1836 1886 μετὰ

1034 1896 1120 1932 χαρᾶς
1149 1892 1306 1931 Πνεύματος
1325 1892 1412 1931 ἁγίου.
1436 1905 1450 1918 ι
1474 1893 1537 1932 Οὐχ
1562 1891 1655 1925 ἅπλῶς
1681 1891 1755 1929 μετὰ
1780 1893 1838 1922 ολί-

1033 1938 1103 1977 ψεως
1125 1937 1247 1972 ἐδέξασθε
1270 1937 1315 1967 τὸν
1344 1937 1441 1977 λόγον,
1466 1936 1535 1967 ἀλλὰ
1561 1936 1608 1966 καὶ
1633 1936 1703 1975 μετὰ
1723 1938 1840 1972 πολλῆς,

1032 1982 1168 2021 τουτέστι,
1194 1981 1263 2021 μετὰ
1287 1981 1424 2012 κινδύνων.
1464 1980 1519 2012 Καὶ
1545 1984 1624 2011 τοῦτο
1649 1981 1764 2022 μαθήσῃ
1791 1982 1840 2010 ἀπὸ

1288 2026 1357 2057 Ἀλλ’
1378 2025 1452 2066 ὅμως
1468 2026 1569 2062 ταύτην
1590 2026 1638 2062 τὴν
1650 2027 1750 2066 ,Θλῑψιν
1760 2049 1769 2063 ,
1785 2027 1840 2062 ἤτοι

1031 2071 1091 2105 τοὺς
1104 2071 1252 2111 κινδύνους,
1275 2071 1415 2112 χαίροντες
1428 2071 1548 2111 ὑποὸἕχε
1556 2073 1612 2112 σοι.
1657 2070 1837 2110 Ἐρμηνεόων

1033 2117 1061 2146 δὲ
1071 2139 1080 2153 ,
1090 2117 1147 2150 πῶς
1160 2115 1260 2147 τνεστιν
1270 2110 1296 2146 ἐν
1312 2110 1400 2157 θλίψει
1413 2110 1531 2156 χαίρειν,
1546 2110 1614 2146 εἷπε·
1628 2127 1643 2143 ιι
1657 2116 1740 2145 Μετὰ
1756 2121 1841 2156 χαρᾶς

1037 2162 1192 2200 Πνεύματος
1206 2161 1292 2201 ἁγίου.
1307 2172 1322 2190 n
1340 2162 1381 2191 οὗ
1399 2161 1452 2201 γὰρ
1469 2162 1573 2201 ἀφῆκεν
1588 2161 1659 2200 tua;
1675 2162 1706 2190 τὸ
1727 2161 1839 2199 Πνεῦμα

1037 2207 1146 2244 ἀλγεῖν,
1171 2205 1230 2236 ἄλλ’
1253 2208 1270 2242 ἡ
1300 2206 1348 2245 μὲν
1375 2205 1500 2245 ἀλγηδὼν
1523 2207 1551 2235 ἐν
1575 2207 1628 2239 τοῖς
1658 2206 1838 2244 σωματικοῖς,

1035 2253 1053 2287 ἡ
1072 2250 1099 2280 δὲ
1114 2251 1188 2291 παρὰ
1203 2254 1249 2281 τοῦ
1267 2251 1428 2290 Πνιύματος
1449 2251 1559 2280 ἐδίδοτο.
1614 2249 1662 2283 Ὡς
1686 2250 1743 2291 γὰρ
1765 2252 1791 2280 ἐν
1807 2253 1837 2289 τῇ

1036 2297 1114 2337 φλογὶ
1138 2296 1300 2336 ἐδροσίζοντο
1319 2297 1343 2325 οἱ
1369 2296 1464 2329 παῖδες
1481 2297 1518 2336 τῷ
1541 2295 1724 2335 διασυρίζοντι
1757 2295 1836 2326 "vni-

1038 2352 1102 2379 ματι
1111 2363 1119 2377 ,
1142 2341 1213 2370 οὕτω
1227 2340 1274 2370 καὶ
1289 2342 1358 2374 ὑμᾶς
1382 2342 1410 2370 ἐν
1426 2345 1480 2374 τοῖς
1493 2340 1623 2374 κινδύνοις
1637 2340 1799 2380 ἐχαροποίει
1812 2339 1836 2368 τὸ

1037 2387 1166 2425 Πνεῦμα,
1187 2386 1236 2423 τὴν
1265 2386 1417 2424 μέλλουσαν
1449 2384 1638 2425 προσδεικνύον
1666 2383 1714 2425 ff.

1038 2432 1099 2469 ὑμῖν
1117 2429 1340 2469 μισθαποδοσίαν.
1387 2429 1464 2471 θορα
1477 2430 1506 2460 δὲ
1527 2430 1569 2460 ὅτι
1585 2430 1645 2459 τότε
1668 2440 1710 2463 τις
1737 2429 1834 2469 γίνεται

1037 2477 1084 2505 τοῦ
1110 2475 1210 2516 Κυρίου
1235 2475 1373 2514 μιμητὴς,
1396 2475 1439 2505 ὅτε
1461 2473 1595 2509 κινδύνους
1615 2473 1746 2513 ὑπομένει
1768 2474 1830 2514 μετὰ

1038 2524 1125 2561 χαρᾶς
1143 2521 1220 2560 ἁγίου
1234 2520 1402 2559 Πνεύματος.

1082 2622 1096 2640 ε
1124 2609 1216 2641 "Qun
1243 2609 1367 2651 γενέσθαι
1398 2611 1467 2650 ὑμᾶς
1494 2608 1591 2642 τύπους
1617 2613 1685 2639 πᾶσι
1712 2613 1768 2642 τοῖς
1794 2619 1832 2636 πι-

1038 2655 1177 2686 στεύωσιν
1203 2656 1230 2685 ἐν
1303 2655 1459 2695 Μακεδονία
1480 2654 1527 2684 καὶ
1548 2656 1581 2694 τῇ
1596 2652 1704 2695 Ἀχαΐα.
1726 2664 1742 2682 n
1781 2652 1830 2684 Καὶ

887 2777 979 2807 Varia:
1001 2777 1152 2807 lectiones.

220 2840 243 2858 ⁸⁸
256 2841 395 2869 πιστεύουσι
414 2848 452 2868 m.
487 2839 509 2858 ⁸⁸
524 2840 628 2875 πάσχων
644 2847 684 2867 m.
