1890 3077
34 168 99 196 1⁸285

456 164 630 194 EXPOSITIO
651 165 684 194 IN
705 165 807 194 EPIST.
829 166 837 194 Ι
857 166 902 194 AD
921 165 1035 194 THESS.
1055 181 1089 187 —-
1109 166 1183 195 CAP.
1206 167 1224 195 l.

1610 169 1676 197 l286

32 230 82 266 μὴν
94 231 119 259 ἐν
137 228 242 269 ὕστίρῳ
262 224 326 265 ἦλθε
345 229 452 262 Παῦλος
471 227 535 269 πρὸς
555 227 681 268 τούτους,
700 228 758 258 ἀλλ’
778 228 824 258 οὔ·
840 230 867 263 Α

940 236 989 257 eos
1013 229 1116 257 Paulus
1136 229 1249 264 venerit,
1270 230 1309 258 sic
1322 234 1427 266 tamen,
1440 231 1541 267 inquit,
1557 231 1678 268 resplen-

30 287 77 307 τως
90 275 228 314 ἐλάμψατε
237 296 245 309 ,
261 273 342 313 φησὶν
352 295 360 309 ,
380 275 415 306 ὡς
429 275 483 302 τῶν
500 273 686 313 προλαϐόντων
702 273 823 312 γενέσθαι

30 320 192 349 διδάσκαλοι.
220 319 275 348 Καὶ
289 321 366 348 τοῦτο
383 318 409 347 δὲ
428 318 540 356 μίμησις
566 318 690 348 Παύλου·
711 317 757 348 καὶ
772 318 824 357 γὰρ

30 364 72 392 καὶ
96 364 174 397 αὐτὸς
198 363 307 402 ὕστερος
327 362 495 403 προσελθὼν,
521 362 623 397 πάντας
648 363 822 403 ὑπερέϐαλεν.

29 408 98 448 Ὅρα
114 407 157 444 δὲ,
171 408 221 438 οὐκ
241 403 297 437 εἶπε
307 430 314 443 ,
331 407 438 440 Τύπους
452 406 574 445 γενέσθαι
591 407 656 446 πρὸς
670 408 700 437 τὸ
717 410 827 437 πιστεῦκ

30 464 88 489 σαι,
104 452 193 489 ἀλλὰ,
220 453 285 486 Τοῖς
302 452 354 488 ἤδη
377 451 536 481 πιστεύσασι
546 452 572 470 ⁰⁰
591 451 672 486 τύπος
693 452 826 490 ἐγένεσθε,

30 499 82 532 πῶς
107 499 146 528 δεῖ
174 497 326 534 πιστεύειν,
343 496 396 537 ιὸτι
425 496 493 535 μετὰ
523 497 683 537 θερμότητος
709 497 754 526 καὶ
781 499 827 531 τῆς

31 543 89 581 πρὸς
117 541 178 576 τοὺς
210 542 347 575 κινδύνους
380 541 558 580 ἑτοιμότητος.
588 540 699 581 Ἀχαΐαν
724 541 752 570 δὲ
778 541 826 576 τὴν

31 587 145 618 Ἑλλάδα
160 587 256 627 φησίν.

70 643 84 661 (ι
99 631 155 672 Ἀφ’
177 633 254 670 ὑμῶν
271 631 322 672 γὰρ
345 630 474 671 ἐξήχηται
490 633 504 660 6
519 630 594 669 λόγος
609 632 655 660 τοῦ
672 630 785 671 Κυρίου.
807 641 822 660 1)

30 677 186 713 Τουτέστιν,
205 675 240 706 Ἦ
257 676 319 716 περὶ
340 678 386 711 τῆς
401 677 474 715 ὑμῶν
490 677 585 715 ἀρετῆς
606 675 683 716 φήμη
701 675 825 711 ἐποίησεν

31 721 182 756 ἐξάκουστον
200 721 324 760 γενέσθαι
339 725 407 750 πᾶσι
433 721 462 750 τὸ
480 720 624 760 κήρυγμα,
645 720 691 749 καὶ
717 720 824 749 πάντων

30 768 93 804 ὑμᾶς
107 765 251 799 παιδευτὰς
275 767 421 806 δειχθῆναι.
443 765 484 796 Τὸ
498 766 541 802 δὲ,
553 778 566 791 ι
581 765 741 805 Ἐξήχηται,
755 779 766 791 ι
793 766 827 798 ὡς

33 811 72 840 ἐπὶ
97 811 246 851 σάλπιγγος
279 810 403 851 λαμπρὸν
439 811 574 850 ἡκούσης,
604 810 650 839 καὶ
687 809 731 839 ἐπὶ
759 809 826 838 πολὺ

33 855 174 895 φθανούσης
181 880 185 885 .

73 912 87 929 ιι
101 901 140 930 Οὐ
161 900 242 939 μόνον
268 901 294 930 ἐν
373 899 531 940 Μακεδονία
557 898 604 928 καὶ
629 897 742 938 Ἀχαΐᾳ,
758 898 827 927 ἀλλὰ

34 945 74 974 καὶ
100 946 125 974 ἐν
152 944 237 974 παντὶ
268 944 343 984 τόπῳ
374 947 392 980 ἡ
421 945 508 977 πίστις
539 945 613 981 ὑμῶν
647 946 663 978 ἡ
692 943 756 982 πρὸς
782 943 827 973 τὸν

35 989 97 1019 Θεὸν
122 990 291 1024 ἐξελήλυθεν.
316 999 331 1018 ι)
360 989 418 1024 Τὴν
451 989 499 1027 μὲν
528 987 713 1024 Μακεδονίαν,
751 987 831 1028 φησὶ,

34 1036 76 1065 καὶ
106 1034 155 1072 τὴν
185 1034 310 1066 Ἑλλάδα
338 1037 385 1064 τοῦ
409 1034 488 1073 λόγου
511 1033 557 1063 καὶ
585 1035 632 1069 τῆς
659 1032 831 1066 δίδασκαλίας

37 1080 194 1117 ἐνεπλήσατε
230 1082 269 1120 τῷ
301 1080 360 1109 καθ’
393 1079 487 1113 αὑτοὺς
514 1078 705 1117 ὑποδείγματι·
733 1080 780 1107 τοῦ
803 1077 830 1107 δὲ

36 1126 179 1165 θαύματος,
207 1125 298 1155 πάντα
331 1124 442 1165 τρόπον,
473 1124 544 1158 ὅπως
571 1124 597 1153 ἐν
630 1123 700 1153 οὕτω
726 1125 826 1163 βραχεῖ

37 1171 117 1211 χρόνῳ
137 1169 273 1207 τοσαύτην
297 1169 386 1200 πίστιν
413 1169 559 1210 [μακρὰν]
580 1167 759 1211 ἐπεδείξασθε.
781 1167 832 1201 Ὠς

37 1208 91 1255 περὶ
104 1208 232 1256 ἐμψύχου
257 1215 285 1246 δέ
304 1226 373 1249 τινος
389 1208 576 1254 διαλεγόμενος
598 1208 656 1243 εἷπε
677 1213 722 1250 τὸ,
739 1226 751 1239 ι
770 1211 832 1247 Ἐξ-

39 1262 163 1297 ελήλυθεν,
181 1273 196 1289 ι

81 1317 94 1335 (ι
109 1305 195 1335 Ὥστε
213 1304 253 1344 μὴ
267 1304 360 1345 χρείαν
373 1306 445 1343 ἡμᾶς
461 1302 531 1344 ἔχειν
545 1303 635 1333 λαλεῖν
651 1314 686 1332 τι.
704 1313 719 1331 ι)
739 1301 832 1336 Οὕτως

43 1351 92 1380 ἐστὶ
105 1349 203 1391 σφοδρὰ
217 1349 266 1380 καὶ
281 1348 388 1389 ἐνεργὴς
402 1350 419 1384 ἡ
440 1351 488 1383 τῆς
507 1348 621 1381 πίστεως
642 1348 716 1386 ὑμῶν
734 1347 810 1388 φήμη
821 1370 829 1386 ,

42 1394 103 1426 ὥστε
117 1395 174 1425 οὐδὲ
200 1394 391 1435 περιμένουσιν
413 1395 486 1432 ἡμᾶς
505 1393 529 1423 οἱ
546 1392 681 1433 ἄνθρωποι
704 1392 786 1422 εἰπεῖν
807 1403 834 1421 τι

43 1440 97 1480 περὶ
122 1442 215 1479 ὑμῶν,
244 1440 303 1469 ἀλλ’
322 1439 414 1471 ὁσάκις
439 1437 646 1478 ἐπιχειρήσομεν
666 1436 768 1477 λέγειν,
790 1435 834 1466 ἶνα

43 1485 166 1520 κάκείνους
193 1485 234 1518 εἷς
263 1483 308 1513 τὸν
327 1480 388 1513 ’ἴσον
409 1485 487 1519 ζῆλον
513 1482 689 1521 ἐμϐάλωμεν,
713 1480 833 1522 προφθά-

43 1541 120 1559 νουσιν
138 1533 209 1568 ἡμᾶς
222 1530 337 1565 ἐκεῖνοι,
352 1528 386 1558 τὰ
398 1526 515 1567 ὓμὲτερα
530 1526 601 1556 καλὰ
615 1526 794 1565 διηγούμενοι.

843 921 867 952 Β

877 272 988 307 duistis,
1009 277 1041 301 ut
1065 281 1160 302 eorum
1183 274 1229 310 qui
1253 275 1440 310 praecesserint
1461 284 1510 304 vos
1531 275 1597 304 facti
1617 277 1676 304 sitis

878 318 1017 346 doctores.
1031 320 1121 355 Atque
1130 318 1189 346 haec
1198 323 1240 347 est
1254 319 1330 348 Pauli
1340 320 1468 348 imitatio.
1479 321 1551 349 Nam
1566 325 1595 349 et
1607 321 1676 357 ipse,

879 367 1036 399 postremus
1061 363 1202 397 accedens,
1238 372 1335 392 omnes
1366 365 1515 401 superavit.
1545 365 1676 401 Expende

879 412 981 443 autem,
996 407 1069 444 quod
1089 416 1145 436 non
1160 408 1272 443 dixerit,
1286 409 1364 437 Facti
1373 410 1440 438 estis
1452 409 1558 444 forma,
1573 414 1606 438 ut
1618 418 1678 439 cre-

879 453 979 481 derent
1005 453 1065 487 alii;
1092 461 1188 481 verum
1207 453 1266 490 jam
1293 454 1469 483 credentibus
1496 454 1586 483 forma
1614 455 1680 483 facti

879 497 957 533 estis,
981 497 1121 534 quomodo
1156 502 1283 534 oporteat
1306 498 1427 533 credere,
1455 499 1587 528 nimirum
1615 508 1677 528 cum

879 541 986 571 fervore
1001 546 1029 570 et
1042 543 1260 578 promptitudine
1275 543 1311 572 ad
1326 544 1456 580 pericula.
1479 545 1532 573 Per
1545 544 1679 573 Achaiam

880 592 974 615 autem
998 587 1133 616 Graeciam
1146 587 1287 624 intelligit.

916 631 1008 660 Vens.
1018 636 1043 660 8.
1057 634 1081 660 Α
1091 633 1166 660 vobis
1180 633 1251 660 enim
1263 634 1383 662 insonuit
1395 642 1481 662 sermo
1491 635 1609 662 Domini.
1621 635 1681 663 Hoc

881 681 933 710 est,
953 676 1028 705 fama
1044 676 1078 706 de
1097 677 1198 706 virtute
1212 682 1300 706 vestra
1320 678 1394 712 fecit,
1419 683 1450 707 ut
1465 679 1623 715 przedicatio
1638 680 1680 708 in-

880 725 1036 750 notesceret
1059 722 1200 756 omnibus,
1225 731 1327 759 vosque
1350 723 1478 752 omnium
1507 723 1683 753 institutores

881 766 1107 795 ostenderemiui.
1139 767 1210 796 lllud
1247 772 1350 802 autem,
1378 769 1510 800 Insonuit,
1538 769 1618 797 veluti
1649 769 1682 798 de

881 811 946 839 tuba
961 811 1068 839 dictum
1082 816 1132 845 est,
1148 819 1209 848 qua:
1219 812 1292 841 clare
1305 817 1396 848 sonat,
1412 817 1441 841 et
1455 813 1562 842 sonitus
1576 814 1636 850 ejus
1647 813 1681 842 ad

881 856 984 884 multos
994 856 1129 892 pervenit.

918 902 979 930 Non
1002 902 1088 929 solum
1104 903 1134 929 in
1160 901 1317 930 Macedonia
1338 904 1364 930 et
1389 902 1516 935 Achaia,
1539 904 1587 932 sed
1607 906 1632 931 et
1651 905 1681 931 in

884 947 958 973 omni
971 946 1025 974 loco
1034 946 1099 982 ﬁdes
1118 949 1206 974 vestra
1217 955 1276 982 qua
1295 948 1380 975 estad
1390 949 1490 980 Deum,
1509 956 1614 984 egressa
1631 951 1680 976 est.

886 991 1018 1027 Exemplo
1042 995 1151 1024 vestro,
1176 991 1280 1028 inquit,
1304 992 1495 1021 Macedoniam
1521 993 1632 1029 quidem
1656 997 1684 1022 et

885 1035 1020 1064 Achaiam
1045 1036 1129 1064 verbo
1151 1040 1179 1064 et
1198 1036 1323 1065 doctrina
1341 1037 1482 1074 replestis;
1502 1037 1684 1066 admiratione

886 1088 961 1116 vero,
977 1088 1089 1109 omnem
1101 1081 1204 1115 locum,
1220 1081 1361 1118 quomodo
1373 1083 1476 1110 scilicet
1491 1083 1519 1111 in
1531 1088 1588 1111 tam
1609 1083 1683 1111 brevi

886 1126 1019 1162 temporis
1036 1126 1125 1162 spatio
1138 1130 1241 1154 tantam
1257 1126 1339 1155 fidem
1355 1127 1524 1156 ostendistis.
1540 1129 1683 1164 Tanquam

886 1174 980 1200 autem
994 1172 1030 1200 de
1044 1179 1074 1200 re
1088 1171 1210 1200 animata
1224 1171 1339 1208 loquens
1359 1172 1438 1207 dixit,
1456 1175 1575 1208 Egressa
1588 1175 1635 1202 est.

921 1305 965 1332 Ita
978 1307 1009 1332 ut
1022 1313 1075 1332 um:
1087 1305 1124 1333 sit
1139 1305 1215 1334 nobis
1229 1313 1330 1334 necesse
1344 1307 1494 1342 quidquam
1506 1307 1588 1342 loqui.
1607 1307 1684 1336 Adeo

886 1348 1034 1378 vehemens
1045 1354 1073 1378 et
1093 1349 1191 1378 efﬁcax
1202 1354 1243 1379 est
1263 1350 1328 1379 ﬁdei
1342 1355 1440 1380 vestrae
1454 1350 1538 1386 fama,
1552 1355 1584 1379 ut
1596 1360 1684 1389 neque

886 1398 1049 1430 exspectent
1071 1402 1122 1423 nos
1143 1395 1270 1424 homines
1290 1395 1359 1424 dum
1380 1396 1543 1432 quidquam}
1551 1396 1585 1425 de
1608 1397 1686 1425 vobis

887 1439 1012 1467 dicamus
1026 1448 1033 1467 :
1050 1447 1147 1468 verum
1163 1440 1273 1476 quoties
1291 1448 1406 1469 narrare
1420 1449 1563 1475 conamur,
1579 1446 1610 1470 ut
1624 1441 1687 1470 illos

887 1483 921 1512 ad
940 1491 1034 1520 parem
1048 1484 1253 1513 aemulationem
1268 1485 1434 1521 injiciamus,
1451 1486 1621 1522 praeveniunt
1635 1494 1686 1514 nos

889 1529 936 1563 illi,
958 1533 1047 1557 vestra
1062 1529 1144 1557 nobis
1158 1529 1229 1558 bona
1242 1530 1428 1566 praedicantes.

82 1586 96 1604 α
119 1567 200 1604 Αὐτοὶ
229 1573 281 1613 γὰρ
296 1573 357 1613 περὶ
380 1574 456 1611 ἡμῶν
479 1571 711 1611 ἀπαγγέλλουσιν,
742 1570 834 1601 ὁποίαν
852 1567 872 1599 C

923 1575 1014 1602 Vrsas.
1034 1577 1062 1602 9.
1077 1575 1136 1609 Ipsi
1148 1575 1220 1602 enim
1236 1575 1269 1603 de
1286 1575 1363 1603 nobis
1377 1577 1561 1608 annuntiant,
1578 1577 1685 1611 qualem

43 1618 131 1649 εἴσοδον
158 1620 257 1660 ἔχομεν
273 1618 296 1637 ⁹¹
324 1617 388 1658 πρὸς
411 1619 490 1656 ὓμᾶς.
512 1627 527 1646 ν
553 1616 714 1653 Τουτίστιν,
735 1615 776 1645 ὅτι
798 1615 831 1645 Ἡ

46 1664 151 1704 ἡμετέρα
184 1663 254 1703 πρὸς
289 1664 358 1701 ὑμᾶς
388 1662 489 1695 ἔλευσις
525 1660 643 1690 θανάτων
676 1661 754 1701 ἔγεμε
784 1673 834 1699 μυ-

46 1708 117 1746 ρίων,
133 1709 191 1738 ἄλλ’
213 1707 289 1745 ὅμως
304 1708 379 1746 ὑμεῖς
394 1707 440 1736 οὖκ
458 1705 684 1742 ἐσκανδαλίσθητε
700 1706 739 1746 ἐφ’
755 1707 831 1744 ἡμῖν.

45 1752 117 1782 Ἀλλὰ
137 1753 182 1782 καὶ
213 1755 290 1791 ὑμεῖς
318 1751 446 1785 κινδύνοις
476 1751 510 1779 δι’
538 1752 610 1790 ἡμᾶς
635 1749 834 1791 περιπεσόντες,

45 1798 87 1826 οὐκ
102 1797 290 1838 ἀπεστράφητε
315 1798 406 1836 ἡμᾶς,
435 1796 495 1826 ἀλλ’
510 1795 593 1829 οὕτως
616 1796 693 1833 ἡμῶν
712 1795 834 1838 εἶχεσθε,

46 1844 78 1876 ὡς
100 1835 197 1881 μυρίων
229 1835 341 1882 ἆγαθῶνν
364 1840 574 1874 ἀπολαύσαντες,
606 1840 724 1879 Δευτίρα
746 1840 774 1868 δὲ
802 1835 834 1875 ἦν

48 1886 108 1923 αὕτη
133 1887 243 1921 εἴσοδος.
262 1886 317 1917 Καὶ
337 1885 388 1926 γὰρ
416 1884 537 1915 ἀπελθὼν
554 1885 589 1918 εἰς
612 1885 739 1926 Βέῤῥοιαν
760 1883 835 1913 ἐδιώ-

48 1934 108 1970 χθη·
135 1933 257 1962 κάκεῖθεν
285 1930 384 1968 ἐλθὼν,
410 1929 492 1964 οὕτως
509 1928 620 1970 ἐδέχθη,
635 1929 705 1958 ὥστε
729 1928 836 1962 καὶτὰς

48 1976 127 2016 ψυχὰς
142 1978 226 2006 αὐτῶν
240 1976 306 2017 ὓπὲρ
323 1976 403 2004 αὐτοῦ
419 1976 511 2005 θεῖναι.

88 2076 101 2094 ιι
117 2066 169 2096 Καὶ
194 2067 250 2099 πῶς
275 2063 455 2104 ἐπεστρέψατε
473 2063 538 2104 πρὸς
559 2062 604 2092 τὸν
632 2063 701 2093 Θεὸν
717 2061 769 2091 ἀπὸ
783 2063 835 2091 τῶν

49 2109 170 2147 εἰδώλων,
185 2110 316 2141 δουλεύειν
338 2111 402 2150 Θεῷ
415 2111 492 2144 ζῶντι
507 2107 553 2138 καὶ
569 2109 696 2148 ἀληθινῷ.
714 2119 728 2136 ι)
746 2109 834 2138 Τουτ-

49 2153 131 2193 έστιν,
148 2156 188 2185 ὅτι
212 2155 349 2194 εὐκόλως,
376 2154 416 2184 ὅτι
439 2153 508 2193 μετὰ
529 2154 630 2189 πολλῆς
654 2155 701 2189 τῆς
726 2151 837 2192 σφοδρό-

49 2210 129 2236 τητος.
155 2199 287 2231 Ἐνταῦθα
309 2199 337 2229 δὲ
365 2198 593 2239 ἀνεπαχθέστερον
607 2197 653 2228 καὶ
681 2196 836 2237 παραίνεσιν

51 2244 201 2285 εἰσήγαγεν,
234 2243 447 2283 ἀναμιμνήσκων
486 2242 581 2277 αὐτοὺς
613 2242 760 2281 εὖμεθόδως
788 2241 839 2271 ἀπὸ

50 2288 120 2318 τίνων
137 2291 173 2324 εἷς
187 2289 246 2319 τίνα
270 2290 417 2328 μετῆλθον,
443 2287 488 2317 ἵνα
502 2287 549 2317 καὶ
568 2287 644 2322 ἀξίως
659 2287 747 2316 αὐτῶν
763 2288 837 2321 ζῶσι.

90 2345 103 2363 (ι
117 2335 170 2365 Καὶ
197 2335 340 2373 ἀναμένειν
364 2334 408 2364 τὸν
432 2333 497 2363 Υἱὸν
525 2333 606 2362 αὐτοῦ
633 2333 664 2361 ἐκ
690 2333 743 2361 τῶν
761 2332 841 2372 οὖρα-

51 2379 97 2408 νῶν
128 2379 180 2418 (ὃν
215 2379 319 2420 ἤγειρεν
349 2379 379 2407 ἐκ
409 2379 460 2407 τῶν
488 2376 635 2417 νεκρῶν),
661 2376 764 2412 Ἰησοῦν
796 2375 840 2405 τὸν

53 2422 169 2462 ῥυόμενον
199 2425 273 2462 ἡμᾶς
308 2423 361 2452 ἀπὸ
384 2425 431 2458 τῆς
457 2422 536 2461 ὀργῆς
558 2424 604 2459 τῆς
640 2421 798 2462 ἐρχομένης.
821 2432 836 2449 υ

53 2467 102 2496 Καὶ
114 2470 189 2498 τοῦτο
213 2470 260 2504 τῆς
287 2468 368 2505 αὐτῆς
398 2466 517 2506 μεθόδου
544 2467 612 2496 ἐστί.
639 2466 767 2496 Διδάσκει
790 2465 842 2505 γὰρ

53 2511 77 2539 ἐν
91 2512 151 2542 εῐδει
174 2512 340 2553 διηγήσεως,
368 2512 519 2553 περιμένειν
535 2511 580 2540 τὸν
602 2510 666 2541 Υἱὸν
688 2513 734 2540 τοῦ
755 2511 838 2540 Θεοῦ.

54 2556 208 2596 Παραμυθία
232 2558 283 2598 γὰρ
299 2557 412 2597 μεγίστη
434 2556 488 2590 τοῖς
504 2555 670 2595 θλιϐομένοις
691 2557 783 2592 τοῦτο,
801 2554 842 2584 ὅτι

55 2601 165 2632 ὁπαθὼν
186 2603 303 2644 ἠγέρθη,
329 2601 376 2632 καὶ
400 2602 427 2630 ἐν
451 2603 489 2641 τῷ
509 2601 612 2641 οὐρανῷ
637 2601 710 2636 ἐστι,
730 2599 775 2629 καὶ
801 2599 841 2629 ὅτι

55 2643 118 2685 ἥξει,
143 2647 187 2677 καὶ
211 2643 282 2686 ἡμᾶς
303 2646 351 2686 μὲν
374 2646 434 2680 τοὺς
456 2645 627 2685 θλιϐομένους
656 2645 765 2686 ῥύσεται
788 2644 842 2674 ἀπὸ

57 2691 98 2726 τῆς
107 2692 192 2732 ’ὀργῆς
208 2693 255 2728 τῆς
272 2690 439 2733 ἐρχομένης,
465 2690 585 2721 τουτέστι
611 2692 658 2728 τῆς
686 2689 821 2724 κολάσεως
832 2713 839 2727 ,

889 1619 1033 1647 introitum
1054 1619 1228 1647 habuerimus
1241 1620 1278 1647 ad
1291 1627 1347 1648 uos.
1360 1621 1422 1648 Hoc
1437 1624 1488 1655 est,
1505 1619 1580 1656 quod
1594 1625 1689 1649 noster

888 1663 923 1691 ad
938 1671 986 1692 vos
998 1663 1132 1692 adventus
1150 1663 1268 1692 refertus
1286 1664 1528 1694 fueritinnumeris
1540 1665 1687 1700 mortibus,

888 1715 937 1736 vos
962 1713 1058 1737 tamen
1075 1717 1130 1737 non
1151 1710 1217 1737 estis
1240 1709 1340 1738 offensi
1359 1710 1389 1738 in
1416 1710 1506 1738 nobis.
1532 1711 1689 1745 Quinetiam

889 1761 936 1781 vos
962 1753 989 1780 in
1012 1753 1129 1789 pericula
1151 1758 1264 1789 propter
1282 1763 1335 1782 nos
1353 1754 1513 1789 incidentes,
1533 1763 1589 1783 non
1603 1755 1689 1784 aversi

888 1797 955 1825 estis
966 1805 981 1825 a
995 1797 1087 1831 nobis,
1113 1797 1161 1826 sed
1181 1798 1221 1826 sic
1243 1798 1323 1826 nobis
1336 1799 1528 1832 adhaerebatis,
1541 1807 1592 1828 ceu
1607 1800 1688 1828 innu-

888 1842 972 1870 meris
985 1841 1065 1870 bonis
1079 1850 1095 1869 a
1107 1842 1186 1870 nobis
1206 1843 1280 1870 aucti
1301 1843 1408 1871 essetis.
1433 1843 1575 1872 Secundus
1597 1848 1690 1873 autem

889 1887 943 1915 iste
958 1886 1016 1923 ejus
1028 1894 1154 1915 accessus
1175 1891 1244 1915 erat.
1265 1887 1376 1916 Etenim
1392 1887 1533 1924 profectus
1552 1887 1635 1924 501
1660 1889 1689 1917 in

889 1931 1060 1966 Berrhoeam,
1080 1931 1298 1968 persecutionem
1316 1940 1411 1969 passus
1425 1936 1467 1961 est
1483 1941 1490 1961 :
1513 1941 1547 1961 ac
1568 1933 1632 1961 inde
1646 1942 1689 1962 ve-

888 1976 977 2012 niens,
991 1976 1032 2004 sic
1052 1980 1094 2005 est
1108 1981 1244 2013 receptus,
1266 1981 1298 2006 ut
1312 1977 1353 2006 vel
1376 1977 1483 2006 animas
1503 1986 1568 2007 suas
1581 1986 1631 2014 pro
1656 1986 1689 2007 eo

890 2021 1092 2057 impenderent.

924 2068 960 2095 Et
969 2066 1098 2102 quomodo
1110 2067 1231 2095 conversi
1246 2068 1310 2095 estis
1327 2067 1364 2095 ad
1379 2070 1465 2096 Deum
1481 2076 1499 2096 α
1520 2068 1686 2099 simulacris,

890 2113 921 2139 ut
934 2112 1059 2139 serviatis
1072 2113 1126 2138 Deo
1139 2112 1241 2139 viventi
1249 2114 1275 2140 et
1285 2120 1360 2140 vero.
1375 2113 1437 2141 Hoc
1446 2117 1499 2148 est,
1509 2112 1583 2149 quod
1595 2111 1688 2146 facile,

892 2160 920 2184 et
933 2163 998 2184 cum
1016 2163 1115 2192 magna
1126 2155 1297 2185 vehementia
1308 2165 1340 2185 ac
1346 2165 1458 2185 summo
1469 2157 1573 2186 studio.
1581 2158 1635 2185 Hic
1642 2165 1690 2185 aue

893 2205 950 2229 tem
961 2200 1183 2229 adhortationem
1193 2201 1284 2229 minus
1295 2201 1441 2230 molestam
1451 2201 1617 2236 introduxit,
1625 2202 1692 2230 scite

893 2245 933 2274 eis
947 2245 976 2273 in
991 2245 1155 2274 memoriam
1169 2253 1300 2274 revocans
1318 2254 1333 2274 a
1348 2246 1447 2283 quibus
1470 2247 1506 2276 ad
1523 2255 1586 2283 qua:
1600 2251 1693 2275 trans-

894 2290 982 2324 ierint,
998 2293 1068 2318 etut
1081 2289 1115 2317 iis
1129 2289 1211 2326 digne
1226 2291 1327 2319 vivant.

930 2335 1020 2363 Vens.
1040 2338 1079 2363 I0.
1103 2334 1140 2363 Et
1163 2336 1318 2370 ewspectetis
1342 2336 1443 2364 Filium
1464 2336 1521 2371 ejus
1549 2337 1582 2364 de
1607 2337 1691 2368 catis.

896 2382 985 2415 (quem
1006 2380 1135 2407 emcitavit
1162 2387 1195 2407 ea:
1217 2380 1338 2415 mortuis)
1362 2382 1462 2413 Jesum,
1476 2383 1526 2417 qui
1544 2383 1626 2418 eripit
1648 2390 1695 2410 nos

895 2425 930 2452 ab
945 2425 988 2452 ira
1000 2427 1123 2452 ventura.
1143 2426 1176 2452 Et
1191 2424 1244 2452 hoc
1258 2429 1298 2453 est
1313 2425 1435 2461 ejusdem
1449 2425 1570 2455 methodi
1588 2436 1595 2454 :
1611 2427 1692 2455 docet

896 2469 972 2497 enim
986 2469 1038 2497 sub
1053 2469 1215 2497 narrationis
1229 2470 1329 2506 specie,
1348 2475 1504 2506 exspectare
1519 2471 1618 2500 Filium
1633 2471 1694 2499 Dei.

896 2513 1018 2542 Afﬂictis
1032 2513 1108 2542 enim
1123 2513 1183 2542 haec
1194 2518 1236 2542 est
1249 2514 1370 2543 maxima
1381 2515 1544 2550 consolatio,
1560 2515 1634 2552 quod
1650 2516 1694 2551 qui

896 2566 990 2596 passus
1011 2563 1061 2593 est,
1085 2559 1218 2588 excitatus
1232 2564 1284 2592 est,
1298 2560 1407 2597 jamque
1423 2560 1452 2588 in
1465 2561 1543 2589 caelis
1564 2564 1618 2593 est,
1633 2564 1696 2588 tum

896 2603 972 2641 quod
997 2603 1044 2632 ille
1065 2608 1196 2633 venturus
1210 2608 1263 2640 est,
1274 2608 1304 2633 ut
1324 2613 1375 2634 nos
1394 2606 1440 2642 qui
1456 2605 1616 2641 afﬂigimur,
1632 2604 1698 2633 libe-

897 2653 940 2678 ret
954 2649 989 2678 ab
1004 2649 1045 2677 ira
1063 2654 1191 2685 ventura,
1209 2649 1263 2678 hoc
1282 2654 1333 2684 est,
1352 2658 1367 2678 ο
1390 2658 1480 2686 pcena,
1499 2653 1629 2685 tanquam
1648 2656 1695 2677 eos

896 2693 942 2731 qui
959 2693 998 2722 illi
1018 2701 1067 2730 per
1083 2694 1168 2724 ﬁdem
1187 2698 1215 2723 et
1235 2694 1440 2724 immaculatam
1454 2695 1538 2724 vitam
1560 2693 1694 2731 placueri-

747 2788 841 2820 Variae
863 2789 1015 2821 lectiones.

91 2837 111 2854 ³⁸
123 2841 256 2869 πιστεύουσι
269 2850 297 2872 ο.
317 2839 338 2860 ⁶¹
355 2843 463 2878 ἔσχομεν
478 2849 505 2870 ο.
