1890 3077
168 164 234 192 1287

677 162 933 191 THEOPHYLACTI
954 162 1131 190 BULGARIE
1151 161 1308 189 ARCHIEP.

1759 157 1819 184 1288

166 234 228 253 mus
245 235 250 252 :
267 224 306 253 eis
319 228 412 253 autem
424 225 471 261 qui
487 232 537 253 nos
551 223 689 261 afﬂigunt,
703 233 758 253 non
773 229 874 261 parcet.
888 226 963 261 Quo-

1063 238 1065 253 :
1089 223 1300 264 εὖηρεστηκότας
1324 224 1396 263 αὐτῷ
1423 222 1466 252 διὰ
1490 224 1538 257 τῆς
1560 221 1680 253 πίστεως
1709 219 1759 249 καὶ
1781 222 1821 254 τῆς

166 271 239 298 niam
263 273 355 298 autem
378 269 497 306 pericula
517 269 576 306 jam
597 274 662 297 sunt
684 270 711 298 in
731 270 866 303 manibus.
893 270 964 298 bona

166 322 228 342 vero
248 315 274 342 in
289 322 346 350 spe,
363 322 492 350 magnam
507 314 571 350 ipsis
585 313 668 342 ﬁdem
695 314 805 347 tribuit;
826 314 963 351 siquidem

165 363 322 395 exspectant
333 363 360 388 et
369 363 480 396 sperant
490 359 605 387 ﬁrmiter
617 367 678 395 quae
689 359 779 388 futura
792 364 866 388 sunt.

473 495 594 523 CAPUT
615 495 655 522 ll.

203 563 292 590 Vens.
311 565 335 589 1.
352 563 420 590 Nam
443 563 497 597 ipsi
525 563 599 590 scitis
611 583 618 593 ,
638 563 750 596 fratres,
768 561 908 588 mtroitum
921 569 966 588 no-

165 609 250 634 strum
264 607 301 634 ad
311 614 365 639 vos,
380 607 451 642 quod
462 615 517 634 non
531 607 617 640 fum't
633 607 729 634 inanis.
746 607 850 639 Vestro,
867 605 966 641 inquit,

164 659 229 679 sane
248 659 347 687 magna
364 655 428 678 unt
452 650 586 678 :intcrim
612 655 704 678 tamen
726 658 813 686 neque
837 658 888 677 nos
915 649 966 677 hu-

166 703 246 723 mana
260 696 366 723 ratione
377 695 419 723 usi
434 703 542 731 sumus,
560 703 648 731 neque
663 695 756 722 inanis
771 694 822 722 fuit
838 694 966 722 introitus

166 745 269 773 noster,
287 740 340 768 hoc
353 744 404 775 est,
419 740 478 768 sine
496 740 624 776 periculis
643 747 674 768 ac
687 739 746 767 sine
761 738 968 775 tentationibus,

166 794 199 814 ac
212 785 280 814 nihil
296 785 403 814 habens
416 785 564 813 ﬁrmitatis.
577 787 656 819 Nam,
673 788 703 813 ut
713 792 784 820 saepe
798 784 902 812 dictum
916 788 969 814 est,

167 831 289 866 pericula
306 834 372 859 sunt
385 838 448 867 quae
460 829 544 858 ﬁdem
555 829 727 858 consolidant
743 838 749 856 :
763 829 832 857 citra
845 829 905 857 haec
916 837 967 856 au~

167 879 223 904 tem
238 875 330 903 inanis
345 875 428 903 fuerit
439 880 466 903 et
480 882 574 903 vacua.

202 921 292 949 Vens.
304 924 330 948 2.
342 921 395 948 Sed
409 922 471 947 ante
480 920 560 947 malis
571 920 678 954 afﬂicti,
692 922 715 947 et
726 919 890 947 contumeliis
901 919 969 953 aﬂ‘e—
983 923 1007 955 Β

165 967 211 998 cti,
227 967 296 993 sicut
311 966 396 996 scitis,
409 965 553 1000 Philippis,
565 965 697 999 ﬁduciam
708 965 852 991 habuimus
872 965 901 990 in
912 965 966 991 Deo

165 1013 268 1045 nostra,
289 1011 363 1046 loqui
382 1010 419 1037 ad
432 1017 477 1037 vos
489 1010 664 1044 Evmtgelium
677 1010 726 1037 Dei
739 1010 766 1036 in
780 1009 863 1036 multo
876 1011 965 1036 certa-

166 1055 245 1083 mine.
267 1056 338 1083 Cum
356 1055 546 1087 evasissemus,
562 1054 661 1090 inquit,
687 1053 806 1090 pericula
821 1053 893 1089 apud
908 1053 968 1081 Phi-

168 1101 318 1136 lippeuses,
347 1099 374 1127 in
401 1099 453 1127 alia
477 1098 621 1127 incidimus
643 1106 748 1126 rursus.
770 1098 839 1126 Vide
862 1102 967 1133 autem,

168 1145 308 1181 quomodo
325 1145 384 1172 Deo
399 1151 496 1172 rursus
510 1144 603 1171 omnia
616 1142 717 1171 referat
731 1147 840 1179 accepta
862 1151 868 1170 :
894 1144 968 1171 Con-

170 1190 224 1223 ﬂsi,
237 1190 341 1226 inquit,
363 1188 465 1216 fuimus
478 1190 548 1221 Deo,
563 1188 614 1216 hoc
628 1191 681 1220 est.
696 1188 731 1215 ab
754 1195 787 1216 eo
811 1187 966 1216 confortati.

203 1236 290 1263 Vsus.
301 1237 326 1262 3.
342 1235 510 1262 Exhortatio
521 1234 591 1261 enim
602 1236 692 1261 nostra
704 1241 758 1260 non
766 1234 820 1267 fuit
828 1241 860 1260 ea:
868 1241 968 1260 errore.

168 1281 228 1308 ΙΙος
241 1283 293 1314 est,
308 1279 434 1308 doctrina
449 1282 541 1306 nostra
553 1286 609 1306 non
631 1277 682 1305 iuit
694 1285 726 1305 cx
739 1278 899 1314 impostura.
916 1279 970 1305 lm-

170 1329 293 1361 postores
309 1324 384 1352 enim
400 1323 505 1359 seipsos
518 1331 574 1350 non
600 1323 690 1350 solent
713 1323 740 1350 in
755 1323 873 1359 pericula
886 1321 970 1357 conji-

170 1377 242 1403 cere,
256 1368 307 1398 sed
321 1369 411 1405 potius
422 1369 449 1396 in
460 1367 576 1396 delicias
589 1376 596 1395 :
610 1375 661 1403 ego
671 1375 735 1395 vero
751 1367 884 1403 meipsum
901 1367 972 1403 peri-

172 1415 240 1443 culis
251 1413 346 1450 objeci.
361 1413 434 1441 Hinc
447 1413 536 1449 itaque
557 1412 733 1440 manifestum
748 1416 800 1445 est,
820 1411 893 1447 quod
906 1411 971 1439 doc-

173 1460 243 1488 trina
258 1467 319 1487 mca
342 1466 399 1486 non
418 1462 500 1491 erret,
524 1461 551 1485 et
572 1457 645 1493 quod
667 1465 716 1493 pro
736 1456 866 1484 humanis
888 1456 970 1484 rebus

172 1513 228 1533 non
248 1505 374 1539 cIegerim
401 1502 527 1538 periculis
551 1509 611 1530 esse
639 1501 786 1537 obnoxius,
814 1509 909 1530 verum
933 1502 969 1529 ob

171 1549 264 1578 divina
278 1557 310 1576 ac
324 1547 428 1576 stabilia
444 1547 526 1574 bona.

205 1595 297 1628 Neque
320 1601 354 1620 em
367 1592 554 1620 immunditia.
570 1592 631 1618 Hoc
645 1595 698 1625 est,
710 1599 765 1619 non
782 1591 866 1626 508
879 1590 968 1626 impu-

170 1646 234 1666 rum
247 1637 351 1673 aliquid
359 1637 455 1670 doceo,
468 1635 633 1671 qualiajsunt
645 1643 790 1672 magorum
804 1639 833 1664 et
846 1635 967 1663 incanta-

172 1687 276 1710 torum.

208 1729 301 1762 Neque
316 1726 347 1754 in
361 1725 431 1753 dolo.
446 1726 509 1753 Non
522 1724 549 1753 in
563 1724 751 1760 innovatione,
763 1724 806 1753 vel
822 1723 967 1759 seditione,

173 1776 203 1800 ut
210 1771 333 1800 Theudae
342 1774 501 1799 sectatores.

207 1818 292 1845 Vnus.
309 1819 335 1844 4.
347 1817 401 1844 Sed
412 1817 481 1843 sicut
494 1816 604 1851 probati
618 1822 710 1842 sumus
724 1823 740 1842 ιι
753 1816 814 1846 Deo,
834 1817 865 1842 ut
876 1815 966 1842 crede-

173 1862 335 1891 returnobis
346 1861 532 1896 Evangelium,
544 1862 583 1888 ita
594 1861 739 1895 loquimur.
764 1861 848 1893 Deus,
869 1859 967 1896 inquit,

173 1907 299 1944 probavit
316 1914 375 1942 eos,
387 1910 415 1934 et
425 1906 517 1941 elegit,
530 1909 562 1933 ut
573 1905 760 1933 committeret
777 1905 858 1932 nobis
876 1905 968 1932 Evan-

173 1953 271 1988 gelium
287 1962 293 1979 :
312 1959 366 1979 non
381 1955 475 1979 autem
495 1950 630 1986 elegisset,
652 1949 703 1977 nisi
720 1949 817 1985 dignos
835 1949 967 1976 novisset.

171 1997 251 2025 Tales
263 1997 345 2033 igitur
370 2003 515 2023 manemus
527 1994 644 2030 probati,
668 1993 761 2030 quales
775 1994 854 2022 electi
872 2001 968 2022 sumus

173 2041 207 2069 ab
217 2042 276 2077 ipso
288 2040 321 2068 ad
333 2041 417 2068 talem
426 2039 658 2075 praedicationem.

211 2087 271 2114 Non
292 2086 373 2120 quasi
385 2084 543 2112 hominibus
552 2084 694 2118 placentes,
708 2083 754 2111 sed
768 2084 828 2117 Deo,
844 2084 893 2118 qui
904 2091 969 2119 pro-

178 2130 226 2158 bat
242 2130 323 2157 corda
338 2131 441 2157 nostra.
457 2129 517 2156 Hoc
529 2131 582 2159 est.
595 2135 649 2155 non
663 2131 693 2155 ut
707 2127 785 2155 vobis
797 2128 964 2162 placeamus,

175 2175 234 2204 haec
247 2174 360 2202 facimus
379 2173 493 2202 omnia:
510 2172 556 2200 sed
571 2174 630 2200 Deo
650 2172 755 2208 placere
774 2171 906 2206 volentes,
925 2171 971 2208 qui

1021 269 1136 308 ἀμώμου
1161 268 1310 302 πολιτείας·
1328 270 1382 297 τῶν
1401 266 1428 297 δὲ
1453 267 1601 296 θλιϐόντων
1621 269 1698 303 ἡμᾶς
1715 266 1748 293 οιιῖι

1020 327 1105 344 σεται.
1124 313 1236 348 Ἐπιιδή
1252 313 1278 343 δὲ
1292 314 1325 343 τὰ
1337 312 1385 351 μὲν
1397 312 1468 342 δεινὰ
1479 313 1505 341 ἐν
1518 311 1612 352 χερσὶ,
1622 310 1659 340 τὰ
1676 310 1707 339 δὲ

1020 361 1046 389 ἐν
1067 357 1155 388 ἐλπίσι
1172 357 1215 393 ⁹²,
1240 358 1360 397 μεγάλην
1381 359 1469 391 αὐτοῖς
1485 355 1692 397 προσμαρτυρεῖ
1712 355 1823 391 πίστιν,

1021 405 1044 434 εἴ
1069 417 1099 443 γε
1129 402 1290 441 ἀναμένουσι
1314 404 1360 432 καὶ
1386 403 1520 436 ἐλπίζουσι
1549 401 1666 441 βεϐαίως
1688 401 1729 429 τὰ
1761 399 1823 437 μέλ-

1021 452 1113 480 λοντα.

1322 494 1456 525 ΚΕΦΑΔ
1473 492 1516 522 Β’.

1066 583 1080 601 (ι
1097 572 1179 602 Αὐτοὶ
1190 571 1241 611 γὰρ
1266 570 1372 605 οἴδατε,
1396 569 1521 609 ἀδελφοὶ,
1550 566 1598 602 τὴν
1621 567 1731 596 εἴσῡδον
1753 565 1825 602 ἡμῖν*

1022 616 1069 652 τὴν
1085 617 1150 657 πρὸς
1175 618 1260 655 ὑμᾶς,
1284 615 1325 645 ὅτι
1342 615 1370 644 οὖ
1385 614 1449 649 κενὴ
1478 613 1579 652 γέγονε.
1598 623 1612 639 n
1632 611 1688 641 Καὶ
1716 609 1756 639 τὰ
1781 609 1825 647 μὲν

1023 655 1154 701 ὑμέτερα,
1183 661 1262 702 φησὶ,
1290 660 1414 699 μεγάλαθ
1436 657 1506 693 πλὴν
1532 657 1592 687 οὐδὲ
1617 659 1695 694 ἡμεῖς
1725 655 1827 693 ἆνθρω·

1024 707 1092 747 πίνῳ
1106 706 1176 747 λόγῳ
1190 701 1374 746 νέχρησάμεθα
1383 727 1390 740 ,
1406 704 1464 733 οὐδὲ
1479 702 1541 737 κενὴ
1558 704 1574 737 ἧ
1599 701 1702 733 εἴσοδος

1024 751 1176 790 τουτέστιν,
1203 751 1263 780 ἄνευ
1284 749 1424 785 κινδύνων,
1448 748 1494 778 καὶ
1509 747 1668 786 ἄπείραστος
1683 743 1737 774 καὶ
1752 743 1824 773 οὐδὲν

1023 796 1132 837 mispr
1147 796 1270 836 ἔχουσαν.
1288 794 1339 828 Ὡς
1346 794 1397 835 γὰρ
1413 793 1540 825 πολλάκις
1558 791 1715 837 εἴρηται,γοὶ
1731 789 1826 837 κίνδυ-

1022 841 1059 871 νοί
1084 842 1149 870 εἰσιν
1164 842 1187 870 οἱ
1211 841 1378 880 στερεοῧντες
1401 839 1449 874 τὴν
1466 837 1554 866 πίστιν
1567 848 1574 855 ·
1596 836 1659 865 ἄνευ
1675 834 1702 864 δὲ
1720 833 1824 863 ’τούτων

1022 886 1084 922 κενή
1102 885 1134 915 ἂν
1149 882 1193 921 ἧν.

1068 945 1079 957 ιι
1103 931 1182 960 Ἀλλὰ
1207 929 1402 970 προπαθόντες,
1435 929 1480 957 καὶ
1517 925 1698 967 ὑϐρισθέντες,
1734 922 1824 970 καθιὶις

1019 976 1124 1010 οἴδατε,
1158 977 1185 1004 ἐν
1221 975 1385 1011 Φιλίπποις,
1425 971 1684 1013 ἐπαόῥησιασάμεθα
1724 970 1755 998 ἐν

1020 1023 1083 1061 Θεῷ
1106 1021 1183 1058 ἡμῶν
1209 1021 1327 1056 λαλῆσαι
1352 1018 1416 1059 πρὸς
1435 1020 1505 1056 ὑμᾶς
1529 1017 1561 1047 τὸ
1587 1015 1757 1055 Εὐαηέλιον

1020 1067 1091 1095 Θεοῦ
1122 1066 1148 1094 ἐν
1176 1065 1267 1105 πολλῷ
1294 1058 1387 1102 ἀγῶνι,
1415 1077 1427 1090 1
1458 1062 1522 1092 Ἀπὸ
1548 1061 1688 1097 κινδύνων,
1716 1058 1821 1099 φησὶν,

1021 1110 1173 1150 ἐκφυγόντες
1200 1104 1257 1139 τῶν
1288 1109 1314 1138 ἓν
1340 1107 1503 1145 Φιλίπποις,
1533 1107 1614 1136 πάλιν
1641 1106 1677 1138 εἶς
1713 1104 1824 1144 ἑτέρους

1022 1147 1155 1188 κινδύνους
1172 1155 1331 1192 ἐνεπέσομεν
1347 1152 1382 1183 θ’,
1401 1151 1476 1191 Ὀρα
1490 1152 1533 1188 δὲ,
1550 1153 1606 1184 πῶς
1619 1152 1657 1190 τῷ
1672 1151 1740 1189 Θεῷ
1758 1147 1821 1176 πέ-

1021 1200 1062 1229 λιν
1080 1199 1110 1228 τὸ
1126 1203 1178 1228 πᾶν
1204 1198 1342 1235 ἀνέθηκεν,
1370 1208 1384 1226 ιι
1409 1195 1703 1238 Ἐπαῤῥησιασάμεθα,
1727 1193 1824 1227 εἰπὼν,

1023 1247 1049 1274 ἐν
1062 1246 1099 1284 τῷ
1112 1244 1175 1284 Θεῷ
1186 1267 1192 1279 ,
1212 1256 1227 1271 ι)
1243 1243 1378 1272 τουτέστιν
1389 1266 1395 1277 ,
1412 1241 1456 1271 ὑπ’
1470 1242 1569 1271 ἐκείνου
1584 1238 1824 1277 ἐνδυναμούμινοι.

1065 1300 1080 1317 α
1096 1288 1129 1318 Ἡ
1141 1288 1192 1328 γὰρ
1204 1287 1372 1327 παράκλησις
1386 1288 1462 1325 ἡμῶν
1473 1287 1521 1316 οὐκ
1531 1287 1560 1315 ἐκ
1575 1286 1687 1319 πλάνης.
1703 1294 1721 1312 s
1735 1285 1825 1313 Τουτ-

1024 1333 1110 1370 έστιν,
1134 1336 1150 1370 ἡ
1167 1332 1264 1372 διδαχὴ
1289 1333 1336 1361 οὖκ
1356 1333 1385 1361 ἐκ
1399 1331 1512 1367 πλάνης.
1535 1332 1572 1361 Οἱ
1593 1329 1645 1370 γὰρ
1665 1329 1826 1359 πλανῶντες

1024 1379 1070 1408 οὔκ
1088 1380 1122 1412 εἷς
1138 1377 1271 1410 κινδύνους
1299 1376 1404 1410 ἑαυτοὺς
1429 1376 1592 1414 ἐκδιδόασιν,
1621 1373 1678 1403 ἀλλ’
1701 1376 1747 1406 εἰς
1765 1385 1828 1412 τρυ-

1025 1424 1074 1464 φάς
1091 1435 1097 1441 ·
1122 1422 1174 1462 ἐγὼ
1199 1422 1226 1451 δὲ
1242 1422 1355 1460 ἐμαυτὸν
1372 1423 1408 1454 εἰς
1427 1421 1562 1454 κινδύνους
1585 1419 1710 1454 ἐξέδωκα.
1736 1418 1827 1448 "um

1027 1470 1105 1505 δῆλον
1130 1469 1263 1503 ἐντεῦθεν,
1286 1467 1324 1496 ὅτι
1340 1470 1356 1503 ἡ
1375 1467 1472 1506 διδαχή
1500 1478 1550 1506 μου
1568 1465 1597 1494 οὗ
1623 1466 1713 1503 πλανᾷ
1727 1487 1736 1498 ,
1764 1463 1828 1492 οὐδὲ

1027 1513 1093 1552 ὑπὲρ
1129 1511 1298 1552 ἀνθρωπίνων
1325 1510 1490 1550 πραγμάτων
1523 1509 1652 1550 ἀνέχομαι
1668 1508 1692 1528 ³³
1733 1509 1828 1538 meo.

1021 1557 1104 1587 νεύειν
1116 1579 1124 1592 ,
1142 1556 1199 1586 ἀλλ’
1211 1556 1275 1595 ὑπὲρ
1292 1557 1368 1585 θείων
1384 1556 1429 1585 καὶ
1443 1555 1575 1594 μονίμων.

1068 1613 1083 1631 ιι
1097 1601 1167 1632 Οὐδὲ
1179 1600 1205 1635 ἐξ
1212 1601 1386 1640 ἀκαθαρσίας.
1397 1611 1412 1629 »
1428 1600 1572 1631 Τουτέστιν
1583 1623 1589 1635 ,
1602 1599 1661 1630 Οὐκ
1671 1597 1829 1637 ἆκεέθιρτόν

1023 1659 1047 1677 τι
1061 1646 1179 1676 διδάσκω
1193 1668 1202 1686 ,
1215 1640 1258 1676 οἶα
1273 1645 1307 1675 τὰ
1321 1647 1373 1675 τῶν
1391 1646 1483 1685 μάγων
1495 1645 1542 1674 καὶ
1553 1649 1667 1684 γοήτων.

1067 1737 1082 1755 (ι
1095 1725 1164 1756 Οὔτε
1176 1726 1202 1755 ἐν
1220 1724 1298 1766 δόλῳ.
1314 1736 1328 1755 n
1348 1724 1419 1756 Οὔτε
1442 1725 1486 1755 ἐπὶ
1503 1721 1692 1765 νεωτεροποιία
1705 1723 1765 1753 καὶ
1782 1735 1826 1753 συ-

1023 1771 1130 1808 στάσει,
1146 1772 1181 1804 ὡς
1195 1771 1220 1800 οἱ
1234 1771 1295 1811 περὶ
1310 1770 1427 1801 Θευδᾶν.

1068 1827 1082 1844 ‹‹
1097 1815 1178 1844 Ἀλλὰ
1194 1815 1280 1849 καθὼς
1302 1815 1518 1854 δεδοκιμάσμεθα
1546 1813 1598 1845 ὕπὸ
1616 1815 1688 1844 Θεοῦ
1705 1825 1825 1843 πιστευ-

1024 1861 1100 1896 θῆναι
1126 1859 1154 1889 τὸ
1179 1859 1358 1899 Εὖαγγέλιον,
1380 1860 1448 1889 οὕτω
1475 1861 1619 1897 λαλοῦμεν.
1641 1870 1655 1888 ιι
1676 1858 1710 1888 Ὀ
1738 1860 1826 1894 Θεὸς,

1080 1904 1086 1915 \
1208 1904 1215 1915 I
1360 1909 1376 1916 κ
1458 1905 1463 1915 1
1503 1905 1513 1923 Ξ
1551 1904 1572 1916 ῙΡ
1725 1916 1730 1922 _
1762 1905 1779 1912 ~

1024 1916 1121 1944 φησιν,
1174 1916 1300 1943 οκιμασεν
1319 1907 1404 1942 ἡμας,
1422 1917 1467 1934 και
1488 1905 1624 1939 ἐ,ελεςατο
1644 1907 1825 1940 πιστευθηναι

1024 1949 1053 1978 τὸ
1078 1948 1240 1988 Εὖαγγέλιον
1255 1961 1262 1968 ·
1284 1950 1332 1979 οὐκ
1350 1949 1382 1978 ἂν
1399 1949 1425 1979 δὲ
1453 1949 1603 1984 ἐξελέξατο,
1630 1949 1652 1977 εἷ
1676 1948 1714 1986 μὴ
1734 1948 1827 1982 ἀξίους

1024 1993 1160 2032 ἐγίνωσκε.
1176 1995 1298 2024 de-3:0:
1319 1992 1366 2032 μὲν
1381 1989 1426 2024 οὖν
1440 1994 1554 2033 μένομεν
1570 1993 1694 2032 δόκιμοι,
1711 1993 1761 2023 καὶ
1776 1989 1828 2022 οἷοι

1024 2037 1179 2077 ἐξελέγημιν
1198 2039 1261 2078 παρ’
1276 2039 1355 2068 αὐτοῦ
1369 2040 1405 2072 εἰς
1422 2038 1450 2068 τὸ
1463 2041 1619 2074 τηλικοῦτον
1638 2037 1781 2077 κήρυγμα.

1067 2094 1080 2112 at
1099 2084 1159 2123 Οὐχ
1173 2084 1208 2116 ὡς
1236 2083 1380 2124 ἀνθρώποις
1405 2083 1580 2123 ἀρέσκοντες,
1604 2083 1675 2113 ἀλλὰ
1694 2085 1734 2123 τῷ
1762 2084 1827 2124 Θεῷ

1026 2129 1064 2167 τῷ
1092 2128 1260 2166 δοκιμάζοντι
1290 2129 1337 2162 τὰς
1365 2128 1475 2169 καρδίας
1505 2131 1591 2167 ἡμῶν.
1613 2139 1627 2157 ι)
1659 2128 1828 2164 Τουτέστιν,

1026 2175 1086 2213 Οὐχ
1109 2171 1153 2202 ἵνα
1178 2173 1239 2211 ὑμῖν
1265 2173 1418 2213 ἆρέσωμεν,
1449 2176 1534 2203 ταῦτα
1560 2173 1649 2203 πάντα
1673 2176 1807 2211 ποιοῦμεν
1822 2186 1828 2192 ’

175 2219 265 2248 abdita
282 2219 407 2255 explorat
421 2220 506 2252 (nam,
527 2218 639 2251 Probat,
659 2217 712 2245 hoc
724 2216 858 2252 signiﬁcat
870 2218 968 2251 nunc);

1064 2217 1099 2247 λὰ
1118 2219 1156 2257 τῷ
1179 2219 1242 2258 Θεῷ
1258 2217 1379 2258 ἀρέσκειν
1403 2218 1539 2256 Θέλοντες,
1556 2219 1583 2252 ὃς
1605 2218 1638 2247 τὰ
1660 2219 1771 2258 κρυπτὰ
1789 2219 1828 2253 ἕξ-

176 2265 217 2293 vel
245 2264 309 2301 quia
329 2264 426 2300 recipit
453 2263 536 2291 corda
565 2266 592 2290 et
615 2266 739 2290 coronat.
767 2262 855 2289 Nemo
882 2265 973 2289 autem

176 2310 299 2343 dolosus,
326 2314 354 2337 et
373 2309 516 2345 impostor,
539 2311 567 2336 et
590 2306 759 2342 immundus,
780 2306 843 2334 huic
866 2306 973 2342 placere

179 2357 277 2390 potest.

212 2446 300 2472 Vsus.
315 2446 342 2471 5.
357 2444 448 2479 Neque
460 2451 533 2471 enim
554 2442 701 2478 aliquando
720 2442 750 2469 in
763 2449 882 2470 sermone
902 2441 971 2470 adu-

178 2491 297 2525 Iulianis
303 2489 425 2523 fuimus,
445 2490 514 2516 sicut
530 2489 615 2515 scitis.
629 2489 779 2523 Postquam
794 2488 822 2514 in
837 2486 973 2522 prioribus

178 2534 299 2563 laudavit
310 2541 369 2566 eos,
383 2541 418 2561 nc
433 2535 588 2569 suspectam
605 2531 685 2559 faciat
697 2531 817 2566 laudem,
828 2531 865 2559 ait
877 2542 883 2559 :
897 2533 973 2560 Nun-

179 2587 264 2616 quam
278 2579 346 2607 alias
368 2578 444 2606 vobis
458 2577 587 2605 adulatus
601 2584 663 2605 sum
685 2576 768 2612 (quod
780 2580 819 2604 est
835 2575 973 2613 decipien-

178 2626 270 2659 lium),
283 2623 398 2662 proinde
408 2631 498 2659 neque
507 2622 566 2658 jam
580 2629 654 2650 nunc
666 2621 807 2649 adulabor.

216 2673 306 2706 Neque
319 2671 349 2697 in
371 2670 506 2698 occasione
524 2668 647 2695 avaritia:
666 2676 674 2692 :
690 2668 760 2695 Deus
778 2667 862 2694 testis.
880 2667 976 2703 Neque

179 2723 236 2752 prae
259 2715 382 2752 pecuniae
395 2721 490 2743 amore
503 2711 712 2750 praedicavimus
727 2711 812 2740 vobis.
827 2711 909 2748 Quod
923 2713 974 2749 igi-

1028 2262 1113 2297 ετάζει
1129 2262 1171 2301 (τὸ
1187 2262 1248 2303 γὰρ,
1275 2263 1439 2302 Δοκιμᾶζει,
1458 2266 1535 2293 τοῧτο
1560 2263 1687 2302 σημαίνει
1709 2266 1771 2303 ν’ῠν)
1790 2263 1826 2299 -ἧ

1027 2307 1067 2337 ὅτι
1091 2306 1252 2348 ἀποδέχεται
1278 2307 1325 2341 τὰς
1351 2308 1464 2348 καρδίας
1488 2309 1536 2338 καὶ
1564 2312 1701 2349 στεφανοῖ.
1727 2309 1825 2342 Οὖδεὶς

1028 2352 1055 2382 δὲ
1080 2351 1201 2392 δολερὸς,
1231 2353 1277 2382 καὶ
1304 2352 1444 2391 ἀπατεὼν,
1470 2353 1516 2383 καὶ
1545 2353 1712 2394 ἀκάθαρτος,
1737 2353 1824 2392 τούτῳ

1027 2396 1136 2426 δύναται
1153 2395 1286 2437 ἀρέσκειν.

1069 2453 1083 2470 α
1103 2441 1173 2472 Οὔτε
1190 2442 1241 2483 γάρ
1256 2453 1320 2472 ποτε
1341 2442 1368 2472 ἐν
1384 2442 1454 2484 λόγῳ
1478 2442 1618 2477 κολακείας
1639 2442 1823 2482 ἐγενήθημεν,

1028 2485 1113 2520 καθὼς
1127 2486 1225 2516 οἴδατε.
1244 2499 1258 2516 n
1277 2486 1388 2524 Ἐπειδὴ
1405 2487 1547 2529 προλαϐὼν
1563 2488 1692 2526 ἐπῄνεσεν
1709 2489 1804 2521 αὖτοὺς
1816 2513 1822 2521 .

1026 2529 1070 2560 ἵνα
1098 2530 1136 2570 μὴ
1161 2531 1279 2562 ὕποπτον
1310 2532 1409 2572 ποιήσῃ
1433 2533 1476 2563 τὸν
1501 2533 1625 2570 ἔπαινον,
1653 2534 1752 2573 φησὶν,
1782 2533 1821 2562 ὅτι

1029 2575 1098 2606 Οὐδὲ
1115 2576 1210 2606 ἄλλοτέ
1221 2588 1285 2607 ποτε
1297 2577 1323 2595 9⁵
1340 2578 1503 2608 ἐκολάκευσα
1516 2579 1585 2617 ὑμᾶς
1600 2577 1683 2618 (ὅπερ
1701 2578 1760 2607 ἐστὶ
1771 2580 1823 2608 τῶν

1029 2620 1203 2660 πλανώντων)
1218 2633 1225 2640 ·
1240 2623 1331 2653 οὐκοῦν
1342 2622 1401 2653 οὐδὲ
1416 2625 1472 2655 ν’ὖν.

1073 2677 1088 2694 α
1103 2665 1174 2697 Οὔτε
1195 2668 1222 2696 ἐν
1237 2668 1368 2708 προφάσει
1390 2667 1540 2703 πλεονεξίας
1555 2679 1563 2687 ο
1579 2668 1648 2702 Θεὸς
1668 2668 1782 2708 μάρτυς.
1810 2681 1823 2696 ι

1030 2710 1100 2741 Οὔτε
1119 2711 1161 2741 διὰ
1175 2713 1390 2752 φιλοχρηματίαν
1411 2712 1576 2754 ἐκηρύξαμεν
1597 2713 1671 2752 ὓμῖν.
1694 2715 1752 2744 Τοῦ
1777 2713 1822 2751 μὲν

881 2768 972 2797 Variae
995 2768 1144 2801 lectiones.

214 2820 236 2837 θ’
251 2819 276 2846 ὲν
289 2819 369 2846 ἐλπίσι
382 2828 502 2855 χρησταις
514 2825 552 2846 nl.
572 2816 594 2834 °3
608 2816 706 2848 Eat-ordo;
720 2815 878 2852 ἓπεῤῥίψαμεν
891 2824 918 2844 ο.
933 2815 954 2834 ⁹⁸
967 2817 1121 2853 ἀνθρωπίνου
1133 2830 1276 2856 πριγματος
1290 2819 1392 2857 εἱλόμην
1407 2829 1434 2850 ο⁸
1449 2821 1472 2839 Is
1487 2820 1602 2850 οὖδέποτε
1617 2829 1644 2850 ο.
1689 2811 1693 2813 ’
