1890 3077
35 147 92 173 1289

442 140 620 168 EXPOSITIO
639 140 671 168 ΙΝ
692 139 796 167 EPIST.
818 139 826 166 Ι
846 140 892 167 ΑΒ
910 141 1025 170 THESS.
1045 157 1080 163 -—
1100 143 1172 170 CAP.
1195 143 1226 170 ll.

1590 145 1660 172 {290

31 203 70 237 οἷν
85 206 120 245 μὴ
136 206 308 245 κολακεῦσαι,
323 203 369 233 καὶ
391 204 465 241 ὓμεῖς
488 203 618 243 μάρτυρες
631 214 638 222 '
658 205 704 232 τοῦ
721 201 748 232 δὲ
771 201 809 240 μὴ

908 212 910 219 ·
923 212 979 233 non
996 204 1050 233 sim
1061 204 1200 239 adulatus,
1213 212 1260 233 vos
1275 209 1358 233 testes
1369 204 1434 234 estis
1450 214 1457 233 :
1473 205 1547 241 quod
1567 210 1660 234 autem

32 244 215 292 ψιλοχρήματον
240 244 307 278 εἶναί
335 260 384 287 με,
409 248 477 282 Θεὸς
505 248 623 288 μάρτυς·
645 248 704 286 ὑμῖν
718 247 743 266 9⁸
759 247 811 288 γὰρ

32 297 120 332 ἄδηλον
134 297 219 325 τοῦτο.

68 352 80 369 ι
99 339 166 370 Οὔτε
201 341 337 375 ζητοῦντες
375 337 400 372 ἐξ
437 337 581 378 ἀνθρώπων
621 337 713 374 δόξαν,
750 336 810 366 οὔτε

30 386 71 426 ἀφ’
84 386 167 424 ὑμῶν,
180 383 239 414 οὔτε
254 383 301 412 ἀπ’
315 383 413 414 ἄλλων.
430 395 444 412 ι
461 383 519 413 Οὐκ
534 377 624 420 εἶπεν,
641 382 680 412 ὅτι
697 381 812 420 Ἤτιμά-

31 434 134 467 σθημεν,
157 430 210 459 οὐδ’
234 429 275 458 ὅτι
297 428 357 458 Οὐκ
377 427 567 467 ἀπελαύσαμεν
591 430 687 466 τιμῆς,
713 426 758 457 ἵνα
773 426 810 465 μὴ

31 475 83 513 δόξῃ
113 474 241 508 ὀνειδίζων
268 472 360 506 αὐτούς
375 473 418 491 ⁹⁷’
437 473 514 511 ἀλλ’,
533 484 548 500 ιι
563 472 622 502 Οὖκ
646 471 810 510 ἐζητήσαμεν

29 519 100 556 τιμὴν
116 531 141 555 ν,
153 518 239 548 καίτοι
250 529 279 557 γε
294 520 340 546 τοῦ
352 516 522 557 κηρύγματος
536 520 613 546 τοῦτο
625 517 808 549 ἀπαιτοῦντος.

32 565 59 592 Εἰ
79 564 127 604 γὰρ
151 562 210 597 τοὺς
239 562 393 602 βασιλικοὺς
420 562 542 602 πρέσϐεις
567 562 667 597 πολλῆς
689 561 812 604 ἐξιοῦμεν

30 601 119 646 nuit,
140 609 229 647 πολλῷ
240 601 346 646 μᾶλλον
363 607 423 640 τοὺς
439 601 484 636 τοῦ
502 607 584 636 Θεοῦ.
604 608 666 640 Πῶς
677 601 721 636 οὖν
736 606 812 642 δόξης

33 653 109 682 ἕνεκεν
123 652 254 692 πράξομέν
269 664 310 688 τι,
336 653 360 681 οἱ
377 651 443 690 μήτε
462 653 525 691 παρ’
546 653 636 690 ὑμῶν,
655 651 722 690 μήτε
746 652 812 691 παρ’

32 698 126 736 ἄλλων,
140 700 174 732 ὡς
190 697 361 733 διδάσκαλοι,
380 696 497 730 θέλοντες
509 699 655 734 rigidior;

68 754 81 770 ιι
96 735 240 781 Δυνάμινοι
267 742 293 770 ἐν
310 741 386 781 βάρει
409 735 475 771 εἶναι
501 743 537 774 ὡς
557 741 675 780 Χριστοῦ
700 739 813 770 ἀπόστο-

30 788 76 817 λοι.
89 786 145 817 »Ἦ
161 788 186 816 ἐν
201 789 284 827 τιμῇ,
297 786 342 815 καὶ
358 785 430 826 δόξῃ,
441 785 486 814 καὶ
502 785 573 826 ὄγκῳ
585 797 592 804 ο
606 784 623 821 ἢ
636 785 774 827 δυνάμενοι
787 785 812 804 ⁹⁸

31 831 166 869 λαμϐάνειν
182 831 229 861 χαὶ
243 825 465 871 τρέφεσθαιςχαὶ
482 832 571 870 βαρεῖς
585 831 646 868 ὑμῖν
662 825 738 860 εἶναι.
758 830 812 860 Καὶ

31 876 74 916 γὰρ
90 877 117 906 τὸ
132 876 237 914 ἀξίωμα
252 878 330 914 ἡμῶν
347 878 424 905 τοῦτο
441 876 567 914 ἀπαιτεῖ,
583 874 732 913 λαμϐάνειν
748 876 811 915 παρ’

30 922 107 959 ὑμῶν.

67 978 81 993 ι
98 966 167 996 Ἀλλ’
183 966 346 1005 ἐγενήθημεν
357 965 431 1002 ἤπιοι
447 966 473 995 ἕν
488 964 562 1006 μέσῳ
573 966 657 1003 ὑμῶν.
669 976 682 994 ι
699 964 796 995 Ἥπιοι
806 988 812 1000 ,

32 1010 141 1041 τουτέστι
156 1015 254 1052 πρᾶοι,
270 1010 388 1051 ἀϐαρεῑς.
407 1009 447 1041 Ἢ
471 1010 532 1048 καὶ,
549 1022 562 1038 ι
575 1010 675 1045 Νήπιοι
698 1011 724 1039 ἐν
741 1009 815 1049 μέσῳ

32 1056 109 1094 ὑμῶν,
122 1069 133 1082 ι
148 1056 293 1093 τουτέστιν,
303 1055 420 1096 ἀκέραιοι
428 1055 466 1094 99,
478 1054 639 1095 ἀφιλόδοξοι.
654 1054 695 1085 Τὸ
708 1054 759 1095 γὰρ
770 1054 815 1090 νή-

30 1111 82 1130 πιον
101 1100 171 1130 οὐδὲν
193 1103 311 1130 τοιοῦτον
337 1100 480 1139 λογίζεται.
509 1099 562 1130 Καὶ
586 1099 627 1135 τὸ,
645 1113 656 1124 -
681 1099 728 1130 Ἐν
744 1099 817 1139 μέσῳ

31 1145 97 1183 ἱμῶν
105 1158 118 1174 ι
126 1170 132 1180 ,
148 1149 265 1175 τοιοῦτον
276 1144 332 1185 ἔχει
342 1147 399 1174 νοῦν
410 1156 416 1162 ”
432 1144 481 1178 Ὡς
489 1139 525 1178 εἷς
539 1144 565 1179 ἐξ
581 1146 655 1184 ὑμῶν
666 1144 795 1183 ἐγινόμην
808 1166 816 1180 ,

31 1191 55 1219 οὐ
69 1190 113 1227 τὴν
137 1191 190 1220 ἄνω
206 1189 282 1224 τάξιν
299 1190 306 1208 ⁴
321 1189 421 1220 λαϐών.

65 1290 78 1308 ε
94 1279 139 1314 Ὡς
153 1280 198 1310 ἐὰν
216 1280 311 1321 τροφὸς
325 1279 415 1318 θάλπῃ
440 1279 474 1309 τὰ
499 1280 596 1315 {music
619 1279 709 1309 τέκνα.
729 1290 743 1307 ι
760 1279 818 1314 Τὴν

31 1325 205 1366 φιλοστοργίαν
234 1326 314 1354 αὐτοῦ
341 1324 467 1355 δείκνυσι.
501 1324 548 1360 Μὴ
575 1326 591 1359 ἡ
621 1323 713 1364 τροφὸς
735 1324 819 1354 κολα-

32 1369 109 1404 κιύει;
138 1369 176 1408 μὴ
199 1369 331 1410 χρήματα
359 1370 427 1398 αἰτεῖ
455 1367 530 1408 παρὰ
563 1370 616 1410 τῶν
643 1368 745 1398 παίδων
767 1370 819 1398 τῶν

32 1415 123 1453 μικρῶν
131 1427 139 1451 ;
271 1415 311 1443 δεῖ
331 1414 376 1443 τὸν
406 1413 564 1443 διδάσκαλον
591 1408 658 1442 εἶναι
681 1415 818 1453 προσηνῆ,

864 257 920 277 non
936 250 989 277 sim
1006 250 1184 286 pecuniarum
1206 254 1322 284 amator,
1346 258 1435 286 neque
1455 258 1563 285 avarus,
1582 252 1660 280 Deus

864 294 942 322 testis
963 303 970 322 :
985 294 1058 323 istud
1070 295 1146 323 enim
1160 303 1209 322 vos
1221 294 1295 323 latet.

901 340 988 367 Vnns.
1014 341 1040 366 6.
1064 340 1116 368 Nec
1135 341 1279 374 quarentes
1301 339 1336 366 ab
1359 339 1509 368 hominibus
1528 341 1655 375 gloriam,

863 391 948 419 neque
971 392 987 411 a
1006 384 1090 419 vobis,
1104 392 1188 419 neque
1201 384 1234 411 ab
1248 384 1320 411 aliis.
1334 385 1395 412 Non
1409 384 1488 419 dixit,
1505 385 1658 421 Ignominia

864 428 954 456 affecti
976 437 1083 462 sumus,
1102 437 1202 466 neque,
1225 430 1288 456 Non
1308 437 1403 457 sumus
1416 429 1519 458 honore
1545 429 1656 466 dignati,

864 481 898 501 ne
913 473 1036 502 videatur
1051 473 1115 510 ipsis
1129 473 1292 510 exprobrare
1308 482 1314 500 :
1332 481 1435 506 verum,
1451 475 1508 503 Non
1533 476 1660 510 quaesivi-

864 526 923 546 mus
945 518 1080 550 honorem,
1095 527 1160 547 cum
1176 523 1268 547 tamen
1293 518 1449 554 praedicatio
1464 519 1517 547 hoc
1531 520 1657 556 postulet.

865 564 935 591 Nam
955 564 979 591 si
1005 563 1096 600 regios
1119 564 1222 600 legatos
1250 571 1352 600 magno
1379 563 1484 592 honore
1502 564 1659 601 dignamur,

866 608 954 636 multo
969 608 1056 645 magis
1083 609 1131 636 Dei
1155 609 1267 645 legatos.
1293 609 1440 644 Quomodo
1462 608 1548 645 igitur
1569 608 1662 645 gloriae

866 661 948 682 causa
965 661 1080 690 agemus
1100 653 1213 690 aliquid,
1234 654 1279 690 qui
1302 661 1389 689 neque
1405 653 1492 688 vobis,
1515 661 1606 690 neque
1628 654 1663 682 ab

865 697 936 732 aliis,
954 702 1084 734 tanquam
1099 698 1225 726 doctores
1239 698 1383 734 cupiamus
1397 698 1544 726 honorari?

901 744 991 771 Vsus.
1007 745 1033 771 7.
1046 744 1110 772 Cum
1127 751 1262 778 possemus
1273 744 1347 771 vobis
1361 744 1436 771 oneri
1446 751 1500 771 esse
1510 747 1541 772 ut
1561 744 1664 772 Christi

867 789 987 823 apostoli.
1014 787 1063 815 Vel
1095 787 1208 822 honore,
1239 792 1266 816 et
1299 787 1394 824 gloria,
1417 792 1445 816 et
1467 789 1659 824 amplitudine,

869 833 908 860 vel
931 832 1111 868 potuissemus
1135 833 1257 868 accipere
1276 840 1291 860 a
1315 833 1392 861 vobis
1416 837 1445 861 et
1466 833 1514 867 ali,
1539 833 1661 870 adeoque

869 885 964 914 graves
984 886 1044 905 esse
1059 877 1144 906 vobis.
1167 877 1276 905 Etenim
1293 877 1410 913 dignitas
1427 882 1520 906 nostra
1540 878 1593 906 hoc
1612 887 1660 914 po-

867 922 960 956 stulat,
974 926 1004 950 ut
1019 922 1183 958 accipiamus
1198 930 1213 950 a
1229 923 1318 950 vobis.

904 967 957 996 Sed
969 969 1039 1002 facti
1057 975 1150 995 sumus
1164 969 1194 995 in
1205 968 1291 995 medio
1303 969 1387 995 vestri
1398 969 1482 996 mites.
1504 968 1592 1002 Miles,
1609 967 1659 996 hoc

868 1017 909 1040 est
934 1013 1079 1047 mansueti,
1107 1012 1166 1040 sine
1197 1012 1366 1048 gravamine.
1398 1013 1456 1048 Vel,
1486 1012 1606 1042 infantes
1637 1013 1664 1041 in

870 1058 958 1086 medio
983 1057 1077 1089 vestri,
1093 1057 1145 1085 hoc
1159 1061 1200 1086 est
1214 1057 1384 1091 innocentes,
1403 1065 1480 1086 vana:
1503 1059 1594 1094 gloriae
1619 1067 1665 1086 ex-

870 1106 966 1139 pertes.
986 1102 1080 1130 Infans
1103 1102 1177 1130 enim
1194 1103 1263 1130 nihil
1288 1102 1341 1130 tale
1361 1102 1473 1138 cogitat.
1495 1103 1606 1136 Itidem,
1634 1105 1665 1132 In

870 1148 960 1175 medio
982 1151 1110 1179 uestrum,
1125 1147 1208 1175 talem
1225 1147 1306 1176 habet
1331 1155 1442 1175 sensum
1466 1156 1474 1176 :
1498 1148 1584 1176 factus
1603 1157 1666 1177 sum

871 1193 952 1221 veluti
976 1201 1048 1221 unus
1076 1201 1110 1220 ex
1128 1192 1215 1228 vobis,
1229 1193 1275 1228 qui
1297 1200 1353 1220 non
1375 1193 1544 1229 superiorem
1563 1197 1666 1222 sortem

871 1238 1032 1273 acceperim.

910 1284 1050 1318 Tanquam
1063 1285 1091 1310 si
1100 1283 1195 1311 mih-ia:
1207 1283 1298 1317 foveat
1317 1290 1377 1311 suos
1394 1283 1480 1318 ipsius
1490 1282 1569 1318 ﬁlios.
1584 1285 1669 1312 Amo-

872 1335 930 1356 rem
941 1336 1022 1356 suum
1030 1327 1160 1356 ostendit.
1177 1327 1317 1364 Numquid
1331 1327 1422 1356 nutrix
1435 1327 1579 1356 adulatur?
1590 1336 1669 1357 num-

872 1373 939 1409 quid
953 1381 969 1401 a
983 1372 1100 1409 parvulis
1113 1372 1198 1408 509
1218 1370 1371 1400 infantibus
1392 1372 1534 1408 pecuniam
1548 1373 1670 1409 expetit?

874 1418 936 1445 Pari
952 1417 1057 1446 ratione
1070 1417 1211 1446 doctorem
1226 1416 1352 1445 convenit
1367 1424 1427 1445 esse
1448 1417 1555 1449 mitem,
1566 1425 1597 1446 ac
1607 1417 1671 1445 dea-

32 1461 223 1499 κατιιῖιιλᾱᾴντα
239 1458 299 1493 τοὺς
322 1460 549 1498 δμπαροινοῢντας
574 1459 662 1498 αὐτῷ,
688 1460 722 1492 ὡς
741 1458 813 1487 καὶῦ

908 1467 996 1490 antem
1010 1462 1094 1490 etiam
1108 1469 1166 1495 eos,
1179 1461 1224 1497 qui
1241 1461 1265 1489 ei
1281 1461 1487 1496 insultaverint,
1501 1461 1616 1498 perinde
1640 1470 1672 1491 ac

33 1503 120 1544 τροφὸς
133 1504 166 1534 τὰ
180 1504 293 1541 παιδία,
313 1504 363 1533 κᾶν
378 1503 522 1535 τύπτωσιν.

71 1560 84 1576 ιι
101 1549 192 1583 Οὕτως
217 1549 382 1589 ὀμειρόμενοι
403 1550 494 1587 ὑμῶν,
512 1549 670 1586 εὐδοκοῦμεν
695 1548 823 1586 μεταδοῦ-

837 1486 860 1518 C

875 1508 968 1535 nutrix
990 1514 1099 1543 pueros,
1112 1507 1221 1535 etiamsi
1235 1514 1296 1534 eam
1309 1506 1415 1534 feriant.

911 1554 1001 1581 Vnus.
1029 1555 1058 1579 8.
1081 1553 1124 1580 Sic
1139 1552 1264 1580 obstricti
1279 1552 1365 1584 nobis,
1390 1552 1543 1580 volebamus
1564 1552 1674 1580 tradere

31 1604 69 1622 ναι
83 1595 158 1632 ὑμῖν,
175 1595 206 1624 οὗ
232 1594 310 1631 μόνον
333 1593 362 1623 τὸ
392 1592 553 1632 Εὐαγγέλιον
577 1595 623 1622 τοῦ
649 1594 737 1629 Θεου,
754 1591 813 1622 ἆλλὶ

908 1598 959 1630 bis,
982 1605 1035 1626 non
1058 1597 1145 1624 solum
1169 1597 1348 1631 Evangelium
1370 1598 1428 1631 Dei,
1450 1597 1498 1625 scd
1521 1599 1546 1625 et
1569 1600 1675 1626 nostras

31 1639 71 1667 καὶ
94 1639 139 1673 τὰς
165 1640 267 1669 ἑαυτῶν
286 1638 382 1678 ψυχάς.
399 1655 438 1661 -
454 1652 467 1665 ιι
483 1637 669 1676 Ὁμειρόμενοι
693 1638 780 1676 tum,
804 1649 818 1665 ι

33 1682 160 1718 τουτέστι,
190 1682 403 1723 Προσδεδεμένοι
431 1685 491 1722 ὑμῖν
516 1682 560 1712 καὶ
585 1682 706 1722 ἐχόμενοι
735 1683 824 1721 ὓμῶν,

32 1729 100 1767 παρὰ
110 1729 158 1764 τὸ,
175 1730 261 1767 ὁμοῦ,
276 1728 319 1757 καὶ
332 1728 376 1764 τὸ,
392 1728 462 1768 εἴρω,
478 1727 507 1756 τὸ
521 1727 677 1766 συμπλέκω.
695 1727 772 1760 Τινὲς
784 1727 821 1766 δὲ,

37 1783 51 1800 ι(
69 1772 245 1812 Ἱμιιρόμινοι
256 1784 269 1802 ›)
283 1795 291 1810 ,
308 1772 471 1811 ἀνέγνωσαν,
487 1773 544 1802 ἀντὶ
555 1774 610 1807 τοῦ,
628 1773 824 1810 ἐπιθυμοῦντες,

32 1817 75 1846 aint
89 1817 144 1847 ἔστι
155 1817 193 1848 δέ.
211 1819 248 1847 Οὖ
263 1817 340 1853 μόνον
357 1812 414 1854 οὖν,
428 1817 521 1858 φησὶν,
539 1816 613 1846 οὐδὲν
627 1815 757 1855 ἐλάϐομεν
776 1817 822 1856 ἀφ’

33 1862 116 1899 ὑμῶν,
137 1863 198 1892 ἀλλ’
216 1863 238 1891 εἰ
251 1858 304 1892 οἶόν
323 1873 351 1891 τε
367 1862 544 1900 εὐδοκοῦμεν,
567 1860 702 1897 τουτέστι,
725 1861 827 1901 σφόδρα

33 1906 137 1946 θέλομεν
153 1907 165 1924 ²
190 1907 239 1938 καὶ
255 1907 301 1941 τὰς
325 1906 413 1947 ψυχὰς
429 1908 463 1940 εἷς
488 1907 556 1944 ὑμᾶς
579 1907 705 1935 κενῶσαι.
723 1906 763 1936 Τὸ
779 1905 826 1944 μὲν

33 1948 72 1979 οὖν
97 1951 198 1981 διδόναι
222 1951 253 1981 τὸ
277 1952 457 1991 Εὖαγγέλιον,
488 1950 645 1991 τιμιώτερον
659 1962 665 1968 ·
686 1950 716 1980 τὸ
738 1950 765 1980 δὲ
781 1950 827 1986 τὴν

32 1996 117 2036 ψυχὴν
147 1998 255 2033 δοῦναι,
296 1996 511 2037 δυσκολώτερον,
541 1996 587 2025 καὶ
621 1994 825 2035 μανικωτέρας³

35 2042 136 2080 ἀγάπης
151 2054 158 2061 ·
172 2042 239 2082 ὅπερ
255 2036 298 2071 οὖν
314 2041 359 2071 καὶ
371 2042 448 2075 αὐτὸς
461 2041 566 2080 ὶπάγει.

877 1644 996 1678 ipsorum
1010 1643 1128 1670 animus.
1146 1639 1321 1677 Ὁμειρόμενοι
1333 1641 1413 1677 tum,
1429 1641 1482 1670 hoc
1493 1645 1545 1678 est,
1562 1641 1675 1678 obligati

880 1687 965 1721 vobis,
985 1691 1067 1724 atque
1093 1686 1170 1715 vobis
1191 1686 1363 1715 adhaerentes
1391 1686 1426 1714 ab
1448 1687 1523 1722 ὁμοῦ,
1551 1690 1579 1714 et
1606 1686 1676 1723 εἴρω,

879 1736 1022 1760 connecto.
1047 1731 1177 1760 Nonnulli
1199 1739 1273 1766 vero,
1301 1731 1463 1767 ἱμειρόμενοι,
1490 1731 1624 1767 legerunt,
1650 1732 1678 1760 id

879 1781 930 1811 est,
943 1775 1146 1810 desiderantes;
1168 1776 1215 1804 sed
1240 1775 1320 1803 male.
1343 1777 1406 1803 Non
1428 1775 1519 1804 solum
1533 1775 1625 1812 igitur,
1639 1776 1678 1804 in-

880 1822 949 1857 quit,
972 1821 1037 1849 nihil
1062 1829 1078 1849 a
1096 1820 1175 1849 vobis
1196 1820 1363 1856 accepimus,
1379 1827 1474 1848 verum
1499 1820 1521 1848 si
1551 1820 1679 1856 possibile

880 1871 962 1900 esset,
984 1866 1142 1901 εὐόοχοῦμεν,
1165 1865 1217 1893 hoc
1240 1868 1290 1898 est,
1320 1864 1495 1892 vehementer
1519 1865 1679 1893 volebamus

881 1911 964 1939 etiam
983 1910 1086 1938 animas
1106 1913 1214 1938 nostras
1238 1909 1266 1937 in
1288 1917 1337 1937 vos
1365 1909 1535 1945 impendere.
1560 1909 1680 1938 Proinde

884 1955 1063 1992 Evangelium
1078 1954 1225 1991 impertiri,
1245 1958 1287 1982 est
1307 1954 1546 1986 honorificentius;
1559 1954 1680 1983 animam

883 2004 976 2029 autem
994 2000 1160 2036 impendere,
1171 1999 1313 2027 difﬁcilius
1322 2003 1364 2027 est
1374 1999 1639 2036 vehementiorisquc
1651 2008 1682 2028 ac

885 2045 966 2073 veluti
981 2045 1069 2082 magis
1084 2044 1244 2072 insanientis
1259 2044 1404 2073 charitatis
1418 2048 1458 2073 est
1479 2053 1486 2072 :
1502 2045 1573 2081 quod
1586 2049 1613 2073 et
1626 2045 1683 2081 ipse

885 2089 978 2118 infert.

77 2143 91 2160 ‹‹
107 2132 183 2162 Διότι
196 2130 328 2170 ἀγαπητοὶ
345 2132 409 2169 ἡμῖν
425 2129 568 2179 γεγένησθε
582 2129 603 2159 ⁴.
617 2141 631 2158 ι)
647 2127 707 2160 Ἵνα
717 2129 754 2168 μὴ
768 2128 813 2179 ιῖόξί

920 2136 1052 2168 Quoniam
1080 2134 1233 2162 charissimi
1263 2134 1338 2162 nobis
1362 2135 1431 2168 facti
1444 2135 1517 2162 estis.
1536 2135 1576 2162 Ne
1590 2133 1681 2163 videa‘

35 2175 118 2215 λέγειν
133 2179 221 2206 ταῦτα
238 2176 325 2205 πάντα
343 2177 378 2209 ὡς
395 2176 505 2214 κάμνων
520 2174 586 2214 ὒπὶρ
613 2175 714 2211 αὐτῶν,
733 2174 779 2203 καὶ
794 2176 829 2207 ὥς

35 2221 143 2261 ὀρείλων
157 2223 303 2259 τιμηθῆναι
318 2221 381 2260 παρ’
410 2221 496 2250 αὐτῶν
522 2218 588 2260 ὑπὲρ
613 2218 716 2253 τούτου,
734 2218 814 2259 φησὶν
825 2241 833 2256 ,

36 2265 74 2295 ὅτι
87 2266 129 2296 Δι’
145 2266 221 2296 οὐδὲν
239 2266 305 2296 ἄλλο
319 2267 404 2295 ταῦτα
419 2266 489 2294 ποιῶ
498 2289 505 2301 ,
516 2264 534 2300 ἢ
546 2264 589 2294 διὰ
599 2264 648 2300 τὴν
659 2263 780 2302 ἀγάπην.
793 2264 834 2294 Oi:

35 2311 84 2351 γὰρ
102 2311 273 2351 ἀντιμισθίαν
288 2312 360 2346 ζητῶ
370 2321 376 2328 ’
393 2309 463 2339 ἀλλὰ
476 2311 510 2339 δι’
523 2309 588 2339 αὐτὸ
601 2309 631 2338 τὸ
646 2308 737 2339 καλόν.

79 2414 94 2429 ι
109 2399 301 2440 Μνημονεύιτε
327 2399 396 2439 γὰρ,
425 2400 544 2440 ἀδελφοὶ,
566 2400 619 2428 τῶν
643 2397 733 2428 κόπων
757 2400 834 2437 ἡμῶν

39 2445 83 2474 καὶ
113 2447 168 2475 τῶν
196 2445 320 2485 μόχθων·
346 2444 439 2478 νυκτὸς
468 2444 514 2474 καὶ
537 2443 638 2484 ἡμέρας
666 2443 835 2483 ἐργαζόμενοι

39 2490 103 2530 πρὸς
127 2489 160 2519 τὸ
191 2489 228 2528 μὴ
261 2488 423 2530 ἐπιϐαρῆσαί
462 2500 532 2519 τιναι
559 2490 650 2527 ὑμῶν,
674 2487 838 2530 ἐκηρύξαμεν

40 2528 75 2569 εἷς
90 2536 162 2573 ὑμᾶς
176 2534 206 2564 τὸ
221 2528 381 2574 Εὐαγγέλιον
398 2536 444 2563 τοῦ
459 2534 540 2563 Θεοῦ.
557 2545 571 2562 ι
592 2535 650 2564 Οὐκ
667 2528 723 2562 εἶπε
733 2555 742 2571 ,
758 2533 837 2569 Μνη-

41 2580 167 2617 μονεύετε
199 2578 245 2612 τὰς
279 2581 428 2619 εὐεργεσίας
463 2577 511 2611 τὰς
540 2578 603 2618 παρ’
640 2579 723 2616 ἐμοῦ,
753 2577 838 2616 ἀλλὰ,

41 2638 51 2650 ι
62 2626 125 2654 Τῶν
134 2624 226 2655 κόπων
236 2624 256 2642 ⁵·
266 2637 295 2651 »ιιι
308 2623 353 2654 καὶ
365 2625 414 2664 οὐχ
425 2624 524 2661 ἅπλῶς,
537 2623 607 2652 ἀλλὰ
621 2637 644 2660 ι,
654 2636 667 2649 ιι
678 2622 782 2652 καὶτῶν
795 2623 841 2661 μό-

885 2184 931 2208 tur
945 2179 1005 2207 haec
1019 2179 1114 2207 omnia
1135 2178 1225 2207 dicere
1246 2183 1379 2215 tanquam
1392 2179 1438 2215 qui
1454 2179 1560 2207 labores
1574 2187 1624 2215 pro
1645 2179 1684 2207 eis

886 2224 1048 2260 susciperet,
1062 2227 1089 2251 et
1114 2227 1258 2260 propterea
1273 2223 1385 2252 deberet
1408 2223 1536 2251 honorari
1558 2224 1593 2251 ab
1608 2223 1684 2260 ipsis,

888 2268 945 2296 ait:
962 2267 1067 2296 Nullam
1080 2267 1116 2296 ob
1135 2276 1192 2296 rem
1205 2268 1286 2296 aliam
1299 2268 1359 2296 haec
1370 2267 1465 2302 ,l‘acio,
1486 2268 1585 2304 inquit,
1602 2275 1685 2304 quam

890 2317 1001 2350 propter
1008 2312 1183 2340 charitatem.
1194 2312 1416 2340 Retributionem
1426 2312 1499 2340 enim
1510 2321 1566 2341 non
1577 2320 1687 2349 quaero;

890 2357 937 2386 sed
961 2361 1073 2394 propter
1086 2357 1177 2392 ipsum
1192 2357 1307 2385 bonum.

925 2403 1015 2430 Vsus.
1027 2405 1054 2429 9.
1063 2401 1227 2429 Meministis
1238 2402 1318 2433 enim,
1331 2402 1445 2436 fratres,
1455 2402 1556 2430 laboris
1568 2404 1654 2431 nostri
1659 2411 1691 2431 ac

890 2446 1062 2481 fatigationis
1080 2455 1087 2471 :
1112 2447 1192 2475 Nocte
1205 2454 1235 2474 ac
1250 2447 1295 2474 die
1308 2449 1462 2482 operantes,
1474 2455 1508 2474 ne
1524 2455 1691 2483 quemquam

891 2494 1010 2520 oestrum
1026 2499 1214 2526 gravaremus,
1228 2491 1437 2526 pradicavimus
1454 2491 1491 2519 ad
1503 2499 1550 2519 vos
1570 2493 1692 2527 Evange-

893 2537 961 2565 lium
983 2537 1043 2565 Dei.
1069 2537 1131 2564 Non
1147 2535 1224 2570 dixit,
1243 2536 1408 2564 Meministis
1418 2536 1616 2564 beneficiorum
1630 2544 1693 2572 quae

893 2590 910 2610 a
925 2589 970 2609 me
992 2580 1147 2616 accepistis,
1169 2579 1230 2615 sed,
1251 2581 1377 2615 Labtm's;
1398 2588 1450 2608 nec
1475 2580 1502 2608 id
1523 2580 1693 2616 simpliciter,

895 2630 1026 2655 caeterum
1042 2629 1069 2653 et
1083 2624 1260 2662 fatigationis,
1281 2625 1307 2653 id
1321 2629 1373 2660 est,
1393 2624 1494 2653 laboris
1508 2633 1570 2653 cum
1597 2632 1696 2661 magna

747 2703 840 2733 Variae
862 2704 1001 2733 lectiones
1010 2725 1017 2733 .

76 2769 99 2787 "
114 2768 201 2800 αὖτοῗς
228 2776 253 2797 o.
312 2767 334 2786 ’τ
347 2768 432 2799 αὖτοῖς
447 2776 486 2796 m.
523 2767 545 2785 ³⁵
557 2767 682 2804 δυνάμεθα
707 2774 734 2794 ο.

44 2820 85 2845 ρας
101 2817 128 2839 o.
153 2809 164 2826 ‘
181 2808 317 2846 ἐγενήθητε
332 2817 359 2838 o.
389 2809 400 2826 ⁸
415 2809 458 2835 τὸν
475 2809 553 2836 κόπον
567 2816 593 2837 ο.

193 2860 308 2888 Ρλτιιοι.
325 2860 377 2889 Gn.
399 2859 509 2888 CXXIV.

785 2766 807 2784 θ’
823 2767 913 2794 ἄκακοι
935 2773 962 2794 ο.

1007 2765 1014 2782 ¹
1033 2765 1134 2801 Chrys.
1158 2764 1228 2799 λῆξιν
1241 2773 1269 2793 ο.
1307 2763 1318 2781 ²
1337 2763 1453 2801 ἐθέλομεν
1471 2772 1499 2794 ο.
1533 2764 1543 2783 ³
1560 2765 1698 2802 μονιμωτέ-

1527 2857 1557 2884 Η
