1890 3077
26 171 94 198 1293

452 167 628 196 EXPOSITIO
648 168 679 196 IN
700 167 803 196 EPIST.
823 167 834 195 l
854 168 899 195 ΑΙ)
918 167 1033 195 THESS.
1054 181 1088 186 —
1107 166 1182 193 CAP.
1204 165 1235 191 ll.

1597 164 1665 192 1294

23 235 71 262 τοῦ
96 234 250 268 ἀκουσθῆναι
273 231 471 270 πιστευόμενον.
497 233 560 265 Πῶς
588 232 639 272 γὰρ
664 230 815 260 πιστεύσω·
830 233 873 264 Αι

922 229 1010 258 ionem
1028 228 1103 262 dicit,
1122 235 1155 255 eo
1176 226 1250 263 quod
1272 225 1405 255 audiendo
1429 226 1566 255 credatur.
1588 228 1666 264 Quo-

25 289 82 311 σιν,
99 277 142 307 ἐὰν
156 276 193 316 μὴ
208 276 375 313 ἀκούσωσιν;

67 336 78 348 ε
94 321 142 356 Ὃς
151 322 196 351 καὶ
211 323 354 362 ἐνεργεῖται
369 323 394 350 ἐν
410 322 472 359 ὓμῐν
491 325 544 354 τοῖς
556 320 718 350 πιστεύουσι.
736 333 748 346 ι
764 320 818 350 Πό-

24 370 69 396 Οεν
93 368 184 402 δῆλον,
207 365 246 396 ὅτι
261 368 295 400 ὡς
309 367 381 396 Θεοῦ
395 365 472 404 λόγον
490 365 624 401 ἐδέξασθε;
649 366 817 405 Ἐνεργεῖται

24 412 88 451 γὰρ,
103 411 193 451 φησὶν,
214 412 240 440 ἐν
255 412 327 449 ύμῖν,
345 410 495 446 τουτέστιν,
511 411 541 439 ἐκ
562 412 615 439 τῶν
632 409 715 450 ἔργων
731 411 817 439 αὐτῶν

25 456 165 486 δείκνυται.
182 456 216 485 Εἰ
239 455 277 494 μὴ
292 456 342 494 γὰρ
362 454 445 488 οὕτως
462 454 539 484 αὐτὸν
564 454 699 489 ἐδέξασθε,
720 455 767 483 οὖκ
786 454 818 484 ἃν

24 500 87 534 τοὺς
117 500 284 536 τηλικούτους
308 499 471 540 πειρασμοὺς
497 498 567 528 οὕτω
592 499 716 538 γενναίοις
743 499 820 538 ἠνέγ-

26 558 102 576 κατε.
117 544 222 586 Ὥσπερ
236 546 288 585 γὰρ
309 543 348 574 ὅτι
366 546 394 574 οὔ
415 543 496 577 κόλαξ
520 543 605 580 ἐστὶν,
619 543 677 573 οὐδὲ
699 543 820 583 δολερὸς,

28 590 108 623 αὐτὸς
126 591 154 619 ἐκ
179 592 224 619 τοῦ
248 589 382 623 κινδύνους
411 591 554 627 ὑπομεῖναι
581 588 727 618 δείκνυσιν.
754 588 822 618 οὓτω

26 636 75 664 καὶ
101 634 147 670 τὴν
171 636 257 665 αὐτῶν
291 634 379 664 πίστιν
410 634 441 663 εκ
467 635 513 663 τοῦ
540 633 641 674 θλίψεις
670 636 822 673 ὑπενεγκεῖν

28 679 156 720 ἐμφαίνει.

73 738 84 751 α
114 724 204 763 Ὑμεῖς
232 722 284 763 γὰρ
309 723 425 762 μιμηταὶ
448 722 605 763 ἐγενήθητε,
629 723 746 763 ἀδελφοὶ,
771 726 824 754 τῶν

32 769 200 806 Ἐκκλησιῶν
228 771 275 798 τοῦ
304 768 376 798 Θεοῦ
404 769 457 797 τῶν
483 769 566 798 οὐσῶν
596 769 621 797 iv
649 770 682 807 τῇ
708 767 824 809 Ἰουδαίᾳ

31 815 60 843 ἐν
76 815 182 855 Χριστῷ
203 813 304 850 Ἰησοῦ.
322 826 333 838 -
358 811 420 842 ἰνα
442 811 479 850 μή
504 824 542 845 τις
562 811 724 848 Ἐκκλησίας
738 813 765 842 ἐν
793 817 825 854 τῇ

31 858 145 898 Ἰουδαίᾳ
168 858 217 892 τὰς
242 857 398 896 συναγωγὰς
421 858 474 886 τῶν
502 856 637 886 Ἰουδαίων
658 856 759 896 νοήσῃ,
784 859 827 888 διὰ

871 274 956 302 modo
973 273 1046 301 enim
1065 272 1190 306 credant,
1204 272 1228 299 si
1246 278 1303 299 non
1317 271 1412 299 adiant
1426 271 1454 297 Ῥ

909 320 962 353 Οιιί
975 321 1001 346 et
1010 320 1142 354 operatur
1156 318 1185 344 in
1195 316 1268 344 vobis
1283 316 1459 344 credentibus.
1476 315 1558 344 Unde
1572 317 1666 353 liquet,

873 363 948 400 quod
970 368 1101 399 tanquam
1122 361 1236 390 verbum
1260 360 1309 389 Dei
1333 361 1509 397 acceperitis?
1531 362 1668 397 Operatur

873 408 958 442 enim,
982 408 1079 444 inquit,
1098 407 1127 435 in
1147 406 1236 440 vobis,
1262 405 1314 434 hoc
1333 409 1382 440 est,
1404 413 1437 433 ex
1457 405 1521 441 ipsis
1543 407 1671 442 operibus

873 453 1089 481 demonstratur.
1115 451 1174 480 Nisi
1196 450 1271 479 enim
1295 450 1386 486 ipsum
1409 450 1449 478 sic
1472 451 1669 487 suscepissetis.

874 501 917 526 tot
930 497 1093 525 tentationes
1113 503 1168 524 non
1190 499 1248 523 tam
1274 494 1380 523 fortiter
1399 495 1609 523 sustinuissetis.
1632 498 1672 524 Ut

875 542 948 570 enim
967 541 1040 578 quod
1058 549 1147 577 neque
1169 539 1296 568 adulator
1312 539 1357 574 sit,
1372 546 1461 575 neque
1480 539 1622 575 impostor,
1639 549 1671 569 ex

877 587 1005 622 periculis
1024 593 1086 622 qua;
1104 585 1198 619 subiit,
1213 584 1350 613 convincit
1372 593 1379 612 :
1395 585 1433 612 ita
1452 584 1575 620 ipsorum
1591 585 1673 614 [idem

877 642 910 662 es
924 633 1106 662 afﬂictionum
1120 632 1262 660 tolerantia
1275 631 1389 660 indicat.

913 725 1003 752 Vsus.
1019 725 1062 751 14.
1082 723 1134 751 Vos
1147 722 1217 750 enim
1230 722 1381 749 imitatores
1393 722 1464 756 facti
1475 723 1550 757 estis,
1562 724 1676 757 fratres,

880 769 1057 797 Ecclesiantm
1071 775 1133 803 qua:
1147 769 1211 795 sunt
1225 768 1255 794 in
1270 767 1367 795 Judwa.
1382 767 1413 794 in
1427 767 1532 796 Christo
1545 769 1618 796 Jcsu.
1637 769 1678 797 Ne

880 813 942 850 quis
963 820 1012 848 per
1034 811 1168 840 Ecclesias
1188 819 1251 848 qua:
1269 815 1334 839 sunt
1354 811 1381 839 in
1395 812 1500 846 Iudaea,
1524 820 1678 849 synagogas

880 857 1042 886 Judaaorum
1065 857 1211 892 intelligat,
1232 860 1377 892 propterea
1403 855 1547 893 adjecitJu
1573 858 1680 886 Christo

30 906 108 932 τοῦτο
120 903 289 943 προσέθηκεν,
304 916 315 929 ι
328 902 375 932 Ἐν
389 902 500 943 Χριστῷ
515 901 616 939 Ἰησοῦ,
632 915 645 927 ι
660 900 703 930 ἵνα
718 902 764 936 τὰς
776 906 835 940 τῶν
852 909 873 941 Β

922 911 958 934 su,
971 906 1002 930 ut
1015 901 1138 930 ﬁdelium
1153 901 1286 930 Ecelesias
1300 900 1412 929 indicet.

30 949 134 977 πιστῶν
150 947 314 983 Ἐκκλησίας
329 946 446 986 δηλώσῃ.

80 1003 93 1021 o
107 991 171 1022 Ὅτι
188 992 222 1022 τὰ
245 991 313 1021 αὐτὰ
335 991 445 1021 ἐπάθετε
461 991 507 1020 καὶ
529 992 603 1030 ὑμεῖς
624 991 674 1021 ὕπὸ
690 993 741 1021 τῶν
757 993 829 1023 ἰδίων

30 1039 219 1076 συμφυλετῶν,
243 1035 330 1070 καθὼς
354 1036 398 1066 καὶ
417 1035 491 1066 αὐτοὶ
507 1036 557 1065 ὑπὸ
577 1037 629 1065 τῶν
644 1035 792 1068 Ἰουδαίων.
810 1049 824 1066 ιι

34 1082 126 1118 Πολλὴ
150 1084 166 1117 ἡ
191 1081 358 1122 παραμυθία.
386 1082 419 1112 Εἰ
447 1081 498 1121 γὰρ
522 1082 545 1110 οἱ
561 1080 686 1111 Ἰουδαῖοι
712 1082 831 1118 ζηλωταὶ

30 1130 79 1157 τοῦ
109 1126 234 1168 πατρῴου
259 1126 356 1165 νόμον,
390 1125 460 1160 ἅπαξ
495 1125 682 1159 πιστεύσαντες
714 1130 830 1157 τοσαῦτα

31 1173 190 1211 ὑπέμειναν,
212 1171 289 1212 πόσῳ
304 1172 407 1210 μᾶλλον
430 1170 503 1207 ὑμεῖς
526 1170 661 1212 ὀξρείλετη
678 1172 720 1200 Οὐ
739 1172 831 1212 μικρὸν

32 1217 64 1247 δὲ
93 1217 234 1256 τεκμήριον
264 1210 309 1245 καὶ
339 1218 386 1245 τοῦ
414 1214 508 1251 ἀληθὲς
530 1210 595 1244 εἶναι
630 1216 660 1245 τὸ
694 1210 831 1256 κήρυγμα,

33 1262 67 1291 τὸ
89 1261 233 1294 Ἰουδαίους
260 1262 376 1290 τοσαῦτα
401 1262 494 1289 παθεῖν
516 1259 582 1300 ὑπὲρ
607 1261 704 1299 αὐτοῦ,
733 1261 747 1290 ὂ
770 1262 833 1302 πρὶν

34 1306 157 1336 ἐδίωκον.

77 1366 88 1377 ι
112 1352 172 1381 Τῶν
200 1349 246 1380 καὶ
271 1350 316 1380 τὸν
341 1349 437 1390 Κύριον
455 1348 669 1379 ἀποκτεινάντων
689 1351 804 1386 Ἰησοῦν.
823 1363 835 1376 »

34 1396 93 1427 Καὶ
107 1395 133 1425 τί
159 1395 328 1432 θαυμαστὸν,
353 1396 376 1424 εἰ
401 1394 460 1428 τοὺς
486 1393 654 1435 συν-φυλέτας
681 1395 834 1431 ἐκάκωσαν,

33 1441 103 1471 ὅπου
116 1452 145 1480 γε
167 1440 213 1469 καὶ
230 1440 274 1470 τὸν
291 1439 389 1479 Κύριον
407 1439 584 1475 ἀπίκτειναη
600 1438 674 1479 "Opi:
691 1439 718 1469 δὲ
734 1440 835 1476 πηλίκη

33 1485 192 1526 παραμυθία
217 1484 247 1514 τὸ
275 1485 407 1514 κοινωνεῖν
429 1485 467 1524 τῷ
496 1485 607 1524 Χριστῷ
628 1486 680 1514 τῶν
705 1485 835 1524 παθημά-

31 1543 100 1561 των.
125 1529 172 1560 Διὸ
190 1529 238 1560 καὶ
261 1530 370 1563 Παῦλος
393 1529 435 1558 ἀεὶ
457 1529 484 1558 ἐν
507 1529 561 1562 τοῖς
582 1533 741 1569 πειρασμοῖς
761 1533 837 1559 τοῦτο

33 1575 155 1617 ἕπιφέρει
173 1574 208 1604 ⁴¹.

81 1632 97 1650 ιι
114 1619 168 1650 Καὶ
181 1618 240 1652 τοὺς
263 1617 343 1652 ἰδίους
361 1617 508 1659 προφήτας.
532 1629 546 1647 ι)
566 1617 636 1648 Ἀλλ’
650 1619 705 1659 ἐρεῖ
728 1630 777 1655 τις,
795 1630 835 1649 οτι

33 1665 81 1695 τὸν
100 1663 195 1704 Κύριον
218 1663 364 1703 ἠγνόησαν.
381 1663 417 1694 Τί
438 1659 500 1698 οἷνς
515 1663 574 1702 οὐχὶ
594 1662 653 1696 τοὺς
668 1663 748 1697 ἰδίους
769 1675 836 1703 προ-

34 1710 124 1750 φήτας
139 1710 295 1748 ἐγίνωσκον,
310 1704 346 1738 ὧν
362 1709 405 1737 καὶ
421 1708 455 1737 τὰ
472 1707 564 1747 βιϐλία
580 1707 765 1749 περιφέρουσις
781 1711 836 1742 πῶς

33 1752 81 1785 οὖν
97 1755 144 1784 καὶ
158 1754 266 1787 τούτους
291 1753 465 1789 ἀπέκτειναν;
482 1752 570 1782 "nats
595 1753 674 1788 δῆλον
698 1752 739 1782 ὅτι
762 1753 837 1782 οὐδὲν

33 1801 159 1829 ποιοῦσιν
195 1801 229 1833 ὡς
256 1799 393 1835 ζηλοῦντες
416 1797 482 1837 ὑπὲρ
515 1800 562 1834 τῆς
594 1797 736 1835 ἀληθείας,
767 1797 837 1827 ἀλλὰ

35 1845 143 1883 μᾶλλον
159 1844 229 1874 κατὰ
243 1846 290 1880 τῆς
304 1842 428 1879 ἀληθείας
441 1844 595 1876 λυττῶντες.

79 1949 92 1960 ιι
112 1934 167 1965 Καὶ
182 1936 253 1971 ἡμᾶς
265 1932 456 1968 ἐκδιωξάντων.
475 1946 486 1958 1
502 1931 572 1966 Τοὺς
593 1932 766 1968 ἀποστόλους,
780 1932 838 1965 τοὺς

37 1979 218 2012 διδασκάλους
234 1979 320 2017 ὑμῶν.
338 1980 384 2008 Δεῖ
401 1973 444 2006 οὖν
462 1979 530 2016 ὑμᾶς
546 1976 605 2010 τοὺς
623 1976 759 2017 μαθητὰς,
775 1977 839 2017 πρὸς

35 2024 72 2053 τὰ
88 2023 297 2064 παραδείγματα
315 2021 531 2058 ἀποϐλέποντας,
548 2021 648 2062 φέρειν.

80 2082 94 2094 ι
112 2060 170 2098 Καὶ
185 2060 247 2107 Θεῷ
265 2067 302 2105 μὴ
316 2066 493 2106 ἀρεσκόντων.
510 2079 521 2092 ι
540 2060 601 2099 Πῶς
614 2065 664 2106 γὰρ
679 2065 799 2106 ἀρέσκειν
810 2060 840 2094 οὗ

35 2114 82 2142 τὸν
114 2112 181 2143 rit»
209 2111 367 2142 ἀπέκτειναν
374 2134 382 2148 ,
412 2110 472 2144 τοὺς
499 2110 634 2151 προφήτας
664 2110 841 2150 προαποκτεί-

35 2169 133 2192 ναντες
141 2167 151 2196 ;

82 2216 96 2228 ι
120 2201 175 2232 Καὶ
204 2205 286 2231 πᾶσιν
321 2200 470 2241 ἀνθρώποις
505 2199 648 2237 ἐναντίων,
687 2199 841 2230 κωλυόντων

35 2250 114 2284 ἡμᾶς
140 2247 258 2282 λαλῆσαι
274 2250 327 2280 τοῖς
351 2233 449 2275 ἔθνεσιν
457 2233 468 2281 ,7
490 2243 534 2274 ἵνα
565 2233 696 2285 σωθεῖσιν.
714 2257 726 2271 ιν
741 2245 774 2274 Ei
789 2243 841 2285 γὰρ
859 2233 882 2264 D

36 2295 73 2332 τῇ
90 2291 235 2330 οἰκουμένῃ
249 2291 288 2320 δεῖ
310 2291 427 2326 λαλῆσαι
447 2289 482 2319 τὰ
503 2289 636 2329 σωτήρια,
650 2284 720 2318 οὖτοι
736 2289 764 2318 δὲ
789 2301 842 2319 κω-

35 2337 155 2372 λύουσι,
179 2336 261 2365 κοινοὶ
282 2335 333 2375 ἄρα
348 2337 395 2371 τῆς
418 2333 573 2373 οἰκουμένης
589 2333 678 2374 ἐχθροί
700 2335 761 2364 εἰσι.
787 2334 844 2363 Βα-

37 2380 143 2411 σκανία
167 2380 220 2421 γὰρ
256 2379 453 2420 ἀνυπέρϐλητος
490 2379 519 2408 τὸ
553 2380 586 2418 τῇ
616 2379 690 2418 κοινῇ
723 2378 843 2419 σωτηρίᾳ

38 2425 208 2465 ἐμποδίζειν.

83 2482 102 2498 ιι
121 2471 170 2504 Εἷς
186 2469 215 2500 τὸ
230 2470 424 2510 ἀναπληρῶσαι
444 2469 531 2498 αὑτῶν
547 2467 593 2502 τὰς
619 2467 752 2508 ἁμαρτίας
774 2468 844 2498 ποίν-

36 2527 112 2545 τοτε.
128 2527 145 2543 ιι
161 2515 255 2545 Ταῦτα
266 2514 293 2544 δὲ
305 2536 312 2548 ,
328 2513 404 2555 φησὶ,
421 2513 467 2543 καὶ
478 2513 560 2542 πάλιν
571 2513 615 2543 ἐπὶ
628 2514 679 2541 τῶν
691 2515 845 2554 προφητῶν,

36 2560 87 2590 καὶ
117 2559 230 2599 ὕστερον
246 2558 290 2588 ἐπὶ
318 2559 445 2599 Χριστοῦ,
470 2557 516 2587 καὶ
543 2557 582 2597 ἐφ’
606 2559 682 2596 ἡμῶν
710 2556 843 2597 ἔπραξαν,

35 2604 86 2634 ἵνα
109 2603 266 2634 δεικνύωσιν
282 2603 389 2636 ἑαυτοὺς
403 2602 437 2632 τὰ
451 2602 604 2632 τελειότατα
627 2601 845 2642 ἁμαρτάνοντας,

37 2649 89 2680 καὶ
122 2649 269 2688 φθάνοντας
305 2649 335 2678 τὸ
364 2649 463 2689 πλῆρες
479 2647 573 2688 μέτρον
602 2648 650 2683 τῆς
680 2646 775 2681 κακίας
801 2646 847 2677 καὶ

40 2694 210 2735 ἀκρότατον.

78 2741 92 2756 ι’
114 2740 204 2767 Rom.
219 2746 251 2773 x,
268 2741 310 2766 14.

920 994 989 1028 Quia
1007 992 1098 1021 eadem
1112 993 1188 1028 passi
1201 993 1264 1020 estis
1278 994 1303 1020 et
1317 999 1362 1020 vos
1383 1000 1400 1020 a
1414 994 1531 1028 propriis
1549 995 1682 1023 contribu-

885 1039 967 1072 libus,
979 1039 1050 1066 sicut
1062 1040 1088 1066 et
1099 1038 1156 1073 ipsi
1168 1046 1186 1065 ιι
1199 1038 1309 1065 Judan's.
1326 1038 1425 1074 Magna
1441 1038 1504 1066 hine
1518 1040 1681 1069 consolatio.

884 1084 911 1111 Si
930 1083 1006 1111 enim
1020 1082 1110 1110 Judaei
1127 1082 1224 1118 patria:
1240 1081 1306 1118 legis
1327 1082 1514 1117 aemulatores,
1539 1088 1683 1121 postquam

885 1128 968 1157 semel
984 1127 1159 1161 crediderint,
1171 1131 1246 1155 tanta
1257 1131 1322 1155 sunt
1336 1127 1465 1163 perpessi,
1477 1132 1580 1163 quanto
1595 1130 1685 1166 potius

887 1181 934 1201 vos
948 1172 1068 1201 debetis?
1087 1173 1150 1200 Non
1170 1172 1300 1208 exiguum
1315 1176 1407 1200 autem
1423 1177 1618 1209 argumentum
1634 1179 1685 1209 est,

887 1225 984 1246 verum
1007 1225 1065 1245 esse
1089 1216 1226 1252 Evangelii
1247 1216 1328 1252 511
1352 1217 1479 1251 verbum,
1501 1217 1574 1254 quod
1596 1219 1686 1247 Judaei

887 1266 960 1290 tanta
972 1261 1112 1298 patiantur
1122 1265 1234 1298 propter
1243 1261 1271 1289 id
1279 1261 1355 1298 quod
1364 1265 1429 1290 ante
1439 1263 1686 1299 persequebantur.

925 1355 1016 1382 Vens.
1045 1356 1088 1381 15.
1114 1353 1168 1386 Qui
1192 1354 1217 1380 et
1239 1353 1383 1381 Dominum
1413 1353 1563 1382 occidemnt
1587 1356 1686 1384 Iesum.

890 1398 960 1433 Quid
979 1398 1093 1432 mirum,
1115 1397 1137 1425 si
1153 1397 1321 1426 coutribules
1336 1406 1402 1426 suos
1416 1398 1586 1433 afﬂixerunt,
1602 1409 1689 1436 quan-

889 1442 1038 1479 doquidem
1063 1446 1091 1470 et
1116 1442 1268 1470 Dominum
1293 1442 1470 1470 occiderunt?
1491 1443 1689 1473 Animadverte

890 1491 981 1515 autem
996 1487 1085 1524 qualis
1102 1487 1138 1515 sit
1154 1487 1317 1520 consolatio,
1338 1487 1501 1524 participem
1515 1488 1574 1516 ﬁeri
1588 1489 1689 1518 Christi

891 1532 1080 1560 al'ﬂictionum.
1112 1533 1259 1568 Propterea
1284 1531 1389 1566 Paulus
1417 1541 1527 1569 semper
1558 1534 1632 1563 istud
1663 1535 1691 1563 in

891 1577 1088 1606 teutationibns
1102 1575 1194 1605 infert.

932 1624 963 1651 Et
972 1622 1099 1659 proprios
1108 1621 1266 1657 prophetas.
1281 1623 1319 1650 At
1331 1621 1407 1650 dicet
1420 1621 1528 1658 aliquis,
1542 1623 1617 1660 quod
1634 1626 1692 1653 Do-

893 1667 1001 1696 minum
1016 1666 1213 1703 ignoraverint,
1228 1674 1317 1703 neque
1330 1667 1518 1703 cognoverint.
1541 1668 1612 1703 Quid
1627 1673 1689 1698 tum

894 1713 1006 1748 postea?
1035 1713 1132 1740 Nonne
1162 1711 1311 1747 prophetas
1342 1719 1409 1740 suos
1437 1717 1545 1746 norant,
1572 1721 1692 1749 quorum

894 1757 978 1785 libros
999 1756 1080 1784 etiam
1096 1756 1310 1784 circumferunt?
1327 1756 1475 1792 Quomodo
1497 1757 1578 1793 igitur
1592 1762 1619 1785 et
1641 1759 1692 1787 hos

894 1801 1070 1829 occiderunt?
1094 1801 1185 1835 Quare
1209 1800 1322 1836 planum
1348 1805 1400 1834 est,
1425 1801 1502 1836 quod
1522 1801 1587 1829 nihil
1610 1807 1692 1839 agant

894 1845 975 1873 veluti
990 1845 1153 1873 zemulautes
1171 1853 1221 1880 pro
1236 1844 1359 1879 veritate,
1373 1845 1424 1873 ed
1435 1849 1531 1873 contra
1545 1846 1687 1875 veritatem

896 1891 986 1926 potius
1000 1889 1181 1918 insanientes.

930 1937 964 1963 Et
976 1943 1023 1962 nos
1033 1935 1168 1970 persecuti
1177 1937 1250 1962 sunt.
1262 1934 1420 1970 Apostolos,
1434 1934 1563 1964 doctores
1574 1941 1690 1967 vestros.

895 1980 1012 2016 Oportet
1040 1979 1122 2016 igitur
1152 1986 1201 2007 vos
1229 1978 1388 2015 discipulos,
1417 1978 1454 2008 ad
1481 1979 1541 2009 haec
1568 1983 1692 2019 exempla

898 2024 1048 2061 deﬁgentes
1061 2024 1167 2058 oculos,
1182 2023 1293 2059 patienti
1307 2024 1400 2052 animo
1415 2024 1510 2054 isthaac
1526 2025 1609 2055 ferre.

930 2071 966 2098 Et
989 2072 1041 2098 Deo
1065 2077 1118 2096 non
1140 2070 1256 2104 placent.
1277 2069 1423 2104 Quomodo
1444 2070 1520 2098 enim
1539 2071 1562 2099 ei
1586 2072 1693 2108 placere

895 2118 1007 2150 queant,
1027 2114 1106 2149 cujus
1122 2114 1221 2142 Filium
1238 2113 1410 2148 occiderunt,
1426 2122 1458 2142 ac
1470 2115 1526 2151 iam
1541 2116 1607 2144 olim
1628 2126 1692 2153 pro-

897 2158 991 2195 phetas
1002 2158 1085 2186 etiam
1102 2158 1317 2186 interemerunt?

933 2205 1023 2232 Vsus.
1053 2206 1096 2231 16.
1120 2205 1156 2232 Et
1182 2204 1306 2231 omnibus
1327 2203 1475 2232 hominibus
1498 2205 1691 2240 adversantur,

895 2248 1069 2284 prohibentes
1079 2255 1125 2276 nos
1136 2248 1259 2283 gentibus
1272 2248 1356 2283 loqui,
1367 2250 1397 2276 ut
1406 2249 1477 2276 salvi
1484 2251 1563 2284 ﬁant.
1574 2251 1602 2279 Si
1617 2252 1692 2280 enim

898 2293 1027 2321 universo
1048 2297 1185 2320 terrarum
1204 2291 1264 2320 orbi
1281 2292 1355 2320 salus
1370 2293 1559 2323 annuutianda
1580 2299 1631 2329 est,
1655 2297 1695 2325 illi

896 2341 989 2366 autem
1013 2337 1171 2373 prohibent,
1191 2344 1355 2365 communes
1377 2338 1452 2366 orbis
1474 2342 1610 2368 terrarum
1632 2346 1697 2370 sunt

899 2382 1003 2410 hostes.
1028 2383 1078 2410 Est
1098 2381 1175 2410 enim
1191 2381 1337 2410 invidentia
1351 2381 1498 2417 immensa,
1518 2392 1695 2415 communem

897 2427 1016 2455 salutem
1032 2426 1172 2462 impedire.

938 2473 971 2500 Ut
987 2472 1117 2507 impleant
1132 2473 1245 2506 peccata
1263 2478 1312 2499 sua
1325 2479 1440 2507 semper.
1460 2474 1527 2502 Haec
1545 2478 1636 2503 autem
1653 2476 1696 2503 in-

900 2516 969 2552 quit,
990 2516 1050 2552 jam
1066 2516 1135 2544 olim
1150 2516 1179 2543 in
1198 2516 1346 2552 prophetis,
1363 2521 1390 2545 et
1404 2517 1518 2554 posthac
1532 2519 1561 2546 in
1575 2520 1694 2554 Christo,

898 2565 983 2597 atque
1007 2560 1078 2589 adeo
1099 2561 1126 2588 in
1147 2560 1228 2589 nobis
1241 2565 1413 2597 peregerunt,
1434 2566 1466 2590 ut
1485 2563 1630 2591 ostendant
1650 2572 1695 2592 se—

900 2605 974 2642 ipsos
987 2604 1186 2642 perfectissime
1197 2613 1322 2642 peccare,
1335 2606 1527 2643 pervenireque
1539 2607 1572 2635 ad
1586 2609 1695 2643 plenam

901 2654 930 2679 et
943 2658 1083 2679 summam
1098 2650 1210 2680 malitia
1223 2658 1393 2679 mensuram.

749 2775 845 2807 Variae
867 2776 1018 2807 lectiones.

79 2825 102 2843 ¹¹
119 2824 244 2861 περιφέρει
255 2831 284 2852 ο.
