  <div class='ocr_page' id='page_1' title='image "/cluster/home/n/w/nwhite01/storage/ocr_20150623/124/njp.32101010942728/828.png"; bbox 0 0 1890 3077; ppageno 0'>
   <div class='ocr_carea' id='block_1_1' title="bbox 27 189 99 216">
    <p class='ocr_par' dir='ltr' id='par_1_1' title="bbox 27 189 99 216">
     <span class='ocr_line' id='line_1_1' title="bbox 27 189 99 216; baseline 0 -1"><span class='ocrx_word' id='word_1_1' title='bbox 27 189 99 216; x_wconf 71' lang='grc'><strong>1297</strong></span> 
     </span>
    </p>
   </div>
   <div class='ocr_carea' id='block_1_2' title="bbox 467 187 1258 217">
    <p class='ocr_par' dir='ltr' id='par_1_2' title="bbox 467 187 1258 217">
     <span class='ocr_line' id='line_1_2' title="bbox 467 187 1258 217; baseline 0.001 -1"><span class='ocrx_word' id='word_1_2' title='bbox 467 187 642 216; x_wconf 82' lang='lat' dir='ltr'><strong>EXPOSITIO</strong></span> <span class='ocrx_word' id='word_1_3' title='bbox 663 188 695 216; x_wconf 86' lang='lat' dir='ltr'><strong>IN</strong></span> <span class='ocrx_word' id='word_1_4' title='bbox 715 187 818 216; x_wconf 86' lang='lat' dir='ltr'><strong>EPIST.</strong></span> <span class='ocrx_word' id='word_1_5' title='bbox 838 187 849 215; x_wconf 86' lang='grc'><strong>1</strong></span> <span class='ocrx_word' id='word_1_6' title='bbox 867 187 913 215; x_wconf 80' lang='grc' dir='ltr'><strong>ΑΙ)</strong></span> <span class='ocrx_word' id='word_1_7' title='bbox 932 188 1046 216; x_wconf 83' lang='lat' dir='ltr'><strong>THESS.</strong></span> <span class='ocrx_word' id='word_1_8' title='bbox 1067 203 1101 209; x_wconf 92' lang='lat'><strong>—</strong></span> <span class='ocrx_word' id='word_1_9' title='bbox 1121 189 1194 217; x_wconf 80' lang='lat' dir='ltr'><strong>CAP.</strong></span> <span class='ocrx_word' id='word_1_10' title='bbox 1217 190 1258 217; x_wconf 85' lang='lat' dir='ltr'><strong>Ill.</strong></span> 
     </span>
    </p>
   </div>
   <div class='ocr_carea' id='block_1_3' title="bbox 1620 191 1688 218">
    <p class='ocr_par' dir='ltr' id='par_1_3' title="bbox 1620 191 1688 218">
     <span class='ocr_line' id='line_1_3' title="bbox 1620 191 1688 218; baseline 0.059 -4"><span class='ocrx_word' id='word_1_11' title='bbox 1620 191 1688 218; x_wconf 74' lang='lat'><strong>{298</strong></span> 
     </span>
    </p>
   </div>
   <div class='ocr_carea' id='block_1_4' title="bbox 25 237 825 292">
    <p class='ocr_par' dir='ltr' id='par_1_4' title="bbox 25 250 825 292">
     <span class='ocr_line' id='line_1_4' title="bbox 25 250 825 292; baseline -0.001 -12"><span class='ocrx_word' id='word_1_12' title='bbox 25 251 71 287; x_wconf 80' lang='grc' dir='ltr'><strong>τὸ,</strong></span> <span class='ocrx_word' id='word_1_13' title='bbox 84 263 101 279; x_wconf 80' lang='grc' dir='ltr'><strong>ιι</strong></span> <span class='ocrx_word' id='word_1_14' title='bbox 118 250 304 291; x_wconf 80' lang='grc' dir='ltr'>Καυχήσεως.</span> <span class='ocrx_word' id='word_1_15' title='bbox 316 261 332 280; x_wconf 84' lang='grc'><strong>››</strong></span> <span class='ocrx_word' id='word_1_16' title='bbox 349 250 411 292; x_wconf 78' lang='grc' dir='ltr'><strong>Ἐφ’</strong></span> <span class='ocrx_word' id='word_1_17' title='bbox 421 251 483 290; x_wconf 74' lang='grc' dir='ltr'>ὑμῖν</span> <span class='ocrx_word' id='word_1_18' title='bbox 495 251 559 291; x_wconf 71' lang='grc' dir='ltr'>γὰρ,</span> <span class='ocrx_word' id='word_1_19' title='bbox 574 251 665 292; x_wconf 69' lang='grc' dir='ltr'>φησὶν,</span> <span class='ocrx_word' id='word_1_20' title='bbox 677 250 786 288; x_wconf 78' lang='grc' dir='ltr'><strong>ἐλπίζω,</strong></span> <span class='ocrx_word' id='word_1_21' title='bbox 795 250 825 280; x_wconf 80' lang='grc' dir='ltr'>ετ</span> 
     </span>
    </p>
   </div>
   <div class='ocr_carea' id='block_1_5' title="bbox 913 237 1687 292">
    <p class='ocr_par' dir='ltr' id='par_1_5' title="bbox 913 237 1687 289">
     <span class='ocr_line' id='line_1_5' title="bbox 913 237 1687 289; baseline 0.005 -12"><span class='ocrx_word' id='word_1_22' title='bbox 913 257 1029 279; x_wconf 64' lang='lat' dir='ltr'><strong>crvorem</strong></span> <span class='ocrx_word' id='word_1_23' title='bbox 1042 250 1184 285; x_wconf 87' lang='lat' dir='ltr'><strong>indicaret,</strong></span> <span class='ocrx_word' id='word_1_24' title='bbox 1199 251 1247 281; x_wconf 87' lang='lat' dir='ltr'><strong>sed</strong></span> <span class='ocrx_word' id='word_1_25' title='bbox 1260 252 1396 289; x_wconf 86' lang='lat' dir='ltr'><strong>apposuit,</strong></span> <span class='ocrx_word' id='word_1_26' title='bbox 1415 253 1601 282; x_wconf 79' lang='lat' dir='ltr'><strong>Gtoriationis.</strong></span> <span class='ocrx_word' id='word_1_27' title='bbox 1618 237 1687 281; x_wconf 83' lang='lat' dir='ltr'><strong>Pro-</strong></span> 
     </span>
    </p>
   </div>
   <div class='ocr_carea' id='block_1_6' title="bbox 25 295 832 337">
    <p class='ocr_par' dir='ltr' id='par_1_6' title="bbox 25 295 832 337">
     <span class='ocr_line' id='line_1_6' title="bbox 25 295 832 337; baseline 0.001 -13"><span class='ocrx_word' id='word_1_28' title='bbox 25 296 190 337; x_wconf 82' lang='grc' dir='ltr'>παρῤησίας</span> <span class='ocrx_word' id='word_1_29' title='bbox 206 296 324 329; x_wconf 84' lang='grc' dir='ltr'>πλείονος</span> <span class='ocrx_word' id='word_1_30' title='bbox 345 295 419 336; x_wconf 81' lang='grc' dir='ltr'>παρὰ</span> <span class='ocrx_word' id='word_1_31' title='bbox 438 296 550 337; x_wconf 82' lang='grc' dir='ltr'><strong>Χριστῷ</strong></span> <span class='ocrx_word' id='word_1_32' title='bbox 563 295 689 334; x_wconf 81' lang='grc' dir='ltr'><strong>τεύξομαι</strong></span> <span class='ocrx_word' id='word_1_33' title='bbox 705 295 740 325; x_wconf 85' lang='grc' dir='ltr'><strong>δι’</strong></span> <span class='ocrx_word' id='word_1_34' title='bbox 753 297 832 334; x_wconf 75' lang='grc' dir='ltr'>ὑμᾶς,</span> 
     </span>
    </p>
   </div>
   <div class='ocr_carea' id='block_1_7' title="bbox 25 339 835 381">
    <p class='ocr_par' dir='ltr' id='par_1_7' title="bbox 25 339 835 381">
     <span class='ocr_line' id='line_1_7' title="bbox 25 339 835 381; baseline 0 -11"><span class='ocrx_word' id='word_1_35' title='bbox 25 340 73 370; x_wconf 81' lang='grc' dir='ltr'>καὶ</span> <span class='ocrx_word' id='word_1_36' title='bbox 88 340 185 381; x_wconf 82' lang='grc' dir='ltr'>χαίρω</span> <span class='ocrx_word' id='word_1_37' title='bbox 208 340 241 370; x_wconf 89' lang='grc' dir='ltr'>δι’</span> <span class='ocrx_word' id='word_1_38' title='bbox 255 341 319 370; x_wconf 80' lang='grc' dir='ltr'>αὐτὸ</span> <span class='ocrx_word' id='word_1_39' title='bbox 338 343 427 377; x_wconf 79' lang='grc' dir='ltr'>τοῦτο,</span> <span class='ocrx_word' id='word_1_40' title='bbox 444 340 485 370; x_wconf 73' lang='grc' dir='ltr'>ὅτι</span> <span class='ocrx_word' id='word_1_41' title='bbox 498 340 624 380; x_wconf 79' lang='grc' dir='ltr'>στέφανός</span> <span class='ocrx_word' id='word_1_42' title='bbox 639 352 696 379; x_wconf 87' lang='grc' dir='ltr'>μοι,</span> <span class='ocrx_word' id='word_1_43' title='bbox 712 339 758 370; x_wconf 86' lang='grc' dir='ltr'><strong>καὶ</strong></span> <span class='ocrx_word' id='word_1_44' title='bbox 773 341 835 371; x_wconf 83' lang='grc' dir='ltr'>στέ-</span> 
     </span>
    </p>
   </div>
   <div class='ocr_carea' id='block_1_8' title="bbox 25 385 834 425">
    <p class='ocr_par' dir='ltr' id='par_1_8' title="bbox 25 385 834 425">
     <span class='ocr_line' id='line_1_8' title="bbox 25 385 834 425; baseline 0.001 -11"><span class='ocrx_word' id='word_1_45' title='bbox 25 397 108 424; x_wconf 75' lang='grc' dir='ltr'>φανος</span> <span class='ocrx_word' id='word_1_46' title='bbox 131 385 308 425; x_wconf 77' lang='grc' dir='ltr'><strong>καυχήσεως,</strong></span> <span class='ocrx_word' id='word_1_47' title='bbox 333 385 453 415; x_wconf 76' lang='grc' dir='ltr'><strong>τουτέστι</strong></span> <span class='ocrx_word' id='word_1_48' title='bbox 475 385 550 422; x_wconf 84' lang='grc' dir='ltr'>δόξης</span> <span class='ocrx_word' id='word_1_49' title='bbox 571 386 710 425; x_wconf 73' lang='grc' dir='ltr'>λαμπρᾶς,</span> <span class='ocrx_word' id='word_1_50' title='bbox 728 385 773 415; x_wconf 77' lang='grc' dir='ltr'><strong>καὶ</strong></span> <span class='ocrx_word' id='word_1_51' title='bbox 789 388 834 415; x_wconf 81' lang='grc' dir='ltr'>νῦν</span> 
     </span>
    </p>
   </div>
   <div class='ocr_carea' id='block_1_9' title="bbox 25 430 358 468">
    <p class='ocr_par' dir='ltr' id='par_1_9' title="bbox 25 430 358 468">
     <span class='ocr_line' id='line_1_9' title="bbox 25 430 358 468; baseline 0 -8"><span class='ocrx_word' id='word_1_52' title='bbox 25 431 98 468; x_wconf 81' lang='grc' dir='ltr'>ἔστε,</span> <span class='ocrx_word' id='word_1_53' title='bbox 114 431 165 460; x_wconf 84' lang='grc' dir='ltr'>καὶ</span> <span class='ocrx_word' id='word_1_54' title='bbox 179 430 241 460; x_wconf 78' lang='grc' dir='ltr'>τότε</span> <span class='ocrx_word' id='word_1_55' title='bbox 258 430 358 461; x_wconf 79' lang='grc' dir='ltr'>ἔσεσθε.</span> 
     </span>
    </p>
   </div>
   <div class='ocr_carea' id='block_1_10' title="bbox 67 519 834 560">
    <p class='ocr_par' dir='ltr' id='par_1_10' title="bbox 67 519 834 560">
     <span class='ocr_line' id='line_1_10' title="bbox 67 519 834 560; baseline 0 -10"><span class='ocrx_word' id='word_1_56' title='bbox 67 534 79 545; x_wconf 84' lang='grc' dir='ltr'>ι</span> <span class='ocrx_word' id='word_1_57' title='bbox 95 519 139 550; x_wconf 70' lang='grc' dir='ltr'>Ἠ</span> <span class='ocrx_word' id='word_1_58' title='bbox 165 519 228 560; x_wconf 76' lang='grc' dir='ltr'>οὖχὶ</span> <span class='ocrx_word' id='word_1_59' title='bbox 250 519 295 549; x_wconf 76' lang='grc' dir='ltr'>καὶ</span> <span class='ocrx_word' id='word_1_60' title='bbox 312 521 387 558; x_wconf 73' lang='grc' dir='ltr'>ὕμεῖς</span> <span class='ocrx_word' id='word_1_61' title='bbox 401 519 550 559; x_wconf 73' lang='grc' dir='ltr'>ἔμπροσθεν</span> <span class='ocrx_word' id='word_1_62' title='bbox 572 523 620 549; x_wconf 74' lang='grc' dir='ltr'><strong>τοῦ</strong></span> <span class='ocrx_word' id='word_1_63' title='bbox 643 519 742 560; x_wconf 78' lang='grc' dir='ltr'><strong>Κυρίου</strong></span> <span class='ocrx_word' id='word_1_64' title='bbox 756 522 834 557; x_wconf 81' lang='grc' dir='ltr'>ἡμῶν</span> 
     </span>
    </p>
   </div>
   <div class='ocr_carea' id='block_1_11' title="bbox 24 560 831 606">
    <p class='ocr_par' dir='ltr' id='par_1_11' title="bbox 24 560 831 606">
     <span class='ocr_line' id='line_1_11' title="bbox 24 560 831 606; baseline 0 -12"><span class='ocrx_word' id='word_1_65' title='bbox 24 565 116 600; x_wconf 76' lang='grc' dir='ltr'>Ἰησοῦ</span> <span class='ocrx_word' id='word_1_66' title='bbox 144 566 266 604; x_wconf 77' lang='grc' dir='ltr'>Χριστοῦ</span> <span class='ocrx_word' id='word_1_67' title='bbox 290 565 317 594; x_wconf 77' lang='grc' dir='ltr'><strong>ἐν</strong></span> <span class='ocrx_word' id='word_1_68' title='bbox 345 567 379 605; x_wconf 82' lang='grc' dir='ltr'><strong>τῇ</strong></span> <span class='ocrx_word' id='word_1_69' title='bbox 401 565 534 606; x_wconf 74' lang='grc' dir='ltr'><strong>παρουσίᾳ</strong></span> <span class='ocrx_word' id='word_1_70' title='bbox 561 565 657 602; x_wconf 67' lang='lat' dir='ltr'><strong>dinei};</strong></span> <span class='ocrx_word' id='word_1_71' title='bbox 675 578 687 591; x_wconf 76' lang='grc' dir='ltr'><strong><em>ι</em></strong></span> <span class='ocrx_word' id='word_1_72' title='bbox 706 565 742 595; x_wconf 89' lang='grc' dir='ltr'>Τί</span> <span class='ocrx_word' id='word_1_73' title='bbox 769 560 831 601; x_wconf 62' lang='grc' dir='ltr'><strong>οῧη</strong></span> 
     </span>
    </p>
   </div>
   <div class='ocr_carea' id='block_1_12' title="bbox 25 609 833 650">
    <p class='ocr_par' dir='ltr' id='par_1_12' title="bbox 25 609 833 650">
     <span class='ocr_line' id='line_1_12' title="bbox 25 609 833 650; baseline 0.001 -12"><span class='ocrx_word' id='word_1_74' title='bbox 25 610 245 644; x_wconf 78' lang='grc' dir='ltr'>Θεσσαλονικείς</span> <span class='ocrx_word' id='word_1_75' title='bbox 271 610 335 638; x_wconf 80' lang='grc' dir='ltr'>εἶσιν</span> <span class='ocrx_word' id='word_1_76' title='bbox 359 609 474 650; x_wconf 25' lang='grc' dir='ltr'>ἡὴέλπίς</span> <span class='ocrx_word' id='word_1_77' title='bbox 499 621 558 647; x_wconf 84' lang='grc' dir='ltr'>σου,</span> <span class='ocrx_word' id='word_1_78' title='bbox 583 609 698 650; x_wconf 77' lang='grc' dir='ltr'><strong>μακάριε</strong></span> <span class='ocrx_word' id='word_1_79' title='bbox 730 611 833 646; x_wconf 58' lang='lat' dir='ltr'><strong>ﬂatile;</strong></span> 
     </span>
    </p>
   </div>
   <div class='ocr_carea' id='block_1_13' title="bbox 25 648 835 694">
    <p class='ocr_par' dir='ltr' id='par_1_13' title="bbox 25 648 835 694">
     <span class='ocr_line' id='line_1_13' title="bbox 25 648 835 694; baseline 0 -10"><span class='ocrx_word' id='word_1_80' title='bbox 25 655 87 693; x_wconf 81' lang='grc' dir='ltr'><strong>Οὐχ</strong></span> <span class='ocrx_word' id='word_1_81' title='bbox 102 649 180 684; x_wconf 69' lang='grc' dir='ltr'>οὗτοι</span> <span class='ocrx_word' id='word_1_82' title='bbox 195 654 282 692; x_wconf 81' lang='grc' dir='ltr'>μόνοι.</span> <span class='ocrx_word' id='word_1_83' title='bbox 301 654 348 684; x_wconf 82' lang='grc' dir='ltr'>Διὸ</span> <span class='ocrx_word' id='word_1_84' title='bbox 370 648 441 684; x_wconf 76' lang='grc' dir='ltr'>εἷπε·</span> <span class='ocrx_word' id='word_1_85' title='bbox 456 667 471 682; x_wconf 88' lang='grc' dir='ltr'><strong>α</strong></span> <span class='ocrx_word' id='word_1_86' title='bbox 484 654 537 684; x_wconf 76' lang='grc' dir='ltr'><strong>Καὶ</strong></span> <span class='ocrx_word' id='word_1_87' title='bbox 555 657 638 694; x_wconf 70' lang='grc' dir='ltr'>ὑμεῖς,</span> <span class='ocrx_word' id='word_1_88' title='bbox 649 648 668 684; x_wconf 41' lang='grc' dir='ltr'><strong>ι)-</strong></span> <span class='ocrx_word' id='word_1_89' title='bbox 684 654 785 688; x_wconf 81' lang='grc' dir='ltr'>δεικνὺς</span> <span class='ocrx_word' id='word_1_90' title='bbox 795 654 835 684; x_wconf 74' lang='grc' dir='ltr'><strong>ὅτι</strong></span> 
     </span>
    </p>
   </div>
   <div class='ocr_carea' id='block_1_14' title="bbox 27 694 271 735">
    <p class='ocr_par' dir='ltr' id='par_1_14' title="bbox 27 694 271 735">
     <span class='ocr_line' id='line_1_14' title="bbox 27 694 271 735; baseline 0 -7"><span class='ocrx_word' id='word_1_91' title='bbox 27 701 73 728; x_wconf 80' lang='grc' dir='ltr'>καὶ</span> <span class='ocrx_word' id='word_1_92' title='bbox 88 699 172 728; x_wconf 78' lang='grc' dir='ltr'>ἄλλοι</span> <span class='ocrx_word' id='word_1_93' title='bbox 189 694 271 735; x_wconf 76' lang='grc' dir='ltr'>ἦσαν.</span> 
     </span>
    </p>
   </div>
   <div class='ocr_carea' id='block_1_15' title="bbox 64 743 830 785">
    <p class='ocr_par' dir='ltr' id='par_1_15' title="bbox 64 743 830 785">
     <span class='ocr_line' id='line_1_15' title="bbox 64 743 830 785; baseline 0 -11"><span class='ocrx_word' id='word_1_94' title='bbox 64 757 77 769; x_wconf 87' lang='lat'><strong>-</strong></span> <span class='ocrx_word' id='word_1_95' title='bbox 94 743 197 782; x_wconf 73' lang='grc' dir='ltr'>⁶Υμείς</span> <span class='ocrx_word' id='word_1_96' title='bbox 208 743 261 783; x_wconf 81' lang='grc' dir='ltr'><strong>γάρ</strong></span> <span class='ocrx_word' id='word_1_97' title='bbox 275 744 333 774; x_wconf 76' lang='grc' dir='ltr'>ἐστε</span> <span class='ocrx_word' id='word_1_98' title='bbox 348 746 364 780; x_wconf 88' lang='grc' dir='ltr'>ἡ</span> <span class='ocrx_word' id='word_1_99' title='bbox 377 743 438 778; x_wconf 81' lang='grc' dir='ltr'>δόξα</span> <span class='ocrx_word' id='word_1_100' title='bbox 449 746 526 782; x_wconf 81' lang='grc' dir='ltr'>ἡμῶν</span> <span class='ocrx_word' id='word_1_101' title='bbox 541 744 587 773; x_wconf 80' lang='grc' dir='ltr'>καὶ</span> <span class='ocrx_word' id='word_1_102' title='bbox 603 747 619 781; x_wconf 84' lang='grc' dir='ltr'><strong>ἡ</strong></span> <span class='ocrx_word' id='word_1_103' title='bbox 633 745 716 785; x_wconf 76' lang='grc' dir='ltr'>χαρά.</span> <span class='ocrx_word' id='word_1_104' title='bbox 730 758 742 771; x_wconf 77' lang='grc' dir='ltr'><strong><em>ι</em></strong></span> <span class='ocrx_word' id='word_1_105' title='bbox 755 745 830 781; x_wconf 89' lang='grc' dir='ltr'>Πόση</span> 
     </span>
    </p>
   </div>
   <div class='ocr_carea' id='block_1_16' title="bbox 27 787 830 830">
    <p class='ocr_par' dir='ltr' id='par_1_16' title="bbox 27 787 830 830">
     <span class='ocr_line' id='line_1_16' title="bbox 27 787 830 830; baseline 0.002 -13"><span class='ocrx_word' id='word_1_106' title='bbox 27 788 77 828; x_wconf 73' lang='grc' dir='ltr'><strong>γὰρ</strong></span> <span class='ocrx_word' id='word_1_107' title='bbox 93 787 172 826; x_wconf 78' lang='grc' dir='ltr'>δόξα,</span> <span class='ocrx_word' id='word_1_108' title='bbox 189 788 222 818; x_wconf 83' lang='grc' dir='ltr'><strong>τὸ</strong></span> <span class='ocrx_word' id='word_1_109' title='bbox 238 788 369 824; x_wconf 73' lang='grc' dir='ltr'><strong>τοσαύτην</strong></span> <span class='ocrx_word' id='word_1_110' title='bbox 383 787 548 825; x_wconf 73' lang='grc' dir='ltr'><strong>Ἐκκλησίαν</strong></span> <span class='ocrx_word' id='word_1_111' title='bbox 563 791 743 830; x_wconf 82' lang='grc' dir='ltr'>προσαγαγεῖν</span> <span class='ocrx_word' id='word_1_112' title='bbox 764 791 830 830; x_wconf 86' lang='grc' dir='ltr'>Χρι-</span> 
     </span>
    </p>
   </div>
   <div class='ocr_carea' id='block_1_17' title="bbox 27 832 429 873">
    <p class='ocr_par' dir='ltr' id='par_1_17' title="bbox 27 832 429 873">
     <span class='ocr_line' id='line_1_17' title="bbox 27 832 429 873; baseline 0 -11"><span class='ocrx_word' id='word_1_113' title='bbox 27 834 93 873; x_wconf 82' lang='grc' dir='ltr'>στῷ,</span> <span class='ocrx_word' id='word_1_114' title='bbox 110 833 159 863; x_wconf 81' lang='grc' dir='ltr'>καὶ</span> <span class='ocrx_word' id='word_1_115' title='bbox 172 832 260 867; x_wconf 77' lang='grc' dir='ltr'>οὕτως</span> <span class='ocrx_word' id='word_1_116' title='bbox 272 832 410 871; x_wconf 81' lang='grc' dir='ltr'><strong>εὐδόκιμον</strong></span> <span class='ocrx_word' id='word_1_117' title='bbox 422 836 429 862; x_wconf 89' lang='lat'><strong>!</strong></span> 
     </span>
    </p>
   </div>
   <div class='ocr_carea' id='block_1_18' title="bbox 325 900 533 931">
    <p class='ocr_par' dir='ltr' id='par_1_18' title="bbox 325 900 533 931">
     <span class='ocr_line' id='line_1_18' title="bbox 325 900 533 931; baseline 0.005 -1"><span class='ocrx_word' id='word_1_118' title='bbox 325 900 471 931; x_wconf 77' lang='grc' dir='ltr'><strong>ΚΕΦΑΛ.</strong></span> <span class='ocrx_word' id='word_1_119' title='bbox 491 900 533 931; x_wconf 90' lang='grc' dir='ltr'><strong>Γ’.</strong></span> 
     </span>
    </p>
   </div>
   <div class='ocr_carea' id='block_1_19' title="bbox 66 967 831 1007">
    <p class='ocr_par' dir='ltr' id='par_1_19' title="bbox 66 967 831 1007">
     <span class='ocr_line' id='line_1_19' title="bbox 66 967 831 1007; baseline 0.004 -12"><span class='ocrx_word' id='word_1_120' title='bbox 66 981 78 995; x_wconf 80' lang='grc' dir='ltr'>ι</span> <span class='ocrx_word' id='word_1_121' title='bbox 104 967 154 999; x_wconf 78' lang='grc' dir='ltr'>Διὸ</span> <span class='ocrx_word' id='word_1_122' title='bbox 192 967 291 1006; x_wconf 78' lang='grc' dir='ltr'>μηκέτι</span> <span class='ocrx_word' id='word_1_123' title='bbox 318 967 468 1007; x_wconf 74' lang='grc' dir='ltr'>στέγοντες,</span> <span class='ocrx_word' id='word_1_124' title='bbox 494 967 674 1007; x_wconf 84' lang='grc' dir='ltr'>εὖδοκήσαμιν</span> <span class='ocrx_word' id='word_1_125' title='bbox 702 969 831 998; x_wconf 82' lang='grc' dir='ltr'>καταλει-</span> 
     </span>
    </p>
   </div>
   <div class='ocr_carea' id='block_1_20' title="bbox 27 1012 829 1053">
    <p class='ocr_par' dir='ltr' id='par_1_20' title="bbox 27 1012 829 1053">
     <span class='ocr_line' id='line_1_20' title="bbox 27 1012 829 1053; baseline 0 -11"><span class='ocrx_word' id='word_1_126' title='bbox 27 1014 122 1052; x_wconf 70' lang='grc' dir='ltr'>φθῆναι</span> <span class='ocrx_word' id='word_1_127' title='bbox 150 1015 179 1043; x_wconf 83' lang='grc' dir='ltr'>ἐν</span> <span class='ocrx_word' id='word_1_128' title='bbox 204 1012 325 1048; x_wconf 84' lang='grc' dir='ltr'>Ἀθήναις</span> <span class='ocrx_word' id='word_1_129' title='bbox 351 1012 437 1052; x_wconf 87' lang='grc' dir='ltr'>μόνοι.</span> <span class='ocrx_word' id='word_1_130' title='bbox 467 1026 480 1040; x_wconf 78' lang='grc' dir='ltr'>ι</span> <span class='ocrx_word' id='word_1_131' title='bbox 504 1012 572 1042; x_wconf 75' lang='grc' dir='ltr'>Ἀντὶ</span> <span class='ocrx_word' id='word_1_132' title='bbox 604 1015 660 1050; x_wconf 74' lang='grc' dir='ltr'>τοῦ,</span> <span class='ocrx_word' id='word_1_133' title='bbox 684 1013 829 1053; x_wconf 78' lang='grc' dir='ltr'>Εἱλόμεθα,</span> 
     </span>
    </p>
   </div>
   <div class='ocr_carea' id='block_1_21' title="bbox 26 1057 301 1098">
    <p class='ocr_par' dir='ltr' id='par_1_21' title="bbox 26 1057 301 1098">
     <span class='ocr_line' id='line_1_21' title="bbox 26 1057 301 1098; baseline 0.007 -12"><span class='ocrx_word' id='word_1_134' title='bbox 26 1057 71 1086; x_wconf 70' lang='grc' dir='ltr'><strong>καὶ</strong></span> <span class='ocrx_word' id='word_1_135' title='bbox 87 1057 301 1098; x_wconf 83' lang='grc' dir='ltr'>προεκρίναμεν.</span> 
     </span>
    </p>
   </div>
   <div class='ocr_carea' id='block_1_22' title="bbox 67 1102 829 1143">
    <p class='ocr_par' dir='ltr' id='par_1_22' title="bbox 67 1102 829 1143">
     <span class='ocr_line' id='line_1_22' title="bbox 67 1102 829 1143; baseline 0 -11"><span class='ocrx_word' id='word_1_136' title='bbox 67 1116 78 1128; x_wconf 78' lang='grc' dir='ltr'>ι</span> <span class='ocrx_word' id='word_1_137' title='bbox 103 1102 161 1132; x_wconf 76' lang='grc' dir='ltr'><strong>Καὶ</strong></span> <span class='ocrx_word' id='word_1_138' title='bbox 186 1102 351 1143; x_wconf 75' lang='grc' dir='ltr'><strong>ἐπέμψαμεν</strong></span> <span class='ocrx_word' id='word_1_139' title='bbox 376 1103 507 1141; x_wconf 81' lang='grc' dir='ltr'>Τιμόθεον</span> <span class='ocrx_word' id='word_1_140' title='bbox 532 1102 577 1132; x_wconf 84' lang='grc' dir='ltr'><strong>τὸν</strong></span> <span class='ocrx_word' id='word_1_141' title='bbox 598 1102 709 1143; x_wconf 70' lang='grc' dir='ltr'>ἀδελφὸν</span> <span class='ocrx_word' id='word_1_142' title='bbox 736 1104 829 1142; x_wconf 81' lang='grc' dir='ltr'>ἡμῶν,</span> 
     </span>
    </p>
   </div>
   <div class='ocr_carea' id='block_1_23' title="bbox 28 1147 830 1187">
    <p class='ocr_par' dir='ltr' id='par_1_23' title="bbox 28 1147 830 1187">
     <span class='ocr_line' id='line_1_23' title="bbox 28 1147 830 1187; baseline 0.002 -11"><span class='ocrx_word' id='word_1_143' title='bbox 28 1147 72 1177; x_wconf 78' lang='grc' dir='ltr'><strong>καὶ</strong></span> <span class='ocrx_word' id='word_1_144' title='bbox 100 1147 228 1177; x_wconf 78' lang='grc' dir='ltr'>διάκονον</span> <span class='ocrx_word' id='word_1_145' title='bbox 260 1149 307 1176; x_wconf 81' lang='grc' dir='ltr'><strong>τοῦ</strong></span> <span class='ocrx_word' id='word_1_146' title='bbox 343 1148 426 1183; x_wconf 76' lang='grc' dir='ltr'>Θεοῦ,</span> <span class='ocrx_word' id='word_1_147' title='bbox 456 1147 500 1176; x_wconf 82' lang='grc' dir='ltr'><strong>καὶ</strong></span> <span class='ocrx_word' id='word_1_148' title='bbox 538 1148 663 1187; x_wconf 74' lang='grc' dir='ltr'>συνεργὸν</span> <span class='ocrx_word' id='word_1_149' title='bbox 698 1149 774 1186; x_wconf 75' lang='grc' dir='ltr'>ἡμῶν</span> <span class='ocrx_word' id='word_1_150' title='bbox 803 1149 830 1178; x_wconf 77' lang='grc' dir='ltr'><strong>ἐν</strong></span> 
     </span>
    </p>
   </div>
   <div class='ocr_carea' id='block_1_24' title="bbox 27 1191 830 1233">
    <p class='ocr_par' dir='ltr' id='par_1_24' title="bbox 27 1191 830 1233">
     <span class='ocr_line' id='line_1_24' title="bbox 27 1191 830 1233; baseline 0.001 -12"><span class='ocrx_word' id='word_1_151' title='bbox 27 1195 63 1230; x_wconf 86' lang='grc' dir='ltr'><strong>τῷ</strong></span> <span class='ocrx_word' id='word_1_152' title='bbox 87 1191 250 1232; x_wconf 83' lang='grc' dir='ltr'>Εὖαγγελίῳ</span> <span class='ocrx_word' id='word_1_153' title='bbox 272 1195 319 1222; x_wconf 73' lang='grc' dir='ltr'><strong>τοῦ</strong></span> <span class='ocrx_word' id='word_1_154' title='bbox 346 1193 470 1231; x_wconf 80' lang='grc' dir='ltr'>Χριστοῦ.</span> <span class='ocrx_word' id='word_1_155' title='bbox 501 1205 513 1218; x_wconf 76' lang='grc' dir='ltr'>ι</span> <span class='ocrx_word' id='word_1_156' title='bbox 530 1191 690 1228; x_wconf 81' lang='grc' dir='ltr'>Τοσαύτηή</span> <span class='ocrx_word' id='word_1_157' title='bbox 713 1192 830 1233; x_wconf 79' lang='grc' dir='ltr'>μέριμνα</span> 
     </span>
    </p>
   </div>
   <div class='ocr_carea' id='block_1_25' title="bbox 28 1236 830 1277">
    <p class='ocr_par' dir='ltr' id='par_1_25' title="bbox 28 1236 830 1277">
     <span class='ocr_line' id='line_1_25' title="bbox 28 1236 830 1277; baseline 0.002 -12"><span class='ocrx_word' id='word_1_158' title='bbox 28 1238 63 1277; x_wconf 78' lang='grc' dir='ltr'><strong>τῷ</strong></span> <span class='ocrx_word' id='word_1_159' title='bbox 75 1237 143 1277; x_wconf 82' lang='grc' dir='ltr'>ἆγίῳ</span> <span class='ocrx_word' id='word_1_160' title='bbox 158 1236 248 1277; x_wconf 81' lang='grc' dir='ltr'>τούτῳ</span> <span class='ocrx_word' id='word_1_161' title='bbox 261 1238 314 1266; x_wconf 80' lang='grc' dir='ltr'><strong>τῶν</strong></span> <span class='ocrx_word' id='word_1_162' title='bbox 329 1238 456 1275; x_wconf 78' lang='grc' dir='ltr'>μαθητῶν</span> <span class='ocrx_word' id='word_1_163' title='bbox 466 1259 474 1275; x_wconf 89' lang='grc'><strong>,</strong></span> <span class='ocrx_word' id='word_1_164' title='bbox 491 1236 560 1266; x_wconf 80' lang='grc' dir='ltr'>ὥστε</span> <span class='ocrx_word' id='word_1_165' title='bbox 576 1236 654 1273; x_wconf 85' lang='grc' dir='ltr'>ἡνίκα</span> <span class='ocrx_word' id='word_1_166' title='bbox 667 1237 747 1271; x_wconf 75' lang='grc' dir='ltr'>αὐτὸς</span> <span class='ocrx_word' id='word_1_167' title='bbox 761 1238 830 1267; x_wconf 69' lang='grc' dir='ltr'>ἐκω-</span> 
     </span>
    </p>
   </div>
   <div class='ocr_carea' id='block_1_26' title="bbox 28 1281 828 1322">
    <p class='ocr_par' dir='ltr' id='par_1_26' title="bbox 28 1281 828 1322">
     <span class='ocr_line' id='line_1_26' title="bbox 28 1281 828 1322; baseline 0.003 -12"><span class='ocrx_word' id='word_1_168' title='bbox 28 1281 101 1311; x_wconf 72' lang='grc' dir='ltr'>λύετο</span> <span class='ocrx_word' id='word_1_169' title='bbox 127 1281 283 1321; x_wconf 81' lang='grc' dir='ltr'>ἀναγκαίως</span> <span class='ocrx_word' id='word_1_170' title='bbox 306 1281 478 1321; x_wconf 82' lang='grc' dir='ltr'>περιστοίσεσί</span> <span class='ocrx_word' id='word_1_171' title='bbox 503 1293 584 1320; x_wconf 80' lang='grc' dir='ltr'>τισιν,</span> <span class='ocrx_word' id='word_1_172' title='bbox 613 1282 717 1322; x_wconf 74' lang='grc' dir='ltr'>ἑτέρους</span> <span class='ocrx_word' id='word_1_173' title='bbox 742 1281 828 1322; x_wconf 84' lang='grc' dir='ltr'>ἔπεμ-</span> 
     </span>
    </p>
   </div>
   <div class='ocr_carea' id='block_1_27' title="bbox 29 1325 829 1365">
    <p class='ocr_par' dir='ltr' id='par_1_27' title="bbox 29 1325 829 1365">
     <span class='ocr_line' id='line_1_27' title="bbox 29 1325 829 1365; baseline 0.003 -10"><span class='ocrx_word' id='word_1_174' title='bbox 29 1337 74 1355; x_wconf 86' lang='grc' dir='ltr'><strong>πεν</strong></span> <span class='ocrx_word' id='word_1_175' title='bbox 99 1326 343 1365; x_wconf 74' lang='grc' dir='ltr'>ἓπισκεπτομίνους</span> <span class='ocrx_word' id='word_1_176' title='bbox 368 1326 427 1359; x_wconf 85' lang='grc' dir='ltr'>τοὺς</span> <span class='ocrx_word' id='word_1_177' title='bbox 447 1325 577 1365; x_wconf 80' lang='grc' dir='ltr'>μαθητάς.</span> <span class='ocrx_word' id='word_1_178' title='bbox 603 1328 691 1357; x_wconf 83' lang='grc' dir='ltr'>Τοῦτο</span> <span class='ocrx_word' id='word_1_179' title='bbox 715 1327 741 1356; x_wconf 83' lang='grc' dir='ltr'>δὲ</span> <span class='ocrx_word' id='word_1_180' title='bbox 769 1327 829 1357; x_wconf 85' lang='grc' dir='ltr'>τότε</span> 
     </span>
    </p>
   </div>
   <div class='ocr_carea' id='block_1_28' title="bbox 31 1371 829 1412">
    <p class='ocr_par' dir='ltr' id='par_1_28' title="bbox 31 1371 829 1412">
     <span class='ocr_line' id='line_1_28' title="bbox 31 1371 829 1412; baseline 0.001 -12"><span class='ocrx_word' id='word_1_181' title='bbox 31 1371 134 1407; x_wconf 79' lang='grc' dir='ltr'>ἐποίησε</span> <span class='ocrx_word' id='word_1_182' title='bbox 157 1371 204 1401; x_wconf 81' lang='grc' dir='ltr'><strong>τὸν</strong></span> <span class='ocrx_word' id='word_1_183' title='bbox 221 1371 351 1401; x_wconf 73' lang='grc' dir='ltr'>Τιμόθεον</span> <span class='ocrx_word' id='word_1_184' title='bbox 373 1371 543 1404; x_wconf 74' lang='grc' dir='ltr'>ἀποστείλας.</span> <span class='ocrx_word' id='word_1_185' title='bbox 561 1371 641 1410; x_wconf 83' lang='grc' dir='ltr'>Λέγει</span> <span class='ocrx_word' id='word_1_186' title='bbox 663 1372 690 1400; x_wconf 82' lang='grc' dir='ltr'>δὲ</span> <span class='ocrx_word' id='word_1_187' title='bbox 705 1372 766 1412; x_wconf 75' lang='grc' dir='ltr'>περὶ</span> <span class='ocrx_word' id='word_1_188' title='bbox 781 1373 829 1401; x_wconf 81' lang='grc' dir='ltr'><strong>αὖ-</strong></span> 
     </span>
    </p>
   </div>
   <div class='ocr_carea' id='block_1_29' title="bbox 30 1415 829 1455">
    <p class='ocr_par' dir='ltr' id='par_1_29' title="bbox 30 1415 829 1455">
     <span class='ocr_line' id='line_1_29' title="bbox 30 1415 829 1455; baseline 0.003 -11"><span class='ocrx_word' id='word_1_189' title='bbox 30 1418 73 1444; x_wconf 78' lang='grc' dir='ltr'>τοῧ</span> <span class='ocrx_word' id='word_1_190' title='bbox 86 1418 210 1446; x_wconf 76' lang='grc' dir='ltr'>τοσαῦτα</span> <span class='ocrx_word' id='word_1_191' title='bbox 234 1415 366 1455; x_wconf 77' lang='grc' dir='ltr'>ἐγκώμια,</span> <span class='ocrx_word' id='word_1_192' title='bbox 389 1416 438 1445; x_wconf 79' lang='grc' dir='ltr'><strong>οὐκ</strong></span> <span class='ocrx_word' id='word_1_193' title='bbox 455 1415 534 1446; x_wconf 78' lang='grc' dir='ltr'>αὐτὸν</span> <span class='ocrx_word' id='word_1_194' title='bbox 555 1419 676 1446; x_wconf 69' lang='grc' dir='ltr'>τοσοῦτον</span> <span class='ocrx_word' id='word_1_195' title='bbox 702 1416 725 1435; x_wconf 81' lang='grc'><strong>¹⁴</strong></span> <span class='ocrx_word' id='word_1_196' title='bbox 751 1417 829 1446; x_wconf 69' lang='grc' dir='ltr'>ἐπαί-</span> 
     </span>
    </p>
   </div>
   <div class='ocr_carea' id='block_1_30' title="bbox 33 1459 829 1502">
    <p class='ocr_par' dir='ltr' id='par_1_30' title="bbox 33 1459 829 1502">
     <span class='ocr_line' id='line_1_30' title="bbox 33 1459 829 1502; baseline 0 -12"><span class='ocrx_word' id='word_1_197' title='bbox 33 1471 89 1500; x_wconf 89' lang='grc' dir='ltr'>ρων,</span> <span class='ocrx_word' id='word_1_198' title='bbox 105 1461 164 1490; x_wconf 74' lang='grc' dir='ltr'>ἀλλ’</span> <span class='ocrx_word' id='word_1_199' title='bbox 192 1459 289 1494; x_wconf 73' lang='grc' dir='ltr'>αὐτοὺς</span> <span class='ocrx_word' id='word_1_200' title='bbox 315 1460 415 1500; x_wconf 76' lang='grc' dir='ltr'>[τηρῶν</span> <span class='ocrx_word' id='word_1_201' title='bbox 439 1459 497 1502; x_wconf 80' lang='grc' dir='ltr'>καὶ]</span> <span class='ocrx_word' id='word_1_202' title='bbox 520 1461 616 1498; x_wconf 74' lang='grc' dir='ltr'>τιμῶν,</span> <span class='ocrx_word' id='word_1_203' title='bbox 638 1461 679 1491; x_wconf 76' lang='grc' dir='ltr'>ὅτι</span> <span class='ocrx_word' id='word_1_204' title='bbox 693 1460 737 1490; x_wconf 81' lang='grc' dir='ltr'><strong>τὸν</strong></span> <span class='ocrx_word' id='word_1_205' title='bbox 758 1460 829 1491; x_wconf 77' lang='grc' dir='ltr'>κατὰ</span> 
     </span>
    </p>
   </div>
   <div class='ocr_carea' id='block_1_31' title="bbox 31 1504 827 1545">
    <p class='ocr_par' dir='ltr' id='par_1_31' title="bbox 31 1504 827 1545">
     <span class='ocr_line' id='line_1_31' title="bbox 31 1504 827 1545; baseline 0.003 -12"><span class='ocrx_word' id='word_1_206' title='bbox 31 1508 148 1534; x_wconf 79' lang='grc' dir='ltr'>τοσοῦτον</span> <span class='ocrx_word' id='word_1_207' title='bbox 171 1505 271 1545; x_wconf 82' lang='grc' dir='ltr'>καιρὸν</span> <span class='ocrx_word' id='word_1_208' title='bbox 291 1504 374 1538; x_wconf 81' lang='grc' dir='ltr'>οὕτως</span> <span class='ocrx_word' id='word_1_209' title='bbox 396 1505 543 1544; x_wconf 73' lang='grc' dir='ltr'>ἀναγκαῖον</span> <span class='ocrx_word' id='word_1_210' title='bbox 565 1505 611 1534; x_wconf 83' lang='grc' dir='ltr'><strong>τὸν</strong></span> <span class='ocrx_word' id='word_1_211' title='bbox 636 1505 758 1545; x_wconf 82' lang='grc' dir='ltr'>συνεργὸν</span> <span class='ocrx_word' id='word_1_212' title='bbox 780 1508 827 1536; x_wconf 73' lang='grc' dir='ltr'>τοῦ</span> 
     </span>
    </p>
   </div>
   <div class='ocr_carea' id='block_1_32' title="bbox 33 1549 825 1590">
    <p class='ocr_par' dir='ltr' id='par_1_32' title="bbox 33 1549 825 1590">
     <span class='ocr_line' id='line_1_32' title="bbox 33 1549 825 1590; baseline 0.001 -11"><span class='ocrx_word' id='word_1_213' title='bbox 33 1550 193 1590; x_wconf 82' lang='grc' dir='ltr'>Εὖαγγελίου</span> <span class='ocrx_word' id='word_1_214' title='bbox 222 1549 362 1580; x_wconf 79' lang='grc' dir='ltr'>ἀπέσπασε</span> <span class='ocrx_word' id='word_1_215' title='bbox 387 1552 433 1579; x_wconf 73' lang='grc' dir='ltr'><strong>τοῦ</strong></span> <span class='ocrx_word' id='word_1_216' title='bbox 459 1549 536 1590; x_wconf 76' lang='grc' dir='ltr'>ἔργου</span> <span class='ocrx_word' id='word_1_217' title='bbox 566 1551 613 1587; x_wconf 84' lang='grc' dir='ltr'><strong>τῆς</strong></span> <span class='ocrx_word' id='word_1_218' title='bbox 635 1550 768 1584; x_wconf 73' lang='grc' dir='ltr'>διακονίας</span> <span class='ocrx_word' id='word_1_219' title='bbox 791 1551 825 1580; x_wconf 85' lang='grc' dir='ltr'>δι’</span> 
     </span>
    </p>
   </div>
   <div class='ocr_carea' id='block_1_33' title="bbox 33 1605 128 1628">
    <p class='ocr_par' dir='ltr' id='par_1_33' title="bbox 33 1605 128 1628">
     <span class='ocr_line' id='line_1_33' title="bbox 33 1605 128 1628; baseline 0.021 -7"><span class='ocrx_word' id='word_1_220' title='bbox 33 1605 128 1628; x_wconf 79' lang='grc' dir='ltr'>αυτους.</span> 
     </span>
    </p>
   </div>
   <div class='ocr_carea' id='block_1_34' title="bbox 68 1639 827 1680">
    <p class='ocr_par' dir='ltr' id='par_1_34' title="bbox 68 1639 827 1680">
     <span class='ocr_line' id='line_1_34' title="bbox 68 1639 827 1680; baseline 0.001 -11"><span class='ocrx_word' id='word_1_221' title='bbox 68 1653 80 1665; x_wconf 80' lang='grc' dir='ltr'><strong>ι</strong></span> <span class='ocrx_word' id='word_1_222' title='bbox 102 1640 149 1673; x_wconf 81' lang='grc' dir='ltr'>Εἰς</span> <span class='ocrx_word' id='word_1_223' title='bbox 173 1639 210 1669; x_wconf 75' lang='grc' dir='ltr'><strong>τὸ</strong></span> <span class='ocrx_word' id='word_1_224' title='bbox 232 1639 354 1680; x_wconf 78' lang='grc' dir='ltr'>στηρίξαι</span> <span class='ocrx_word' id='word_1_225' title='bbox 380 1641 449 1678; x_wconf 73' lang='grc' dir='ltr'>ὑμᾶς</span> <span class='ocrx_word' id='word_1_226' title='bbox 477 1639 522 1669; x_wconf 81' lang='grc' dir='ltr'>καὶ</span> <span class='ocrx_word' id='word_1_227' title='bbox 547 1639 737 1680; x_wconf 68' lang='grc' dir='ltr'>παρακαλέσαι</span> <span class='ocrx_word' id='word_1_228' title='bbox 759 1642 827 1679; x_wconf 75' lang='grc' dir='ltr'>ὑμᾶς</span> 
     </span>
    </p>
   </div>
   <div class='ocr_carea' id='block_1_35' title="bbox 33 1683 827 1724">
    <p class='ocr_par' dir='ltr' id='par_1_35' title="bbox 33 1683 827 1724">
     <span class='ocr_line' id='line_1_35' title="bbox 33 1683 827 1724; baseline 0.004 -12"><span class='ocrx_word' id='word_1_229' title='bbox 33 1684 89 1723; x_wconf 79' lang='grc' dir='ltr'>περὶ</span> <span class='ocrx_word' id='word_1_230' title='bbox 107 1685 153 1720; x_wconf 80' lang='grc' dir='ltr'><strong>τῆς</strong></span> <span class='ocrx_word' id='word_1_231' title='bbox 177 1683 295 1717; x_wconf 79' lang='grc' dir='ltr'>πίστεως</span> <span class='ocrx_word' id='word_1_232' title='bbox 321 1685 406 1722; x_wconf 70' lang='grc' dir='ltr'>ὑμῶν.</span> <span class='ocrx_word' id='word_1_233' title='bbox 425 1697 436 1710; x_wconf 77' lang='grc' dir='ltr'>ι</span> <span class='ocrx_word' id='word_1_234' title='bbox 460 1683 573 1721; x_wconf 80' lang='grc' dir='ltr'>Ἐπειδὴ</span> <span class='ocrx_word' id='word_1_235' title='bbox 594 1683 646 1724; x_wconf 75' lang='grc' dir='ltr'><strong>γὰρ</strong></span> <span class='ocrx_word' id='word_1_236' title='bbox 671 1685 827 1715; x_wconf 78' lang='grc' dir='ltr'>ἐσαλεύοντο</span> 
     </span>
    </p>
   </div>
   <div class='ocr_carea' id='block_1_36' title="bbox 35 1727 826 1770">
    <p class='ocr_par' dir='ltr' id='par_1_36' title="bbox 35 1727 826 1770">
     <span class='ocr_line' id='line_1_36' title="bbox 35 1727 826 1770; baseline 0.003 -13"><span class='ocrx_word' id='word_1_237' title='bbox 35 1727 74 1757; x_wconf 77' lang='grc' dir='ltr'>ἐπὶ</span> <span class='ocrx_word' id='word_1_238' title='bbox 87 1729 123 1769; x_wconf 72' lang='grc' dir='ltr'><strong>τῷ</strong></span> <span class='ocrx_word' id='word_1_239' title='bbox 145 1728 320 1768; x_wconf 76' lang='grc' dir='ltr'>πειράζεσθαι</span> <span class='ocrx_word' id='word_1_240' title='bbox 344 1728 389 1758; x_wconf 83' lang='grc' dir='ltr'><strong>τὸν</strong></span> <span class='ocrx_word' id='word_1_241' title='bbox 411 1728 589 1763; x_wconf 77' lang='grc' dir='ltr'>διδάσκαλον,</span> <span class='ocrx_word' id='word_1_242' title='bbox 609 1728 710 1759; x_wconf 75' lang='grc' dir='ltr'>ἕδέοντο</span> <span class='ocrx_word' id='word_1_243' title='bbox 734 1741 826 1770; x_wconf 82' lang='grc' dir='ltr'>στηρι-</span> 
     </span>
    </p>
   </div>
   <div class='ocr_carea' id='block_1_37' title="bbox 33 1772 825 1813">
    <p class='ocr_par' dir='ltr' id='par_1_37' title="bbox 33 1772 825 1813">
     <span class='ocr_line' id='line_1_37' title="bbox 33 1772 825 1813; baseline 0.003 -12"><span class='ocrx_word' id='word_1_244' title='bbox 33 1775 96 1810; x_wconf 75' lang='grc' dir='ltr'>γμοῦ</span> <span class='ocrx_word' id='word_1_245' title='bbox 118 1773 164 1802; x_wconf 79' lang='grc' dir='ltr'><strong>καὶ</strong></span> <span class='ocrx_word' id='word_1_246' title='bbox 178 1773 386 1813; x_wconf 81' lang='grc' dir='ltr'>παρακλήσεως,</span> <span class='ocrx_word' id='word_1_247' title='bbox 403 1774 438 1806; x_wconf 81' lang='grc' dir='ltr'><strong>ὡς</strong></span> <span class='ocrx_word' id='word_1_248' title='bbox 461 1772 494 1802; x_wconf 81' lang='grc' dir='ltr'><strong>ἂν</strong></span> <span class='ocrx_word' id='word_1_249' title='bbox 509 1772 547 1811; x_wconf 85' lang='grc' dir='ltr'><strong>μὴ</strong></span> <span class='ocrx_word' id='word_1_250' title='bbox 567 1773 699 1803; x_wconf 73' lang='grc' dir='ltr'>ικπέσωσι</span> <span class='ocrx_word' id='word_1_251' title='bbox 713 1775 761 1810; x_wconf 83' lang='grc' dir='ltr'><strong>τῆς</strong></span> <span class='ocrx_word' id='word_1_252' title='bbox 779 1774 825 1803; x_wconf 88' lang='grc' dir='ltr'>πί-</span> 
     </span>
    </p>
   </div>
   <div class='ocr_carea' id='block_1_38' title="bbox 34 1817 826 1858">
    <p class='ocr_par' dir='ltr' id='par_1_38' title="bbox 34 1817 826 1858">
     <span class='ocr_line' id='line_1_38' title="bbox 34 1817 826 1858; baseline 0.003 -12"><span class='ocrx_word' id='word_1_253' title='bbox 34 1827 118 1849; x_wconf 82' lang='grc' dir='ltr'>στεως.</span> <span class='ocrx_word' id='word_1_254' title='bbox 134 1819 175 1847; x_wconf 82' lang='grc' dir='ltr'><strong>Οὐ</strong></span> <span class='ocrx_word' id='word_1_255' title='bbox 199 1817 292 1857; x_wconf 78' lang='grc' dir='ltr'>μικρὸς</span> <span class='ocrx_word' id='word_1_256' title='bbox 305 1817 357 1858; x_wconf 79' lang='grc' dir='ltr'><strong>γὰρ</strong></span> <span class='ocrx_word' id='word_1_257' title='bbox 372 1817 483 1858; x_wconf 80' lang='grc' dir='ltr'>θόρυϐος</span> <span class='ocrx_word' id='word_1_258' title='bbox 503 1821 557 1851; x_wconf 86' lang='grc' dir='ltr'>τοῖς</span> <span class='ocrx_word' id='word_1_259' title='bbox 579 1819 711 1856; x_wconf 82' lang='grc' dir='ltr'>μαθηταῖς</span> <span class='ocrx_word' id='word_1_260' title='bbox 734 1819 758 1848; x_wconf 74' lang='grc' dir='ltr'>οἱ</span> <span class='ocrx_word' id='word_1_261' title='bbox 779 1821 826 1849; x_wconf 74' lang='grc' dir='ltr'><strong>τοῦ</strong></span> 
     </span>
    </p>
   </div>
   <div class='ocr_carea' id='block_1_39' title="bbox 35 1861 825 1903">
    <p class='ocr_par' dir='ltr' id='par_1_39' title="bbox 35 1861 825 1903">
     <span class='ocr_line' id='line_1_39' title="bbox 35 1861 825 1903; baseline 0.004 -13"><span class='ocrx_word' id='word_1_262' title='bbox 35 1861 188 1892; x_wconf 74' lang='grc' dir='ltr'>διδασκάλου</span> <span class='ocrx_word' id='word_1_263' title='bbox 215 1862 371 1901; x_wconf 72' lang='grc' dir='ltr'>πειρασμοὶ,</span> <span class='ocrx_word' id='word_1_264' title='bbox 401 1864 436 1897; x_wconf 82' lang='grc' dir='ltr'>ὥς</span> <span class='ocrx_word' id='word_1_265' title='bbox 462 1862 509 1892; x_wconf 74' lang='grc' dir='ltr'><strong>καὶ</strong></span> <span class='ocrx_word' id='word_1_266' title='bbox 534 1862 711 1903; x_wconf 81' lang='grc' dir='ltr'>στρατιώταις</span> <span class='ocrx_word' id='word_1_267' title='bbox 732 1863 761 1893; x_wconf 80' lang='grc' dir='ltr'><strong>τὸ</strong></span> <span class='ocrx_word' id='word_1_268' title='bbox 780 1863 825 1893; x_wconf 86' lang='grc' dir='ltr'><strong>τὸν</strong></span> 
     </span>
    </p>
   </div>
   <div class='ocr_carea' id='block_1_40' title="bbox 34 1907 334 1947">
    <p class='ocr_par' dir='ltr' id='par_1_40' title="bbox 34 1907 334 1947">
     <span class='ocr_line' id='line_1_40' title="bbox 34 1907 334 1947; baseline 0.01 -14"><span class='ocrx_word' id='word_1_269' title='bbox 34 1907 176 1946; x_wconf 85' lang='grc' dir='ltr'>στρατηγὸν</span> <span class='ocrx_word' id='word_1_270' title='bbox 190 1909 334 1947; x_wconf 76' lang='grc' dir='ltr'>τρωθῆναι.</span> 
     </span>
    </p>
   </div>
   <div class='ocr_carea' id='block_1_41' title="bbox 69 1951 823 1992">
    <p class='ocr_par' dir='ltr' id='par_1_41' title="bbox 69 1951 823 1992">
     <span class='ocr_line' id='line_1_41' title="bbox 69 1951 823 1992; baseline 0.003 -11"><span class='ocrx_word' id='word_1_271' title='bbox 69 1963 81 1977; x_wconf 71' lang='grc' dir='ltr'><strong>α</strong></span> <span class='ocrx_word' id='word_1_272' title='bbox 105 1952 154 1992; x_wconf 82' lang='grc' dir='ltr'><strong>Τῷ</strong></span> <span class='ocrx_word' id='word_1_273' title='bbox 169 1951 271 1991; x_wconf 76' lang='grc' dir='ltr'>μηδένα</span> <span class='ocrx_word' id='word_1_274' title='bbox 295 1951 432 1982; x_wconf 83' lang='grc' dir='ltr'>σαίνεσθαι</span> <span class='ocrx_word' id='word_1_275' title='bbox 455 1952 481 1981; x_wconf 76' lang='grc' dir='ltr'>ἓν</span> <span class='ocrx_word' id='word_1_276' title='bbox 496 1951 522 1972; x_wconf 75' lang='grc'><strong>⁴⁵</strong></span> <span class='ocrx_word' id='word_1_277' title='bbox 543 1951 646 1992; x_wconf 80' lang='grc' dir='ltr'>θλίψεσι</span> <span class='ocrx_word' id='word_1_278' title='bbox 670 1953 787 1988; x_wconf 82' lang='grc' dir='ltr'>ταύταις.</span> <span class='ocrx_word' id='word_1_279' title='bbox 812 1967 823 1980; x_wconf 76' lang='grc' dir='ltr'><strong>ι</strong></span> 
     </span>
    </p>
   </div>
   <div class='ocr_carea' id='block_1_42' title="bbox 33 1993 824 2038">
    <p class='ocr_par' dir='ltr' id='par_1_42' title="bbox 33 1993 824 2038">
     <span class='ocr_line' id='line_1_42' title="bbox 33 1993 824 2038; baseline 0.005 -14"><span class='ocrx_word' id='word_1_280' title='bbox 33 1993 187 2034; x_wconf 85' lang='grc' dir='ltr'>Ἑρμηνεύει</span> <span class='ocrx_word' id='word_1_281' title='bbox 201 1999 264 2033; x_wconf 86' lang='grc' dir='ltr'>ν’ὖν,</span> <span class='ocrx_word' id='word_1_282' title='bbox 279 1995 303 2026; x_wconf 83' lang='grc' dir='ltr'><strong>τί</strong></span> <span class='ocrx_word' id='word_1_283' title='bbox 319 1996 429 2035; x_wconf 71' lang='grc' dir='ltr'>ἔμελλεν</span> <span class='ocrx_word' id='word_1_284' title='bbox 445 1995 539 2030; x_wconf 83' lang='grc' dir='ltr'>αὐτοὺς</span> <span class='ocrx_word' id='word_1_285' title='bbox 559 1996 697 2038; x_wconf 80' lang='grc' dir='ltr'>ὠφελῆσαι</span> <span class='ocrx_word' id='word_1_286' title='bbox 717 2000 731 2028; x_wconf 83' lang='grc' dir='ltr'><strong>ὁ</strong></span> <span class='ocrx_word' id='word_1_287' title='bbox 751 1998 824 2038; x_wconf 81' lang='grc' dir='ltr'>παρὰ</span> 
     </span>
    </p>
   </div>
   <div class='ocr_carea' id='block_1_43' title="bbox 33 2040 824 2083">
    <p class='ocr_par' dir='ltr' id='par_1_43' title="bbox 33 2040 824 2083">
     <span class='ocr_line' id='line_1_43' title="bbox 33 2040 824 2083; baseline 0.005 -15"><span class='ocrx_word' id='word_1_288' title='bbox 33 2042 74 2069; x_wconf 83' lang='grc' dir='ltr'>τοῦ</span> <span class='ocrx_word' id='word_1_289' title='bbox 82 2040 107 2069; x_wconf 84' lang='grc' dir='ltr'>Τ</span> <span class='ocrx_word' id='word_1_290' title='bbox 109 2041 213 2077; x_wconf 78' lang='grc' dir='ltr'>ιμοθίου</span> <span class='ocrx_word' id='word_1_291' title='bbox 228 2041 387 2082; x_wconf 85' lang='grc' dir='ltr'>στηριγμός·</span> <span class='ocrx_word' id='word_1_292' title='bbox 401 2041 448 2071; x_wconf 84' lang='grc' dir='ltr'><strong>καί</strong></span> <span class='ocrx_word' id='word_1_293' title='bbox 461 2053 557 2083; x_wconf 81' lang='grc' dir='ltr'>φησιν,</span> <span class='ocrx_word' id='word_1_294' title='bbox 574 2041 614 2072; x_wconf 79' lang='grc' dir='ltr'><strong>ὅτι</strong></span> <span class='ocrx_word' id='word_1_295' title='bbox 626 2041 674 2078; x_wconf 81' lang='grc' dir='ltr'><strong>τὺ,</strong></span> <span class='ocrx_word' id='word_1_296' title='bbox 690 2043 824 2079; x_wconf 74' lang='grc' dir='ltr'>«Μηδένα</span> 
     </span>
    </p>
   </div>
   <div class='ocr_carea' id='block_1_44' title="bbox 33 2083 823 2127">
    <p class='ocr_par' dir='ltr' id='par_1_44' title="bbox 33 2083 823 2127">
     <span class='ocr_line' id='line_1_44' title="bbox 33 2083 823 2127; baseline 0.005 -15"><span class='ocrx_word' id='word_1_297' title='bbox 33 2083 177 2122; x_wconf 81' lang='grc' dir='ltr'>σαίνεσθαι,</span> <span class='ocrx_word' id='word_1_298' title='bbox 198 2097 213 2115; x_wconf 79' lang='grc' dir='ltr'>ι)</span> <span class='ocrx_word' id='word_1_299' title='bbox 236 2086 357 2116; x_wconf 72' lang='grc' dir='ltr'>τουτέστι</span> <span class='ocrx_word' id='word_1_300' title='bbox 382 2085 571 2127; x_wconf 76' lang='grc' dir='ltr'>θορυϐεῖσθαι,</span> <span class='ocrx_word' id='word_1_301' title='bbox 602 2088 765 2126; x_wconf 74' lang='grc' dir='ltr'>χαυνοῦσθαι</span> <span class='ocrx_word' id='word_1_302' title='bbox 797 2089 823 2117; x_wconf 74' lang='grc' dir='ltr'>ἐν</span> 
     </span>
    </p>
   </div>
   <div class='ocr_carea' id='block_1_45' title="bbox 33 2129 822 2172">
    <p class='ocr_par' dir='ltr' id='par_1_45' title="bbox 33 2129 822 2172">
     <span class='ocr_line' id='line_1_45' title="bbox 33 2129 822 2172; baseline 0.001 -11"><span class='ocrx_word' id='word_1_303' title='bbox 33 2132 81 2161; x_wconf 77' lang='grc' dir='ltr'>τοῖς</span> <span class='ocrx_word' id='word_1_304' title='bbox 94 2129 166 2168; x_wconf 76' lang='grc' dir='ltr'>ἐμοῖς</span> <span class='ocrx_word' id='word_1_305' title='bbox 183 2131 353 2171; x_wconf 82' lang='grc' dir='ltr'>πειρασμοῖς.</span> <span class='ocrx_word' id='word_1_306' title='bbox 368 2130 404 2161; x_wconf 90' lang='grc' dir='ltr'>Ὁ</span> <span class='ocrx_word' id='word_1_307' title='bbox 425 2130 478 2170; x_wconf 77' lang='grc' dir='ltr'><strong>γὰρ</strong></span> <span class='ocrx_word' id='word_1_308' title='bbox 502 2130 626 2165; x_wconf 77' lang='grc' dir='ltr'>διάϐολος</span> <span class='ocrx_word' id='word_1_309' title='bbox 637 2131 745 2161; x_wconf 76' lang='grc' dir='ltr'>ἐπειδὰν</span> <span class='ocrx_word' id='word_1_310' title='bbox 758 2132 822 2172; x_wconf 75' lang='grc' dir='ltr'>εὕρῃ</span> 
     </span>
    </p>
   </div>
   <div class='ocr_carea' id='block_1_46' title="bbox 33 2173 822 2216">
    <p class='ocr_par' dir='ltr' id='par_1_46' title="bbox 33 2173 822 2216">
     <span class='ocr_line' id='line_1_46' title="bbox 33 2173 822 2216; baseline 0.006 -15"><span class='ocrx_word' id='word_1_311' title='bbox 33 2173 117 2213; x_wconf 83' lang='grc' dir='ltr'>καιρὸν</span> <span class='ocrx_word' id='word_1_312' title='bbox 141 2179 301 2216; x_wconf 77' lang='grc' dir='ltr'>πειρασμοῦ,</span> <span class='ocrx_word' id='word_1_313' title='bbox 319 2175 405 2205; x_wconf 86' lang='grc' dir='ltr'>σαίνει</span> <span class='ocrx_word' id='word_1_314' title='bbox 430 2175 490 2209; x_wconf 83' lang='grc' dir='ltr'>τοὺς</span> <span class='ocrx_word' id='word_1_315' title='bbox 518 2175 694 2216; x_wconf 72' lang='grc' dir='ltr'>ἀστηρίκτους</span> <span class='ocrx_word' id='word_1_316' title='bbox 755 2178 822 2206; x_wconf 77' lang='grc' dir='ltr'>ὕπο-</span> 
     </span>
    </p>
   </div>
   <div class='ocr_carea' id='block_1_47' title="bbox 33 2217 821 2257">
    <p class='ocr_par' dir='ltr' id='par_1_47' title="bbox 33 2217 821 2257">
     <span class='ocr_line' id='line_1_47' title="bbox 33 2217 821 2257; baseline 0.005 -10"><span class='ocrx_word' id='word_1_317' title='bbox 33 2217 120 2253; x_wconf 83' lang='grc' dir='ltr'>μνήσει</span> <span class='ocrx_word' id='word_1_318' title='bbox 142 2222 190 2256; x_wconf 60' lang='grc' dir='ltr'>ἧς</span> <span class='ocrx_word' id='word_1_319' title='bbox 216 2221 345 2257; x_wconf 77' lang='grc' dir='ltr'>ἀνέσεως,</span> <span class='ocrx_word' id='word_1_320' title='bbox 369 2221 405 2254; x_wconf 85' lang='grc' dir='ltr'><strong>ὡς</strong></span> <span class='ocrx_word' id='word_1_321' title='bbox 427 2219 460 2249; x_wconf 77' lang='grc' dir='ltr'>ἄν</span> <span class='ocrx_word' id='word_1_322' title='bbox 487 2219 685 2256; x_wconf 80' lang='grc' dir='ltr'>ἀποπηδήσωσι</span> <span class='ocrx_word' id='word_1_323' title='bbox 705 2224 752 2251; x_wconf 79' lang='grc' dir='ltr'>τοῦ</span> <span class='ocrx_word' id='word_1_324' title='bbox 775 2223 821 2251; x_wconf 88' lang='grc' dir='ltr'>λυ-</span> 
     </span>
    </p>
   </div>
   <div class='ocr_carea' id='block_1_48' title="bbox 31 2264 821 2306">
    <p class='ocr_par' dir='ltr' id='par_1_48' title="bbox 31 2264 821 2306">
     <span class='ocr_line' id='line_1_48' title="bbox 31 2264 821 2306; baseline 0.003 -12"><span class='ocrx_word' id='word_1_325' title='bbox 31 2264 142 2296; x_wconf 71' lang='grc' dir='ltr'>ποῦντος.</span> <span class='ocrx_word' id='word_1_326' title='bbox 154 2265 230 2306; x_wconf 54' lang='grc' dir='ltr'>’ξίνὲς</span> <span class='ocrx_word' id='word_1_327' title='bbox 245 2264 272 2294; x_wconf 76' lang='grc' dir='ltr'>δὲ</span> <span class='ocrx_word' id='word_1_328' title='bbox 282 2265 328 2302; x_wconf 79' lang='grc' dir='ltr'><strong>τὸ,</strong></span> <span class='ocrx_word' id='word_1_329' title='bbox 344 2278 357 2291; x_wconf 75' lang='grc' dir='ltr'>ι</span> <span class='ocrx_word' id='word_1_330' title='bbox 371 2264 524 2301; x_wconf 72' lang='grc' dir='ltr'>Σικίνεσθαι,</span> <span class='ocrx_word' id='word_1_331' title='bbox 538 2277 551 2291; x_wconf 71' lang='grc' dir='ltr'><strong><em>ι</em></strong></span> <span class='ocrx_word' id='word_1_332' title='bbox 566 2265 625 2294; x_wconf 75' lang='grc' dir='ltr'>ἀντὶ</span> <span class='ocrx_word' id='word_1_333' title='bbox 639 2267 685 2294; x_wconf 79' lang='grc' dir='ltr'><strong>τοῦ</strong></span> <span class='ocrx_word' id='word_1_334' title='bbox 696 2288 705 2301; x_wconf 92' lang='grc'><strong>,</strong></span> <span class='ocrx_word' id='word_1_335' title='bbox 721 2266 821 2306; x_wconf 81' lang='grc' dir='ltr'>ταράσ-</span> 
     </span>
    </p>
   </div>
   <div class='ocr_carea' id='block_1_49' title="bbox 33 2304 821 2349">
    <p class='ocr_par' dir='ltr' id='par_1_49' title="bbox 33 2304 821 2349">
     <span class='ocr_line' id='line_1_49' title="bbox 33 2304 821 2349; baseline 0.008 -15"><span class='ocrx_word' id='word_1_336' title='bbox 33 2308 128 2343; x_wconf 76' lang='grc' dir='ltr'>σεσθαι,</span> <span class='ocrx_word' id='word_1_337' title='bbox 146 2304 219 2339; x_wconf 79' lang='grc' dir='ltr'>εἶπον</span> <span class='ocrx_word' id='word_1_338' title='bbox 235 2312 362 2346; x_wconf 80' lang='grc' dir='ltr'>τεθῆναι,</span> <span class='ocrx_word' id='word_1_339' title='bbox 385 2310 416 2338; x_wconf 76' lang='grc' dir='ltr'>ἐκ</span> <span class='ocrx_word' id='word_1_340' title='bbox 431 2313 582 2349; x_wconf 73' lang='grc' dir='ltr'>μεταφορᾶς</span> <span class='ocrx_word' id='word_1_341' title='bbox 596 2311 649 2339; x_wconf 78' lang='grc' dir='ltr'><strong>τῶν</strong></span> <span class='ocrx_word' id='word_1_342' title='bbox 664 2311 748 2340; x_wconf 75' lang='grc' dir='ltr'>κυνῶν</span> <span class='ocrx_word' id='word_1_343' title='bbox 759 2304 821 2341; x_wconf 34' lang='grc' dir='ltr'>’τῶν</span> 
     </span>
    </p>
   </div>
   <div class='ocr_carea' id='block_1_50' title="bbox 32 2349 592 2394">
    <p class='ocr_par' dir='ltr' id='par_1_50' title="bbox 32 2349 592 2394">
     <span class='ocr_line' id='line_1_50' title="bbox 32 2349 592 2394; baseline 0.002 -11"><span class='ocrx_word' id='word_1_344' title='bbox 32 2349 73 2383; x_wconf 70' lang='grc' dir='ltr'><strong>τὰς</strong></span> <span class='ocrx_word' id='word_1_345' title='bbox 91 2352 166 2392; x_wconf 77' lang='grc' dir='ltr'>οὐρὰς</span> <span class='ocrx_word' id='word_1_346' title='bbox 179 2353 367 2394; x_wconf 86' lang='grc' dir='ltr'>ταρασσόντων</span> <span class='ocrx_word' id='word_1_347' title='bbox 380 2354 406 2382; x_wconf 72' lang='grc' dir='ltr'>ἕν</span> <span class='ocrx_word' id='word_1_348' title='bbox 428 2355 466 2393; x_wconf 84' lang='grc' dir='ltr'><strong>τῷ</strong></span> <span class='ocrx_word' id='word_1_349' title='bbox 481 2353 592 2384; x_wconf 87' lang='grc' dir='ltr'>σαίνειν.</span> 
     </span>
    </p>
   </div>
   <div class='ocr_carea' id='block_1_51' title="bbox 69 2397 820 2439">
    <p class='ocr_par' dir='ltr' id='par_1_51' title="bbox 69 2397 820 2439">
     <span class='ocr_line' id='line_1_51' title="bbox 69 2397 820 2439; baseline 0.007 -15"><span class='ocrx_word' id='word_1_350' title='bbox 69 2408 80 2421; x_wconf 75' lang='grc' dir='ltr'><strong>ι</strong></span> <span class='ocrx_word' id='word_1_351' title='bbox 97 2397 175 2427; x_wconf 78' lang='grc' dir='ltr'>Αὐτοὶ</span> <span class='ocrx_word' id='word_1_352' title='bbox 189 2399 242 2439; x_wconf 77' lang='grc' dir='ltr'><strong>γὰρ</strong></span> <span class='ocrx_word' id='word_1_353' title='bbox 253 2398 353 2435; x_wconf 78' lang='grc' dir='ltr'>οἴδατε,</span> <span class='ocrx_word' id='word_1_354' title='bbox 370 2398 412 2428; x_wconf 80' lang='grc' dir='ltr'><strong>ὅτι</strong></span> <span class='ocrx_word' id='word_1_355' title='bbox 422 2399 459 2432; x_wconf 79' lang='grc' dir='ltr'>εἷς</span> <span class='ocrx_word' id='word_1_356' title='bbox 471 2400 550 2428; x_wconf 70' lang='grc' dir='ltr'>τοῦτο</span> <span class='ocrx_word' id='word_1_357' title='bbox 569 2398 710 2437; x_wconf 79' lang='grc' dir='ltr'>κείμεθα.ιι</span> <span class='ocrx_word' id='word_1_358' title='bbox 730 2399 820 2429; x_wconf 79' lang='grc' dir='ltr'>Ἀκού-</span> 
     </span>
    </p>
   </div>
   <div class='ocr_carea' id='block_1_52' title="bbox 34 2442 818 2484">
    <p class='ocr_par' dir='ltr' id='par_1_52' title="bbox 34 2442 818 2484">
     <span class='ocr_line' id='line_1_52' title="bbox 34 2442 818 2484; baseline 0.009 -17"><span class='ocrx_word' id='word_1_359' title='bbox 34 2449 126 2484; x_wconf 60' lang='lat' dir='ltr'><strong>eorum,</strong></span> <span class='ocrx_word' id='word_1_360' title='bbox 141 2442 180 2472; x_wconf 73' lang='grc' dir='ltr'>ὅτι</span> <span class='ocrx_word' id='word_1_361' title='bbox 194 2443 218 2473; x_wconf 76' lang='grc' dir='ltr'>οἱ</span> <span class='ocrx_word' id='word_1_362' title='bbox 238 2442 396 2484; x_wconf 84' lang='grc' dir='ltr'>Χριστιανοὶ</span> <span class='ocrx_word' id='word_1_363' title='bbox 412 2443 447 2477; x_wconf 75' lang='grc' dir='ltr'><strong>εἰς</strong></span> <span class='ocrx_word' id='word_1_364' title='bbox 461 2442 491 2472; x_wconf 81' lang='grc' dir='ltr'><strong>τὸ</strong></span> <span class='ocrx_word' id='word_1_365' title='bbox 505 2442 641 2473; x_wconf 82' lang='grc' dir='ltr'>θλίϐεσθαι</span> <span class='ocrx_word' id='word_1_366' title='bbox 654 2447 764 2474; x_wconf 83' lang='grc' dir='ltr'>κεῖνται·</span> <span class='ocrx_word' id='word_1_367' title='bbox 789 2445 818 2474; x_wconf 82' lang='grc' dir='ltr'>οὗ</span> 
     </span>
    </p>
   </div>
   <div class='ocr_carea' id='block_1_53' title="bbox 35 2481 819 2526">
    <p class='ocr_par' dir='ltr' id='par_1_53' title="bbox 35 2481 819 2526">
     <span class='ocr_line' id='line_1_53' title="bbox 35 2481 819 2526; baseline 0.005 -12"><span class='ocrx_word' id='word_1_368' title='bbox 35 2481 80 2526; x_wconf 53' lang='grc' dir='ltr'>γὲρ</span> <span class='ocrx_word' id='word_1_369' title='bbox 101 2486 160 2526; x_wconf 80' lang='grc' dir='ltr'>περὶ</span> <span class='ocrx_word' id='word_1_370' title='bbox 184 2490 237 2518; x_wconf 80' lang='grc' dir='ltr'><strong>τῶν</strong></span> <span class='ocrx_word' id='word_1_371' title='bbox 256 2481 410 2518; x_wconf 59' lang='grc' dir='ltr'>ἀποστόλων</span> <span class='ocrx_word' id='word_1_372' title='bbox 433 2487 520 2526; x_wconf 88' lang='grc' dir='ltr'>μόνων</span> <span class='ocrx_word' id='word_1_373' title='bbox 544 2490 642 2518; x_wconf 77' lang='grc' dir='ltr'>ταῦτα.</span> <span class='ocrx_word' id='word_1_374' title='bbox 674 2489 721 2521; x_wconf 79' lang='grc' dir='ltr'>Εἰς</span> <span class='ocrx_word' id='word_1_375' title='bbox 743 2491 819 2518; x_wconf 81' lang='grc' dir='ltr'>τοῦτο</span> 
     </span>
    </p>
   </div>
   <div class='ocr_carea' id='block_1_54' title="bbox 35 2522 818 2571">
    <p class='ocr_par' dir='ltr' id='par_1_54' title="bbox 35 2522 818 2571">
     <span class='ocr_line' id='line_1_54' title="bbox 35 2522 818 2571; baseline 0.008 -15"><span class='ocrx_word' id='word_1_376' title='bbox 35 2522 74 2555; x_wconf 70' lang='grc' dir='ltr'><strong>οὖν</strong></span> <span class='ocrx_word' id='word_1_377' title='bbox 92 2528 116 2548; x_wconf 75' lang='grc'><strong>⁴⁰</strong></span> <span class='ocrx_word' id='word_1_378' title='bbox 130 2522 263 2571; x_wconf 72' lang='grc' dir='ltr'>ταγίντες,</span> <span class='ocrx_word' id='word_1_379' title='bbox 290 2532 315 2562; x_wconf 80' lang='grc' dir='ltr'><strong>τί</strong></span> <span class='ocrx_word' id='word_1_380' title='bbox 329 2532 420 2562; x_wconf 78' lang='grc' dir='ltr'>καινὸν</span> <span class='ocrx_word' id='word_1_381' title='bbox 433 2522 472 2562; x_wconf 41' lang='grc' dir='ltr'><strong>ἐἰ</strong></span> <span class='ocrx_word' id='word_1_382' title='bbox 496 2532 657 2571; x_wconf 73' lang='grc' dir='ltr'>θλιϐόμεθα;</span> <span class='ocrx_word' id='word_1_383' title='bbox 680 2531 765 2562; x_wconf 60' lang='lat' dir='ltr'><strong>&quot;non</strong></span> <span class='ocrx_word' id='word_1_384' title='bbox 789 2534 818 2563; x_wconf 83' lang='grc' dir='ltr'>οὗ</span> 
     </span>
    </p>
   </div>
   <div class='ocr_carea' id='block_1_55' title="bbox 37 2571 821 2618">
    <p class='ocr_par' dir='ltr' id='par_1_55' title="bbox 37 2571 821 2618">
     <span class='ocr_line' id='line_1_55' title="bbox 37 2571 821 2618; baseline 0.009 -18"><span class='ocrx_word' id='word_1_385' title='bbox 37 2571 108 2618; x_wconf 72' lang='grc' dir='ltr'>μόνον</span> <span class='ocrx_word' id='word_1_386' title='bbox 125 2575 167 2604; x_wconf 79' lang='grc' dir='ltr'>ἐπὶ</span> <span class='ocrx_word' id='word_1_387' title='bbox 184 2581 237 2611; x_wconf 86' lang='grc' dir='ltr'>τοῖς</span> <span class='ocrx_word' id='word_1_388' title='bbox 251 2578 413 2617; x_wconf 71' lang='grc' dir='ltr'>παρελθοῦσι</span> <span class='ocrx_word' id='word_1_389' title='bbox 435 2578 595 2617; x_wconf 80' lang='grc' dir='ltr'>πειρασμοῖς</span> <span class='ocrx_word' id='word_1_390' title='bbox 612 2577 760 2618; x_wconf 75' lang='grc' dir='ltr'>ἀταράχους</span> <span class='ocrx_word' id='word_1_391' title='bbox 782 2579 821 2607; x_wconf 85' lang='grc' dir='ltr'><strong>δεῖ</strong></span> 
     </span>
    </p>
   </div>
   <div class='ocr_carea' id='block_1_56' title="bbox 38 2615 821 2663">
    <p class='ocr_par' dir='ltr' id='par_1_56' title="bbox 38 2615 821 2663">
     <span class='ocr_line' id='line_1_56' title="bbox 38 2615 821 2663; baseline 0.01 -18"><span class='ocrx_word' id='word_1_392' title='bbox 38 2615 117 2663; x_wconf 62' lang='grc' dir='ltr'>μένειν</span> <span class='ocrx_word' id='word_1_393' title='bbox 129 2622 198 2658; x_wconf 75' lang='grc' dir='ltr'>ἡμᾶς</span> <span class='ocrx_word' id='word_1_394' title='bbox 207 2644 215 2658; x_wconf 91' lang='grc'><strong>,</strong></span> <span class='ocrx_word' id='word_1_395' title='bbox 235 2615 306 2651; x_wconf 67' lang='grc' dir='ltr'>ἄλλα</span> <span class='ocrx_word' id='word_1_396' title='bbox 319 2621 365 2651; x_wconf 79' lang='grc' dir='ltr'><strong>καὶ</strong></span> <span class='ocrx_word' id='word_1_397' title='bbox 379 2621 423 2652; x_wconf 76' lang='grc' dir='ltr'><strong>ἐπὶ</strong></span> <span class='ocrx_word' id='word_1_398' title='bbox 436 2615 490 2655; x_wconf 76' lang='grc' dir='ltr'>τοῖς</span> <span class='ocrx_word' id='word_1_399' title='bbox 512 2621 651 2661; x_wconf 83' lang='grc' dir='ltr'>μέλλουσι·</span> <span class='ocrx_word' id='word_1_400' title='bbox 665 2615 747 2652; x_wconf 60' lang='grc' dir='ltr'><strong>⁷τοῖέτο</strong></span> <span class='ocrx_word' id='word_1_401' title='bbox 769 2622 821 2663; x_wconf 74' lang='grc' dir='ltr'><strong>γὰρ</strong></span> 
     </span>
    </p>
   </div>
   <div class='ocr_carea' id='block_1_57' title="bbox 37 2661 268 2705">
    <p class='ocr_par' dir='ltr' id='par_1_57' title="bbox 37 2661 268 2705">
     <span class='ocr_line' id='line_1_57' title="bbox 37 2661 268 2705; baseline 0.009 -11"><span class='ocrx_word' id='word_1_402' title='bbox 37 2661 94 2698; x_wconf 72' lang='grc' dir='ltr'>ἡμῖν</span> <span class='ocrx_word' id='word_1_403' title='bbox 109 2665 268 2705; x_wconf 77' lang='grc' dir='ltr'>οἰκειότερον.</span> 
     </span>
    </p>
   </div>
   <div class='ocr_carea' id='block_1_58' title="bbox 75 2707 822 2752">
    <p class='ocr_par' dir='ltr' id='par_1_58' title="bbox 75 2707 822 2752">
     <span class='ocr_line' id='line_1_58' title="bbox 75 2707 822 2752; baseline 0.003 -13"><span class='ocrx_word' id='word_1_404' title='bbox 75 2717 89 2733; x_wconf 70' lang='grc' dir='ltr'><strong>ε</strong></span> <span class='ocrx_word' id='word_1_405' title='bbox 117 2709 169 2752; x_wconf 72' lang='grc' dir='ltr'><strong>Καὶ</strong></span> <span class='ocrx_word' id='word_1_406' title='bbox 191 2711 242 2752; x_wconf 81' lang='grc' dir='ltr'><strong>γὰρ</strong></span> <span class='ocrx_word' id='word_1_407' title='bbox 272 2711 316 2741; x_wconf 80' lang='grc' dir='ltr'>ὅτε</span> <span class='ocrx_word' id='word_1_408' title='bbox 342 2711 406 2752; x_wconf 81' lang='grc' dir='ltr'>πρὸς</span> <span class='ocrx_word' id='word_1_409' title='bbox 435 2713 505 2751; x_wconf 76' lang='grc' dir='ltr'>ὑμᾶς</span> <span class='ocrx_word' id='word_1_410' title='bbox 533 2707 612 2750; x_wconf 70' lang='grc' dir='ltr'>ἦμεν,</span> <span class='ocrx_word' id='word_1_411' title='bbox 643 2711 822 2752; x_wconf 80' lang='grc' dir='ltr'>προελέγομεν</span> 
     </span>
    </p>
   </div>
   <div class='ocr_carea' id='block_1_59' title="bbox 40 2748 822 2796">
    <p class='ocr_par' dir='ltr' id='par_1_59' title="bbox 40 2748 822 2796">
     <span class='ocr_line' id='line_1_59' title="bbox 40 2748 822 2796; baseline 0 -10"><span class='ocrx_word' id='word_1_412' title='bbox 40 2748 93 2786; x_wconf 62' lang='grc' dir='ltr'><strong>δμῖν</strong></span> <span class='ocrx_word' id='word_1_413' title='bbox 116 2751 154 2782; x_wconf 75' lang='grc' dir='ltr'>δτι</span> <span class='ocrx_word' id='word_1_414' title='bbox 180 2748 309 2795; x_wconf 65' lang='grc' dir='ltr'>μέλλομεν</span> <span class='ocrx_word' id='word_1_415' title='bbox 336 2748 487 2794; x_wconf 67' lang='grc' dir='ltr'>θλίϐεσθαι,</span> <span class='ocrx_word' id='word_1_416' title='bbox 511 2748 596 2790; x_wconf 80' lang='grc' dir='ltr'>καθὼς</span> <span class='ocrx_word' id='word_1_417' title='bbox 628 2748 674 2786; x_wconf 67' lang='grc' dir='ltr'><strong>καί</strong></span> <span class='ocrx_word' id='word_1_418' title='bbox 703 2748 822 2796; x_wconf 71' lang='grc' dir='ltr'>ὶγένετο,</span> 
     </span>
    </p>
   </div>
   <div class='ocr_carea' id='block_1_60' title="bbox 836 2204 861 2237">
    <p class='ocr_par' dir='ltr' id='par_1_60' title="bbox 836 2204 861 2237">
     <span class='ocr_line' id='line_1_60' title="bbox 836 2204 861 2237; baseline 0 0"><span class='ocrx_word' id='word_1_419' title='bbox 836 2204 861 2237; x_wconf 88' lang='lat' dir='ltr'><strong>D</strong></span> 
     </span>
    </p>
   </div>
   <div class='ocr_carea' id='block_1_61' title="bbox 847 905 871 938">
    <p class='ocr_par' dir='ltr' id='par_1_61' title="bbox 847 905 871 938">
     <span class='ocr_line' id='line_1_61' title="bbox 847 905 871 938; baseline 0 0"><span class='ocrx_word' id='word_1_420' title='bbox 847 905 871 938; x_wconf 88' lang='grc' dir='ltr'><strong>Β</strong></span> 
     </span>
    </p>
   </div>
   <div class='ocr_carea' id='block_1_62' title="bbox 844 1585 866 1617">
    <p class='ocr_par' dir='ltr' id='par_1_62' title="bbox 844 1585 866 1617">
     <span class='ocr_line' id='line_1_62' title="bbox 844 1585 866 1617; baseline 0 0"><span class='ocrx_word' id='word_1_421' title='bbox 844 1585 866 1617; x_wconf 89' lang='lat' dir='ltr'><strong><em>C</em></strong></span> 
     </span>
    </p>
   </div>
   <div class='ocr_carea' id='block_1_63' title="bbox 890 296 1682 334">
    <p class='ocr_par' dir='ltr' id='par_1_63' title="bbox 890 296 1682 334">
     <span class='ocr_line' id='line_1_63' title="bbox 890 296 1682 334; baseline 0.005 -12"><span class='ocrx_word' id='word_1_422' title='bbox 890 298 949 331; x_wconf 86' lang='lat' dir='ltr'><strong>pter</strong></span> <span class='ocrx_word' id='word_1_423' title='bbox 970 303 1019 323; x_wconf 90' lang='lat' dir='ltr'><strong>vos</strong></span> <span class='ocrx_word' id='word_1_424' title='bbox 1033 296 1118 330; x_wconf 87' lang='lat' dir='ltr'><strong>enim,</strong></span> <span class='ocrx_word' id='word_1_425' title='bbox 1137 296 1236 332; x_wconf 81' lang='lat' dir='ltr'><strong>inquit,</strong></span> <span class='ocrx_word' id='word_1_426' title='bbox 1255 305 1345 333; x_wconf 84' lang='lat' dir='ltr'><strong>spero,</strong></span> <span class='ocrx_word' id='word_1_427' title='bbox 1361 296 1436 333; x_wconf 89' lang='lat' dir='ltr'><strong>quod</strong></span> <span class='ocrx_word' id='word_1_428' title='bbox 1458 298 1592 334; x_wconf 79' lang='lat' dir='ltr'><strong>majorem</strong></span> <span class='ocrx_word' id='word_1_429' title='bbox 1612 297 1682 326; x_wconf 80' lang='lat' dir='ltr'><strong>ﬁdu-</strong></span> 
     </span>
    </p>
   </div>
   <div class='ocr_carea' id='block_1_64' title="bbox 888 339 1682 379">
    <p class='ocr_par' dir='ltr' id='par_1_64' title="bbox 888 339 1682 379">
     <span class='ocr_line' id='line_1_64' title="bbox 888 339 1682 379; baseline 0.005 -12"><span class='ocrx_word' id='word_1_430' title='bbox 888 339 960 368; x_wconf 83' lang='lat' dir='ltr'><strong>ciam</strong></span> <span class='ocrx_word' id='word_1_431' title='bbox 990 344 1019 368; x_wconf 86' lang='lat' dir='ltr'><strong>et</strong></span> <span class='ocrx_word' id='word_1_432' title='bbox 1039 340 1193 369; x_wconf 84' lang='lat' dir='ltr'><strong>libertatem</strong></span> <span class='ocrx_word' id='word_1_433' title='bbox 1224 343 1364 370; x_wconf 73' lang='lat' dir='ltr'><strong>nanciscor</strong></span> <span class='ocrx_word' id='word_1_434' title='bbox 1390 342 1471 371; x_wconf 82' lang='lat' dir='ltr'><strong>vestri</strong></span> <span class='ocrx_word' id='word_1_435' title='bbox 1498 351 1582 371; x_wconf 88' lang='lat' dir='ltr'><strong>causa</strong></span> <span class='ocrx_word' id='word_1_436' title='bbox 1609 342 1682 379; x_wconf 87' lang='lat' dir='ltr'><strong>apud</strong></span> 
     </span>
    </p>
   </div>
   <div class='ocr_carea' id='block_1_65' title="bbox 889 385 1683 424">
    <p class='ocr_par' dir='ltr' id='par_1_65' title="bbox 889 385 1683 424">
     <span class='ocr_line' id='line_1_65' title="bbox 889 385 1683 424; baseline 0.004 -12"><span class='ocrx_word' id='word_1_437' title='bbox 889 385 1038 420; x_wconf 83' lang='lat' dir='ltr'><strong>Christum,</strong></span> <span class='ocrx_word' id='word_1_438' title='bbox 1060 389 1142 422; x_wconf 85' lang='lat' dir='ltr'><strong>atque</strong></span> <span class='ocrx_word' id='word_1_439' title='bbox 1163 386 1199 414; x_wconf 91' lang='lat' dir='ltr'><strong>ob</strong></span> <span class='ocrx_word' id='word_1_440' title='bbox 1219 394 1281 414; x_wconf 86' lang='lat' dir='ltr'><strong>eam</strong></span> <span class='ocrx_word' id='word_1_441' title='bbox 1295 394 1407 415; x_wconf 81' lang='lat' dir='ltr'><strong>causam</strong></span> <span class='ocrx_word' id='word_1_442' title='bbox 1428 387 1514 422; x_wconf 70' lang='lat' dir='ltr'><strong>laetor,</strong></span> <span class='ocrx_word' id='word_1_443' title='bbox 1531 387 1605 424; x_wconf 88' lang='lat' dir='ltr'><strong>quod</strong></span> <span class='ocrx_word' id='word_1_444' title='bbox 1621 387 1683 416; x_wconf 86' lang='lat' dir='ltr'><strong>sitis</strong></span> 
     </span>
    </p>
   </div>
   <div class='ocr_carea' id='block_1_66' title="bbox 889 430 1683 468">
    <p class='ocr_par' dir='ltr' id='par_1_66' title="bbox 889 430 1683 468">
     <span class='ocr_line' id='line_1_66' title="bbox 889 430 1683 468; baseline 0.004 -11"><span class='ocrx_word' id='word_1_445' title='bbox 889 437 991 458; x_wconf 87' lang='lat' dir='ltr'><strong>corona</strong></span> <span class='ocrx_word' id='word_1_446' title='bbox 1006 430 1086 463; x_wconf 86' lang='lat' dir='ltr'><strong>mihi,</strong></span> <span class='ocrx_word' id='word_1_447' title='bbox 1102 434 1129 458; x_wconf 90' lang='lat' dir='ltr'><strong>et</strong></span> <span class='ocrx_word' id='word_1_448' title='bbox 1147 439 1247 459; x_wconf 81' lang='lat' dir='ltr'><strong>corona</strong></span> <span class='ocrx_word' id='word_1_449' title='bbox 1268 431 1445 468; x_wconf 85' lang='lat' dir='ltr'><strong>gloriationis,</strong></span> <span class='ocrx_word' id='word_1_450' title='bbox 1461 431 1513 460; x_wconf 92' lang='lat' dir='ltr'><strong>hoc</strong></span> <span class='ocrx_word' id='word_1_451' title='bbox 1531 436 1573 460; x_wconf 86' lang='lat' dir='ltr'><strong>cst</strong></span> <span class='ocrx_word' id='word_1_452' title='bbox 1592 432 1683 468; x_wconf 88' lang='lat' dir='ltr'><strong>splen-</strong></span> 
     </span>
    </p>
   </div>
   <div class='ocr_carea' id='block_1_67' title="bbox 888 473 1681 513">
    <p class='ocr_par' dir='ltr' id='par_1_67' title="bbox 888 473 1681 513">
     <span class='ocr_line' id='line_1_67' title="bbox 888 473 1681 513; baseline 0.004 -11"><span class='ocrx_word' id='word_1_453' title='bbox 888 473 962 503; x_wconf 70' lang='lat' dir='ltr'><strong>dida:</strong></span> <span class='ocrx_word' id='word_1_454' title='bbox 971 475 1076 511; x_wconf 69' lang='lat' dir='ltr'><strong>gloriae,</strong></span> <span class='ocrx_word' id='word_1_455' title='bbox 1090 479 1118 503; x_wconf 91' lang='lat' dir='ltr'><strong>et</strong></span> <span class='ocrx_word' id='word_1_456' title='bbox 1130 475 1175 504; x_wconf 90' lang='lat' dir='ltr'><strong>hic</strong></span> <span class='ocrx_word' id='word_1_457' title='bbox 1187 475 1253 504; x_wconf 89' lang='lat' dir='ltr'><strong>estis</strong></span> <span class='ocrx_word' id='word_1_458' title='bbox 1259 476 1318 512; x_wconf 90' lang='lat' dir='ltr'><strong>jam</strong></span> <span class='ocrx_word' id='word_1_459' title='bbox 1327 484 1410 510; x_wconf 88' lang='lat' dir='ltr'><strong>nunc,</strong></span> <span class='ocrx_word' id='word_1_460' title='bbox 1420 476 1549 513; x_wconf 86' lang='lat' dir='ltr'><strong>eritisque</strong></span> <span class='ocrx_word' id='word_1_461' title='bbox 1559 476 1681 512; x_wconf 79' lang='lat' dir='ltr'><strong>posthac.</strong></span> 
     </span>
    </p>
   </div>
   <div class='ocr_carea' id='block_1_68' title="bbox 922 520 1680 553">
    <p class='ocr_par' dir='ltr' id='par_1_68' title="bbox 922 520 1680 553">
     <span class='ocr_line' id='line_1_68' title="bbox 922 520 1680 553; baseline 0.003 -6"><span class='ocrx_word' id='word_1_462' title='bbox 922 520 1016 547; x_wconf 80' lang='lat' dir='ltr'><strong><em>Nonne</em></strong></span> <span class='ocrx_word' id='word_1_463' title='bbox 1034 522 1059 548; x_wconf 79' lang='lat' dir='ltr'><strong>et</strong></span> <span class='ocrx_word' id='word_1_464' title='bbox 1075 528 1121 548; x_wconf 84' lang='lat' dir='ltr'><strong>vos</strong></span> <span class='ocrx_word' id='word_1_465' title='bbox 1136 528 1226 548; x_wconf 86' lang='lat' dir='ltr'><strong>coram</strong></span> <span class='ocrx_word' id='word_1_466' title='bbox 1242 522 1354 548; x_wconf 88' lang='lat' dir='ltr'><strong>Domino</strong></span> <span class='ocrx_word' id='word_1_467' title='bbox 1371 523 1462 548; x_wconf 86' lang='lat' dir='ltr'><strong>nostro</strong></span> <span class='ocrx_word' id='word_1_468' title='bbox 1476 523 1539 549; x_wconf 85' lang='lat' dir='ltr'><strong>Jcsu</strong></span> <span class='ocrx_word' id='word_1_469' title='bbox 1562 522 1680 553; x_wconf 75' lang='lat' dir='ltr'><strong>Christo,</strong></span> 
     </span>
    </p>
   </div>
   <div class='ocr_carea' id='block_1_69' title="bbox 888 565 1684 602">
    <p class='ocr_par' dir='ltr' id='par_1_69' title="bbox 888 565 1684 602">
     <span class='ocr_line' id='line_1_69' title="bbox 888 565 1684 602; baseline 0.004 -11"><span class='ocrx_word' id='word_1_470' title='bbox 888 565 916 591; x_wconf 81' lang='lat' dir='ltr'><strong>in</strong></span> <span class='ocrx_word' id='word_1_471' title='bbox 941 565 1059 592; x_wconf 77' lang='lat' dir='ltr'><strong>advmtu</strong></span> <span class='ocrx_word' id='word_1_472' title='bbox 1082 566 1188 600; x_wconf 79' lang='lat' dir='ltr'><strong>ipsius?</strong></span> <span class='ocrx_word' id='word_1_473' title='bbox 1208 565 1282 602; x_wconf 87' lang='lat' dir='ltr'><strong>Quid</strong></span> <span class='ocrx_word' id='word_1_474' title='bbox 1306 566 1407 602; x_wconf 80' lang='lat' dir='ltr'><strong>igitur?</strong></span> <span class='ocrx_word' id='word_1_475' title='bbox 1425 566 1684 594; x_wconf 78' lang='lat' dir='ltr'><strong>Thessalonicenses</strong></span> 
     </span>
    </p>
   </div>
   <div class='ocr_carea' id='block_1_70' title="bbox 891 610 1684 644">
    <p class='ocr_par' dir='ltr' id='par_1_70' title="bbox 891 610 1684 644">
     <span class='ocr_line' id='line_1_70' title="bbox 891 610 1684 644; baseline 0.004 -8"><span class='ocrx_word' id='word_1_476' title='bbox 891 616 953 644; x_wconf 86' lang='lat' dir='ltr'><strong>spes</strong></span> <span class='ocrx_word' id='word_1_477' title='bbox 973 613 1020 637; x_wconf 90' lang='lat' dir='ltr'><strong>tua</strong></span> <span class='ocrx_word' id='word_1_478' title='bbox 1042 614 1115 643; x_wconf 84' lang='lat' dir='ltr'><strong>sunt,</strong></span> <span class='ocrx_word' id='word_1_479' title='bbox 1138 610 1218 638; x_wconf 83' lang='lat' dir='ltr'><strong>beate</strong></span> <span class='ocrx_word' id='word_1_480' title='bbox 1241 611 1340 639; x_wconf 80' lang='lat' dir='ltr'><strong>Paule?</strong></span> <span class='ocrx_word' id='word_1_481' title='bbox 1362 612 1425 639; x_wconf 88' lang='lat' dir='ltr'><strong>Non</strong></span> <span class='ocrx_word' id='word_1_482' title='bbox 1447 610 1491 639; x_wconf 85' lang='lat' dir='ltr'><strong>isti</strong></span> <span class='ocrx_word' id='word_1_483' title='bbox 1513 611 1563 639; x_wconf 89' lang='lat' dir='ltr'><strong>soli</strong></span> <span class='ocrx_word' id='word_1_484' title='bbox 1593 620 1601 639; x_wconf 85' lang='lat'><strong>:</strong></span> <span class='ocrx_word' id='word_1_485' title='bbox 1623 610 1684 639; x_wconf 86' lang='lat' dir='ltr'><strong>ideo</strong></span> 
     </span>
    </p>
   </div>
   <div class='ocr_carea' id='block_1_71' title="bbox 890 654 1596 691">
    <p class='ocr_par' dir='ltr' id='par_1_71' title="bbox 890 654 1596 691">
     <span class='ocr_line' id='line_1_71' title="bbox 890 654 1596 691; baseline 0.003 -10"><span class='ocrx_word' id='word_1_486' title='bbox 890 654 999 689; x_wconf 74' lang='lat' dir='ltr'><strong>adjecit,</strong></span> <span class='ocrx_word' id='word_1_487' title='bbox 1017 656 1050 682; x_wconf 82' lang='lat' dir='ltr'><strong>Et</strong></span> <span class='ocrx_word' id='word_1_488' title='bbox 1065 663 1120 687; x_wconf 72' lang='lat' dir='ltr'><strong>vos,</strong></span> <span class='ocrx_word' id='word_1_489' title='bbox 1136 655 1282 684; x_wconf 86' lang='lat' dir='ltr'><strong>ostendens</strong></span> <span class='ocrx_word' id='word_1_490' title='bbox 1300 655 1373 691; x_wconf 91' lang='lat' dir='ltr'><strong>quod</strong></span> <span class='ocrx_word' id='word_1_491' title='bbox 1387 660 1415 684; x_wconf 89' lang='lat' dir='ltr'><strong>et</strong></span> <span class='ocrx_word' id='word_1_492' title='bbox 1428 656 1473 684; x_wconf 83' lang='lat' dir='ltr'><strong>alii</strong></span> <span class='ocrx_word' id='word_1_493' title='bbox 1486 656 1596 684; x_wconf 83' lang='lat' dir='ltr'><strong>fuerint.</strong></span> 
     </span>
    </p>
   </div>
   <div class='ocr_carea' id='block_1_72' title="bbox 926 745 1684 781">
    <p class='ocr_par' dir='ltr' id='par_1_72' title="bbox 926 745 1684 781">
     <span class='ocr_line' id='line_1_72' title="bbox 926 745 1684 781; baseline 0.004 -10"><span class='ocrx_word' id='word_1_494' title='bbox 926 745 977 772; x_wconf 86' lang='lat' dir='ltr'><strong>Vos</strong></span> <span class='ocrx_word' id='word_1_495' title='bbox 997 746 1067 772; x_wconf 82' lang='lat' dir='ltr'><strong>enim</strong></span> <span class='ocrx_word' id='word_1_496' title='bbox 1086 747 1149 773; x_wconf 84' lang='lat' dir='ltr'><strong>estis</strong></span> <span class='ocrx_word' id='word_1_497' title='bbox 1163 746 1251 780; x_wconf 78' lang='lat' dir='ltr'><strong>gloria</strong></span> <span class='ocrx_word' id='word_1_498' title='bbox 1265 748 1358 774; x_wconf 79' lang='lat' dir='ltr'><strong>nostra</strong></span> <span class='ocrx_word' id='word_1_499' title='bbox 1374 748 1399 773; x_wconf 88' lang='lat' dir='ltr'><strong>et</strong></span> <span class='ocrx_word' id='word_1_500' title='bbox 1413 746 1554 779; x_wconf 76' lang='lat' dir='ltr'><strong>gaudium.</strong></span> <span class='ocrx_word' id='word_1_501' title='bbox 1575 747 1684 781; x_wconf 86' lang='lat' dir='ltr'><strong>Quanta</strong></span> 
     </span>
    </p>
   </div>
   <div class='ocr_carea' id='block_1_73' title="bbox 886 789 1684 825">
    <p class='ocr_par' dir='ltr' id='par_1_73' title="bbox 886 789 1684 825">
     <span class='ocr_line' id='line_1_73' title="bbox 886 789 1684 825; baseline 0.005 -9"><span class='ocrx_word' id='word_1_502' title='bbox 886 789 958 817; x_wconf 84' lang='lat' dir='ltr'><strong>enim</strong></span> <span class='ocrx_word' id='word_1_503' title='bbox 973 793 1014 817; x_wconf 85' lang='lat' dir='ltr'><strong>est</strong></span> <span class='ocrx_word' id='word_1_504' title='bbox 1026 790 1112 825; x_wconf 80' lang='lat' dir='ltr'><strong>gloria</strong></span> <span class='ocrx_word' id='word_1_505' title='bbox 1123 810 1131 824; x_wconf 89' lang='lat'><strong>,</strong></span> <span class='ocrx_word' id='word_1_506' title='bbox 1146 794 1252 819; x_wconf 85' lang='lat' dir='ltr'><strong>tantam</strong></span> <span class='ocrx_word' id='word_1_507' title='bbox 1269 794 1297 819; x_wconf 87' lang='lat' dir='ltr'><strong>et</strong></span> <span class='ocrx_word' id='word_1_508' title='bbox 1311 795 1368 819; x_wconf 85' lang='lat' dir='ltr'><strong>tam</strong></span> <span class='ocrx_word' id='word_1_509' title='bbox 1383 790 1518 820; x_wconf 84' lang='lat' dir='ltr'><strong>celebrem</strong></span> <span class='ocrx_word' id='word_1_510' title='bbox 1534 791 1684 820; x_wconf 73' lang='lat' dir='ltr'><strong>Ecclesium</strong></span> 
     </span>
    </p>
   </div>
   <div class='ocr_carea' id='block_1_74' title="bbox 886 832 1156 864">
    <p class='ocr_par' dir='ltr' id='par_1_74' title="bbox 886 832 1156 864">
     <span class='ocr_line' id='line_1_74' title="bbox 886 832 1156 864; baseline 0.007 -3"><span class='ocrx_word' id='word_1_511' title='bbox 886 832 1020 862; x_wconf 84' lang='lat' dir='ltr'><strong>adducere</strong></span> <span class='ocrx_word' id='word_1_512' title='bbox 1033 834 1156 864; x_wconf 78' lang='lat' dir='ltr'><strong>Christo!</strong></span> 
     </span>
    </p>
   </div>
   <div class='ocr_carea' id='block_1_75' title="bbox 1140 900 1432 937">
    <p class='ocr_par' dir='ltr' id='par_1_75' title="bbox 1140 900 1432 937">
     <span class='ocr_line' id='line_1_75' title="bbox 1140 900 1432 937; baseline 0 -8"><span class='ocrx_word' id='word_1_513' title='bbox 1140 900 1222 937; x_wconf 84' lang='lat'><strong>513</strong></span> <span class='ocrx_word' id='word_1_514' title='bbox 1242 901 1365 930; x_wconf 82' lang='lat' dir='ltr'><strong>CAPUT</strong></span> <span class='ocrx_word' id='word_1_515' title='bbox 1384 902 1432 929; x_wconf 87' lang='lat' dir='ltr'><strong>III.</strong></span> 
     </span>
    </p>
   </div>
   <div class='ocr_carea' id='block_1_76' title="bbox 922 977 1681 1014">
    <p class='ocr_par' dir='ltr' id='par_1_76' title="bbox 922 977 1681 1014">
     <span class='ocr_line' id='line_1_76' title="bbox 922 977 1681 1014; baseline 0.003 -10"><span class='ocrx_word' id='word_1_516' title='bbox 922 977 1012 1005; x_wconf 69' lang='lat' dir='ltr'><strong>Vens.</strong></span> <span class='ocrx_word' id='word_1_517' title='bbox 1037 981 1061 1005; x_wconf 89' lang='grc'><strong>1.</strong></span> <span class='ocrx_word' id='word_1_518' title='bbox 1078 978 1190 1013; x_wconf 74' lang='lat' dir='ltr'><strong>Propter</strong></span> <span class='ocrx_word' id='word_1_519' title='bbox 1211 979 1284 1014; x_wconf 83' lang='lat' dir='ltr'><strong>quod</strong></span> <span class='ocrx_word' id='word_1_520' title='bbox 1305 986 1358 1006; x_wconf 83' lang='lat' dir='ltr'><strong>non</strong></span> <span class='ocrx_word' id='word_1_521' title='bbox 1372 980 1534 1006; x_wconf 78' lang='lat' dir='ltr'><strong>sustinentes</strong></span> <span class='ocrx_word' id='word_1_522' title='bbox 1553 979 1681 1014; x_wconf 76' lang='lat' dir='ltr'><strong>amplius,</strong></span> 
     </span>
    </p>
   </div>
   <div class='ocr_carea' id='block_1_77' title="bbox 883 1021 1680 1060">
    <p class='ocr_par' dir='ltr' id='par_1_77' title="bbox 883 1021 1680 1060">
     <span class='ocr_line' id='line_1_77' title="bbox 883 1021 1680 1060; baseline 0.005 -12"><span class='ocrx_word' id='word_1_523' title='bbox 883 1021 1057 1056; x_wconf 80' lang='lat' dir='ltr'><strong>probavimus</strong></span> <span class='ocrx_word' id='word_1_524' title='bbox 1074 1023 1194 1058; x_wconf 74' lang='lat' dir='ltr'><strong>relinqui</strong></span> <span class='ocrx_word' id='word_1_525' title='bbox 1212 1024 1327 1052; x_wconf 78' lang='lat' dir='ltr'><strong>Athenis</strong></span> <span class='ocrx_word' id='word_1_526' title='bbox 1341 1024 1400 1051; x_wconf 83' lang='lat' dir='ltr'><strong>soli.</strong></span> <span class='ocrx_word' id='word_1_527' title='bbox 1422 1023 1453 1052; x_wconf 85' lang='lat' dir='ltr'><strong>ld</strong></span> <span class='ocrx_word' id='word_1_528' title='bbox 1468 1027 1519 1058; x_wconf 77' lang='lat' dir='ltr'><strong>est,</strong></span> <span class='ocrx_word' id='word_1_529' title='bbox 1537 1023 1680 1060; x_wconf 72' lang='lat' dir='ltr'><strong>elegimus,</strong></span> 
     </span>
    </p>
   </div>
   <div class='ocr_carea' id='block_1_78' title="bbox 885 1066 1164 1102">
    <p class='ocr_par' dir='ltr' id='par_1_78' title="bbox 885 1066 1164 1102">
     <span class='ocr_line' id='line_1_78' title="bbox 885 1066 1164 1102; baseline 0.004 -9"><span class='ocrx_word' id='word_1_530' title='bbox 885 1070 966 1102; x_wconf 79' lang='lat' dir='ltr'><strong>atque</strong></span> <span class='ocrx_word' id='word_1_531' title='bbox 981 1066 1164 1096; x_wconf 85' lang='lat' dir='ltr'><strong>decrevimus.</strong></span> 
     </span>
    </p>
   </div>
   <div class='ocr_carea' id='block_1_79' title="bbox 921 1112 1679 1148">
    <p class='ocr_par' dir='ltr' id='par_1_79' title="bbox 921 1112 1679 1148">
     <span class='ocr_line' id='line_1_79' title="bbox 921 1112 1679 1148; baseline 0.005 -10"><span class='ocrx_word' id='word_1_532' title='bbox 921 1112 1008 1140; x_wconf 73' lang='lat' dir='ltr'><strong>Vans.</strong></span> <span class='ocrx_word' id='word_1_533' title='bbox 1024 1114 1050 1139; x_wconf 75' lang='grc'><strong>2.</strong></span> <span class='ocrx_word' id='word_1_534' title='bbox 1067 1115 1103 1140; x_wconf 84' lang='lat' dir='ltr'><strong>Et</strong></span> <span class='ocrx_word' id='word_1_535' title='bbox 1111 1114 1233 1141; x_wconf 81' lang='lat' dir='ltr'><strong>misimus</strong></span> <span class='ocrx_word' id='word_1_536' title='bbox 1245 1114 1410 1141; x_wconf 78' lang='lat' dir='ltr'><strong>Timotheum</strong></span> <span class='ocrx_word' id='word_1_537' title='bbox 1418 1115 1534 1148; x_wconf 76' lang='lat' dir='ltr'><strong>fratrem</strong></span> <span class='ocrx_word' id='word_1_538' title='bbox 1544 1116 1679 1146; x_wconf 81' lang='lat' dir='ltr'><strong>nostrum,</strong></span> 
     </span>
    </p>
   </div>
   <div class='ocr_carea' id='block_1_80' title="bbox 885 1158 1680 1194">
    <p class='ocr_par' dir='ltr' id='par_1_80' title="bbox 885 1158 1680 1194">
     <span class='ocr_line' id='line_1_80' title="bbox 885 1158 1680 1194; baseline 0.005 -11"><span class='ocrx_word' id='word_1_539' title='bbox 885 1159 909 1183; x_wconf 74' lang='lat' dir='ltr'><strong>et</strong></span> <span class='ocrx_word' id='word_1_540' title='bbox 921 1158 1077 1185; x_wconf 84' lang='lat' dir='ltr'><strong>ministrum</strong></span> <span class='ocrx_word' id='word_1_541' title='bbox 1090 1159 1147 1189; x_wconf 82' lang='lat' dir='ltr'><strong>Dei,</strong></span> <span class='ocrx_word' id='word_1_542' title='bbox 1164 1161 1189 1186; x_wconf 83' lang='lat' dir='ltr'><strong>et</strong></span> <span class='ocrx_word' id='word_1_543' title='bbox 1201 1161 1396 1194; x_wconf 66' lang='lat' dir='ltr'><strong>cooperatore»:</strong></span> <span class='ocrx_word' id='word_1_544' title='bbox 1412 1163 1535 1187; x_wconf 81' lang='lat' dir='ltr'><strong>nostrum</strong></span> <span class='ocrx_word' id='word_1_545' title='bbox 1549 1161 1577 1187; x_wconf 77' lang='lat' dir='ltr'><strong>in</strong></span> <span class='ocrx_word' id='word_1_546' title='bbox 1590 1161 1680 1188; x_wconf 84' lang='lat' dir='ltr'><strong>Evan-</strong></span> 
     </span>
    </p>
   </div>
   <div class='ocr_carea' id='block_1_81' title="bbox 883 1201 1678 1240">
    <p class='ocr_par' dir='ltr' id='par_1_81' title="bbox 883 1201 1678 1240">
     <span class='ocr_line' id='line_1_81' title="bbox 883 1201 1678 1240; baseline 0.006 -13"><span class='ocrx_word' id='word_1_547' title='bbox 883 1201 952 1234; x_wconf 81' lang='lat' dir='ltr'><strong>gelia</strong></span> <span class='ocrx_word' id='word_1_548' title='bbox 978 1202 1088 1230; x_wconf 80' lang='lat' dir='ltr'><strong>Christi.</strong></span> <span class='ocrx_word' id='word_1_549' title='bbox 1115 1202 1215 1231; x_wconf 85' lang='lat' dir='ltr'><strong>Sancto</strong></span> <span class='ocrx_word' id='word_1_550' title='bbox 1239 1203 1282 1231; x_wconf 83' lang='lat' dir='ltr'><strong>isti</strong></span> <span class='ocrx_word' id='word_1_551' title='bbox 1307 1207 1382 1231; x_wconf 82' lang='lat' dir='ltr'><strong>tanta</strong></span> <span class='ocrx_word' id='word_1_552' title='bbox 1407 1203 1461 1232; x_wconf 82' lang='lat' dir='ltr'><strong>fuit</strong></span> <span class='ocrx_word' id='word_1_553' title='bbox 1483 1204 1678 1240; x_wconf 86' lang='lat' dir='ltr'><strong>discipulorum</strong></span> 
     </span>
    </p>
   </div>
   <div class='ocr_carea' id='block_1_82' title="bbox 883 1247 1681 1284">
    <p class='ocr_par' dir='ltr' id='par_1_82' title="bbox 883 1247 1681 1284">
     <span class='ocr_line' id='line_1_82' title="bbox 883 1247 1681 1284; baseline 0.006 -12"><span class='ocrx_word' id='word_1_554' title='bbox 883 1253 959 1279; x_wconf 86' lang='lat' dir='ltr'><strong>cura,</strong></span> <span class='ocrx_word' id='word_1_555' title='bbox 987 1250 1017 1274; x_wconf 89' lang='lat' dir='ltr'><strong>ut</strong></span> <span class='ocrx_word' id='word_1_556' title='bbox 1040 1247 1063 1274; x_wconf 89' lang='lat' dir='ltr'><strong>si</strong></span> <span class='ocrx_word' id='word_1_557' title='bbox 1087 1247 1199 1283; x_wconf 87' lang='lat' dir='ltr'><strong>quando</strong></span> <span class='ocrx_word' id='word_1_558' title='bbox 1231 1248 1288 1284; x_wconf 89' lang='lat' dir='ltr'><strong>ipse</strong></span> <span class='ocrx_word' id='word_1_559' title='bbox 1320 1248 1497 1284; x_wconf 85' lang='lat' dir='ltr'><strong>impediretur</strong></span> <span class='ocrx_word' id='word_1_560' title='bbox 1519 1250 1681 1278; x_wconf 73' lang='lat' dir='ltr'><strong>necessariis</strong></span> 
     </span>
    </p>
   </div>
   <div class='ocr_carea' id='block_1_83' title="bbox 883 1290 1679 1330">
    <p class='ocr_par' dir='ltr' id='par_1_83' title="bbox 883 1290 1679 1330">
     <span class='ocr_line' id='line_1_83' title="bbox 883 1290 1679 1330; baseline 0.005 -12"><span class='ocrx_word' id='word_1_561' title='bbox 883 1290 1049 1326; x_wconf 85' lang='lat' dir='ltr'><strong>quibusdam</strong></span> <span class='ocrx_word' id='word_1_562' title='bbox 1062 1292 1161 1326; x_wconf 85' lang='lat' dir='ltr'><strong>causis,</strong></span> <span class='ocrx_word' id='word_1_563' title='bbox 1176 1292 1244 1320; x_wconf 84' lang='lat' dir='ltr'><strong>alios</strong></span> <span class='ocrx_word' id='word_1_564' title='bbox 1263 1297 1358 1321; x_wconf 86' lang='lat' dir='ltr'><strong>tamen</strong></span> <span class='ocrx_word' id='word_1_565' title='bbox 1379 1294 1512 1327; x_wconf 79' lang='lat' dir='ltr'><strong>mitteret.</strong></span> <span class='ocrx_word' id='word_1_566' title='bbox 1529 1294 1573 1330; x_wconf 90' lang='lat' dir='ltr'><strong>qui</strong></span> <span class='ocrx_word' id='word_1_567' title='bbox 1595 1294 1679 1322; x_wconf 87' lang='lat' dir='ltr'><strong>disci-</strong></span> 
     </span>
    </p>
   </div>
   <div class='ocr_carea' id='block_1_84' title="bbox 884 1335 1679 1373">
    <p class='ocr_par' dir='ltr' id='par_1_84' title="bbox 884 1335 1679 1373">
     <span class='ocr_line' id='line_1_84' title="bbox 884 1335 1679 1373; baseline 0.006 -11"><span class='ocrx_word' id='word_1_568' title='bbox 884 1335 963 1370; x_wconf 92' lang='lat' dir='ltr'><strong>pulos</strong></span> <span class='ocrx_word' id='word_1_569' title='bbox 983 1335 1134 1364; x_wconf 88' lang='lat' dir='ltr'><strong>inviserent</strong></span> <span class='ocrx_word' id='word_1_570' title='bbox 1147 1346 1154 1365; x_wconf 87' lang='lat'><strong>:</strong></span> <span class='ocrx_word' id='word_1_571' title='bbox 1171 1336 1224 1365; x_wconf 88' lang='lat' dir='ltr'><strong>hoc</strong></span> <span class='ocrx_word' id='word_1_572' title='bbox 1236 1341 1295 1365; x_wconf 91' lang='lat' dir='ltr'><strong>tum</strong></span> <span class='ocrx_word' id='word_1_573' title='bbox 1307 1338 1390 1366; x_wconf 87' lang='lat' dir='ltr'><strong>etiam</strong></span> <span class='ocrx_word' id='word_1_574' title='bbox 1405 1337 1477 1373; x_wconf 77' lang='lat' dir='ltr'><strong>fecit,</strong></span> <span class='ocrx_word' id='word_1_575' title='bbox 1500 1338 1679 1367; x_wconf 86' lang='lat' dir='ltr'><strong>Timotheum</strong></span> 
     </span>
    </p>
   </div>
   <div class='ocr_carea' id='block_1_85' title="bbox 883 1379 1678 1419">
    <p class='ocr_par' dir='ltr' id='par_1_85' title="bbox 883 1379 1678 1419">
     <span class='ocr_line' id='line_1_85' title="bbox 883 1379 1678 1419; baseline 0.006 -12"><span class='ocrx_word' id='word_1_576' title='bbox 883 1379 1021 1416; x_wconf 82' lang='lat' dir='ltr'><strong>ablegans.</strong></span> <span class='ocrx_word' id='word_1_577' title='bbox 1037 1382 1079 1409; x_wconf 90' lang='lat' dir='ltr'><strong>De</strong></span> <span class='ocrx_word' id='word_1_578' title='bbox 1093 1389 1125 1410; x_wconf 87' lang='lat' dir='ltr'><strong>eo</strong></span> <span class='ocrx_word' id='word_1_579' title='bbox 1140 1385 1233 1410; x_wconf 86' lang='lat' dir='ltr'><strong>autem</strong></span> <span class='ocrx_word' id='word_1_580' title='bbox 1246 1386 1320 1410; x_wconf 82' lang='lat' dir='ltr'><strong>tanta</strong></span> <span class='ocrx_word' id='word_1_581' title='bbox 1339 1383 1463 1411; x_wconf 88' lang='lat' dir='ltr'><strong>encomia</strong></span> <span class='ocrx_word' id='word_1_582' title='bbox 1476 1383 1605 1419; x_wconf 86' lang='lat' dir='ltr'><strong>concinit,</strong></span> <span class='ocrx_word' id='word_1_583' title='bbox 1622 1392 1678 1412; x_wconf 88' lang='lat' dir='ltr'><strong>non</strong></span> 
     </span>
    </p>
   </div>
   <div class='ocr_carea' id='block_1_86' title="bbox 882 1425 1678 1464">
    <p class='ocr_par' dir='ltr' id='par_1_86' title="bbox 882 1425 1678 1464">
     <span class='ocr_line' id='line_1_86' title="bbox 882 1425 1678 1464; baseline 0.006 -12"><span class='ocrx_word' id='word_1_584' title='bbox 882 1427 990 1453; x_wconf 80' lang='lat' dir='ltr'><strong>tantum</strong></span> <span class='ocrx_word' id='word_1_585' title='bbox 1013 1425 1104 1461; x_wconf 85' lang='lat' dir='ltr'><strong>ipsum</strong></span> <span class='ocrx_word' id='word_1_586' title='bbox 1125 1427 1268 1461; x_wconf 81' lang='lat' dir='ltr'><strong>extollens,</strong></span> <span class='ocrx_word' id='word_1_587' title='bbox 1284 1431 1418 1463; x_wconf 87' lang='lat' dir='ltr'><strong>quantum</strong></span> <span class='ocrx_word' id='word_1_588' title='bbox 1433 1428 1507 1464; x_wconf 84' lang='lat' dir='ltr'><strong>ipsos</strong></span> <span class='ocrx_word' id='word_1_589' title='bbox 1529 1428 1678 1462; x_wconf 87' lang='lat' dir='ltr'><strong>honorans,</strong></span> 
     </span>
    </p>
   </div>
   <div class='ocr_carea' id='block_1_87' title="bbox 881 1469 1678 1509">
    <p class='ocr_par' dir='ltr' id='par_1_87' title="bbox 881 1469 1678 1509">
     <span class='ocr_line' id='line_1_87' title="bbox 881 1469 1678 1509; baseline 0.008 -13"><span class='ocrx_word' id='word_1_590' title='bbox 881 1469 1106 1506; x_wconf 86' lang='lat' dir='ltr'><strong>quandoquidem</strong></span> <span class='ocrx_word' id='word_1_591' title='bbox 1121 1479 1217 1500; x_wconf 88' lang='lat' dir='ltr'><strong>eorum</strong></span> <span class='ocrx_word' id='word_1_592' title='bbox 1229 1479 1312 1500; x_wconf 83' lang='lat' dir='ltr'><strong>causa</strong></span> <span class='ocrx_word' id='word_1_593' title='bbox 1324 1476 1403 1500; x_wconf 89' lang='lat' dir='ltr'><strong>tanto</strong></span> <span class='ocrx_word' id='word_1_594' title='bbox 1413 1476 1539 1509; x_wconf 87' lang='lat' dir='ltr'><strong>tempore</strong></span> <span class='ocrx_word' id='word_1_595' title='bbox 1550 1473 1619 1501; x_wconf 78' lang='lat' dir='ltr'><strong>adeo</strong></span> <span class='ocrx_word' id='word_1_596' title='bbox 1629 1481 1678 1502; x_wconf 86' lang='lat' dir='ltr'><strong>ne-</strong></span> 
     </span>
    </p>
   </div>
   <div class='ocr_carea' id='block_1_88' title="bbox 882 1515 1677 1554">
    <p class='ocr_par' dir='ltr' id='par_1_88' title="bbox 882 1515 1677 1554">
     <span class='ocr_line' id='line_1_88' title="bbox 882 1515 1677 1554; baseline 0.005 -12"><span class='ocrx_word' id='word_1_597' title='bbox 882 1515 1031 1543; x_wconf 73' lang='lat' dir='ltr'><strong>cessarium</strong></span> <span class='ocrx_word' id='word_1_598' title='bbox 1050 1516 1186 1552; x_wconf 79' lang='lat' dir='ltr'><strong>Evangelii</strong></span> <span class='ocrx_word' id='word_1_599' title='bbox 1206 1521 1416 1553; x_wconf 81' lang='lat' dir='ltr'><strong>cooperatorem</strong></span> <span class='ocrx_word' id='word_1_600' title='bbox 1434 1517 1469 1546; x_wconf 90' lang='lat' dir='ltr'><strong>ab</strong></span> <span class='ocrx_word' id='word_1_601' title='bbox 1491 1525 1573 1554; x_wconf 88' lang='lat' dir='ltr'><strong>opere</strong></span> <span class='ocrx_word' id='word_1_602' title='bbox 1596 1518 1677 1546; x_wconf 88' lang='lat' dir='ltr'><strong>mini-</strong></span> 
     </span>
    </p>
   </div>
   <div class='ocr_carea' id='block_1_89' title="bbox 883 1559 1110 1589">
    <p class='ocr_par' dir='ltr' id='par_1_89' title="bbox 883 1559 1110 1589">
     <span class='ocr_line' id='line_1_89' title="bbox 883 1559 1110 1589; baseline 0.013 -3"><span class='ocrx_word' id='word_1_603' title='bbox 883 1559 958 1588; x_wconf 74' lang='lat' dir='ltr'><strong>sterii</strong></span> <span class='ocrx_word' id='word_1_604' title='bbox 971 1559 1110 1589; x_wconf 84' lang='lat' dir='ltr'><strong>avulserit.</strong></span> 
     </span>
    </p>
   </div>
   <div class='ocr_carea' id='block_1_90' title="bbox 916 1641 1676 1679">
    <p class='ocr_par' dir='ltr' id='par_1_90' title="bbox 916 1641 1676 1679">
     <span class='ocr_line' id='line_1_90' title="bbox 916 1641 1676 1679; baseline 0.005 -11"><span class='ocrx_word' id='word_1_605' title='bbox 916 1641 964 1668; x_wconf 79' lang='lat' dir='ltr'><strong>Ad</strong></span> <span class='ocrx_word' id='word_1_606' title='bbox 974 1643 1169 1676; x_wconf 68' lang='lat' dir='ltr'><strong>conﬁrmandos</strong></span> <span class='ocrx_word' id='word_1_607' title='bbox 1176 1650 1221 1670; x_wconf 77' lang='lat' dir='ltr'><strong>vos</strong></span> <span class='ocrx_word' id='word_1_608' title='bbox 1232 1645 1257 1671; x_wconf 90' lang='lat' dir='ltr'><strong>et</strong></span> <span class='ocrx_word' id='word_1_609' title='bbox 1264 1643 1445 1671; x_wconf 67' lang='lat' dir='ltr'><strong>exhortandos</strong></span> <span class='ocrx_word' id='word_1_610' title='bbox 1453 1651 1505 1679; x_wconf 82' lang='lat' dir='ltr'><strong>pro</strong></span> <span class='ocrx_word' id='word_1_611' title='bbox 1514 1644 1567 1679; x_wconf 77' lang='lat' dir='ltr'><strong>ﬁde</strong></span> <span class='ocrx_word' id='word_1_612' title='bbox 1575 1646 1676 1672; x_wconf 79' lang='lat' dir='ltr'><strong>uestra.</strong></span> 
     </span>
    </p>
   </div>
   <div class='ocr_carea' id='block_1_91' title="bbox 880 1684 1678 1725">
    <p class='ocr_par' dir='ltr' id='par_1_91' title="bbox 880 1684 1678 1725">
     <span class='ocr_line' id='line_1_91' title="bbox 880 1684 1678 1725; baseline 0.005 -12"><span class='ocrx_word' id='word_1_613' title='bbox 880 1684 950 1713; x_wconf 86' lang='lat' dir='ltr'><strong>Cum</strong></span> <span class='ocrx_word' id='word_1_614' title='bbox 968 1690 1181 1715; x_wconf 83' lang='lat' dir='ltr'><strong>concuterentur</strong></span> <span class='ocrx_word' id='word_1_615' title='bbox 1201 1687 1237 1716; x_wconf 92' lang='lat' dir='ltr'><strong>ob</strong></span> <span class='ocrx_word' id='word_1_616' title='bbox 1250 1687 1417 1716; x_wconf 85' lang='lat' dir='ltr'><strong>tentationes</strong></span> <span class='ocrx_word' id='word_1_617' title='bbox 1435 1689 1609 1725; x_wconf 60' lang='lat' dir='ltr'><strong>praceptoris</strong></span> <span class='ocrx_word' id='word_1_618' title='bbox 1623 1689 1678 1723; x_wconf 82' lang='lat' dir='ltr'><strong>sui,</strong></span> 
     </span>
    </p>
   </div>
   <div class='ocr_carea' id='block_1_92' title="bbox 881 1728 1678 1768">
    <p class='ocr_par' dir='ltr' id='par_1_92' title="bbox 881 1728 1678 1768">
     <span class='ocr_line' id='line_1_92' title="bbox 881 1728 1678 1768; baseline 0.005 -11"><span class='ocrx_word' id='word_1_619' title='bbox 881 1728 1040 1759; x_wconf 81' lang='lat' dir='ltr'><strong>fulcimento</strong></span> <span class='ocrx_word' id='word_1_620' title='bbox 1069 1735 1098 1760; x_wconf 89' lang='lat' dir='ltr'><strong>et</strong></span> <span class='ocrx_word' id='word_1_621' title='bbox 1119 1731 1310 1760; x_wconf 82' lang='lat' dir='ltr'><strong>exhortatione</strong></span> <span class='ocrx_word' id='word_1_622' title='bbox 1328 1732 1496 1768; x_wconf 70' lang='lat' dir='ltr'><strong>indigebant,</strong></span> <span class='ocrx_word' id='word_1_623' title='bbox 1519 1740 1554 1761; x_wconf 85' lang='lat' dir='ltr'><strong>ne</strong></span> <span class='ocrx_word' id='word_1_624' title='bbox 1584 1741 1599 1761; x_wconf 88' lang='lat' dir='ltr'><strong>a</strong></span> <span class='ocrx_word' id='word_1_625' title='bbox 1624 1733 1678 1762; x_wconf 77' lang='lat' dir='ltr'><strong>ﬁde</strong></span> 
     </span>
    </p>
   </div>
   <div class='ocr_carea' id='block_1_93' title="bbox 880 1774 1677 1813">
    <p class='ocr_par' dir='ltr' id='par_1_93' title="bbox 880 1774 1677 1813">
     <span class='ocr_line' id='line_1_93' title="bbox 880 1774 1677 1813; baseline 0.006 -12"><span class='ocrx_word' id='word_1_626' title='bbox 880 1774 1018 1803; x_wconf 81' lang='lat' dir='ltr'><strong>excidant.</strong></span> <span class='ocrx_word' id='word_1_627' title='bbox 1040 1776 1103 1804; x_wconf 88' lang='lat' dir='ltr'><strong>Non</strong></span> <span class='ocrx_word' id='word_1_628' title='bbox 1124 1776 1198 1804; x_wconf 87' lang='lat' dir='ltr'><strong>enim</strong></span> <span class='ocrx_word' id='word_1_629' title='bbox 1219 1776 1356 1805; x_wconf 77' lang='lat' dir='ltr'><strong>modicam</strong></span> <span class='ocrx_word' id='word_1_630' title='bbox 1377 1776 1517 1812; x_wconf 85' lang='lat' dir='ltr'><strong>discipulis</strong></span> <span class='ocrx_word' id='word_1_631' title='bbox 1535 1777 1677 1813; x_wconf 82' lang='lat' dir='ltr'><strong>perturba-</strong></span> 
     </span>
    </p>
   </div>
   <div class='ocr_carea' id='block_1_94' title="bbox 880 1818 1675 1858">
    <p class='ocr_par' dir='ltr' id='par_1_94' title="bbox 880 1818 1675 1858">
     <span class='ocr_line' id='line_1_94' title="bbox 880 1818 1675 1858; baseline 0.005 -12"><span class='ocrx_word' id='word_1_632' title='bbox 880 1818 984 1847; x_wconf 84' lang='lat' dir='ltr'><strong>tionem</strong></span> <span class='ocrx_word' id='word_1_633' title='bbox 1011 1820 1188 1856; x_wconf 74' lang='lat' dir='ltr'><strong>preeceptoris</strong></span> <span class='ocrx_word' id='word_1_634' title='bbox 1213 1821 1379 1850; x_wconf 86' lang='lat' dir='ltr'><strong>tentationes</strong></span> <span class='ocrx_word' id='word_1_635' title='bbox 1403 1821 1538 1858; x_wconf 60' lang='lat' dir='ltr'><strong>praebent,</strong></span> <span class='ocrx_word' id='word_1_636' title='bbox 1562 1821 1675 1858; x_wconf 85' lang='lat' dir='ltr'><strong>perinde</strong></span> 
     </span>
    </p>
   </div>
   <div class='ocr_carea' id='block_1_95' title="bbox 879 1863 1376 1901">
    <p class='ocr_par' dir='ltr' id='par_1_95' title="bbox 879 1863 1376 1901">
     <span class='ocr_line' id='line_1_95' title="bbox 879 1863 1376 1901; baseline 0.006 -10"><span class='ocrx_word' id='word_1_637' title='bbox 879 1870 911 1891; x_wconf 88' lang='lat' dir='ltr'><strong>ac</strong></span> <span class='ocrx_word' id='word_1_638' title='bbox 924 1863 1058 1892; x_wconf 82' lang='lat' dir='ltr'><strong>militibus</strong></span> <span class='ocrx_word' id='word_1_639' title='bbox 1072 1864 1245 1901; x_wconf 85' lang='lat' dir='ltr'><strong>imperatoris</strong></span> <span class='ocrx_word' id='word_1_640' title='bbox 1255 1865 1376 1894; x_wconf 84' lang='lat' dir='ltr'><strong>vulnera.</strong></span> 
     </span>
    </p>
   </div>
   <div class='ocr_carea' id='block_1_96' title="bbox 913 1955 1674 1984">
    <p class='ocr_par' dir='ltr' id='par_1_96' title="bbox 913 1955 1674 1984">
     <span class='ocr_line' id='line_1_96' title="bbox 913 1955 1674 1984; baseline 0.001 -2"><span class='ocrx_word' id='word_1_641' title='bbox 913 1955 998 1983; x_wconf 77' lang='lat' dir='ltr'><strong>Vsus.</strong></span> <span class='ocrx_word' id='word_1_642' title='bbox 1027 1957 1054 1983; x_wconf 84' lang='lat'><strong>3.</strong></span> <span class='ocrx_word' id='word_1_643' title='bbox 1083 1956 1116 1983; x_wconf 88' lang='lat' dir='ltr'><strong>Ut</strong></span> <span class='ocrx_word' id='word_1_644' title='bbox 1141 1963 1217 1983; x_wconf 81' lang='lat' dir='ltr'><strong>nemo</strong></span> <span class='ocrx_word' id='word_1_645' title='bbox 1240 1958 1379 1983; x_wconf 79' lang='lat' dir='ltr'><strong>moveatur</strong></span> <span class='ocrx_word' id='word_1_646' title='bbox 1401 1957 1431 1983; x_wconf 82' lang='lat' dir='ltr'><strong>in</strong></span> <span class='ocrx_word' id='word_1_647' title='bbox 1447 1957 1674 1984; x_wconf 78' lang='lat' dir='ltr'><strong>tribulationibus</strong></span> 
     </span>
    </p>
   </div>
   <div class='ocr_carea' id='block_1_97' title="bbox 879 1999 1674 2037">
    <p class='ocr_par' dir='ltr' id='par_1_97' title="bbox 879 1999 1674 2037">
     <span class='ocr_line' id='line_1_97' title="bbox 879 1999 1674 2037; baseline 0.004 -11"><span class='ocrx_word' id='word_1_648' title='bbox 879 2000 950 2027; x_wconf 81' lang='lat' dir='ltr'><strong>istis.</strong></span> <span class='ocrx_word' id='word_1_649' title='bbox 978 1999 1097 2035; x_wconf 84' lang='lat' dir='ltr'><strong>Exponit</strong></span> <span class='ocrx_word' id='word_1_650' title='bbox 1116 1999 1175 2036; x_wconf 84' lang='lat' dir='ltr'><strong>jam</strong></span> <span class='ocrx_word' id='word_1_651' title='bbox 1200 2000 1331 2036; x_wconf 87' lang='lat' dir='ltr'><strong>quidnam</strong></span> <span class='ocrx_word' id='word_1_652' title='bbox 1353 2000 1488 2029; x_wconf 85' lang='lat' dir='ltr'><strong>allaturus</strong></span> <span class='ocrx_word' id='word_1_653' title='bbox 1512 2001 1580 2037; x_wconf 88' lang='lat' dir='ltr'><strong>ipsis</strong></span> <span class='ocrx_word' id='word_1_654' title='bbox 1602 2005 1674 2030; x_wconf 86' lang='lat' dir='ltr'><strong>esset</strong></span> 
     </span>
    </p>
   </div>
   <div class='ocr_carea' id='block_1_98' title="bbox 878 2043 1671 2078">
    <p class='ocr_par' dir='ltr' id='par_1_98' title="bbox 878 2043 1671 2078">
     <span class='ocr_line' id='line_1_98' title="bbox 878 2043 1671 2078; baseline 0.003 -6"><span class='ocrx_word' id='word_1_655' title='bbox 878 2043 1019 2072; x_wconf 88' lang='lat' dir='ltr'><strong>commodi</strong></span> <span class='ocrx_word' id='word_1_656' title='bbox 1039 2051 1089 2072; x_wconf 88' lang='lat' dir='ltr'><strong>sua</strong></span> <span class='ocrx_word' id='word_1_657' title='bbox 1107 2044 1318 2073; x_wconf 81' lang='lat' dir='ltr'><strong>conﬁrmatione</strong></span> <span class='ocrx_word' id='word_1_658' title='bbox 1334 2045 1496 2074; x_wconf 80' lang='lat' dir='ltr'><strong>Timotheus</strong></span> <span class='ocrx_word' id='word_1_659' title='bbox 1512 2054 1518 2074; x_wconf 93' lang='lat'>:</span> <span class='ocrx_word' id='word_1_660' title='bbox 1538 2047 1572 2074; x_wconf 88' lang='lat' dir='ltr'><strong>Ut</strong></span> <span class='ocrx_word' id='word_1_661' title='bbox 1585 2054 1671 2078; x_wconf 73' lang='lat' dir='ltr'><strong>neruo.</strong></span> 
     </span>
    </p>
   </div>
   <div class='ocr_carea' id='block_1_99' title="bbox 877 2087 1674 2125">
    <p class='ocr_par' dir='ltr' id='par_1_99' title="bbox 877 2087 1674 2125">
     <span class='ocr_line' id='line_1_99' title="bbox 877 2087 1674 2125; baseline 0.004 -9"><span class='ocrx_word' id='word_1_662' title='bbox 877 2087 978 2125; x_wconf 82' lang='lat' dir='ltr'><strong>inquit,</strong></span> <span class='ocrx_word' id='word_1_663' title='bbox 999 2091 1148 2121; x_wconf 80' lang='lat' dir='ltr'><strong>moveatur,</strong></span> <span class='ocrx_word' id='word_1_664' title='bbox 1166 2088 1219 2118; x_wconf 91' lang='lat' dir='ltr'><strong>hoc</strong></span> <span class='ocrx_word' id='word_1_665' title='bbox 1233 2094 1276 2118; x_wconf 84' lang='lat' dir='ltr'><strong>est</strong></span> <span class='ocrx_word' id='word_1_666' title='bbox 1296 2089 1432 2125; x_wconf 84' lang='lat' dir='ltr'><strong>turbetur,</strong></span> <span class='ocrx_word' id='word_1_667' title='bbox 1447 2090 1552 2119; x_wconf 84' lang='lat' dir='ltr'><strong>laxetur</strong></span> <span class='ocrx_word' id='word_1_668' title='bbox 1564 2090 1593 2118; x_wconf 84' lang='lat' dir='ltr'><strong>in</strong></span> <span class='ocrx_word' id='word_1_669' title='bbox 1613 2094 1674 2119; x_wconf 83' lang='lat' dir='ltr'><strong>ten-</strong></span> 
     </span>
    </p>
   </div>
   <div class='ocr_carea' id='block_1_100' title="bbox 876 2133 1672 2172">
    <p class='ocr_par' dir='ltr' id='par_1_100' title="bbox 876 2133 1672 2172">
     <span class='ocr_line' id='line_1_100' title="bbox 876 2133 1672 2172; baseline 0.004 -11"><span class='ocrx_word' id='word_1_670' title='bbox 876 2133 1027 2162; x_wconf 81' lang='lat' dir='ltr'><strong>tationibus</strong></span> <span class='ocrx_word' id='word_1_671' title='bbox 1037 2134 1116 2162; x_wconf 84' lang='lat' dir='ltr'><strong>meis.</strong></span> <span class='ocrx_word' id='word_1_672' title='bbox 1131 2135 1204 2162; x_wconf 86' lang='lat' dir='ltr'><strong>Nam</strong></span> <span class='ocrx_word' id='word_1_673' title='bbox 1217 2133 1353 2168; x_wconf 78' lang='lat' dir='ltr'><strong>diabolus,</strong></span> <span class='ocrx_word' id='word_1_674' title='bbox 1368 2135 1390 2163; x_wconf 89' lang='lat' dir='ltr'><strong>si</strong></span> <span class='ocrx_word' id='word_1_675' title='bbox 1399 2135 1533 2163; x_wconf 81' lang='lat' dir='ltr'><strong>invenerit</strong></span> <span class='ocrx_word' id='word_1_676' title='bbox 1542 2140 1672 2172; x_wconf 89' lang='lat' dir='ltr'><strong>opportu-</strong></span> 
     </span>
    </p>
   </div>
   <div class='ocr_carea' id='block_1_101' title="bbox 877 2178 1669 2214">
    <p class='ocr_par' dir='ltr' id='par_1_101' title="bbox 877 2178 1669 2214">
     <span class='ocr_line' id='line_1_101' title="bbox 877 2178 1669 2214; baseline 0.004 -8"><span class='ocrx_word' id='word_1_677' title='bbox 877 2178 992 2207; x_wconf 88' lang='lat' dir='ltr'><strong>nitatem</strong></span> <span class='ocrx_word' id='word_1_678' title='bbox 1013 2178 1181 2214; x_wconf 84' lang='lat' dir='ltr'><strong>tentationis,</strong></span> <span class='ocrx_word' id='word_1_679' title='bbox 1195 2179 1288 2208; x_wconf 88' lang='lat' dir='ltr'><strong>turbat</strong></span> <span class='ocrx_word' id='word_1_680' title='bbox 1303 2179 1418 2208; x_wconf 87' lang='lat' dir='ltr'><strong>minime</strong></span> <span class='ocrx_word' id='word_1_681' title='bbox 1431 2179 1559 2209; x_wconf 79' lang='lat' dir='ltr'><strong>ﬁrmatos</strong></span> <span class='ocrx_word' id='word_1_682' title='bbox 1573 2181 1669 2209; x_wconf 89' lang='lat' dir='ltr'><strong>remis-</strong></span> 
     </span>
    </p>
   </div>
   <div class='ocr_carea' id='block_1_102' title="bbox 876 2223 1672 2260">
    <p class='ocr_par' dir='ltr' id='par_1_102' title="bbox 876 2223 1672 2260">
     <span class='ocr_line' id='line_1_102' title="bbox 876 2223 1672 2260; baseline 0.004 -9"><span class='ocrx_word' id='word_1_683' title='bbox 876 2223 956 2251; x_wconf 89' lang='lat' dir='ltr'><strong>sioris</strong></span> <span class='ocrx_word' id='word_1_684' title='bbox 972 2224 1035 2252; x_wconf 65' lang='lat' dir='ltr'><strong>vita:</strong></span> <span class='ocrx_word' id='word_1_685' title='bbox 1050 2224 1233 2260; x_wconf 83' lang='lat' dir='ltr'><strong>suggestione,</strong></span> <span class='ocrx_word' id='word_1_686' title='bbox 1256 2227 1289 2252; x_wconf 93' lang='lat' dir='ltr'><strong>ut</strong></span> <span class='ocrx_word' id='word_1_687' title='bbox 1301 2232 1317 2252; x_wconf 89' lang='lat' dir='ltr'><strong>a</strong></span> <span class='ocrx_word' id='word_1_688' title='bbox 1335 2224 1418 2253; x_wconf 88' lang='lat' dir='ltr'><strong>rebus</strong></span> <span class='ocrx_word' id='word_1_689' title='bbox 1436 2232 1586 2253; x_wconf 83' lang='lat' dir='ltr'><strong>maerorem</strong></span> <span class='ocrx_word' id='word_1_690' title='bbox 1601 2224 1672 2254; x_wconf 81' lang='lat' dir='ltr'><strong>affe-</strong></span> 
     </span>
    </p>
   </div>
   <div class='ocr_carea' id='block_1_103' title="bbox 876 2267 1670 2305">
    <p class='ocr_par' dir='ltr' id='par_1_103' title="bbox 876 2267 1670 2305">
     <span class='ocr_line' id='line_1_103' title="bbox 876 2267 1670 2305; baseline 0.003 -9"><span class='ocrx_word' id='word_1_691' title='bbox 876 2268 1000 2296; x_wconf 89' lang='lat' dir='ltr'><strong>rentibus</strong></span> <span class='ocrx_word' id='word_1_692' title='bbox 1018 2267 1149 2296; x_wconf 84' lang='lat' dir='ltr'><strong>resiliant.</strong></span> <span class='ocrx_word' id='word_1_693' title='bbox 1174 2268 1305 2297; x_wconf 87' lang='lat' dir='ltr'><strong>Nonnulli</strong></span> <span class='ocrx_word' id='word_1_694' title='bbox 1327 2273 1432 2304; x_wconf 88' lang='lat' dir='ltr'><strong>autem,</strong></span> <span class='ocrx_word' id='word_1_695' title='bbox 1451 2269 1590 2301; x_wconf 82' lang='grc' dir='ltr'>Σαίνεσθαι,</span> <span class='ocrx_word' id='word_1_696' title='bbox 1609 2278 1670 2305; x_wconf 83' lang='lat' dir='ltr'><strong>pro.</strong></span> 
     </span>
    </p>
   </div>
   <div class='ocr_carea' id='block_1_104' title="bbox 875 2311 1673 2349">
    <p class='ocr_par' dir='ltr' id='par_1_104' title="bbox 875 2311 1673 2349">
     <span class='ocr_line' id='line_1_104' title="bbox 875 2311 1673 2349; baseline 0.003 -9"><span class='ocrx_word' id='word_1_697' title='bbox 875 2311 992 2346; x_wconf 86' lang='lat' dir='ltr'><strong>turbari,</strong></span> <span class='ocrx_word' id='word_1_698' title='bbox 1008 2312 1129 2348; x_wconf 89' lang='lat' dir='ltr'><strong>positum</strong></span> <span class='ocrx_word' id='word_1_699' title='bbox 1150 2320 1210 2341; x_wconf 83' lang='lat' dir='ltr'><strong>esse</strong></span> <span class='ocrx_word' id='word_1_700' title='bbox 1223 2311 1329 2346; x_wconf 81' lang='lat' dir='ltr'><strong>dicunt,</strong></span> <span class='ocrx_word' id='word_1_701' title='bbox 1350 2313 1510 2349; x_wconf 83' lang='lat' dir='ltr'><strong>metaphora</strong></span> <span class='ocrx_word' id='word_1_702' title='bbox 1528 2321 1545 2341; x_wconf 88' lang='lat' dir='ltr'><strong>a</strong></span> <span class='ocrx_word' id='word_1_703' title='bbox 1559 2314 1673 2343; x_wconf 84' lang='lat' dir='ltr'><strong>canibus</strong></span> 
     </span>
    </p>
   </div>
   <div class='ocr_carea' id='block_1_105' title="bbox 876 2356 1565 2393">
    <p class='ocr_par' dir='ltr' id='par_1_105' title="bbox 876 2356 1565 2393">
     <span class='ocr_line' id='line_1_105' title="bbox 876 2356 1565 2393; baseline 0.003 -9"><span class='ocrx_word' id='word_1_704' title='bbox 876 2361 996 2393; x_wconf 64' lang='lat' dir='ltr'><strong>srunpta,</strong></span> <span class='ocrx_word' id='word_1_705' title='bbox 1011 2357 1070 2393; x_wconf 88' lang='lat' dir='ltr'><strong>qui,</strong></span> <span class='ocrx_word' id='word_1_706' title='bbox 1085 2356 1152 2385; x_wconf 89' lang='lat' dir='ltr'><strong>dum</strong></span> <span class='ocrx_word' id='word_1_707' title='bbox 1164 2357 1321 2392; x_wconf 80' lang='lat' dir='ltr'><strong>adulantur,</strong></span> <span class='ocrx_word' id='word_1_708' title='bbox 1333 2357 1433 2386; x_wconf 79' lang='lat' dir='ltr'><strong>caudas</strong></span> <span class='ocrx_word' id='word_1_709' title='bbox 1444 2362 1565 2387; x_wconf 86' lang='lat' dir='ltr'><strong>movent.</strong></span> 
     </span>
    </p>
   </div>
   <div class='ocr_carea' id='block_1_106' title="bbox 911 2402 1672 2437">
    <p class='ocr_par' dir='ltr' id='par_1_106' title="bbox 911 2402 1672 2437">
     <span class='ocr_line' id='line_1_106' title="bbox 911 2402 1672 2437; baseline 0.004 -8"><span class='ocrx_word' id='word_1_710' title='bbox 911 2403 969 2436; x_wconf 85' lang='lat' dir='ltr'><strong>Ipsi</strong></span> <span class='ocrx_word' id='word_1_711' title='bbox 982 2403 1053 2429; x_wconf 81' lang='lat' dir='ltr'><strong>enim</strong></span> <span class='ocrx_word' id='word_1_712' title='bbox 1067 2403 1151 2434; x_wconf 81' lang='lat' dir='ltr'><strong>scitis,</strong></span> <span class='ocrx_word' id='word_1_713' title='bbox 1168 2402 1240 2437; x_wconf 86' lang='lat' dir='ltr'><strong>quod</strong></span> <span class='ocrx_word' id='word_1_714' title='bbox 1258 2403 1287 2430; x_wconf 80' lang='lat' dir='ltr'><strong>in</strong></span> <span class='ocrx_word' id='word_1_715' title='bbox 1299 2402 1346 2429; x_wconf 81' lang='lat' dir='ltr'><strong>hoc</strong></span> <span class='ocrx_word' id='word_1_716' title='bbox 1357 2403 1442 2437; x_wconf 82' lang='lat' dir='ltr'><strong>positi</strong></span> <span class='ocrx_word' id='word_1_717' title='bbox 1455 2404 1552 2431; x_wconf 86' lang='lat' dir='ltr'><strong>simus.</strong></span> <span class='ocrx_word' id='word_1_718' title='bbox 1568 2403 1672 2432; x_wconf 78' lang='lat' dir='ltr'><strong>Audia-</strong></span> 
     </span>
    </p>
   </div>
   <div class='ocr_carea' id='block_1_107' title="bbox 875 2445 1672 2484">
    <p class='ocr_par' dir='ltr' id='par_1_107' title="bbox 875 2445 1672 2484">
     <span class='ocr_line' id='line_1_107' title="bbox 875 2445 1672 2484; baseline 0.005 -11"><span class='ocrx_word' id='word_1_719' title='bbox 875 2453 936 2474; x_wconf 90' lang='lat' dir='ltr'><strong>mus</strong></span> <span class='ocrx_word' id='word_1_720' title='bbox 954 2446 1010 2480; x_wconf 87' lang='lat' dir='ltr'><strong>hic,</strong></span> <span class='ocrx_word' id='word_1_721' title='bbox 1024 2445 1098 2482; x_wconf 88' lang='lat' dir='ltr'><strong>quod</strong></span> <span class='ocrx_word' id='word_1_722' title='bbox 1116 2446 1272 2481; x_wconf 88' lang='lat' dir='ltr'><strong>Christiani,</strong></span> <span class='ocrx_word' id='word_1_723' title='bbox 1298 2451 1328 2474; x_wconf 89' lang='lat' dir='ltr'><strong>ut</strong></span> <span class='ocrx_word' id='word_1_724' title='bbox 1345 2446 1515 2484; x_wconf 79' lang='lat' dir='ltr'><strong>afﬂigantur,</strong></span> <span class='ocrx_word' id='word_1_725' title='bbox 1529 2448 1586 2476; x_wconf 83' lang='lat' dir='ltr'><strong>sint</strong></span> <span class='ocrx_word' id='word_1_726' title='bbox 1604 2456 1672 2477; x_wconf 91' lang='lat' dir='ltr'><strong>con-</strong></span> 
     </span>
    </p>
   </div>
   <div class='ocr_carea' id='block_1_108' title="bbox 874 2490 1670 2527">
    <p class='ocr_par' dir='ltr' id='par_1_108' title="bbox 874 2490 1670 2527">
     <span class='ocr_line' id='line_1_108' title="bbox 874 2490 1670 2527; baseline 0.005 -9"><span class='ocrx_word' id='word_1_727' title='bbox 874 2491 972 2519; x_wconf 87' lang='lat' dir='ltr'><strong>stituti.</strong></span> <span class='ocrx_word' id='word_1_728' title='bbox 985 2491 1047 2518; x_wconf 82' lang='lat' dir='ltr'><strong>Non</strong></span> <span class='ocrx_word' id='word_1_729' title='bbox 1057 2491 1131 2519; x_wconf 88' lang='lat' dir='ltr'><strong>enim</strong></span> <span class='ocrx_word' id='word_1_730' title='bbox 1139 2490 1173 2519; x_wconf 88' lang='lat' dir='ltr'><strong>de</strong></span> <span class='ocrx_word' id='word_1_731' title='bbox 1181 2491 1313 2527; x_wconf 84' lang='lat' dir='ltr'><strong>apostolis</strong></span> <span class='ocrx_word' id='word_1_732' title='bbox 1323 2495 1433 2520; x_wconf 82' lang='lat' dir='ltr'><strong>tantum</strong></span> <span class='ocrx_word' id='word_1_733' title='bbox 1444 2492 1504 2521; x_wconf 63' lang='lat' dir='ltr'><strong>haec</strong></span> <span class='ocrx_word' id='word_1_734' title='bbox 1513 2492 1586 2521; x_wconf 86' lang='lat' dir='ltr'><strong>dicta</strong></span> <span class='ocrx_word' id='word_1_735' title='bbox 1596 2498 1670 2522; x_wconf 89' lang='lat' dir='ltr'><strong>sunt.</strong></span> 
     </span>
    </p>
   </div>
   <div class='ocr_carea' id='block_1_109' title="bbox 873 2535 1671 2573">
    <p class='ocr_par' dir='ltr' id='par_1_109' title="bbox 873 2535 1671 2573">
     <span class='ocr_line' id='line_1_109' title="bbox 873 2535 1671 2573; baseline 0.004 -10"><span class='ocrx_word' id='word_1_736' title='bbox 873 2536 946 2563; x_wconf 90' lang='lat' dir='ltr'><strong>Cum</strong></span> <span class='ocrx_word' id='word_1_737' title='bbox 964 2535 1056 2572; x_wconf 84' lang='lat' dir='ltr'><strong>itaque</strong></span> <span class='ocrx_word' id='word_1_738' title='bbox 1077 2535 1114 2564; x_wconf 89' lang='lat' dir='ltr'><strong>ad</strong></span> <span class='ocrx_word' id='word_1_739' title='bbox 1137 2535 1189 2564; x_wconf 89' lang='lat' dir='ltr'><strong>hoc</strong></span> <span class='ocrx_word' id='word_1_740' title='bbox 1210 2536 1291 2572; x_wconf 88' lang='lat' dir='ltr'><strong>positi</strong></span> <span class='ocrx_word' id='word_1_741' title='bbox 1311 2537 1411 2571; x_wconf 79' lang='lat' dir='ltr'><strong>simus,</strong></span> <span class='ocrx_word' id='word_1_742' title='bbox 1435 2537 1501 2573; x_wconf 88' lang='lat' dir='ltr'><strong>quid</strong></span> <span class='ocrx_word' id='word_1_743' title='bbox 1524 2545 1627 2566; x_wconf 88' lang='lat' dir='ltr'><strong>novum</strong></span> <span class='ocrx_word' id='word_1_744' title='bbox 1648 2538 1671 2566; x_wconf 89' lang='lat' dir='ltr'><strong>si</strong></span> 
     </span>
    </p>
   </div>
   <div class='ocr_carea' id='block_1_110' title="bbox 874 2578 1671 2617">
    <p class='ocr_par' dir='ltr' id='par_1_110' title="bbox 874 2578 1671 2617">
     <span class='ocr_line' id='line_1_110' title="bbox 874 2578 1671 2617; baseline 0.004 -10"><span class='ocrx_word' id='word_1_745' title='bbox 874 2578 1048 2616; x_wconf 78' lang='lat' dir='ltr'><strong>aiﬂigamur?</strong></span> <span class='ocrx_word' id='word_1_746' title='bbox 1078 2580 1212 2615; x_wconf 72' lang='lat' dir='ltr'><strong>Quocirca</strong></span> <span class='ocrx_word' id='word_1_747' title='bbox 1243 2581 1348 2609; x_wconf 85' lang='lat' dir='ltr'><strong>nedum</strong></span> <span class='ocrx_word' id='word_1_748' title='bbox 1370 2581 1405 2610; x_wconf 90' lang='lat' dir='ltr'><strong>ob</strong></span> <span class='ocrx_word' id='word_1_749' title='bbox 1433 2581 1570 2617; x_wconf 67' lang='lat' dir='ltr'><strong>praeterita</strong></span> <span class='ocrx_word' id='word_1_750' title='bbox 1597 2581 1671 2610; x_wconf 85' lang='lat' dir='ltr'><strong>mala</strong></span> 
     </span>
    </p>
   </div>
   <div class='ocr_carea' id='block_1_111' title="bbox 876 2625 1670 2661">
    <p class='ocr_par' dir='ltr' id='par_1_111' title="bbox 876 2625 1670 2661">
     <span class='ocr_line' id='line_1_111' title="bbox 876 2625 1670 2661; baseline 0.003 -9"><span class='ocrx_word' id='word_1_751' title='bbox 876 2628 985 2660; x_wconf 86' lang='lat' dir='ltr'><strong>oportet</strong></span> <span class='ocrx_word' id='word_1_752' title='bbox 994 2633 1045 2654; x_wconf 93' lang='lat' dir='ltr'><strong>nos</strong></span> <span class='ocrx_word' id='word_1_753' title='bbox 1055 2633 1115 2654; x_wconf 86' lang='lat' dir='ltr'><strong>esse</strong></span> <span class='ocrx_word' id='word_1_754' title='bbox 1125 2629 1236 2661; x_wconf 83' lang='lat' dir='ltr'><strong>pacatos</strong></span> <span class='ocrx_word' id='word_1_755' title='bbox 1243 2629 1270 2654; x_wconf 85' lang='lat' dir='ltr'><strong>et</strong></span> <span class='ocrx_word' id='word_1_756' title='bbox 1279 2626 1469 2660; x_wconf 80' lang='lat' dir='ltr'><strong>inconcussas,</strong></span> <span class='ocrx_word' id='word_1_757' title='bbox 1480 2633 1576 2654; x_wconf 85' lang='lat' dir='ltr'><strong>verum</strong></span> <span class='ocrx_word' id='word_1_758' title='bbox 1587 2625 1670 2654; x_wconf 84' lang='lat' dir='ltr'><strong>etiam</strong></span> 
     </span>
    </p>
   </div>
   <div class='ocr_carea' id='block_1_112' title="bbox 876 2669 1613 2706">
    <p class='ocr_par' dir='ltr' id='par_1_112' title="bbox 876 2669 1613 2706">
     <span class='ocr_line' id='line_1_112' title="bbox 876 2669 1613 2706; baseline 0.001 -9"><span class='ocrx_word' id='word_1_759' title='bbox 876 2669 912 2697; x_wconf 91' lang='lat' dir='ltr'><strong>ob</strong></span> <span class='ocrx_word' id='word_1_760' title='bbox 926 2669 1027 2698; x_wconf 83' lang='lat' dir='ltr'><strong>futura.</strong></span> <span class='ocrx_word' id='word_1_761' title='bbox 1044 2670 1105 2698; x_wconf 83' lang='lat' dir='ltr'><strong>Hoc</strong></span> <span class='ocrx_word' id='word_1_762' title='bbox 1117 2670 1192 2698; x_wconf 89' lang='lat' dir='ltr'><strong>enim</strong></span> <span class='ocrx_word' id='word_1_763' title='bbox 1207 2669 1289 2698; x_wconf 90' lang='lat' dir='ltr'><strong>nobis</strong></span> <span class='ocrx_word' id='word_1_764' title='bbox 1303 2674 1346 2698; x_wconf 90' lang='lat' dir='ltr'><strong>est</strong></span> <span class='ocrx_word' id='word_1_765' title='bbox 1359 2670 1445 2706; x_wconf 87' lang='lat' dir='ltr'><strong>magis</strong></span> <span class='ocrx_word' id='word_1_766' title='bbox 1458 2669 1613 2706; x_wconf 89' lang='lat' dir='ltr'><strong>proprium.</strong></span> 
     </span>
    </p>
   </div>
   <div class='ocr_carea' id='block_1_113' title="bbox 912 2715 1670 2750">
    <p class='ocr_par' dir='ltr' id='par_1_113' title="bbox 912 2715 1670 2750">
     <span class='ocr_line' id='line_1_113' title="bbox 912 2715 1670 2750; baseline -0.003 -6"><span class='ocrx_word' id='word_1_767' title='bbox 912 2717 1001 2744; x_wconf 71' lang='lat' dir='ltr'><strong>Vnus.</strong></span> <span class='ocrx_word' id='word_1_768' title='bbox 1016 2717 1041 2743; x_wconf 81' lang='grc'><strong>4.</strong></span> <span class='ocrx_word' id='word_1_769' title='bbox 1055 2716 1125 2745; x_wconf 87' lang='lat' dir='ltr'><strong>Nam</strong></span> <span class='ocrx_word' id='word_1_770' title='bbox 1140 2717 1165 2743; x_wconf 84' lang='lat' dir='ltr'><strong>et</strong></span> <span class='ocrx_word' id='word_1_771' title='bbox 1177 2723 1237 2742; x_wconf 87' lang='lat' dir='ltr'><strong>cum</strong></span> <span class='ocrx_word' id='word_1_772' title='bbox 1252 2715 1328 2750; x_wconf 82' lang='lat' dir='ltr'><strong>apud</strong></span> <span class='ocrx_word' id='word_1_773' title='bbox 1338 2723 1383 2742; x_wconf 84' lang='lat' dir='ltr'><strong>vos</strong></span> <span class='ocrx_word' id='word_1_774' title='bbox 1403 2722 1529 2747; x_wconf 77' lang='lat' dir='ltr'><strong>essemus,</strong></span> <span class='ocrx_word' id='word_1_775' title='bbox 1542 2715 1670 2749; x_wconf 62' lang='lat' dir='ltr'><strong>praedice-</strong></span> 
     </span>
    </p>
   </div>
   <div class='ocr_carea' id='block_1_114' title="bbox 878 2759 1670 2794">
    <p class='ocr_par' dir='ltr' id='par_1_114' title="bbox 878 2759 1670 2794">
     <span class='ocr_line' id='line_1_114' title="bbox 878 2759 1670 2794; baseline -0.004 -6"><span class='ocrx_word' id='word_1_776' title='bbox 878 2760 971 2788; x_wconf 87' lang='lat' dir='ltr'><strong>bamus</strong></span> <span class='ocrx_word' id='word_1_777' title='bbox 997 2760 1072 2787; x_wconf 80' lang='lat' dir='ltr'><strong>vobis</strong></span> <span class='ocrx_word' id='word_1_778' title='bbox 1094 2767 1225 2794; x_wconf 81' lang='lat' dir='ltr'><strong>passuros</strong></span> <span class='ocrx_word' id='word_1_779' title='bbox 1251 2767 1299 2786; x_wconf 89' lang='lat' dir='ltr'><strong>nos</strong></span> <span class='ocrx_word' id='word_1_780' title='bbox 1326 2759 1523 2791; x_wconf 80' lang='lat' dir='ltr'><strong>tribulationes,</strong></span> <span class='ocrx_word' id='word_1_781' title='bbox 1550 2760 1619 2787; x_wconf 83' lang='lat' dir='ltr'><strong>sicut</strong></span> <span class='ocrx_word' id='word_1_782' title='bbox 1646 2761 1670 2786; x_wconf 86' lang='lat' dir='ltr'><strong>et</strong></span> 
     </span>
    </p>
   </div>
   <div class='ocr_carea' id='block_1_115' title="bbox 715 2809 974 2839">
    <p class='ocr_par' dir='ltr' id='par_1_115' title="bbox 715 2809 974 2839">
     <span class='ocr_line' id='line_1_115' title="bbox 715 2809 974 2839; baseline 0 -1"><span class='ocrx_word' id='word_1_783' title='bbox 715 2809 806 2839; x_wconf 77' lang='lat' dir='ltr'><strong>Variae</strong></span> <span class='ocrx_word' id='word_1_784' title='bbox 828 2811 974 2839; x_wconf 82' lang='lat' dir='ltr'><strong>lectiones.</strong></span> 
     </span>
    </p>
   </div>
   <div class='ocr_carea' id='block_1_116' title="bbox 72 2845 531 2890">
    <p class='ocr_par' dir='ltr' id='par_1_116' title="bbox 72 2845 531 2890">
     <span class='ocr_line' id='line_1_116' title="bbox 72 2845 531 2890; baseline 0.015 -17"><span class='ocrx_word' id='word_1_785' title='bbox 72 2845 90 2862; x_wconf 80' lang='grc'><strong>’⁸</strong></span> <span class='ocrx_word' id='word_1_786' title='bbox 103 2849 178 2886; x_wconf 74' lang='grc' dir='ltr'>τούτῳ</span> <span class='ocrx_word' id='word_1_787' title='bbox 191 2860 218 2881; x_wconf 81' lang='grc' dir='ltr'><strong>ο,</strong></span> <span class='ocrx_word' id='word_1_788' title='bbox 257 2854 278 2871; x_wconf 76' lang='grc' dir='ltr'>η</span> <span class='ocrx_word' id='word_1_789' title='bbox 291 2853 331 2881; x_wconf 74' lang='grc' dir='ltr'><strong>ἐπὶ</strong></span> <span class='ocrx_word' id='word_1_790' title='bbox 342 2862 368 2882; x_wconf 94' lang='lat' dir='ltr'><strong>o.</strong></span> <span class='ocrx_word' id='word_1_791' title='bbox 408 2854 430 2871; x_wconf 82' lang='lat'>“</span> <span class='ocrx_word' id='word_1_792' title='bbox 444 2854 492 2890; x_wconf 78' lang='grc' dir='ltr'><strong>γὰρ</strong></span> <span class='ocrx_word' id='word_1_793' title='bbox 504 2862 531 2882; x_wconf 90' lang='lat' dir='ltr'><strong>o.</strong></span> 
     </span>
    </p>
   </div>
  </div>
