1890 3077
12 177 49 203 οι
444 175 620 204 EXPOSITIO
641 175 672 203 IN
692 174 796 202 EPIST.
817 174 826 200 1
843 174 890 201 AD
908 174 1022 202 THESS.
1044 190 1079 196 —
1097 175 1171 203 CAP.
1194 177 1235 204 lll.

1599 180 1667 207 1302

37 254 49 265 σ
83 239 177 280 Ἄρτι
213 240 243 270 δὲ
271 239 387 273 ἐλθόντος
417 239 549 278 Τιμοθέου
577 238 642 278 πρὸς
672 239 744 276 ἡμᾶς
769 237 812 276 ἀφ’

912 237 997 265 Vens.
1014 240 1040 265 6.
1052 239 1146 273 Nuper
1155 241 1245 267 autem
1258 247 1319 267 cum
1333 241 1448 269 venisset
1465 241 1614 269 Timotheus
1629 243 1667 269 ml

11 287 83 321 ιῶν,
128 285 186 314 καὶ
229 284 468 324 εὖαγγελισαμὲνου
497 283 544 319 τὴν
575 283 665 312 πίστιν
693 283 740 312 καὶ
767 281 816 317 τὴν

11 332 104 365 ’άπην
134 332 238 368 ὑμῶν.
261 344 272 355 λι
308 331 403 360 Ταῖὶτα
427 328 474 368 μὲν
501 328 704 368 προσεδόκησα,
721 326 818 367 φησὶν,

11 375 66 411 ἔϐη
94 375 127 404 δὲ
158 375 311 404 τ’ὶναντία.
339 373 414 414 Ὅρα
439 374 466 403 δὲ
491 373 539 409 τὴν
566 373 749 412 περιχάρειαν·
770 372 818 401 οὐκ

11 433 63 449 πεν
74 443 84 456 ,
101 419 152 449 ὅτι
166 419 410 459 Ἀπαγγείλαντος,
424 418 495 454 ἀλλ’,
508 431 518 444 α
534 416 795 458 Ιῖῦαγγελισαμένουλ
807 430 818 442 ι

13 468 122 494 σοῢτον
153 466 266 502 ἀγαθὸν
288 465 379 504 ἡγεῖτο
406 463 454 499 τὴν
478 463 584 493 ἐκείνων
619 464 646 492 ἐν
731 461 818 491 πίστει

11 510 164 541 ιϐαίωσιν.
190 509 251 540 Καὶ
317 508 410 549 ἀγάπῃ
425 509 452 538 δὲ
468 509 555 538 αὖτῶν
570 507 693 548 ἔχαιρεν,
712 505 754 536 ὅτι
769 517 819 542 ση-

11 559 65 584 ῑῑον
82 557 140 591 τῆς
160 553 288 587 πίστεως
303 549 347 589 ἦν.

30 657 44 670 ιι
77 643 143 673 Καὶ
166 643 226 681 ~61:1
245 642 321 683 ἔχετε
347 643 439 681 μνείαν
463 643 540 680 ἡμῶν
561 641 662 680 ἀγαθὴν
688 641 819 679 πάντοτε,

11 690 202 721 τιποθοῧντες
242 690 313 726 ἡμᾶς
356 688 440 726 ἰδεῖν,
480 686 601 726 καθάπερ
650 686 696 715 καὶ
743 689 819 725 ἡμεῖς

11 739 72 766 sic.
98 747 112 760 ι
137 733 301 770 Taurini,
319 731 506 771 Μνημονεόετε
528 733 604 770 ἡμῶν
620 731 688 769 μετὰ
704 733 818 761 ἐπαίνων

11 779 39 808 αὶ
63 778 230 819 εὐφημίας.
247 777 399 813 Ἀκούσατε,
416 778 440 807 οἱ
463 776 600 815 μαθηταὶ,
615 776 661 805 καὶ⁸
678 777 817 816 διδάχθητε

16 823 194 860 νημονεύειν
223 822 265 852 ἀεὶ
283 825 333 852 τῶν
353 822 519 851 διδασκάλοιν
537 822 670 861 εὐφήμως.
687 820 818 855 Ἑαυτοὺς

511 867 673 905 Παραμυθία
690 865 717 895 δὲ
738 867 815 905 μεγί-

14 869 48 909 at?
69 869 264 908 ὠφελήσετε,
281 869 328 897 οὖιι
345 867 468 900 ἐκείνους.

14 926 46 948 τη
75 915 129 943 καὶ
147 911 306 953 εὐφροσύνη
324 917 377 944 τοῖς
401 911 644 946 Θεσσαλονικεῦσι,
668 910 697 939 τὸ
723 913 815 948 μαθεῖν
837 930 860 961 Β

12 970 36 987 τι
50 954 124 988 οἶδεν
138 959 154 986 ὁ
177 958 305 993 Παῦλος,
327 958 366 986 ὅτι
387 957 526 995 ἀγαπῶσιν
547 955 634 985 αὐτόν·
651 957 751 994 μᾶλλον
767 956 818 996 γὰρ

11 1003 185 1042 τροστίθεται
207 1001 239 1031 τὸ
260 1002 376 1041 φίλτρον.

41 1062 53 1074 ιι
74 1047 134 1078 Διὰ
162 1049 250 1076 τοῦτο
276 1047 501 1086 παρεκλήθημεν,
527 1045 650 1086 ἀδελφοὶ,
677 1046 717 1086 ἔφ’
758 1047 819 1083 ὓμῐν

11 1093 46 1122 πὶ
77 1092 164 1132 πάσῃ
193 1094 232 1131 τῇ
258 1091 344 1131 θλίψει
367 1090 412 1120 καὶ
437 1090 541 1130 ἀνάγκῃ
556 1091 645 1128 ἡμῶν.
675 1104 686 1117 ι
716 1090 818 1121 Βαϐαίι

11 1138 82 1177 ιιάριν
101 1137 168 1178 ᾔδει
185 1137 294 1171 αὐτοῖς,
312 1135 351 1164 ὅτι
366 1136 414 1165 οὐκ
427 1134 619 1170 tandem”.
652 1136 710 1165 Οὐκ
725 1136 820 1164 αἰσθα-

11 1183 106 1219 ιόμεθα
117 1181 191 1221 γὰρ,
209 1181 276 1221 φησὶ
285 1204 292 1217 ,
306 1182 358 1209 τῶν
370 1181 504 1219 λυπηρῶν,
519 1179 588 1208 ἀλλὰ
601 1179 819 1220 παρεκλήθημεν,

11 1229 53 1256 λῦκ
70 1229 116 1256 ἐπὶ
143 1231 199 1266 μιᾷ
220 1226 321 1261 θλίψει,
342 1226 400 1254 ἀλλ’
416 1224 459 1255 ἐπὶ
471 1225 557 1265 παίσῃ.
578 1224 613 1255 ἹΙ
633 1226 684 1265 γὰρ
704 1225 743 1264 ἐφ’
759 1227 820 1263 ὑμῖν

11 1271 81 1311 χαρὰ
101 1271 271 1312 ἆντίῤῥοπος
298 1270 396 1304 ποίει-αις
424 1271 502 1308 ἡμῶν
530 1274 588 1303 ταῖς
611 1270 739 1309 ἀνάγκαις
761 1269 820 1309 ἐγέ-

11 1328 66 1346 νετο
83 1316 122 1347 ²³.

51 1419 62 1432 ε
79 1406 133 1436 Διὰ
148 1407 199 1442 τῆς
213 1404 327 1436 πίστεως
350 1406 432 1442 ὑμῶν.
443 1418 455 1431 1
473 1403 566 1443 Ὑμεῖς
579 1416 611 1442 με
628 1403 819 1444 ἐστερεώσατε,

15 1451 86 1490 φησί.
119 1451 178 1481 Καὶ
203 1449 260 1489 μὴν
283 1449 434 1479 τούναντίον
452 1445 492 1485 ἦν’
516 1448 593 1482 αὐτὸς
617 1448 668 1488 γὰρ
683 1448 721 1487 μὴ
735 1449 822 1483 ἐνδοὺς

14 1497 66 1528 τοῖς
83 1495 253 1535 πειρασμοῖς
265 1517 272 1531 ,
295 1493 428 1534 ἐστήριξεν
449 1492 552 1527 αὐτούς’
567 1492 638 1532 ὅμως
655 1495 692 1527 εἰς
707 1494 822 1528 ἐκείνους

17 1541 171 1580 περιτρέπει
185 1541 221 1570 τὸ
236 1538 378 1579 ἐγκώμιον.
421 1538 514 1577 Ὑμεῖς
530 1538 582 1578 γάρ
597 1549 645 1577 με,
661 1537 758 1579 φησὶν,
775 1539 820 1568 οὐκ

19 1585 138 1625 ἀφήκατε
153 1586 212 1615 τῶν
229 1585 384 1624 πειρασμῶν
398 1583 546 1613 αἰσθέσθαι.

58 1644 69 1655 σι
83 1629 150 1660 Ὅτι
166 1632 219 1659 νῦν
235 1630 337 1666 ζῶμεν,
356 1628 401 1658 ἐὰν
414 1629 488 1667 ὑμεῖς
503 1628 619 1664 στήκητε
645 1629 670 1656 ἓν
693 1628 794 1670 Κυρίῳ.
810 1642 821 1655 ι

19 1675 76 1704 Οὖκ
91 1670 180 1714 εἶπεν,
193 1675 235 1705 ὅτι
251 1674 496 1714 Παρεμυθήθημεν,
508 1674 587 1710 ἀλλὰ,
601 1687 611 1699 ιι
625 1674 731 1711 Ζῶμεν·
750 1687 762 1699 ν
773 1674 823 1704 δει-

24 1719 81 1753 κνὺς
95 1719 136 1749 ὅτι
158 1720 191 1750 τὸ
206 1718 314 1749 ἐκείνων
342 1719 488 1748 σκάνδαλον
511 1718 622 1748 θάνατον
638 1718 752 1758 ἥγηται,
777 1719 823 1749 καὶ

25 1763 89 1800 ζωὴν
106 1765 154 1802 τὴν
193 1764 301 1794 ἐκείνων
317 1763 471 1804 προκοπὴν,
493 1763 539 1792 καὶ
563 1763 750 1803 κατάστασιν,
778 1764 823 1794 καὶ

27 1809 168 1848 βεϐαίωσιν
181 1811 209 1840 ἐν
227 1810 347 1849 Χριστῷ.

63 1867 74 1881 ι
90 1854 161 1884 Τίνα
177 1854 231 1894 γὰρ
252 1853 424 1894 εὐχαριστίαν
436 1853 460 1870 ²⁸
481 1852 615 1891 δυνάμεθα
630 1855 667 1892 τῷ
685 1854 748 1893 Θεῷ
765 1854 824 1882 ἄντ-

28 1899 170 1929 αποδοῦναι
195 1899 257 1939 περὶ
281 1900 375 1936 ὑμῶν,
397 1897 440 1928 ἐπὶ
465 1897 540 1937 πάσῃ
566 1900 599 1937 τῇ
624 1902 698 1939 χαρᾷ
763 1899 824 1938 χαί-

30 1955 103 1982 ρομεν
123 1944 155 1974 δι’
181 1946 250 1983 ὓμᾶς
275 1943 423 1982 ἔμπροσθεν
447 1945 494 1972 τοῦ
518 1945 590 1973 Θεοῦ
607 1945 702 1981 ἡμῶν;
722 1956 733 1968 ι
755 1945 825 1973 Τοσ-

31 1988 110 2024 αύτη,
127 1989 221 2030 φησὶν,
234 1991 251 2024 ἡ
264 1989 297 2017 δι’
318 1987 482 2028 ὕμᾶςχαρὰ,
497 1987 537 2016 ὅτι
558 1987 615 2017 οὐδὲ
631 1988 824 2027 εὖχαριστῆσαι

30 2034 65 2072 τῷ
80 2034 142 2073 Θεῷ
166 2035 226 2063 κατ’
242 2033 317 2068 ἀξίαν
340 2032 473 2070 δυνάμεθα
503 2033 568 2072 ὑπὲρ
591 2033 678 2070 ὖμῶν.
716 2032 757 2062 Τὸ
771 2033 823 2072 γὰρ

31 2078 102 2115 ὑμῶν
116 2078 280 2119 κατόρθωμα
296 2078 378 2117 δῶρον
394 2077 532 2117 ἡγούμεθα
545 2079 592 2107 τοῦ
609 2078 693 2107 Θεοῦ.
719 2078 760 2107 Οὐ
772 2077 823 2117 γὰρ

33 2123 192 2162 ἀνθρωπίνης
209 2123 325 2159 σπουδῆς
342 2121 360 2158 ἢ
377 2123 464 2162 ψυχῆς
479 2124 603 2152 τοσοῦτον
616 2121 751 2162 φρόνημα.
777 2123 825 2153 Διὸ

33 2166 74 2195 καὶ
98 2169 170 2208 αὐτῷ
198 2168 346 2209 ὀφείλοντες
379 2168 561 2207 εὐχαριστεῖν,
591 2168 643 2206 οὐχ
668 2166 824 2207 εὑρίσκομεν

35 2209 78 2246 τὴν
93 2211 166 2246 ἀξίαν
183 2212 363 2252 εὐχαριστίαν.

872 289 919 310 nos
942 291 960 309 (ι
982 283 1072 314 vobis,
1091 286 1116 311 et
1135 285 1322 312 annunttasset
1345 286 1423 320 ﬁdem
1445 288 1471 313 ct
1498 287 1663 314 dilectionem

872 330 999 354 vestram.
1017 329 1083 356 Haec
1104 329 1212 364 quidem
1232 331 1395 365 exspectavi,
1414 331 1512 366 inquit,
1529 331 1663 359 contraria

873 376 966 399 autem
994 378 1154 401 evenerunt.
1183 375 1287 409 lteputa
1317 375 1362 402 hic
1384 380 1477 402 tecum
1500 375 1664 404 immensam

874 416 998 444 Iustitiam
1017 425 1048 445 ac
1069 418 1244 446 clementiam
1268 419 1354 447 Pauli.
1378 421 1440 448 Non
1456 420 1537 455 dixit,
1553 423 1666 449 Denun-

874 461 976 496 tiasset,
999 462 1056 495 sed,
1080 464 1155 491 Bene
1177 463 1333 492 nuntiasset
1354 473 1362 492 :
1384 464 1467 500 515
1487 465 1554 493 adeo
1570 465 1666 501 ingens

874 505 978 534 bonum
1004 507 1117 543 putabat
1138 507 1249 536 illorum
1277 508 1305 536 in
1332 509 1386 537 fide
1416 509 1664 538 conﬁrmationem.

875 551 1025 580 Charitatis
1046 553 1129 580 etiam
1146 553 1271 589 ipsorum
1287 554 1401 583 nomine
1419 554 1564 583 laetabatur
1580 563 1666 583 :nam

875 596 937 625 fidei
956 597 1067 633 signum
1082 602 1151 626 erat.

910 643 944 670 Et
959 643 1031 677 quod
1043 643 1162 671 habeatis
1177 645 1332 672 memoriam
1345 645 1434 672 nostri
1444 652 1546 680 semper
1562 646 1668 679 bonam,

875 686 1055 715 desiderantes
1069 696 1117 715 nos
1136 689 1234 722 videre,
1256 690 1480 723 quemadmodum
1501 692 1526 717 et
1545 698 1593 718 nos
1613 698 1667 718 vos.

876 731 936 759 Hoc
952 736 1004 765 est,
1020 733 1186 760 meministis
1199 733 1286 760 nostri
1305 741 1368 761 cum
1384 733 1465 761 laude
1480 738 1506 762 et
1521 735 1668 770 prmconio.

877 776 984 810 Audite,
999 777 1136 813 discipuli,
1148 781 1230 814 atque
1243 777 1339 806 discite
1351 783 1550 814 praeceptorum
1568 783 1670 807 vestro-

874 831 935 850 rum
956 824 1124 852 montionem
1144 824 1231 852 facere
1248 832 1357 860 semper
1378 833 1442 852 cum
1462 825 1541 853 laude
1562 835 1568 853 :
1592 827 1669 854 vobis

875 867 942 904 ipsis
954 877 1074 905 namque
1085 868 1239 904 proderitis,
1256 877 1313 896 non
1330 869 1392 897 illis.
1404 870 1562 898 Consolatio
1575 875 1668 899 autem

875 913 995 941 maxima
1027 917 1068 941 est
1089 913 1379 941 Thessalonicensibus
1407 918 1435 942 et
1463 914 1569 948 latitia,
1594 916 1666 951 quod

874 958 960 986 sciant
975 958 1089 985 Paulum
1111 958 1220 985 novisse
1234 966 1263 986 sc
1284 958 1319 986 ab
1336 959 1400 995 ipsis
1415 958 1488 994 diligi
1507 968 1512 986 :
1533 960 1668 996 majorem

874 1003 947 1030 enim
963 1003 992 1030 in
1015 1003 1054 1030 eis
1069 1010 1194 1030 amorem
1214 1003 1344 1031 accendit.

911 1049 995 1075 Vens.
1010 1050 1038 1075 7.
1059 1048 1120 1075 Ideo
1141 1049 1345 1075 consolationem
1367 1050 1517 1084 accepimus
1533 1049 1564 1077 in
1582 1050 1667 1081 vobis,

874 1093 986 1127 fratres,
1002 1094 1031 1120 in
1043 1094 1117 1120 omni
1134 1094 1282 1127 afﬂictione
1301 1095 1327 1120 et
1344 1094 1501 1122 necessitate
1519 1097 1622 1122 nostra.
1644 1096 1669 1123 Ο

875 1145 933 1165 rem
953 1137 1155 1165 admirandam!
1171 1138 1236 1174 Agit
1254 1138 1307 1166 illis
1321 1139 1433 1174 gratias.
1451 1138 1526 1175 quod
1542 1147 1598 1167 non
1613 1139 1670 1167 sint

874 1183 1017 1210 commoti.
1031 1184 1092 1211 Non
1105 1183 1238 1210 sentimus
1248 1184 1334 1216 enim,
1349 1184 1450 1219 inquit,
1462 1184 1561 1218 tristia,
1573 1193 1669 1213 verum

875 1227 1089 1256 consolationem
1113 1228 1280 1264 accepimus,
1306 1236 1363 1256 non
1397 1228 1426 1256 in
1457 1236 1513 1256 una
1540 1229 1669 1266 quapiam

876 1272 1035 1306 afﬂictione,
1049 1272 1097 1300 sed
1116 1273 1145 1300 in
1160 1273 1246 1301 omni.
1266 1273 1372 1301 Laetitia
1387 1274 1472 1308 enim,
1488 1282 1573 1310 quam
1587 1275 1670 1302 vestri

875 1325 957 1345 causa
980 1318 1151 1353 accepimus,
1175 1318 1306 1346 omnibus
1334 1319 1436 1346 nostris
1464 1319 1670 1347 necessitatibus

875 1362 1043 1398 tequipollet,
1059 1370 1159 1398 easque
1177 1367 1348 1398 compensat.

911 1409 962 1435 Per
975 1407 1054 1442 ﬁdem
1069 1410 1197 1435 vestram.
1208 1409 1264 1436 Vos
1280 1415 1325 1436 me
1338 1407 1480 1442 ﬁrmastis,
1496 1408 1594 1445 inquit.
1617 1410 1670 1436 At-

876 1452 922 1488 qui
931 1451 1072 1480 diversum
1082 1457 1142 1480 erat
1154 1461 1160 1479 :
1173 1453 1231 1488 ipse
1241 1460 1363 1489 namque
1372 1453 1570 1481 tentationibus
1582 1453 1671 1481 haud-

876 1504 1012 1532 quaquam
1031 1497 1140 1531 cedens,
1156 1496 1287 1526 fulciebat
1308 1505 1355 1525 eos
1378 1507 1384 1525 :
1407 1501 1527 1526 attamen
1549 1498 1576 1526 in
1600 1499 1672 1534 ipsos

877 1542 1033 1569 encomium
1046 1541 1186 1570 transfert.
1203 1544 1257 1570 Vos
1276 1542 1361 1574 enim,
1378 1542 1479 1579 inquit,
1493 1551 1550 1570 non
1565 1544 1670 1579 permi-

876 1586 948 1614 sistis
961 1594 1006 1614 me
1019 1587 1181 1615 tentationes
1192 1588 1303 1615 sentire.

913 1632 1004 1659 Vsus.
1025 1635 1052 1659 8.
1069 1633 1201 1666 Quoniam
1222 1640 1292 1660 nunc
1305 1633 1431 1664 vivimus,
1447 1633 1473 1660 si
1489 1640 1535 1660 vos
1547 1634 1628 1660 statis
1642 1635 1671 1661 in

876 1678 997 1705 Domino.
1016 1678 1079 1705 Non
1096 1676 1177 1708 dixit.
1197 1677 1419 1705 Consolationem
1434 1678 1600 1714 accepimus,
1613 1678 1671 1713 sed,

880 1723 1015 1756 Vivimus,
1031 1721 1156 1750 indicans
1173 1722 1246 1758 quod
1262 1730 1359 1750 eorum
1382 1723 1541 1751 scandalum
1554 1727 1673 1751 mortem

877 1767 1048 1801 existimarit,
1066 1775 1098 1794 ac
1112 1767 1273 1795 eorumdem
1291 1775 1481 1803 progressum,
1499 1772 1527 1796 et
1543 1772 1673 1796 constan-

878 1812 959 1846 tiam,
975 1813 1002 1840 et
1022 1811 1264 1839 confirmationem
1281 1812 1307 1839 in
1323 1811 1442 1846 Christo,
1459 1813 1553 1840 vitam.

913 1858 1003 1884 Vnus.
1017 1859 1043 1884 9.
1061 1857 1146 1890 Quam
1157 1858 1226 1884 enim
1235 1858 1386 1891 gratiarum
1398 1858 1524 1884 actionem
1533 1865 1673 1892 possumus

878 1903 932 1929 Deo
945 1901 1093 1929 retribuere
1104 1909 1154 1937 pro
1164 1901 1237 1928 vobis
1249 1909 1330 1936 super
1342 1903 1416 1929 omni
1426 1903 1527 1936 gaudio
1539 1911 1591 1937 quo
1604 1910 1672 1937 gau-

878 1947 969 1974 demus
991 1948 1103 1981 propter
1128 1954 1173 1973 vos
1200 1948 1262 1973 ante
1281 1948 1365 1974 Deum
1385 1948 1531 1974 nostrum?
1552 1948 1672 1975 Tantum

878 1991 973 2026 inquit,
989 1995 1030 2018 est
1041 1990 1173 2027 gaudium
1185 1995 1311 2019 nostrum
1327 1995 1438 2027 propter
1452 1999 1510 2025 vos,
1523 1996 1554 2019 ut
1569 1999 1672 2028 neque-

878 2043 956 2064 amus
976 2043 1025 2072 pro
1046 2035 1176 2072 dignitate
1202 2037 1261 2064 Deo
1283 2036 1381 2072 gratias
1405 2044 1484 2072 agere
1508 2044 1558 2071 pro
1584 2036 1670 2064 vobis.

878 2082 1003 2108 Vestram
1025 2081 1098 2109 enim
1122 2081 1254 2108 virtutem
1273 2081 1377 2109 donum
1400 2081 1449 2109 Dei
1475 2081 1641 2110 arbitramur
1664 2091 1671 2110 τ

879 2133 934 2153 non
949 2126 1023 2154 enim
1038 2129 1078 2153 est
1093 2125 1208 2153 humani
1218 2130 1333 2153 conatus
1346 2129 1394 2153 aut
1409 2125 1506 2154 anima;
1520 2129 1596 2154 tanta
1610 2135 1671 2162 pru-

881 2171 978 2199 dentia.
997 2171 1088 2206 Quare
1103 2178 1166 2198 cum
1180 2170 1216 2199 illi
1232 2171 1334 2206 gratias
1347 2178 1430 2206 agere
1443 2170 1603 2204 debeamus,
1618 2179 1672 2199 non

881 2216 1032 2243 invenimus
1042 2215 1154 2251 dignam
1170 2215 1317 2251 gratiarum
1334 2215 1477 2243 actionem.

75 2269 86 2281 ιι
117 2250 232 2291 Νυκτὸς.
249 2250 295 2287 καὶ
323 2256 426 2297 ἡμέρας
458 2258 683 2297 ὑπερεκπερισσοῦ
706 2256 823 2294 δεόμενοι

919 2261 1006 2289 Vens.
1025 2263 1067 2288 10.
1092 2250 1181 2289 Nocte,
1193 2269 1227 2288 ac
1242 2261 1287 2288 die
1306 2260 1489 2288 abundantius
1506 2263 1626 2296 orantes,
1644 2264 1675 2289 ut

37 2300 69 2332 εἷς
85 2301 115 2330 τὸ
141 2302 205 2332 ἰδεῖν
220 2304 294 2340 ὑμῶν
315 2302 345 2331 τὸ
368 2302 522 2342 πρόσωπον.
549 2315 558 2328 ι
573 2301 648 2341 Ὅρα
674 2300 720 2337 τὴν
746 2303 826 2341 ὑπερ-

37 2343 121 2381 ϐολήν·
136 2348 364 2386 ὑπερεκπερισσοῦ
381 2347 465 2376 ἐδεῖτο
479 2346 524 2376 ἵνα
549 2345 593 2386 ἴδῃ
609 2346 712 2380 αὐτούς·
735 2345 825 2387 ὥσπερ

38 2399 73 2422 τις
85 2393 196 2431 γεωργὸς
209 2392 311 2421 ἀκούων
324 2391 363 2421 ὅτι
378 2394 395 2428 ἡ
411 2393 557 2427 πονηθεῖσα
574 2393 646 2432 αὐτῷ
661 2391 737 2432 χώρα
760 2404 825 2433 καρ-

40 2434 92 2468 ποῖς
108 2437 207 2475 βρίθει,
220 2439 296 2468 ποθεῖ
308 2436 368 2466 κατ’
388 2436 447 2478 ὄψιν
463 2437 546 2472 αὐτὴν
560 2436 634 2467 ἰδεῖν.

83 2490 95 2507 α
119 2481 173 2511 Καὶ
199 2481 358 2522 καταρτίσαι
383 2481 417 2511 τὰ
445 2481 619 2521 ὑστερήματα
642 2482 689 2517 τῆς
713 2481 827 2516 πίστεως

41 2523 118 2566 διξῶν·
136 2539 147 2551 ιο
171 2527 265 2557 Καίτοι
285 2527 341 2555 ἄνω
362 2526 394 2556 τὸ
410 2527 520 2556 ἑστάναι
535 2527 623 2560 αὐτοῖς
647 2526 827 2566 ἐμαρτύρησε·

42 2563 93 2602 πῶς
106 2566 148 2600 οὖν
169 2572 248 2612 λέγει·
263 2586 276 2598 ιι
293 2572 336 2602 Τὰ
358 2572 530 2612 ὑστερήματα
550 2574 597 2608 τῆς
614 2563 770 2609 uictam“.-
787 2574 828 2603 Οὐ

44 2611 122 2650 πάσης
135 2616 286 2648 ἀπέλαυσαν
300 2620 348 2653 τῆς
380 2611 560 2652 διδασκαλίας,
576 2618 634 2647 ἄλλ’
652 2617 731 2647 ἐνέδει
743 2619 830 2652 αὐτοῖς

46 2656 102 2692 1ῐῖοπως
116 2660 147 2691 τὰ
161 2663 221 2702 περὶ
236 2663 425 2698 ἀναστάσεως,
445 2661 491 2691 καὶ
508 2661 576 2691 ἄλλα
597 2665 717 2693 τοιαῦτα.
776 2664 830 2694 Καὶ

50 2702 133 2734 πολλοὶ
146 2707 379 2747 ψευδοδιδάσκαλοι
403 2702 486 2743 ἦσαν,
515 2706 562 2737 καὶ
587 2705 631 2737 διὰ
656 2710 734 2738 τοῦτο
763 2704 830 2738 εἷπε·

879 2306 1019 2333 ιιὶίῖθαπιιιε
1031 2307 1129 2340 faciem
1141 2308 1266 2333 vestram.
1279 2305 1409 2341 Expende
1419 2312 1566 2334 excessum
1579 2315 1585 2333 ε
1598 2306 1673 2342 plus-

880 2359 962 2386 quam
975 2349 1083 2378 abunde
1103 2350 1276 2386 precabatur,
1292 2355 1323 2378 ut
1337 2350 1440 2378 videret
1458 2358 1505 2378 eos
1520 2359 1526 2378 :
1546 2351 1676 2387 quemad-

881 2395 993 2423 modum
1008 2395 1122 2423 colonus
1142 2395 1240 2431 aliquis
1255 2394 1369 2423 audiens
1384 2395 1458 2432 quod
1479 2396 1571 2424 cultus
1591 2396 1625 2424 ab
1644 2404 1677 2425 eo

880 2449 946 2477 ager
966 2439 1099 2468 fructibus
1120 2440 1251 2474 abundat,
1273 2440 1350 2468 illum
1367 2440 1454 2468 oculis
1470 2440 1572 2469 intueri
1591 2442 1676 2478 cupit.

918 2487 952 2514 Et
971 2486 1146 2522 compleamus
1160 2493 1190 2513 ea
1202 2493 1262 2520 qua:
1278 2485 1375 2513 desunt
1392 2485 1457 2520 fidei
1470 2489 1577 2514 vestra.
1594 2487 1678 2522 Atqui

885 2531 964 2567 paulo
984 2535 1047 2559 ante
1061 2534 1176 2558 testatus
1197 2534 1239 2558 est
1257 2534 1331 2558 stare
1350 2538 1396 2558 eos
1418 2541 1425 2558 :
1452 2530 1497 2564 qui
1518 2538 1583 2567 ergo
1602 2538 1677 2558 nunc

885 2576 952 2604 dicit
969 2585 975 2604 :
1000 2577 1063 2610 Qua
1078 2576 1173 2604 desunt
1181 2576 1268 2612 fidei?
1282 2576 1345 2603 Non
1365 2583 1479 2603 omnem
1499 2579 1676 2611 perceperant

884 2622 1051 2655 doctrinam,
1071 2621 1119 2649 sed
1142 2621 1255 2649 deerant
1273 2619 1390 2648 fortasse
1411 2620 1476 2655 ipsis
1495 2619 1622 2655 quaedam
1644 2619 1678 2646 de

885 2667 1101 2700 resurrectione,
1115 2665 1198 2702 idque
1209 2673 1294 2702 genus
1308 2665 1369 2692 alia.
1380 2667 1514 2693 Praeterea
1530 2672 1586 2691 non
1599 2663 1678 2699 pauci

886 2715 965 2740 erant
982 2711 1109 2740 doctores
1132 2710 1216 2747 516
1237 2710 1308 2744 falsi,
1330 2714 1410 2745 atque
1427 2709 1498 2737 hanc
1510 2709 1546 2737 ob
1568 2714 1676 2736 causam

731 2790 825 2820 Variae
846 2789 994 2819 lectiones.

77 2830 98 2848 ’⁸
129 2837 215 2871 τεγόνει
228 2846 252 2867 0.
292 2838 313 2855 ²δ
326 2837 481 2874 ἀντιμισθίαν
494 2845 519 2865 ο.
