1890 3077
35 187 105 215 13θὸ

366 250 507 280 ΚΕΦΑΛ.
535 249 577 280 Δ’.

74 316 86 328 αι
103 302 146 332 Τὸ
161 302 275 339 λοιπὸν,
292 302 414 343 ἀδελφοὶ,
430 303 570 341 ἐρωτῶμεν
591 302 660 340 ὑμᾶς
683 300 729 330 καὶ
743 312 838 340 παρα-

34 348 172 386 καλοῦμεν
215 349 244 377 ἐν
287 347 377 387 Κυρίῳ
406 346 514 383 Ἰησοῦ,
548 345 634 380 καθὼς
673 345 839 385 παρελάϐετε

35 391 99 432 παρ’
128 395 231 430 ἡμῶν,
271 394 328 426 πῶς
354 393 392 422 δεῖ
420 393 490 430 ὑμᾶς
515 393 670 431 περιπατεῖν
705 390 750 419 καὶ
780 390 830 429 ἀρέι

41 449 114 467 σχειν
137 439 178 478 τῷ
198 439 264 476 Θεῷ
275 460 283 474 ,
301 437 344 467 ἵνα
359 437 532 477 περισσεύητε
549 437 660 474 μᾶλλον.
678 447 693 464 ι)
714 435 838 473 Ἐπειδὴ,

35 481 118 521 φησὶ,
136 483 204 522 περὶ
232 484 284 511 τῶν
309 482 477 518 καθηκόντων
503 481 639 521 διελέχθην
665 481 744 518 ὑμῖν,
759 480 839 510 ἀκού-

35 538 99 556 σατε
125 528 174 556 καὶ
205 527 269 567 περὶ
292 528 345 557 τῶν
371 526 522 565 ἀναγκαίων
543 527 584 555 ἀεὶ
604 525 756 556 ἀκούεσθαι,
800 525 840 554 Τὸ

35 571 100 611 γὰρ,
111 585 124 598 α
138 571 256 608 Λοιπὸν,
270 586 281 598 ι
294 574 371 602 τοῦτο
384 572 468 608 δηλοῖ,
480 571 613 602 τουτέστιν
622 594 629 608 ,
646 570 686 600 ἀεὶ
701 570 746 600 καὶ
761 573 796 603 εἷς
811 570 840 599 τὸ

37 617 166 652 διηνεκές.
209 616 285 657 Ὅρα
302 617 329 647 δὲ
347 615 602 657 ταπεινοφροσύνην,
619 616 689 650 ὅπως
703 616 761 645 οὐδὲ
777 615 840 653 πρὸς

39 662 67 690 τὸ
89 656 265 702 παρακαλεῖν
289 661 439 696 ἀξιόπιστον
456 656 548 691 ἑαυτὸν
571 656 637 690 εἷναί
656 673 750 702 φησιν,
772 659 840 688 ἀλλὰ

39 706 81 735 τὸν
109 707 235 746 Χριστὸν
258 706 481 748 παραλαμϐάνει,
505 710 581 736 τοῦτο
606 706 689 744 λέγων
703 730 711 740 ,
740 705 780 736 ὅτι
805 705 840 734 Ὁ

39 751 152 790 Χριστὸς
168 754 241 790 ὓμᾶς
254 752 406 793 παρακαλεῖ
420 752 453 781 δι’
470 752 534 790 ἐμοῦ
548 751 583 780 ³⁸.
625 752 664 781 Τὸ
677 751 716 789 δὲ,
733 763 746 779 α
764 753 840 792 Παρ-

40 796 165 832 ελάϐετε,
183 811 194 823 υ
212 800 242 828 οὗ
261 797 386 837 ῥημάτων
411 796 467 826 ἐστὶ
487 795 584 835 μόνον,
603 795 672 825 ἀλλὰ
692 797 736 826 καὶ
751 809 840 836 πραγ-

40 840 141 878 μάτων·
169 842 218 872 καὶ
246 844 280 872 δι’
306 843 390 882 ἔργων
411 841 461 881 γὰρ
486 841 618 871 ἐδίδασκε.
660 841 695 871 Τί
710 842 736 871 δὲ
752 854 839 882 παρα-

39 887 188 926 καλοῦμενς
213 901 225 914 ιι
242 887 302 918 Ἵνα
322 886 498 926 περισσεύητε
517 887 626 925 μᾶλλον·
648 899 662 914 ι
688 886 837 925 τουτέστιν,

38 929 95 961 ΙΊνα
120 932 205 963 πλέον
228 945 255 963 τι
274 935 321 968 τῆς
344 933 450 968 ἐντολῆς
472 933 645 972 φιλοτιμῆσθε
673 936 773 969 ποιεῖν,
794 933 839 962 καὶ

39 976 218 1016 ὗπερόαίνητε
232 978 266 1008 τὰ
282 977 461 1016 ἐπιτάγματα.
517 974 629 1017 Ἵὶσπερ
651 976 703 1016 γὰρ
725 979 741 1013 ἡ
758 980 792 1016 γῆ
809 980 837 1008 οὗ

39 1021 70 1049 τὰ
92 1023 300 1060 καταϐληθέντα
318 1023 396 1061 μόνον
410 1022 435 1040 ²⁵
457 1022 547 1063 φέρει,
568 1021 637 1051 οὕτω
653 1022 698 1050 καὶ
723 1024 740 1058 ἡ
763 1024 836 1063 ψυχὴ

39 1066 84 1096 οὐκ
109 1067 212 1108 ὀφείλει
227 1067 353 1098 ἵστασθαι
377 1067 456 1108 μέχρι
481 1069 531 1097 τῶν
553 1066 761 1106 ἐπιταγμάτων,
779 1068 837 1098 ἀλλ’

40 1111 221 1152 ὑπερϐαίνειν.

80 1168 93 1185 σ
113 1157 219 1188 Οἴδατε
245 1156 296 1197 γὰρ
320 1156 392 1190 τίνας
417 1157 598 1197 παραγγελίας
619 1155 755 1195 ἐδώκαμεν
775 1158 837 1194 ὑμῖν

41 1201 81 1231 διὰ
96 1204 141 1231 τοῦ
160 1203 263 1240 Κυρίου
283 1204 359 1240 ἡμῶν
377 1203 465 1238 Ἰησοῦ
479 1203 606 1242 Χριστοῦ.
621 1215 633 1227 υ
676 1201 835 1240 Παραγγέλ-

41 1247 91 1274 ).ειν
105 1246 131 1264 ³⁰
157 1246 230 1276 ἐστὶν
255 1246 299 1277 ἐπὶ
314 1248 366 1276 τῶν
389 1247 536 1287 φευκτέων,
558 1246 575 1275 ἃ
592 1247 763 1285 πραττόμενα
788 1246 837 1284 μὲν

42 1292 147 1321 κόλασιν
161 1291 248 1332 φέρεν
271 1291 308 1330 μὴ
331 1291 502 1331 πραττόμενα
530 1291 575 1330 δὲ,
591 1291 664 1320 οὐδὲν
691 1291 834 1330 ἐγκώμιον.

44 1337 100 1366 Εἰσὶ
116 1337 207 1374 μέντοι
229 1337 307 1376 τινὰ,
324 1336 341 1366 ἃ
356 1338 385 1366 οὗ
408 1337 446 1366 δεῖ
462 1336 672 1376 παραγγέλλειν,
697 1335 835 1376 τουτέστι,

42 1380 77 1418 μὴ
89 1383 155 1420 μετᾶ
172 1383 286 1418 ἀπειλῆς
305 1382 475 1412 ἀναστέλλειν
486 1405 494 1419 ,
510 1382 570 1410 ἀλλ’
586 1383 612 1410 ἐν
627 1383 660 1421 τῇ
676 1381 770 1421 γνώμῃ
782 1383 836 1411 τῶν

41 1427 186 1456 ἀκουόντων
204 1429 262 1468 ἕᾷν*
281 1429 316 1460 ὡς
337 1426 367 1456 τὸ
389 1428 503 1456 κενῶσαι
520 1426 663 1467 χρήματα,
684 1426 714 1456 τὸ
735 1429 837 1467 παρθε-

43 1470 133 1502 νεύειν.
147 1471 200 1502 «Ὀ
212 1472 354 1510 δυνάμενος
363 1486 372 1496 ι·
382 1471 526 1511 γὰρ,φησὶ,
539 1485 550 1497 ι
559 1475 668 1512 χωρεῖν,
681 1471 811 1511 χωρείτω,
825 1485 836 1497 ι

45 1515 120 1549 Εἰκὸς
130 1512 175 1545 οὖν
184 1516 293 1557 [cp-nol],
301 1516 344 1546 τὸν
357 1518 462 1547 Παῦλον
479 1517 659 1556 παραγγεῖλαι
673 1517 760 1550 αὐτοῖς
770 1516 837 1555 μετὰ

43 1561 136 1590 πολλοῦ
160 1561 246 1601 φόϐου
265 1562 326 1602 περί
340 1573 427 1591 τινων.
448 1561 496 1591 Διὸ
510 1562 540 1591 οὔ
554 1561 656 1596 τίθησιν
672 1561 754 1598 αὐτὰ,
777 1561 837 1590 ἀλλ’

472 184 646 214 EXPOSI’I‘IO
665 185 698 214 IN
717 185 823 213 EPIST.
845 185 852 212 I
875 185 919 212 AD
938 185 1053 214 THESS.
1074 202 1108 207 —
1128 187 1203 215 CAP.
1227 189 1269 216 IV.

1623 192 1633 218 Ι
1640 191 1690 218 306

1207 251 1314 279 CAPUT
1335 252 1378 280 IV.

929 304 1038 332 VsnsJ
1058 304 1136 338 Quod
1155 305 1288 340 reliquum
1302 308 1350 337 est,
1365 307 1478 341 fratres,
1496 315 1629 342 rogamus
1645 315 1690 336 vos

893 352 919 377 et
933 351 1099 378 obsecramus
1114 351 1144 377 in
1158 351 1270 378 Domino
1280 352 1354 384 Jesu,
1374 352 1600 387 quemadmodum
1619 361 1691 381 acce«

890 396 972 430 pistis
995 403 1012 422 a
1037 396 1112 423 nobis
1135 395 1264 430 quomodo
1287 397 1409 430 oporteat
1431 405 1480 424 vos
1495 397 1633 425 ambulare
1653 405 1686 425 ac

891 440 997 475 placere
1019 441 1088 475 Deo,
1116 442 1146 467 ut
1171 439 1312 467 abundetis
1330 442 1424 475 magis.
1446 441 1688 478 Quandoquidem,

894 484 990 520 inquit,
1014 484 1050 512 de
1072 485 1104 512 iis
1125 492 1187 520 qua:
1208 484 1305 512 decent
1321 484 1393 520 apud
1415 493 1464 513 vos
1486 487 1592 514 locutus
1613 494 1687 521 sum,

894 529 986 557 audite
1006 537 1088 565 porro
1103 529 1137 557 de
1159 529 1192 557 iis
1207 537 1268 565 quae
1283 537 1391 565 semper
1402 530 1496 558 auditu
1510 535 1576 558 sunt
1593 539 1688 560 neces-

895 574 974 602 saria.
997 575 1069 602 Nam
1085 573 1168 608 istud,
1185 574 1264 608 Quod
1288 575 1421 610 reliquum
1436 578 1487 608 est.
1512 575 1564 603 hoc
1589 576 1692 611 signiﬁ-

895 623 948 653 cat,
971 618 1023 646 hoc
1045 623 1087 646 est
1101 627 1212 654 semper
1234 623 1262 647 et
1280 623 1421 655 perpetuo.
1441 619 1511 648 Vide
1529 624 1620 648 autem
1635 621 1692 657 ejus

895 663 1090 695 humilitatem.
1119 663 1353 700 quemadmodum
1374 672 1408 692 ne
1432 664 1467 693 ad
1490 664 1689 693 obsecrantium

895 708 1005 743 quidem
1034 708 1083 736 sibi
1113 709 1181 737 satis
1211 716 1272 736 esse
1301 709 1470 737 auctoritatis
1499 710 1610 746 putarit,
1643 710 1690 739 sed

895 753 1032 781 Christum
1053 758 1185 788 assumat,
1206 753 1333 790 inquiens
1352 764 1358 782 :
1374 753 1499 782 Christus
1517 762 1565 782 vos
1581 763 1629 790 per
1644 763 1690 783 me

895 798 1029 826 obsecrat.
1052 799 1200 834 Accepistis
1217 803 1319 833 autem,
1340 806 1397 826 non
1413 803 1455 826 est
1468 799 1614 827 verborum
1632 804 1690 828 tan-

895 847 966 876 tum,
982 850 1076 870 verum
1092 843 1174 871 etiam
1190 851 1304 879 operum
1318 852 1325 870 :
1342 851 1407 871 nam
1423 851 1470 879 per
1484 852 1566 880 opera
1579 852 1689 880 quoque

894 887 1020 915 docebat.
1049 887 1121 923 Quid
1154 895 1219 916 vero
1248 888 1444 916 obsecramus?
1482 890 1515 916 Ut
1545 890 1689 917 abundetis

895 934 981 968 magis
995 943 1003 959 :
1021 933 1074 961 hoc
1086 937 1138 966 est,
1159 938 1191 961 ut
1206 932 1310 968 aliquid
1322 941 1407 969 supra
1422 933 1585 961 mandatum
1599 933 1688 962 facere

894 977 1275 1014 nitamini,,atque{imperata
1291 978 1434 1014 superetis.
1449 978 1688 1013 Quemadmodum

892 1022 964 1050 enim
982 1026 1053 1050 terra
1071 1030 1126 1050 non
1146 1030 1176 1050 ea
1197 1022 1286 1050 solum
1306 1030 1368 1059 qum
1387 1023 1414 1050 in
1430 1023 1517 1059 ipsam
1535 1023 1611 1059 jacta
1632 1023 1689 1051 fue-

893 1067 958 1101 rint,
986 1067 1089 1103 profert
1120 1076 1127 1095 :
1158 1067 1196 1095 sic
1220 1067 1327 1095 animus
1353 1075 1409 1095 non
1435 1066 1519 1095 debet
1539 1068 1688 1097 consistere

891 1112 962 1140 intra
984 1116 1130 1148 praecepta.
1151 1111 1198 1140 sed
1218 1120 1248 1139 ea
1269 1112 1352 1140 etiam
1373 1119 1512 1148 superare.

928 1158 1016 1185 νεεδ.
1043 1159 1069 1184 2.
1094 1158 1175 1185 Scitis
1198 1158 1269 1184 enim
1294 1165 1355 1192 quae
1373 1160 1508 1192 pracepta
1533 1157 1687 1185 dederimus

892 1202 964 1229 vobis
984 1210 1039 1238 per
1057 1203 1200 1229 Dominum
1216 1205 1337 1229 nostrum
1352 1204 1441 1230 Iesum
1454 1203 1599 1231 Christum.
1619 1203 1689 1231 Prm-

891 1251 1001 1282 ceptum
1016 1250 1058 1274 est
1072 1246 1106 1274 de
1128 1247 1159 1274 iis
1171 1254 1233 1282 qum
1248 1246 1374 1283 fugienda
1389 1251 1455 1275 sunt
1471 1256 1478 1274 ε
1497 1254 1559 1283 qua:
1573 1247 1594 1275 si
1609 1247 1687 1282 ﬁant,

892 1298 1001 1327 paruam
1017 1290 1105 1319 ferunt
1128 1301 1136 1319 :
1155 1299 1211 1319 non
1233 1295 1340 1327 peracta
1360 1299 1435 1326 vero,
1453 1291 1522 1320 nihil
1546 1296 1690 1320 merentur

892 1335 1030 1371 praeconii.
1046 1336 1117 1364 Sunt
1128 1340 1220 1364 autem
1240 1335 1376 1372 quaedam,
1392 1344 1454 1372 qua:
1468 1344 1525 1364 non
1539 1341 1605 1364 sunt
1619 1345 1689 1373 prae-

890 1380 1025 1417 cipienda.
1044 1380 1097 1408 hoc
1112 1385 1163 1414 est,
1185 1388 1242 1408 non
1258 1381 1341 1408 minis
1356 1380 1508 1409 cohibenda
1520 1401 1527 1415 ,
1545 1381 1592 1410 sed
1613 1381 1685 1409 arbi-

890 1425 943 1453 trio
956 1425 1112 1453 auditorum
1128 1425 1318 1461 relinquenda,
1338 1430 1369 1453 ut
1383 1424 1523 1453 facultates
1536 1425 1687 1460 effundere,

893 1469 1053 1506 virginitatis
1067 1474 1171 1498 statum
1186 1477 1302 1498 servare.
1321 1471 1392 1498 Nam
1408 1472 1458 1506 qui
1472 1473 1561 1505 potest
1583 1479 1686 1506 capere,

892 1516 993 1550 capiat,
1013 1515 1102 1550 inquit
1117 1515 1254 1543 Dominus
1268 1521 1285 1542 °.
1302 1515 1455 1543 Verisimile
1470 1519 1512 1543 est
1526 1515 1607 1551 igitur
1622 1517 1687 1544 Pau-

891 1559 949 1586 lum
967 1559 1093 1595 quaedam
1108 1559 1159 1587 illis
1174 1567 1274 1595 magno
1293 1567 1358 1587 cum
1377 1563 1483 1587 terrore
1498 1559 1686 1588 demandasse.

46 1597 240 1644 ἇναμιμνῆσκει
260 1597 367 1640 αὐτούς.
396 1607 484 1636 Πάλιν
500 1606 528 1636 δὲ
552 1607 596 1635 τὸν
617 1605 733 1645 Χριστὸν
757 1608 793 1639 εἷς
807 1607 829 1636 τὶ

928 1603 1078 1632 Iamobrem
1100 1611 1131 1632 ea
1149 1603 1238 1632 verbi
1257 1612 1312 1632 non
1331 1604 1471 1639 exprimit,
1494 1604 1542 1632 sed
1565 1605 1630 1640 ipsis
1653 1603 1688 1632 ad

45 1649 120 1686 μέσον
138 1651 254 1686 τίθησιν.
270 1650 330 1681 Οὐκ
347 1650 400 1690 ἐμὲ
417 1650 480 1691 γὰρ,
501 1651 599 1691 φησὶν,
622 1650 639 1680 ἃ
653 1650 835 1692 παρήγγειλα,

45 1694 99 1723 ἀλλ’
113 1695 212 1726 ἐκείνου
231 1698 327 1726 ταῦτα⁸
351 1695 419 1726 ὥστε
442 1698 539 1730 ἐκεῖνος
557 1695 574 1732 ἢ
596 1696 795 1733 εἰσακοὺσεται,
820 1695 837 1732 ἢ

45 1739 182 1772 ἀθετεῖται.

81 1831 92 1844 α
108 1820 192 1850 Τοῦτο
204 1819 256 1860 γάρ
267 1821 323 1849 ἔστι
338 1820 442 1858 θέλημα
459 1822 541 1855 Θεοῦ,
559 1823 572 1850 ὁ
585 1821 716 1859 ἁγιασμὸς
729 1821 812 1858 ὑμῶν.
825 1834 837 1846 ιι

45 1863 185 1894 Τουτέστιν
201 1867 219 1900 ἡ
239 1865 407 1904 σωφροσύνη.
453 1867 599 1904 Πανταχοῦ
615 1865 643 1894 Si
658 1865 719 1904 περὶ
739 1864 838 1901 ταύτης

45 1910 240 1949 παραγγέλλει,
256 1911 303 1939 καὶ
318 1909 443 1950 Τιμοθέῳ
462 1910 571 1950 γράφων
583 1933 590 1946 ,
607 1909 654 1939 καὶ
670 1910 834 1949 Κορινθίοις,

48 1952 90 1981 καὶ
113 1953 261 1994 Ἑϐραίοις.
315 1955 370 1985 Καὶ
385 1954 437 1994 γὰρ
451 1954 605 1995 τυραννικὸν
621 1954 652 1984 τὸ
670 1955 770 1990 πάθος,
791 1955 836 1984 καὶ

46 1998 81 2025 δεῖ
95 1999 199 2028 πολλῶν
214 2001 268 2029 τῶν
282 2000 431 2040 φαρμάκων
446 1999 491 2029 καὶ
507 2001 635 2040 συνεχῶν.

81 2055 91 2067 ε
108 2042 268 2084 Ἀπέχεσθαι
289 2044 343 2073 ἀπὸ
357 2044 446 2080 πάσης
459 2045 590 2084 πορνείας.
605 2058 616 2070 ιι
633 2043 725 2074 Πολλὰ
738 2044 789 2084 γὰρ
803 2044 835 2074 τὰ

46 2085 98 2122 εἴδη
115 2088 214 2124 ταύτης
229 2090 275 2119 καὶ
287 2089 444 2130 πολύπλοκα
450 2111 460 2124 ,
479 2089 497 2118 ἃ
517 2090 574 2120 οὐδὲ
590 2090 673 2119 εἰπεῖν
686 2090 814 2130 ἠνέσχετο
824 2111 832 2126 ,

45 2131 98 2160 ἀλλ’
112 2132 218 2171 ἅπλῶς,
233 2148 243 2161 ι
258 2134 353 2171 "cia-nc
363 2156 371 2171 ,
389 2147 401 2160 ι
419 2129 504 2164 εἶπεν.

892 1649 1055 1677 memoriam
1083 1652 1191 1677 tantum
1219 1652 1338 1677 revocat.
1364 1649 1473 1677 Rursus
1498 1653 1590 1676 autem
1614 1648 1689 1677 Chri-

891 1698 965 1722 stum
989 1694 1017 1721 in
1032 1693 1155 1722 medium
1179 1693 1295 1729 profert.
1319 1694 1380 1721 Non
1399 1701 1460 1722 mea
1484 1693 1569 1728 enim,
1586 1693 1686 1730 inquit,

892 1738 1018 1774 praecepi,
1033 1738 1080 1766 sed
1097 1739 1168 1766 illius
1188 1742 1252 1766 sunt
1271 1738 1329 1766 haec
1349 1746 1356 1765 τ
1375 1738 1468 1775 itaque
1484 1738 1530 1766 ille
1550 1739 1590 1766 vel
1611 1746 1689 1766 exau-

891 1782 982 1810 dietur
994 1783 1034 1810 vel
1050 1783 1248 1819 reprobabitur.

927 1829 1015 1856 Vens.
1043 1830 1068 1855 3.
1092 1829 1153 1855 Haec
1167 1829 1205 1854 est
1221 1828 1291 1854 enim
1314 1828 1439 1855 voluntas
1459 1827 1515 1857 Dei,
1533 1829 1686 1862 sancti/ica-

892 1873 927 1899 ti'o
943 1875 1042 1899 vestra.
1066 1872 1094 1899 ld
1111 1875 1162 1905 est,
1178 1871 1374 1907 temperantia.
1405 1871 1516 1908 Ubique
1539 1876 1630 1900 autem
1653 1872 1687 1900 de

892 1916 943 1944 hac
959 1916 1096 1952 praecipit;
1112 1915 1261 1944 Timotheo
1275 1915 1406 1944 nimirum
1422 1916 1566 1951 scribens“,
1586 1917 1683 1944 Corin-

891 1960 954 1989 thiis
965 1967 985 1995 ε,
1003 1965 1029 1989 et
1047 1961 1171 1989 Hebraeis
1183 1961 1202 1989 ε.
1224 1960 1409 1997 Tyrannicum
1425 1961 1500 1989 enim
1517 1961 1621 1989 malum
1642 1966 1685 1990 est

891 2005 1034 2041 impuritas
1043 2027 1050 2039 ,
1069 2010 1095 2034 et
1107 2005 1202 2034 multis
1214 2009 1242 2034 et
1254 2005 1390 2034 continuis
1403 2005 1559 2042 pharmacis
1572 2005 1683 2042 indiget.

929 2052 963 2078 Ut
986 2051 1146 2078 abstineatis
1168 2051 1202 2078 ab
1228 2052 1302 2078 omni
1326 2052 1516 2085 fornicatione.
1545 2050 1684 2087 Siquidem

890 2095 984 2123 multze
998 2099 1025 2123 et
1040 2096 1122 2123 varia:
1142 2095 1224 2131 hujus
1245 2095 1310 2123 mali
1332 2096 1439 2132 species
1461 2099 1537 2129 sunt,
1561 2103 1628 2131 quas
1649 2103 1685 2124 ne

888 2140 980 2168 dicere
994 2139 1106 2177 quidem
1125 2140 1265 2174 sustinuit,
1283 2139 1332 2168 sed
1349 2139 1518 2177 simpliciter,
1538 2140 1580 2168 Ab
1598 2141 1683 2172 omni,

887 2184 965 2212 dixit.

81 2235 92 2246 ι
114 2224 220 2253 Εἰδίναι
243 2224 355 2255 ἕκαστον
380 2226 454 2264 ὑμῶν
482 2224 512 2254 τὸ
538 2227 632 2255 ἑαυτοῦ
662 2229 753 2260 σκεῦος
768 2230 829 2255 κτᾶ-

928 2230 1010 2258 Vzns.
1031 2232 1057 2256 4.
1084 2231 1117 2258 Ut
1146 2231 1214 2257 sciat
1236 2231 1422 2265 unusquisque
1444 2232 1572 2260 vestrum,
1604 2237 1684 2257 suum

44 2267 100 2311 σθαι
115 2269 140 2296 ἐν
156 2269 282 2311 ἁγιασμῷ
297 2270 342 2299 καὶ
358 2272 435 2309 τιμῇ.
447 2283 459 2296 ι
484 2270 583 2304 Σκέῠος
596 2270 627 2300 τὸ
646 2271 726 2309 σῶμά
740 2282 828 2311 φησιν.

44 2308 123 2340 Ὀιαν
135 2313 181 2351 μὲν
197 2309 242 2343 οὖν
255 2315 444 2354 σωφρονῶμεν,
458 2315 503 2344 καὶ
554 2316 669 2356 καθαρὸν
684 2308 731 2356 [ἐν
747 2308 830 2354 ἆγια-

45 2357 128 2400 ἳμῷ1,
151 2359 228 2396 ἡμεῖς
244 2358 308 2388 αὐτὸ
322 2358 459 2397 κτώμεθα·
483 2361 545 2390 ὅταν
559 2359 585 2390 δὲ
602 2361 751 2400 ἀκάθαρτον
770 2356 797 2400 ἦ,
812 2363 829 2396 ἡ

45 2399 155 2440 ἁμαρτία
169 2403 234 2433 αὐτὸ
248 2408 354 2435 κτᾶται.
381 2403 411 2434 Ἃ
428 2404 480 2444 γὰρ
499 2405 586 2441 εκείνη
602 2405 746 2442 ἐπιτάττει,
761 2409 830 2435 ποιεῖ

46 2444 102 2491 αὐτὸ
110 2447 143 2481 ὥς
151 2447 251 2478 δοῦλον.
266 2448 346 2479 Ἀλλὰ
358 2449 384 2479 δὲ
397 2450 407 2489 [
455 2449 504 2490 δὴ]
514 2451 559 2480 καὶ
566 2450 624 2480 τότε
633 2450 702 2480 ἐστὶν
714 2451 741 2480 ἐν
749 2453 828 2491 τιμῇ,

45 2488 83 2534 ἔτι
96 2499 233 2532 σωφρονεῖ.
251 2492 340 2524 "nos:
355 2496 372 2530 ἡ
389 2488 520 2534 ἆμαρτία,
536 2495 641 2533 ἀτιμία.
670 2488 830 2534 Σημιίωσαι

46 2532 73 2580 δὲΔ
83 2534 126 2571 τὸ,
140 2538 275 2568 ιιΕἰδέναι·
286 2553 299 2565 υ
314 2539 429 2568 δείκνυσι
441 2532 492 2580 γὰρ
508 2539 548 2569 ὅτι
563 2532 700 2576 ἀσκήσεως
715 2532 760 2570 καὶ
777 2553 828 2579 μα-

46 2577 137 2626 θῇσεώς
157 2582 212 2612 ἐστι
237 2583 268 2613 τὸ
288 2577 452 2624 σωφρονεῖνξ
475 2577 529 2614 Καὶ
555 2586 605 2613 ποῦ
621 2585 645 2614 οἱ
670 2583 717 2618 τὰς
738 2577 826 2626 φύσεις

47 2623 185 2663 εἰσάγοντες
198 2629 346 2669 Μανιχαῖοι
359 2628 404 2658 καὶ
420 2629 621 2669 Μαρκιωνισταί
629 2642 636 2666 ;

887 2275 974 2310 ipsius
998 2282 1045 2302 vas
1069 2274 1208 2310 possidere
1233 2275 1263 2301 in
1289 2275 1498 2309 sanctiﬁcatione
1528 2277 1553 2302 et
1572 2275 1682 2302 honore.

885 2319 939 2346 Vas
962 2326 1062 2353 corpus
1087 2319 1178 2354 ipsum
1193 2318 1324 2354 appellat.
1344 2318 1461 2353 Quando
1490 2319 1566 2346 enim
1593 2319 1682 2347 conli-

885 2368 983 2391 nentes
1004 2371 1110 2396 sumus,
1139 2370 1293 2399 corpusque
1321 2363 1405 2399 518
1428 2371 1528 2399 purum
1552 2368 1604 2398 est,
1633 2371 1684 2392 nos

885 2408 977 2444 ipsum
1001 2407 1183 2444 possidemus.
1202 2407 1320 2442 Quando
1345 2415 1409 2436 vero
1424 2408 1568 2443 impurum
1587 2408 1680 2444 fuerit,

884 2456 1027 2488 peccatum
1039 2452 1129 2488 ipsum
1145 2451 1267 2488 possidet
1282 2462 1287 2480 :
1302 2459 1363 2488 quae
1375 2453 1452 2480 enim
1462 2452 1535 2481 istud
1553 2453 1684 2489 imperat,

884 2497 955 2525 istuc
971 2497 1034 2525 facit
1048 2497 1118 2525 sicut
1137 2504 1244 2525 servus.
1264 2498 1369 2525 Verum
1385 2501 1444 2526 tum
1460 2502 1502 2525 est
1521 2498 1549 2525 in
1568 2497 1683 2532 honore,

883 2542 994 2579 quando
1017 2542 1142 2570 sobrium
1163 2546 1205 2570 est
1222 2546 1249 2570 et
1270 2541 1410 2578 pudicum.
1431 2544 1576 2570 Peccatum
1599 2543 1682 2578 igitur

883 2589 924 2615 est
943 2587 1104 2623 ignominia.
1119 2587 1243 2616 Observa
1264 2591 1356 2615 autem
1377 2587 1451 2623 quod
1474 2587 1523 2619 ait,
1550 2589 1583 2614 Ut
1602 2588 1681 2614 sciat.

884 2632 992 2660 [ndicat
1012 2632 1086 2660 enim
1109 2632 1264 2660 castitatem
1282 2636 1309 2660 et
1327 2632 1528 2660 continentiam
1552 2638 1620 2666 opus
1631 2630 1679 2658 ha-

884 2676 948 2705 bere
959 2677 1088 2705 exercitio
1101 2681 1129 2705 et
1141 2676 1292 2713 disciplina.
1304 2677 1396 2712 Atque
1407 2676 1453 2704 ubi
1461 2680 1525 2704 sunt
1535 2674 1680 2703 Manichtei

881 2725 909 2750 et
921 2721 1108 2750 Marcionistw
1118 2722 1165 2758 qui
1179 2725 1292 2750 naturas
1302 2721 1457 2749 inducunt?

79 2760 89 2772 '
101 2757 193 2788 Matth.
209 2768 273 2789 xix.
289 2764 332 2789 12.
368 2761 382 2779 α
398 2763 407 2790 l
424 2762 500 2790 Tim.
515 2769 544 2797 ν,
566 2764 610 2791 22.
649 2763 681 2790 Ἰ
695 2764 756 2792 Cor.
772 2769 852 2800 ηδ.
892 2766 901 2783 ι
915 2765 996 2794 Hebr.
1007 2773 1067 2801 xu,
1086 2769 1129 2795 14.

728 2805 824 2836 Varia:
847 2807 996 2837 lectiones.

78 2835 99 2854 ’⁸
112 2835 178 2873 ἡμῶν
188 2848 214 2870 0.
252 2841 274 2858 ²⁹
287 2843 352 2878 μόνα
367 2850 394 2871 o.
431 2842 454 2860 ³⁸
465 2842 620 2878 παραγγελία
635 2850 663 2871 ο.
703 2842 723 2860 ⁸¹
739 2844 764 2871 ἐν
780 2854 806 2874 ο.
