1890 3077
213 171 278 197 1311

720 163 977 193 τιιΕοιδιιγιΑετι
996 162 1175 191 ΒυιϐΛΙίΙᾸΣ
1193 162 1350 191 ARCHIEP.

1795 165 1858 192 1312

209 231 347 260 medetur.
363 231 433 266 Quia
448 239 512 259 vero
527 230 656 268 pleraque
668 229 806 266 incognita
819 235 870 255 nos
884 226 993 255 turbant

1097 226 1156 255 ἱτων
1182 225 1345 266 ἀγνοούμενα
1371 225 1419 265 μὲν
1437 226 1516 256 λυπεῖ
1538 228 1621 264 ἡμᾶς,
1649 226 1755 266 γνωσθέ
1778 238 1811 256 τα
1835 228 1858 256 δὲ

208 277 318 313 cognita
332 280 426 304 autem
442 276 582 304 tristitiam
605 275 715 309 tollunt,
742 277 883 310 prepterea
904 271 1004 308 inquit,

212 323 278 350 Nolo
297 330 342 349 vos
370 323 504 355 ignorare.
525 322 587 349 Non
610 320 681 348 dixit
706 323 810 352 autem,
827 318 860 346 de
879 316 1004 351 mortuis,

210 366 269 400 sed,
287 369 324 394 De
343 367 536 394 dormientibus
550 375 558 400 ί
572 373 603 393 ex
616 366 674 401 ipso
689 364 771 392 etiam
785 362 915 391 vocabulo
937 361 1007 389 futu~

209 419 272 439 ram
287 411 516 439 resurrectionem
527 410 687 438 ostendens.

248 458 281 484 Ut
290 464 343 483 non
357 457 560 487 emitr-fatemini,
579 457 649 483 sicut
662 458 687 482 et
698 455 785 482 caeteri
799 454 847 489 qui
859 459 932 487 spem
951 459 1005 478 non

211 502 322 529 habent.
337 501 422 537 Cujus
436 501 472 528 rei
497 499 835 536 spemPResnrrectionis.
855 498 907 533 Qui
931 495 1005 524 enim

208 554 264 574 non
280 545 381 574 habent
401 553 479 581 spem
504 545 725 578 resurrectionis,
739 544 768 572 hi
781 544 872 581 lugere
887 545 1000 573 debent.

206 590 390 619 Attendamus
403 590 495 626 igitur,
509 595 536 618 et
550 589 721 618 horreamus.
734 589 805 624 Quid
819 590 922 626 igitur?
935 597 998 626 pro-

208 635 328 672 pterlioc
339 643 394 663 non
409 635 449 662 vis
462 636 597 671 ignorare,
606 639 635 662 ut
652 642 707 662 non
718 634 935 662 contristentur?
950 636 1001 663 Ec—

208 681 254 717 qui
275 688 330 708 non
350 680 426 714 dicis,
449 681 489 708 Ut
509 687 566 708 non
581 679 741 715 puniantur,
764 687 872 712 verum,
895 683 925 707 ut
947 687 1003 708 non

205 725 487 758 contristenturPNae,
500 725 589 761 inquit
605 734 611 752 :
623 732 689 752 nam
702 723 816 752 tristitia
827 724 880 752 ista
893 732 1003 760 poenam

209 769 334 838 “13:22..
347 813 390 838 14.
410 811 440 838 Si
452 811 521 838 cnim
544 810 677 838 credimus
697 810 768 845 quod
791 811 866 837 Iesus
882 812 1003 837 mortuus

205 859 244 884 est
256 858 281 883 et
293 857 454 886 resumes-it,
481 857 518 882 sic
535 857 560 882 et
570 857 640 883 Deus
663 863 704 882 eos
719 856 768 890 qui
780 855 948 882 dormierunt
952 862 1002 890 per
1015 853 1039 884 Β

209 902 301 929 Iesum
311 901 425 928 adducet
437 908 495 928 cum
508 908 546 928 eo.
558 899 812 936 Quemadmodum.
829 900 929 936 inquit,
945 901 1001 928 Do-

205 945 314 974 minum
330 946 428 973 Jesum
444 945 586 977 excitavit,
609 944 656 980 qui
670 945 849 980 corporaliter
863 948 891 972 et
905 952 1002 980 passus

203 994 273 1025 erat,
294 994 324 1018 et
343 993 463 1018 mortem
478 989 601 1018 obierat:
622 989 661 1018 sic
677 993 706 1017 et
720 997 771 1017 nos
789 989 930 1018 excitabit.
943 988 1002 1017 0b-

205 1043 282 1063 serva
304 1038 398 1063 autem
418 1034 557 1070 quomodo
572 1033 605 1062 de
618 1034 750 1068 Domino,
768 1038 913 1070 propterea
927 1034 1001 1070 quod

205 1080 370 1107 resurrectio
395 1079 454 1115 ejus
464 1079 522 1116 jam
541 1078 613 1107 facta
635 1078 680 1112 sit,
709 1078 878 1108 conﬁdenter
893 1078 1002 1113 dixerit,

210 1127 332 1152 Mortuus
356 1127 394 1151 est
409 1132 419 1151 :
431 1123 465 1152 de
487 1123 569 1152 nobis
595 1131 671 1157 vero,
701 1123 765 1159 quia
791 1126 885 1152 nostra
911 1123 1001 1152 adhuc

204 1169 296 1197 futura
307 1177 347 1197 es.
363 1169 540 1202 resurrectio,
553 1170 606 1196 Eos
625 1170 674 1204 qui
688 1169 868 1202 dormierunt,
884 1169 974 1205 inquit
992 1179 999 1197 :

204 1214 330 1242 indicans
344 1221 404 1242 esse
418 1214 626 1242 excitationem.
640 1213 781 1250 Numquid
791 1214 868 1242 enim
881 1213 928 1250 qui
937 1213 1000 1242 dor-

204 1259 266 1293 mit,
281 1259 381 1295 inquit,
394 1266 452 1287 non
463 1258 573 1295 adjiciet
587 1263 617 1286 ut
635 1259 776 1295 resurgat?
796 1258 872 1286 Istud
892 1262 1000 1292 autem;

203 1305 254 1332 Eos
268 1305 316 1340 qui
327 1304 495 1332 dormierunt
505 1312 556 1338 per
567 1306 668 1335 Jesum,
679 1303 802 1334 adducet,
813 1302 939 1331 bifariam
962 1303 1002 1331 in-

203 1349 305 1385 telliges
331 1358 338 1376 :
366 1349 417 1382 vel,
440 1348 559 1376 adducet
580 1356 629 1384 per
651 1349 758 1382 Jesum,
778 1349 830 1376 hoc
848 1352 900 1384 est,
921 1349 1002 1377 Filius

203 1394 256 1421 erit
282 1393 334 1422 illis
349 1393 560 1422 resurrectionis
584 1393 729 1427 mediator,
755 1393 869 1429 illosque
892 1393 921 1421 in
935 1401 1002 1422 con-

201 1442 294 1474 spectu
308 1439 397 1466 Patris
420 1438 655 1471 constituetzvel,
681 1438 728 1474 qui
753 1437 928 1466 dormierunt
953 1446 1001 1474 per

201 1484 309 1517 Jesum.
322 1483 374 1511 hoc
394 1487 437 1512 est
451 1483 554 1511 ﬁdeles.
570 1483 710 1511 Christum
726 1483 803 1510 enim
817 1483 948 1512 habentes
971 1484 997 1512 in

202 1528 308 1565 seipsis,
322 1527 468 1556 dormiunt
483 1535 532 1564 per
555 1528 658 1556 Jesum.
674 1529 716 1555 De
740 1527 894 1564 particulari
916 1528 999 1563 igitur
1013 1534 1037 1566 ρ

201 1574 400 1601 resurrectione
421 1572 464 1600 hic
479 1572 608 1608 loquitur,
624 1571 677 1600 hoc
689 1576 730 1600 est
743 1572 853 1606 celebri,
874 1581 938 1608 quae
956 1578 999 1601 est

200 1617 336 1650 ﬁdelium,
351 1625 413 1653 quae
432 1625 496 1644 cum
510 1616 632 1644 Domino
645 1621 688 1644 est
701 1625 708 1644 :
723 1624 800 1651 nam,
810 1617 926 1645 adducet
940 1626 1000 1646 mm

200 1663 268 1697 ipso,
280 1661 333 1689 hoc
343 1665 394 1695 est,
410 1669 473 1689 cum
487 1661 607 1689 Domino
627 1660 655 1688 in
667 1660 787 1689 nubibus
808 1662 896 1697 rapiet
921 1663 998 1691 undi-

199 1714 262 1742 que.
277 1706 349 1733 Nam
361 1705 394 1734 de
405 1704 553 1733 universali
563 1705 765 1733 resurrectione
775 1705 999 1734 Thessalonicen-

199 1758 243 1779 ses
261 1754 369 1778 norant.
383 1751 487 1778 Verum
501 1749 554 1778 hoc
563 1749 622 1785 jam
639 1749 708 1783 vult.
734 1750 874 1778 consolari
889 1759 937 1779 eos
950 1759 998 1788 per

202 1796 258 1824 hoc
266 1795 339 1832 quod
351 1794 477 1824 ostendat
493 1795 631 1823 celebrem
649 1799 678 1822 et
691 1795 839 1831 gloriosam
856 1795 938 1831 521
956 1803 996 1824 re-

201 1841 401 1869 surrectionem
424 1839 557 1871 ﬁdelium,
571 1843 602 1867 ut
611 1847 668 1868 non
679 1840 882 1868 contristentur.
892 1841 998 1869 Omnes

200 1886 274 1914 enim
294 1889 447 1921 resurgent,
470 1884 518 1913 sed
541 1892 600 1912 non
615 1892 710 1912 omnes
732 1885 759 1913 in
781 1885 879 1921 gloria,
900 1893 996 1914 verum

199 1930 292 1958 ﬁdeles
310 1934 429 1964 tantum,
444 1929 497 1957 hoc
513 1933 565 1965 est,
588 1929 633 1965 qui
656 1937 739 1964 opera
762 1929 896 1958 doctrinae
912 1931 996 1958 simul

197 1975 328 2012 adjuncta
351 1974 463 2003 habent.
481 1973 611 2010 Expende
630 1978 724 2002 autem
749 1981 811 2011 qua
837 1979 995 2011 sequuntur

198 2020 303 2048 omnia.

237 2065 326 2093 Vnus.
346 2067 388 2092 15.
402 2066 456 2093 Hoc
472 2066 542 2092 enim
565 2064 637 2091 vobis
659 2065 774 2092 dicimus
792 2066 821 2092 in
844 2065 923 2093 verbo
943 2067 994 2093 Do-

199 2111 277 2138 mini.
301 2111 408 2138 Novum
434 2109 536 2145 aliquid
559 2109 684 2137 dicturus
709 2111 761 2142 est,
789 2117 850 2137 eam
861 2109 897 2137 ob
935 2117 994 2138 rem

199 2154 471 2190 ipsiﬁdemconciliat
482 2161 498 2182 a
512 2153 594 2182 verbo
604 2154 664 2182 Dei.
674 2155 736 2182 Non
744 2162 760 2182 a
783 2161 828 2182 me
838 2155 898 2190 ipso
909 2155 995 2189 enim,

197 2208 292 2247 verum
304 2199 380 2247 quod
385 2207 417 2247 _a_
435 2199 546 2228 Christo
569 2198 662 2233 didici,
686 2199 794 2247 loquor:
818 2199 927 2247 Etenim
942 2199 994 2247 hoc
1012 2216 1035 2247 Β

196 2244 298 2273 diserte
329 2244 433 2273 audivit
456 2252 472 2272 α
498 2247 677 2280 praeceptore,
702 2243 813 2279 perinde
837 2251 871 2272 ac
892 2243 959 2272 illud
985 2253 991 2272 :

198 2291 308 2318 Beatius
333 2292 372 2317 cst
386 2289 453 2317 dare
473 2297 556 2324 quam
574 2289 693 2324 accipere
709 2285 733 2316 τ’.
755 2289 860 2316 Caetera
879 2297 944 2317 vero
965 2297 997 2317 ex

197 2334 300 2370 Spiritu
315 2334 431 2362 dicebat.

234 2379 308 2412 Quod
319 2386 366 2405 nos
378 2380 425 2413 qui
435 2380 560 2410 vivimus,
573 2379 732 2413 quiresidui
746 2387 838 2406 sumus
852 2380 881 2406 in
896 2379 994 2406 adven-

199 2426 255 2450 tum
280 2425 394 2455 Domini,
417 2432 470 2451 non
489 2425 682 2458 prmmimus
695 2431 736 2450 eos
757 2424 806 2459 qui
819 2423 991 2451 dormierunt.

197 2467 276 2502 Quod
289 2467 316 2495 in
330 2467 451 2502 Epistola
465 2467 500 2495 ad
514 2467 670 2495 Corinthios
688 2468 736 2501 ait,
752 2469 785 2495 In
803 2470 944 2500 momento,
965 2469 994 2495 in

200 2514 253 2540 ictu
276 2512 344 2540 oculi
356 2517 377 2545 ι,
390 2511 462 2540 idem
482 2516 509 2539 et
532 2519 604 2540 nunc
627 2512 672 2540 ait.
698 2513 767 2547 Quia
790 2513 863 2540 enim
883 2512 994 2541 difﬁcile

197 2557 348 2590 videbatur,
373 2561 404 2584 ut
427 2557 445 2584 ii
481 2556 527 2592 qui
549 2561 776 2592 computruerant
805 2562 992 2594 resurgerem,

200 2601 298 2638 inquit,
327 2600 408 2637 Quod
434 2601 558 2629 viventes
587 2600 798 2636 haudquaquam
822 2606 994 2631 antevertent

199 2647 276 2680 illos;
300 2646 350 2675 sed
375 2645 610 2683 quemadmodum
634 2645 713 2674 facile
735 2649 777 2674 est
789 2646 848 2674 Deo
871 2647 993 2684 integros

233 2697 246 2716 ¹¹
261 2701 324 2728 Act.
339 2708 393 2735 xx,
411 2702 455 2728 35.
494 2699 526 2727 ‘1
541 2699 604 2728 Cor.
621 2707 672 2734 xv,
688 2701 732 2728 53.

1061 269 1117 300 λύει
1137 270 1185 306 τὴν
1210 270 1312 307 λύπην,
1337 270 1380 301 διὰ
1399 271 1476 301 τοῦτό
1491 283 1585 311 φησιν·
1605 283 1618 300 ε
1637 272 1679 302 Οὐ
1697 272 1770 300 θέλω
1794 273 1858 310 ὓμῑς

1061 316 1174 354 ἀγνοεῖν.
1193 328 1206 344 s
1220 317 1279 346 Οὖκ
1290 311 1346 345 εἶπε
1358 315 1395 352 δὲ,
1408 315 1616 353 Ἀποθανόντων,
1631 316 1715 352 ἀλλὰ,
1737 328 1751 344 σ
1769 318 1859 346 Κεκοι-

1061 360 1201 398 μημένων,
1218 373 1232 388 ι)
1253 360 1352 394 δεικνὺς
1373 361 1418 390 καὶ
1443 360 1469 394 ἐξ
1485 362 1564 390 αὐτοῦ
1579 364 1625 391 τοῦ
1651 361 1799 401 ὀνόματος,
1822 362 1858 390 ὅτι

1059 404 1129 435 ἔστιν
1145 407 1245 446 ἔγερσις
1259 406 1295 434 ³³,

1102 461 1118 478 α
1137 450 1196 481 Ἷνα
1220 449 1258 488 μὴ
1274 451 1408 489 λυπῆσθε,
1432 450 1518 484 καθὼς
1541 450 1587 480 καὶ
1601 451 1624 479 οἱ
1649 451 1758 487 λοιποὶ,
1785 453 1809 481 οἱ
1823 452 1856 489 μὴ

1058 494 1162 534 ἔχοντες
1187 494 1292 524 ἐλπίδα.
1312 507 1326 523 ››
1352 495 1430 529 Τίνος
1453 495 1566 530 “uiae;
1595 494 1797 529 ’Δνασ-τάπεως.
1825 497 1856 526 Οἱ

1058 538 1108 578 γὰρ
1124 539 1161 578 μὴ
1179 539 1282 578 ἔχοντες
1307 539 1400 569 ἐλπίδα
1416 539 1601 577 ἀναστάσεως,
1627 535 1700 570 οὗτοι
1725 541 1858 581 ὀφείλουσι

1058 584 1170 625 πενθεῖν.
1202 583 1368 621 ’Λκούσωμεν
1406 584 1516 623 λοιπὸν,
1547 585 1592 613 καὶ
1630 585 1781 625 φρίξωμεν.
1824 587 1857 616 Τί

1058 624 1118 666 οὖνς
1135 628 1178 658 διὰ
1196 631 1272 658 τοῦτο
1295 630 1325 658 οὐ
1350 629 1432 662 θέλεις
1461 630 1581 668 ἀγνοεῖν,
1609 624 1656 658 ἵνα
1682 629 1722 668 μὴ
1751 632 1855 660 λυπῶν-

1058 684 1120 710 ταις
1136 674 1177 703 Οὐ
1197 673 1281 712 λέγεις
1291 696 1299 710 ,
1313 673 1375 703 Ἶνα
1391 673 1429 712 μὴ
1445 675 1609 704 κολασθῶσιν
1620 697 1630 712 ,
1642 674 1721 710 ἀλλ’,
1747 675 1806 706 Ἵνα
1822 677 1856 715 μὴ

1057 719 1210 755 λυπῶνται,
1226 717 1294 756 Ναὶ,
1309 718 1388 758 φησὶν
1399 741 1408 756 ,
1423 718 1464 748 ὅτι
1477 721 1494 754 ἡ
1507 718 1578 755 λύπη
1594 718 1662 756 αὕτη
1679 720 1732 756 τὴν
1749 721 1855 750 κόλασιν

1058 763 1185 802 προξενεῖ.

1100 820 1115 835 α
1145 809 1176 838 Εἰ
1204 807 1255 848 γὰρ
1283 807 1442 847 πιστεύομεν
1469 809 1510 838 δτι
1536 808 1640 846 Ἰησοῦς
1668 809 1788 840 ἀπέθανε
1815 812 1856 840 καὶ

1058 853 1178 891 ἀνέστη,
1203 852 1272 882 οὕτω
1300 853 1346 882 καὶ
1376 855 1391 882 ὁ
1417 853 1486 887 Θεὸς
1513 852 1573 887 τοὺς
1600 854 1786 892 κοιμηθέντας
1815 856 1855 884 διὰ

1055 900 1100 926 τοῦ
1127 899 1218 934 Ἰησοῦ
1243 897 1300 932 ἄξει
1329 897 1376 928 σὺν
1399 898 1481 938 αὐτῷ.
1507 911 1522 926 ν
1551 896 1679 938 Ὥσπερ,
1713 899 1793 940 φησὶ,
1815 901 1855 930 τὸν

1058 942 1156 981 Κύριον
1192 942 1280 982 ἤγειρε
1309 944 1468 981 σωματικῶς
1497 943 1616 972 παθόντα
1644 943 1692 973 καὶ
1723 945 1853 983 θανόντα,

1055 986 1124 1016 οὕτω
1146 987 1192 1016 καὶ
1210 989 1281 1026 ἡμᾶς
1306 989 1400 1027 ἐγερεῖ.
1425 986 1499 1026 Ὅρα
1524 987 1567 1023 δὲ,
1590 989 1646 1021 πῶς
1662 988 1709 1018 ἐπὶ
1735 989 1786 1027 μὲν
1810 993 1853 1019 τοῦ

1057 1031 1166 1071 Κυρίου,
1191 1031 1233 1061 διὰ
1258 1031 1287 1062 τὸ
1310 1032 1356 1061 καὶ
1381 1032 1428 1068 τὴν
1452 1032 1599 1062 ἀνάστασιν
1621 1033 1672 1069 ἤδη
1701 1034 1851 1073 γεγονέναι,

1056 1076 1219 1116 θαῤῥούντως
1235 1077 1299 1117 φησὶ
1313 1077 1354 1114 τὸ,
1369 1089 1384 1105 α
1402 1076 1543 1107 Ἀπέθανεν
1553 1089 1559 1095 ·
1577 1088 1592 1106 n
1609 1077 1653 1106 ἐπὶ
1667 1078 1696 1107 δὲ
1707 1080 1798 1116 ἡμῶν,
1815 1078 1854 1108 διὰ

1055 1121 1085 1150 τὸ
1101 1121 1206 1160 μέλλειν
1231 1122 1270 1151 ἔτι
1290 1121 1315 1138 ⁴⁰
1336 1121 1384 1158 τὴν
1399 1122 1563 1162 ἀνάστασιν,
1582 1133 1596 1150 α
1620 1121 1693 1156 Τοὺς
1713 1123 1854 1162 κοιμηθέν-

1055 1177 1120 1202 τας,
1137 1178 1152 1193 »
1175 1166 1257 1206 φησι⁹
1275 1165 1375 1200 δεικνὺς
1390 1161 1472 1196 οὖσαν
1493 1166 1539 1196 καὶ
1555 1167 1669 1206 ἔγερσιν.
1695 1167 1746 1203 Μὴ
1763 1169 1777 1196 ὁ
1798 1170 1852 1197 κόι-

1056 1210 1177 1249 μώμινος
1198 1210 1263 1250 γὰρ,
1278 1211 1374 1251 φησὶν,
1391 1211 1451 1250 οὐχὶ
1466 1211 1611 1250 προσθήσει
1635 1211 1663 1241 τὸ
1686 1213 1851 1248 ἀναστῆναι;

1055 1255 1095 1285 Τὸ
1109 1256 1155 1291 δὲ,
1174 1267 1188 1283 s
1218 1255 1400 1294 Κοιμηθέντας
1423 1256 1467 1286 διὰ
1485 1259 1531 1286 τοῦ
1546 1255 1635 1292 Ἰησοῦ
1648 1256 1718 1293 ἄξει,
1736 1268 1752 1285 ι
1771 1259 1848 1298 διχῶς

1055 1301 1170 1336 νοήσεις·
1186 1300 1204 1336 ἣ
1215 1323 1222 1334 ,
1237 1299 1307 1335 Ἀξει
1329 1300 1373 1330 διὰ
1387 1303 1433 1330 τοῦ
1455 1300 1559 1338 Ἰησοῦ,
1586 1301 1725 1331 τουτέστιν
1738 1324 1748 1338 ,
1763 1304 1778 1331 ὁ
1794 1303 1851 1335 Υἱὸς

1056 1346 1142 1378 αὐτοῖς
1158 1344 1267 1383 μεσίτης
1282 1345 1357 1375 ἔσται
1377 1347 1426 1380 τῆς
1441 1345 1628 1382 ἀναστάσεως,
1644 1345 1692 1375 καὶ
1708 1348 1850 1387 παραστή·

1055 1401 1095 1418 σιι
1117 1391 1155 1430 τῷ
1176 1389 1313 1430 προσώπῳ
1327 1392 1371 1419 τοῦ
1389 1389 1508 1429 Πατρός·
1525 1389 1561 1426 ἢ,
1585 1389 1653 1423 Τοὺς
1672 1391 1852 1428 κοιμηθέντας

1054 1433 1097 1462 διὰ
1117 1436 1163 1463 τοῦ
1183 1435 1291 1471 Ἰησοῦ,
1323 1433 1463 1473 τουτέστι,
1492 1433 1551 1468 τοὺς
1573 1434 1696 1469 πιστούς.
1721 1436 1778 1465 Τὸν
1806 1437 1854 1477 γὰρ

1055 1478 1168 1518 Χριστὸν
1184 1478 1290 1519 ἔχοντες
1314 1479 1340 1509 ἓν
1358 1481 1480 1516 ἑαυτοῖς,
1503 1480 1650 1517 κοιμῶνται
1666 1480 1710 1509 διὰ
1725 1482 1773 1509 τοῦ
1800 1482 1855 1517 Ἰη-

1056 1526 1114 1554 σοῦ.
1141 1524 1209 1563 Περὶ
1233 1525 1344 1563 μιρικῆς
1367 1519 1413 1553 οὖν
1441 1523 1610 1557 ἀναστάσεως
1635 1525 1792 1564 διαλέγεται
1816 1527 1854 1555 Eva

1054 1570 1153 1605 ταῦθα,
1169 1569 1290 1598 τουτέστι
1314 1570 1360 1604 τῆς
1379 1568 1500 1604 ἐνδόξου,
1527 1570 1574 1604 τῆς
1589 1570 1642 1598 τῶν
1663 1571 1786 1606 πιστῶν,
1811 1573 1856 1607 τῆς

1055 1612 1100 1642 σὺν
1115 1615 1153 1654 τῷ
1169 1613 1269 1654 Κυρίῳ.
1288 1624 1303 1642 α
1313 1611 1381 1647 Ἅξιι
1396 1613 1448 1653 γὰρ
1463 1613 1509 1642 σὺν
1525 1614 1608 1654 αὐτῷ,
1620 1628 1632 1640 ι
1648 1615 1790 1651 τουτέστι,
1807 1615 1851 1645 σὺν

1052 1659 1091 1698 τῷ
1118 1658 1210 1698 Κυρίῳ
1235 1659 1261 1687 ἐν
1292 1657 1413 1698 νεφέλαις
1437 1658 1552 1698 ἁρπάσει
1582 1658 1769 1698 πανταχόθεν
1797 1661 1853 1689 ἐπεὶ

1052 1703 1113 1743 πιρί
1128 1715 1158 1742 γε
1173 1705 1220 1738 τῆς
1233 1703 1375 1738 καθολικῆς
1389 1702 1485 1742 ᾔδεσαν
1494 1704 1518 1733 οἱ
1533 1703 1751 1738 Θεσσαλονικεὴ.
1769 1704 1852 1735 Ἀλλὰ

1051 1751 1127 1778 τοῦτο
1143 1747 1268 1787 βούλεται
1282 1749 1339 1785 νῦν,
1356 1748 1603 1787 παραμυθήσασθαι
1625 1747 1719 1782 αὐτοὺς
1743 1749 1790 1778 διὰ
1811 1752 1853 1778 τοῦ

1052 1792 1133 1827 δεῖξαι
1158 1792 1264 1830 ἔντιμον
1290 1792 1337 1822 καὶ
1360 1791 1461 1826 ἔνδοξον
1483 1792 1531 1828 τὴν
1558 1791 1707 1822 ἀνάστασιν
1731 1795 1788 1823 τῶν
1814 1807 1852 1824 πι-

1052 1839 1137 1874 στῶν,
1161 1838 1196 1871 ὥς
1210 1836 1242 1867 ἂν
1259 1836 1297 1876 μὴ
1312 1838 1458 1867 λυπῶνται.
1477 1837 1581 1870 Πάντες
1595 1836 1644 1876 μὲν
1659 1837 1714 1878 γὰρ
1730 1839 1850 1874 ἀναστή-

1051 1893 1141 1911 σονται
1151 1905 1159 1918 ,
1180 1883 1210 1911 οὖ
1227 1882 1324 1915 πάντες
1340 1880 1368 1911 δὲ
1383 1882 1411 1911 ἐν
1425 1881 1485 1921 δόξῃ
1498 1904 1507 1919 ,
1528 1882 1587 1911 ἀλλ’
1602 1883 1626 1911 οἱ
1646 1883 1758 1921 πιστοὶ,
1773 1895 1851 1914 τουτ-

1051 1926 1120 1956 έστιν
1136 1927 1160 1955 οἱ
1184 1926 1248 1966 ἔργα
1271 1926 1339 1964 μετὰ
1364 1928 1412 1956 τοῦ
1438 1925 1569 1966 δόγματος
1591 1925 1696 1966 ἔχοντες
1722 1927 1759 1959 ⁴¹.
1778 1928 1850 1969 Ὅρα

1051 1971 1078 2000 δὲ
1093 1971 1137 2000 καὶ
1155 1970 1188 2000 τὰ
1203 1970 1294 2012 ἐφεξῆς
1308 1970 1404 2001 πάντα.

1095 2062 1206 2092 «Τοῦτο
1220 2061 1270 2100 γὰρ
1280 2062 1341 2099 ὓμῖν
1356 2059 1468 2100 λέγομεν
1479 2061 1506 2090 ἐν
1521 2061 1591 2101 λόγῳ
1609 2061 1719 2101 Κυρίου.
1735 2073 1751 2090 ι
1767 2062 1849 2092 Ξένον

1049 2119 1074 2136 τι
1097 2105 1207 2144 ἔμελλεν
1221 2107 1288 2146 ἐρεῖν
1311 2105 1353 2142 ⁴²,
1374 2105 1413 2134 διὸ
1434 2105 1478 2135 καὶ
1505 2105 1656 2140 ἀξιόπιστον
1685 2106 1753 2136 αὖτό
1779 2111 1848 2136 ποιεῖ

1051 2151 1094 2180 διὰ
1109 2152 1134 2170 ⁴³
1150 2153 1195 2180 τοῦ
1219 2150 1298 2189 λόγου
1320 2152 1366 2180 τοῦ
1382 2152 1467 2181 Θεοῦ.
1495 2151 1554 2180 Οὐκ
1580 2150 1626 2180 ἀπ’
1648 2151 1769 2190 ἐμαυτοῦ
1785 2152 1847 2191 γὰρ,

1051 2196 1120 2226 ἀλλὰ
1134 2195 1208 2235 παρὰ
1222 2198 1268 2225 τοῦ
1284 2196 1400 2235 Χριστοῦ
1418 2195 1510 2234 μαθὼν
1533 2195 1614 2234 λέγω.
1634 2195 1690 2226 Καὶ
1705 2195 1762 2236 γὰρ
1774 2199 1849 2226 emito

1051 2242 1134 2282 ῥητῶς
1149 2240 1245 2276 ἤκουσε
1261 2239 1336 2280 παρὰ
1351 2242 1397 2270 τοῦ
1411 2239 1582 2270 Διδασκάλου
1591 2263 1600 2278 ,
1618 2239 1710 2280 ὥσπερ
1723 2242 1833 2270 κάκεῖνο
1843 2253 1849 2258 ·

1057 2296 1072 2314 ‹‹
1087 2285 1228 2325 Μακάριόν
1244 2287 1300 2315 ἐστι
1323 2284 1422 2314 διδόναι
1439 2285 1541 2323 μᾶλλον
1556 2284 1574 2320 ἢ
1589 2283 1750 2323 λαμϐάνειν.
1769 2298 1782 2314 ι
1807 2286 1846 2316 Τὰ

1051 2330 1103 2371 γὰρ
1116 2330 1184 2360 ἄλλα
1200 2329 1338 2368 Πνεύματι
1350 2329 1498 2370 ἐφθέγγετο.

1091 2386 1104 2403 ε
1119 2374 1185 2405 Ὅτι
1208 2375 1286 2413 ἡμεῖς
1309 2375 1334 2404 οἱ
1351 2376 1454 2414 ζῶντες,
1471 2375 1494 2404 οἱ
1511 2373 1728 2413 περιλειπόμενοι
1743 2376 1780 2408 εἷς
1801 2375 1844 2410 τὴν

1048 2419 1195 2460 παρουσίαν
1229 2422 1275 2449 τοῦ
1315 2419 1436 2459 Κυρίου,
1467 2420 1497 2448 οὖ
1531 2419 1569 2457 μὴ
1605 2419 1748 2459 φθάσωμεν
1788 2419 1844 2451 τοὺς

1049 2464 1234 2503 κοιμηθέντας.
1249 2474 1263 2493 v
1289 2462 1380 2503 ’Ὅπερ
1395 2465 1422 2493 ἐν
1482 2463 1548 2503 πρὸς
1565 2463 1733 2504 Κορινθίους,
1752 2464 1842 2504 φησὶν,

1051 2521 1065 2539 α
1082 2509 1130 2540 Ἐν
1145 2508 1248 2549 ἀτόμῳ,
1265 2509 1292 2538 ἂν
1392 2509 1541 2549 ὀφθαλμοῦ,
1556 2510 1667 2549 [τοῦτο
1683 2509 1731 2538 καὶ
1743 2511 1787 2537 νῦν
1799 2509 1838 2538 λέ-

1048 2566 1098 2594 γει.
1115 2548 1227 2589 Ἐπειδῆ
1247 2553 1299 2593 γὰρ
1314 2553 1399 2583 ἐδόκει
1415 2548 1548 2583 δύσκολον
1563 2548 1632 2583 εἶναι
1645 2553 1704 2587 τοὺς
1718 2565 1837 2583 κατασα-

1045 2599 1142 2632 πέντας
1156 2598 1264 2632 τούτους
1281 2599 1436 2635 ἀναστῆναι,
1452 2598 1544 2639 φησὶν,
1559 2597 1598 2627 ὅτι
1613 2599 1638 2627 οἱ
1654 2599 1750 2632 ζῶντες
1760 2599 1789 2627 οὖ
1801 2598 1836 2635 μὴ

1046 2644 1216 2684 προλάϐωσιν
1241 2642 1367 2678 ἐκείνους·
1392 2643 1452 2673 ἀλλ’
1474 2642 1566 2684 ὥσπερ
1590 2642 1697 2673 εὔκολον
1723 2645 1761 2684 τῷ
1776 2644 1836 2682 Θεῷ

886 2741 980 2771 Variae
1002 2742 1153 2773 lectiones.

233 2806 257 2823 δ’
270 2807 401 2838 ἀνάστασις
411 2816 438 2836 o.
478 2808 500 2824 ‘°
509 2808 556 2841 ἤδη
571 2815 597 2835 ο.
636 2807 655 2825 ¹⁵¹
667 2807 691 2834 οἱ
706 2807 766 2843 ἔργα
779 2808 892 2843 σώματος
906 2808 948 2834 σὺν
964 2811 999 2844 τῷ
1009 2809 1117 2844 δόγματι
1135 2808 1175 2844 ἔκ.
1191 2816 1215 2836 ο.
1253 2807 1274 2824 δ’
1287 2807 1365 2834 εἰπεῖν
1379 2815 1406 2835 0.
1445 2807 1467 2824 ⁸³
1482 2806 1533 2833 ἀπὸ
1549 2814 1573 2835 o.
