1890 3077
39 166 100 193 1321

480 165 654 194 EXPOSITIO
674 165 706 192 IN
725 164 829 193 EPIST.
852 165 860 192 l
880 164 926 193 AD
945 163 1060 193 THESS.
1084 180 1119 186 —-
1159 165 1213 194 AP.
1235 166 1266 193 V.

1627 168 1694 196 i322

35 231 102 263 τοῖς,
119 238 135 255 ι
157 227 307 267 τουτέστι,
320 232 373 262 τοῖς
387 228 564 262 διδασκάλοις.
591 223 655 258 Οἶδε
678 228 729 268 γὰρ
744 228 836 268 ἔχθρας

927 229 972 259 sis,
993 227 1046 256 hoc
1065 231 1117 262 est,
1139 227 1310 256 doctoribus.
1332 228 1414 256 Novit
1437 229 1512 257 enim
1532 229 1695 258 inimicitias

34 273 99 312 πρὸς
122 271 238 305 τούτους
265 271 432 310 τικτομέναςο
457 272 484 307 ἐξ
507 268 544 302 ὧν
566 273 618 312 γὰρ
641 272 781 312 ἐλέγχουσι
805 275 840 312 ³⁹,

34 317 79 346 καὶ
93 318 148 346 τῶν
172 319 271 347 κακῶν
294 317 465 357 ἀπείργουσι,
482 321 632 355 μισοῦνται.
649 320 696 348 Δεῖ
708 313 752 347 οὖν
770 320 841 360 εἰρη-

34 363 118 391 νεύειν
132 361 195 400 μετ’
213 362 323 399 αὐτῶν,
346 362 391 392 καὶ
407 364 436 392 οὗ
451 364 488 402 τῷ
509 361 558 396 (Em
579 362 701 402 σχήματι
713 386 720 400 ,
735 363 795 392 ἀλλ’
814 365 841 394 ἐν

35 408 150 439 ἑαυτοῖς.

79 463 94 480 ιι
123 452 349 490 Παρακαλοῦμεν
374 451 400 480 δὲ
428 452 513 489 ὑμᾶς,
541 450 665 491 ἀδελφοὶ,
697 454 840 483 νουθετεῖτε

35 495 95 529 τοὺς
112 495 266 529 ἀτάκτους.
283 507 297 524 ι)
345 496 476 525 Ἐνταῦθα
502 496 568 536 πρὸς
595 495 654 530 τοὺς
669 496 841 532 διδασκάλους

35 542 219 570 ἀποτείνεται.
251 540 296 576 Μὴ
321 540 367 569 ἀπ’
393 540 637 581 ἐξουσίας,φησὶν,
653 540 671 576 ἢ
700 542 841 577 αὐθαδείας

35 585 217 620 ἐπιπλήττετε
228 608 236 621 ,
258 584 327 614 ἀλλὰ
343 587 435 626 πράως
450 588 606 616 νουθετεῖτε.
620 585 656 616 Ὁ
675 585 727 627 γὰρ
742 587 838 616 ἀπονε-

35 629 180 669 νοημένος,
207 629 371 669 θρασύτερος
392 629 507 668 γίνεται,
538 630 601 659 ὅταν
633 631 838 666 ἰπιπλῆσσεται,

35 675 162 705 Ἀτακτοι
189 673 221 703 δέ
238 676 290 704 εἶσι
314 675 410 707 πάντες
428 675 451 704 οἱ
471 675 545 713 παρὰ
560 675 593 704 τὰ
609 676 646 715 τῷ
661 676 725 715 Θεῷ
752 677 841 715 διωρι-

36 719 118 757 σμένα
134 719 312 759 πράττοντες.
363 719 445 754 Τάξιν
458 719 510 758 γὰρ
524 719 620 760 ὥρισεν
637 721 760 760 ἑκάστῳ,
776 721 808 757 ἢν
827 723 841 750 ὁ

37 764 236 804 παραϐαίνων,
262 764 385 797 ἄτακτος.
438 763 472 794 Ὁ
496 764 615 802 μεθύων,
640 766 654 793 ὃ
676 765 810 805 λοίδορος,
827 768 841 795 ὁ

37 808 218 845 πλεονέκτης,
249 809 295 838 καὶ
318 809 415 842 πάντες
441 810 466 838 οἱ
487 808 702 849 ἁμαρτάνοντες,
720 809 770 844 (ξω
794 813 840 846 τῆς

36 853 132 887 τάξεως
151 853 289 893 βαίνουσι.

894 272 1028 300 adversus
1043 272 1093 300 hos
1106 272 1184 300 oriri.
1200 272 1268 307 Quia
1291 273 1365 301 enim
1384 273 1602 310 reprehendunt,
1625 280 1654 303 et
1678 282 1694 303 a

894 317 977 345 malis
991 321 1095 351 arcent,
1111 316 1174 345 odio
1193 317 1338 346 habentur.
1364 319 1481 354 Oportet
1495 318 1576 355 igitur
1595 327 1693 355 pacem

894 369 943 390 vos
965 361 1066 390 habere
1084 370 1147 390 cum
1172 362 1249 398 ipsis,
1264 362 1347 399 idque
1372 370 1430 391 non
1452 368 1564 392 externa
1587 364 1686 400 specie,

894 405 943 434 sed
955 406 982 434 in
996 407 1074 436 vobis
1088 407 1163 443 ipsis.

928 452 1016 480 Vsus.
1033 453 1076 480 14.
1092 453 1228 487 Rogamus
1246 454 1335 480 autem
1348 460 1403 485 vos,
1419 454 1532 487 fratres,
1553 454 1693 482 admonete

892 496 1073 525 inordinatos.
1097 497 1150 524 Hic
1170 497 1205 525 ad
1227 496 1355 525 doctores
1377 498 1515 526 convenit
1539 505 1611 526 sese.
1640 500 1692 533 Nc,

892 540 990 577 inquit,
1006 549 1054 577 per
1069 541 1208 570 licentiam
1223 541 1264 570 vel
1276 542 1466 579 arrogantiam
1476 550 1523 571 eos
1537 542 1692 579 objurgate,

894 585 941 614 sed
963 590 1108 614 mansuete
1132 585 1288 615 admonete.
1318 586 1373 622 Qui
1390 587 1465 615 enim
1487 595 1582 615 vecors
1596 591 1647 622 est,
1664 588 1695 615 fit

892 630 1029 666 asperior,
1059 630 1084 659 si
1116 630 1284 667 objurgetur.
1318 631 1473 660 inordinati
1507 636 1602 660 autem
1630 636 1695 660 sunt

894 683 991 703 omnes
1003 675 1053 712 qui
1067 675 1147 704 aliter
1159 679 1245 712 agunt
1255 683 1340 712 quam
1356 683 1372 704 a
1389 678 1447 704 Deo
1461 677 1498 704 sit
1514 676 1674 704 ordinatum
1685 686 1694 704 :

894 719 1019 748 ordinem
1042 720 1116 748 enim
1136 721 1283 756 unicuique
1309 721 1417 754 statuit,
1432 729 1516 757 quem
1540 721 1588 758 qui
1602 725 1694 750 trans-

892 763 1014 800 greditur
1027 765 1199 793 inordinatus
1222 770 1270 793 est.
1293 765 1485 799 Temulentus,
1507 766 1694 800 conviciator,

893 816 1001 843 avarus,
1015 809 1139 845 adeoque
1156 817 1254 838 omnes
1267 814 1380 845 peccata
1393 810 1600 839 committentes
1613 810 1694 838 ordi-

894 861 958 881 nem
973 853 1223 890 transgrediuntur.

79 910 93 927 ιι
108 899 325 938 Παραμυθεῖσθε
344 898 404 932 τοὺς
428 898 612 939 ὀλιγοψύχους.
626 910 640 927 ι)
660 898 836 940 Ὀλιγόψυχός

932 899 1111 927 Consolamim'
1134 899 1334 934 pusillanimes.
1356 898 1540 927 Pusillanimis
1563 903 1616 934 est,
1645 899 1691 936 qui

37 944 105 972 ἔστιν
120 945 135 972 ὁ
149 943 188 982 μὴ
209 942 299 983 φέρων
322 943 483 983 πειρασμόν,
506 939 592 976 Οὗτός
607 945 675 973 ἐστιν
692 945 706 972 ὁ
729 939 773 973 ἐπὶ
793 947 840 981 τῆς

36 987 133 1027 πέτρας
157 987 285 1028 σπαρείς.
315 990 408 1018 Δεῑται
432 983 477 1017 οὖν
499 988 545 1017 καὶ
568 983 641 1022 οὗτος
660 988 841 1024 ἀναϐαστάζι-

37 1035 107 1063 σθαι.

79 1088 94 1106 ιι
108 1077 270 1118 Ἀντίχεσθε
291 1079 343 1107 τῶν
359 1078 485 1108 ἀσθενῶν.
529 1077 689 1114 Τουτίστιν,
707 1077 840 1116 Ὑποστη-

37 1122 118 1159 ρίζετε
133 1122 196 1156 τοὺς
217 1123 391 1155 ἀσθενοῦντας
406 1122 468 1162 περὶ
484 1121 532 1158 τὴν
553 1122 655 1159 πίστιν,
669 1124 705 1157 ὡς
727 1123 772 1153 καὶ
788 1125 837 1153 ἆλ-

35 1167 139 1206 λαχοῧ,
161 1178 177 1196 ιι
196 1167 254 1198 Τὸν
286 1168 445 1197 ἀσθενοῦντα
472 1170 504 1207 τῇ
520 1167 608 1198 πίστει
631 1167 838 1208 προσλαμϐάνει

38 1214 98 1248 σθε,
109 1222 124 1239 ι)
140 1212 223 1252 φησί.

79 1267 94 1284 ιι
104 1256 316 1296 Μακροθυμεῖτι
331 1256 544 1296 πρὸς¹πάντας.η
560 1257 616 1287 Καὶ
627 1256 692 1296 πρὸς
707 1258 766 1292 τοὺς
778 1258 840 1288 ἀτά-

42 1311 129 1336 κτους,
157 1301 204 1331 καὶ
230 1301 296 1341 πρὸς
318 1301 378 1336 τοὺς
404 1301 596 1342 ὀλιγοψύχους,
621 1301 666 1331 καὶ
691 1302 756 1342 πρὸς
780 1303 839 1337 τοὺς

39 1346 164 1380 ἀσθενεῖς.
188 1347 279 1377 Τοῦτο
299 1345 350 1386 γὰρ
365 1346 520 1386 διδασκάλῳ
534 1346 753 1386 ἁρμοδιώτατον,
768 1347 838 1377 πιέν-

40 1401 82 1424 τας
97 1391 225 1432 ἐντρέψαι
241 1390 351 1431 ἰσχύον,
369 1391 415 1420 καὶ
429 1393 490 1425 τοὺς
506 1391 695 1431 ἀγριωτάτους.

81 1490 95 1509 ι
109 1479 214 1521 Ὁρᾶτε
239 1480 278 1519 μή
292 1491 332 1514 τις
355 1481 437 1510 κακὸν
453 1482 510 1510 ἀντὶ
534 1483 618 1511 κακοῦ
634 1492 686 1510 τινι
701 1482 802 1522 ἀποδῷ.
820 1492 836 1512 ι)

895 951 950 970 non
965 943 1084 971 sustinet
1095 943 1284 971 tentationem.
1301 943 1352 972 Hic
1365 947 1407 971 est
1427 943 1475 980 qui
1490 951 1572 979 super
1585 947 1691 980 petram

895 987 1046 1016 seminatus
1059 991 1101 1016 est
1121 993 1144 1016 ο.
1165 989 1219 1017 Iste
1238 988 1329 1024 itaque
1347 988 1557 1025 supportatione
1578 988 1692 1025 indiget.

930 1078 1064 1106 Sustinete
1075 1079 1204 1113 inﬁrmos.
1228 1079 1288 1106 Hoc
1302 1082 1355 1112 est,
1378 1078 1483 1107 Fulcite
1497 1078 1624 1106 inﬁrmos
1637 1079 1692 1107 cir-

892 1130 923 1150 ca
938 1122 1032 1157 ﬁdem,
1053 1121 1165 1159 perinde
1179 1131 1210 1152 ac
1223 1123 1278 1152 alio
1298 1123 1413 1158 inloco,
1428 1124 1571 1159 Inﬂrmum
1591 1124 1621 1152 ιη
1638 1124 1692 1159 ﬁde

894 1169 1024 1203 suscipite
1038 1173 1061 1202 ι’,
1077 1167 1177 1204 inquit.

931 1259 1063 1286 Patientes
1082 1260 1163 1286 estote
1176 1266 1238 1293 erga
1253 1266 1350 1287 mnes.
1366 1258 1402 1286 Et
1423 1266 1487 1294 erga
1509 1258 1692 1294 inordinatos,

893 1306 920 1330 et
934 1310 998 1339 erga
1013 1302 1211 1338 pusillanimes,
1236 1307 1264 1331 et
1279 1302 1364 1339 526
1379 1311 1444 1339 erga
1467 1303 1591 1332 inﬁmos
1615 1313 1622 1332 :
1638 1303 1692 1333 hoc

893 1347 968 1375 enim
989 1347 1096 1376 doctori
1128 1351 1172 1376 est
1203 1348 1506 1381 convenientissimum,
1533 1356 1632 1377 omnes
1655 1348 1692 1378 ad

894 1393 1027 1428 pudorem
1058 1396 1219 1421 convertere
1246 1393 1355 1428 valens,
1383 1393 1468 1421 etiam
1494 1393 1536 1422 vel
1573 1393 1693 1423 maxime

894 1441 1072 1510 38:72:13.”.
1092 1483 1188 1511 Videte
1206 1490 1240 1510 ne
1253 1483 1315 1519 quis
1329 1481 1430 1510 nudam
1446 1490 1497 1518 pro
1516 1483 1586 1511 malo
1603 1484 1691 1512 alicui

41 1523 71 1552 Εἰ
87 1525 169 1554 κακὸν
185 1526 247 1554 ἀντὶ
262 1527 345 1555 κακοῦ
368 1527 415 1555 οὒκ
437 1525 580 1555 ἀποδοτέον
591 1548 599 1562 ,
624 1527 720 1566 πολλῷ
735 1527 836 1563 μᾶλλον

927 1526 998 1554 idat.
1014 1527 1043 1555 Si
1062 1527 1167 1555 malum
1192 1535 1242 1563 pro
1268 1527 1341 1556 malo
1365 1535 1420 1556 non
1437 1532 1480 1556 est
1504 1527 1687 1562 reddendum,

41 1569 117 1599 κακὸν
133 1569 194 1599 ἀντὶ
216 1571 337 1608 ἀγαθοῦ,
359 1569 377 1606 ἢ
401 1567 598 1610 ἄρξαικακοῧ,
621 1571 665 1600 καὶ
690 1571 734 1600 τὸν
752 1571 837 1609 μηδὲν

41 1614 180 1654 βλάψαντα
196 1616 389 1650 κακοποιῆσαι.

83 1714 97 1733 ι(
113 1703 193 1735 Ἀλλὰ
216 1705 332 1736 πάντοτε
355 1705 384 1734 τὸ
408 1704 507 1743 ἀγαθὸν
523 1704 632 1735 διώκετε
643 1728 651 1743 ,
676 1705 722 1735 καὶ
737 1707 772 1740 εἷς
788 1707 836 1736 ἆλ-

40 1747 142 1786 λήλους,
158 1749 205 1779 καὶ
221 1751 257 1784 εἰς
271 1749 385 1784 πάντας.
410 1750 470 1780 Οὐκ
485 1749 561 1790 ἀρκεῖ
576 1749 606 1779 τὸ
628 1750 667 1789 μὴ
692 1751 838 1781 ἀποδοῦναι

41 1793 108 1823 κακὰ
129 1795 190 1824 ἀντὶ
213 1795 322 1833 κακῶν,
350 1793 418 1825 ἀλλὰ
440 1794 512 1834 χρὴ,
537 1794 622 1834 φησὶ,
651 1794 696 1824 καὶ
727 1796 837 1834 ἀγαθοῖς

42 1837 196 1875 ἀμείϐεσθαι
216 1839 262 1869 τὸν
279 1839 509 1875 κακοποιήσαντα.
529 1840 616 1869 Τοῦτο
631 1839 682 1879 γὰρ
699 1840 776 1876 δηλοῖ
793 1840 836 1870 διὰ

40 1883 81 1910 τοῦ
95 1884 188 1920 εἰπεῖν,
210 1895 225 1912 ιι
237 1883 353 1914 Διώκετε
367 1884 397 1913 τὸ
410 1883 516 1923 ἀγαθόν·
530 1897 543 1910 ι
563 1884 709 1920 τουτέστιν,
726 1884 837 1915 Ἐπιτε-

42 1927 158 1964 ταμένως
184 1930 346 1963 σπουδάζετε
362 1930 548 1968 ἀγαθοποιεῑν,
564 1929 610 1958 καὶ
627 1930 662 1962 εἰς
686 1930 833 1967 ἀλλήλους,

40 1971 170 2002 τουτέστιν
180 1996 189 2010 ,
207 1975 244 2007 εἰς
258 1972 318 2007 τοὺς
333 1972 440 2007 πιστοὺς
450 1995 458 2010 ,
476 1973 521 2002 καὶ
534 1974 569 2007 εἰς
580 1973 694 2011 πάντας,
708 1974 837 2012 τουτέστι,

41 2015 85 2044 καὶ
101 2017 135 2050 εἰς
149 2019 288 2052 ἀπίστους.

82 2072 96 2090 ιι
107 2061 226 2092 Πάντοτε
242 2063 360 2103 χαίρετε.
371 2073 386 2091 n
406 2063 465 2093 Κᾶν
483 2066 639 2103 πειρασμοῖς
652 2063 813 2103 περιπέσητε
826 2086 834 2094 .

40 2103 109 2145 ⁶⁷Ορα
124 2107 171 2143 δὲ,
185 2107 224 2137 ὅτι
245 2107 312 2146 μετὰ
330 2107 360 2137 τὸ
384 2108 484 2144 εἰπεῖν,
506 2107 546 2137 ὅτι
569 2109 598 2138 οὗ
616 2109 654 2137 δεῖ
672 2108 754 2138 κακὸν
776 2109 834 2138 ἀντὶ

43 2154 121 2180 κακοῦ
145 2153 290 2182 ἀποδοῦναι
311 2152 348 2188 δυ,
362 2152 421 2182 τότε
448 2152 553 2192 χαίρειν
579 2152 748 2193 προσέταξεν.

41 2193 89 2234 γὰρ
103 2197 271 2231 παιδιυσθεὶς
287 2197 388 2236 μηδένα
406 2197 566 2235 ἀμύνεσθαι,
581 2197 651 2227 ἀλλὰ
667 2199 770 2236 μᾶλλον
784 2198 830 2228 καὶ

43 2238 180 2279 εὐεργετεῖν
202 2241 247 2271 τὸν
271 2241 428 2278 λυπήσαντα
438 2264 448 2281 ,
462 2242 541 2272 πόθεν
559 2241 588 2271 τὸ
603 2244 651 2278 τῆς
675 2242 759 2278 λύπης
774 2242 831 2272 κίν-

42 2293 98 2323 τρον
113 2286 256 2320 εἰσδίεεται
266 2297 273 2324 ;

84 2384 97 2402 (ι
122 2373 311 2411 Ἄδιαλιίπτως
336 2376 527 2418 προσεύχεσθε·
554 2377 580 2406 ἐν
611 2376 692 2406 παντὶ
722 2378 831 2417 εὐχαρι-

45 2418 135 2463 insin.
153 2435 165 2447 ι
180 2422 237 2457 Τὴν
254 2422 312 2451 ὁδον
334 2421 412 2456 ἔδειξε
430 2424 475 2451 τοῦ
490 2422 531 2451 ἀεὶ
544 2421 665 2463 χαίρειν,
687 2421 736 2458 τὴν
751 2422 831 2451 ἀδιά-

44 2461 143 2493 λειπτον
165 2466 316 2506 προσευχὴν
338 2466 384 2495 καὶ
407 2461 601 2506 εὐχαριστίαν..
645 2466 681 2497 Ὀ
706 2467 756 2506 γὰρ
781 2467 830 2496 ἐθι-

44 2507 107 2541 σθεὶς
127 2511 227 2548 ὁμιλεῖν
255 2513 293 2551 τῷ
318 2512 399 2551 Θεῷ,
425 2510 471 2540 καὶ
499 2511 665 2551 εὐχαριστεῖν
697 2513 769 2551 αὖτῷ
788 2510 832 2540 ἐπὶ

42 2555 134 2590 πᾶσιν,
156 2557 190 2590 ὡς
205 2555 392 2596 συμφερόντως
417 2555 611 2595 συμϐαίνουσι,
637 2555 771 2596 πρόδηλον
791 2557 831 2585 ὅτι

45 2597 126 2636 χαρὰν
142 2598 191 2634 [Eu
207 2601 325 2637 διηνεκῆ.

79 2718 89 2730 ἰ
104 2714 199 2746 Matth.
210 2725 277 2753 xm,
293 2719 320 2747 5.
363 2717 469 2746 PRom.
485 2725 552 2752 xxv,
568 2719 593 2746 ι.

891 1571 980 1599 multo
992 1570 1082 1607 magis
1096 1579 1146 1607 pro
1161 1571 1234 1600 bono
1249 1571 1364 1600 reddere
1378 1573 1494 1606 malum,
1518 1575 1566 1600 aut
1581 1572 1688 1600 malum

889 1615 1031 1650 inchoare,
1047 1619 1076 1644 et
1087 1623 1163 1651 eum,
1176 1616 1223 1652 qui
1237 1623 1293 1644 non
1307 1615 1388 1650 laesit,
1405 1616 1506 1653 injuria
1517 1615 1628 1645 afﬁcere
1635 1623 1692 1645 non

890 1664 1009 1696 oportet.

926 1705 982 1733 Sed
994 1713 1097 1741 semper
1113 1706 1187 1742 quod
1199 1706 1296 1734 bonum
1310 1708 1351 1734 est
1368 1707 1510 1734 sectamini
1523 1707 1552 1734 in
1568 1707 1690 1740 inuicem,

891 1751 916 1777 et
929 1750 955 1778 in
968 1757 1068 1778 omnes.
1084 1751 1147 1778 Non
1161 1751 1228 1779 satis
1243 1755 1296 1784 est,
1312 1751 1386 1779 mala
1401 1759 1451 1787 pro
1465 1751 1548 1779 malis
1561 1759 1618 1779 non
1632 1750 1692 1779 red-

889 1793 966 1828 dere,
981 1794 1028 1822 sed
1042 1799 1162 1830 oportet,
1177 1795 1274 1831 inquit,
1289 1795 1372 1822 etiam
1384 1795 1462 1823 bonis
1477 1794 1686 1824 malefactorem

889 1846 1076 1874 compensare.
1098 1840 1159 1867 Hoc
1178 1839 1251 1867 enim
1271 1839 1376 1867 iudicat
1388 1847 1453 1867 cum
1478 1839 1524 1872 ait,
1546 1840 1691 1868 Sectamt'ni

890 1883 962 1918 quod
976 1883 1073 1910 bonum
1087 1886 1136 1915 est,
1162 1883 1216 1911 hoc
1235 1887 1286 1917 est,
1303 1884 1428 1919 impense
1450 1882 1558 1911 studete
1576 1882 1688 1912 benefa-

889 1935 961 1963 cere,
985 1931 1013 1955 et
1033 1928 1063 1956 in
1084 1927 1213 1961 invicem,
1235 1927 1288 1956 hoc
1301 1931 1444 1964 est,'erga
1469 1927 1575 1962 ﬁdeles,
1601 1931 1630 1956 et
1655 1928 1684 1956 in

890 1980 998 2007 omnes,
1013 1972 1041 2001 id
1055 1976 1106 2007 est,
1121 1980 1185 2010 erga
1196 1972 1282 2001 etiam
1296 1971 1429 2001 inﬁdeles.

926 2067 1016 2095 Vens.
1035 2069 1078 2096 16.
1091 2067 1201 2103 Semper
1222 2066 1344 2102 gaudete.
1355 2066 1470 2096 Etiamsi
1482 2066 1509 2094 in
1523 2066 1688 2095 tentationes

889 2110 1050 2140 incideritis.
1072 2112 1193 2140 Observa
1208 2116 1302 2140 autem
1317 2111 1391 2148 quod
1406 2116 1583 2148 posteaquam
1598 2111 1687 2139 dixis-

793 2153 828 2184 Ὁ
848 2156 871 2186 D
887 2160 929 2184 set
942 2164 1000 2184 non
1017 2165 1075 2185 esse
1087 2157 1192 2185 malum
1212 2157 1286 2186 malo
1306 2156 1487 2193 pensandum,
1502 2161 1569 2184 tunc
1582 2163 1685 2192 praece-

886 2201 953 2238 perit
972 2201 1123 2230 laetandum
1145 2209 1215 2230 esse.
1233 2203 1303 2230 Nam
1315 2202 1361 2238 qui
1383 2201 1525 2229 institutus
1539 2205 1582 2229 est
1603 2204 1636 2228 ut
1653 2201 1687 2229 de

886 2246 997 2274 nemine
1018 2254 1048 2274 se
1069 2246 1226 2280 ulciscatur,
1244 2245 1293 2274 sed
1315 2245 1454 2274 beneﬁciis
1477 2245 1570 2281 potius
1588 2252 1684 2281 prose-

886 2295 987 2328 quatur
995 2299 1061 2319 eum
1075 2291 1122 2327 qui
1135 2290 1337 2319 contristaverit
1349 2298 1389 2325 se,
1403 2289 1546 2318 undenam
1557 2291 1688 2319 maeroris

886 2336 1032 2364 stimulum
1049 2336 1164 2372 accipiet
1174 2337 1187 2364 ἓ

921 2382 1014 2409 Vsus.
1032 2383 1073 2409 i7.
1098 2381 1162 2410 Sine
1180 2381 1376 2409 intermissione
1389 2382 1463 2409 orate
1483 2388 1491 2407 :
1516 2381 1547 2408 in
1563 2382 1686 2409 omnibus

885 2427 992 2462 gratias
1010 2427 1089 2460 agite.
1114 2426 1192 2453 Viam
1216 2429 1354 2454 monstrat
1373 2434 1428 2462 qua
1450 2425 1498 2453 ﬁat
1523 2430 1554 2454 ut
1577 2433 1687 2463 semper

885 2470 1065 2507 gaudeamus,
1081 2470 1233 2498 orationem
1258 2470 1389 2498 nimirum
1403 2469 1464 2498 sine
1480 2469 1685 2499 intermissione

886 2519 966 2551 atque
980 2514 1132 2551 gratiarum
1151 2515 1300 2543 actionem.
1324 2514 1376 2549 Qui
1389 2515 1464 2543 enim
1488 2515 1609 2543 assuevit
1621 2521 1684 2542 cum

885 2562 946 2588 Deo
961 2559 1073 2593 versari,
1085 2560 1164 2596 eique
1179 2560 1282 2597 gratias
1297 2567 1377 2596 agere
1391 2559 1419 2588 in
1442 2559 1573 2587 omnibus
1591 2559 1684 2592 rebus,

885 2608 1018 2641 tanquam
1041 2604 1145 2633 utiliter
1158 2603 1393 2641 contingentibus,
1408 2603 1521 2640 planum
1545 2607 1587 2631 est
1608 2601 1684 2638 quod

886 2653 1051 2685 perpetuum
1067 2649 1197 2686 gaudium
1213 2649 1357 2678 habiturus
1371 2653 1421 2676 est.

723 2756 817 2787 Variae
839 2756 990 2787 lectiones.

79 2806 99 2823 ⁸³
113 2808 256 2848 ὶλέγχονται
270 2820 297 2840 ο.
335 2812 357 2829 ⁸⁸
367 2811 512 2839 ἀποδιδόναι
522 2820 550 2841 0.

177 2858 297 2886 Ριιτιιοι.
320 2858 372 2886 Gn.
392 2857 501 2886 CXXIV.

1543 2853 1576 2882 42
