1890 3077
199 156 265 183 i323

192 264 255 290 Iesu
270 271 334 297 erga
345 271 401 290 vos.
411 263 557 297 Quomodo
571 268 663 291 autem
677 272 786 300 semper
796 266 900 301 gratias
911 269 996 302 ages?

191 308 218 335 Si
233 308 377 343 aguoveris
391 308 463 335 hanc
475 316 533 335 esse
549 309 718 337 voluntatem
737 310 797 344 Dei,
812 315 843 338 ut
853 311 889 338 sis
902 315 995 347 gratus

191 360 254 387 erga
269 352 371 388 ipsum,
385 360 435 380 ceu
451 361 515 380 eum
529 353 575 389 qui
594 361 704 389 semper
725 354 773 382 tibi
790 355 943 383 benefaciat
966 357 993 384 in

191 397 302 424 Christo
314 399 391 431 Jesu,
408 397 459 425 hoc
475 401 526 431 est,
543 406 592 434 per
607 399 716 426 Domini
733 401 797 427 Jesu
813 400 911 428 Christi
927 408 992 429 coo-

191 442 374 478 perationem.
391 442 501 470 Etenim
517 442 573 478 ipse
589 443 670 471 nobis
687 444 720 471 ad
735 445 887 480 gratiarum
906 446 991 474 actio-

191 495 254 514 nem
269 487 379 522 adjutor
399 492 452 520 est,
468 488 514 523 qui
531 492 558 515 et
571 488 666 516 docuit
692 497 743 517 nos
758 489 829 518 istuc
843 488 946 524 facere,
962 495 993 518 ut

190 539 223 559 ex
239 531 385 567 Evangelio
399 531 560 560 didicimus.

226 578 314 604 Vitas.
327 579 370 608 19,
382 580 425 604 20.
446 578 580 612 Spiritum
593 577 673 605 nolite
683 580 866 613 nestinguere.
884 580 993 615 Prophe

192 623 246 649 tias
257 623 337 649 nolite
351 630 484 656 spernere.
503 623 573 657 Quia
587 630 641 650 nox
656 627 698 650 est
713 631 836 659 praesens
852 624 910 652 haec
925 625 991 657 vita.

191 666 266 694 dedit
286 666 364 694 nobis
379 666 535 702 lampadem
566 669 646 701 Deus,
670 668 800 703 Spiritum
829 673 954 696 sanctum
983 679 991 697 :

190 711 239 739 sed
261 711 330 739 hanc
356 711 403 739 alii
421 711 533 746 quidem
553 712 768 748 splendidiorem
797 713 931 747 fecerunt,
962 719 991 742 ut

192 764 288 783 omnes
313 756 399 783 sancti
415 765 422 783 :
441 756 483 783 alii
499 764 562 784 vero
589 757 788 792 exstinxerunt,
814 763 844 785 ut
870 759 991 794 quinque

191 801 320 836 virgines,
341 800 394 828 olei
409 801 519 829 inanem
545 801 615 829 hanc
636 801 806 830 dimittentes
834 811 841 830 :
862 808 893 830 ut
907 803 929 830 is
944 804 990 838 qui

189 845 311 873 Corinthi
327 845 476 873 fornicatus
501 850 568 879 erat,
593 854 703 874 caenum
718 854 783 874 sane
807 846 870 875 huic
893 855 986 883 super-

188 890 316 918 fundens.
335 890 382 918 Ait
400 891 504 926 itaque,
527 892 659 926 Spiritum
680 899 711 918 ne
731 893 905 926 exstinguite,
928 881 985 920 hoc
1004 881 1026 912 Β

188 939 230 962 est
242 935 348 963 donum
364 945 370 962 :
393 935 508 962 claudite
528 935 622 971 ianuas
646 936 702 963 sive
715 944 821 971 sensus,
837 944 872 964 ne
894 936 986 973 ingre-

187 979 279 1008 diatur
302 980 414 1016 spiritus
432 979 556 1014 malitiae,
584 988 636 1008 nec
658 981 852 1017 exstinguatur
871 981 985 1017 lampas.

188 1026 228 1053 Ne
250 1025 376 1061 injiciatis
390 1026 529 1060 pulverem
552 1033 599 1052 seu
615 1030 738 1053 terrenas
753 1034 833 1054 curas
850 1036 856 1054 :
881 1027 921 1055 sic
938 1026 986 1054 ﬁet

187 1074 217 1098 ut
230 1070 460 1105 inexstinguibilis
470 1074 659 1098 conservetur.
674 1070 723 1098 Vel
739 1070 811 1099 hunc
822 1071 857 1099 ad
871 1072 984 1099 modum

185 1115 356 1151 interpretari
380 1115 466 1150 possis
482 1123 489 1141 :
504 1115 627 1142 Fuerunt
649 1115 723 1150 apud
746 1116 821 1151 ipsos
847 1117 986 1152 prophetae

186 1160 249 1193 Dei,
266 1163 293 1187 et
314 1159 454 1195 propheta.1
473 1159 533 1187 vani
550 1169 556 1186 :
575 1160 706 1195 quoniam
729 1165 821 1188 autem
850 1161 983 1189 incertum

185 1209 255 1232 esset
276 1205 328 1231 utri
347 1208 438 1232 essent
464 1204 531 1237 vcri,
558 1212 654 1232 omnes
673 1204 754 1232 simul
775 1205 982 1233 aversabantur.

185 1249 267 1285 527
284 1249 330 1277 Ait
350 1249 439 1285 itaque
460 1249 524 1284 ipsis
550 1259 556 1276 :
577 1250 717 1284 Spiritum,
743 1249 796 1277 hoc
819 1254 860 1277 est
880 1250 983 1278 donum

184 1293 259 1330 quod
272 1294 351 1322 estin
363 1294 432 1321 veris
446 1294 598 1329 prophetis,
610 1302 641 1321 ne
660 1295 836 1328 restinguite,
849 1302 896 1322 eos
907 1303 984 1331 reque

183 1347 215 1367 ac
235 1338 486 1375 pseudoprophetas
503 1339 666 1372 aversando;
682 1347 770 1375 neque
792 1339 910 1375 spernite
926 1347 983 1367 ma-

182 1388 279 1412 nantes
292 1392 325 1412 ex
336 1384 438 1419 Spiritu
453 1387 551 1411 sancto
562 1383 732 1419 prophetias.

217 1430 307 1457 Vsus.
332 1431 376 1456 21.
402 1429 499 1457 Omnia
522 1433 611 1455 autem
636 1429 749 1463 probate
771 1438 780 1454 :
797 1429 870 1463 quod
885 1429 982 1457 bonum

181 1476 220 1502 est
238 1476 330 1502 tenete.
348 1473 418 1508 Quid
439 1473 539 1509 igitur?
555 1473 717 1508 recipiemus
732 1481 796 1509 ergo
812 1477 839 1501 et
862 1474 979 1509 pseudo-

181 1518 345 1554 prophetasi’
360 1518 484 1550 Minime,
497 1518 594 1553 inquit.
608 1518 660 1546 Sed
672 1517 767 1546 omnia
784 1518 911 1553 probate;
928 1519 980 1547 hoc

181 1567 231 1596 est,
245 1568 272 1591 et
286 1571 352 1590 vana
372 1566 399 1590 et
425 1570 487 1590 vera
501 1570 566 1590 cum
581 1562 787 1590 examinatione
802 1562 933 1598 judicate,
953 1568 980 1592 et

181 1613 240 1635 tum
259 1607 334 1643 quod
356 1607 443 1634 visum
469 1611 512 1634 est
523 1607 602 1634 vobis
626 1607 741 1639 bonum,
755 1606 808 1634 hoc
830 1612 881 1639 est,
903 1615 979 1636 veras

181 1651 335 1687 prophetias
346 1651 493 1685 continete,
510 1651 562 1678 hoc
576 1654 627 1685 est,
643 1650 786 1684 honorate,
801 1655 903 1680 curate.

214 1743 304 1770 Vsus.
318 1743 362 1769 22.
381 1741 421 1768 ,tb
435 1741 507 1768 omni
521 1741 606 1776 specie
618 1741 692 1768 mala
706 1741 845 1769 abstinete.
866 1743 929 1770 Non
943 1742 977 1770 ab

179 1787 229 1815 hac
247 1787 287 1814 vel
300 1787 334 1814 ab
350 1783 395 1814 illa
411 1790 529 1818 tantum,
546 1794 641 1814 verum
666 1786 828 1822 simpliciter
842 1787 876 1815 ab
887 1787 976 1821 omni,

178 1836 205 1860 et
216 1841 231 1860 a
244 1831 375 1868 propheta
386 1831 533 1864 mendacii,
547 1835 574 1858 et
587 1839 602 1858 a
618 1835 742 1866 peccato.

213 1879 298 1905 Vens.
314 1879 357 1906 23.
373 1878 434 1912 Ipse
457 1879 546 1904 autem
568 1878 636 1904 Deus
655 1878 732 1911 pacis
760 1877 907 1911 sanctiﬁcat
930 1885 975 1904 vos

176 1931 225 1957 per
242 1923 340 1950 omnia.
369 1923 433 1950 Post
448 1921 667 1949 exhortationem
689 1921 875 1955 precationem
889 1921 977 1950 addu-

176 1968 222 2002 cit,
247 1975 301 2003 quo
322 1966 451 2002 utrinque
472 1966 650 1993 securitatem
670 1965 800 1993 habeant.
816 1965 886 2000 Quid
911 1974 975 1994 vero

177 2016 228 2045 est,
242 2021 292 2047 per
306 2012 416 2039 omnia?
431 2012 491 2038 Hoc
500 2014 552 2044 est,
565 2018 682 2046 corpore
695 2014 722 2038 et
735 2010 838 2045 animo,
858 2014 889 2039 ut
901 2010 975 2039 dein-

176 2065 238 2093 ceps
250 2057 350 2084 disces.

211 2103 252 2130 Ac
275 2103 378 2135 integer
402 2103 487 2128 vester
512 2101 634 2135 spiritus,
657 2102 681 2127 et
706 2101 808 2133 ultima,
834 2103 859 2127 et
880 2109 973 2136 corpus

176 2147 310 2182 inculpate
328 2147 356 2173 in
370 2146 487 2173 adventu
505 2146 611 2173 Domini
624 2145 712 2172 nostri
725 2147 786 2172 Jesu
801 2145 900 2173 Christi
920 2154 974 2172 ser-

173 2195 260 2219 vetur.
283 2191 398 2227 Spiritus
423 2194 465 2218 est
487 2190 624 2218 charisma
651 2189 728 2225 quod
751 2190 906 2225 accepimus
927 2198 974 2225 per

173 2237 320 2272 baptisma.
331 2234 566 2264 Sienimlucidam
577 2234 658 2262 istius
668 2234 821 2270 lampadem
831 2242 976 2262 conserva-

174 2282 295 2310 verimus
316 2286 344 2309 et
358 2279 620 2316 inexstinguibilem,
636 2279 824 2315 ingrediemur
843 2280 872 2306 in
886 2279 973 2308 thala-

173 2335 253 2354 mum
268 2337 274 2354 :
290 2334 372 2361 porro
389 2330 417 2353 et
431 2325 524 2353 anima
549 2329 576 2352 et
597 2332 696 2360 corpus
718 2328 776 2352 tum
794 2323 971 2352 immaculata

172 2375 262 2404 erunt,
277 2371 299 2398 si
311 2370 425 2406 Spiritus
445 2370 472 2397 in
487 2369 567 2397 nobis
580 2368 699 2397 fulserit.
715 2369 866 2405 Gregorius
878 2373 970 2396 autem

172 2417 311 2452 Nyssenus
324 2415 413 2449 inquit
438 2424 444 2442 :
470 2414 539 2449 Quia
557 2414 641 2442 homo
663 2422 695 2442 ex
717 2414 792 2441 omni
815 2414 969 2441 animarum

171 2461 260 2496 specie
280 2459 463 2495 componitur,
476 2459 635 2495 vegetativa,
655 2459 788 2487 sensitiva
805 2463 832 2486 et
846 2458 968 2486 intellec-

170 2505 248 2538 tuali,
261 2504 391 2541 spiritum
403 2503 497 2531 dicens
512 2505 670 2539 Apostolus,
685 2504 847 2531 rationalem
861 2507 968 2538 partem

170 2551 316 2579 indicavit:
332 2548 455 2577 animam
468 2556 540 2582 vero,
555 2547 713 2575 seositivam
728 2556 734 2574 :
751 2555 862 2583 corpus,
885 2547 968 2575 vitam

168 2601 290 2624 nostram
306 2594 491 2631 vegetativam.
509 2594 594 2620 Totos
608 2593 690 2628 igitur
711 2599 757 2627 per
769 2593 859 2619 omnia
878 2592 965 2620 incul-

168 2645 246 2678 patos
258 2641 332 2677 ipsos
345 2638 500 2667 conservari
514 2640 651 2674 precatur,
665 2635 788 2673 adeoque
812 2644 861 2672 per
875 2637 967 2665 omnia

167 2687 226 2715 Deo
241 2687 388 2722 placentes.

698 157 956 187 THEOPHYLACTI
975 160 1153 189 BULGARIA'I
1171 161 1327 190 ARCHIEP.

230 219 320 246 Vens.
339 221 379 245 t8.
395 219 456 246 Htec
477 219 548 246 enim
571 222 610 246 est
624 219 748 248 voluntas
770 222 820 249 Dei
842 222 871 249 in
886 222 991 250 Christo
1006 229 1032 261 Α

1788 170 1848 196 i333

1092 234 1106 252 ιι
1124 225 1210 254 Τοῦτο
1223 224 1275 265 γὰρ
1297 224 1401 263 θέλημα
1427 227 1502 257 Θεοῦ
1523 228 1549 257 ἐν
1566 229 1678 268 Χριστῷ
1700 229 1796 266 Ἰησοῦ
1817 234 1847 263 εἰς

1049 270 1125 305 ὑμᾶς.
1140 280 1154 297 ι)
1181 270 1245 303 Πῶς
1261 269 1288 299 δὲ
1307 270 1348 299 ἀεὶ
1365 271 1581 315 εὖχιξριστήσεις
1596 273 1664 303 Ἐὰν
1681 275 1799 315 ἐπιγνῷς
1811 276 1847 305 ὅτι

1046 316 1124 343 τοῦτο
1139 315 1209 344 θέλει
1224 316 1238 343 6
1253 315 1321 348 Θεὸς
1332 338 1339 352 ,
1364 315 1395 345 τὸ
1410 311 1475 345 εἷναί
1489 329 1519 346 σε
1536 318 1698 357 εὐχάριστον
1803 323 1846 349 αὖ·

1048 358 1110 397 τὸν,
1127 361 1161 391 ὡς
1177 359 1216 388 ἀεὶ
1239 360 1424 399 εὐεργετοῦντα
1450 363 1475 390 ἐν
1500 363 1611 402 Χριστῷ
1636 358 1749 400 Ἰησοῦ,
1775 377 1845 394 τουτο

1048 403 1119 450 ἐστι,
1136 404 1180 450 διὰ
1195 406 1242 450 τῆς
1261 407 1308 433 τοῦ
1329 405 1427 444 Κυρίου
1442 405 1532 442 Ἰησοῦ
1551 409 1704 448 συνεργίας.
1725 409 1783 438 Καὶ
1798 410 1845 450 γὰρ

1046 448 1090 477 καὶ
1111 448 1176 488 πρὸς
1190 448 1219 477 τὸ
1242 450 1409 488 εὐχαριστεῖν
1431 451 1508 484 αὐτὸς
1524 453 1588 489 ἡμῖν
1605 453 1736 493 συνεργὸς
1747 476 1756 490 ,
1779 455 1806 488 ὅς

1047 492 1092 522 καὶ
1108 493 1221 527 ἐδίδαξεν
1237 495 1308 531 ἡμᾶς
1322 497 1399 523 τοῦτο
1422 496 1507 524 ποιεῖν
1519 519 1527 534 ,
1549 498 1585 530 ὡς
1603 498 1634 526 ἐκ
1655 492 1703 527 τοῦ
1726 492 1844 539 Εὐαγγέ-

1047 538 1104 568 λίου
1121 538 1326 577 μεμαθήκαμεν.

1086 596 1098 610 ι
1114 584 1153 613 Τὸ
1166 584 1276 621 Πνεῦμα
1293 583 1330 622 μὴ
1347 583 1481 616 σϐέννυτε.
1498 587 1669 626 Προρητείας
1682 588 1706 606 θ’
1722 589 1762 625 μὴ
1775 590 1842 623 iam.

1045 628 1169 658 θενεῖτι..
1184 628 1294 665 Ἐπειδὴ
1305 628 1350 662 νύξ
1364 630 1434 659 ἐστιν
1448 633 1461 659 6
1476 630 1568 670 παρὼν
1582 633 1653 670 βίος,
1671 631 1773 662 ἔδωκέν
1783 637 1844 673 ἡμῖν

1045 675 1059 702 6
1073 673 1142 706 Θεὸς
1155 673 1287 712 λαμπάδα
1297 696 1305 709 ,
1321 673 1350 702 τὸ
1367 675 1477 712 Πνεῦμα
1501 676 1530 705 τὸ
1553 675 1637 714 ἅγιον·
1656 677 1731 705 ma
1747 679 1842 715 ταύτην

1045 719 1068 746 οἱ
1085 718 1132 756 μὲν
1147 718 1335 758 λαμπροτέραν
1356 720 1530 758 εἰργάσαντο,
1550 722 1586 753 ὡς
1605 722 1705 754 πάντες
1721 723 1746 750 οἱ
1765 724 1842 762 ἅγιον

1045 764 1067 792 οἱ
1083 764 1110 792 δὲ
1125 763 1253 800 ἔσϐεσαν,
1270 765 1305 797 ὥς
1328 765 1355 792 αἱ
1376 763 1454 794 πέντε
1477 766 1621 805 παρθένοι,
1640 768 1768 797 ἆνέλαιον
1782 772 1842 798 ταύ-

1044 820 1092 844 την
1110 809 1225 848 ἀφεῖσαι·
1247 811 1282 841 ὡς
1300 811 1314 838 6
1334 810 1360 837 ἐν
1384 809 1721 853 Κορίνθῳμπεπορνευκὼς,

1044 865 1088 893 ρον
1112 854 1196 893 ταύτῃ
1223 853 1341 892 ἐπιχέας.
1364 853 1454 889 Φησὶν
1483 850 1537 884 οὖν·
1563 867 1577 883 ιι
1594 856 1636 886 Τὸ
1665 850 1788 895 Πνεῦμα.
1804 859 1840 895 μὴ

1041 897 1179 933 σϐέννυτε,
1196 911 1211 926 ι
1228 899 1347 928 τουτέστι
1368 898 1398 926 τὸ
1417 899 1551 938 χάρισμα.
1596 900 1711 930 κλείετε
1738 901 1788 936 τὰς
1800 904 1842 932 θύ-

1044 955 1103 983 ρας,
1126 943 1185 979 ἤτοι
1207 942 1255 976 τὰς
1283 943 1439 980 αἰσθήσεις,
1464 943 1507 973 ἵνα
1532 944 1569 982 μὴ
1595 945 1704 984 εἰσέλθῃ
1736 950 1839 985 πνεῦμα

1041 988 1181 1028 πονηρίας,
1199 988 1245 1018 καὶ
1265 989 1295 1017 οὖ
1310 987 1348 1026 μὴ
1365 987 1465 1027 σϐεσθῇ
1480 991 1496 1024 ἡ
1513 989 1632 1026 λαμπάς.
1680 991 1732 1025 Μὴ
1747 992 1840 1021 ἐπιϐά-

1040 1033 1104 1068 λητε
1118 1035 1162 1062 τὸν
1182 1036 1258 1072 χοῦν,
1273 1033 1333 1069 ἤτοι
1359 1032 1490 1071 μερίμνας
1512 1031 1623 1072 γηΐνας,
1643 1035 1692 1064 καὶ
1707 1035 1838 1070 ἄσϐεστος

1040 1077 1228 1117 τηρηθήσεται.
1252 1076 1291 1106 Ἦ
1307 1077 1353 1106 καὶ
1368 1076 1459 1110 οὕτως·
1475 1072 1566 1107 τΗσαν
1585 1079 1651 1118 παρ’
1667 1080 1759 1113 αὐτοῖς
1774 1093 1837 1120 προ-

1040 1124 1120 1161 φῆται
1144 1125 1189 1151 τοῦ
1204 1123 1288 1158 Θεοῦ,
1305 1122 1351 1151 καὶ
1372 1122 1600 1162 ψευδοπροφῆται.
1635 1123 1718 1154 Ἐπεὶ
1734 1125 1763 1154 δὲ
1779 1126 1838 1162 ἄδη-

1039 1169 1084 1196 λον
1099 1162 1131 1202 ἧν
1150 1166 1188 1210 Ei;
1209 1168 1222 1196 6
1243 1167 1342 1203 ἀληθὴς
1358 1167 1395 1202 ⁶²,
1412 1166 1514 1200 πάντας
1536 1169 1602 1205 ὁμοῦ
1627 1169 1836 1210 ἀπεστρέφοντο.

1040 1211 1130 1246 Φησὶν
1143 1207 1187 1241 οὖν
1200 1213 1301 1245 αὐτοῖς’
1320 1222 1334 1240 (ι
1346 1211 1384 1241 Τὸ
1396 1213 1506 1250 Πνεῦμα
1517 1235 1526 1250 ,
1541 1212 1666 1243 τουτέστι
1677 1235 1686 1249 ,
1700 1214 1733 1243 τὸ
1748 1216 1774 1243 ἐν
1787 1220 1837 1247 τοῖς

1039 1257 1142 1292 ἀληθῶς
1159 1258 1307 1297 προφήταις
1321 1257 1455 1296 χάρισμα,
1470 1268 1485 1286 (ι
1499 1257 1668 1295 μὴσϐέννντε
1679 1280 1687 1294 ,
1707 1260 1752 1289 διὰ
1767 1274 1778 1285 ιι
1792 1263 1836 1289 τοῦ

1039 1301 1251 1342 ἀποστρέφεσθαι
1276 1303 1363 1334 αὐτοῖς
1451 1301 1562 1341 αὐτοὺς]
1586 1302 1682 1338 ἐπίσης
1705 1306 1760 1337 τοῖς
1776 1306 1838 1343 ψευ-

1037 1346 1222 1386 δοπροφήταις·
1260 1345 1330 1384 μηδὲ
1359 1345 1519 1380 ἐξουθενεῖτε
1545 1346 1592 1380 τὰς
1619 1349 1648 1377 ἐκ
1677 1348 1836 1386 Πνεύματος

1038 1390 1115 1430 ἁγίου
1130 1390 1302 1431 προφητείας.

1079 1447 1094 1464 σ
1111 1435 1207 1465 Πάντα
1223 1434 1251 1464 δὲ
1266 1435 1434 1472 δοκιμάζετε⁵
1450 1435 1479 1465 τὸ
1494 1435 1575 1465 καλὸν
1592 1437 1734 1476 κατέχετε.
1754 1449 1768 1466 ))
1804 1440 1838 1470 Τί

1035 1475 1096 1518 οῧν;
1114 1479 1320 1520 παραδεξόμεθα
1340 1480 1387 1509 καὶ
1403 1480 1462 1512 τοὺς
1481 1475 1720 1521 ψευδοπροφήτας;
1742 1484 1835 1523 Οὐχὶ,

1034 1524 1121 1565 φησίν·
1143 1525 1212 1554 ἀλλὰ
1235 1524 1324 1554 πάντα
1356 1525 1521 1563 δοκιμάζετε·
1548 1526 1687 1563 τουτέστι,
1722 1528 1779 1557 Καὶ
1804 1530 1837 1557 τα

1034 1571 1131 1610 ψευδῆ,
1149 1569 1195 1598 καὶ
1219 1569 1252 1598 τὰ
1274 1570 1360 1606 ἀληθῆ
1383 1570 1452 1608 μετὰ
1467 1570 1624 1608 δοκιμασίας
1647 1572 1770 1610 κρίνετε,
1790 1574 1836 1602 καὶ

1034 1615 1092 1644 τότε
1120 1614 1150 1644 τὸ
1183 1613 1259 1648 δόξαν
1287 1616 1350 1652 ὑμῖν
1376 1614 1470 1651 καλὸν,
1498 1615 1616 1644 τουτέστι
1649 1615 1696 1649 τὰς
1726 1618 1837 1654 ἀληθεῖς

1034 1659 1211 1699 προφητείας,
1228 1659 1376 1698 κατέχετε,
1399 1659 1534 1695 τουτέστι,
1549 1664 1664 1698 τιμᾶτε,
1687 1660 1732 1690 διὰ
1754 1674 1836 1702 φρον-

1033 1704 1101 1738 τίδος
1120 1707 1246 1733 ποιεῖσθε.

1075 1760 1090 1776 α
1106 1748 1170 1778 Ἀπὸ
1192 1748 1290 1782 παντὸς
1314 1749 1396 1781 εἴδους
1420 1751 1537 1788 πονηροῦ
1558 1748 1703 1788 ἀπέχεσθε.
1720 1761 1735 1779 ιι
1787 1752 1832 1786 Μὴ

1031 1793 1122 1822 τούτου
1136 1793 1153 1829 ἢ
1167 1793 1266 1823 ἐκείνου
1276 1817 1282 1827 ,
1298 1794 1358 1822 ἀλλ’
1381 1793 1473 1826 ἁπλῶς
1493 1793 1605 1830 παντὸς,
1620 1794 1671 1824 καὶ
1693 1797 1832 1836 προφήτου

1030 1839 1158 1878 ψευδοῦς,
1176 1838 1222 1867 καὶ
1237 1837 1432 1876 ἁμαρτήματος
1443 1838 1480 1868 ⁸³.

1075 1895 1089 1912 ιι
1101 1883 1183 1916 Αὐτὸς
1199 1882 1226 1912 δὲ
1239 1885 1253 1912 6
1267 1883 1335 1916 Θεὸς
1350 1884 1397 1918 τῆς
1419 1882 1523 1923 εἰρήνης
1547 1883 1657 1922 ἁγιάσαι
1678 1886 1746 1922 ὑμᾶς
1770 1887 1832 1914 ὁλο-

1030 1928 1119 1961 τελεῖς⁴
1137 1939 1150 1956 n
1172 1927 1248 1958 Μετὰ
1269 1928 1316 1963 τὴν
1340 1927 1517 1967 παραίνεσιν,
1543 1928 1591 1957 καὶ
1612 1928 1692 1968 εὐχὴν
1719 1929 1832 1969 ἐπάγει,

1027 1972 1072 2001 ἵνα
1088 1972 1134 2002 καὶ
1149 1971 1334 2012 ἀμφοτέρωθεν
1349 1971 1379 2000 τὸ
1394 1972 1511 2012 ἀσφαλὲς
1527 1972 1635 2012 ἔχωσιν.
1685 1984 1701 2002 α
1717 1972 1830 2004 Ὃλοτε-

1029 2018 1082 2050 λεῖς
1095 2029 1108 2045 ι)
1128 2017 1154 2046 δὲ
1169 2018 1194 2046 τί
1209 2018 1278 2053 ἔστη
1295 2018 1377 2047 Τοῦτ’
1394 2016 1465 2054 ἔστι,
1491 2017 1597 2055 σώματι
1620 2018 1665 2047 καὶ
1681 2019 1768 2058 ψυχῇ·
1784 2020 1831 2048 καὶ

1029 2062 1120 2103 ἐφεξῆς
1134 2062 1162 2091 δὲ
1179 2062 1299 2101 μαθήσῃ.

1072 2119 1087 2136 ιι
1105 2107 1158 2137 Καὶ
1176 2106 1318 2146 ὁλόκληρον
1344 2107 1417 2144 ὑμῶν
1433 2106 1463 2135 τὸ
1486 2108 1614 2144 Πνεῦμα,
1629 2107 1676 2136 καὶ
1698 2109 1715 2143 ἡ
1732 2108 1809 2148 ψυχῆ
1821 2132 1828 2145 ,

1028 2151 1073 2181 καὶ
1098 2152 1127 2181 τὸ
1150 2153 1227 2189 σῶμα
1252 2151 1399 2189 ἀμέμπτως
1422 2153 1448 2180 ἕν
1532 2151 1665 2192 παρουσία
1693 2155 1740 2181 τοῦ
1770 2154 1825 2183 Κυ-

1030 2197 1084 2237 ρίου
1099 2198 1176 2234 ἡμῶν
1196 2196 1284 2232 Ἰησοῦ
1297 2197 1413 2236 Χριστοῦ
1433 2197 1574 2236 τηρηθείη.
1593 2208 1608 2225 ι)
1635 2197 1676 2227 Τὸ
1693 2198 1824 2236 Πνεῦμα,

1029 2241 1157 2277 τουτέστι,
1172 2241 1202 2270 τὸ
1223 2241 1348 2281 χάρισμα
1369 2240 1383 2270 ὃ
1399 2240 1530 2280 ἐλάϐομεν
1546 2241 1590 2270 διὰ
1607 2244 1652 2270 τῶ
1670 2242 1825 2280 βαπτίσμα-

1025 2298 1078 2320 τος.
1123 2286 1187 2316 Ἐὰν
1209 2287 1260 2325 γὰρ
1275 2286 1401 2325 λαμπρὰν
1415 2285 1464 2322 τὴν
1480 2285 1611 2324 λαμπάδα
1626 2286 1722 2316 τούτου
1737 2287 1823 2327 φυλά-

1025 2331 1110 2370 ξωμεν
1125 2330 1170 2361 καὶ
1186 2330 1325 2366 ἄσϐεστον,
1342 2330 1547 2368 εἷσελευσόμεθα
1569 2332 1606 2363 εἷς
1621 2330 1666 2359 τὸν
1682 2333 1820 2369 veruina-

1024 2375 1068 2405 καὶ
1089 2379 1105 2412 ἡ
1127 2374 1200 2415 ψυχὴ
1222 2375 1249 2404 δὲ
1264 2374 1310 2404 καὶ
1325 2375 1355 2404 τὸ
1370 2376 1450 2414 σῶμα
1472 2374 1533 2404 τότε
1549 2374 1681 2413 ἄμεμπτα
1694 2375 1817 2411 ἔσονται,

1023 2421 1068 2449 ἐὰν
1084 2420 1114 2450 τὸ
1131 2422 1241 2458 Πνεῦμα
1255 2421 1281 2449 ἐν
1295 2422 1360 2457 ἡμῖν
1374 2420 1484 2460 λάμπῃ.
1529 2419 1564 2450 Ὁ
1582 2419 1610 2449 δὲ
1627 2420 1738 2455 Νύσο-ης
1752 2421 1820 2458 Γρη-

1023 2465 1120 2504 γόριος,
1137 2464 1260 2500 Ἐπειδὴ,
1275 2464 1355 2504 φησὶν
1365 2486 1374 2501 ,
1387 2466 1402 2494 6
1418 2464 1555 2504 ἄνθρωπος
1569 2464 1613 2493 διὰ
1634 2465 1725 2500 πάσης
1749 2464 1818 2497 ἰδέας

1023 2512 1074 2539 τῶν
1089 2511 1181 2550 ψυχῶν
1205 2514 1416 2548 χατακιρνᾶται,
1442 2511 1489 2544 τῆς
1511 2520 1540 2538 τε
1556 2511 1684 2550 φυσικῆς,
1711 2509 1757 2538 καὶ
1773 2510 1816 2543 τῆς

1023 2556 1196 2594 αἰσθητικῆς,
1221 2553 1267 2583 καὶ
1290 2557 1337 2590 τῆς
1357 2558 1466 2593 νοερᾶς,
1489 2556 1595 2592 πνεῦμα
1621 2553 1669 2592 μὲν
1695 2552 1777 2582 εἰπὼν
1803 2554 1815 2581 6

1022 2599 1181 2634 Ἀπόστολος
1192 2622 1200 2636 ,
1225 2599 1255 2628 τὸ
1271 2599 1358 2638 νοερὸν
1377 2599 1455 2638 μέρος
1480 2599 1609 2634 ἔδήλωσε-
1626 2597 1716 2639 ψυχὴν
1735 2597 1774 2633 δὲ,
1788 2596 1815 2626 τὸ

1021 2644 1183 2679 αἰσθητικόνο
1210 2647 1289 2681 σῶμα
1313 2644 1360 2682 δὲ,
1386 2644 1434 2679 τὴν
1460 2642 1574 2683 φυσικὴν
1602 2644 1629 2671 ἐν
1646 2644 1712 2680 ἡμῖν
1737 2641 1811 2676 ζωήν.

1019 2689 1120 2723 (Ὅλους
1144 2684 1189 2719 οὖν
1215 2689 1247 2718 δι’
1269 2687 1338 2718 ὅλων
1363 2690 1512 2729 τηρηθῆναι
1537 2688 1695 2726 ἀμέμπτους
1723 2685 1812 2718 αὐτοὺς

1019 2734 1173 2776 ἐπεύχεται,
1187 2733 1230 2763 διὰ
1244 2733 1350 2763 πάντων
1361 2735 1399 2774 τῷ
1412 2733 1476 2772 Θεῷ
1491 2731 1712 2772 εὖηρεσι-ηκότας.

854 2785 949 2814 Variae
972 2785 1124 2815 lectiones.

203 2834 223 2852 ⁸¹
238 2834 360 2869 προφήτας
371 2842 395 2862 o.
436 2834 457 2850 ⁵³
470 2833 563 2867 ἄδηλος
577 2830 606 2866 ἦν
622 2831 635 2858 6
650 2831 692 2858 ἀλ.
707 2839 734 2859 0.
773 2831 795 2847 ³³
811 2830 999 2866 ἁμαρτήσαντος
1010 2837 1049 2857 In.
