1890 3077
28 166 93 193 1329

472 165 649 194 EXPOSITIO
668 166 702 194 IN
720 166 822 195 EPIST.
843 167 864 195 ll
884 168 929 196 AD
948 168 1063 196 THESS.
1081 183 1117 190 —
1132 169 1208 197 CAP.
1231 170 1250 198 l.

1611 172 1679 199 {330

26 229 70 263 τῆς
111 227 230 268 ἀρετῆς,
268 228 314 258 χαὶ
353 227 413 262 τοὺς
447 228 584 262 θλίϐοντας
626 228 720 263 αὐτοὺς
762 230 826 260 ἰδεῖν
841 231 912 266 Aju

907 231 1013 259 ndicium
1027 234 1074 260 aut
1082 239 1203 269 pamam,
1215 235 1295 268 atque
1306 233 1366 261 hinc
1377 241 1437 269 spes
1455 236 1608 262 sanctorum
1622 241 1681 261 con-

26 272 213 306 ἆπσλαύοντας
263 273 336 307 ἀξίας
386 273 540 310 κολάσεως,
603 273 720 304 ὑπέϐαλε
770 273 830 309 τοὺς

25 317 171 357 ὑπουργοὺς
218 319 301 348 αὐτοῦ
350 318 501 354 διδάσκειν,
545 318 584 348 ὅτι
632 319 772 356 ἐνέστηκεν
811 322 829 356 ἡ

26 362 107 402 χρίσις
133 362 182 392 καὶ
221 365 240 398 ἡ
268 363 402 402 παρουσία
431 365 477 393 τοῦ
501 364 636 403 Χριστοῦ,
661 363 705 393 ἵνα
740 364 829 399 δείξω-

26 418 65 436 σιν
100 407 124 424 ⁵⁷
157 406 199 437 ὅτι
229 408 278 437 οὐχ
309 407 385 437 ἔσται
418 407 510 438 λοιπὸν
536 407 680 445 ἀντίδοσις,
708 408 767 438 οὐδὲ
788 409 828 438 δι-

26 451 167 490 καστήριον
204 451 232 471 ⁸⁸
270 452 315 481 καὶ
354 451 478 488 κόλασις,
515 453 655 483 χᾶντεῦθεν
691 455 743 483 τῶν
779 453 827 492 μὲν

25 496 104 537 ἁγίων
130 496 156 514 ⁶⁹
182 495 235 529 τὰς
261 497 370 530 ἐλπίδας
396 497 550 537 θραύσωσι,
577 497 637 531 τοὺς
668 497 695 527 δὲ
718 497 827 539 ἐχθροὺς

26 544 67 571 τοῦ
106 540 286 581 κηρύγματος
321 542 494 582 θρασυτέρους
540 542 720 583 ἐργάσωνται,
754 542 825 573 ἀλλὰ

25 586 67 615 χαὶ
94 586 140 616 τὸν
171 585 294 627 Χριστὸν
322 587 406 627 ψευδῆ
442 586 601 627 ἐλέγξωσιν,
631 587 739 617 εἰπόντα
774 600 823 623 ση-

27 631 85 670 μεῖᾶ
128 639 211 672 τινα·
235 633 283 668 τῆς
327 633 407 661 αὑτοῦ
441 632 590 672 παρουσίας
625 632 732 671 μέλλειν
771 632 825 662 ἔσε-

25 679 98 705 σθαιυ
121 671 160 706 ὧν
197 676 238 716 μὴ
273 671 537 717 προγινομένωνίί.
561 677 696 718 προγεν.],
727 679 775 714 τῆς
800 677 827 707 δὲ

27 721 206 759 ἆναστάσεως,
239 723 276 756 ὡς
306 722 379 752 αὐτοὶ
422 722 554 758 ἐπλάνων,
596 722 725 759 ἰχϐάσης·
759 734 828 763 προ-

27 767 109 801 δήλως
141 768 156 796 ὃ
202 766 302 806 Κύριος
337 766 435 807 ψευδὴς
469 766 611 797 ἓδώινυτο.
651 767 704 798 Διὰ
743 770 828 797 ταῦτα

883 277 1035 312 fringerent
1047 279 1072 304 et
1087 279 1302 311 comminuerent,
1318 280 1342 305 et
1353 278 1439 306 hostes
1452 279 1528 306 verbi
1544 278 1678 314 con/iden-

884 323 966 349 tiores
979 321 1129 354 redderent,
1142 323 1195 349 imo
1206 325 1234 350 et
1242 323 1333 358 ipsum
1344 323 1479 351 Christum
1492 324 1626 352 mendacii
1635 331 1680 351 ar-

883 369 1005 402 guerent,
1019 368 1068 402 qui
1080 367 1161 401 signa
1171 367 1296 402 quadam
1305 368 1434 396 adventus
1444 369 1489 396 sui
1499 369 1595 403 futura
1605 376 1678 404 pra--

882 412 1010 443 dixerat;
1029 420 1090 447 qua
1104 419 1163 439 cum
1177 420 1229 439 non
1248 413 1322 446 facta
1340 415 1435 444 essent,
1457 421 1569 449 eamque
1586 421 1679 441 resur-

881 457 972 491 rectio,
996 460 1027 484 ut
1052 457 1107 492 ipsi
1128 457 1339 488 mentiebantur,
1371 457 1520 489 accidisset,
1551 459 1678 487 Dominus

880 504 971 537 aperte
983 501 1077 536 palam
1098 501 1217 528 mendam
1229 501 1478 530 demonstrabatur.
1500 503 1610 537 Propter
1623 504 1677 530 Mc

878 546 980 574 Paulus
994 546 1146 581 Epistolam
1158 546 1260 580 scribit,
1273 546 1430 574 deadventu
1444 548 1551 574 Domini
1563 548 1678 579 locutus,

878 590 967 626 ipsum
975 598 1041 618 sane
1051 593 1155 626 tempus
1164 599 1217 618 non
1227 591 1365 626 reue/aus,-
1376 592 1485 626 sig-num
1494 594 1583 619 autem
1592 593 1679 628 ipsius

879 636 1012 670 indicans,
1037 637 1127 672 ipsum
1141 635 1264 663 videlicet
1288 636 1499 664 Antichristum.
1519 636 1678 664 Consolatur

880 683 971 709 autem
993 687 1034 709 eos
1055 689 1072 708 a
1086 681 1337 716 perturbationibus
1357 681 1436 708 valde
1451 684 1606 710 maceratos.
1629 683 1682 710 De-

883 727 964 761 nique
990 725 1038 753 dat
1062 726 1100 753 eis
1125 727 1201 753 notas
1237 725 1335 760 quibus
1363 728 1519 761 cognoscant
1539 734 1682 761 germanas

883 771 968 806 ipsius
987 770 1132 805 Epistolas.

29 812 132 845 Παῦλος
166 811 218 848 τὴν
247 810 410 847 Ἐπιστολὴν
444 811 549 852 γράφει,
579 812 625 841 καὶ
657 811 729 852 λέγει
766 811 828 852 περὶ
857 813 904 846 τῆς
929 809 1076 851 παρουσίας
1110 813 1158 840 τοῦ
1193 810 1312 850 Κυρίου,
1344 810 1388 840 τὸν
1425 810 1474 849 μὲν
1511 810 1603 852 καιρὸν
1632 811 1682 840 αὖ-

28 856 68 884 τὸν
96 858 146 886 οὐχ
177 856 399 892 ἀποκαλύπτων,
430 856 460 886 τὸ
493 856 520 886 δὲ
547 860 658 895 σημεῖον
697 857 781 893 αὐτῆς
815 856 840 874 ⁷⁰
877 856 981 894 δηλῶν,
1013 854 1058 884 τὸν
1096 854 1287 896 Ἆντίχριστον.
1324 856 1487 895 Παρακαλεῖ
1525 855 1551 884 δὲ
1588 855 1681 889 αὖτοὺς

29 900 125 941 σφόδρα
158 901 404 941 τεταριχουμένους
442 900 465 920 ⁷¹
503 901 554 931 ὑπὸ
587 903 639 931 τῶν
675 902 769 932 παθῶν
801 901 837 930 ⁷².
869 900 924 932 Καὶ
958 899 1047 939 τέλος,
1080 899 1185 930 δίδωσιν
1212 900 1300 934 αὐτοῖς
1324 903 1422 940 σημεῖα
1447 899 1481 929 δι’
1503 895 1539 930 ὧν
1568 900 1681 939 ἐπιγνώ-

29 957 114 975 σονται
139 947 188 980 τὰς
209 945 321 986 γνησίας
341 947 420 976 αὐτοῦ
436 945 608 980 Ἐπιστολάς.

288 1111 836 1170 THEOPHYLACTI
880 1109 1426 1168 COMMENTARIUS

443 1222 482 1252 IN
505 1221 725 1252 EPISTOLAM
746 1221 771 1252 ll
795 1221 848 1251 AD
869 1219 1267 1251 THESSALONICENSES.

214 1393 238 1422 Κ
245 1392 447 1422 ΕΦΑΛΑΙΟΝ
467 1392 637 1422 ΠΡΩΤΟΝ.

76 1464 89 1480 «
113 1455 222 1488 Παῦλος
245 1454 291 1483 καὶ
316 1453 460 1488 Σιλουανὶις
479 1454 526 1483 καὶ
551 1453 680 1492 Τιμόθεος
762 1453 829 1484 Ἐχ-

35 1499 133 1540 κλησίᾳξ
156 1498 379 1529 Θεσσαλονικέων
406 1500 433 1529 ἐν
461 1499 526 1539 Θεῷ
544 1498 632 1539 Πατρὶ
653 1500 746 1537 ἡμῶν,
783 1498 829 1528 καὶ

36 1542 119 1583 Κυρίῳ
132 1542 224 1580 Ἰησοῦ
241 1544 395 1584 Χριστῷ.)
413 1543 465 1573 Καὶ
486 1544 512 1572 ἐν
572 1543 665 1584 πρώτῃ
681 1544 829 1582 Ἐπιστολῇ

124 1587 235 1627 ἤρξατο.
254 1582 389 1618 "Caesar;
403 1589 458 1617 ἐκεῖ
478 1582 580 1628 εἴρηται
596 1582 672 1627 ἦμῖν,
687 1587 828 1627 παράλαϐε

36 1631 76 1660 καὶ
90 1633 214 1664 ἐνταῦθα.

75 1687 90 1703 ι
108 1676 191 1717 Χάρις
216 1679 277 1716 ὑμῖν
295 1678 341 1707 καὶ
368 1676 459 1717 εἰρήνη
476 1677 530 1707 ἀπὸ
543 1677 615 1707 Θεοῦ
636 1676 759 1718 Πατρὺς,
783 1677 829 1706 καὶ

36 1720 130 1760 Κυρίου
145 1721 239 1758 Ἰησοῦ
257 1722 387 1760 Χριστοῦ.
409 1734 424 1749 ιι
437 1721 562 1751 Ἐπειδὰν
578 1723 592 1750 ὁ
606 1721 675 1755 Θεὸς
689 1721 828 1761 χαριτώοῃ

36 1764 108 1803 τινὰ,
130 1767 204 1796 οὐδὲν
226 1767 298 1806 αὖτῷ
314 1765 389 1796 ἔσται
413 1765 518 1806 ἄναιρὸν
533 1765 572 1806 [
594 1766 736 1806 ἆνιαρὸν],
752 1766 829 1806 {am

35 1809 117 1839 πάντα
134 1811 231 1852 ῥᾳδίως
254 1811 407 1848 λυθήσεται.
430 1810 517 1844 Εἰδὼς
538 1806 583 1840 οὖν
599 1813 613 1840 ὁ
633 1811 764 1850 μακάριος
785 1806 828 1840 οὗ·

36 1865 86 1893 τος,
101 1855 149 1892 ὅση
171 1859 219 1886 τοῦ
237 1858 307 1887 Θεοῦ
329 1858 346 1892 ἠ
362 1855 454 1896 χάρις,
471 1855 515 1884 διὰ
530 1858 607 1885 τοῦτο
624 1854 724 1891 ταύτην
741 1855 830 1888 αὐτοῖς

35 1898 182 1939 ἐπεύχεται.
200 1901 269 1931 Ἐὰν
285 1900 337 1941 γὰρ
352 1900 420 1936 αὕτη
436 1901 524 1932 αὐτοῖς
549 1902 638 1940 παρῇ,
659 1899 763 1933 οὐδενὸς
776 1901 829 1929 τῶν

37 1947 185 1983 πειρασμῶν
208 1944 330 1982 αἴσθησιν
352 1944 498 1986 λὴψονται,
517 1944 586 1974 ἀλλὰ
612 1943 657 1973 καὶ
682 1946 729 1980 τῆς
751 1943 830 1984 εἰρή-

37 1998 78 2024 νης
99 1992 144 2019 τοῦ
162 1991 235 2021 Θεοῦ
260 1989 503 2026 συναπολαύοντες,
524 1989 666 2018 ἄσοίλευτοι
687 1989 733 2018 καὶ
757 1990 830 2029 εἰρη-

37 2032 100 2062 νικοὶ
128 2035 308 2074 διαμενοῦσιν.
332 2032 406 2072 Ἅμα
433 2034 462 2064 δὲ
486 2033 531 2064 καὶ
556 2033 754 2072 ἀναμιμνήσκει
777 2034 828 2062 αὖ-

1081 1391 1163 1427 531
1184 1391 1304 1419 CAPUT
1323 1391 1484 1419 PRIMUM.

919 1455 1007 1482 Vnus.
1027 1457 1050 1482 1.
1074 1454 1176 1482 Paulus
1187 1456 1212 1483 et
1228 1454 1354 1482 Silvanus
1376 1456 1401 1482 et
1417 1454 1570 1482 Timotheus
1587 1455 1676 1483 Eccle-

881 1500 928 1527 sia
947 1499 1221 1526 Thessalonicensium
1240 1500 1269 1526 in
1287 1501 1339 1527 Deo
1357 1500 1440 1527 Patre
1454 1501 1553 1534 nostro,
1575 1507 1606 1526 ac
1627 1501 1678 1527 Do-

881 1545 952 1571 mino
970 1544 1032 1571 Iesu
1045 1543 1160 1572 Christo.
1176 1544 1208 1571 In
1220 1543 1309 1579 priore
1319 1543 1441 1579 Epistola
1456 1543 1629 1571 consimilem
1642 1543 1678 1572 ad

882 1587 997 1616 modum
1020 1595 1100 1616 orsus
1123 1592 1173 1616 est.
1211 1588 1388 1624 Quaecunque
1417 1588 1508 1624 itaque
1530 1586 1567 1616 ibi
1599 1587 1675 1616 dicta

881 1636 946 1661 sunt
958 1640 973 1660 a
989 1632 1079 1667 nobis,
1095 1633 1140 1661 hic
1158 1641 1267 1670 quoque
1284 1633 1430 1661 assumito.

916 1679 1003 1706 Vsus.
1017 1680 1044 1706 2.
1065 1678 1161 1707 Gratia
1174 1678 1245 1706 vobis
1266 1680 1291 1706 et
1307 1686 1367 1714 pas:
1382 1686 1399 1705 a
1412 1679 1465 1706 Deo
1479 1678 1571 1712 Patro,
1588 1679 1614 1705 et
1633 1679 1681 1705 Do-

881 1724 953 1750 mino
967 1725 1027 1751 Jesu
1042 1723 1157 1752 Christo.
1169 1724 1318 1759 Postquam
1331 1725 1407 1751 Deus
1419 1723 1506 1759 gratia
1519 1729 1567 1750 sua
1583 1730 1681 1759 quem-

881 1768 957 1803 piam
971 1767 1090 1802 donarit,
1111 1767 1180 1795 nihil
1203 1767 1242 1795 illi
1261 1768 1409 1796 molestum
1433 1767 1496 1801 erit,
1519 1767 1568 1795 sed
1589 1767 1681 1795 omnia

881 1811 961 1840 facile
975 1811 1168 1840 dissolventur.
1181 1812 1276 1840 Sciens
1290 1812 1374 1848 igitur
1385 1811 1481 1840 beatus
1500 1811 1561 1845 iste,
1577 1815 1679 1847 quanta

881 1863 924 1884 res
946 1856 982 1884 sit
1002 1857 1055 1884 Dei
1075 1856 1172 1892 gratia.
1194 1860 1336 1892 propterea
1356 1855 1426 1884 hanc
1440 1855 1504 1892 ipsis
1518 1863 1677 1891 compreca-

881 1903 936 1927 tur.
953 1899 980 1927 Si
993 1900 1069 1928 enim
1085 1900 1143 1928 haec
1157 1899 1222 1936 ipsis
1236 1899 1358 1934 affuerit,
1373 1899 1477 1927 nullam
1497 1899 1678 1928 tentationem

880 1945 1009 1979 sentient,
1024 1944 1074 1974 sed
1089 1953 1155 1981 pace
1170 1945 1219 1973 Dei
1235 1944 1368 1979 fruentes,
1390 1944 1545 1973 inconcussi
1559 1949 1587 1972 et
1606 1946 1680 1981 paci-

882 1989 924 2018 ﬁci
943 1989 1151 2026 permanebunt.
1179 1989 1268 2018 Simul
1283 1994 1376 2018 autem
1399 1990 1438 2018 eis
1457 1989 1492 2018 ad
1512 1989 1678 2018 memoriam

882 2037 989 2063 revocat
1003 2034 1124 2063 divinam
1140 2034 1267 2071 gratiam,
1290 2037 1321 2062 ut
1336 2033 1440 2062 etiamsi
1454 2041 1501 2062 eos
1510 2032 1621 2062 afﬂictio
1635 2034 1676 2062 in-

38 2076 92 2110 τοὶις
106 2080 152 2115 τῆς
165 2079 275 2119 χάριτος
295 2081 342 2108 τοῦ
356 2079 428 2108 Θεοῦ
440 2102 448 2115 ,
464 2079 499 2112 ὡς
513 2080 536 2108 εἰ
550 2078 577 2097 ⁷³
597 2078 643 2107 καὶ
663 2077 762 2118 θλίψεις
777 2078 827 2107 αὖ·
843 2075 868 2105 Β
881 2087 912 2107 va

907 2080 993 2114 merit,
1019 2087 1158 2108 memores
1185 2079 1281 2116 gratia!
1303 2086 1354 2115 per
1376 2086 1459 2116 quam
1483 2079 1539 2107 sint
1562 2078 1674 2114 servati,

37 2121 85 2164 τοῖς
99 2123 253 2161 εἷσέλθοιεν,
270 2123 532 2163 ἀναμιμνησκόμενοι
547 2125 594 2159 τῆς
616 2123 740 2164 χάριτος,
760 2121 786 2156 ἐξ
802 2123 827 2142 ⁷⁸

38 2161 66 2200 ἧς
87 2167 242 2208 ἐσώθησαν,
268 2161 499 2209 παργαλίαλῶνται,
524 2168 570 2198 καὶ
599 2161 635 2197 ἐξ
651 2161 704 2197 τῶν
730 2179 828 2207 προγε-

38 2211 144 2248 γονότων
163 2213 209 2243 χαὶ
227 2213 353 2253 μειζόνων
370 2212 629 2254 πληροφορούμενοι,
640 2213 666 2242 ἐν
683 2212 737 2246 τοῖς
750 2211 829 2241 ἐλάτ-

39 2265 92 2285 τοσι
104 2257 141 2296 μὴ
153 2257 388 2298 ἀπογινώσχωσιν.

82 2310 95 2329 α
120 2302 299 2343 Εὖχαριστεῖν
315 2302 453 2344 ὀφείλομεν
479 2301 592 2332 πάντοτε
622 2303 660 2342 τῷ
681 2302 744 2342 Θεῷ
768 2301 829 2341 περὶ

42 2344 127 2388 1ξιμὶὗν,
154 2347 279 2388 ἀδελφοὶ,
304 2346 392 2381 καθὼς
415 2346 487 2388 ἄξιόν
512 2347 578 2377 ἔστι.
603 2357 618 2374 ι
641 2345 712 2386 Τρία
742 2348 828 2375 ταῦτα

41 2387 165 2420 διδάσκει·
193 2387 230 2421 ἓν
247 2391 295 2431 μὲν
326 2391 368 2422 ὅτι
391 2393 431 2431 ἐφ’
460 2387 498 2425 οἷς
519 2390 752 2431 κατωρθώσαμεν,
780 2392 829 2431 οὐχ

41 2433 100 2468 ἡμῖν
114 2436 201 2469 αὐτοῖς
213 2437 253 2465 δεῖ
266 2436 344 2477 χάριν
359 2436 431 2477 ἔχειν
441 2459 450 2473 ,
473 2435 541 2466 ἀλλὰ
557 2437 595 2476 τῷ
617 2436 694 2476 Θεῷ,
707 2435 828 2476 ξκάκείνῳ

41 2477 68 2521 τὸ
86 2483 137 2509 πᾶν
159 2481 343 2520 λογιζομένους
368 2479 406 2520 μὴ
430 2479 646 2515 ἀλαζονεύεσθαι·
674 2479 763 2521 ἕτερον
785 2481 828 2518 δὲ,

43 2519 78 2550 δτι
92 2524 120 2552 οὖ
144 2519 264 2565 δακρύων
286 2525 362 2562 ἄξια,
387 2525 445 2555 οὐδὲ
469 2525 585 2565 θρήνων,
613 2524 631 2555 a
655 2519 826 2565 πάσχουσιν,

43 2565 98 2595 ιπῖλλ³
125 2570 293 2609 εὐχαριστίας
322 2572 369 2606 τῆς
394 2572 429 2604 εἰς
459 2570 543 2601 Θεόν·
568 2569 638 2600 ὥστε
663 2569 708 2600 καὶ
735 2569 828 2604 αὖτοὺς

44 2608 78 2638 δεῖ
92 2608 207 2653 χαίρειν,
222 2615 292 2644 ἀλλὰ
313 2614 351 2654 μὴ
375 2615 568 2645 καταπίπτειν
594 2615 641 2652 καὶ
662 2614 768 2653 τρίτον,
788 2614 828 2644 ὅτι

58 2653 65 2663 s

43 2655 69 2682 οὗ
83 2655 119 2686 δεῖ
136 2661 237 2698 φθονεῖν
262 2663 316 2694 τοῖς
337 2662 526 2701 κατορθοῦσιν,
550 2659 620 2690 ἀλλὰ
642 2660 746 2700 χαίρειν
757 2683 766 2699 ,
782 2658 828 2689 καὶ

882 2123 1098 2153 consolationem
1120 2124 1265 2160 accipiant,
1279 2127 1361 2160 atque
1381 2131 1396 2152 ιι
1411 2123 1553 2160 ρταξῐθινίιίε
1572 2127 1599 2151 et
1618 2131 1677 2152 ma-

877 2169 986 2205 joribus
1000 2168 1166 2204 conﬁrmati,
1181 2169 1209 2197 in
1226 2168 1381 2197 minoribus
1398 2176 1456 2197 non
1469 2167 1622 2205 desperent.

917 2305 1002 2333 Vens.
1021 2307 1047 2332 3.
1064 2305 1174 2333 Gratias
1191 2311 1273 2340 agere
1286 2303 1409 2332 debemus
1419 2305 1470 2331 Deo
1482 2311 1584 2339 semper
1598 2305 1682 2332 vestri

882 2356 971 2383 causa,
986 2350 1098 2383 fratres,
1111 2350 1151 2376 ita
1170 2351 1203 2376 ut
1225 2349 1337 2384 dignum
1357 2351 1405 2376 est.
1423 2348 1486 2376 Tria
1499 2348 1559 2376 haec
1576 2347 1657 2377 docet
1673 2359 1679 2377 :

882 2394 1014 2430 primum,
1029 2393 1103 2430 quod
1117 2397 1225 2421 nostras
1246 2393 1281 2421 ob
1305 2393 1421 2421 virtutes
1441 2401 1497 2421 non
1514 2397 1581 2422 sunt
1601 2393 1682 2422 nobis

882 2438 977 2475 gratia:
996 2437 1142 2473 habendae,
1161 2437 1210 2466 sed
1225 2439 1296 2471 Deo,
1316 2441 1398 2473 atque
1415 2437 1453 2466 illi
1477 2441 1567 2467 totum
1591 2438 1680 2475 impu-

881 2487 971 2512 tantes
979 2491 1037 2511 non
1051 2485 1210 2519 arrogantes
1224 2490 1283 2511 esse
1297 2492 1305 2511 τ
1320 2482 1448 2518 alterum,
1466 2482 1542 2520 quod
1559 2491 1614 2512 non
1629 2484 1682 2512 sint

882 2528 1009 2565 lncrymis
1027 2535 1116 2564 neque
1131 2527 1257 2556 lamentis
1276 2526 1358 2564 digna
1379 2527 1425 2556 illa
1450 2535 1513 2565 qua;
1530 2529 1681 2564 patiuntur,

881 2573 930 2602 sed
942 2572 1087 2610 ejusmodi,
1100 2580 1149 2609 pro
1163 2573 1264 2609 quibus
1278 2574 1337 2601 Deo
1349 2574 1452 2610 gratias
1465 2581 1546 2610 agere
1561 2573 1658 2602 deceat
1671 2583 1679 2607 ;

881 2619 974 2654 itaque
987 2618 1074 2647 Iastari
1089 2625 1137 2646 eos
1151 2622 1269 2654 oportet,
1290 2622 1317 2646 et
1343 2618 1469 2646 animum
1487 2625 1543 2646 non
1560 2617 1681 2654 despon-

881 2663 971 2692 dere:
997 2663 1122 2698 tertium,
1145 2662 1222 2700 quod
1248 2671 1305 2691 non
1325 2666 1449 2699 oporteat
1472 2661 1592 2691 invidere
1614 2662 1682 2690 bene

724 2726 820 2757 Varia
843 2727 997 2758 lectiones.

77 2787 172 2830 "idin
192 2800 217 2821 o.
254 2793 276 2810 ⁸⁸
294 2793 460 2829 κολαστήριον
483 2801 510 2822 ο.
549 2793 571 2811 θ’
595 2793 695 2829 ἀγαθῶν
719 2801 758 2822 ιη.
797 2793 819 2809 ⁷⁰
835 2793 918 2823 αὐτοῖς
938 2801 964 2822 ο.
1013 2793 1034 2810 ἠ
1059 2793 1280 2830 τεταριχευμένους
1304 2800 1345 2821 In.
1392 2792 1414 2809 ⁷¹
1437 2795 1520 2819 κακῶν
1545 2800 1570 2821 ο.
1609 2789 1631 2806 τ’
1647 2788 1685 2819 ὣς

47 2825 73 2852 ἓν
87 2827 106 2854 εἰ
117 2838 142 2860 ο,
159 2825 199 2850 ’⁷τι
216 2832 255 2869 δφν
271 2841 298 2862 ο⁴
