1890 3077
196 159 258 186 1331

675 156 930 184 THEOPHYLACTI
950 155 1129 184 BULGARIE
1147 155 1304 184 ARCHIEP.

1787 152 1846 180 £332

194 219 383 257 operantibus,
398 219 447 248 sed
462 219 580 256 gaudere
594 222 621 247 et
639 219 740 255 gratias
761 227 841 255 agere
863 220 921 247 Deo
943 227 985 255 prc

1076 219 1210 259 χαριστιῖν
1235 220 1272 258 τῷ
1290 219 1354 257 Θεῷ
1376 216 1442 258 ὑπὲρ
1464 218 1516 246 τῶν
1547 217 1677 257 ἀδελφῶν.
1704 215 1800 244 Ὠστι
1827 217 1846 243 οἱ

193 265 332 294 fratribus.
355 264 490 301 Quocirca
505 264 553 300 qui
568 267 741 292 macerantur
755 264 790 292 ob
811 271 843 292 ea
861 271 925 300 qua:
947 263 991 292 alii

195 310 263 338 bene
293 314 389 345 agunt,
414 311 475 338 Deo
504 308 681 337 maledicunt.
709 309 785 338 Sicut
809 309 923 344 dignum
941 311 990 340 est,

194 355 273 389 dixit,
290 362 326 383 ne
346 355 382 383 ob
397 354 484 391 ipsam
497 354 647 390 gratiarum
674 353 810 382 actionem
830 352 990 387 efferamur,

194 407 244 428 ceu
259 407 363 427 novum
384 398 515 436 quiddam
539 397 732 426 adduxerimus
756 397 896 426 :l'aeimns
917 397 992 426 enim

195 443 269 480 quod
280 442 395 480 dignum
409 446 452 471 est
470 442 538 471 ﬁeri.
555 444 700 479 Propterea
715 446 743 470 et
754 450 814 470 rem
832 442 921 478 ipsam
942 441 991 470 de-

196 489 286 517 bitum
301 488 466 517 nominavit.
483 487 530 516 Vel
546 487 608 524 quia
623 490 651 515 et
670 487 697 515 in
710 486 800 515 verbis
814 491 841 515 et
859 487 886 515 in
901 486 989 523 operi-

195 533 247 562 bus
260 533 355 570 gratiae
368 537 432 561 sunt
444 532 559 569 agenda:
579 541 586 560 :
602 531 661 560 hate
671 531 746 560 enim
767 535 808 560 est
828 531 908 568 digna
929 539 990 568 gra-

196 578 297 606 tiarum
307 578 389 606 actio.

231 624 363 658 Quoniam
376 630 457 658 super
467 623 558 650 crescit
575 622 641 657 ﬁdes
655 624 755 650 vestra.
773 621 889 657 Quando
901 621 936 650 ob
957 621 987 649 ti-

195 668 258 696 dem
282 667 467 696 tentationum
488 666 630 696 inundatio
655 667 761 695 irruens
790 674 844 694 non
865 666 989 694 submer-

193 712 261 741 serit
280 720 340 746 vos,
366 711 467 740 nullius
492 711 603 740 alterius
631 711 668 740 rei
700 711 753 740 hoc
777 711 910 740 indicium
938 715 990 745 est,

194 765 276 793 quam
287 756 361 793 quod
379 761 457 784 aucta
472 756 518 791 sit,
533 764 641 785 necnon
653 755 733 785 altior
749 755 821 784 facta
835 755 914 790 ﬁdes,
928 763 988 791 per-

195 801 257 830 inde
283 809 315 829 ac
340 801 367 829 in
393 801 480 837 prisco
510 801 556 829 illo
580 800 682 830 diluvio
702 800 831 829 altissima
852 800 989 828 montium

193 854 248 874 non
264 846 342 874 facile
356 845 499 874 submersa
513 845 596 882 532
611 849 686 874 sunt.
703 846 784 881 Hinc,
798 846 988 881 Supercrescit,

193 891 270 926 dixit,
284 895 315 919 ut
330 890 481 919 altitudinis
493 898 635 919 excessum
649 890 760 919 indicet.

230 983 265 1009 Et
281 981 402 1008 abundat
414 981 534 1009 charitas
548 981 758 1016 uniuscujusque
774 983 892 1008 vestrum
904 982 933 1008 in
946 982 988 1008 iu-

192 1027 282 1054 vicem.
304 1025 422 1054 Observa
443 1033 539 1054 eorum
552 1025 739 1054 dilectionem.
766 1026 828 1054 Non
843 1024 916 1053 hunc
931 1025 990 1061 qui-

194 1070 258 1098 dem
272 1069 428 1106 diligebant,
444 1070 522 1098 illum
539 1078 602 1098 vero
619 1078 673 1098 non
687 1071 764 1104 item,
778 1078 874 1098 verum
893 1077 989 1106 mqua-

195 1115 228 1143 lis
251 1119 309 1142 erat
327 1115 451 1143 omnium
471 1123 535 1151 erga
557 1123 652 1143 omnes
669 1115 788 1143 dilectio.
814 1115 893 1150 Quod
914 1114 989 1142 enim

195 1161 242 1192 ait,
266 1160 488 1195 Uniuscujusque,
507 1164 535 1188 et
561 1161 593 1188 In
616 1161 735 1192 invicem,
757 1160 810 1188 hoc
833 1159 985 1196 signiﬁcat.

195 1205 265 1232 Nam
281 1204 303 1232 si
325 1204 529 1240 particulariter
550 1204 706 1241 diligamus,
721 1204 773 1232 hoc
792 1212 847 1233 non
862 1208 904 1232 est
923 1204 987 1232 cha-

195 1249 272 1284 ritas,
295 1248 343 1277 sed
357 1249 493 1277 dissensio
517 1249 615 1284 potius.
631 1249 658 1278 Si
672 1249 745 1277 enim
763 1249 810 1277 Dei
826 1257 907 1277 causa
928 1248 990 1276 dili-

196 1294 247 1330 gis,
273 1301 369 1322 omnes
388 1293 468 1330 dilige
487 1302 494 1320 :
517 1294 559 1322 sin
583 1294 779 1330 particulariter
810 1293 912 1329 diligis,
942 1293 991 1321 hu-

196 1346 275 1366 mana
291 1338 342 1366 ista
356 1342 396 1366 est
408 1339 539 1367 amicitia.
554 1338 703 1367 Considera
715 1342 806 1366 autem
824 1337 898 1375 quod
912 1346 988 1366 com-

197 1383 294 1410 muniri
314 1387 342 1411 et
363 1391 413 1411 nos
428 1387 526 1412 mutuo
548 1383 688 1420 amplecti,
708 1387 803 1412 contra
826 1382 992 1411 afﬂictiones

195 1427 344 1464 plurimum
364 1427 482 1456 confert.

231 1473 318 1501 Vnus.
343 1476 369 1501 4.
395 1475 427 1501 Ut
440 1481 488 1501 nos
511 1475 565 1508 ipsi
583 1474 614 1500 in
626 1474 699 1501 vobis
720 1474 867 1508 gloriemur
887 1474 916 1501 in
944 1475 992 1502 Ec-

195 1517 280 1546 clesiis
300 1519 358 1546 Dei.
382 1519 416 1546 In
438 1518 521 1554 priori
543 1518 660 1554 Epistola
684 1517 763 1553 dixit,
789 1518 835 1546 Sic
857 1522 992 1546 noverunt

196 1569 293 1590 omnes
306 1570 350 1591 res
363 1566 476 1596 vestras,
492 1566 524 1591 ut
534 1570 590 1590 non
605 1567 677 1590 esset
695 1570 766 1598 opus
779 1570 831 1590 nos
840 1561 991 1599 quidquam

197 1606 270 1642 loqui
285 1606 319 1634 de
339 1606 416 1634 vobis
439 1615 446 1634 :
469 1606 609 1643 quomodo
631 1606 713 1642 igitur
731 1614 805 1635 nunc
832 1606 898 1634 dicit
921 1614 950 1635 se
966 1607 992 1635 in

197 1650 326 1678 Ecclesiis
345 1650 455 1686 gloriari
481 1650 515 1678 de
543 1651 627 1687 ipsis?
650 1652 688 1679 Ex
718 1651 775 1686 ipsa
796 1651 917 1679 dictione
940 1651 993 1680 hoc

197 1695 308 1730 planum
324 1698 366 1722 est
380 1704 387 1722 :
402 1702 460 1722 non
475 1694 548 1723 enim
565 1695 612 1728 ait,
628 1697 768 1724 Docemus
777 1702 825 1723 eos
839 1695 873 1724 de
893 1695 971 1724 vobis
985 1705 991 1724 :

197 1738 256 1773 sed,
275 1738 444 1774 Gloriamur,
466 1743 495 1767 et
509 1739 661 1768 venerandi
680 1747 777 1768 sumus
795 1744 905 1776 propter
933 1748 991 1769 vos.

196 1783 225 1812 Si
247 1783 329 1820 igitur
348 1791 399 1812 nos
417 1784 518 1820 gratias
538 1784 646 1821 agimus
667 1786 726 1813 Deo
752 1789 863 1821 propter
886 1793 943 1819 vos,
967 1789 995 1813 et

197 1828 348 1865 gloriamur
361 1829 432 1865 apud
444 1829 582 1864 homines,
594 1830 681 1858 multo
692 1830 778 1866 magis
790 1829 844 1858 hoc
853 1838 901 1859 vos
914 1838 993 1867 opor-

197 1877 237 1902 tet
252 1873 339 1902 l'acere
352 1873 380 1902 in
395 1873 429 1902 iis
448 1882 510 1911 quae
525 1875 603 1904 vobis
626 1874 802 1911 contingunt,
820 1879 848 1903 et
867 1883 923 1903 non
944 1875 993 1904 de-

196 1918 331 1955 spondere
345 1919 480 1954 animum,
498 1927 587 1957 neque
611 1919 756 1957 desperare
775 1919 805 1948 in
832 1920 994 1948 tentationi-

197 1963 258 1992 bus.

232 2009 282 2036 Pro
298 2010 433 2044 patientia
446 2011 534 2037 vestra
548 2011 574 2037 et
590 2009 643 2044 ﬁde
655 2010 685 2037 in
698 2010 818 2037 omnibus
830 2011 994 2045 persecutio-

196 2053 275 2080 nibus
287 2054 383 2081 vestris
393 2056 419 2081 et
430 2054 650 2082 tribulationibus
658 2062 725 2089 quas
734 2056 882 2082 sustinetis.
891 2055 995 2083 Osten-

197 2097 239 2125 dit
261 2105 309 2126 eos
330 2097 377 2126 diu
397 2101 517 2126 tentatas
539 2097 631 2126 fuisse.
648 2098 779 2127 Patientia
800 2099 873 2127 enim
889 2107 944 2128 non
966 2099 994 2128 in

196 2141 305 2171 duobus
322 2147 370 2170 aut
393 2142 481 2171 tribus
501 2142 597 2171 diebus
625 2147 747 2180 apparet.
774 2145 860 2173 Porro
884 2144 995 2181 quidem

197 2187 328 2223 patientia
342 2191 393 2222 est,
410 2186 547 2215 bonorum
563 2187 775 2223 promissorum,
793 2196 855 2224 qua:
869 2187 994 2216 nondum

196 2232 312 2259 assecuti
328 2239 436 2265 sumus,
449 2230 608 2260 dilationem
620 2239 700 2268 atque
715 2232 809 2260 animo
824 2232 904 2261 ferre.
918 2234 996 2261 Nunc

197 2283 262 2304 vero
275 2276 409 2313 majorem
428 2275 502 2310 dicit,
516 2284 615 2313 nempe
639 2284 700 2313 quae
717 2281 759 2305 est
777 2276 806 2304 in
826 2277 994 2313 persecutio-

196 2320 278 2348 nibus
293 2325 319 2348 et
329 2318 530 2350 'al'llictionibus
550 2331 556 2349 :
576 2329 640 2350 cum
658 2321 781 2350 hostibus
805 2322 881 2350 enim
897 2322 993 2358 impla-

195 2364 329 2394 cabilibus
353 2366 599 2401 conversabantur,
613 2366 754 2403 solidaque
774 2366 901 2402 patientia
926 2374 994 2402 opus

197 2409 343 2444 habebant,
360 2410 440 2447 idque
452 2411 479 2439 in
489 2411 626 2448 principio
639 2411 714 2440 verbi
727 2416 754 2440 et
765 2411 917 2448 Evangelii,
930 2420 994 2440 cum

198 2462 333 2491 pauperes
354 2455 435 2483 etiam
450 2455 574 2485 homines
595 2461 695 2485 essent.
714 2457 817 2485 Pudeat
839 2457 929 2493 itaque
948 2465 995 2486 eos

195 2503 331 2536 quotquot
355 2503 467 2536 propter
484 2500 674 2537 praefecturam
697 2501 842 2531 hominum
862 2501 898 2531 ad
913 2510 993 2538 prava

195 2544 323 2581 dogmata
339 2543 549 2573 transferuntur.

230 2591 318 2619 Vsns.
334 2593 360 2618 5.
377 2590 409 2618 In
422 2590 572 2626 exmplum
588 2590 663 2626 justi
677 2591 781 2626 judicii
792 2592 851 2626 Dei,
866 2594 897 2619 ut
917 2592 998 2627 digni

195 2634 352 2663 habeamini
372 2643 453 2670 regno
478 2636 534 2664 Dei.
558 2636 611 2664 Per
633 2643 664 2664 ea
697 2635 808 2671 quidem
838 2643 900 2672 quae
921 2636 994 2665 dicta

195 2683 268 2714 sunt,
284 2680 439 2709 consolatus
454 2684 495 2708 est
516 2688 576 2715 eos,
597 2684 657 2708 tum
678 2687 726 2717 per
747 2680 801 2709 hoc
822 2680 896 2717 quod
915 2680 995 2716 dicit,

1045 263 1186 302 τηκόμενοι
1213 263 1254 303 ἐφ’
1275 259 1313 297 οἷς
1335 262 1492 301 κατορθοῦσί
1516 273 1599 297 τινες,
1626 261 1671 290 τὸν
1686 260 1768 303 ξιον
1795 261 1847 289 δυσ-

1045 300 1174 348 φημοῧσι.
1191 300 1293 345 Τὸ-δὲ,
1312 320 1326 337 ι
1345 300 1436 341 Καθιὶις
1458 307 1529 341 ἄξιόν
1543 308 1626 344 ἔστιν,
1647 316 1662 334 n
1690 300 1790 340 εἶπεν,
1809 304 1846 333 ἴνα

1045 352 1112 389 μηδὲ
1135 353 1179 382 ἐπὶ
1265 352 1423 392 εὐχαριστίᾳ
1449 352 1516 391 αὐτῇ
1541 351 1565 369 ⁷⁵
1598 350 1795 389 ἐπαιρῶμεθα,
1820 352 1848 381 ἐκ

1045 397 1114 432 ξένον
1142 410 1167 427 τι
1197 396 1448 436 συνιισαγαγόντες·
1476 396 1507 426 τὸ
1542 395 1594 436 γὰρ
1622 395 1695 429 ἄξιον
1731 394 1848 434 γίνεσθαι

1044 445 1184 481 ποιοῦμεν·
1200 442 1241 472 διὸ
1253 442 1299 472 καὶ
1320 441 1428 481 ὀφειλὴν
1451 440 1479 470 τὲ
1501 445 1616 481 πρᾶγμα
1631 440 1791 478 ὠνόμασεν.
1814 437 1846 469 Ἢ

1043 487 1084 518 ὅτι
1102 487 1147 517 καὶ
1162 487 1206 517 διὰ
1229 487 1314 527 λόγων
1334 486 1380 516 καὶ
1403 487 1437 516 δι’
1457 485 1555 526 ἔργων’
1576 484 1646 521 αὕτη
1669 483 1727 524 γὰρ
1751 486 1770 519 ἡ
1793 483 1847 518 ἀξία

1044 531 1210 572 εὐχαριστία.

1086 633 1102 648 α
1116 620 1182 651 Ὀτι
1197 620 1370 660 ὕπεραυξάνει
1383 623 1400 657 ἡ
1412 623 1502 653 πίστις
1516 621 1603 658 ὒμῶν.
1621 631 1636 648 »
1657 619 1754 648 Ὀταν
1771 620 1785 647 ὃ
1800 619 1847 647 τῶν

1044 665 1096 695 ὑπὸ
1118 667 1165 702 τῆς
1183 666 1299 699 πίστεως
1320 666 1476 705 πειρασμῶν
1503 663 1695 701 κατακλυσμὸς
1730 662 1847 691 ἐπελθὼν

1044 709 1082 749 μὴ
1099 710 1230 750 ὶπικλύοῃ
1253 712 1337 748 ὑμᾶς,
1359 709 1462 743 οὐδενὸς
1482 710 1571 749 ἐτέρου
1596 710 1676 737 τοῦτο
1702 707 1848 746 τεκμήριόν

1044 756 1134 791 ἐστιν,
1157 755 1175 791 ἢ
1201 758 1249 784 τοῦ
1278 754 1424 790 αὐξηθῆναι
1448 754 1494 784 καὶ
1523 752 1692 794 ὑψηλοτέραν
1726 752 1845 791 γενέσθαι

1043 800 1091 836 τὴν
1105 799 1208 830 πίστιν·
1224 799 1345 839 καθάπερ
1369 799 1415 829 καὶ
1439 798 1482 829 ἐπὶ
1501 800 1545 828 τοῦ
1568 798 1687 827 Milanion"
1706 798 1845 826 κατακλυ-

1044 847 1113 883 σμοῦ
1125 844 1158 874 τὰ
1169 843 1259 885 δψῃλὰ
1267 845 1296 873 οὖ
1307 843 1403 885 ῥᾳδίως
1411 843 1592 877 κατεκλύοθη.
1605 842 1667 879 Διὸ,
1683 854 1698 869 ι
1709 841 1845 880 ’Υπεραυ-

1009 889 1131 926 Βξάνει,
1157 901 1171 918 ι
1198 884 1281 926 εἶπεν,
1305 887 1349 918 ἵνα
1371 887 1418 924 τὴν
1441 886 1593 928 ὑπερϐολὴν
1621 890 1669 916 τοῦ
1690 886 1776 926 ὕψους
1799 886 1843 919 δη-

1043 933 1129 974 λώσῃ.

1086 990 1100 1007 ί
1120 978 1174 1008 Καὶ
1198 978 1337 1013 πλεονάζει
1361 979 1378 1013 ἡ
1399 977 1491 1017 ἀγάπη
1516 977 1572 1010 ἑνὸς
1596 976 1712 1006 ἑκάστου
1741 975 1843 1004 πάντων

1043 1024 1116 1062 ὗμίῦν
1131 1024 1166 1056 εἷς
1181 1024 1320 1059 ἀλλήλους.
1333 1033 1347 1051 ››
1364 1021 1437 1061 Ὅρα
1454 1022 1570 1060 ἀγάπην.
1587 1021 1628 1051 Οὖ
1645 1020 1689 1049 τὸν
1708 1022 1758 1058 μὲν
1774 1019 1840 1056 ἡγέ-

1043 1080 1112 1104 πων,
1128 1067 1172 1097 τὸν
1187 1067 1215 1097 δὲ
1237 1067 1267 1098 οὔ
1278 1079 1285 1086 ”
1298 1067 1358 1098 ἀλλ’
1371 1066 1417 1102 ἴση
1433 1062 1465 1102 ἦν
1480 1066 1541 1105 περὶ
1554 1066 1661 1095 πάντων
1673 1068 1690 1101 ἡ
1711 1065 1739 1084 ⁷⁸
1756 1064 1841 1104 ἀγάπη

1042 1113 1107 1152 πρὸς
1116 1113 1228 1146 πάντας.
1239 1112 1280 1143 Τὸ
1289 1111 1352 1152 γὰρ,
1368 1123 1383 1138 ι
1394 1111 1472 1145 ἹΞνὸς
1486 1110 1611 1146 ἑκάστου,
1628 1123 1642 1138 ι
1656 1110 1703 1139 καὶ
1719 1109 1760 1145 τὸ,
1775 1121 1787 1136 ι
1801 1109 1841 1140 Εἰς

1043 1158 1190 1196 ἀλλήλους,
1226 1168 1240 1185 ι
1269 1160 1345 1186 τοῦτο
1371 1157 1460 1192 δηλοῖ·
1488 1155 1546 1185 ἐπεί
1570 1167 1600 1194 γι
1631 1154 1696 1184 ὅταν
1729 1155 1842 1193 μερικῶς

1044 1203 1208 1242 ἀγαπῶμεν,
1235 1202 1282 1230 οὐκ
1304 1201 1397 1239 ἀγάπη
1421 1203 1516 1236 τοῦτο,
1541 1199 1610 1229 ἀλλὰ
1633 1200 1788 1232 διάστασις.
1812 1199 1840 1227 Εἰ

1043 1246 1095 1287 γὰρ
1111 1247 1154 1276 διὰ
1176 1246 1220 1276 τὸν
1235 1246 1304 1276 Θεὸν
1327 1247 1449 1286 ἀγαπᾷς,
1463 1245 1564 1278 πάντας
1583 1245 1690 1283 ἀγάπα*
1719 1245 1742 1273 εἰ
1759 1244 1785 1273 δὲ
1800 1254 1842 1280 με·

1046 1293 1123 1331 ρικῶς
1144 1293 1264 1331 ἀγαπᾷς,
1287 1290 1438 1331 ἀνθρωπίνη
1463 1292 1541 1320 τοῦτο
1563 1289 1650 1328 φιλία.
1676 1289 1782 1319 Σκόπει
1802 1287 1839 1322 δὲ,

1044 1336 1084 1366 ὅτι
1094 1335 1121 1365 δὲ
1133 1336 1175 1376 [f.
1187 1336 1251 1375 καὶ]
1265 1335 1295 1365 τὸ
1308 1335 1524 1375 σνμπιφράχθαι,
1534 1334 1580 1364 καὶ
1590 1333 1715 1370 ἀλλήλων
1728 1333 1841 1373 ἔχεσθαι,

1045 1381 1167 1420 μεγάλως
1184 1381 1248 1420 πρὸς
1263 1380 1308 1414 τὰς
1321 1380 1420 1421 θλίψεις
1435 1379 1631 1419 συμϐάλλεται.

1087 1481 1101 1498 ‹
1117 1468 1203 1499 ⁸Ὤστι
1229 1471 1297 1507 ἡμᾶς
1320 1469 1414 1503 αὐτοὺς
1436 1469 1462 1498 ἓν
1488 1471 1551 1507 ὓμῖν
1567 1470 1725 1509 καυχᾶσθαι
1745 1470 1772 1498 ἐν
1793 1467 1843 1509 τῷ

1046 1514 1220 1550 Ἐκκλησίαις
1235 1517 1278 1543 τοῦ
1293 1515 1374 1544 Θεοῦ.
1395 1524 1411 1542 n
1431 1513 1476 1544 Ἐν
1493 1515 1525 1554 τῇ
1539 1507 1798 1553 πρώτῂγἘπιο-τολῇ
1813 1507 1842 1540 εἶ-

1011 1549 1033 1581 C
1047 1571 1093 1589 πιν
1101 1582 1108 1596 ,
1122 1559 1162 1588 ὅτι
1175 1559 1269 1592 Οὕτως
1279 1558 1353 1588 ἴσασι
1363 1559 1460 1592 πάντες
1475 1549 1584 1588 τὰνιιαθ’
1595 1549 1663 1597 ὑμᾶς
1671 1581 1680 1594 ,
1691 1558 1767 1588 ὥστε
1779 1549 1844 1596 ἦμᾶς

1047 1604 1085 1643 μὴ
1106 1604 1198 1644 χρείαν
1223 1603 1294 1644 ἔχειν
1309 1604 1400 1633 λαλεῖν
1414 1603 1476 1643 περὶ
1491 1605 1579 1642 ὑμῶν’
1599 1605 1656 1636 πῶς
1671 1598 1720 1632 οὖν
1735 1606 1781 1632 νῦν
1795 1615 1842 1643 φη-

1046 1661 1105 1685 σιν,
1136 1650 1162 1678 ἐν
1186 1652 1245 1682 ταῖς
1273 1648 1447 1684 Ἐκκλησίαις
1471 1650 1624 1688 καυχᾶσθαι
1648 1647 1712 1688 περὶ
1745 1649 1842 1682 αὖτῶνς

1047 1694 1105 1724 Ἀπ’
1122 1695 1202 1729 αὐτῆς
1216 1695 1263 1729 τῆς
1283 1693 1378 1728 λέξεως
1401 1694 1480 1729 δῆλον
1504 1695 1592 1723 τοῦτο.
1620 1694 1662 1723 Οὖ
1677 1693 1733 1733 γὰρ
1756 1689 1841 1727 εἶπεν,

1046 1738 1086 1768 ὅτι
1114 1738 1280 1778 Διδάσκομεν
1306 1737 1399 1772 αὐτοὺς
1420 1738 1480 1778 περὶ
1498 1739 1589 1777 ὑμῶν,
1615 1737 1676 1767 ἀλλ’
1699 1739 1744 1769 ὅτι
1770 1739 1840 1768 Καυ-

1046 1782 1157 1823 χώμεθα
1181 1782 1226 1812 καὶ
1248 1783 1429 1822 σεμνυνόμεθα
1450 1782 1491 1823 ἐφ’
1513 1783 1586 1821 ὑμῖν.
1603 1783 1636 1812 Εἰ
1659 1783 1749 1813 τοίνυν
1771 1785 1841 1820 ἡμεῖς

1046 1828 1091 1857 καὶ
1106 1829 1315 1868 εὐχαριστοῦμεν
1333 1830 1372 1868 τῷ
1386 1829 1450 1868 Θεῷ
1466 1828 1501 1858 δι’
1517 1829 1598 1866 ὑμᾶς,
1617 1827 1663 1857 καὶ
1681 1829 1840 1868 καυχώμεθα

1046 1872 1121 1912 παρὰ
1144 1872 1304 1913 ἀνθρώποις·
1336 1873 1427 1912 πολλῷ
1453 1873 1555 1911 μᾶλλον
1581 1874 1650 1910 ὑμᾶς
1685 1875 1768 1902 τοῦτο
1793 1871 1839 1911 χρὴ

1045 1921 1128 1947 ποιεῖν
1160 1917 1204 1947 ἐπὶ
1222 1921 1275 1951 τοῖς
1300 1917 1490 1955 συμϐαίνουσιν
1507 1920 1588 1956 ὗμῖν,
1615 1916 1686 1946 ἀλλὰ
1714 1917 1755 1956 μὴ
1782 1918 1839 1946 ἄθυ-

1047 1966 1105 2001 μιῖν
1121 1962 1167 1991 καὶ
1181 1961 1373 1999 καταπίπτειν,
1392 1964 1427 1996 ὡς
1441 1962 1486 1992 ἐπὶ
1500 1963 1658 2002 πειρασμοῖς
1673 1962 1710 1992 ⁷⁷.

1089 2017 1104 2036 ε
1124 2006 1212 2047 ’Υπὲρ
1226 2009 1274 2043 τῆς
1297 2009 1432 2045 ὕπομονῆς
1451 2008 1526 2045 ὑμῶν
1548 2007 1595 2036 καὶ
1613 2008 1662 2043 τῆς
1687 2007 1803 2039 πίστεως
1817 2007 1838 2034 ἔν

1047 2056 1114 2081 πᾶσι
1134 2056 1188 2085 τοῖς
1203 2053 1329 2090 διωγμοῖς
1342 2053 1432 2090 ὗμῶν,
1451 2053 1497 2082 καὶ
1518 2053 1576 2085 ταῖς
1595 2052 1713 2091 θλίψεσιν
1731 2047 1772 2084 αἷς
1784 2050 1837 2080 ανέ-

1047 2098 1137 2136 χεσθε.
1166 2107 1180 2125 ι
1206 2096 1355 2133 Διίκνυσιν,
1380 2096 1421 2126 ὅτι
1445 2095 1529 2126 πολὺν
1544 2097 1712 2137 ἐπειράζοντο
1738 2095 1838 2136 χρόνον·

1049 2141 1131 2181 ἡγὰρ
1153 2140 1275 2179 ὑπομονὴ
1299 2141 1347 2170 οὐκ
1367 2142 1394 2171 ἐν
1411 2140 1485 2170 δυσὶν
1506 2141 1524 2177 ἢ
1547 2141 1632 2181 τρισὶν
1656 2140 1772 2181 ἡμέραις
1785 2138 1837 2180 φαί-

1047 2198 1132 2217 νεται.
1147 2184 1230 2216 Ἐστι
1250 2185 1297 2224 μὲν
1313 2181 1356 2215 οἷν
1381 2186 1503 2224 ὁπομονὴ
1527 2186 1573 2216 καὶ
1588 2185 1619 2215 τὸ
1642 2187 1693 2215 τῶν
1709 2186 1836 2224 ἐπηγγελ-

1014 2224 1035 2255 ί)
1050 2230 1136 2269 μένων
1161 2231 1267 2270 ἀγαθῶν
1290 2231 1373 2269 μήπω
1403 2231 1587 2264 ἀπολαύοντας
1615 2230 1714 2271 φέρειν.
1744 2232 1796 2261 Νῦν
1814 2228 1835 2258 δέ

1049 2276 1094 2305 καὶ
1116 2275 1223 2314 μείζονα
1252 2276 1340 2314 λέγει,
1365 2275 1412 2312 τὴν
1438 2277 1464 2305 ἐν
1487 2280 1541 2308 τοῖς
1565 2276 1690 2315 διωγμοῖς
1719 2275 1766 2305 καὶ
1788 2278 1835 2305 ταῖς

1049 2320 1179 2361 θλίψεσιν.
1197 2319 1321 2361 Ἐχθροῖς
1341 2320 1393 2360 γὰρ
1409 2321 1522 2355 συνέζων
1534 2320 1674 2353 ἀσπόνδοις
1684 2343 1693 2357 ,
1710 2320 1756 2350 καὶ
1770 2319 1834 2359 στεῤ·

1049 2367 1096 2405 pag
1119 2365 1221 2395 ἐδέοντο
1236 2367 1283 2401 τῆς
1300 2367 1451 2402 ὑπομονῆς,
1477 2365 1524 2395 καὶ
1549 2368 1634 2394 ταῦτα
1655 2366 1683 2395 ἐν
1705 2366 1776 2405 ἀρχῇ
1797 2365 1833 2393 τῶ

1048 2410 1218 2450 κηρύγματος
1240 2411 1286 2439 καὶ
1312 2409 1424 2446 πένητες
1451 2410 1595 2449 ἅνθρωποι.
1623 2410 1833 2450 Δίοχυνέσθωσαν

1048 2453 1105 2484 ὅσοι
1123 2455 1165 2484 διὰ
1182 2454 1348 2495 προστασίαν
1372 2455 1517 2496 ἀνθρώπων
1535 2457 1572 2488 εἰς
1594 2454 1715 2495 δόγματα
1730 2451 1832 2494 στρεϐλὰ

1049 2499 1244 2539 μετατίθενται.

1091 2600 1105 2618 ε
1135 2590 1183 2622 Εἰς
1201 2589 1325 2628 ἔνδειγμα
1350 2591 1398 2625 τῆς
1425 2590 1528 2622 δικαίας
1548 2589 1660 2630 κρίσεως
1686 2591 1731 2618 τοῦ
1753 2588 1826 2619 Θεοῦ,

1049 2635 1085 2667 εἰς
1123 2633 1154 2663 τὸ
1185 2633 1382 2670 καταξιωθῆναι
1425 2635 1493 2674 ὓμᾶς
1531 2635 1578 2669 τῆς
1622 2633 1759 2673 βασιλείας
1791 2632 1829 2660 τσῧ

1049 2679 1131 2708 Θεοῦ.
1157 2690 1171 2708 ι
1197 2677 1250 2709 Καὶ
1273 2677 1317 2708 διὰ
1340 2680 1393 2708 τῶν
1410 2678 1554 2717 εἰρημένων
1575 2677 1623 2716 μὲν
1638 2677 1829 2718 παρεμυθήσατο

892 2740 987 2770 Variae
1007 2741 1156 2771 lectiones.

236 2800 257 2817 ⁷⁸
269 2799 340 2828 αὖτοὶ
354 2808 381 2829 o.
418 2800 440 2818 ⁷⁸
452 2802 467 2836 ἠ
482 2803 546 2839 παρὰ
561 2804 658 2831 πάντων
672 2812 698 2832 ο.
737 2803 758 2820 ⁷⁷
770 2805 910 2840 πειρασμῶν
926 2811 952 2831 ο.
