1890 3077
37 190 100 217 1333

474 189 650 218 EXPOSITIO
668 191 700 219 lN
721 191 824 219 EPIST.
847 191 867 219 ll
888 191 933 218 AD
954 190 1068 218 THESS.
1088 205 1123 211 —
1142 190 1218 218 CAP.
1238 191 1257 218 1.

1613 191 1680 218 1334

35 251 139 287 αὐτοὺς,
166 252 211 281 διά
230 264 260 281 τε
282 254 326 281 τοῦ
349 252 444 287 εἰπεῖν,
475 253 516 282 ὅτι
535 254 768 292 Εὖχαριστοῦμεν,
784 254 828 283 καὶ
844 256 868 288 Α

925 253 996 282 atias
1007 253 1126 288 agimus,
1147 253 1279 288 itemque,
1296 253 1465 281 Gloriamur.
1482 253 1601 281 Maxime
1616 261 1680 281 vero

34 300 95 334 τοῦ,
111 297 152 326 ὅτι
175 296 368 337 Καυχώμεθα·
384 297 500 335 μάλιστα
523 297 548 327 δὲ
563 300 608 326 νῦν
625 298 727 334 τίθησιν
749 298 763 328 ὃ
778 304 828 332 πᾶς

34 341 223 379 ὁόδυνώμενος
253 343 340 378 ζητεῖ,
358 341 406 377 τὴν
429 342 588 382 ἀπαλλαγήν
612 355 681 383 φημι
705 345 757 372 τῶν
772 345 829 373 θλι-

36 386 130 424 ϐερῶν,
163 386 210 414 καὶ
234 386 280 420 τὴν
298 386 408 416 κόλασιν
424 388 476 416 τῶν
504 387 647 417 θλιϐόντων
671 388 827 426 ἀνθρώπων.

34 431 69 461 ⁸0
83 431 170 460 τοίνυν
185 430 276 469 λέγει,
289 431 366 461 τοῦτό
392 432 478 467 ἐστιν,
493 431 533 461 ὃτι
549 431 685 472 Ἀνέχεσθε
712 434 762 462 τῶν
779 433 831 462 θλί-

36 479 101 515 nivem
117 476 152 508 εἷς
168 475 199 504 τὸ
213 477 350 515 δειχθῆναι
373 475 420 511 τὴν
441 476 547 506 δικαίαν
563 477 649 516 κρίσιν
672 480 717 506 τοῦ
741 478 829 515 Θεοῦ,

36 520 97 560 ὅπερ
116 520 174 549 ἐστὶ
189 520 390 556 καταξιωθῆναι
416 523 486 558 ὑμᾶς
503 523 550 556 τῆς
567 521 714 561 βασιλείας.
741 520 830 552 Ὅταν

37 565 81 602 μὲν
96 564 149 604 γὰρ
174 566 247 603 ὑμᾶς
273 564 321 602 μὲν
344 565 402 599 τοὺς
418 565 587 603 θλιϐομένους
606 570 747 606 στεφανοῖ,
764 567 831 597 ἐκεί-

35 622 90 643 νους
115 609 143 639 δὲ
175 610 278 649 κολάζῃ
304 609 363 642 τοὺς
389 609 540 645 θλίϐοντας,
569 610 598 640 τὸ
624 611 725 641 δίκαιον
752 612 831 641 αὐτοῦ

37 654 166 694 γίνεται,
187 655 324 693 Μεγάλως
346 654 373 683 δὲ
394 657 590 694 παραμυθεῖται
605 655 716 693 αὐτοὺς,
734 655 832 689 δεικνὺς

35 699 72 729 ὅτι
86 699 116 728 οὗ
137 698 235 739 χάριτι
264 702 470 740 στεφανοῦνται,
499 700 568 730 ἀλλὰ
593 700 713 736 δικαίως,
729 701 775 730 καὶ
799 703 833 734 ὥς

38 744 204 781 ἀντιμισθίαν
238 743 421 782 λαμϐάνοντες
446 746 499 774 τῶν
533 745 636 774 οἰκείων
664 745 752 774 πόνων
787 746 832 775 καὶ

38 789 151 829 ἱδρώτων
171 788 221 824 τὴν
239 789 389 828 βασιλείαν.

77 844 91 862 ιι
104 833 191 872 Ὑπὲρ
203 829 237 869 ἧς
248 833 294 863 καὶ
310 833 440 873 πάσχετε.
454 845 468 863 ι
486 832 571 864 Ὥστε
582 836 610 864 οὗ
627 835 692 865 διότι
713 835 832 865 δυνατώ-

38 877 104 915 τεροί
118 879 184 907 εἰσιν
201 879 227 907 οἱ
257 878 406 915 θλίϐοντες,
423 878 467 908 διὰ
487 881 565 908 τοῦτο
586 882 728 918 κρατοῦσιν
743 882 832 917 ὑμῶν,

885 307 957 326 nunc
973 298 1058 334 ponit,
1079 297 1152 334 quod
1168 297 1255 333 quivis
1269 297 1298 325 in
1312 297 1406 326 dolore
1426 297 1593 326 constitutus
1608 305 1680 334 qua:-

883 343 928 377 rit,
950 343 1137 371 liberationem
1151 341 1274 370 videlicet
1295 342 1329 370 ab
1349 342 1554 376 afﬂictionibus,
1576 347 1604 370 et
1619 351 1680 378 pm-

885 396 949 416 nam
968 387 1151 419 afﬂigentium
1169 386 1325 415 hominum.
1345 387 1423 422 Quod
1444 388 1527 423 igitur
1541 387 1621 421 dicit,
1637 392 1680 415 est

886 432 1047 469 huiusmodi
1065 441 1071 460 :
1088 432 1232 460 Sustinetis
1244 431 1415 465 afﬂictiones,
1430 436 1461 460 ut
1475 432 1680 460 demonstretur

881 478 987 513 justum
1002 477 1138 513 judicium
1159 478 1217 511 Dei,
1235 476 1309 512 quod
1330 480 1381 509 est,
1401 481 1431 504 ut
1445 485 1493 504 vos
1507 484 1590 511 regno
1606 477 1680 513 digni

882 522 1056 558 judicemini.
1076 521 1190 556 Quando
1212 521 1286 549 enim
1305 529 1354 549 vos
1367 520 1480 557 quidem
1503 521 1619 549 afﬂictos
1635 530 1681 550 co-

886 571 976 601 ronat,
991 567 1051 595 illos
1071 571 1165 594 autem
1187 567 1263 602 punit
1277 566 1324 602 qui
1344 565 1480 603 afﬂigunt,
1500 566 1606 602 justitia
1624 566 1682 602 ejus

887 616 1006 648 apparet.
1036 611 1121 639 Valde
1150 615 1243 638 autem
1270 611 1429 639 consolatur
1454 618 1513 644 eos,
1536 611 1683 639 ostendens

887 656 960 692 quod
978 664 1035 684 non
1050 656 1137 692 gratia
1151 660 1329 689 coronantur,
1345 655 1392 684 sed
1410 655 1496 692 juste,
1512 663 1545 683 ac
1567 663 1683 691 regnum

887 702 970 730 veluti
991 701 1201 729 retributionem
1228 700 1402 736 propriorum
1438 700 1562 728 laborum
1587 705 1615 729 et
1635 708 1682 728 su-

886 746 986 775 dorum
999 746 1174 782 accipientes.

923 836 1006 872 533
1030 837 1082 864 Pro
1095 843 1146 871 quo
1161 837 1186 862 el
1202 835 1338 869 patimini.
1362 835 1455 870 Itaque
1477 842 1535 862 non
1555 835 1620 870 quia
1635 844 1683 871 po-

887 881 1021 908 tentiores
1041 884 1106 908 sunt
1120 879 1137 907 ii
1161 880 1208 916 qui
1223 887 1271 907 vos
1293 878 1431 913 afﬂigunt,
1444 883 1589 915 propterea
1605 881 1683 908 vobis

39 923 101 951 ἀλλὰ
117 922 184 952 διότι
211 922 265 952 ἀπὸ
288 926 335 953 τοῦ
352 923 466 962 πάσχειν
488 924 694 963 προσπορίζεται
708 928 725 961 ἡ
749 927 830 964 βασι-
850 923 869 954 Β

927 929 1030 961 perant,
1058 932 1154 952 verum
1174 924 1237 960 quia
1263 931 1295 952 ex
1315 923 1513 952 afﬂictionibus
1533 925 1684 960 acquiritur

39 967 91 996 λεία
106 969 157 996 τῶν
171 969 303 1007 οὐρανῶν.
331 969 385 998 Καὶ
399 968 502 1007 ἀνάγκη
519 969 549 998 τὸ
564 969 741 1008 συνάλλαγμα
756 973 832 999 τοῦτο

38 1011 102 1040 οὕτω
115 1012 252 1049 γίνεσθαι,
267 1012 312 1042 καὶ
326 1014 373 1041 οὐκ
388 1013 500 1046 ἀπόνως.
518 1013 570 1043 Διὰ
593 1014 696 1043 πολλῶν
716 1014 767 1054 γὰρ
777 1015 833 1044 θλί-

38 1058 104 1096 ψεων
118 1057 156 1086 δεῖ
173 1059 248 1096 ἡμᾶς
281 1058 404 1087 εἰσελθεῖν
429 1059 464 1092 εἷς
480 1058 528 1093 τὴν
552 1058 702 1098 βασιλείαν,
728 1059 806 1099 φησὶν
820 1061 834 1088 δ

42 1101 143 1141 Κύριος.

81 1157 94 1175 ιι
110 1147 194 1186 Εἴπερ
223 1147 326 1176 δίκαιόν
349 1147 358 1186 [
372 1148 446 1187 ἐστι]
474 1147 546 1187 παρὰ
563 1149 627 1184 Θεῷ
642 1150 833 1178 ἀνταποδοῦναι

40 1195 88 1224 τοῖς
115 1190 254 1221 θλίϐουσιν
293 1193 363 1230 ὑμᾶς
387 1193 494 1233 θλῖψιν·
522 1193 567 1222 καὶ
597 1195 658 1230 ὑμῖν
692 1198 745 1226 τοῖς
777 1194 832 1222 Θλι-

42 1235 163 1273 ϐομένοις,
173 1236 277 1267 ἄνεσιν.
291 1247 306 1265 n
316 1237 366 1271 Τὸ,
385 1248 398 1265 ιι
408 1238 503 1277 Εἴπερ,
520 1249 533 1266 ι
547 1238 594 1266 οὐκ
606 1236 660 1266 ἔστι
670 1239 832 1275 δισταγμοῦ,

41 1281 105 1309 ἀλλὰ
116 1281 219 1319 μᾶλλον
235 1280 419 1320 βεϐαιώσεως,
434 1282 492 1310 ἀντὶ
508 1285 568 1317 τοῦ,
582 1293 596 1310 ιι
608 1282 720 1317 Ἐπειδὴ
733 1282 832 1312 δίκαιον

42 1324 109 1364 παρὰ
123 1327 198 1365 Θεῷ.
212 1336 228 1354 ὶ)
248 1327 280 1355 Εἰ
295 1326 346 1364 γὰρ
372 1325 446 1366 παρᾶ
460 1326 620 1366 ἀνθρώποις,
641 1328 732 1366 πολλῷ
762 1328 834 1364 μᾶλ-

40 1369 80 1398 λον
95 1370 168 1409 παρὰ
192 1371 270 1410 Θεῷ.
301 1370 440 1408 Εἷώθαμεν
457 1370 483 1399 δὲ
504 1370 588 1410 λέγειν
611 1372 656 1400 καὶ
678 1372 705 1400 ἐν
720 1373 753 1411 τῇ
769 1383 833 1400 συν-

41 1413 92 1448 ήθει
107 1415 213 1455 ὁμιλία·
248 1416 280 1445 Εἰ
298 1419 371 1452 μισεῖ
391 1417 405 1443 ὁ
426 1415 495 1448 Θεὸς
510 1415 568 1447 τοὺς
595 1415 738 1456 πονηροὺς,
769 1416 830 1453 καὶ,

44 1458 70 1487 Εἰ
80 1460 208 1499 φροντίζει
225 1463 240 1490 ὁ
257 1460 325 1493 Θεὸς
341 1462 395 1490 τῶν
410 1461 591 1500 πραγμάτων,
616 1461 691 1490 ἔσται
712 1461 771 1490 τόδε
790 1473 814 1490 τι
826 1473 832 1480 ·

41 1504 71 1536 ὣς
85 1507 134 1534 τῶν
160 1506 311 1535 ἀκουόντων
334 1505 484 1543 ἀναγκαίως
509 1505 654 1545 ἐροὺντων·
683 1505 763 1535 Ἀλλὰ
780 1505 833 1543 μὴν

43 1551 118 1585 μισεῖ.
147 1549 245 1583 Οὕτως
261 1545 306 1579 οὖν
335 1549 381 1578 καὶ
405 1550 531 1578 ἐνταῦθα·
560 1551 590 1579 Ιὲί
619 1550 719 1580 δίκαιόν
745 1551 834 1580 ἐστιν’

45 1593 177 1624 ἀκόλουθον
207 1594 260 1635 γὰρ
287 1595 432 1634 ἐπαγαγεῖν
444 1605 451 1613 ο
467 1594 548 1624 Ἀλλὰ
573 1595 625 1632 μὴν
642 1594 755 1625 δίκαιον.
773 1596 834 1635 Οὖχ

44 1635 126 1677 ὥσπερ
141 1639 167 1668 δὲ
195 1641 222 1669 αἱ
253 1639 418 1678 ἐπαγόμεναι
443 1639 506 1677 ὑμῖν
532 1639 631 1678 θλίψεις
654 1640 830 1680 πρόσκαιροι,

43 1681 105 1711 οὕτω
118 1683 159 1712 καὶ
175 1688 202 1713 αὶ
217 1684 244 1703 ⁷⁸
269 1688 323 1717 τοῖς
339 1683 472 1713 θλίϐουσιν
488 1685 556 1722 ὑμᾶς
566 1684 832 1724 ἀντεπαχθησόμεναι

44 1727 111 1765 παρὰ
124 1728 214 1765 Θεοῦ,
241 1727 401 1768 πρόσκαιροι
417 1727 538 1765 ἔσονται,
569 1729 627 1758 ἀλλ’
645 1729 832 1765 ἆτιλεύτητοι-

45 1771 84 1800 καὶ
101 1774 127 1802 αἱ
148 1774 155 1784 τ
179 1773 186 1784 ’
262 1775 270 1785 τ
297 1774 308 1780 ~
398 1775 413 1782 ~

141 1785 245 1807 ανεσεις
260 1785 322 1812 υμιν
337 1785 470 1803 τοιαυται.

86 1871 100 1889 α
115 1862 180 1892 Μεθ’
197 1864 273 1902 ἡμῶν
284 1885 293 1899 ,
319 1863 346 1892 ἐν
361 1875 394 1903 τῃ
410 1862 578 1903 ἀποκαλύψει
594 1867 638 1893 τοῦ
663 1862 762 1902 Κυρίου
776 1863 833 1899 Ἰη-

46 1907 87 1934 σοῦ
103 1907 148 1936 ἀπ’
171 1908 301 1949 οὖρανοῗ,
319 1907 376 1946 μετ’
399 1908 519 1947 ἀγγέλων
546 1907 680 1946 δυνάμεως
705 1910 796 1938 αὐτοῦ.
816 1921 830 1936 n

47 1948 108 1980 Ἰδοὺ
131 1954 175 1982 καὶ
191 1953 269 1992 ἑτέρα
288 1953 474 1992 παράκλησις,
489 1952 514 1982 εἴ
527 1965 556 1992 γε
579 1954 605 1982 ἐν
619 1957 674 1986 τοῖς
696 1953 834 1992 στεφάνοις

50 1994 154 2032 ἔμελλον
191 1997 313 2027 κοινωνοὶ
343 1992 410 2027 εἶναι
439 1999 476 2036 τῷ
504 2001 620 2028 τοσαῦτα
646 1998 833 2037 κατωρθωκότι

50 2040 155 2082 Παύλῳ.
178 2041 358 2083 Ἀποκᾶλυψιν
387 2043 414 2072 δὲ
429 2046 474 2071 τοῦ
501 2041 600 2081 Κυρίου
617 2041 663 2077 τὴν
686 2042 833 2082 παρουσίαν

50 2085 123 2114 αὐτοῦ
146 2098 222 2125 φησι,
246 2087 485 2127 παραμυθούμενος
503 2086 549 2116 καὶ
575 2089 601 2115 ἐν
628 2086 713 2127 τούτῳ
728 2087 831 2120 αὐτούς.

50 2129 98 2158 Νῦν
111 2131 177 2170 γὰρ,
200 2131 278 2172 φησὶ,
304 2131 468 2171 κρύπτεται,
485 2131 552 2160 ἀλλὰ
575 2130 612 2169 μὴ
640 2131 731 2160 ἀλύετε
747 2143 753 2149 ·
772 2134 835 2161 ἀπο-

47 2175 239 2215 καλυφθήσεται
253 2176 305 2215 γὰρ
314 2199 321 2210 ,
337 2176 383 2205 καὶ
398 2178 432 2209 ὥς
445 2176 513 2209 Θεὸς
523 2176 569 2205 καὶ
582 2175 730 2211 Δεσπότης.
749 2187 763 2204 ε
776 2176 834 2206 Ἀπ’

888 967 1004 1003 regnum
1030 969 1174 998 caelorum.
1201 971 1318 997 Necesse
1341 973 1382 997 est
1411 973 1502 997 autem
1524 969 1683 1006 hujusmodi

889 1015 1116 1051 permutationem
1137 1014 1177 1042 sic
1201 1013 1259 1042 ﬁeri
1272 1034 1279 1048 ,
1300 1018 1328 1042 et
1352 1022 1406 1042 non
1426 1014 1485 1042 sine
1507 1014 1608 1042 labore.
1633 1015 1685 1042 Per

888 1060 988 1088 multas
999 1059 1073 1087 enim
1084 1059 1246 1087 amictiones
1262 1063 1373 1094 oportet
1394 1067 1445 1087 nos
1467 1059 1573 1096 ingredi
1597 1060 1684 1088 caelo-

889 1113 950 1132 rum
966 1113 1091 1140 regnum,
1106 1104 1174 1132 dicit
1190 1103 1336 1132 Dominus.

925 1151 1012 1177 Vsns.
1040 1153 1065 1180 6,
1091 1153 1117 1177 7.
1141 1150 1282 1184 Siquidem
1304 1149 1412 1184 justum
1432 1152 1471 1176 est
1498 1150 1575 1185 apud
1602 1152 1685 1178 Deum

888 1195 1036 1222 retribuere
1058 1195 1259 1222 tribulationem
1282 1195 1317 1221 iis
1343 1195 1392 1229 qui
1404 1202 1448 1221 vos
1478 1195 1628 1227 tribulam;
1650 1197 1684 1223 Et

887 1240 961 1266 vobis
982 1241 1031 1274 qui
1050 1239 1230 1270 tribulamini,
1252 1240 1381 1274 requiem.
1394 1239 1545 1274 Siquidem,
1561 1247 1617 1267 non
1642 1244 1685 1267 est

889 1284 1079 1318 dubitationis,
1095 1284 1142 1312 sed
1158 1284 1249 1320 potius
1270 1283 1503 1318 confirmationis,
1518 1292 1577 1319 pro,
1593 1286 1684 1318 Quan-

889 1329 1032 1364 doquidem
1042 1329 1149 1364 justum
1162 1331 1199 1356 est
1215 1329 1291 1364 apud
1301 1331 1394 1357 Deum.
1413 1329 1441 1356 Si
1455 1329 1528 1356 enim
1543 1329 1616 1364 apud
1634 1329 1683 1357 ho-

889 1374 988 1406 mines,
1005 1374 1093 1402 multo
1114 1374 1200 1410 magis
1214 1373 1287 1409 apud
1302 1375 1404 1402 Deum.
1419 1373 1547 1401 Solemus
1558 1374 1632 1402 enim
1647 1373 1686 1402 di-

889 1427 950 1446 cere
965 1419 992 1446 in
1008 1418 1133 1446 familiari
1147 1418 1299 1454 colloquio,
1314 1419 1341 1446 Si
1355 1417 1416 1446 odit
1428 1419 1502 1446 Deus
1516 1418 1682 1453 sceleratos;

889 1468 926 1498 et,
939 1464 966 1492 Si
986 1471 1082 1491 curam
1096 1463 1167 1499 gerit
1185 1464 1257 1490 Deus
1280 1471 1385 1496 rerum,
1400 1462 1453 1490 tale
1472 1462 1604 1498 quiddam
1628 1463 1683 1497 ﬁet,

889 1508 958 1536 adeo
982 1513 1014 1536 ut
1037 1508 1178 1536 auditores
1206 1507 1361 1536 necessario
1383 1507 1577 1544 respondeant,
1602 1509 1684 1544 Atqui

889 1553 958 1581 odit.
971 1554 1052 1581 Hunc
1064 1553 1098 1581 ad
1111 1553 1225 1580 modum
1240 1552 1293 1580 hoc
1309 1553 1337 1580 in
1353 1552 1413 1580 loco
1435 1561 1442 1580 :
1458 1553 1486 1581 Si
1498 1553 1604 1588 justum
1621 1557 1663 1581 est
1677 1563 1682 1581 ε

889 1602 1104 1626 consentaneum
1120 1598 1192 1626 enim
1207 1597 1319 1630 inferre,
1337 1597 1420 1632 Atqui
1436 1597 1544 1633 justum
1558 1601 1607 1625 est.
1622 1599 1685 1626 Non

888 1647 981 1671 autem
1004 1642 1241 1679 quemadmodum
1263 1642 1428 1670 afﬂictiones
1441 1649 1504 1677 quae
1522 1643 1602 1670 vobis
1614 1641 1683 1670 infe-

888 1692 996 1721 runtur,
1012 1688 1186 1723 temporariae
1199 1691 1275 1721 sunt,
1291 1687 1328 1715 ita
1343 1694 1451 1723 quoque
1473 1694 1562 1722 pcene
1573 1695 1685 1723 oppres-

888 1733 996 1761 soribns
1015 1733 1112 1760 vestris
1127 1740 1141 1760 ιι
1165 1734 1224 1760 Deo
1241 1731 1393 1760 inferendae
1407 1732 1580 1767 temporariae
1594 1737 1685 1766 erunt,

888 1777 936 1805 sed
953 1777 1060 1805 nullum
1073 1781 1136 1805 sunt
1149 1777 1287 1805 habiturae
1302 1776 1386 1804 finem
1403 1787 1409 1804 :
1428 1780 1455 1804 et
1471 1777 1578 1813 requies
1599 1781 1686 1805 vestra

888 1823 950 1849 talis
965 1822 1024 1849 erit.

924 1867 1076 1897 Nobiscum,
1103 1868 1131 1893 in
1160 1866 1320 1893 reuelatione
1341 1866 1450 1893 Domini
1478 1867 1542 1893 Iesu
1563 1866 1597 1892 de
1622 1867 1684 1894 caelo

889 1920 948 1939 cum
962 1912 1065 1944 angelis
1085 1912 1192 1938 virtutis
1215 1911 1283 1945 ejus.
1300 1911 1342 1938 En
1357 1910 1438 1937 aliam
1452 1910 1684 1944 consolationem,

888 1956 1025 1992 siquidem
1045 1956 1072 1983 in
1098 1955 1208 1983 coronis
1239 1955 1325 1983 futuri
1349 1959 1429 1982 erant
1458 1959 1601 1983 consortes
1632 1955 1683 1991 ipsi

888 2001 973 2030 Paulo
1001 2001 1047 2036 qui
1070 2004 1113 2029 tot
1136 2004 1268 2036 tantaque
1299 2003 1451 2036 peregerat.
1478 1999 1684 2028 Revelationem

889 2051 980 2074 autem
994 2045 1105 2073 Domini
1129 2044 1278 2073 adventum
1303 2045 1361 2080 ejus
1380 2044 1456 2078 dicit,
1473 2044 1499 2072 in
1524 2044 1578 2072 hoc
1601 2045 1684 2072 etiam

887 2099 935 2119 eos
956 2090 1112 2118 consolans.
1136 2091 1217 2118 Nunc
1231 2089 1315 2122 enim,
1340 2090 1439 2126 inquit,
1455 2089 1609 2118 occultatur
1623 2089 1684 2126 qui~

889 2136 962 2171 dem,
990 2135 1039 2163 sed
1063 2136 1157 2164 animo
1172 2143 1206 2163 ne
1228 2134 1400 2168 concidatis;
1414 2134 1579 2163 revelabitur
1601 2135 1685 2169 enim,

890 2181 972 2217 idque
995 2184 1130 2215 tanquam
1153 2181 1226 2208 Deus
1251 2183 1280 2207 et
1305 2179 1450 2207 Dominus.
1475 2180 1500 2206 A
1520 2180 1583 2206 melo
1601 2180 1686 2213 enim,

48 2219 148 2257 οὐρανοῦ
162 2234 177 2249 a
194 2221 259 2261 γὰρ,
277 2220 303 2254 ὅς
315 2222 370 2251 ἔστι
392 2221 480 2262 θρόνος
493 2223 574 2251 Θεοῦ.
590 2221 652 2257 Καὶ,
673 2232 687 2250 α
702 2221 768 2251 Μετ’
785 2223 834 2260 ἀγ·
850 2230 869 2262 ι]

925 2225 965 2254 ιοιὶ
978 2229 1019 2253 est
1040 2225 1157 2253 thronus
1172 2224 1232 2252 Dei.
1250 2226 1295 2257 Et,
1312 2224 1378 2251 Cum
1391 2225 1494 2258 angelis
1505 2224 1685 2258 terribilibus;

49 2263 125 2300 γέλων
152 2266 288 2306 φοϐερῶν·
303 2278 316 2295 ι)
335 2266 470 2304 δυνάμεως
491 2266 543 2305 γὰρ
567 2265 690 2305 ἄγγελοι,
714 2266 834 2295 τουτέστι

50 2307 194 2342 ἒυνατοίτθ.
211 2310 299 2341 Ὥστε
321 2310 347 2341 τί
360 2310 556 2347 καταπίπτετε,
584 2310 649 2340 ὅπου
673 2322 701 2349 γε
717 2313 832 2340 τοιοῦτον

50 2351 138 2391 ἕκομεν
153 2356 291 2392 Δεσπότην
301 2379 308 2391 ,
327 2351 358 2385 οὗ
373 2367 402 2395 γε
427 2358 450 2385 οἱ
470 2356 602 2395 ὑπηρέται
617 2355 753 2393 δυνάμεώς
769 2357 834 2385 εἰσιν

50 2396 160 2437 ἅγγελοιί
173 2401 311 2432 Δώσουσιν
335 2396 380 2430 οὖν
405 2400 479 2436 δίκην
495 2401 520 2430 οἱ
534 2403 578 2430 νῦν
601 2401 670 2439 ὑμᾶς
685 2400 818 2434 θλίϐοντες
828 2424 836 2437 ,

52 2441 92 2471 καὶ
105 2446 149 2474 οὐκ
164 2445 342 2487 ἐκφεύξονται.

91 2488 160 2519 «Ἐν
195 2491 259 2532 πυρὶ
284 2491 377 2532 φλογὸς
405 2490 520 2524 διδόντος
548 2490 682 2526 ἐκδίκησιν
726 2495 779 2523 τοῖς
796 2491 834 2529 μὴ

53 2531 126 2563 εἰδόσι
150 2531 239 2572 Θεὸνέ
266 2537 311 2565 καὶ
344 2539 397 2568 τοῖς
427 2535 465 2573 μὴ
489 2535 651 2565 ὑπακούουσι
683 2537 722 2576 τῷ
750 2537 836 2575 Εὐαγ-

51 2577 124 2618 γελίῳ
149 2584 192 2611 τοῦ
224 2581 322 2621 Κυρίου
336 2580 462 2616 Ἰησοῦ.»
480 2579 550 2610 Ἄνω
565 2580 612 2619 μὲν
647 2575 704 2610 εἶπε
715 2592 722 2599 ·
738 2593 751 2609 α
775 2581 838 2614 Τοῖς

55 2621 177 2665 θλίεουσιν
201 2627 271 2665 ὑμᾶς
281 2638 287 2644 ·
302 2637 317 2655 α
328 2628 373 2655 ν’ῠν
386 2625 414 2654 δὲ
438 2627 544 2659 κοινῶς·
565 2637 579 2654 ιι
595 2625 659 2659 Τοῖς
685 2625 723 2662 μὴ
757 2625 838 2655 εἰδόσι

54 2664 93 2696 τὸν
125 2670 204 2701 Θεόν·
223 2682 237 2700 ιι
253 2673 331 2700 τοῦτο
358 2671 512 2711 σοφώτατον
540 2671 766 2706 κατασκευάζων,
799 2671 840 2701 ὅτι

57 2710 150 2748 πάντως
178 2716 311 2753 ἐκδίκησις
338 2710 421 2747 ἔσται.
451 2717 483 2746 Εἰ
510 2716 561 2756 γὰρ
583 2716 628 2745 καὶ
644 2715 682 2754 μὴ
698 2717 730 2745 δι’
753 2718 838 2753 ὑμᾶς,

890 2270 1018 2306 potentiae
1036 2277 1156 2306 namque
1177 2269 1264 2304 angeli
1291 2272 1366 2301 sunt,
1397 2268 1449 2296 hoc
1477 2272 1518 2296 est
1547 2273 1685 2304 potentes.

889 2320 981 2352 Quare
995 2316 1086 2350 itaque
1111 2313 1239 2342 animum
1255 2313 1441 2349 despondetis,
1461 2313 1686 2350 quandoquidem

890 2359 1025 2396 ejusmodi
1049 2359 1180 2387 habemus
1202 2358 1368 2392 Dominum,
1394 2358 1472 2394 cujus
1495 2358 1614 2386 ministri
1634 2359 1689 2386 sint

891 2405 980 2438 angeli
995 2403 1142 2440 potentiae?
1158 2402 1268 2431 Dabunt
1280 2403 1364 2439 igitur
1378 2410 1476 2438 ptenas
1491 2403 1538 2439 qui
1553 2411 1627 2431 nunc
1639 2411 1688 2432 vos

891 2449 1029 2485 afﬂigunt,
1046 2456 1134 2484 neque
1153 2447 1294 2484 effugient.

928 2496 1017 2523 Vsus.
1033 2497 1059 2522 8.
1079 2495 1111 2521 In
1126 2494 1185 2527 igni
1203 2494 1316 2528 ﬂamma
1329 2492 1421 2520 dantis
1436 2493 1567 2520 ultionem
1589 2494 1623 2520 iis
1642 2495 1692 2528 qui

893 2548 946 2567 non
962 2541 1093 2567 noverunt
1112 2541 1207 2570 Deum,
1231 2540 1255 2566 et
1269 2539 1318 2574 qui
1330 2546 1384 2566 non
1399 2538 1528 2566 obcdiunt
1542 2539 1688 2571 Enangelio

894 2586 1003 2612 Domini
1015 2586 1090 2612 Jcsu.
1104 2585 1137 2612 in
1149 2583 1336 2619 superioribus
1350 2583 1430 2615 dixit,
1448 2584 1484 2611 Iis
1497 2583 1545 2617 qui
1554 2590 1599 2609 vos
1611 2583 1689 2616 afﬂi-

892 2634 960 2664 gunt
977 2640 986 2656 :
999 2638 1072 2658 nunc
1092 2633 1184 2658 autem
1198 2629 1350 2665 generatim
1363 2628 1449 2661 addit,
1465 2629 1500 2655 Iis
1517 2628 1568 2662 qui
1576 2634 1628 2653 non
1639 2633 1689 2653 no-

892 2677 990 2702 verunt
1010 2677 1094 2704 Deum
1109 2684 1118 2700 :
1134 2673 1186 2702 hoc
1207 2673 1405 2710 sapientissime
1421 2672 1600 2704 conﬁrmans,
1614 2670 1689 2705 quod

894 2720 1008 2748 omnino
1021 2719 1057 2748 sit
1078 2719 1146 2748 ultio
1164 2718 1269 2748 futura.
1286 2718 1316 2746 Si
1331 2717 1405 2745 enim
1428 2724 1485 2744 non
1501 2720 1613 2752 propter
1628 2721 1685 2747 vos,

736 2791 830 2821 Varia?
850 2791 997 2821 lectiones.

85 2839 104 2857 ⁷³
117 2841 139 2871 ἔν
153 2853 177 2874 0.
211 2846 234 2863 τ’
246 2846 348 2882 οοῦεροί
357 2853 384 2874 ο.
