  <div class='ocr_page' id='page_1' title='image "/cluster/home/n/w/nwhite01/storage/ocr_20150623/124/njp.32101010942728/847.png"; bbox 0 0 1890 3077; ppageno 0'>
   <div class='ocr_carea' id='block_1_1' title="bbox 183 187 250 214">
    <p class='ocr_par' dir='ltr' id='par_1_1' title="bbox 183 187 250 214">
     <span class='ocr_line' id='line_1_1' title="bbox 183 187 250 214; baseline -0.015 0"><span class='ocrx_word' id='word_1_1' title='bbox 183 187 250 214; x_wconf 80' lang='lat' dir='ltr'><strong>I335</strong></span> 
     </span>
    </p>
   </div>
   <div class='ocr_carea' id='block_1_2' title="bbox 690 182 1322 211">
    <p class='ocr_par' dir='ltr' id='par_1_2' title="bbox 690 182 1322 211">
     <span class='ocr_line' id='line_1_2' title="bbox 690 182 1322 211; baseline 0 -1"><span class='ocrx_word' id='word_1_2' title='bbox 690 182 946 211; x_wconf 78' lang='lat' dir='ltr'><strong>THEOPHYLACTI</strong></span> <span class='ocrx_word' id='word_1_3' title='bbox 965 183 1144 211; x_wconf 66' lang='lat' dir='ltr'><strong>BULGARH‘I</strong></span> <span class='ocrx_word' id='word_1_4' title='bbox 1163 182 1322 210; x_wconf 80' lang='lat' dir='ltr'><strong>ARCHIEP.</strong></span> 
     </span>
    </p>
   </div>
   <div class='ocr_carea' id='block_1_3' title="bbox 1763 182 1824 208">
    <p class='ocr_par' dir='ltr' id='par_1_3' title="bbox 1763 182 1824 208">
     <span class='ocr_line' id='line_1_3' title="bbox 1763 182 1824 208; baseline -0.033 0"><span class='ocrx_word' id='word_1_5' title='bbox 1763 182 1824 208; x_wconf 74' lang='grc'><strong>1336</strong></span> 
     </span>
    </p>
   </div>
   <div class='ocr_carea' id='block_1_4' title="bbox 179 243 972 285">
    <p class='ocr_par' dir='ltr' id='par_1_4' title="bbox 179 246 972 285">
     <span class='ocr_line' id='line_1_4' title="bbox 179 246 972 285; baseline -0.004 -8"><span class='ocrx_word' id='word_1_6' title='bbox 179 253 290 285; x_wconf 78' lang='lat' dir='ltr'><strong>propter</strong></span> <span class='ocrx_word' id='word_1_7' title='bbox 301 255 330 276; x_wconf 88' lang='lat' dir='ltr'><strong>se</strong></span> <span class='ocrx_word' id='word_1_8' title='bbox 342 251 439 276; x_wconf 81' lang='lat' dir='ltr'><strong>tamen</strong></span> <span class='ocrx_word' id='word_1_9' title='bbox 454 247 544 284; x_wconf 87' lang='lat' dir='ltr'><strong>ipsum</strong></span> <span class='ocrx_word' id='word_1_10' title='bbox 559 246 652 275; x_wconf 78' lang='lat' dir='ltr'><strong>hostes</strong></span> <span class='ocrx_word' id='word_1_11' title='bbox 666 254 731 275; x_wconf 90' lang='lat' dir='ltr'><strong>suos</strong></span> <span class='ocrx_word' id='word_1_12' title='bbox 747 247 900 275; x_wconf 88' lang='lat' dir='ltr'><strong>ulciscetur.</strong></span> <span class='ocrx_word' id='word_1_13' title='bbox 916 247 972 275; x_wconf 83' lang='lat' dir='ltr'><strong>Hoc</strong></span> 
     </span>
    </p>
   </div>
   <div class='ocr_carea' id='block_1_5' title="bbox 1070 243 1821 285">
    <p class='ocr_par' dir='ltr' id='par_1_5' title="bbox 1070 243 1821 285">
     <span class='ocr_line' id='line_1_5' title="bbox 1070 243 1821 285; baseline -0.001 -10"><span class='ocrx_word' id='word_1_14' title='bbox 1070 247 1103 276; x_wconf 84' lang='grc' dir='ltr'><strong>λά</strong></span> <span class='ocrx_word' id='word_1_15' title='bbox 1127 257 1157 285; x_wconf 81' lang='grc' dir='ltr'><strong>γι</strong></span> <span class='ocrx_word' id='word_1_16' title='bbox 1187 246 1220 275; x_wconf 90' lang='grc' dir='ltr'><strong>δι’</strong></span> <span class='ocrx_word' id='word_1_17' title='bbox 1234 244 1325 275; x_wconf 70' lang='grc' dir='ltr'>ἑαυτὸν</span> <span class='ocrx_word' id='word_1_18' title='bbox 1353 244 1412 278; x_wconf 81' lang='grc' dir='ltr'>τοὺς</span> <span class='ocrx_word' id='word_1_19' title='bbox 1443 243 1551 285; x_wconf 71' lang='grc' dir='ltr'>ἐχθροὺς</span> <span class='ocrx_word' id='word_1_20' title='bbox 1576 245 1658 274; x_wconf 68' lang='grc' dir='ltr'>αὐτοῦ</span> <span class='ocrx_word' id='word_1_21' title='bbox 1675 245 1821 281; x_wconf 74' lang='grc' dir='ltr'>ἀμυνεῖται.</span> 
     </span>
    </p>
   </div>
   <div class='ocr_carea' id='block_1_6' title="bbox 178 291 978 330">
    <p class='ocr_par' dir='ltr' id='par_1_6' title="bbox 178 291 978 330">
     <span class='ocr_line' id='line_1_6' title="bbox 178 291 978 330; baseline -0.004 -8"><span class='ocrx_word' id='word_1_22' title='bbox 178 294 261 330; x_wconf 86' lang='lat' dir='ltr'><strong>igitur</strong></span> <span class='ocrx_word' id='word_1_23' title='bbox 279 293 386 321; x_wconf 87' lang='lat' dir='ltr'><strong>dictum</strong></span> <span class='ocrx_word' id='word_1_24' title='bbox 407 296 459 326; x_wconf 80' lang='lat' dir='ltr'><strong>est,</strong></span> <span class='ocrx_word' id='word_1_25' title='bbox 482 296 513 320; x_wconf 91' lang='lat' dir='ltr'><strong>ut</strong></span> <span class='ocrx_word' id='word_1_26' title='bbox 536 296 612 320; x_wconf 81' lang='lat' dir='ltr'><strong>certo</strong></span> <span class='ocrx_word' id='word_1_27' title='bbox 639 292 737 325; x_wconf 77' lang='lat' dir='ltr'><strong>sciant.</strong></span> <span class='ocrx_word' id='word_1_28' title='bbox 759 291 833 328; x_wconf 87' lang='lat' dir='ltr'><strong>quod</strong></span> <span class='ocrx_word' id='word_1_29' title='bbox 862 292 978 320; x_wconf 85' lang='lat' dir='ltr'><strong>omnino</strong></span> 
     </span>
    </p>
   </div>
   <div class='ocr_carea' id='block_1_7' title="bbox 179 337 976 375">
    <p class='ocr_par' dir='ltr' id='par_1_7' title="bbox 179 337 976 375">
     <span class='ocr_line' id='line_1_7' title="bbox 179 337 976 375; baseline -0.003 -9"><span class='ocrx_word' id='word_1_30' title='bbox 179 338 326 375; x_wconf 83' lang='lat' dir='ltr'><strong>punientur</strong></span> <span class='ocrx_word' id='word_1_31' title='bbox 340 346 346 364; x_wconf 92' lang='lat'>:</span> <span class='ocrx_word' id='word_1_32' title='bbox 363 337 430 365; x_wconf 88' lang='lat' dir='ltr'><strong>illud</strong></span> <span class='ocrx_word' id='word_1_33' title='bbox 445 345 522 372; x_wconf 87' lang='lat' dir='ltr'><strong>vero,</strong></span> <span class='ocrx_word' id='word_1_34' title='bbox 535 341 566 365; x_wconf 83' lang='lat' dir='ltr'><strong>ut</strong></span> <span class='ocrx_word' id='word_1_35' title='bbox 578 337 716 370; x_wconf 65' lang='lat' dir='ltr'><strong>lmtentur,</strong></span> <span class='ocrx_word' id='word_1_36' title='bbox 731 344 780 364; x_wconf 89' lang='lat' dir='ltr'><strong>ceu</strong></span> <span class='ocrx_word' id='word_1_37' title='bbox 796 338 855 364; x_wconf 90' lang='lat' dir='ltr'><strong>Deo</strong></span> <span class='ocrx_word' id='word_1_38' title='bbox 865 337 976 364; x_wconf 89' lang='lat' dir='ltr'><strong>illorum</strong></span> 
     </span>
    </p>
   </div>
   <div class='ocr_carea' id='block_1_8' title="bbox 179 381 977 419">
    <p class='ocr_par' dir='ltr' id='par_1_8' title="bbox 179 381 977 419">
     <span class='ocr_line' id='line_1_8' title="bbox 179 381 977 419; baseline -0.003 -8"><span class='ocrx_word' id='word_1_39' title='bbox 179 383 266 419; x_wconf 86' lang='lat' dir='ltr'><strong>gratia</strong></span> <span class='ocrx_word' id='word_1_40' title='bbox 281 390 340 416; x_wconf 85' lang='lat' dir='ltr'><strong>eos,</strong></span> <span class='ocrx_word' id='word_1_41' title='bbox 361 390 377 410; x_wconf 91' lang='lat' dir='ltr'><strong>a</strong></span> <span class='ocrx_word' id='word_1_42' title='bbox 392 381 492 418; x_wconf 91' lang='lat' dir='ltr'><strong>quibus</strong></span> <span class='ocrx_word' id='word_1_43' title='bbox 505 381 712 417; x_wconf 83' lang='lat' dir='ltr'><strong>affligebantur,</strong></span> <span class='ocrx_word' id='word_1_44' title='bbox 738 382 879 417; x_wconf 90' lang='lat' dir='ltr'><strong>puniente.</strong></span> <span class='ocrx_word' id='word_1_45' title='bbox 895 381 977 418; x_wconf 89' lang='lat' dir='ltr'><strong>Quod</strong></span> 
     </span>
    </p>
   </div>
   <div class='ocr_carea' id='block_1_9' title="bbox 178 426 978 463">
    <p class='ocr_par' dir='ltr' id='par_1_9' title="bbox 178 426 978 463">
     <span class='ocr_line' id='line_1_9' title="bbox 178 426 978 463; baseline -0.003 -7"><span class='ocrx_word' id='word_1_46' title='bbox 178 428 200 456; x_wconf 94' lang='lat' dir='ltr'><strong>si</strong></span> <span class='ocrx_word' id='word_1_47' title='bbox 227 427 373 463; x_wconf 82' lang='lat' dir='ltr'><strong>Evangelia</strong></span> <span class='ocrx_word' id='word_1_48' title='bbox 396 435 452 455; x_wconf 90' lang='lat' dir='ltr'><strong>non</strong></span> <span class='ocrx_word' id='word_1_49' title='bbox 476 426 634 455; x_wconf 88' lang='lat' dir='ltr'><strong>obedientes</strong></span> <span class='ocrx_word' id='word_1_50' title='bbox 649 427 756 463; x_wconf 85' lang='lat' dir='ltr'><strong>puniat,</strong></span> <span class='ocrx_word' id='word_1_51' title='bbox 779 426 868 454; x_wconf 89' lang='lat' dir='ltr'><strong>multo</strong></span> <span class='ocrx_word' id='word_1_52' title='bbox 888 427 978 462; x_wconf 86' lang='lat' dir='ltr'><strong>magis</strong></span> 
     </span>
    </p>
   </div>
   <div class='ocr_carea' id='block_1_10' title="bbox 179 471 977 509">
    <p class='ocr_par' dir='ltr' id='par_1_10' title="bbox 179 471 977 509">
     <span class='ocr_line' id='line_1_10' title="bbox 179 471 977 509; baseline -0.004 -8"><span class='ocrx_word' id='word_1_53' title='bbox 179 480 227 501; x_wconf 87' lang='lat' dir='ltr'><strong>eos</strong></span> <span class='ocrx_word' id='word_1_54' title='bbox 247 472 294 509; x_wconf 87' lang='lat' dir='ltr'><strong>qui</strong></span> <span class='ocrx_word' id='word_1_55' title='bbox 321 472 392 500; x_wconf 88' lang='lat' dir='ltr'><strong>alios</strong></span> <span class='ocrx_word' id='word_1_56' title='bbox 415 471 526 500; x_wconf 79' lang='lat' dir='ltr'><strong>obedire</strong></span> <span class='ocrx_word' id='word_1_57' title='bbox 546 471 703 507; x_wconf 79' lang='lat' dir='ltr'><strong>prohibent,</strong></span> <span class='ocrx_word' id='word_1_58' title='bbox 731 471 824 506; x_wconf 82' lang='lat' dir='ltr'><strong>quales</strong></span> <span class='ocrx_word' id='word_1_59' title='bbox 846 475 912 499; x_wconf 87' lang='lat' dir='ltr'><strong>sunt</strong></span> <span class='ocrx_word' id='word_1_60' title='bbox 930 471 977 507; x_wconf 91' lang='lat' dir='ltr'><strong>qui</strong></span> 
     </span>
    </p>
   </div>
   <div class='ocr_carea' id='block_1_11' title="bbox 178 515 976 552">
    <p class='ocr_par' dir='ltr' id='par_1_11' title="bbox 178 515 976 552">
     <span class='ocr_line' id='line_1_11' title="bbox 178 515 976 552; baseline -0.003 -7"><span class='ocrx_word' id='word_1_61' title='bbox 178 516 262 545; x_wconf 81' lang='lat' dir='ltr'><strong>hodie</strong></span> <span class='ocrx_word' id='word_1_62' title='bbox 274 524 323 544; x_wconf 91' lang='lat' dir='ltr'><strong>vos</strong></span> <span class='ocrx_word' id='word_1_63' title='bbox 337 520 450 552; x_wconf 85' lang='lat' dir='ltr'><strong>angunt.</strong></span> <span class='ocrx_word' id='word_1_64' title='bbox 465 515 541 544; x_wconf 84' lang='lat' dir='ltr'><strong>Istud</strong></span> <span class='ocrx_word' id='word_1_65' title='bbox 555 519 660 550; x_wconf 89' lang='lat' dir='ltr'><strong>autem,</strong></span> <span class='ocrx_word' id='word_1_66' title='bbox 675 517 708 544; x_wconf 86' lang='lat' dir='ltr'><strong>In</strong></span> <span class='ocrx_word' id='word_1_67' title='bbox 723 517 784 550; x_wconf 78' lang='lat' dir='ltr'><strong>igni</strong></span> <span class='ocrx_word' id='word_1_68' title='bbox 793 517 917 550; x_wconf 69' lang='lat' dir='ltr'><strong>ﬂammae,</strong></span> <span class='ocrx_word' id='word_1_69' title='bbox 934 515 976 543; x_wconf 92' lang='lat' dir='ltr'><strong>vel</strong></span> 
     </span>
    </p>
   </div>
   <div class='ocr_carea' id='block_1_12' title="bbox 178 560 976 596">
    <p class='ocr_par' dir='ltr' id='par_1_12' title="bbox 178 560 976 596">
     <span class='ocr_line' id='line_1_12' title="bbox 178 560 976 596; baseline -0.004 -6"><span class='ocrx_word' id='word_1_70' title='bbox 178 560 397 590; x_wconf 88' lang='lat' dir='ltr'><strong>construendum</strong></span> <span class='ocrx_word' id='word_1_71' title='bbox 407 565 448 588; x_wconf 83' lang='lat' dir='ltr'><strong>est</strong></span> <span class='ocrx_word' id='word_1_72' title='bbox 459 568 534 594; x_wconf 91' lang='lat' dir='ltr'><strong>cum,</strong></span> <span class='ocrx_word' id='word_1_73' title='bbox 545 561 808 595; x_wconf 72' lang='lat' dir='ltr'><strong>Dantis;ultionem.</strong></span> <span class='ocrx_word' id='word_1_74' title='bbox 821 560 932 596; x_wconf 80' lang='lat' dir='ltr'><strong>perinde</strong></span> <span class='ocrx_word' id='word_1_75' title='bbox 944 567 976 587; x_wconf 81' lang='lat' dir='ltr'><strong>ac</strong></span> 
     </span>
    </p>
   </div>
   <div class='ocr_carea' id='block_1_13' title="bbox 177 605 973 642">
    <p class='ocr_par' dir='ltr' id='par_1_13' title="bbox 177 605 973 642">
     <span class='ocr_line' id='line_1_13' title="bbox 177 605 973 642; baseline -0.003 -8"><span class='ocrx_word' id='word_1_76' title='bbox 177 606 202 634; x_wconf 90' lang='lat' dir='ltr'><strong>si</strong></span> <span class='ocrx_word' id='word_1_77' title='bbox 233 605 344 640; x_wconf 81' lang='lat' dir='ltr'><strong>diceret,</strong></span> <span class='ocrx_word' id='word_1_78' title='bbox 373 607 405 633; x_wconf 90' lang='lat' dir='ltr'><strong>ln</strong></span> <span class='ocrx_word' id='word_1_79' title='bbox 439 606 562 642; x_wconf 83' lang='lat' dir='ltr'><strong>gehenna</strong></span> <span class='ocrx_word' id='word_1_80' title='bbox 583 606 721 640; x_wconf 82' lang='lat' dir='ltr'><strong>punientis</strong></span> <span class='ocrx_word' id='word_1_81' title='bbox 749 605 938 633; x_wconf 88' lang='lat' dir='ltr'><strong>inobedientes</strong></span> <span class='ocrx_word' id='word_1_82' title='bbox 965 613 973 632; x_wconf 84' lang='lat'><strong>:</strong></span> 
     </span>
    </p>
   </div>
   <div class='ocr_carea' id='block_1_14' title="bbox 179 649 976 687">
    <p class='ocr_par' dir='ltr' id='par_1_14' title="bbox 179 649 976 687">
     <span class='ocr_line' id='line_1_14' title="bbox 179 649 976 687; baseline -0.003 -9"><span class='ocrx_word' id='word_1_83' title='bbox 179 649 264 687; x_wconf 61' lang='lat'><strong>535</strong></span> <span class='ocrx_word' id='word_1_84' title='bbox 288 650 328 678; x_wconf 90' lang='lat' dir='ltr'><strong>vel</strong></span> <span class='ocrx_word' id='word_1_85' title='bbox 349 649 398 684; x_wconf 77' lang='lat' dir='ltr'><strong>sic,</strong></span> <span class='ocrx_word' id='word_1_86' title='bbox 421 651 453 677; x_wconf 84' lang='lat' dir='ltr'><strong>in</strong></span> <span class='ocrx_word' id='word_1_87' title='bbox 472 649 637 678; x_wconf 84' lang='lat' dir='ltr'><strong>revelatione</strong></span> <span class='ocrx_word' id='word_1_88' title='bbox 657 649 768 683; x_wconf 73' lang='lat' dir='ltr'><strong>Christi.</strong></span> <span class='ocrx_word' id='word_1_89' title='bbox 787 657 849 686; x_wconf 72' lang='lat' dir='ltr'><strong>qua:</strong></span> <span class='ocrx_word' id='word_1_90' title='bbox 873 649 901 677; x_wconf 93' lang='lat' dir='ltr'><strong>in</strong></span> <span class='ocrx_word' id='word_1_91' title='bbox 920 649 976 685; x_wconf 84' lang='lat' dir='ltr'><strong>igni</strong></span> 
     </span>
    </p>
   </div>
   <div class='ocr_carea' id='block_1_15' title="bbox 178 694 976 729">
    <p class='ocr_par' dir='ltr' id='par_1_15' title="bbox 178 694 976 729">
     <span class='ocr_line' id='line_1_15' title="bbox 178 694 976 729; baseline -0.003 -6"><span class='ocrx_word' id='word_1_92' title='bbox 178 695 298 723; x_wconf 65' lang='lat' dir='ltr'><strong>ﬂammas</strong></span> <span class='ocrx_word' id='word_1_93' title='bbox 315 694 404 722; x_wconf 86' lang='lat' dir='ltr'><strong>futura</strong></span> <span class='ocrx_word' id='word_1_94' title='bbox 423 699 476 729; x_wconf 86' lang='lat' dir='ltr'><strong>est,</strong></span> <span class='ocrx_word' id='word_1_95' title='bbox 497 694 567 722; x_wconf 82' lang='lat' dir='ltr'><strong>sicut</strong></span> <span class='ocrx_word' id='word_1_96' title='bbox 587 698 615 722; x_wconf 87' lang='lat' dir='ltr'><strong>et</strong></span> <span class='ocrx_word' id='word_1_97' title='bbox 634 694 723 722; x_wconf 84' lang='lat' dir='ltr'><strong>David</strong></span> <span class='ocrx_word' id='word_1_98' title='bbox 746 694 796 729; x_wconf 85' lang='lat' dir='ltr'><strong>ait,</strong></span> <span class='ocrx_word' id='word_1_99' title='bbox 822 695 895 728; x_wconf 78' lang='lat' dir='ltr'><strong>Ignis</strong></span> <span class='ocrx_word' id='word_1_100' title='bbox 913 697 976 721; x_wconf 77' lang='lat' dir='ltr'><strong>ante</strong></span> 
     </span>
    </p>
   </div>
   <div class='ocr_carea' id='block_1_16' title="bbox 178 739 976 776">
    <p class='ocr_par' dir='ltr' id='par_1_16' title="bbox 178 739 976 776">
     <span class='ocr_line' id='line_1_16' title="bbox 178 739 976 776; baseline -0.003 -8"><span class='ocrx_word' id='word_1_101' title='bbox 178 742 268 776; x_wconf 81' lang='lat' dir='ltr'><strong>ipsum</strong></span> <span class='ocrx_word' id='word_1_102' title='bbox 279 741 424 776; x_wconf 64' lang='lat' dir='ltr'><strong>praecedet,</strong></span> <span class='ocrx_word' id='word_1_103' title='bbox 440 743 464 768; x_wconf 73' lang='lat' dir='ltr'><strong>et</strong></span> <span class='ocrx_word' id='word_1_104' title='bbox 479 740 659 775; x_wconf 77' lang='lat' dir='ltr'><strong>inﬂammabit</strong></span> <span class='ocrx_word' id='word_1_105' title='bbox 680 740 709 767; x_wconf 83' lang='lat' dir='ltr'><strong>in</strong></span> <span class='ocrx_word' id='word_1_106' title='bbox 726 741 841 767; x_wconf 78' lang='lat' dir='ltr'><strong>circuitu</strong></span> <span class='ocrx_word' id='word_1_107' title='bbox 853 739 976 766; x_wconf 81' lang='lat' dir='ltr'><strong>inimicos</strong></span> 
     </span>
    </p>
   </div>
   <div class='ocr_carea' id='block_1_17' title="bbox 179 784 976 821">
    <p class='ocr_par' dir='ltr' id='par_1_17' title="bbox 179 784 976 821">
     <span class='ocr_line' id='line_1_17' title="bbox 179 784 976 821; baseline -0.003 -9"><span class='ocrx_word' id='word_1_108' title='bbox 179 785 262 820; x_wconf 72' lang='lat' dir='ltr'><strong>ejuss.</strong></span> <span class='ocrx_word' id='word_1_109' title='bbox 285 785 334 814; x_wconf 90' lang='lat' dir='ltr'><strong>Cui</strong></span> <span class='ocrx_word' id='word_1_110' title='bbox 364 785 461 813; x_wconf 86' lang='lat' dir='ltr'><strong>Daniel</strong></span> <span class='ocrx_word' id='word_1_111' title='bbox 487 785 660 821; x_wconf 85' lang='lat' dir='ltr'><strong>astipulatur,</strong></span> <span class='ocrx_word' id='word_1_112' title='bbox 683 784 810 821; x_wconf 87' lang='lat' dir='ltr'><strong>inquiens</strong></span> <span class='ocrx_word' id='word_1_113' title='bbox 835 793 841 811; x_wconf 93' lang='lat'>:</span> <span class='ocrx_word' id='word_1_114' title='bbox 866 784 976 812; x_wconf 72' lang='lat' dir='ltr'><strong>Flavius</strong></span> 
     </span>
    </p>
   </div>
   <div class='ocr_carea' id='block_1_18' title="bbox 178 829 978 865">
    <p class='ocr_par' dir='ltr' id='par_1_18' title="bbox 178 829 978 865">
     <span class='ocr_line' id='line_1_18' title="bbox 178 829 978 865; baseline -0.003 -7"><span class='ocrx_word' id='word_1_115' title='bbox 178 831 251 865; x_wconf 85' lang='lat' dir='ltr'><strong>ignis</strong></span> <span class='ocrx_word' id='word_1_116' title='bbox 267 830 450 858; x_wconf 72' lang='lat' dir='ltr'><strong>trahebatur&#39;.</strong></span> <span class='ocrx_word' id='word_1_117' title='bbox 471 830 594 858; x_wconf 85' lang='lat' dir='ltr'><strong>Observa</strong></span> <span class='ocrx_word' id='word_1_118' title='bbox 609 834 701 857; x_wconf 90' lang='lat' dir='ltr'><strong>autem</strong></span> <span class='ocrx_word' id='word_1_119' title='bbox 717 829 791 865; x_wconf 88' lang='lat' dir='ltr'><strong>quod</strong></span> <span class='ocrx_word' id='word_1_120' title='bbox 809 829 855 861; x_wconf 87' lang='lat' dir='ltr'><strong>ait,</strong></span> <span class='ocrx_word' id='word_1_121' title='bbox 870 830 902 856; x_wconf 86' lang='lat' dir='ltr'><strong>In</strong></span> <span class='ocrx_word' id='word_1_122' title='bbox 917 830 978 862; x_wconf 81' lang='lat' dir='ltr'><strong>igni</strong></span> 
     </span>
    </p>
   </div>
   <div class='ocr_carea' id='block_1_19' title="bbox 177 874 974 911">
    <p class='ocr_par' dir='ltr' id='par_1_19' title="bbox 177 874 974 911">
     <span class='ocr_line' id='line_1_19' title="bbox 177 874 974 911; baseline -0.003 -8"><span class='ocrx_word' id='word_1_123' title='bbox 177 876 300 910; x_wconf 62' lang='lat' dir='ltr'><strong>flamma,</strong></span> <span class='ocrx_word' id='word_1_124' title='bbox 325 882 385 910; x_wconf 85' lang='lat' dir='ltr'><strong>pro,</strong></span> <span class='ocrx_word' id='word_1_125' title='bbox 406 875 433 902; x_wconf 94' lang='lat' dir='ltr'><strong>in</strong></span> <span class='ocrx_word' id='word_1_126' title='bbox 448 875 503 911; x_wconf 90' lang='lat' dir='ltr'><strong>igni</strong></span> <span class='ocrx_word' id='word_1_127' title='bbox 531 874 644 903; x_wconf 78' lang='lat' dir='ltr'><strong>ardente</strong></span> <span class='ocrx_word' id='word_1_128' title='bbox 666 878 788 908; x_wconf 87' lang='lat' dir='ltr'><strong>tantum,</strong></span> <span class='ocrx_word' id='word_1_129' title='bbox 809 881 866 902; x_wconf 90' lang='lat' dir='ltr'><strong>non</strong></span> <span class='ocrx_word' id='word_1_130' title='bbox 889 874 974 902; x_wconf 81' lang='lat' dir='ltr'><strong>etiam</strong></span> 
     </span>
    </p>
   </div>
   <div class='ocr_carea' id='block_1_20' title="bbox 178 912 1015 956">
    <p class='ocr_par' dir='ltr' id='par_1_20' title="bbox 178 912 1015 956">
     <span class='ocr_line' id='line_1_20' title="bbox 178 912 1015 956; baseline -0.002 -8"><span class='ocrx_word' id='word_1_131' title='bbox 178 921 294 948; x_wconf 83' lang='lat' dir='ltr'><strong>lucente.</strong></span> <span class='ocrx_word' id='word_1_132' title='bbox 311 920 504 948; x_wconf 79' lang='lat' dir='ltr'><strong>Peccatoribus</strong></span> <span class='ocrx_word' id='word_1_133' title='bbox 521 920 594 948; x_wconf 84' lang='lat' dir='ltr'><strong>enim</strong></span> <span class='ocrx_word' id='word_1_134' title='bbox 614 919 683 956; x_wconf 84' lang='lat' dir='ltr'><strong>ignis</strong></span> <span class='ocrx_word' id='word_1_135' title='bbox 703 918 881 948; x_wconf 79' lang='lat' dir='ltr'><strong>solummodo</strong></span> <span class='ocrx_word' id='word_1_136' title='bbox 894 918 974 947; x_wconf 84' lang='lat' dir='ltr'><strong>arde-</strong></span> <span class='ocrx_word' id='word_1_137' title='bbox 993 912 1015 943; x_wconf 78' lang='grc' dir='ltr'><strong>Β</strong></span> 
     </span>
    </p>
   </div>
   <div class='ocr_carea' id='block_1_21' title="bbox 178 963 975 1001">
    <p class='ocr_par' dir='ltr' id='par_1_21' title="bbox 178 963 975 1001">
     <span class='ocr_line' id='line_1_21' title="bbox 178 963 975 1001; baseline -0.001 -9"><span class='ocrx_word' id='word_1_138' title='bbox 178 965 229 998; x_wconf 82' lang='lat' dir='ltr'><strong>bit,</strong></span> <span class='ocrx_word' id='word_1_139' title='bbox 244 972 302 993; x_wconf 90' lang='lat' dir='ltr'><strong>non</strong></span> <span class='ocrx_word' id='word_1_140' title='bbox 320 964 422 993; x_wconf 78' lang='lat' dir='ltr'><strong>lucebit</strong></span> <span class='ocrx_word' id='word_1_141' title='bbox 437 973 445 992; x_wconf 90' lang='lat'><strong>:</strong></span> <span class='ocrx_word' id='word_1_142' title='bbox 462 964 544 1001; x_wconf 86' lang='lat' dir='ltr'><strong>justis</strong></span> <span class='ocrx_word' id='word_1_143' title='bbox 562 968 656 992; x_wconf 87' lang='lat' dir='ltr'><strong>autem</strong></span> <span class='ocrx_word' id='word_1_144' title='bbox 669 963 773 992; x_wconf 85' lang='lat' dir='ltr'><strong>lucebit</strong></span> <span class='ocrx_word' id='word_1_145' title='bbox 784 968 903 998; x_wconf 80' lang='lat' dir='ltr'><strong>tantum,</strong></span> <span class='ocrx_word' id='word_1_146' title='bbox 919 971 975 991; x_wconf 91' lang='lat' dir='ltr'><strong>non</strong></span> 
     </span>
    </p>
   </div>
   <div class='ocr_carea' id='block_1_22' title="bbox 179 1009 296 1038">
    <p class='ocr_par' dir='ltr' id='par_1_22' title="bbox 179 1009 296 1038">
     <span class='ocr_line' id='line_1_22' title="bbox 179 1009 296 1038; baseline -0.009 0"><span class='ocrx_word' id='word_1_147' title='bbox 179 1009 296 1038; x_wconf 83' lang='lat' dir='ltr'><strong>ardebit.</strong></span> 
     </span>
    </p>
   </div>
   <div class='ocr_carea' id='block_1_23' title="bbox 214 1054 972 1090">
    <p class='ocr_par' dir='ltr' id='par_1_23' title="bbox 214 1054 972 1090">
     <span class='ocr_line' id='line_1_23' title="bbox 214 1054 972 1090; baseline -0.001 -9"><span class='ocrx_word' id='word_1_148' title='bbox 214 1054 307 1083; x_wconf 79' lang='lat' dir='ltr'><strong>Vitas.</strong></span> <span class='ocrx_word' id='word_1_149' title='bbox 331 1057 357 1082; x_wconf 83' lang='lat'><strong>9.</strong></span> <span class='ocrx_word' id='word_1_150' title='bbox 373 1055 427 1088; x_wconf 82' lang='lat' dir='ltr'><strong>Qui</strong></span> <span class='ocrx_word' id='word_1_151' title='bbox 437 1062 546 1090; x_wconf 75' lang='lat' dir='ltr'><strong>prmum</strong></span> <span class='ocrx_word' id='word_1_152' title='bbox 571 1054 646 1081; x_wconf 82' lang='lat' dir='ltr'><strong>luent</strong></span> <span class='ocrx_word' id='word_1_153' title='bbox 671 1055 811 1081; x_wconf 73' lang='lat' dir='ltr'><strong>interitum</strong></span> <span class='ocrx_word' id='word_1_154' title='bbox 832 1056 972 1081; x_wconf 69' lang='lat' dir='ltr'><strong>(sternunt.</strong></span> 
     </span>
    </p>
   </div>
   <div class='ocr_carea' id='block_1_24' title="bbox 177 1097 974 1135">
    <p class='ocr_par' dir='ltr' id='par_1_24' title="bbox 177 1097 974 1135">
     <span class='ocr_line' id='line_1_24' title="bbox 177 1097 974 1135; baseline -0.001 -8"><span class='ocrx_word' id='word_1_155' title='bbox 177 1098 232 1127; x_wconf 89' lang='lat' dir='ltr'><strong>Ubi</strong></span> <span class='ocrx_word' id='word_1_156' title='bbox 247 1099 332 1135; x_wconf 91' lang='lat' dir='ltr'><strong>igitur</strong></span> <span class='ocrx_word' id='word_1_157' title='bbox 345 1103 412 1127; x_wconf 85' lang='lat' dir='ltr'><strong>sunt</strong></span> <span class='ocrx_word' id='word_1_158' title='bbox 431 1099 603 1135; x_wconf 66' lang='lat' dir='ltr'><strong>Origenistm,</strong></span> <span class='ocrx_word' id='word_1_159' title='bbox 619 1099 667 1135; x_wconf 88' lang='lat' dir='ltr'><strong>qui</strong></span> <span class='ocrx_word' id='word_1_160' title='bbox 692 1106 781 1135; x_wconf 63' lang='lat' dir='ltr'><strong>pana:</strong></span> <span class='ocrx_word' id='word_1_161' title='bbox 803 1097 885 1126; x_wconf 89' lang='lat' dir='ltr'><strong>ﬁnem</strong></span> <span class='ocrx_word' id='word_1_162' title='bbox 911 1105 926 1126; x_wconf 88' lang='lat' dir='ltr'><strong>e</strong></span> <span class='ocrx_word' id='word_1_163' title='bbox 945 1105 974 1126; x_wconf 84' lang='lat' dir='ltr'><strong>se</strong></span> 
     </span>
    </p>
   </div>
   <div class='ocr_carea' id='block_1_25' title="bbox 178 1143 973 1180">
    <p class='ocr_par' dir='ltr' id='par_1_25' title="bbox 178 1143 973 1180">
     <span class='ocr_line' id='line_1_25' title="bbox 178 1143 973 1180; baseline -0.001 -8"><span class='ocrx_word' id='word_1_164' title='bbox 178 1143 301 1173; x_wconf 83' lang='lat' dir='ltr'><strong>fabulose</strong></span> <span class='ocrx_word' id='word_1_165' title='bbox 330 1145 455 1180; x_wconf 80' lang='lat' dir='ltr'><strong>ponunt?</strong></span> <span class='ocrx_word' id='word_1_166' title='bbox 487 1145 625 1172; x_wconf 69' lang='lat' dir='ltr'><strong>Eternam</strong></span> <span class='ocrx_word' id='word_1_167' title='bbox 654 1143 725 1172; x_wconf 84' lang='lat' dir='ltr'><strong>hanc</strong></span> <span class='ocrx_word' id='word_1_168' title='bbox 744 1143 846 1172; x_wconf 84' lang='lat' dir='ltr'><strong>Paulus</strong></span> <span class='ocrx_word' id='word_1_169' title='bbox 868 1143 973 1171; x_wconf 79' lang='lat' dir='ltr'><strong>asserit.</strong></span> 
     </span>
    </p>
   </div>
   <div class='ocr_carea' id='block_1_26' title="bbox 177 1187 975 1226">
    <p class='ocr_par' dir='ltr' id='par_1_26' title="bbox 177 1187 975 1226">
     <span class='ocr_line' id='line_1_26' title="bbox 177 1187 975 1226; baseline 0 -10"><span class='ocrx_word' id='word_1_170' title='bbox 177 1189 261 1225; x_wconf 85' lang='lat' dir='ltr'><strong>Ecqui</strong></span> <span class='ocrx_word' id='word_1_171' title='bbox 274 1196 341 1225; x_wconf 92' lang='lat' dir='ltr'><strong>ergo</strong></span> <span class='ocrx_word' id='word_1_172' title='bbox 355 1188 429 1226; x_wconf 83' lang='lat' dir='ltr'><strong>apud</strong></span> <span class='ocrx_word' id='word_1_173' title='bbox 444 1196 492 1217; x_wconf 87' lang='lat' dir='ltr'><strong>vos</strong></span> <span class='ocrx_word' id='word_1_174' title='bbox 506 1188 634 1217; x_wconf 86' lang='lat' dir='ltr'><strong>interitus</strong></span> <span class='ocrx_word' id='word_1_175' title='bbox 655 1192 776 1217; x_wconf 69' lang='lat' dir='ltr'><strong>aeternus</strong></span> <span class='ocrx_word' id='word_1_176' title='bbox 796 1187 848 1217; x_wconf 83' lang='lat' dir='ltr'><strong>erit</strong></span> <span class='ocrx_word' id='word_1_177' title='bbox 863 1191 975 1224; x_wconf 75' lang='lat' dir='ltr'><strong>tempo-</strong></span> 
     </span>
    </p>
   </div>
   <div class='ocr_carea' id='block_1_27' title="bbox 177 1233 288 1262">
    <p class='ocr_par' dir='ltr' id='par_1_27' title="bbox 177 1233 288 1262">
     <span class='ocr_line' id='line_1_27' title="bbox 177 1233 288 1262; baseline 0.009 -1"><span class='ocrx_word' id='word_1_178' title='bbox 177 1233 267 1261; x_wconf 84' lang='lat' dir='ltr'><strong>rarius</strong></span> <span class='ocrx_word' id='word_1_179' title='bbox 276 1235 288 1262; x_wconf 70' lang='grc' dir='ltr'><strong>Ρ</strong></span> 
     </span>
    </p>
   </div>
   <div class='ocr_carea' id='block_1_28' title="bbox 212 1278 975 1313">
    <p class='ocr_par' dir='ltr' id='par_1_28' title="bbox 212 1278 975 1313">
     <span class='ocr_line' id='line_1_28' title="bbox 212 1278 975 1313; baseline -0.004 -5"><span class='ocrx_word' id='word_1_180' title='bbox 212 1279 238 1308; x_wconf 77' lang='grc' dir='ltr'><strong><em>Α</em></strong></span> <span class='ocrx_word' id='word_1_181' title='bbox 258 1279 327 1313; x_wconf 80' lang='lat' dir='ltr'><strong>facie</strong></span> <span class='ocrx_word' id='word_1_182' title='bbox 342 1279 460 1311; x_wconf 79' lang='lat' dir='ltr'><strong>Domini,</strong></span> <span class='ocrx_word' id='word_1_183' title='bbox 485 1281 510 1306; x_wconf 81' lang='lat' dir='ltr'><strong>et</strong></span> <span class='ocrx_word' id='word_1_184' title='bbox 524 1279 612 1312; x_wconf 79' lang='lat' dir='ltr'><strong>gloria</strong></span> <span class='ocrx_word' id='word_1_185' title='bbox 630 1280 741 1306; x_wconf 79' lang='lat' dir='ltr'><strong>virtutis</strong></span> <span class='ocrx_word' id='word_1_186' title='bbox 761 1279 830 1313; x_wconf 73' lang='lat' dir='ltr'><strong>ejus.</strong></span> <span class='ocrx_word' id='word_1_187' title='bbox 850 1278 975 1306; x_wconf 85' lang='lat' dir='ltr'><strong>Facilita-</strong></span> 
     </span>
    </p>
   </div>
   <div class='ocr_carea' id='block_1_29' title="bbox 177 1322 974 1359">
    <p class='ocr_par' dir='ltr' id='par_1_29' title="bbox 177 1322 974 1359">
     <span class='ocr_line' id='line_1_29' title="bbox 177 1322 974 1359; baseline -0.001 -8"><span class='ocrx_word' id='word_1_188' title='bbox 177 1327 233 1351; x_wconf 89' lang='lat' dir='ltr'><strong>tem</strong></span> <span class='ocrx_word' id='word_1_189' title='bbox 249 1323 293 1351; x_wconf 88' lang='lat' dir='ltr'><strong>hic</strong></span> <span class='ocrx_word' id='word_1_190' title='bbox 306 1322 437 1352; x_wconf 83' lang='lat' dir='ltr'><strong>declarat.</strong></span> <span class='ocrx_word' id='word_1_191' title='bbox 450 1323 531 1351; x_wconf 87' lang='lat' dir='ltr'><strong>Nulla</strong></span> <span class='ocrx_word' id='word_1_192' title='bbox 541 1323 628 1357; x_wconf 85' lang='lat' dir='ltr'><strong>enim,</strong></span> <span class='ocrx_word' id='word_1_193' title='bbox 642 1323 740 1359; x_wconf 78' lang='lat' dir='ltr'><strong>inquit,</strong></span> <span class='ocrx_word' id='word_1_194' title='bbox 753 1322 902 1351; x_wconf 83' lang='lat' dir='ltr'><strong>difficultas</strong></span> <span class='ocrx_word' id='word_1_195' title='bbox 910 1323 974 1357; x_wconf 86' lang='lat' dir='ltr'><strong>erit,</strong></span> 
     </span>
    </p>
   </div>
   <div class='ocr_carea' id='block_1_30' title="bbox 176 1367 975 1401">
    <p class='ocr_par' dir='ltr' id='par_1_30' title="bbox 176 1367 975 1401">
     <span class='ocr_line' id='line_1_30' title="bbox 176 1367 975 1401; baseline 0 -6"><span class='ocrx_word' id='word_1_196' title='bbox 176 1375 271 1396; x_wconf 91' lang='lat' dir='ltr'><strong>verum</strong></span> <span class='ocrx_word' id='word_1_197' title='bbox 287 1368 353 1396; x_wconf 82' lang='lat' dir='ltr'><strong>satis</strong></span> <span class='ocrx_word' id='word_1_198' title='bbox 367 1372 408 1396; x_wconf 85' lang='lat' dir='ltr'><strong>est</strong></span> <span class='ocrx_word' id='word_1_199' title='bbox 421 1367 616 1396; x_wconf 83' lang='lat' dir='ltr'><strong>tantummodo</strong></span> <span class='ocrx_word' id='word_1_200' title='bbox 637 1368 727 1396; x_wconf 88' lang='lat' dir='ltr'><strong>visum</strong></span> <span class='ocrx_word' id='word_1_201' title='bbox 749 1375 808 1396; x_wconf 83' lang='lat' dir='ltr'><strong>esse</strong></span> <span class='ocrx_word' id='word_1_202' title='bbox 826 1369 926 1401; x_wconf 86' lang='lat' dir='ltr'><strong>Deum,</strong></span> <span class='ocrx_word' id='word_1_203' title='bbox 947 1372 975 1395; x_wconf 92' lang='lat' dir='ltr'><strong>et</strong></span> 
     </span>
    </p>
   </div>
   <div class='ocr_carea' id='block_1_31' title="bbox 176 1411 975 1449">
    <p class='ocr_par' dir='ltr' id='par_1_31' title="bbox 176 1411 975 1449">
     <span class='ocr_line' id='line_1_31' title="bbox 176 1411 975 1449; baseline -0.001 -8"><span class='ocrx_word' id='word_1_204' title='bbox 176 1420 274 1441; x_wconf 83' lang='lat' dir='ltr'><strong>omnes</strong></span> <span class='ocrx_word' id='word_1_205' title='bbox 297 1413 482 1441; x_wconf 85' lang='lat' dir='ltr'><strong>inobedientes</strong></span> <span class='ocrx_word' id='word_1_206' title='bbox 505 1413 533 1440; x_wconf 91' lang='lat' dir='ltr'><strong>in</strong></span> <span class='ocrx_word' id='word_1_207' title='bbox 553 1420 633 1449; x_wconf 62' lang='lat' dir='ltr'><strong>penna</strong></span> <span class='ocrx_word' id='word_1_208' title='bbox 654 1416 746 1441; x_wconf 87' lang='lat' dir='ltr'><strong>erunt.</strong></span> <span class='ocrx_word' id='word_1_209' title='bbox 769 1411 975 1440; x_wconf 83' lang='lat' dir='ltr'><strong>Tantummodo</strong></span> 
     </span>
    </p>
   </div>
   <div class='ocr_carea' id='block_1_32' title="bbox 177 1457 974 1494">
    <p class='ocr_par' dir='ltr' id='par_1_32' title="bbox 177 1457 974 1494">
     <span class='ocr_line' id='line_1_32' title="bbox 177 1457 974 1494; baseline -0.003 -8"><span class='ocrx_word' id='word_1_210' title='bbox 177 1458 251 1486; x_wconf 90' lang='lat' dir='ltr'><strong>enim</strong></span> <span class='ocrx_word' id='word_1_211' title='bbox 265 1458 357 1486; x_wconf 83' lang='lat' dir='ltr'><strong>vultus</strong></span> <span class='ocrx_word' id='word_1_212' title='bbox 371 1462 398 1486; x_wconf 84' lang='lat' dir='ltr'><strong>et</strong></span> <span class='ocrx_word' id='word_1_213' title='bbox 416 1457 559 1494; x_wconf 68' lang='lat' dir='ltr'><strong>prmsentia</strong></span> <span class='ocrx_word' id='word_1_214' title='bbox 574 1458 633 1493; x_wconf 86' lang='lat' dir='ltr'><strong>ejus</strong></span> <span class='ocrx_word' id='word_1_215' title='bbox 650 1458 704 1486; x_wconf 94' lang='lat' dir='ltr'><strong>illis</strong></span> <span class='ocrx_word' id='word_1_216' title='bbox 727 1457 837 1494; x_wconf 89' lang='lat' dir='ltr'><strong>quidem</strong></span> <span class='ocrx_word' id='word_1_217' title='bbox 852 1457 897 1485; x_wconf 86' lang='lat' dir='ltr'><strong>lux</strong></span> <span class='ocrx_word' id='word_1_218' title='bbox 912 1457 974 1490; x_wconf 73' lang='lat' dir='ltr'><strong>erit,</strong></span> 
     </span>
    </p>
   </div>
   <div class='ocr_carea' id='block_1_33' title="bbox 176 1501 972 1538">
    <p class='ocr_par' dir='ltr' id='par_1_33' title="bbox 176 1501 972 1538">
     <span class='ocr_line' id='line_1_33' title="bbox 176 1501 972 1538; baseline 0 -8"><span class='ocrx_word' id='word_1_219' title='bbox 176 1501 236 1530; x_wconf 91' lang='lat' dir='ltr'><strong>istis</strong></span> <span class='ocrx_word' id='word_1_220' title='bbox 250 1507 344 1531; x_wconf 85' lang='lat' dir='ltr'><strong>autem</strong></span> <span class='ocrx_word' id='word_1_221' title='bbox 364 1503 539 1538; x_wconf 84' lang='lat' dir='ltr'><strong>supplicium.</strong></span> <span class='ocrx_word' id='word_1_222' title='bbox 562 1504 624 1530; x_wconf 90' lang='lat' dir='ltr'><strong>Non</strong></span> <span class='ocrx_word' id='word_1_223' title='bbox 641 1503 716 1530; x_wconf 90' lang='lat' dir='ltr'><strong>enim</strong></span> <span class='ocrx_word' id='word_1_224' title='bbox 730 1501 899 1537; x_wconf 87' lang='lat' dir='ltr'><strong>simpliciter,</strong></span> <span class='ocrx_word' id='word_1_225' title='bbox 914 1501 972 1535; x_wconf 82' lang='lat' dir='ltr'><strong>sed,</strong></span> 
     </span>
    </p>
   </div>
   <div class='ocr_carea' id='block_1_34' title="bbox 176 1547 975 1584">
    <p class='ocr_par' dir='ltr' id='par_1_34' title="bbox 176 1547 975 1584">
     <span class='ocr_line' id='line_1_34' title="bbox 176 1547 975 1584; baseline -0.001 -9"><span class='ocrx_word' id='word_1_226' title='bbox 176 1555 241 1576; x_wconf 89' lang='lat' dir='ltr'><strong>cum</strong></span> <span class='ocrx_word' id='word_1_227' title='bbox 262 1547 347 1584; x_wconf 89' lang='lat' dir='ltr'><strong>gloria</strong></span> <span class='ocrx_word' id='word_1_228' title='bbox 370 1547 479 1575; x_wconf 84' lang='lat' dir='ltr'><strong>virtutis</strong></span> <span class='ocrx_word' id='word_1_229' title='bbox 505 1547 615 1575; x_wconf 81' lang='lat' dir='ltr'><strong>aderit:</strong></span> <span class='ocrx_word' id='word_1_230' title='bbox 636 1554 725 1582; x_wconf 89' lang='lat' dir='ltr'><strong>neque</strong></span> <span class='ocrx_word' id='word_1_231' title='bbox 748 1547 834 1582; x_wconf 85' lang='lat' dir='ltr'><strong>gloria</strong></span> <span class='ocrx_word' id='word_1_232' title='bbox 854 1547 913 1582; x_wconf 87' lang='lat' dir='ltr'><strong>ejus</strong></span> <span class='ocrx_word' id='word_1_233' title='bbox 930 1554 975 1574; x_wconf 93' lang='lat' dir='ltr'><strong>ro-</strong></span> 
     </span>
    </p>
   </div>
   <div class='ocr_carea' id='block_1_35' title="bbox 1032 285 1825 330">
    <p class='ocr_par' dir='ltr' id='par_1_35' title="bbox 1032 285 1825 330">
     <span class='ocr_line' id='line_1_35' title="bbox 1032 285 1825 330; baseline -0.004 -10"><span class='ocrx_word' id='word_1_234' title='bbox 1032 292 1120 321; x_wconf 75' lang='grc' dir='ltr'>Τοῧτο</span> <span class='ocrx_word' id='word_1_235' title='bbox 1152 290 1200 329; x_wconf 74' lang='grc' dir='ltr'><strong>μὲν</strong></span> <span class='ocrx_word' id='word_1_236' title='bbox 1226 285 1270 320; x_wconf 75' lang='grc' dir='ltr'><strong>οὖν</strong></span> <span class='ocrx_word' id='word_1_237' title='bbox 1301 290 1420 330; x_wconf 80' lang='grc' dir='ltr'>εἴρηται,</span> <span class='ocrx_word' id='word_1_238' title='bbox 1449 288 1495 319; x_wconf 77' lang='grc' dir='ltr'><strong>ἵνα</strong></span> <span class='ocrx_word' id='word_1_239' title='bbox 1519 290 1763 329; x_wconf 72' lang='grc' dir='ltr'>πληροφορηθῶσιν</span> <span class='ocrx_word' id='word_1_240' title='bbox 1790 290 1825 318; x_wconf 81' lang='grc' dir='ltr'>ὃτι</span> 
     </span>
    </p>
   </div>
   <div class='ocr_carea' id='block_1_36' title="bbox 1030 334 1827 371">
    <p class='ocr_par' dir='ltr' id='par_1_36' title="bbox 1030 334 1827 371">
     <span class='ocr_line' id='line_1_36' title="bbox 1030 334 1827 371; baseline -0.004 -6"><span class='ocrx_word' id='word_1_241' title='bbox 1030 335 1136 368; x_wconf 88' lang='grc' dir='ltr'>πάντως</span> <span class='ocrx_word' id='word_1_242' title='bbox 1161 334 1387 371; x_wconf 72' lang='grc' dir='ltr'><strong>κολασθήσονται·</strong></span> <span class='ocrx_word' id='word_1_243' title='bbox 1411 336 1495 365; x_wconf 76' lang='grc' dir='ltr'>ἐκεῖνο</span> <span class='ocrx_word' id='word_1_244' title='bbox 1511 334 1554 371; x_wconf 79' lang='grc' dir='ltr'>δὲ,</span> <span class='ocrx_word' id='word_1_245' title='bbox 1570 334 1614 364; x_wconf 74' lang='grc' dir='ltr'><strong>ἵνα</strong></span> <span class='ocrx_word' id='word_1_246' title='bbox 1630 336 1751 369; x_wconf 73' lang='grc' dir='ltr'>ἡσθῶσιν</span> <span class='ocrx_word' id='word_1_247' title='bbox 1760 357 1770 371; x_wconf 80' lang='grc'><strong>,</strong></span> <span class='ocrx_word' id='word_1_248' title='bbox 1797 336 1827 367; x_wconf 73' lang='grc' dir='ltr'>ὥς</span> 
     </span>
    </p>
   </div>
   <div class='ocr_carea' id='block_1_37' title="bbox 1031 379 1828 420">
    <p class='ocr_par' dir='ltr' id='par_1_37' title="bbox 1031 379 1828 420">
     <span class='ocr_line' id='line_1_37' title="bbox 1031 379 1828 420; baseline -0.004 -10"><span class='ocrx_word' id='word_1_249' title='bbox 1031 381 1067 413; x_wconf 78' lang='grc' dir='ltr'><strong>εἰς</strong></span> <span class='ocrx_word' id='word_1_250' title='bbox 1085 379 1165 420; x_wconf 72' lang='grc' dir='ltr'>τιμὴν</span> <span class='ocrx_word' id='word_1_251' title='bbox 1181 381 1267 410; x_wconf 82' lang='grc' dir='ltr'>αὐτῶν</span> <span class='ocrx_word' id='word_1_252' title='bbox 1279 380 1433 414; x_wconf 74' lang='grc' dir='ltr'>κολάζοντος</span> <span class='ocrx_word' id='word_1_253' title='bbox 1448 381 1495 409; x_wconf 68' lang='grc' dir='ltr'><strong>τοῦ</strong></span> <span class='ocrx_word' id='word_1_254' title='bbox 1515 381 1586 410; x_wconf 72' lang='grc' dir='ltr'>Θεοῦ</span> <span class='ocrx_word' id='word_1_255' title='bbox 1609 379 1671 412; x_wconf 72' lang='grc' dir='ltr'>τοὺς</span> <span class='ocrx_word' id='word_1_256' title='bbox 1692 379 1828 411; x_wconf 69' lang='grc' dir='ltr'>θλίϐοντας</span> 
     </span>
    </p>
   </div>
   <div class='ocr_carea' id='block_1_38' title="bbox 1031 424 1828 465">
    <p class='ocr_par' dir='ltr' id='par_1_38' title="bbox 1031 424 1828 465">
     <span class='ocr_line' id='line_1_38' title="bbox 1031 424 1828 465; baseline -0.001 -11"><span class='ocrx_word' id='word_1_257' title='bbox 1031 425 1134 460; x_wconf 83' lang='grc' dir='ltr'>αὐτούς.</span> <span class='ocrx_word' id='word_1_258' title='bbox 1163 425 1196 455; x_wconf 81' lang='grc' dir='ltr'><strong>Εἰ</strong></span> <span class='ocrx_word' id='word_1_259' title='bbox 1217 425 1243 454; x_wconf 83' lang='grc' dir='ltr'>δὲ</span> <span class='ocrx_word' id='word_1_260' title='bbox 1265 424 1325 458; x_wconf 71' lang='grc' dir='ltr'>τοὺς</span> <span class='ocrx_word' id='word_1_261' title='bbox 1342 425 1380 462; x_wconf 83' lang='grc' dir='ltr'><strong>μὴ</strong></span> <span class='ocrx_word' id='word_1_262' title='bbox 1405 424 1587 458; x_wconf 73' lang='grc' dir='ltr'><strong>ὑπακούοντας</strong></span> <span class='ocrx_word' id='word_1_263' title='bbox 1612 426 1652 465; x_wconf 85' lang='grc' dir='ltr'><strong>τῷ</strong></span> <span class='ocrx_word' id='word_1_264' title='bbox 1675 424 1828 464; x_wconf 73' lang='grc' dir='ltr'>Εὐαγγεὶίῳ</span> 
     </span>
    </p>
   </div>
   <div class='ocr_carea' id='block_1_39' title="bbox 1031 468 1828 509">
    <p class='ocr_par' dir='ltr' id='par_1_39' title="bbox 1031 468 1828 509">
     <span class='ocr_line' id='line_1_39' title="bbox 1031 468 1828 509; baseline -0.001 -10"><span class='ocrx_word' id='word_1_265' title='bbox 1031 470 1153 507; x_wconf 78' lang='grc' dir='ltr'>κολάζει,</span> <span class='ocrx_word' id='word_1_266' title='bbox 1170 471 1260 509; x_wconf 81' lang='grc' dir='ltr'>πολλῷ</span> <span class='ocrx_word' id='word_1_267' title='bbox 1286 471 1388 508; x_wconf 76' lang='grc' dir='ltr'>μᾶλλον</span> <span class='ocrx_word' id='word_1_268' title='bbox 1411 469 1470 504; x_wconf 84' lang='grc' dir='ltr'>τοὺς</span> <span class='ocrx_word' id='word_1_269' title='bbox 1494 468 1646 502; x_wconf 74' lang='grc' dir='ltr'>κωλύοντας</span> <span class='ocrx_word' id='word_1_270' title='bbox 1661 468 1710 497; x_wconf 79' lang='grc' dir='ltr'>καὶ</span> <span class='ocrx_word' id='word_1_271' title='bbox 1735 470 1828 501; x_wconf 77' lang='grc' dir='ltr'>ἄλλους</span> 
     </span>
    </p>
   </div>
   <div class='ocr_carea' id='block_1_40' title="bbox 1030 510 1829 551">
    <p class='ocr_par' dir='ltr' id='par_1_40' title="bbox 1030 510 1829 551">
     <span class='ocr_line' id='line_1_40' title="bbox 1030 510 1829 551; baseline -0.001 -7"><span class='ocrx_word' id='word_1_272' title='bbox 1030 517 1197 551; x_wconf 78' lang='grc' dir='ltr'>ὗπακοῦσαι,</span> <span class='ocrx_word' id='word_1_273' title='bbox 1219 510 1269 544; x_wconf 77' lang='grc' dir='ltr'>οἷοί</span> <span class='ocrx_word' id='word_1_274' title='bbox 1290 517 1355 544; x_wconf 81' lang='grc' dir='ltr'>εἰσιν</span> <span class='ocrx_word' id='word_1_275' title='bbox 1369 516 1393 544; x_wconf 73' lang='lat' dir='ltr'><strong>oi</strong></span> <span class='ocrx_word' id='word_1_276' title='bbox 1408 517 1453 543; x_wconf 76' lang='grc' dir='ltr'><strong>νῦν</strong></span> <span class='ocrx_word' id='word_1_277' title='bbox 1476 516 1545 550; x_wconf 74' lang='grc' dir='ltr'>ὑμᾶς</span> <span class='ocrx_word' id='word_1_278' title='bbox 1566 513 1714 546; x_wconf 75' lang='grc' dir='ltr'>θλίϐοντες.</span> <span class='ocrx_word' id='word_1_279' title='bbox 1733 514 1829 551; x_wconf 78' lang='grc' dir='ltr'>Τὸδὲ,</span> 
     </span>
    </p>
   </div>
   <div class='ocr_carea' id='block_1_41' title="bbox 1035 558 1829 599">
    <p class='ocr_par' dir='ltr' id='par_1_41' title="bbox 1035 558 1829 599">
     <span class='ocr_line' id='line_1_41' title="bbox 1035 558 1829 599; baseline -0.001 -12"><span class='ocrx_word' id='word_1_280' title='bbox 1035 571 1049 588; x_wconf 83' lang='grc' dir='ltr'>(ι</span> <span class='ocrx_word' id='word_1_281' title='bbox 1062 559 1110 589; x_wconf 76' lang='grc' dir='ltr'>Ἢν</span> <span class='ocrx_word' id='word_1_282' title='bbox 1125 559 1189 599; x_wconf 74' lang='grc' dir='ltr'>πυρὶ</span> <span class='ocrx_word' id='word_1_283' title='bbox 1200 559 1295 599; x_wconf 80' lang='grc' dir='ltr'>φλογὸς</span> <span class='ocrx_word' id='word_1_284' title='bbox 1304 559 1330 576; x_wconf 74' lang='grc'><em>³⁰</em></span> <span class='ocrx_word' id='word_1_285' title='bbox 1340 570 1370 594; x_wconf 72' lang='lat' dir='ltr'><strong>n,</strong></span> <span class='ocrx_word' id='word_1_286' title='bbox 1383 559 1401 595; x_wconf 79' lang='grc' dir='ltr'>ἢ</span> <span class='ocrx_word' id='word_1_287' title='bbox 1414 561 1452 599; x_wconf 82' lang='grc' dir='ltr'><strong>τῷ</strong></span> <span class='ocrx_word' id='word_1_288' title='bbox 1466 559 1562 588; x_wconf 76' lang='grc' dir='ltr'>διδόντι</span> <span class='ocrx_word' id='word_1_289' title='bbox 1575 558 1717 594; x_wconf 78' lang='grc' dir='ltr'>ἐκδίκησιν</span> <span class='ocrx_word' id='word_1_290' title='bbox 1733 570 1829 587; x_wconf 81' lang='grc' dir='ltr'>συντα-</span> 
     </span>
    </p>
   </div>
   <div class='ocr_carea' id='block_1_42' title="bbox 1029 603 1830 644">
    <p class='ocr_par' dir='ltr' id='par_1_42' title="bbox 1029 603 1830 644">
     <span class='ocr_line' id='line_1_42' title="bbox 1029 603 1830 644; baseline -0.002 -11"><span class='ocrx_word' id='word_1_291' title='bbox 1029 604 1121 640; x_wconf 77' lang='grc' dir='ltr'>κτίον,</span> <span class='ocrx_word' id='word_1_292' title='bbox 1136 606 1171 637; x_wconf 81' lang='grc' dir='ltr'>ὡς</span> <span class='ocrx_word' id='word_1_293' title='bbox 1186 603 1217 633; x_wconf 79' lang='grc' dir='ltr'><strong>ἂν</strong></span> <span class='ocrx_word' id='word_1_294' title='bbox 1231 605 1255 633; x_wconf 77' lang='lat' dir='ltr'><strong>si</strong></span> <span class='ocrx_word' id='word_1_295' title='bbox 1276 604 1364 644; x_wconf 72' lang='grc' dir='ltr'>ἔλεγεν</span> <span class='ocrx_word' id='word_1_296' title='bbox 1374 616 1380 622; x_wconf 90' lang='grc'><strong>·</strong></span> <span class='ocrx_word' id='word_1_297' title='bbox 1398 604 1446 634; x_wconf 86' lang='grc' dir='ltr'><strong>Ἐν</strong></span> <span class='ocrx_word' id='word_1_298' title='bbox 1521 603 1614 643; x_wconf 77' lang='grc' dir='ltr'>γεέννῃ</span> <span class='ocrx_word' id='word_1_299' title='bbox 1626 603 1651 621; x_wconf 76' lang='grc'><strong><em>⁸⁸</em></strong></span> <span class='ocrx_word' id='word_1_300' title='bbox 1672 604 1830 637; x_wconf 71' lang='grc' dir='ltr'>κολάζοντος</span> 
     </span>
    </p>
   </div>
   <div class='ocr_carea' id='block_1_43' title="bbox 1029 648 1829 688">
    <p class='ocr_par' dir='ltr' id='par_1_43' title="bbox 1029 648 1829 688">
     <span class='ocr_line' id='line_1_43' title="bbox 1029 648 1829 688; baseline -0.001 -10"><span class='ocrx_word' id='word_1_301' title='bbox 1029 648 1089 682; x_wconf 74' lang='grc' dir='ltr'>τοὺς</span> <span class='ocrx_word' id='word_1_302' title='bbox 1119 651 1253 682; x_wconf 73' lang='grc' dir='ltr'>ἀπειθεῖς·</span> <span class='ocrx_word' id='word_1_303' title='bbox 1278 648 1296 684; x_wconf 83' lang='grc' dir='ltr'><strong>ἢ</strong></span> <span class='ocrx_word' id='word_1_304' title='bbox 1321 648 1466 688; x_wconf 73' lang='grc' dir='ltr'>οὕτω-Τῇ</span> <span class='ocrx_word' id='word_1_305' title='bbox 1493 649 1661 687; x_wconf 71' lang='grc' dir='ltr'>ἀποκαλύψει</span> <span class='ocrx_word' id='word_1_306' title='bbox 1686 650 1738 678; x_wconf 79' lang='grc' dir='ltr'>τοῦ</span> <span class='ocrx_word' id='word_1_307' title='bbox 1764 649 1829 687; x_wconf 76' lang='grc' dir='ltr'>Χρι-</span> 
     </span>
    </p>
   </div>
   <div class='ocr_carea' id='block_1_44' title="bbox 1030 693 1828 734">
    <p class='ocr_par' dir='ltr' id='par_1_44' title="bbox 1030 693 1828 734">
     <span class='ocr_line' id='line_1_44' title="bbox 1030 693 1828 734; baseline -0.001 -11"><span class='ocrx_word' id='word_1_308' title='bbox 1030 697 1093 723; x_wconf 74' lang='grc' dir='ltr'>στοῦ</span> <span class='ocrx_word' id='word_1_309' title='bbox 1188 695 1216 723; x_wconf 69' lang='grc' dir='ltr'>ἐν</span> <span class='ocrx_word' id='word_1_310' title='bbox 1248 694 1312 733; x_wconf 82' lang='grc' dir='ltr'>πυρὶ</span> <span class='ocrx_word' id='word_1_311' title='bbox 1339 693 1435 734; x_wconf 72' lang='grc' dir='ltr'>φλογὸς</span> <span class='ocrx_word' id='word_1_312' title='bbox 1450 693 1477 711; x_wconf 72' lang='grc'><strong>⁸³</strong></span> <span class='ocrx_word' id='word_1_313' title='bbox 1505 695 1672 733; x_wconf 71' lang='grc' dir='ltr'>γενησομένη</span> <span class='ocrx_word' id='word_1_314' title='bbox 1693 705 1701 712; x_wconf 91' lang='grc'><strong>·</strong></span> <span class='ocrx_word' id='word_1_315' title='bbox 1720 695 1758 726; x_wconf 81' lang='grc' dir='ltr'>ὡς</span> <span class='ocrx_word' id='word_1_316' title='bbox 1785 693 1828 722; x_wconf 74' lang='grc' dir='ltr'><strong>καὶ</strong></span> 
     </span>
    </p>
   </div>
   <div class='ocr_carea' id='block_1_45' title="bbox 1029 738 1829 779">
    <p class='ocr_par' dir='ltr' id='par_1_45' title="bbox 1029 738 1829 779">
     <span class='ocr_line' id='line_1_45' title="bbox 1029 738 1829 779; baseline -0.004 -10"><span class='ocrx_word' id='word_1_317' title='bbox 1029 740 1113 769; x_wconf 78' lang='grc' dir='ltr'><strong>Δαυῖδ</strong></span> <span class='ocrx_word' id='word_1_318' title='bbox 1129 740 1200 778; x_wconf 84' lang='grc' dir='ltr'>λέγει</span> <span class='ocrx_word' id='word_1_319' title='bbox 1211 751 1218 757; x_wconf 93' lang='grc'><strong>·</strong></span> <span class='ocrx_word' id='word_1_320' title='bbox 1243 753 1255 765; x_wconf 78' lang='grc' dir='ltr'>ι</span> <span class='ocrx_word' id='word_1_321' title='bbox 1272 740 1334 778; x_wconf 80' lang='grc' dir='ltr'>Πῦρ</span> <span class='ocrx_word' id='word_1_322' title='bbox 1360 738 1471 768; x_wconf 72' lang='grc' dir='ltr'>ἐνώπιον</span> <span class='ocrx_word' id='word_1_323' title='bbox 1488 739 1567 768; x_wconf 78' lang='grc' dir='ltr'>αὐτοῦ</span> <span class='ocrx_word' id='word_1_324' title='bbox 1594 738 1829 779; x_wconf 73' lang='grc' dir='ltr'>προ-πορεύσεται,</span> 
     </span>
    </p>
   </div>
   <div class='ocr_carea' id='block_1_46' title="bbox 1028 783 1830 824">
    <p class='ocr_par' dir='ltr' id='par_1_46' title="bbox 1028 783 1830 824">
     <span class='ocr_line' id='line_1_46' title="bbox 1028 783 1830 824; baseline -0.002 -11"><span class='ocrx_word' id='word_1_325' title='bbox 1028 783 1074 813; x_wconf 79' lang='grc' dir='ltr'><strong>καὶ</strong></span> <span class='ocrx_word' id='word_1_326' title='bbox 1114 785 1215 824; x_wconf 79' lang='grc' dir='ltr'>φλογιεῖ</span> <span class='ocrx_word' id='word_1_327' title='bbox 1248 784 1339 824; x_wconf 81' lang='grc' dir='ltr'>κύκλῳ</span> <span class='ocrx_word' id='word_1_328' title='bbox 1352 783 1378 802; x_wconf 78' lang='grc'><strong>⁸³</strong></span> <span class='ocrx_word' id='word_1_329' title='bbox 1406 783 1466 817; x_wconf 82' lang='grc' dir='ltr'>τοὺς</span> <span class='ocrx_word' id='word_1_330' title='bbox 1490 783 1600 824; x_wconf 72' lang='grc' dir='ltr'>ἕχθροὺς</span> <span class='ocrx_word' id='word_1_331' title='bbox 1625 785 1728 813; x_wconf 76' lang='grc' dir='ltr'>αὐτοῦ·</span> <span class='ocrx_word' id='word_1_332' title='bbox 1742 795 1757 811; x_wconf 78' lang='grc' dir='ltr'><strong>ι</strong></span> <span class='ocrx_word' id='word_1_333' title='bbox 1786 784 1830 812; x_wconf 74' lang='grc' dir='ltr'>καὶ</span> 
     </span>
    </p>
   </div>
   <div class='ocr_carea' id='block_1_47' title="bbox 1029 827 1828 868">
    <p class='ocr_par' dir='ltr' id='par_1_47' title="bbox 1029 827 1828 868">
     <span class='ocr_line' id='line_1_47' title="bbox 1029 827 1828 868; baseline -0.001 -11"><span class='ocrx_word' id='word_1_334' title='bbox 1029 830 1043 857; x_wconf 81' lang='grc' dir='ltr'><strong>ὁ</strong></span> <span class='ocrx_word' id='word_1_335' title='bbox 1054 828 1166 865; x_wconf 80' lang='grc' dir='ltr'>Δανιὴλ,</span> <span class='ocrx_word' id='word_1_336' title='bbox 1180 840 1195 858; x_wconf 78' lang='grc' dir='ltr'><strong>α</strong></span> <span class='ocrx_word' id='word_1_337' title='bbox 1205 828 1330 867; x_wconf 80' lang='grc' dir='ltr'>Ποταμὸς</span> <span class='ocrx_word' id='word_1_338' title='bbox 1345 828 1427 868; x_wconf 81' lang='grc' dir='ltr'>πυρὸς</span> <span class='ocrx_word' id='word_1_339' title='bbox 1439 827 1552 858; x_wconf 78' lang='grc' dir='ltr'>εἵλκετο.</span> <span class='ocrx_word' id='word_1_340' title='bbox 1570 842 1581 853; x_wconf 69' lang='grc' dir='ltr'><strong>υ</strong></span> <span class='ocrx_word' id='word_1_341' title='bbox 1597 827 1673 868; x_wconf 85' lang='grc' dir='ltr'>Ὅρα</span> <span class='ocrx_word' id='word_1_342' title='bbox 1691 827 1721 857; x_wconf 80' lang='grc' dir='ltr'>δὲ</span> <span class='ocrx_word' id='word_1_343' title='bbox 1731 828 1778 857; x_wconf 77' lang='grc' dir='ltr'><strong>καὶ</strong></span> <span class='ocrx_word' id='word_1_344' title='bbox 1789 828 1828 861; x_wconf 80' lang='grc' dir='ltr'>τὸ,</span> 
     </span>
    </p>
   </div>
   <div class='ocr_carea' id='block_1_48' title="bbox 1029 872 1829 914">
    <p class='ocr_par' dir='ltr' id='par_1_48' title="bbox 1029 872 1829 914">
     <span class='ocr_line' id='line_1_48' title="bbox 1029 872 1829 914; baseline 0 -12"><span class='ocrx_word' id='word_1_345' title='bbox 1029 887 1040 899; x_wconf 84' lang='grc' dir='ltr'><strong>ι</strong></span> <span class='ocrx_word' id='word_1_346' title='bbox 1056 872 1103 902; x_wconf 87' lang='grc' dir='ltr'>Ἐν</span> <span class='ocrx_word' id='word_1_347' title='bbox 1119 873 1184 913; x_wconf 78' lang='grc' dir='ltr'>πυρὶ</span> <span class='ocrx_word' id='word_1_348' title='bbox 1203 873 1297 914; x_wconf 83' lang='grc' dir='ltr'>φλογὸς</span> <span class='ocrx_word' id='word_1_349' title='bbox 1309 886 1331 909; x_wconf 73' lang='grc' dir='ltr'><strong>ι,</strong></span> <span class='ocrx_word' id='word_1_350' title='bbox 1347 873 1405 902; x_wconf 72' lang='grc' dir='ltr'>ἀντὶ</span> <span class='ocrx_word' id='word_1_351' title='bbox 1428 875 1491 908; x_wconf 80' lang='grc' dir='ltr'>τοῦ,</span> <span class='ocrx_word' id='word_1_352' title='bbox 1510 874 1537 902; x_wconf 87' lang='grc' dir='ltr'>ἐν</span> <span class='ocrx_word' id='word_1_353' title='bbox 1553 872 1616 912; x_wconf 80' lang='grc' dir='ltr'>πυρὶ</span> <span class='ocrx_word' id='word_1_354' title='bbox 1634 872 1762 913; x_wconf 72' lang='grc' dir='ltr'>φλέγοντι</span> <span class='ocrx_word' id='word_1_355' title='bbox 1781 872 1829 910; x_wconf 80' lang='grc' dir='ltr'><strong>μό-</strong></span> 
     </span>
    </p>
   </div>
   <div class='ocr_carea' id='block_1_49' title="bbox 1029 917 1827 958">
    <p class='ocr_par' dir='ltr' id='par_1_49' title="bbox 1029 917 1827 958">
     <span class='ocr_line' id='line_1_49' title="bbox 1029 917 1827 958; baseline -0.001 -12"><span class='ocrx_word' id='word_1_356' title='bbox 1029 930 1095 953; x_wconf 86' lang='grc' dir='ltr'>νως,</span> <span class='ocrx_word' id='word_1_357' title='bbox 1118 919 1147 948; x_wconf 84' lang='grc' dir='ltr'>οὗ</span> <span class='ocrx_word' id='word_1_358' title='bbox 1172 918 1321 958; x_wconf 76' lang='grc' dir='ltr'>φωτίζοντι.</span> <span class='ocrx_word' id='word_1_359' title='bbox 1348 919 1374 948; x_wconf 88' lang='grc' dir='ltr'>Τ</span> <span class='ocrx_word' id='word_1_360' title='bbox 1375 921 1412 951; x_wconf 89' lang='grc' dir='ltr'><strong>οῖς</strong></span> <span class='ocrx_word' id='word_1_361' title='bbox 1438 918 1490 957; x_wconf 81' lang='grc' dir='ltr'><strong>γὰρ</strong></span> <span class='ocrx_word' id='word_1_362' title='bbox 1513 917 1703 958; x_wconf 71' lang='grc' dir='ltr'>ἁμαρτωλοῖς,</span> <span class='ocrx_word' id='word_1_363' title='bbox 1735 917 1827 958; x_wconf 50' lang='grc' dir='ltr'>ρλίγσν</span> 
     </span>
    </p>
   </div>
   <div class='ocr_carea' id='block_1_50' title="bbox 1030 962 1825 1003">
    <p class='ocr_par' dir='ltr' id='par_1_50' title="bbox 1030 962 1825 1003">
     <span class='ocr_line' id='line_1_50' title="bbox 1030 962 1825 1003; baseline -0.003 -11"><span class='ocrx_word' id='word_1_364' title='bbox 1030 963 1105 992; x_wconf 80' lang='grc' dir='ltr'>ισται</span> <span class='ocrx_word' id='word_1_365' title='bbox 1121 963 1152 992; x_wconf 84' lang='grc' dir='ltr'><strong>τὸ</strong></span> <span class='ocrx_word' id='word_1_366' title='bbox 1173 965 1227 1002; x_wconf 79' lang='grc' dir='ltr'><strong>πῦρ</strong></span> <span class='ocrx_word' id='word_1_367' title='bbox 1248 962 1353 1001; x_wconf 80' lang='grc' dir='ltr'>μόνως,</span> <span class='ocrx_word' id='word_1_368' title='bbox 1369 963 1400 992; x_wconf 82' lang='grc' dir='ltr'>οὖ</span> <span class='ocrx_word' id='word_1_369' title='bbox 1420 962 1531 1003; x_wconf 85' lang='grc' dir='ltr'>φωτίζον</span> <span class='ocrx_word' id='word_1_370' title='bbox 1543 974 1549 980; x_wconf 90' lang='grc'><strong>·</strong></span> <span class='ocrx_word' id='word_1_371' title='bbox 1562 966 1616 995; x_wconf 85' lang='grc' dir='ltr'>τοῖς</span> <span class='ocrx_word' id='word_1_372' title='bbox 1642 962 1671 991; x_wconf 78' lang='grc' dir='ltr'>δὲ</span> <span class='ocrx_word' id='word_1_373' title='bbox 1695 962 1825 997; x_wconf 78' lang='grc' dir='ltr'>δικαίοις,</span> 
     </span>
    </p>
   </div>
   <div class='ocr_carea' id='block_1_51' title="bbox 1029 1007 1430 1048">
    <p class='ocr_par' dir='ltr' id='par_1_51' title="bbox 1029 1007 1430 1048">
     <span class='ocr_line' id='line_1_51' title="bbox 1029 1007 1430 1048; baseline -0.002 -11"><span class='ocrx_word' id='word_1_374' title='bbox 1029 1007 1142 1048; x_wconf 77' lang='grc' dir='ltr'>φωτίζον</span> <span class='ocrx_word' id='word_1_375' title='bbox 1157 1007 1243 1046; x_wconf 74' lang='grc' dir='ltr'>μόνως</span> <span class='ocrx_word' id='word_1_376' title='bbox 1253 1031 1261 1044; x_wconf 79' lang='grc'><strong>,</strong></span> <span class='ocrx_word' id='word_1_377' title='bbox 1277 1009 1307 1037; x_wconf 82' lang='grc' dir='ltr'>οὗ</span> <span class='ocrx_word' id='word_1_378' title='bbox 1324 1007 1430 1048; x_wconf 68' lang='grc' dir='ltr'>φλέγον.</span> 
     </span>
    </p>
   </div>
   <div class='ocr_carea' id='block_1_52' title="bbox 1071 1051 1825 1092">
    <p class='ocr_par' dir='ltr' id='par_1_52' title="bbox 1071 1051 1825 1092">
     <span class='ocr_line' id='line_1_52' title="bbox 1071 1051 1825 1092; baseline 0 -11"><span class='ocrx_word' id='word_1_379' title='bbox 1071 1064 1086 1080; x_wconf 76' lang='grc' dir='ltr'>ι</span> <span class='ocrx_word' id='word_1_380' title='bbox 1103 1052 1208 1086; x_wconf 69' lang='grc' dir='ltr'>Οἴτινες</span> <span class='ocrx_word' id='word_1_381' title='bbox 1231 1052 1308 1088; x_wconf 85' lang='grc' dir='ltr'>δίκην</span> <span class='ocrx_word' id='word_1_382' title='bbox 1331 1051 1449 1082; x_wconf 79' lang='grc' dir='ltr'>τίσουσιν</span> <span class='ocrx_word' id='word_1_383' title='bbox 1467 1051 1574 1092; x_wconf 73' lang='grc' dir='ltr'>ὄλεθρον</span> <span class='ocrx_word' id='word_1_384' title='bbox 1599 1051 1719 1081; x_wconf 78' lang='grc' dir='ltr'>αἰώνιον.</span> <span class='ocrx_word' id='word_1_385' title='bbox 1737 1062 1752 1079; x_wconf 77' lang='grc' dir='ltr'>ι)</span> <span class='ocrx_word' id='word_1_386' title='bbox 1772 1052 1825 1082; x_wconf 77' lang='grc' dir='ltr'><strong>Ποῦ</strong></span> 
     </span>
    </p>
   </div>
   <div class='ocr_carea' id='block_1_53' title="bbox 1028 1096 1826 1136">
    <p class='ocr_par' dir='ltr' id='par_1_53' title="bbox 1028 1096 1826 1136">
     <span class='ocr_line' id='line_1_53' title="bbox 1028 1096 1826 1136; baseline -0.001 -10"><span class='ocrx_word' id='word_1_387' title='bbox 1028 1097 1113 1126; x_wconf 79' lang='grc' dir='ltr'>τοίνυν</span> <span class='ocrx_word' id='word_1_388' title='bbox 1134 1097 1159 1116; x_wconf 82' lang='grc'><strong>⁸⁴</strong></span> <span class='ocrx_word' id='word_1_389' title='bbox 1176 1098 1200 1127; x_wconf 74' lang='grc' dir='ltr'>οἱ</span> <span class='ocrx_word' id='word_1_390' title='bbox 1228 1096 1446 1136; x_wconf 76' lang='grc' dir='ltr'>Ὠριγενιασταὶ,</span> <span class='ocrx_word' id='word_1_391' title='bbox 1470 1097 1494 1126; x_wconf 76' lang='grc' dir='ltr'>οἱ</span> <span class='ocrx_word' id='word_1_392' title='bbox 1517 1096 1592 1130; x_wconf 80' lang='grc' dir='ltr'>τέλος</span> <span class='ocrx_word' id='word_1_393' title='bbox 1619 1098 1667 1132; x_wconf 79' lang='grc' dir='ltr'><strong>τῆς</strong></span> <span class='ocrx_word' id='word_1_394' title='bbox 1691 1097 1826 1129; x_wconf 74' lang='grc' dir='ltr'>κολάσεως</span> 
     </span>
    </p>
   </div>
   <div class='ocr_carea' id='block_1_54' title="bbox 1029 1141 1825 1181">
    <p class='ocr_par' dir='ltr' id='par_1_54' title="bbox 1029 1141 1825 1181">
     <span class='ocr_line' id='line_1_54' title="bbox 1029 1141 1825 1181; baseline -0.003 -10"><span class='ocrx_word' id='word_1_395' title='bbox 1029 1142 1223 1180; x_wconf 72' lang='grc' dir='ltr'>μυθιυόμενοις</span> <span class='ocrx_word' id='word_1_396' title='bbox 1241 1142 1351 1172; x_wconf 79' lang='grc' dir='ltr'>Αἰώνιον</span> <span class='ocrx_word' id='word_1_397' title='bbox 1375 1141 1475 1177; x_wconf 80' lang='grc' dir='ltr'>ταύτην</span> <span class='ocrx_word' id='word_1_398' title='bbox 1497 1142 1510 1170; x_wconf 82' lang='grc' dir='ltr'>ὁ</span> <span class='ocrx_word' id='word_1_399' title='bbox 1536 1141 1642 1174; x_wconf 82' lang='grc' dir='ltr'>Παῦλος</span> <span class='ocrx_word' id='word_1_400' title='bbox 1667 1141 1753 1181; x_wconf 84' lang='grc' dir='ltr'>λέγει.</span> <span class='ocrx_word' id='word_1_401' title='bbox 1775 1142 1825 1171; x_wconf 72' lang='grc' dir='ltr'>Καὶ</span> 
     </span>
    </p>
   </div>
   <div class='ocr_carea' id='block_1_55' title="bbox 1028 1185 1581 1226">
    <p class='ocr_par' dir='ltr' id='par_1_55' title="bbox 1028 1185 1581 1226">
     <span class='ocr_line' id='line_1_55' title="bbox 1028 1185 1581 1226; baseline -0.002 -11"><span class='ocrx_word' id='word_1_402' title='bbox 1028 1187 1085 1220; x_wconf 80' lang='grc' dir='ltr'><strong>πῶς</strong></span> <span class='ocrx_word' id='word_1_403' title='bbox 1101 1188 1166 1226; x_wconf 86' lang='grc' dir='ltr'>παρ’</span> <span class='ocrx_word' id='word_1_404' title='bbox 1178 1188 1240 1226; x_wconf 77' lang='grc' dir='ltr'>ὑμῖν</span> <span class='ocrx_word' id='word_1_405' title='bbox 1256 1188 1272 1222; x_wconf 84' lang='grc' dir='ltr'><strong>ἡ</strong></span> <span class='ocrx_word' id='word_1_406' title='bbox 1286 1185 1388 1219; x_wconf 75' lang='grc' dir='ltr'>αἰώνιος</span> <span class='ocrx_word' id='word_1_407' title='bbox 1403 1186 1581 1226; x_wconf 67' lang='grc' dir='ltr'>πρόσκαιροςς</span> 
     </span>
    </p>
   </div>
   <div class='ocr_carea' id='block_1_56' title="bbox 1073 1274 1827 1315">
    <p class='ocr_par' dir='ltr' id='par_1_56' title="bbox 1073 1274 1827 1315">
     <span class='ocr_line' id='line_1_56' title="bbox 1073 1274 1827 1315; baseline 0.001 -11"><span class='ocrx_word' id='word_1_408' title='bbox 1073 1287 1086 1304; x_wconf 76' lang='grc' dir='ltr'><strong>ε</strong></span> <span class='ocrx_word' id='word_1_409' title='bbox 1101 1274 1165 1305; x_wconf 79' lang='grc' dir='ltr'>Ἀπὸ</span> <span class='ocrx_word' id='word_1_410' title='bbox 1187 1275 1332 1315; x_wconf 83' lang='grc' dir='ltr'><strong>προσώπου</strong></span> <span class='ocrx_word' id='word_1_411' title='bbox 1364 1274 1482 1315; x_wconf 88' lang='grc' dir='ltr'>Κυρίου,</span> <span class='ocrx_word' id='word_1_412' title='bbox 1513 1275 1560 1304; x_wconf 80' lang='grc' dir='ltr'><strong>καὶ</strong></span> <span class='ocrx_word' id='word_1_413' title='bbox 1590 1274 1644 1304; x_wconf 71' lang='grc' dir='ltr'>ἀπὸ</span> <span class='ocrx_word' id='word_1_414' title='bbox 1673 1277 1723 1310; x_wconf 87' lang='grc' dir='ltr'>τ’ἧς</span> <span class='ocrx_word' id='word_1_415' title='bbox 1753 1275 1827 1311; x_wconf 80' lang='grc' dir='ltr'>δόξης</span> 
     </span>
    </p>
   </div>
   <div class='ocr_carea' id='block_1_57' title="bbox 1028 1319 1824 1360">
    <p class='ocr_par' dir='ltr' id='par_1_57' title="bbox 1028 1319 1824 1360">
     <span class='ocr_line' id='line_1_57' title="bbox 1028 1319 1824 1360; baseline 0.001 -11"><span class='ocrx_word' id='word_1_416' title='bbox 1028 1321 1075 1355; x_wconf 75' lang='grc' dir='ltr'><strong>τῆς</strong></span> <span class='ocrx_word' id='word_1_417' title='bbox 1101 1319 1192 1360; x_wconf 78' lang='grc' dir='ltr'>ἰσχύος</span> <span class='ocrx_word' id='word_1_418' title='bbox 1217 1321 1308 1350; x_wconf 57' lang='lat' dir='ltr'><strong>cura?»</strong></span> <span class='ocrx_word' id='word_1_419' title='bbox 1333 1320 1372 1349; x_wconf 74' lang='grc' dir='ltr'>Τὸ</span> <span class='ocrx_word' id='word_1_420' title='bbox 1397 1319 1505 1349; x_wconf 84' lang='grc' dir='ltr'>εὔκολον</span> <span class='ocrx_word' id='word_1_421' title='bbox 1533 1321 1646 1349; x_wconf 76' lang='grc' dir='ltr'>ἐνταῦθα</span> <span class='ocrx_word' id='word_1_422' title='bbox 1677 1320 1764 1356; x_wconf 85' lang='grc' dir='ltr'>δηλοῖ.</span> <span class='ocrx_word' id='word_1_423' title='bbox 1786 1322 1824 1350; x_wconf 81' lang='grc' dir='ltr'><strong>Οὐ</strong></span> 
     </span>
    </p>
   </div>
   <div class='ocr_carea' id='block_1_58' title="bbox 1028 1365 1826 1405">
    <p class='ocr_par' dir='ltr' id='par_1_58' title="bbox 1028 1365 1826 1405">
     <span class='ocr_line' id='line_1_58' title="bbox 1028 1365 1826 1405; baseline -0.001 -11"><span class='ocrx_word' id='word_1_424' title='bbox 1028 1365 1081 1405; x_wconf 82' lang='grc' dir='ltr'><strong>γὰρ</strong></span> <span class='ocrx_word' id='word_1_425' title='bbox 1107 1365 1246 1405; x_wconf 80' lang='grc' dir='ltr'>δυσχέρειά</span> <span class='ocrx_word' id='word_1_426' title='bbox 1262 1377 1302 1398; x_wconf 87' lang='grc' dir='ltr'><strong>τις</strong></span> <span class='ocrx_word' id='word_1_427' title='bbox 1328 1365 1421 1402; x_wconf 73' lang='grc' dir='ltr'>ἔσται,</span> <span class='ocrx_word' id='word_1_428' title='bbox 1449 1365 1543 1404; x_wconf 78' lang='grc' dir='ltr'>φησὶν,</span> <span class='ocrx_word' id='word_1_429' title='bbox 1569 1365 1629 1394; x_wconf 75' lang='grc' dir='ltr'>ἀλλ’</span> <span class='ocrx_word' id='word_1_430' title='bbox 1646 1366 1726 1404; x_wconf 75' lang='grc' dir='ltr'>ἀρκεῖ</span> <span class='ocrx_word' id='word_1_431' title='bbox 1749 1366 1826 1403; x_wconf 78' lang='grc' dir='ltr'>μόνον</span> 
     </span>
    </p>
   </div>
   <div class='ocr_carea' id='block_1_59' title="bbox 1029 1409 1829 1449">
    <p class='ocr_par' dir='ltr' id='par_1_59' title="bbox 1029 1409 1829 1449">
     <span class='ocr_line' id='line_1_59' title="bbox 1029 1409 1829 1449; baseline 0.001 -11"><span class='ocrx_word' id='word_1_432' title='bbox 1029 1411 1142 1449; x_wconf 75' lang='grc' dir='ltr'>ὀφθῆναι</span> <span class='ocrx_word' id='word_1_433' title='bbox 1159 1410 1204 1439; x_wconf 82' lang='grc' dir='ltr'><strong>τὸν</strong></span> <span class='ocrx_word' id='word_1_434' title='bbox 1221 1410 1310 1448; x_wconf 74' lang='grc' dir='ltr'>Θεὸν,</span> <span class='ocrx_word' id='word_1_435' title='bbox 1333 1410 1378 1439; x_wconf 78' lang='grc' dir='ltr'>καὶ</span> <span class='ocrx_word' id='word_1_436' title='bbox 1395 1409 1492 1443; x_wconf 85' lang='grc' dir='ltr'>πάντες</span> <span class='ocrx_word' id='word_1_437' title='bbox 1514 1411 1538 1439; x_wconf 82' lang='grc' dir='ltr'>οἱ</span> <span class='ocrx_word' id='word_1_438' title='bbox 1563 1410 1680 1442; x_wconf 70' lang='grc' dir='ltr'>ἀπειθεῖς</span> <span class='ocrx_word' id='word_1_439' title='bbox 1704 1411 1732 1439; x_wconf 76' lang='grc' dir='ltr'><strong>ἐν</strong></span> <span class='ocrx_word' id='word_1_440' title='bbox 1748 1411 1829 1439; x_wconf 78' lang='grc' dir='ltr'>κολά-</span> 
     </span>
    </p>
   </div>
   <div class='ocr_carea' id='block_1_60' title="bbox 1030 1454 1828 1495">
    <p class='ocr_par' dir='ltr' id='par_1_60' title="bbox 1030 1454 1828 1495">
     <span class='ocr_line' id='line_1_60' title="bbox 1030 1454 1828 1495; baseline 0 -11"><span class='ocrx_word' id='word_1_441' title='bbox 1030 1465 1071 1484; x_wconf 88' lang='grc' dir='ltr'><strong>σιι</strong></span> <span class='ocrx_word' id='word_1_442' title='bbox 1092 1454 1207 1485; x_wconf 77' lang='grc' dir='ltr'>ἔσονται.</span> <span class='ocrx_word' id='word_1_443' title='bbox 1237 1455 1324 1485; x_wconf 89' lang='grc' dir='ltr'>Μόνον</span> <span class='ocrx_word' id='word_1_444' title='bbox 1348 1454 1400 1495; x_wconf 75' lang='grc' dir='ltr'><strong>γὰρ</strong></span> <span class='ocrx_word' id='word_1_445' title='bbox 1426 1455 1456 1484; x_wconf 80' lang='grc' dir='ltr'><strong>τὸ</strong></span> <span class='ocrx_word' id='word_1_446' title='bbox 1470 1454 1613 1494; x_wconf 77' lang='grc' dir='ltr'>πρόσωπον</span> <span class='ocrx_word' id='word_1_447' title='bbox 1640 1455 1723 1483; x_wconf 79' lang='grc' dir='ltr'>αὐτοῦ</span> <span class='ocrx_word' id='word_1_448' title='bbox 1750 1454 1797 1484; x_wconf 74' lang='grc' dir='ltr'><strong>καὶ</strong></span> <span class='ocrx_word' id='word_1_449' title='bbox 1811 1457 1828 1490; x_wconf 80' lang='grc' dir='ltr'><strong>ἡ</strong></span> 
     </span>
    </p>
   </div>
   <div class='ocr_carea' id='block_1_61' title="bbox 1030 1499 1829 1540">
    <p class='ocr_par' dir='ltr' id='par_1_61' title="bbox 1030 1499 1829 1540">
     <span class='ocr_line' id='line_1_61' title="bbox 1030 1499 1829 1540; baseline 0 -12"><span class='ocrx_word' id='word_1_450' title='bbox 1030 1499 1164 1539; x_wconf 76' lang='grc' dir='ltr'>παρουσία</span> <span class='ocrx_word' id='word_1_451' title='bbox 1184 1502 1237 1533; x_wconf 84' lang='grc' dir='ltr'>τοῖς</span> <span class='ocrx_word' id='word_1_452' title='bbox 1260 1499 1307 1538; x_wconf 80' lang='grc' dir='ltr'><strong>μὲν</strong></span> <span class='ocrx_word' id='word_1_453' title='bbox 1325 1501 1379 1540; x_wconf 79' lang='grc' dir='ltr'>φῶς</span> <span class='ocrx_word' id='word_1_454' title='bbox 1405 1499 1494 1535; x_wconf 78' lang='grc' dir='ltr'>ἔσται,</span> <span class='ocrx_word' id='word_1_455' title='bbox 1511 1503 1566 1532; x_wconf 86' lang='grc' dir='ltr'>τοῖς</span> <span class='ocrx_word' id='word_1_456' title='bbox 1580 1500 1608 1529; x_wconf 74' lang='grc' dir='ltr'>δὲ</span> <span class='ocrx_word' id='word_1_457' title='bbox 1631 1499 1761 1538; x_wconf 86' lang='grc' dir='ltr'>τιμωρία.</span> <span class='ocrx_word' id='word_1_458' title='bbox 1788 1501 1829 1529; x_wconf 78' lang='grc' dir='ltr'><strong>Οὐ</strong></span> 
     </span>
    </p>
   </div>
   <div class='ocr_carea' id='block_1_62' title="bbox 1027 1543 1830 1584">
    <p class='ocr_par' dir='ltr' id='par_1_62' title="bbox 1027 1543 1830 1584">
     <span class='ocr_line' id='line_1_62' title="bbox 1027 1543 1830 1584; baseline 0.001 -12"><span class='ocrx_word' id='word_1_459' title='bbox 1027 1543 1078 1584; x_wconf 77' lang='grc' dir='ltr'><strong>γὰρ</strong></span> <span class='ocrx_word' id='word_1_460' title='bbox 1094 1544 1199 1580; x_wconf 79' lang='grc' dir='ltr'>ἁπλῶς,</span> <span class='ocrx_word' id='word_1_461' title='bbox 1223 1544 1291 1574; x_wconf 72' lang='grc' dir='ltr'>ἀλλὰ</span> <span class='ocrx_word' id='word_1_462' title='bbox 1310 1544 1378 1582; x_wconf 78' lang='grc' dir='ltr'>μετὰ</span> <span class='ocrx_word' id='word_1_463' title='bbox 1395 1544 1471 1579; x_wconf 83' lang='grc' dir='ltr'>δόξης</span> <span class='ocrx_word' id='word_1_464' title='bbox 1497 1543 1589 1583; x_wconf 82' lang='grc' dir='ltr'>ἰσχύος</span> <span class='ocrx_word' id='word_1_465' title='bbox 1612 1544 1746 1582; x_wconf 81' lang='grc' dir='ltr'>πάρεστι·</span> <span class='ocrx_word' id='word_1_466' title='bbox 1768 1544 1830 1573; x_wconf 76' lang='grc' dir='ltr'>οὔτε</span> 
     </span>
    </p>
   </div>
   <div class='ocr_carea' id='block_1_63' title="bbox 176 1587 972 1629">
    <p class='ocr_par' dir='ltr' id='par_1_63' title="bbox 176 1590 972 1627">
     <span class='ocr_line' id='line_1_63' title="bbox 176 1590 972 1627; baseline -0.001 -7"><span class='ocrx_word' id='word_1_467' title='bbox 176 1592 242 1620; x_wconf 91' lang='lat' dir='ltr'><strong>bore</strong></span> <span class='ocrx_word' id='word_1_468' title='bbox 256 1591 370 1624; x_wconf 83' lang='lat' dir='ltr'><strong>carebit.</strong></span> <span class='ocrx_word' id='word_1_469' title='bbox 391 1599 480 1627; x_wconf 84' lang='lat' dir='ltr'><strong>neque</strong></span> <span class='ocrx_word' id='word_1_470' title='bbox 492 1591 577 1618; x_wconf 89' lang='lat' dir='ltr'><strong>robur</strong></span> <span class='ocrx_word' id='word_1_471' title='bbox 590 1591 644 1619; x_wconf 90' lang='lat' dir='ltr'><strong>erit</strong></span> <span class='ocrx_word' id='word_1_472' title='bbox 654 1591 803 1627; x_wconf 75' lang='lat' dir='ltr'><strong>inglorium</strong></span> <span class='ocrx_word' id='word_1_473' title='bbox 824 1599 831 1617; x_wconf 89' lang='lat'><strong>:</strong></span> <span class='ocrx_word' id='word_1_474' title='bbox 855 1590 909 1619; x_wconf 88' lang='lat' dir='ltr'><strong>hoc</strong></span> <span class='ocrx_word' id='word_1_475' title='bbox 921 1595 972 1624; x_wconf 86' lang='lat' dir='ltr'><strong>est,</strong></span> 
     </span>
    </p>
   </div>
   <div class='ocr_carea' id='block_1_64' title="bbox 1070 1587 1830 1629">
    <p class='ocr_par' dir='ltr' id='par_1_64' title="bbox 1070 1587 1830 1629">
     <span class='ocr_line' id='line_1_64' title="bbox 1070 1587 1830 1629; baseline 0.001 -11"><span class='ocrx_word' id='word_1_476' title='bbox 1070 1588 1123 1623; x_wconf 66' lang='grc' dir='ltr'>ῖόξα</span> <span class='ocrx_word' id='word_1_477' title='bbox 1145 1590 1226 1618; x_wconf 74' lang='grc' dir='ltr'>αὐτοῦ</span> <span class='ocrx_word' id='word_1_478' title='bbox 1246 1589 1387 1629; x_wconf 83' lang='grc' dir='ltr'>ἆνίσχυρος</span> <span class='ocrx_word' id='word_1_479' title='bbox 1397 1613 1404 1625; x_wconf 85' lang='grc'><strong>,</strong></span> <span class='ocrx_word' id='word_1_480' title='bbox 1421 1587 1480 1619; x_wconf 78' lang='grc' dir='ltr'>οὔτε</span> <span class='ocrx_word' id='word_1_481' title='bbox 1496 1590 1513 1623; x_wconf 81' lang='grc' dir='ltr'>ἡ</span> <span class='ocrx_word' id='word_1_482' title='bbox 1529 1587 1605 1628; x_wconf 66' lang='grc' dir='ltr'>ἰσχὺς</span> <span class='ocrx_word' id='word_1_483' title='bbox 1620 1587 1722 1622; x_wconf 78' lang='grc' dir='ltr'>ἄδοξος.</span> <span class='ocrx_word' id='word_1_484' title='bbox 1740 1589 1830 1619; x_wconf 72' lang='lat' dir='ltr'><strong>Tm-</strong></span> 
     </span>
    </p>
   </div>
   <div class='ocr_carea' id='block_1_65' title="bbox 177 1635 671 1672">
    <p class='ocr_par' dir='ltr' id='par_1_65' title="bbox 177 1635 671 1672">
     <span class='ocr_line' id='line_1_65' title="bbox 177 1635 671 1672; baseline -0.004 -8"><span class='ocrx_word' id='word_1_485' title='bbox 177 1641 311 1672; x_wconf 84' lang='lat' dir='ltr'><strong>tanquam</strong></span> <span class='ocrx_word' id='word_1_486' title='bbox 318 1643 364 1663; x_wconf 89' lang='lat' dir='ltr'><strong>rex</strong></span> <span class='ocrx_word' id='word_1_487' title='bbox 374 1639 472 1671; x_wconf 88' lang='lat' dir='ltr'><strong>potens</strong></span> <span class='ocrx_word' id='word_1_488' title='bbox 481 1635 671 1670; x_wconf 83' lang='lat' dir='ltr'><strong>conspicietur.</strong></span> 
     </span>
    </p>
   </div>
   <div class='ocr_carea' id='block_1_66' title="bbox 213 1680 974 1715">
    <p class='ocr_par' dir='ltr' id='par_1_66' title="bbox 213 1680 974 1715">
     <span class='ocr_line' id='line_1_66' title="bbox 213 1680 974 1715; baseline 0 -7"><span class='ocrx_word' id='word_1_489' title='bbox 213 1681 300 1708; x_wconf 68' lang='lat' dir='ltr'><strong>Vsus.</strong></span> <span class='ocrx_word' id='word_1_490' title='bbox 320 1683 362 1707; x_wconf 88' lang='lat' dir='ltr'><strong>to.</strong></span> <span class='ocrx_word' id='word_1_491' title='bbox 384 1680 451 1708; x_wconf 88' lang='lat' dir='ltr'><strong>Cum</strong></span> <span class='ocrx_word' id='word_1_492' title='bbox 464 1681 567 1707; x_wconf 81' lang='lat' dir='ltr'><strong>venerit</strong></span> <span class='ocrx_word' id='word_1_493' title='bbox 590 1680 741 1715; x_wconf 76' lang='lat' dir='ltr'><strong>gloriﬁcari</strong></span> <span class='ocrx_word' id='word_1_494' title='bbox 753 1681 782 1707; x_wconf 83' lang='lat' dir='ltr'><strong>in</strong></span> <span class='ocrx_word' id='word_1_495' title='bbox 795 1681 896 1708; x_wconf 77' lang='lat' dir='ltr'><strong>sanctis</strong></span> <span class='ocrx_word' id='word_1_496' title='bbox 907 1681 974 1708; x_wconf 80' lang='lat' dir='ltr'><strong>suis.</strong></span> 
     </span>
    </p>
   </div>
   <div class='ocr_carea' id='block_1_67' title="bbox 179 1724 972 1761">
    <p class='ocr_par' dir='ltr' id='par_1_67' title="bbox 179 1724 972 1761">
     <span class='ocr_line' id='line_1_67' title="bbox 179 1724 972 1761; baseline 0.001 -9"><span class='ocrx_word' id='word_1_497' title='bbox 179 1724 297 1761; x_wconf 81' lang='lat' dir='ltr'><strong>Quando</strong></span> <span class='ocrx_word' id='word_1_498' title='bbox 312 1724 388 1752; x_wconf 91' lang='lat' dir='ltr'><strong>enim</strong></span> <span class='ocrx_word' id='word_1_499' title='bbox 401 1724 449 1758; x_wconf 75' lang='lat' dir='ltr'><strong>illi,</strong></span> <span class='ocrx_word' id='word_1_500' title='bbox 460 1724 507 1761; x_wconf 90' lang='lat' dir='ltr'><strong>qui</strong></span> <span class='ocrx_word' id='word_1_501' title='bbox 520 1732 593 1753; x_wconf 90' lang='lat' dir='ltr'><strong>nunc</strong></span> <span class='ocrx_word' id='word_1_502' title='bbox 605 1728 672 1752; x_wconf 90' lang='lat' dir='ltr'><strong>sunt</strong></span> <span class='ocrx_word' id='word_1_503' title='bbox 687 1724 874 1753; x_wconf 87' lang='lat' dir='ltr'><strong>inobedientes</strong></span> <span class='ocrx_word' id='word_1_504' title='bbox 885 1729 913 1753; x_wconf 89' lang='lat' dir='ltr'><strong>et</strong></span> <span class='ocrx_word' id='word_1_505' title='bbox 924 1733 972 1753; x_wconf 90' lang='lat' dir='ltr'><strong>su-</strong></span> 
     </span>
    </p>
   </div>
   <div class='ocr_carea' id='block_1_68' title="bbox 177 1769 973 1806">
    <p class='ocr_par' dir='ltr' id='par_1_68' title="bbox 177 1769 973 1806">
     <span class='ocr_line' id='line_1_68' title="bbox 177 1769 973 1806; baseline 0 -8"><span class='ocrx_word' id='word_1_506' title='bbox 177 1769 265 1806; x_wconf 78' lang='lat' dir='ltr'><strong>perbi,</strong></span> <span class='ocrx_word' id='word_1_507' title='bbox 289 1769 484 1805; x_wconf 86' lang='lat' dir='ltr'><strong>conspexerint</strong></span> <span class='ocrx_word' id='word_1_508' title='bbox 515 1769 594 1802; x_wconf 86' lang='lat' dir='ltr'><strong>istos.</strong></span> <span class='ocrx_word' id='word_1_509' title='bbox 616 1777 687 1806; x_wconf 86' lang='lat' dir='ltr'><strong>quos</strong></span> <span class='ocrx_word' id='word_1_510' title='bbox 706 1769 756 1805; x_wconf 83' lang='lat' dir='ltr'><strong>ipsi</strong></span> <span class='ocrx_word' id='word_1_511' title='bbox 791 1769 973 1806; x_wconf 83' lang='lat' dir='ltr'><strong>ﬂagellabant,</strong></span> 
     </span>
    </p>
   </div>
   <div class='ocr_carea' id='block_1_69' title="bbox 176 1813 973 1850">
    <p class='ocr_par' dir='ltr' id='par_1_69' title="bbox 176 1813 973 1850">
     <span class='ocr_line' id='line_1_69' title="bbox 176 1813 973 1850; baseline 0 -8"><span class='ocrx_word' id='word_1_512' title='bbox 176 1814 290 1843; x_wconf 66' lang='lat' dir='ltr'><strong>inﬁnitae</strong></span> <span class='ocrx_word' id='word_1_513' title='bbox 311 1813 406 1850; x_wconf 63' lang='lat' dir='ltr'><strong>gloria</strong></span> <span class='ocrx_word' id='word_1_514' title='bbox 421 1814 566 1850; x_wconf 85' lang='lat' dir='ltr'><strong>participes</strong></span> <span class='ocrx_word' id='word_1_515' title='bbox 585 1813 684 1848; x_wconf 85' lang='lat' dir='ltr'><strong>factos,</strong></span> <span class='ocrx_word' id='word_1_516' title='bbox 705 1814 734 1842; x_wconf 92' lang='lat' dir='ltr'><strong>in</strong></span> <span class='ocrx_word' id='word_1_517' title='bbox 747 1814 863 1850; x_wconf 84' lang='lat' dir='ltr'><strong>gloriam</strong></span> <span class='ocrx_word' id='word_1_518' title='bbox 879 1814 930 1842; x_wconf 87' lang='lat' dir='ltr'><strong>Dei</strong></span> <span class='ocrx_word' id='word_1_519' title='bbox 944 1822 973 1842; x_wconf 83' lang='lat' dir='ltr'><strong>ea</strong></span> 
     </span>
    </p>
   </div>
   <div class='ocr_carea' id='block_1_70' title="bbox 177 1859 972 1895">
    <p class='ocr_par' dir='ltr' id='par_1_70' title="bbox 177 1859 972 1895">
     <span class='ocr_line' id='line_1_70' title="bbox 177 1859 972 1895; baseline 0 -8"><span class='ocrx_word' id='word_1_520' title='bbox 177 1867 220 1888; x_wconf 84' lang='lat' dir='ltr'><strong>res</strong></span> <span class='ocrx_word' id='word_1_521' title='bbox 233 1859 304 1887; x_wconf 82' lang='lat' dir='ltr'><strong>cedit</strong></span> <span class='ocrx_word' id='word_1_522' title='bbox 326 1868 334 1887; x_wconf 91' lang='lat'><strong>:</strong></span> <span class='ocrx_word' id='word_1_523' title='bbox 349 1859 458 1887; x_wconf 92' lang='lat' dir='ltr'><strong>illorum</strong></span> <span class='ocrx_word' id='word_1_524' title='bbox 474 1867 594 1895; x_wconf 89' lang='lat' dir='ltr'><strong>namque</strong></span> <span class='ocrx_word' id='word_1_525' title='bbox 605 1859 692 1894; x_wconf 85' lang='lat' dir='ltr'><strong>gloria</strong></span> <span class='ocrx_word' id='word_1_526' title='bbox 710 1859 797 1895; x_wconf 84' lang='lat' dir='ltr'><strong>ipsius</strong></span> <span class='ocrx_word' id='word_1_527' title='bbox 819 1860 902 1887; x_wconf 87' lang='lat' dir='ltr'><strong>etiam</strong></span> <span class='ocrx_word' id='word_1_528' title='bbox 921 1864 972 1887; x_wconf 82' lang='lat' dir='ltr'><strong>est.</strong></span> 
     </span>
    </p>
   </div>
   <div class='ocr_carea' id='block_1_71' title="bbox 177 1903 972 1940">
    <p class='ocr_par' dir='ltr' id='par_1_71' title="bbox 177 1903 972 1940">
     <span class='ocr_line' id='line_1_71' title="bbox 177 1903 972 1940; baseline 0 -8"><span class='ocrx_word' id='word_1_529' title='bbox 177 1905 271 1940; x_wconf 78' lang='lat' dir='ltr'><strong>Itaque</strong></span> <span class='ocrx_word' id='word_1_530' title='bbox 287 1904 315 1932; x_wconf 91' lang='lat' dir='ltr'><strong>in</strong></span> <span class='ocrx_word' id='word_1_531' title='bbox 334 1911 388 1940; x_wconf 88' lang='lat' dir='ltr'><strong>quo</strong></span> <span class='ocrx_word' id='word_1_532' title='bbox 411 1907 520 1932; x_wconf 84' lang='lat' dir='ltr'><strong>sanctos</strong></span> <span class='ocrx_word' id='word_1_533' title='bbox 544 1903 690 1940; x_wconf 80' lang='lat' dir='ltr'><strong>gloriﬁcat.</strong></span> <span class='ocrx_word' id='word_1_534' title='bbox 712 1904 738 1932; x_wconf 89' lang='lat' dir='ltr'><strong>in</strong></span> <span class='ocrx_word' id='word_1_535' title='bbox 759 1911 792 1932; x_wconf 89' lang='lat' dir='ltr'><strong>eo</strong></span> <span class='ocrx_word' id='word_1_536' title='bbox 816 1904 873 1940; x_wconf 85' lang='lat' dir='ltr'><strong>ipse</strong></span> <span class='ocrx_word' id='word_1_537' title='bbox 887 1904 972 1932; x_wconf 86' lang='lat' dir='ltr'><strong>etiam</strong></span> 
     </span>
    </p>
   </div>
   <div class='ocr_carea' id='block_1_72' title="bbox 176 1949 972 1986">
    <p class='ocr_par' dir='ltr' id='par_1_72' title="bbox 176 1949 972 1986">
     <span class='ocr_line' id='line_1_72' title="bbox 176 1949 972 1986; baseline -0.001 -9"><span class='ocrx_word' id='word_1_538' title='bbox 176 1949 356 1986; x_wconf 82' lang='lat' dir='ltr'><strong>gloriﬁcatur.</strong></span> <span class='ocrx_word' id='word_1_539' title='bbox 380 1949 421 1976; x_wconf 88' lang='lat' dir='ltr'><strong>Ut</strong></span> <span class='ocrx_word' id='word_1_540' title='bbox 441 1949 517 1977; x_wconf 90' lang='lat' dir='ltr'><strong>enim</strong></span> <span class='ocrx_word' id='word_1_541' title='bbox 541 1949 643 1977; x_wconf 60' lang='lat' dir='ltr'><strong>divitia</strong></span> <span class='ocrx_word' id='word_1_542' title='bbox 662 1949 722 1985; x_wconf 86' lang='lat' dir='ltr'><strong>ejus</strong></span> <span class='ocrx_word' id='word_1_543' title='bbox 736 1954 812 1983; x_wconf 85' lang='lat' dir='ltr'><strong>sunt,</strong></span> <span class='ocrx_word' id='word_1_544' title='bbox 833 1957 891 1977; x_wconf 86' lang='lat' dir='ltr'><strong>esse</strong></span> <span class='ocrx_word' id='word_1_545' title='bbox 905 1949 972 1977; x_wconf 86' lang='lat' dir='ltr'><strong>ﬁde-</strong></span> 
     </span>
    </p>
   </div>
   <div class='ocr_carea' id='block_1_73' title="bbox 176 1993 974 2030">
    <p class='ocr_par' dir='ltr' id='par_1_73' title="bbox 176 1993 974 2030">
     <span class='ocr_line' id='line_1_73' title="bbox 176 1993 974 2030; baseline -0.001 -8"><span class='ocrx_word' id='word_1_546' title='bbox 176 1994 215 2022; x_wconf 87' lang='lat' dir='ltr'><strong>les</strong></span> <span class='ocrx_word' id='word_1_547' title='bbox 230 2003 237 2021; x_wconf 92' lang='lat'><strong><em>:</em></strong></span> <span class='ocrx_word' id='word_1_548' title='bbox 254 1994 295 2022; x_wconf 90' lang='lat' dir='ltr'><strong>sic</strong></span> <span class='ocrx_word' id='word_1_549' title='bbox 309 1998 337 2022; x_wconf 90' lang='lat' dir='ltr'><strong>et</strong></span> <span class='ocrx_word' id='word_1_550' title='bbox 353 1993 440 2030; x_wconf 89' lang='lat' dir='ltr'><strong>gloria</strong></span> <span class='ocrx_word' id='word_1_551' title='bbox 453 1994 513 2030; x_wconf 89' lang='lat' dir='ltr'><strong>ejus</strong></span> <span class='ocrx_word' id='word_1_552' title='bbox 526 1997 578 2028; x_wconf 87' lang='lat' dir='ltr'><strong>est,</strong></span> <span class='ocrx_word' id='word_1_553' title='bbox 599 2001 658 2022; x_wconf 79' lang='lat' dir='ltr'><strong>esse</strong></span> <span class='ocrx_word' id='word_1_554' title='bbox 676 1993 724 2030; x_wconf 92' lang='lat' dir='ltr'><strong>qui</strong></span> <span class='ocrx_word' id='word_1_555' title='bbox 745 1993 871 2022; x_wconf 86' lang='lat' dir='ltr'><strong>fruantur</strong></span> <span class='ocrx_word' id='word_1_556' title='bbox 893 1993 974 2022; x_wconf 91' lang='lat' dir='ltr'><strong>bonis</strong></span> 
     </span>
    </p>
   </div>
   <div class='ocr_carea' id='block_1_74' title="bbox 175 2039 270 2074">
    <p class='ocr_par' dir='ltr' id='par_1_74' title="bbox 175 2039 270 2074">
     <span class='ocr_line' id='line_1_74' title="bbox 175 2039 270 2074; baseline -0.011 -7"><span class='ocrx_word' id='word_1_557' title='bbox 175 2039 270 2074; x_wconf 87' lang='lat' dir='ltr'><strong>ipsius.</strong></span> 
     </span>
    </p>
   </div>
   <div class='ocr_carea' id='block_1_75' title="bbox 212 2083 970 2118">
    <p class='ocr_par' dir='ltr' id='par_1_75' title="bbox 212 2083 970 2118">
     <span class='ocr_line' id='line_1_75' title="bbox 212 2083 970 2118; baseline -0.001 -6"><span class='ocrx_word' id='word_1_558' title='bbox 212 2085 248 2112; x_wconf 83' lang='lat' dir='ltr'><strong>Et</strong></span> <span class='ocrx_word' id='word_1_559' title='bbox 259 2083 434 2110; x_wconf 76' lang='lat' dir='ltr'><strong>admirabilis</strong></span> <span class='ocrx_word' id='word_1_560' title='bbox 452 2084 513 2118; x_wconf 80' lang='lat' dir='ltr'><strong>ﬁeri</strong></span> <span class='ocrx_word' id='word_1_561' title='bbox 534 2084 563 2110; x_wconf 80' lang='lat' dir='ltr'><strong>in</strong></span> <span class='ocrx_word' id='word_1_562' title='bbox 585 2083 708 2110; x_wconf 79' lang='lat' dir='ltr'><strong>omnibus</strong></span> <span class='ocrx_word' id='word_1_563' title='bbox 723 2083 772 2118; x_wconf 85' lang='lat' dir='ltr'><strong>qui</strong></span> <span class='ocrx_word' id='word_1_564' title='bbox 783 2083 970 2112; x_wconf 76' lang='lat' dir='ltr'><strong>crediderunt.</strong></span> 
     </span>
    </p>
   </div>
   <div class='ocr_carea' id='block_1_76' title="bbox 173 2127 971 2164">
    <p class='ocr_par' dir='ltr' id='par_1_76' title="bbox 173 2127 971 2164">
     <span class='ocr_line' id='line_1_76' title="bbox 173 2127 971 2164; baseline 0 -8"><span class='ocrx_word' id='word_1_565' title='bbox 173 2128 204 2156; x_wconf 81' lang='lat' dir='ltr'><strong>id</strong></span> <span class='ocrx_word' id='word_1_566' title='bbox 217 2132 268 2162; x_wconf 81' lang='lat' dir='ltr'><strong>est,</strong></span> <span class='ocrx_word' id='word_1_567' title='bbox 282 2136 330 2164; x_wconf 90' lang='lat' dir='ltr'><strong>per</strong></span> <span class='ocrx_word' id='word_1_568' title='bbox 339 2127 489 2156; x_wconf 82' lang='lat' dir='ltr'><strong>credentes.</strong></span> <span class='ocrx_word' id='word_1_569' title='bbox 506 2129 575 2155; x_wconf 87' lang='lat' dir='ltr'><strong>Ecce</strong></span> <span class='ocrx_word' id='word_1_570' title='bbox 585 2128 670 2161; x_wconf 89' lang='lat' dir='ltr'><strong>enim,</strong></span> <span class='ocrx_word' id='word_1_571' title='bbox 681 2129 722 2159; x_wconf 85' lang='lat' dir='ltr'><strong>In,</strong></span> <span class='ocrx_word' id='word_1_572' title='bbox 738 2132 780 2156; x_wconf 80' lang='lat' dir='ltr'><strong>est</strong></span> <span class='ocrx_word' id='word_1_573' title='bbox 794 2136 842 2164; x_wconf 91' lang='lat' dir='ltr'><strong>pro</strong></span> <span class='ocrx_word' id='word_1_574' title='bbox 857 2139 870 2152; x_wconf 82' lang='grc' dir='ltr'><strong>ι</strong></span> <span class='ocrx_word' id='word_1_575' title='bbox 885 2136 933 2164; x_wconf 74' lang='lat' dir='ltr'><strong>per</strong></span> <span class='ocrx_word' id='word_1_576' title='bbox 946 2141 971 2156; x_wconf 89' lang='lat'><strong>-.</strong></span> 
     </span>
    </p>
   </div>
   <div class='ocr_carea' id='block_1_77' title="bbox 176 2172 975 2209">
    <p class='ocr_par' dir='ltr' id='par_1_77' title="bbox 176 2172 975 2209">
     <span class='ocr_line' id='line_1_77' title="bbox 176 2172 975 2209; baseline 0 -8"><span class='ocrx_word' id='word_1_577' title='bbox 176 2173 295 2209; x_wconf 87' lang='lat' dir='ltr'><strong>Quando</strong></span> <span class='ocrx_word' id='word_1_578' title='bbox 307 2173 381 2201; x_wconf 86' lang='lat' dir='ltr'><strong>enim</strong></span> <span class='ocrx_word' id='word_1_579' title='bbox 403 2172 527 2207; x_wconf 86' lang='lat' dir='ltr'><strong>miseros,</strong></span> <span class='ocrx_word' id='word_1_580' title='bbox 549 2172 584 2200; x_wconf 87' lang='lat' dir='ltr'><strong>ab</strong></span> <span class='ocrx_word' id='word_1_581' title='bbox 598 2172 728 2200; x_wconf 87' lang='lat' dir='ltr'><strong>omnibus</strong></span> <span class='ocrx_word' id='word_1_582' title='bbox 745 2173 868 2209; x_wconf 84' lang='lat' dir='ltr'><strong>repulsos</strong></span> <span class='ocrx_word' id='word_1_583' title='bbox 882 2180 914 2200; x_wconf 86' lang='lat' dir='ltr'><strong>ac</strong></span> <span class='ocrx_word' id='word_1_584' title='bbox 932 2181 975 2201; x_wconf 93' lang='lat' dir='ltr'><strong>re-</strong></span> 
     </span>
    </p>
   </div>
   <div class='ocr_carea' id='block_1_78' title="bbox 1029 1632 1606 1674">
    <p class='ocr_par' dir='ltr' id='par_1_78' title="bbox 1029 1632 1606 1674">
     <span class='ocr_line' id='line_1_78' title="bbox 1029 1632 1606 1674; baseline 0.002 -12"><span class='ocrx_word' id='word_1_585' title='bbox 1029 1632 1101 1662; x_wconf 76' lang='grc' dir='ltr'>ἐστιν</span> <span class='ocrx_word' id='word_1_586' title='bbox 1111 1656 1119 1672; x_wconf 88' lang='grc'><strong>,</strong></span> <span class='ocrx_word' id='word_1_587' title='bbox 1140 1635 1175 1666; x_wconf 82' lang='grc' dir='ltr'>ὡς</span> <span class='ocrx_word' id='word_1_588' title='bbox 1190 1633 1313 1673; x_wconf 80' lang='grc' dir='ltr'>βασιλεὺς</span> <span class='ocrx_word' id='word_1_589' title='bbox 1328 1633 1436 1666; x_wconf 78' lang='grc' dir='ltr'>δυνατὸς</span> <span class='ocrx_word' id='word_1_590' title='bbox 1450 1632 1606 1674; x_wconf 72' lang='grc' dir='ltr'>ὀφθήσεται.</span> 
     </span>
    </p>
   </div>
   <div class='ocr_carea' id='block_1_79' title="bbox 1074 1677 1829 1718">
    <p class='ocr_par' dir='ltr' id='par_1_79' title="bbox 1074 1677 1829 1718">
     <span class='ocr_line' id='line_1_79' title="bbox 1074 1677 1829 1718; baseline 0 -11"><span class='ocrx_word' id='word_1_591' title='bbox 1074 1689 1089 1707; x_wconf 80' lang='grc' dir='ltr'><strong>α</strong></span> <span class='ocrx_word' id='word_1_592' title='bbox 1103 1677 1191 1708; x_wconf 85' lang='grc' dir='ltr'>Ὅταν</span> <span class='ocrx_word' id='word_1_593' title='bbox 1207 1678 1270 1718; x_wconf 72' lang='grc' dir='ltr'>ἔλθῃ</span> <span class='ocrx_word' id='word_1_594' title='bbox 1282 1677 1468 1714; x_wconf 79' lang='grc' dir='ltr'>ἐνδοξασθῆναι</span> <span class='ocrx_word' id='word_1_595' title='bbox 1484 1678 1511 1707; x_wconf 78' lang='grc' dir='ltr'><strong>ἐν</strong></span> <span class='ocrx_word' id='word_1_596' title='bbox 1526 1681 1580 1711; x_wconf 89' lang='grc' dir='ltr'>τοῖς</span> <span class='ocrx_word' id='word_1_597' title='bbox 1597 1677 1680 1716; x_wconf 76' lang='grc' dir='ltr'>ἁγίοις</span> <span class='ocrx_word' id='word_1_598' title='bbox 1698 1679 1782 1708; x_wconf 72' lang='grc' dir='ltr'>αὑτοῦ</span> <span class='ocrx_word' id='word_1_599' title='bbox 1804 1692 1829 1707; x_wconf 74' lang='grc' dir='ltr'><strong>ι.</strong></span> 
     </span>
    </p>
   </div>
   <div class='ocr_carea' id='block_1_80' title="bbox 1027 1721 1827 1762">
    <p class='ocr_par' dir='ltr' id='par_1_80' title="bbox 1027 1721 1827 1762">
     <span class='ocr_line' id='line_1_80' title="bbox 1027 1721 1827 1762; baseline 0 -9"><span class='ocrx_word' id='word_1_600' title='bbox 1027 1721 1116 1753; x_wconf 87' lang='grc' dir='ltr'>Ὅταν</span> <span class='ocrx_word' id='word_1_601' title='bbox 1131 1722 1182 1762; x_wconf 85' lang='grc' dir='ltr'><strong>γὰρ</strong></span> <span class='ocrx_word' id='word_1_602' title='bbox 1192 1722 1284 1752; x_wconf 70' lang='grc' dir='ltr'>ἴδωσιν</span> <span class='ocrx_word' id='word_1_603' title='bbox 1293 1746 1301 1760; x_wconf 83' lang='grc'><strong>,</strong></span> <span class='ocrx_word' id='word_1_604' title='bbox 1315 1724 1339 1753; x_wconf 73' lang='grc' dir='ltr'>οἱ</span> <span class='ocrx_word' id='word_1_605' title='bbox 1353 1725 1400 1752; x_wconf 84' lang='grc' dir='ltr'>ν’ὗν</span> <span class='ocrx_word' id='word_1_606' title='bbox 1417 1723 1532 1756; x_wconf 73' lang='grc' dir='ltr'>ἀπειθεῖς</span> <span class='ocrx_word' id='word_1_607' title='bbox 1544 1721 1590 1752; x_wconf 78' lang='grc' dir='ltr'>καὶ</span> <span class='ocrx_word' id='word_1_608' title='bbox 1606 1734 1620 1751; x_wconf 88' lang='grc' dir='ltr'><strong>τ</strong></span> <span class='ocrx_word' id='word_1_609' title='bbox 1625 1723 1810 1762; x_wconf 80' lang='grc' dir='ltr'>ραχηλιῶντες</span> <span class='ocrx_word' id='word_1_610' title='bbox 1819 1746 1827 1761; x_wconf 89' lang='grc'><strong>,</strong></span> 
     </span>
    </p>
   </div>
   <div class='ocr_carea' id='block_1_81' title="bbox 1028 1766 1829 1807">
    <p class='ocr_par' dir='ltr' id='par_1_81' title="bbox 1028 1766 1829 1807">
     <span class='ocr_line' id='line_1_81' title="bbox 1028 1766 1829 1807; baseline 0.001 -11"><span class='ocrx_word' id='word_1_611' title='bbox 1028 1766 1088 1801; x_wconf 74' lang='grc' dir='ltr'>τοὺς</span> <span class='ocrx_word' id='word_1_612' title='bbox 1118 1767 1326 1805; x_wconf 82' lang='grc' dir='ltr'>μαστιζομένους</span> <span class='ocrx_word' id='word_1_613' title='bbox 1368 1767 1412 1796; x_wconf 81' lang='grc' dir='ltr'><strong>ὑπ’</strong></span> <span class='ocrx_word' id='word_1_614' title='bbox 1436 1768 1542 1803; x_wconf 75' lang='grc' dir='ltr'>αὐτῶν,</span> <span class='ocrx_word' id='word_1_615' title='bbox 1582 1766 1690 1800; x_wconf 81' lang='grc' dir='ltr'>τούτους</span> <span class='ocrx_word' id='word_1_616' title='bbox 1716 1768 1829 1807; x_wconf 76' lang='grc' dir='ltr'>ἀπείρου</span> 
     </span>
    </p>
   </div>
   <div class='ocr_carea' id='block_1_82' title="bbox 1029 1811 1828 1852">
    <p class='ocr_par' dir='ltr' id='par_1_82' title="bbox 1029 1811 1828 1852">
     <span class='ocr_line' id='line_1_82' title="bbox 1029 1811 1828 1852; baseline 0.015 -12"><span class='ocrx_word' id='word_1_617' title='bbox 1029 1811 1106 1847; x_wconf 82' lang='grc' dir='ltr'>δόξης</span> <span class='ocrx_word' id='word_1_618' title='bbox 1121 1812 1322 1852; x_wconf 78' lang='grc' dir='ltr'>μετασχόντας,</span> <span class='ocrx_word' id='word_1_619' title='bbox 1349 1811 1410 1846; x_wconf 85' lang='grc' dir='ltr'>δόξα</span> <span class='ocrx_word' id='word_1_620' title='bbox 1432 1814 1477 1841; x_wconf 73' lang='grc' dir='ltr'><strong>τοῦ</strong></span> <span class='ocrx_word' id='word_1_621' title='bbox 1500 1812 1571 1842; x_wconf 74' lang='grc' dir='ltr'>Θεοῦ</span> <span class='ocrx_word' id='word_1_622' title='bbox 1592 1813 1695 1849; x_wconf 76' lang='grc' dir='ltr'>γίνεται</span> <span class='ocrx_word' id='word_1_623' title='bbox 1711 1813 1742 1842; x_wconf 71' lang='grc' dir='ltr'><strong>τὸ</strong></span> <span class='ocrx_word' id='word_1_624' title='bbox 1760 1818 1828 1851; x_wconf 60' lang='grc' dir='ltr'><strong>’τρί’</strong></span> 
     </span>
    </p>
   </div>
   <div class='ocr_carea' id='block_1_83' title="bbox 1027 1854 1845 1898">
    <p class='ocr_par' dir='ltr' id='par_1_83' title="bbox 1027 1854 1845 1898">
     <span class='ocr_line' id='line_1_83' title="bbox 1027 1854 1845 1898; baseline -0.001 -12"><span class='ocrx_word' id='word_1_625' title='bbox 1027 1868 1095 1895; x_wconf 84' lang='grc' dir='ltr'>γμα.</span> <span class='ocrx_word' id='word_1_626' title='bbox 1137 1856 1173 1886; x_wconf 85' lang='grc' dir='ltr'><strong>ἹΙ</strong></span> <span class='ocrx_word' id='word_1_627' title='bbox 1190 1858 1242 1897; x_wconf 76' lang='grc' dir='ltr'><strong>γὰρ</strong></span> <span class='ocrx_word' id='word_1_628' title='bbox 1259 1858 1346 1886; x_wconf 82' lang='grc' dir='ltr'>αὐτῶν</span> <span class='ocrx_word' id='word_1_629' title='bbox 1363 1855 1424 1890; x_wconf 83' lang='grc' dir='ltr'>δόξα</span> <span class='ocrx_word' id='word_1_630' title='bbox 1436 1880 1443 1892; x_wconf 83' lang='grc'><strong>,</strong></span> <span class='ocrx_word' id='word_1_631' title='bbox 1459 1857 1539 1885; x_wconf 76' lang='grc' dir='ltr'>αὐτοῦ</span> <span class='ocrx_word' id='word_1_632' title='bbox 1564 1857 1646 1886; x_wconf 74' lang='grc' dir='ltr'>ἔστιν.</span> <span class='ocrx_word' id='word_1_633' title='bbox 1660 1854 1748 1885; x_wconf 70' lang='grc' dir='ltr'>’Ὥστε</span> <span class='ocrx_word' id='word_1_634' title='bbox 1766 1858 1794 1886; x_wconf 80' lang='grc' dir='ltr'>ἐν</span> 
     </span>
    </p>
   </div>
   <div class='ocr_carea' id='block_1_84' title="bbox 1028 1898 1829 1942">
    <p class='ocr_par' dir='ltr' id='par_1_84' title="bbox 1028 1898 1829 1942">
     <span class='ocr_line' id='line_1_84' title="bbox 1028 1898 1829 1942; baseline 0 -12"><span class='ocrx_word' id='word_1_635' title='bbox 1028 1900 1086 1934; x_wconf 74' lang='grc' dir='ltr'>τοὺς</span> <span class='ocrx_word' id='word_1_636' title='bbox 1111 1901 1199 1940; x_wconf 85' lang='grc' dir='ltr'>ἁγίους</span> <span class='ocrx_word' id='word_1_637' title='bbox 1226 1901 1342 1937; x_wconf 84' lang='grc' dir='ltr'>δοξάζει,</span> <span class='ocrx_word' id='word_1_638' title='bbox 1365 1902 1442 1942; x_wconf 69' lang='grc' dir='ltr'>αύτὸς</span> <span class='ocrx_word' id='word_1_639' title='bbox 1469 1900 1615 1934; x_wconf 82' lang='grc' dir='ltr'>δοξάζεται.</span> <span class='ocrx_word' id='word_1_640' title='bbox 1642 1898 1755 1940; x_wconf 80' lang='grc' dir='ltr'>Ὥσπερ</span> <span class='ocrx_word' id='word_1_641' title='bbox 1778 1902 1829 1942; x_wconf 68' lang='grc' dir='ltr'><strong>γὰρ</strong></span> 
     </span>
    </p>
   </div>
   <div class='ocr_carea' id='block_1_85' title="bbox 1027 1940 1828 1980">
    <p class='ocr_par' dir='ltr' id='par_1_85' title="bbox 1027 1940 1828 1980">
     <span class='ocr_line' id='line_1_85' title="bbox 1027 1940 1828 1980; baseline 0.002 -6"><span class='ocrx_word' id='word_1_642' title='bbox 1027 1946 1138 1979; x_wconf 75' lang='grc' dir='ltr'>πλοῦτος</span> <span class='ocrx_word' id='word_1_643' title='bbox 1153 1947 1235 1975; x_wconf 73' lang='grc' dir='ltr'>αὐτοῦ</span> <span class='ocrx_word' id='word_1_644' title='bbox 1251 1947 1308 1975; x_wconf 79' lang='grc' dir='ltr'>ἐστι</span> <span class='ocrx_word' id='word_1_645' title='bbox 1328 1946 1358 1975; x_wconf 81' lang='grc' dir='ltr'><strong>τὸ</strong></span> <span class='ocrx_word' id='word_1_646' title='bbox 1379 1940 1446 1975; x_wconf 76' lang='grc' dir='ltr'>εἶναι</span> <span class='ocrx_word' id='word_1_647' title='bbox 1461 1945 1586 1979; x_wconf 82' lang='grc' dir='ltr'>πιστούς·</span> <span class='ocrx_word' id='word_1_648' title='bbox 1611 1945 1681 1975; x_wconf 77' lang='grc' dir='ltr'>οὕτω</span> <span class='ocrx_word' id='word_1_649' title='bbox 1702 1946 1748 1975; x_wconf 81' lang='grc' dir='ltr'><strong>καὶ</strong></span> <span class='ocrx_word' id='word_1_650' title='bbox 1767 1940 1828 1980; x_wconf 71' lang='grc' dir='ltr'>δόξα</span> 
     </span>
    </p>
   </div>
   <div class='ocr_carea' id='block_1_86' title="bbox 1028 1985 1829 2030">
    <p class='ocr_par' dir='ltr' id='par_1_86' title="bbox 1028 1985 1829 2030">
     <span class='ocr_line' id='line_1_86' title="bbox 1028 1985 1829 2030; baseline 0.002 -12"><span class='ocrx_word' id='word_1_651' title='bbox 1028 1990 1160 2026; x_wconf 79' lang='grc' dir='ltr'>αὖτοῧ,τὸ</span> <span class='ocrx_word' id='word_1_652' title='bbox 1182 1985 1251 2020; x_wconf 77' lang='grc' dir='ltr'>εἶναι</span> <span class='ocrx_word' id='word_1_653' title='bbox 1272 1990 1332 2024; x_wconf 83' lang='grc' dir='ltr'>τοὺς</span> <span class='ocrx_word' id='word_1_654' title='bbox 1353 1991 1497 2030; x_wconf 78' lang='grc' dir='ltr'>μέλλοντας</span> <span class='ocrx_word' id='word_1_655' title='bbox 1524 1989 1669 2019; x_wconf 78' lang='grc' dir='ltr'>ἀπολαύειν</span> <span class='ocrx_word' id='word_1_656' title='bbox 1685 1992 1740 2019; x_wconf 80' lang='grc' dir='ltr'><strong>τῶν</strong></span> <span class='ocrx_word' id='word_1_657' title='bbox 1761 1991 1829 2030; x_wconf 77' lang='grc' dir='ltr'>ἀγα-</span> 
     </span>
    </p>
   </div>
   <div class='ocr_carea' id='block_1_87' title="bbox 1028 2035 1185 2064">
    <p class='ocr_par' dir='ltr' id='par_1_87' title="bbox 1028 2035 1185 2064">
     <span class='ocr_line' id='line_1_87' title="bbox 1028 2035 1185 2064; baseline 0.006 -1"><span class='ocrx_word' id='word_1_658' title='bbox 1028 2036 1079 2063; x_wconf 75' lang='grc' dir='ltr'><strong>θῶν</strong></span> <span class='ocrx_word' id='word_1_659' title='bbox 1094 2035 1185 2064; x_wconf 80' lang='grc' dir='ltr'>αὐτοῦ.</span> 
     </span>
    </p>
   </div>
   <div class='ocr_carea' id='block_1_88' title="bbox 1070 2079 1822 2118">
    <p class='ocr_par' dir='ltr' id='par_1_88' title="bbox 1070 2079 1822 2118">
     <span class='ocr_line' id='line_1_88' title="bbox 1070 2079 1822 2118; baseline 0.003 -10"><span class='ocrx_word' id='word_1_660' title='bbox 1070 2091 1085 2107; x_wconf 75' lang='grc' dir='ltr'><strong>ιι</strong></span> <span class='ocrx_word' id='word_1_661' title='bbox 1105 2080 1157 2109; x_wconf 81' lang='grc' dir='ltr'>Καὶ</span> <span class='ocrx_word' id='word_1_662' title='bbox 1177 2082 1363 2118; x_wconf 83' lang='grc' dir='ltr'>θαυμασθῆναι</span> <span class='ocrx_word' id='word_1_663' title='bbox 1392 2081 1418 2110; x_wconf 71' lang='grc' dir='ltr'>ἐν</span> <span class='ocrx_word' id='word_1_664' title='bbox 1440 2084 1508 2109; x_wconf 72' lang='grc' dir='ltr'>πᾶσι</span> <span class='ocrx_word' id='word_1_665' title='bbox 1533 2083 1587 2113; x_wconf 84' lang='grc' dir='ltr'>τοῖς</span> <span class='ocrx_word' id='word_1_666' title='bbox 1611 2079 1785 2110; x_wconf 84' lang='grc' dir='ltr'>πιστεύσασι.</span> <span class='ocrx_word' id='word_1_667' title='bbox 1810 2093 1822 2110; x_wconf 84' lang='lat' dir='ltr'>J</span> 
     </span>
    </p>
   </div>
   <div class='ocr_carea' id='block_1_89' title="bbox 1026 2124 1827 2164">
    <p class='ocr_par' dir='ltr' id='par_1_89' title="bbox 1026 2124 1827 2164">
     <span class='ocr_line' id='line_1_89' title="bbox 1026 2124 1827 2164; baseline -0.002 -10"><span class='ocrx_word' id='word_1_668' title='bbox 1026 2124 1169 2161; x_wconf 78' lang='grc' dir='ltr'>Τουτέστι,</span> <span class='ocrx_word' id='word_1_669' title='bbox 1178 2124 1223 2153; x_wconf 84' lang='grc' dir='ltr'><strong>διὰ</strong></span> <span class='ocrx_word' id='word_1_670' title='bbox 1233 2126 1286 2154; x_wconf 75' lang='grc' dir='ltr'><strong>τῶν</strong></span> <span class='ocrx_word' id='word_1_671' title='bbox 1296 2124 1508 2155; x_wconf 78' lang='grc' dir='ltr'>πιστευσάντων.</span> <span class='ocrx_word' id='word_1_672' title='bbox 1519 2124 1588 2155; x_wconf 77' lang='grc' dir='ltr'>Ἰδοὺ</span> <span class='ocrx_word' id='word_1_673' title='bbox 1600 2124 1651 2164; x_wconf 81' lang='grc' dir='ltr'><strong>γὰρ</strong></span> <span class='ocrx_word' id='word_1_674' title='bbox 1661 2125 1704 2163; x_wconf 77' lang='grc' dir='ltr'><strong>τὸ,</strong></span> <span class='ocrx_word' id='word_1_675' title='bbox 1717 2139 1730 2152; x_wconf 77' lang='grc' dir='ltr'>ι</span> <span class='ocrx_word' id='word_1_676' title='bbox 1742 2125 1805 2164; x_wconf 71' lang='grc' dir='ltr'>Ἐν,</span> <span class='ocrx_word' id='word_1_677' title='bbox 1816 2141 1827 2152; x_wconf 79' lang='grc'><strong>1</strong></span> 
     </span>
    </p>
   </div>
   <div class='ocr_carea' id='block_1_90' title="bbox 1030 2168 1826 2209">
    <p class='ocr_par' dir='ltr' id='par_1_90' title="bbox 1030 2168 1826 2209">
     <span class='ocr_line' id='line_1_90' title="bbox 1030 2168 1826 2209; baseline 0.003 -12"><span class='ocrx_word' id='word_1_678' title='bbox 1030 2169 1088 2198; x_wconf 74' lang='grc' dir='ltr'>ἀντὶ</span> <span class='ocrx_word' id='word_1_679' title='bbox 1107 2171 1165 2206; x_wconf 67' lang='grc' dir='ltr'>τῆς,</span> <span class='ocrx_word' id='word_1_680' title='bbox 1182 2168 1235 2206; x_wconf 80' lang='grc' dir='ltr'>διὰ,</span> <span class='ocrx_word' id='word_1_681' title='bbox 1251 2169 1331 2200; x_wconf 85' lang='grc' dir='ltr'>ἔστιν.</span> <span class='ocrx_word' id='word_1_682' title='bbox 1347 2168 1437 2200; x_wconf 79' lang='grc' dir='ltr'>⁴⁷Οταν</span> <span class='ocrx_word' id='word_1_683' title='bbox 1460 2169 1513 2209; x_wconf 77' lang='grc' dir='ltr'><strong>γὰρ</strong></span> <span class='ocrx_word' id='word_1_684' title='bbox 1535 2168 1595 2202; x_wconf 77' lang='grc' dir='ltr'>τοὺς</span> <span class='ocrx_word' id='word_1_685' title='bbox 1618 2169 1753 2209; x_wconf 77' lang='grc' dir='ltr'>οἰκτροὺς,</span> <span class='ocrx_word' id='word_1_686' title='bbox 1769 2171 1826 2202; x_wconf 68' lang='grc' dir='ltr'>τοὺς</span> 
     </span>
    </p>
   </div>
   <div class='ocr_carea' id='block_1_91' title="bbox 171 2213 972 2255">
    <p class='ocr_par' dir='ltr' id='par_1_91' title="bbox 171 2216 972 2255">
     <span class='ocr_line' id='line_1_91' title="bbox 171 2216 972 2255; baseline -0.002 -8"><span class='ocrx_word' id='word_1_687' title='bbox 171 2219 272 2255; x_wconf 81' lang='lat' dir='ltr'><strong>jectos.</strong></span> <span class='ocrx_word' id='word_1_688' title='bbox 285 2222 361 2246; x_wconf 86' lang='lat' dir='ltr'><strong>tanto</strong></span> <span class='ocrx_word' id='word_1_689' title='bbox 374 2217 520 2254; x_wconf 85' lang='lat' dir='ltr'><strong>splendore</strong></span> <span class='ocrx_word' id='word_1_690' title='bbox 540 2217 668 2253; x_wconf 81' lang='lat' dir='ltr'><strong>dignatus</strong></span> <span class='ocrx_word' id='word_1_691' title='bbox 693 2216 783 2252; x_wconf 83' lang='lat' dir='ltr'><strong>fuerit,</strong></span> <span class='ocrx_word' id='word_1_692' title='bbox 799 2222 857 2246; x_wconf 86' lang='lat' dir='ltr'><strong>tum</strong></span> <span class='ocrx_word' id='word_1_693' title='bbox 872 2218 972 2246; x_wconf 82' lang='lat' dir='ltr'><strong>indica-</strong></span> 
     </span>
    </p>
   </div>
   <div class='ocr_carea' id='block_1_92' title="bbox 1070 2213 1825 2255">
    <p class='ocr_par' dir='ltr' id='par_1_92' title="bbox 1070 2213 1825 2254">
     <span class='ocr_line' id='line_1_92' title="bbox 1070 2213 1825 2254; baseline -0.001 -11"><span class='ocrx_word' id='word_1_694' title='bbox 1070 2213 1099 2253; x_wconf 72' lang='grc' dir='ltr'><strong>ρὰ</strong></span> <span class='ocrx_word' id='word_1_695' title='bbox 1120 2214 1227 2244; x_wconf 82' lang='grc' dir='ltr'>πάντων</span> <span class='ocrx_word' id='word_1_696' title='bbox 1252 2214 1456 2253; x_wconf 78' lang='grc' dir='ltr'>ἐλαυνομένους,</span> <span class='ocrx_word' id='word_1_697' title='bbox 1480 2213 1611 2249; x_wconf 81' lang='grc' dir='ltr'>τοσαύτης</span> <span class='ocrx_word' id='word_1_698' title='bbox 1634 2214 1825 2254; x_wconf 76' lang='grc' dir='ltr'>λαμπρότητος</span> 
     </span>
    </p>
   </div>
   <div class='ocr_carea' id='block_1_93' title="bbox 174 2262 974 2299">
    <p class='ocr_par' dir='ltr' id='par_1_93' title="bbox 174 2262 974 2299">
     <span class='ocr_line' id='line_1_93' title="bbox 174 2262 974 2299; baseline -0.001 -7"><span class='ocrx_word' id='word_1_699' title='bbox 174 2267 220 2292; x_wconf 88' lang='lat' dir='ltr'><strong>tur</strong></span> <span class='ocrx_word' id='word_1_700' title='bbox 247 2263 330 2299; x_wconf 85' lang='lat' dir='ltr'><strong>ipsius</strong></span> <span class='ocrx_word' id='word_1_701' title='bbox 353 2263 447 2291; x_wconf 93' lang='lat' dir='ltr'><strong>robur.</strong></span> <span class='ocrx_word' id='word_1_702' title='bbox 478 2263 626 2297; x_wconf 65' lang='lat' dir='ltr'><strong>Praeterea,</strong></span> <span class='ocrx_word' id='word_1_703' title='bbox 659 2262 768 2298; x_wconf 85' lang='lat' dir='ltr'><strong>quando</strong></span> <span class='ocrx_word' id='word_1_704' title='bbox 796 2262 824 2290; x_wconf 93' lang='lat' dir='ltr'><strong>in</strong></span> <span class='ocrx_word' id='word_1_705' title='bbox 852 2263 974 2291; x_wconf 90' lang='lat' dir='ltr'><strong>medium</strong></span> 
     </span>
    </p>
   </div>
   <div class='ocr_carea' id='block_1_94' title="bbox 176 2306 972 2344">
    <p class='ocr_par' dir='ltr' id='par_1_94' title="bbox 176 2306 972 2344">
     <span class='ocr_line' id='line_1_94' title="bbox 176 2306 972 2344; baseline -0.001 -8"><span class='ocrx_word' id='word_1_706' title='bbox 176 2308 300 2344; x_wconf 79' lang='lat' dir='ltr'><strong>producti</strong></span> <span class='ocrx_word' id='word_1_707' title='bbox 324 2307 434 2343; x_wconf 81' lang='lat' dir='ltr'><strong>fuerint,</strong></span> <span class='ocrx_word' id='word_1_708' title='bbox 456 2308 502 2343; x_wconf 90' lang='lat' dir='ltr'><strong>qui</strong></span> <span class='ocrx_word' id='word_1_709' title='bbox 520 2307 671 2335; x_wconf 88' lang='lat' dir='ltr'><strong>innumeris</strong></span> <span class='ocrx_word' id='word_1_710' title='bbox 686 2306 787 2335; x_wconf 83' lang='lat' dir='ltr'><strong>fuerint</strong></span> <span class='ocrx_word' id='word_1_711' title='bbox 807 2307 907 2343; x_wconf 86' lang='lat' dir='ltr'><strong>objecti</strong></span> <span class='ocrx_word' id='word_1_712' title='bbox 928 2316 972 2336; x_wconf 88' lang='lat' dir='ltr'><strong>ca-</strong></span> 
     </span>
    </p>
   </div>
   <div class='ocr_carea' id='block_1_95' title="bbox 177 2351 974 2388">
    <p class='ocr_par' dir='ltr' id='par_1_95' title="bbox 177 2351 974 2388">
     <span class='ocr_line' id='line_1_95' title="bbox 177 2351 974 2388; baseline 0 -8"><span class='ocrx_word' id='word_1_713' title='bbox 177 2352 347 2380; x_wconf 85' lang='lat' dir='ltr'><strong>lamitatibus</strong></span> <span class='ocrx_word' id='word_1_714' title='bbox 364 2356 394 2380; x_wconf 88' lang='lat' dir='ltr'><strong>ut</strong></span> <span class='ocrx_word' id='word_1_715' title='bbox 412 2360 427 2380; x_wconf 87' lang='lat' dir='ltr'><strong>a</strong></span> <span class='ocrx_word' id='word_1_716' title='bbox 440 2352 493 2380; x_wconf 85' lang='lat' dir='ltr'><strong>ﬁde</strong></span> <span class='ocrx_word' id='word_1_717' title='bbox 509 2351 665 2386; x_wconf 81' lang='lat' dir='ltr'><strong>deﬁcerent,</strong></span> <span class='ocrx_word' id='word_1_718' title='bbox 686 2359 776 2388; x_wconf 91' lang='lat' dir='ltr'><strong>neque</strong></span> <span class='ocrx_word' id='word_1_719' title='bbox 790 2356 883 2380; x_wconf 85' lang='lat' dir='ltr'><strong>tamen</strong></span> <span class='ocrx_word' id='word_1_720' title='bbox 896 2352 974 2380; x_wconf 86' lang='lat' dir='ltr'><strong>defe-</strong></span> 
     </span>
    </p>
   </div>
   <div class='ocr_carea' id='block_1_96' title="bbox 175 2396 872 2433">
    <p class='ocr_par' dir='ltr' id='par_1_96' title="bbox 175 2396 872 2433">
     <span class='ocr_line' id='line_1_96' title="bbox 175 2396 872 2433; baseline -0.001 -8"><span class='ocrx_word' id='word_1_721' title='bbox 175 2401 283 2430; x_wconf 84' lang='lat' dir='ltr'><strong>cerunt,</strong></span> <span class='ocrx_word' id='word_1_722' title='bbox 298 2401 360 2424; x_wconf 88' lang='lat' dir='ltr'><strong>tum</strong></span> <span class='ocrx_word' id='word_1_723' title='bbox 369 2396 523 2425; x_wconf 86' lang='lat' dir='ltr'><strong>ostenditur</strong></span> <span class='ocrx_word' id='word_1_724' title='bbox 536 2397 621 2433; x_wconf 87' lang='lat' dir='ltr'><strong>gloria</strong></span> <span class='ocrx_word' id='word_1_725' title='bbox 636 2397 686 2425; x_wconf 85' lang='lat' dir='ltr'><strong>Dei</strong></span> <span class='ocrx_word' id='word_1_726' title='bbox 699 2401 727 2424; x_wconf 90' lang='lat' dir='ltr'><strong>et</strong></span> <span class='ocrx_word' id='word_1_727' title='bbox 741 2397 872 2432; x_wconf 90' lang='lat' dir='ltr'><strong>ipsorum.</strong></span> 
     </span>
    </p>
   </div>
   <div class='ocr_carea' id='block_1_97' title="bbox 213 2441 972 2477">
    <p class='ocr_par' dir='ltr' id='par_1_97' title="bbox 213 2441 972 2477">
     <span class='ocr_line' id='line_1_97' title="bbox 213 2441 972 2477; baseline 0.003 -10"><span class='ocrx_word' id='word_1_728' title='bbox 213 2442 299 2476; x_wconf 76' lang='lat' dir='ltr'><strong>(Quia</strong></span> <span class='ocrx_word' id='word_1_729' title='bbox 329 2441 462 2468; x_wconf 82' lang='lat' dir='ltr'><strong>creditum</strong></span> <span class='ocrx_word' id='word_1_730' title='bbox 479 2443 518 2468; x_wconf 81' lang='lat' dir='ltr'><strong>est</strong></span> <span class='ocrx_word' id='word_1_731' title='bbox 543 2443 722 2469; x_wconf 73' lang='lat' dir='ltr'><strong>testimonium</strong></span> <span class='ocrx_word' id='word_1_732' title='bbox 749 2444 870 2469; x_wconf 80' lang='lat' dir='ltr'><strong>nostrum</strong></span> <span class='ocrx_word' id='word_1_733' title='bbox 891 2449 972 2477; x_wconf 79' lang='lat' dir='ltr'><strong>super</strong></span> 
     </span>
    </p>
   </div>
   <div class='ocr_carea' id='block_1_98' title="bbox 175 2485 969 2522">
    <p class='ocr_par' dir='ltr' id='par_1_98' title="bbox 175 2485 969 2522">
     <span class='ocr_line' id='line_1_98' title="bbox 175 2485 969 2522; baseline 0.001 -9"><span class='ocrx_word' id='word_1_734' title='bbox 175 2486 234 2522; x_wconf 87' lang='lat' dir='ltr'><strong>uos)</strong></span> <span class='ocrx_word' id='word_1_735' title='bbox 255 2487 284 2513; x_wconf 79' lang='lat' dir='ltr'><strong>in</strong></span> <span class='ocrx_word' id='word_1_736' title='bbox 299 2485 344 2512; x_wconf 84' lang='lat' dir='ltr'><strong>die</strong></span> <span class='ocrx_word' id='word_1_737' title='bbox 362 2485 418 2512; x_wconf 81' lang='lat' dir='ltr'><strong>illo.</strong></span> <span class='ocrx_word' id='word_1_738' title='bbox 444 2485 626 2514; x_wconf 84' lang='lat' dir='ltr'><strong>Admirationi</strong></span> <span class='ocrx_word' id='word_1_739' title='bbox 647 2487 701 2514; x_wconf 87' lang='lat' dir='ltr'><strong>erit</strong></span> <span class='ocrx_word' id='word_1_740' title='bbox 714 2488 790 2514; x_wconf 87' lang='lat' dir='ltr'><strong>Deus</strong></span> <span class='ocrx_word' id='word_1_741' title='bbox 809 2486 836 2514; x_wconf 94' lang='lat' dir='ltr'><strong>in</strong></span> <span class='ocrx_word' id='word_1_742' title='bbox 851 2486 894 2514; x_wconf 91' lang='lat' dir='ltr'><strong>die</strong></span> <span class='ocrx_word' id='word_1_743' title='bbox 913 2486 969 2519; x_wconf 79' lang='lat' dir='ltr'><strong>illo.</strong></span> 
     </span>
    </p>
   </div>
   <div class='ocr_carea' id='block_1_99' title="bbox 175 2529 969 2567">
    <p class='ocr_par' dir='ltr' id='par_1_99' title="bbox 175 2529 969 2567">
     <span class='ocr_line' id='line_1_99' title="bbox 175 2529 969 2567; baseline 0.001 -8"><span class='ocrx_word' id='word_1_744' title='bbox 175 2529 249 2567; x_wconf 87' lang='lat' dir='ltr'><strong>quod</strong></span> <span class='ocrx_word' id='word_1_745' title='bbox 278 2529 436 2567; x_wconf 64' lang='lat' dir='ltr'><strong>praedicatio</strong></span> <span class='ocrx_word' id='word_1_746' title='bbox 457 2534 550 2558; x_wconf 87' lang='lat' dir='ltr'><strong>nostra</strong></span> <span class='ocrx_word' id='word_1_747' title='bbox 569 2534 597 2558; x_wconf 91' lang='lat' dir='ltr'><strong>et</strong></span> <span class='ocrx_word' id='word_1_748' title='bbox 618 2531 733 2559; x_wconf 87' lang='lat' dir='ltr'><strong>verbum</strong></span> <span class='ocrx_word' id='word_1_749' title='bbox 753 2531 856 2560; x_wconf 88' lang='lat' dir='ltr'><strong>credita</strong></span> <span class='ocrx_word' id='word_1_750' title='bbox 870 2535 934 2560; x_wconf 88' lang='lat' dir='ltr'><strong>sunt</strong></span> <span class='ocrx_word' id='word_1_751' title='bbox 954 2539 969 2559; x_wconf 86' lang='lat' dir='ltr'><strong>a</strong></span> 
     </span>
    </p>
   </div>
   <div class='ocr_carea' id='block_1_100' title="bbox 174 2574 972 2610">
    <p class='ocr_par' dir='ltr' id='par_1_100' title="bbox 174 2574 972 2610">
     <span class='ocr_line' id='line_1_100' title="bbox 174 2574 972 2610; baseline 0.001 -7"><span class='ocrx_word' id='word_1_752' title='bbox 174 2575 261 2610; x_wconf 84' lang='lat' dir='ltr'><strong>vobis,</strong></span> <span class='ocrx_word' id='word_1_753' title='bbox 277 2575 331 2604; x_wconf 87' lang='lat' dir='ltr'><strong>hoc</strong></span> <span class='ocrx_word' id='word_1_754' title='bbox 344 2578 397 2609; x_wconf 86' lang='lat' dir='ltr'><strong>est,</strong></span> <span class='ocrx_word' id='word_1_755' title='bbox 420 2582 454 2603; x_wconf 89' lang='lat' dir='ltr'><strong>eo</strong></span> <span class='ocrx_word' id='word_1_756' title='bbox 472 2574 545 2610; x_wconf 90' lang='lat' dir='ltr'><strong>quod</strong></span> <span class='ocrx_word' id='word_1_757' title='bbox 560 2583 609 2603; x_wconf 89' lang='lat' dir='ltr'><strong>vos</strong></span> <span class='ocrx_word' id='word_1_758' title='bbox 623 2575 673 2610; x_wconf 85' lang='lat' dir='ltr'><strong>ipsi</strong></span> <span class='ocrx_word' id='word_1_759' title='bbox 698 2575 861 2610; x_wconf 87' lang='lat' dir='ltr'><strong>credidistis,</strong></span> <span class='ocrx_word' id='word_1_760' title='bbox 878 2584 910 2604; x_wconf 84' lang='lat' dir='ltr'><strong>ac</strong></span> <span class='ocrx_word' id='word_1_761' title='bbox 930 2576 972 2604; x_wconf 86' lang='lat' dir='ltr'><strong>di-</strong></span> 
     </span>
    </p>
   </div>
   <div class='ocr_carea' id='block_1_101' title="bbox 173 2618 970 2656">
    <p class='ocr_par' dir='ltr' id='par_1_101' title="bbox 173 2618 970 2656">
     <span class='ocr_line' id='line_1_101' title="bbox 173 2618 970 2656; baseline 0 -8"><span class='ocrx_word' id='word_1_762' title='bbox 173 2628 242 2656; x_wconf 86' lang='lat' dir='ltr'><strong>gnos</strong></span> <span class='ocrx_word' id='word_1_763' title='bbox 260 2627 310 2648; x_wconf 88' lang='lat' dir='ltr'><strong>vos</strong></span> <span class='ocrx_word' id='word_1_764' title='bbox 330 2619 434 2647; x_wconf 88' lang='lat' dir='ltr'><strong>fecistis</strong></span> <span class='ocrx_word' id='word_1_765' title='bbox 447 2618 527 2647; x_wconf 89' lang='lat' dir='ltr'><strong>bonis</strong></span> <span class='ocrx_word' id='word_1_766' title='bbox 543 2619 599 2646; x_wconf 91' lang='lat' dir='ltr'><strong>illis</strong></span> <span class='ocrx_word' id='word_1_767' title='bbox 618 2626 681 2654; x_wconf 69' lang='lat' dir='ltr'><strong>qua:</strong></span> <span class='ocrx_word' id='word_1_768' title='bbox 695 2622 755 2646; x_wconf 89' lang='lat' dir='ltr'><strong>tum</strong></span> <span class='ocrx_word' id='word_1_769' title='bbox 777 2618 903 2648; x_wconf 88' lang='lat' dir='ltr'><strong>ﬁdelibus</strong></span> <span class='ocrx_word' id='word_1_770' title='bbox 920 2620 970 2648; x_wconf 89' lang='lat' dir='ltr'><strong>da-</strong></span> 
     </span>
    </p>
   </div>
   <div class='ocr_carea' id='block_1_102' title="bbox 173 2663 970 2697">
    <p class='ocr_par' dir='ltr' id='par_1_102' title="bbox 173 2663 970 2697">
     <span class='ocr_line' id='line_1_102' title="bbox 173 2663 970 2697; baseline 0 -4"><span class='ocrx_word' id='word_1_771' title='bbox 173 2665 284 2693; x_wconf 87' lang='lat' dir='ltr'><strong>buntur.</strong></span> <span class='ocrx_word' id='word_1_772' title='bbox 299 2663 416 2692; x_wconf 88' lang='lat' dir='ltr'><strong>Pulchre</strong></span> <span class='ocrx_word' id='word_1_773' title='bbox 431 2667 527 2692; x_wconf 85' lang='lat' dir='ltr'><strong>autem</strong></span> <span class='ocrx_word' id='word_1_774' title='bbox 542 2663 622 2697; x_wconf 80' lang='lat' dir='ltr'><strong>dixit,</strong></span> <span class='ocrx_word' id='word_1_775' title='bbox 635 2665 665 2691; x_wconf 86' lang='lat' dir='ltr'><strong>In</strong></span> <span class='ocrx_word' id='word_1_776' title='bbox 681 2664 724 2690; x_wconf 80' lang='lat' dir='ltr'><strong>dic</strong></span> <span class='ocrx_word' id='word_1_777' title='bbox 738 2664 786 2691; x_wconf 88' lang='lat' dir='ltr'><strong>illo</strong></span> <span class='ocrx_word' id='word_1_778' title='bbox 801 2674 810 2690; x_wconf 82' lang='lat'><strong>.-</strong></span> <span class='ocrx_word' id='word_1_779' title='bbox 825 2668 885 2693; x_wconf 89' lang='lat' dir='ltr'><strong>tum</strong></span> <span class='ocrx_word' id='word_1_780' title='bbox 896 2665 970 2693; x_wconf 89' lang='lat' dir='ltr'><strong>enim</strong></span> 
     </span>
    </p>
   </div>
   <div class='ocr_carea' id='block_1_103' title="bbox 211 2724 714 2760">
    <p class='ocr_par' dir='ltr' id='par_1_103' title="bbox 211 2724 714 2760">
     <span class='ocr_line' id='line_1_103' title="bbox 211 2724 714 2760; baseline 0 -7"><span class='ocrx_word' id='word_1_781' title='bbox 211 2732 223 2748; x_wconf 68' lang='grc' dir='ltr'><strong>ιι</strong></span> <span class='ocrx_word' id='word_1_782' title='bbox 235 2724 306 2754; x_wconf 85' lang='lat' dir='ltr'><strong>Psal.</strong></span> <span class='ocrx_word' id='word_1_783' title='bbox 320 2732 404 2760; x_wconf 82' lang='lat' dir='ltr'><strong>xcvt,</strong></span> <span class='ocrx_word' id='word_1_784' title='bbox 420 2728 447 2753; x_wconf 82' lang='lat'><strong>3.</strong></span> <span class='ocrx_word' id='word_1_785' title='bbox 487 2727 497 2741; x_wconf 90' lang='lat'>&quot;</span> <span class='ocrx_word' id='word_1_786' title='bbox 511 2726 580 2754; x_wconf 90' lang='lat' dir='ltr'><strong>Dan.</strong></span> <span class='ocrx_word' id='word_1_787' title='bbox 595 2733 652 2759; x_wconf 85' lang='lat' dir='ltr'><strong>vn,</strong></span> <span class='ocrx_word' id='word_1_788' title='bbox 671 2728 714 2754; x_wconf 87' lang='grc' dir='ltr'><strong>ιο.</strong></span> 
     </span>
    </p>
   </div>
   <div class='ocr_carea' id='block_1_104' title="bbox 1029 2258 1822 2299">
    <p class='ocr_par' dir='ltr' id='par_1_104' title="bbox 1029 2258 1822 2299">
     <span class='ocr_line' id='line_1_104' title="bbox 1029 2258 1822 2299; baseline 0.003 -12"><span class='ocrx_word' id='word_1_789' title='bbox 1029 2258 1128 2298; x_wconf 75' lang='grc' dir='ltr'>ἀξιώσῃ</span> <span class='ocrx_word' id='word_1_790' title='bbox 1140 2281 1148 2295; x_wconf 84' lang='grc'><strong>,</strong></span> <span class='ocrx_word' id='word_1_791' title='bbox 1167 2258 1299 2288; x_wconf 81' lang='grc' dir='ltr'>δείκνυται</span> <span class='ocrx_word' id='word_1_792' title='bbox 1315 2261 1400 2289; x_wconf 72' lang='grc' dir='ltr'><strong>¹ιιιύτοῦ</strong></span> <span class='ocrx_word' id='word_1_793' title='bbox 1415 2261 1432 2295; x_wconf 84' lang='grc' dir='ltr'>ἡ</span> <span class='ocrx_word' id='word_1_794' title='bbox 1454 2259 1529 2299; x_wconf 79' lang='grc' dir='ltr'>ἰσχὺς</span> <span class='ocrx_word' id='word_1_795' title='bbox 1551 2260 1623 2288; x_wconf 86' lang='grc' dir='ltr'>τότε.</span> <span class='ocrx_word' id='word_1_796' title='bbox 1648 2259 1703 2288; x_wconf 81' lang='grc' dir='ltr'>Καὶ</span> <span class='ocrx_word' id='word_1_797' title='bbox 1717 2260 1805 2294; x_wconf 80' lang='grc' dir='ltr'>ἄλλως</span> <span class='ocrx_word' id='word_1_798' title='bbox 1815 2283 1822 2296; x_wconf 84' lang='grc'><strong>,</strong></span> 
     </span>
    </p>
   </div>
   <div class='ocr_carea' id='block_1_105' title="bbox 1027 2303 1820 2343">
    <p class='ocr_par' dir='ltr' id='par_1_105' title="bbox 1027 2303 1820 2343">
     <span class='ocr_line' id='line_1_105' title="bbox 1027 2303 1820 2343; baseline 0.003 -12"><span class='ocrx_word' id='word_1_799' title='bbox 1027 2303 1090 2332; x_wconf 79' lang='grc' dir='ltr'>ὅταν</span> <span class='ocrx_word' id='word_1_800' title='bbox 1105 2305 1140 2337; x_wconf 75' lang='grc' dir='ltr'>εἷς</span> <span class='ocrx_word' id='word_1_801' title='bbox 1153 2304 1232 2342; x_wconf 88' lang='grc' dir='ltr'>μέσον</span> <span class='ocrx_word' id='word_1_802' title='bbox 1252 2303 1423 2342; x_wconf 84' lang='grc' dir='ltr'>παράγωνται</span> <span class='ocrx_word' id='word_1_803' title='bbox 1447 2305 1472 2333; x_wconf 80' lang='grc' dir='ltr'>οἱ</span> <span class='ocrx_word' id='word_1_804' title='bbox 1487 2303 1569 2343; x_wconf 82' lang='grc' dir='ltr'>μυρία</span> <span class='ocrx_word' id='word_1_805' title='bbox 1585 2303 1716 2337; x_wconf 82' lang='grc' dir='ltr'>παθόντες</span> <span class='ocrx_word' id='word_1_806' title='bbox 1732 2305 1820 2339; x_wconf 76' lang='grc' dir='ltr'>δεινὰ,</span> 
     </span>
    </p>
   </div>
   <div class='ocr_carea' id='block_1_106' title="bbox 1027 2346 1820 2387">
    <p class='ocr_par' dir='ltr' id='par_1_106' title="bbox 1027 2346 1820 2387">
     <span class='ocr_line' id='line_1_106' title="bbox 1027 2346 1820 2387; baseline 0.001 -10"><span class='ocrx_word' id='word_1_807' title='bbox 1027 2346 1096 2377; x_wconf 78' lang='grc' dir='ltr'>ὥστε</span> <span class='ocrx_word' id='word_1_808' title='bbox 1115 2350 1240 2384; x_wconf 71' lang='grc' dir='ltr'>ἐκστῆναι</span> <span class='ocrx_word' id='word_1_809' title='bbox 1263 2351 1309 2384; x_wconf 78' lang='grc' dir='ltr'><strong>τῆς</strong></span> <span class='ocrx_word' id='word_1_810' title='bbox 1324 2349 1452 2384; x_wconf 77' lang='grc' dir='ltr'>πίστεως,</span> <span class='ocrx_word' id='word_1_811' title='bbox 1468 2349 1512 2378; x_wconf 78' lang='grc' dir='ltr'><strong>καὶ</strong></span> <span class='ocrx_word' id='word_1_812' title='bbox 1529 2348 1566 2386; x_wconf 79' lang='grc' dir='ltr'><strong>μὴ</strong></span> <span class='ocrx_word' id='word_1_813' title='bbox 1576 2347 1719 2382; x_wconf 78' lang='grc' dir='ltr'>ἐκστάντες</span> <span class='ocrx_word' id='word_1_814' title='bbox 1732 2372 1741 2387; x_wconf 80' lang='grc'><strong>,</strong></span> <span class='ocrx_word' id='word_1_815' title='bbox 1763 2349 1820 2379; x_wconf 73' lang='grc' dir='ltr'>τότε</span> 
     </span>
    </p>
   </div>
   <div class='ocr_carea' id='block_1_107' title="bbox 1028 2392 1578 2428">
    <p class='ocr_par' dir='ltr' id='par_1_107' title="bbox 1028 2392 1578 2428">
     <span class='ocr_line' id='line_1_107' title="bbox 1028 2392 1578 2428; baseline 0 -6"><span class='ocrx_word' id='word_1_816' title='bbox 1028 2392 1159 2422; x_wconf 84' lang='grc' dir='ltr'>δείκνυται</span> <span class='ocrx_word' id='word_1_817' title='bbox 1169 2395 1186 2428; x_wconf 82' lang='grc' dir='ltr'>ἡ</span> <span class='ocrx_word' id='word_1_818' title='bbox 1196 2392 1259 2426; x_wconf 79' lang='grc' dir='ltr'>δόξα</span> <span class='ocrx_word' id='word_1_819' title='bbox 1271 2395 1317 2422; x_wconf 75' lang='grc' dir='ltr'><strong>τοῦ</strong></span> <span class='ocrx_word' id='word_1_820' title='bbox 1334 2394 1405 2423; x_wconf 75' lang='grc' dir='ltr'>Θεοῦ</span> <span class='ocrx_word' id='word_1_821' title='bbox 1419 2393 1465 2422; x_wconf 76' lang='grc' dir='ltr'>καὶ</span> <span class='ocrx_word' id='word_1_822' title='bbox 1481 2394 1578 2422; x_wconf 75' lang='grc' dir='ltr'>αὐτῶν.</span> 
     </span>
    </p>
   </div>
   <div class='ocr_carea' id='block_1_108' title="bbox 1063 2437 1818 2478">
    <p class='ocr_par' dir='ltr' id='par_1_108' title="bbox 1063 2437 1818 2478">
     <span class='ocr_line' id='line_1_108' title="bbox 1063 2437 1818 2478; baseline 0 -12"><span class='ocrx_word' id='word_1_823' title='bbox 1063 2449 1078 2465; x_wconf 74' lang='grc' dir='ltr'><strong>α</strong></span> <span class='ocrx_word' id='word_1_824' title='bbox 1095 2437 1170 2477; x_wconf 82' lang='grc' dir='ltr'>(¹Οτι</span> <span class='ocrx_word' id='word_1_825' title='bbox 1193 2438 1335 2474; x_wconf 82' lang='grc' dir='ltr'>ἐπιστεύθη</span> <span class='ocrx_word' id='word_1_826' title='bbox 1359 2438 1389 2467; x_wconf 79' lang='grc' dir='ltr'>τὸ</span> <span class='ocrx_word' id='word_1_827' title='bbox 1409 2438 1553 2478; x_wconf 76' lang='grc' dir='ltr'>μαρτύριον</span> <span class='ocrx_word' id='word_1_828' title='bbox 1574 2438 1651 2476; x_wconf 75' lang='grc' dir='ltr'>ἡμῶν</span> <span class='ocrx_word' id='word_1_829' title='bbox 1676 2438 1718 2478; x_wconf 67' lang='grc' dir='ltr'><strong>ἐφ’</strong></span> <span class='ocrx_word' id='word_1_830' title='bbox 1733 2439 1818 2476; x_wconf 64' lang='grc' dir='ltr'>ῧμᾶς)</span> 
     </span>
    </p>
   </div>
   <div class='ocr_carea' id='block_1_109' title="bbox 1025 2481 1818 2523">
    <p class='ocr_par' dir='ltr' id='par_1_109' title="bbox 1025 2481 1818 2523">
     <span class='ocr_line' id='line_1_109' title="bbox 1025 2481 1818 2523; baseline 0 -12"><span class='ocrx_word' id='word_1_831' title='bbox 1025 2483 1052 2511; x_wconf 85' lang='grc' dir='ltr'>ἐν</span> <span class='ocrx_word' id='word_1_832' title='bbox 1138 2483 1223 2523; x_wconf 79' lang='grc' dir='ltr'>ἡμέρᾳ</span> <span class='ocrx_word' id='word_1_833' title='bbox 1250 2482 1349 2522; x_wconf 80' lang='grc' dir='ltr'>ἐκείνῃ.</span> <span class='ocrx_word' id='word_1_834' title='bbox 1367 2495 1383 2510; x_wconf 71' lang='grc' dir='ltr'><strong>ι</strong></span> <span class='ocrx_word' id='word_1_835' title='bbox 1403 2481 1651 2521; x_wconf 79' lang='grc' dir='ltr'>Θαυμασθήσεται,</span> <span class='ocrx_word' id='word_1_836' title='bbox 1681 2483 1780 2522; x_wconf 69' lang='grc' dir='ltr'>φησιν,</span> <span class='ocrx_word' id='word_1_837' title='bbox 1806 2486 1818 2512; x_wconf 80' lang='grc' dir='ltr'><strong>ὁ</strong></span> 
     </span>
    </p>
   </div>
   <div class='ocr_carea' id='block_1_110' title="bbox 1024 2526 1818 2568">
    <p class='ocr_par' dir='ltr' id='par_1_110' title="bbox 1024 2526 1818 2568">
     <span class='ocr_line' id='line_1_110' title="bbox 1024 2526 1818 2568; baseline -0.003 -11"><span class='ocrx_word' id='word_1_838' title='bbox 1024 2526 1093 2560; x_wconf 82' lang='grc' dir='ltr'>Θεὸς</span> <span class='ocrx_word' id='word_1_839' title='bbox 1108 2528 1135 2556; x_wconf 76' lang='grc' dir='ltr'><strong>ἐν</strong></span> <span class='ocrx_word' id='word_1_840' title='bbox 1160 2529 1192 2566; x_wconf 80' lang='grc' dir='ltr'><strong>τῇ</strong></span> <span class='ocrx_word' id='word_1_841' title='bbox 1207 2527 1296 2567; x_wconf 76' lang='grc' dir='ltr'>ἡμέρᾳ</span> <span class='ocrx_word' id='word_1_842' title='bbox 1316 2527 1423 2568; x_wconf 65' lang='grc' dir='ltr'>ἐκείνῃ,</span> <span class='ocrx_word' id='word_1_843' title='bbox 1442 2528 1511 2557; x_wconf 87' lang='grc' dir='ltr'>διότι</span> <span class='ocrx_word' id='word_1_844' title='bbox 1534 2527 1566 2557; x_wconf 79' lang='grc' dir='ltr'><strong>τὸ</strong></span> <span class='ocrx_word' id='word_1_845' title='bbox 1590 2527 1717 2566; x_wconf 82' lang='grc' dir='ltr'>κήρυγμα</span> <span class='ocrx_word' id='word_1_846' title='bbox 1745 2528 1818 2566; x_wconf 77' lang='grc' dir='ltr'>ἡμῶν</span> 
     </span>
    </p>
   </div>
   <div class='ocr_carea' id='block_1_111' title="bbox 1025 2571 1818 2611">
    <p class='ocr_par' dir='ltr' id='par_1_111' title="bbox 1025 2571 1818 2611">
     <span class='ocr_line' id='line_1_111' title="bbox 1025 2571 1818 2611; baseline -0.003 -10"><span class='ocrx_word' id='word_1_847' title='bbox 1025 2571 1070 2601; x_wconf 80' lang='grc' dir='ltr'>καὶ</span> <span class='ocrx_word' id='word_1_848' title='bbox 1094 2574 1108 2601; x_wconf 82' lang='grc' dir='ltr'><strong>ὃ</strong></span> <span class='ocrx_word' id='word_1_849' title='bbox 1128 2571 1206 2611; x_wconf 88' lang='grc' dir='ltr'>λόγος</span> <span class='ocrx_word' id='word_1_850' title='bbox 1222 2571 1363 2608; x_wconf 71' lang='grc' dir='ltr'>ἐπιστεύθη</span> <span class='ocrx_word' id='word_1_851' title='bbox 1388 2571 1452 2611; x_wconf 85' lang='grc' dir='ltr'>παρ’</span> <span class='ocrx_word' id='word_1_852' title='bbox 1477 2573 1568 2610; x_wconf 72' lang='grc' dir='ltr'>ὑμῶν’</span> <span class='ocrx_word' id='word_1_853' title='bbox 1594 2572 1731 2607; x_wconf 85' lang='grc' dir='ltr'>τουτέστι,</span> <span class='ocrx_word' id='word_1_854' title='bbox 1749 2572 1818 2602; x_wconf 70' lang='lat' dir='ltr'><strong>Attin</strong></span> 
     </span>
    </p>
   </div>
   <div class='ocr_carea' id='block_1_112' title="bbox 1024 2616 1817 2656">
    <p class='ocr_par' dir='ltr' id='par_1_112' title="bbox 1024 2616 1817 2656">
     <span class='ocr_line' id='line_1_112' title="bbox 1024 2616 1817 2656; baseline -0.001 -11"><span class='ocrx_word' id='word_1_855' title='bbox 1024 2618 1099 2654; x_wconf 83' lang='grc' dir='ltr'>ὑμεῖς</span> <span class='ocrx_word' id='word_1_856' title='bbox 1119 2616 1292 2646; x_wconf 77' lang='grc' dir='ltr'>ἰπιστεύσατε</span> <span class='ocrx_word' id='word_1_857' title='bbox 1305 2640 1312 2654; x_wconf 87' lang='grc'><strong>,</strong></span> <span class='ocrx_word' id='word_1_858' title='bbox 1330 2616 1375 2646; x_wconf 84' lang='grc' dir='ltr'><strong>καὶ</strong></span> <span class='ocrx_word' id='word_1_859' title='bbox 1403 2616 1488 2650; x_wconf 74' lang='grc' dir='ltr'>ἀξίους</span> <span class='ocrx_word' id='word_1_860' title='bbox 1513 2616 1623 2651; x_wconf 78' lang='grc' dir='ltr'>ἑαυτοὺς</span> <span class='ocrx_word' id='word_1_861' title='bbox 1644 2619 1697 2645; x_wconf 76' lang='grc' dir='ltr'><strong>τῶν</strong></span> <span class='ocrx_word' id='word_1_862' title='bbox 1714 2618 1817 2656; x_wconf 75' lang='grc' dir='ltr'>ἀγαθιῖιν</span> 
     </span>
    </p>
   </div>
   <div class='ocr_carea' id='block_1_113' title="bbox 1025 2661 1813 2701">
    <p class='ocr_par' dir='ltr' id='par_1_113' title="bbox 1025 2661 1813 2701">
     <span class='ocr_line' id='line_1_113' title="bbox 1025 2661 1813 2701; baseline -0.001 -10"><span class='ocrx_word' id='word_1_863' title='bbox 1025 2661 1130 2691; x_wconf 73' lang='grc' dir='ltr'>ἐκείνων</span> <span class='ocrx_word' id='word_1_864' title='bbox 1149 2661 1306 2698; x_wconf 76' lang='grc' dir='ltr'>ἐποιήσατε,</span> <span class='ocrx_word' id='word_1_865' title='bbox 1325 2663 1377 2691; x_wconf 81' lang='grc' dir='ltr'><strong>τῶν</strong></span> <span class='ocrx_word' id='word_1_866' title='bbox 1390 2661 1448 2691; x_wconf 87' lang='grc' dir='ltr'>τότε</span> <span class='ocrx_word' id='word_1_867' title='bbox 1464 2661 1608 2701; x_wconf 77' lang='grc' dir='ltr'>διδομένων</span> <span class='ocrx_word' id='word_1_868' title='bbox 1626 2665 1681 2695; x_wconf 85' lang='grc' dir='ltr'>τοῖς</span> <span class='ocrx_word' id='word_1_869' title='bbox 1704 2664 1813 2693; x_wconf 84' lang='grc' dir='ltr'>πιστοῖς.</span> 
     </span>
    </p>
   </div>
   <div class='ocr_carea' id='block_1_114' title="bbox 865 2766 1136 2797">
    <p class='ocr_par' dir='ltr' id='par_1_114' title="bbox 865 2766 1136 2797">
     <span class='ocr_line' id='line_1_114' title="bbox 865 2766 1136 2797; baseline 0.007 -2"><span class='ocrx_word' id='word_1_870' title='bbox 865 2766 959 2796; x_wconf 80' lang='lat' dir='ltr'><strong>Variae</strong></span> <span class='ocrx_word' id='word_1_871' title='bbox 981 2767 1136 2797; x_wconf 88' lang='lat' dir='ltr'><strong>lectiones.</strong></span> 
     </span>
    </p>
   </div>
   <div class='ocr_carea' id='block_1_115' title="bbox 207 2818 1275 2856">
    <p class='ocr_par' dir='ltr' id='par_1_115' title="bbox 207 2818 1275 2856">
     <span class='ocr_line' id='line_1_115' title="bbox 207 2818 1275 2856; baseline 0.004 -11"><span class='ocrx_word' id='word_1_872' title='bbox 207 2818 230 2835; x_wconf 69' lang='lat'><strong>&#39;°</strong></span> <span class='ocrx_word' id='word_1_873' title='bbox 242 2818 317 2854; x_wconf 74' lang='grc' dir='ltr'>φλογὶ</span> <span class='ocrx_word' id='word_1_874' title='bbox 328 2819 401 2853; x_wconf 71' lang='grc' dir='ltr'>πυρὸς</span> <span class='ocrx_word' id='word_1_875' title='bbox 413 2827 439 2848; x_wconf 97' lang='lat'><strong>0.</strong></span> <span class='ocrx_word' id='word_1_876' title='bbox 481 2820 501 2838; x_wconf 78' lang='grc'><strong>⁸¹</strong></span> <span class='ocrx_word' id='word_1_877' title='bbox 516 2819 593 2856; x_wconf 69' lang='grc' dir='ltr'>φλογὶ</span> <span class='ocrx_word' id='word_1_878' title='bbox 606 2827 632 2848; x_wconf 89' lang='grc' dir='ltr'>ο.</span> <span class='ocrx_word' id='word_1_879' title='bbox 672 2820 693 2837; x_wconf 73' lang='grc' dir='ltr'>θ’</span> <span class='ocrx_word' id='word_1_880' title='bbox 705 2819 782 2856; x_wconf 71' lang='grc' dir='ltr'>φλογὶ</span> <span class='ocrx_word' id='word_1_881' title='bbox 795 2820 866 2855; x_wconf 72' lang='grc' dir='ltr'>πυρὸς</span> <span class='ocrx_word' id='word_1_882' title='bbox 881 2828 908 2849; x_wconf 78' lang='grc'><strong>0.</strong></span> <span class='ocrx_word' id='word_1_883' title='bbox 948 2819 970 2838; x_wconf 76' lang='grc'>⁸³</span> <span class='ocrx_word' id='word_1_884' title='bbox 982 2821 1073 2852; x_wconf 78' lang='grc' dir='ltr'>πάντας</span> <span class='ocrx_word' id='word_1_885' title='bbox 1087 2829 1113 2849; x_wconf 89' lang='lat'><strong>0.</strong></span> <span class='ocrx_word' id='word_1_886' title='bbox 1154 2820 1176 2839; x_wconf 75' lang='grc'><strong>⁸⁸</strong></span> <span class='ocrx_word' id='word_1_887' title='bbox 1193 2822 1234 2847; x_wconf 75' lang='grc' dir='ltr'><strong>νῦν</strong></span> <span class='ocrx_word' id='word_1_888' title='bbox 1248 2828 1275 2849; x_wconf 91' lang='grc' dir='ltr'>ο.</span> 
     </span>
    </p>
   </div>
  </div>
