  <div class='ocr_page' id='page_1' title='image "/cluster/home/n/w/nwhite01/storage/ocr_20150623/124/njp.32101010942728/848.png"; bbox 0 0 1890 3077; ppageno 0'>
   <div class='ocr_carea' id='block_1_1' title="bbox 17 189 90 215">
    <p class='ocr_par' dir='ltr' id='par_1_1' title="bbox 17 189 90 215">
     <span class='ocr_line' id='line_1_1' title="bbox 17 189 90 215; baseline 0 -1"><span class='ocrx_word' id='word_1_1' title='bbox 17 189 90 215; x_wconf 74' lang='lat' dir='ltr'><strong>i337</strong></span> 
     </span>
    </p>
   </div>
   <div class='ocr_carea' id='block_1_2' title="bbox 466 186 1263 216">
    <p class='ocr_par' dir='ltr' id='par_1_2' title="bbox 466 186 1263 216">
     <span class='ocr_line' id='line_1_2' title="bbox 466 186 1263 216; baseline -0.004 0"><span class='ocrx_word' id='word_1_2' title='bbox 466 187 642 216; x_wconf 83' lang='lat' dir='ltr'><strong>EXPOSITIO</strong></span> <span class='ocrx_word' id='word_1_3' title='bbox 662 187 694 216; x_wconf 82' lang='lat' dir='ltr'><strong>IN</strong></span> <span class='ocrx_word' id='word_1_4' title='bbox 714 187 820 215; x_wconf 79' lang='lat' dir='ltr'><strong>EPIST.</strong></span> <span class='ocrx_word' id='word_1_5' title='bbox 843 188 863 215; x_wconf 94' lang='lat' dir='ltr'><strong>ll</strong></span> <span class='ocrx_word' id='word_1_6' title='bbox 882 188 928 216; x_wconf 82' lang='lat' dir='ltr'><strong>AD</strong></span> <span class='ocrx_word' id='word_1_7' title='bbox 946 187 1060 215; x_wconf 83' lang='lat' dir='ltr'><strong>THESS.</strong></span> <span class='ocrx_word' id='word_1_8' title='bbox 1083 201 1113 206; x_wconf 89' lang='lat'><em>—</em></span> <span class='ocrx_word' id='word_1_9' title='bbox 1134 186 1209 214; x_wconf 80' lang='lat' dir='ltr'><strong>CAP.</strong></span> <span class='ocrx_word' id='word_1_10' title='bbox 1231 187 1263 213; x_wconf 92' lang='lat' dir='ltr'><strong>ll.</strong></span> 
     </span>
    </p>
   </div>
   <div class='ocr_carea' id='block_1_3' title="bbox 1630 187 1698 214">
    <p class='ocr_par' dir='ltr' id='par_1_3' title="bbox 1630 187 1698 214">
     <span class='ocr_line' id='line_1_3' title="bbox 1630 187 1698 214; baseline 0.029 -2"><span class='ocrx_word' id='word_1_11' title='bbox 1630 187 1698 214; x_wconf 80' lang='lat' dir='ltr'><strong>t338</strong></span> 
     </span>
    </p>
   </div>
   <div class='ocr_carea' id='block_1_4' title="bbox 17 245 834 290">
    <p class='ocr_par' dir='ltr' id='par_1_4' title="bbox 17 245 831 290">
     <span class='ocr_line' id='line_1_4' title="bbox 17 245 831 290; baseline -0.001 -10"><span class='ocrx_word' id='word_1_12' title='bbox 17 250 123 283; x_wconf 79' lang='grc' dir='ltr'>Καλῶς</span> <span class='ocrx_word' id='word_1_13' title='bbox 141 249 173 279; x_wconf 83' lang='grc' dir='ltr'>δὲ</span> <span class='ocrx_word' id='word_1_14' title='bbox 189 245 277 280; x_wconf 74' lang='grc' dir='ltr'>εἶπεν</span> <span class='ocrx_word' id='word_1_15' title='bbox 292 275 299 284; x_wconf 86' lang='grc'><em>,</em></span> <span class='ocrx_word' id='word_1_16' title='bbox 327 264 338 277; x_wconf 77' lang='grc' dir='ltr'><strong>ι</strong></span> <span class='ocrx_word' id='word_1_17' title='bbox 353 249 402 280; x_wconf 83' lang='grc' dir='ltr'>Ἐν</span> <span class='ocrx_word' id='word_1_18' title='bbox 466 250 554 290; x_wconf 71' lang='grc' dir='ltr'>ἡμέρᾳ</span> <span class='ocrx_word' id='word_1_19' title='bbox 579 250 682 290; x_wconf 75' lang='grc' dir='ltr'>ἐκείνῃ·</span> <span class='ocrx_word' id='word_1_20' title='bbox 700 264 713 276; x_wconf 73' lang='grc' dir='ltr'><strong>ν</strong></span> <span class='ocrx_word' id='word_1_21' title='bbox 725 250 785 280; x_wconf 83' lang='grc' dir='ltr'>τότε</span> <span class='ocrx_word' id='word_1_22' title='bbox 797 250 831 289; x_wconf 76' lang='grc' dir='ltr'>γὶι</span> 
     </span>
    </p>
   </div>
   <div class='ocr_carea' id='block_1_5' title="bbox 938 245 1701 290">
    <p class='ocr_par' dir='ltr' id='par_1_5' title="bbox 938 248 1701 284">
     <span class='ocr_line' id='line_1_5' title="bbox 938 248 1701 284; baseline -0.003 -6"><span class='ocrx_word' id='word_1_23' title='bbox 938 257 999 278; x_wconf 85' lang='lat' dir='ltr'><strong>vera</strong></span> <span class='ocrx_word' id='word_1_24' title='bbox 1023 249 1246 278; x_wconf 78' lang='lat' dir='ltr'><strong>demonstrantur</strong></span> <span class='ocrx_word' id='word_1_25' title='bbox 1265 248 1310 284; x_wconf 86' lang='lat' dir='ltr'><strong>qui</strong></span> <span class='ocrx_word' id='word_1_26' title='bbox 1335 257 1397 276; x_wconf 79' lang='lat' dir='ltr'><strong>rere</strong></span> <span class='ocrx_word' id='word_1_27' title='bbox 1417 252 1480 276; x_wconf 85' lang='lat' dir='ltr'><strong>sunt</strong></span> <span class='ocrx_word' id='word_1_28' title='bbox 1496 248 1611 276; x_wconf 86' lang='lat' dir='ltr'><strong>ﬁdeles:</strong></span> <span class='ocrx_word' id='word_1_29' title='bbox 1628 257 1701 276; x_wconf 81' lang='lat' dir='ltr'><strong>nunc</strong></span> 
     </span>
    </p>
   </div>
   <div class='ocr_carea' id='block_1_6' title="bbox 15 295 851 335">
    <p class='ocr_par' dir='ltr' id='par_1_6' title="bbox 15 295 851 335">
     <span class='ocr_line' id='line_1_6' title="bbox 15 295 851 335; baseline 0.004 -13"><span class='ocrx_word' id='word_1_30' title='bbox 15 295 179 323; x_wconf 75' lang='grc' dir='ltr'><strong>δείκνυνται</strong></span> <span class='ocrx_word' id='word_1_31' title='bbox 198 296 244 335; x_wconf 81' lang='grc' dir='ltr'><strong>τῷ</strong></span> <span class='ocrx_word' id='word_1_32' title='bbox 270 295 332 324; x_wconf 82' lang='grc' dir='ltr'>ὄντι</span> <span class='ocrx_word' id='word_1_33' title='bbox 352 296 376 325; x_wconf 75' lang='grc' dir='ltr'><strong>οἱ</strong></span> <span class='ocrx_word' id='word_1_34' title='bbox 400 296 503 331; x_wconf 75' lang='grc' dir='ltr'>άληθῶς</span> <span class='ocrx_word' id='word_1_35' title='bbox 525 298 626 326; x_wconf 85' lang='grc' dir='ltr'>πιστοί·</span> <span class='ocrx_word' id='word_1_36' title='bbox 653 298 698 324; x_wconf 71' lang='grc' dir='ltr'><strong>νῦν</strong></span> <span class='ocrx_word' id='word_1_37' title='bbox 727 295 779 335; x_wconf 77' lang='grc' dir='ltr'><strong>γὰρ</strong></span> <span class='ocrx_word' id='word_1_38' title='bbox 806 296 851 325; x_wconf 77' lang='grc' dir='ltr'><strong>καὶ</strong></span> 
     </span>
    </p>
   </div>
   <div class='ocr_carea' id='block_1_7' title="bbox 16 339 851 380">
    <p class='ocr_par' dir='ltr' id='par_1_7' title="bbox 16 339 851 380">
     <span class='ocr_line' id='line_1_7' title="bbox 16 339 851 380; baseline 0.004 -12"><span class='ocrx_word' id='word_1_39' title='bbox 16 339 228 379; x_wconf 70' lang='grc' dir='ltr'><strong>ὑποκρίνονται</strong></span> <span class='ocrx_word' id='word_1_40' title='bbox 251 339 350 370; x_wconf 79' lang='grc' dir='ltr'>πίστιν</span> <span class='ocrx_word' id='word_1_41' title='bbox 369 339 474 370; x_wconf 86' lang='grc' dir='ltr'>πολλοί.</span> <span class='ocrx_word' id='word_1_42' title='bbox 491 340 540 369; x_wconf 77' lang='grc' dir='ltr'><strong>Διὸ</strong></span> <span class='ocrx_word' id='word_1_43' title='bbox 557 339 602 369; x_wconf 79' lang='grc' dir='ltr'><strong>καὶ</strong></span> <span class='ocrx_word' id='word_1_44' title='bbox 617 341 631 369; x_wconf 82' lang='grc' dir='ltr'><strong>ὁ</strong></span> <span class='ocrx_word' id='word_1_45' title='bbox 648 339 752 380; x_wconf 72' lang='grc' dir='ltr'><strong>Σοφὸς,</strong></span> <span class='ocrx_word' id='word_1_46' title='bbox 775 354 787 367; x_wconf 79' lang='grc' dir='ltr'><strong>ι</strong></span> <span class='ocrx_word' id='word_1_47' title='bbox 806 339 851 376; x_wconf 74' lang='grc' dir='ltr'><strong>Μὴ</strong></span> 
     </span>
    </p>
   </div>
   <div class='ocr_carea' id='block_1_8' title="bbox 18 384 710 425">
    <p class='ocr_par' dir='ltr' id='par_1_8' title="bbox 18 384 710 425">
     <span class='ocr_line' id='line_1_8' title="bbox 18 384 710 425; baseline 0.003 -13"><span class='ocrx_word' id='word_1_48' title='bbox 18 385 187 424; x_wconf 75' lang='grc' dir='ltr'><strong>μακαρίσῃς</strong></span> <span class='ocrx_word' id='word_1_49' title='bbox 206 384 360 425; x_wconf 82' lang='grc' dir='ltr'>ἄνθρωπον</span> <span class='ocrx_word' id='word_1_50' title='bbox 371 384 422 424; x_wconf 77' lang='grc' dir='ltr'>πρὸ</span> <span class='ocrx_word' id='word_1_51' title='bbox 437 385 570 420; x_wconf 83' lang='grc' dir='ltr'>τελιυτῆς,</span> <span class='ocrx_word' id='word_1_52' title='bbox 585 396 599 412; x_wconf 66' lang='grc' dir='ltr'><strong>ι</strong></span> <span class='ocrx_word' id='word_1_53' title='bbox 619 385 710 425; x_wconf 81' lang='grc' dir='ltr'>φησίν.</span> 
     </span>
    </p>
   </div>
   <div class='ocr_carea' id='block_1_9' title="bbox 66 428 850 470">
    <p class='ocr_par' dir='ltr' id='par_1_9' title="bbox 66 428 850 470">
     <span class='ocr_line' id='line_1_9' title="bbox 66 428 850 470; baseline 0 -13"><span class='ocrx_word' id='word_1_54' title='bbox 66 440 82 458; x_wconf 81' lang='grc' dir='ltr'><strong>ιι</strong></span> <span class='ocrx_word' id='word_1_55' title='bbox 100 428 152 462; x_wconf 76' lang='grc' dir='ltr'><strong>Εἰς</strong></span> <span class='ocrx_word' id='word_1_56' title='bbox 170 428 187 458; x_wconf 81' lang='grc'><strong>8</strong></span> <span class='ocrx_word' id='word_1_57' title='bbox 214 429 271 458; x_wconf 79' lang='grc' dir='ltr'><strong>καὶ</strong></span> <span class='ocrx_word' id='word_1_58' title='bbox 300 429 515 469; x_wconf 71' lang='grc' dir='ltr'>προσευχόμεθαι</span> <span class='ocrx_word' id='word_1_59' title='bbox 543 429 656 459; x_wconf 71' lang='grc' dir='ltr'>πάντοτε</span> <span class='ocrx_word' id='word_1_60' title='bbox 681 429 742 470; x_wconf 78' lang='grc' dir='ltr'>πιρὶ</span> <span class='ocrx_word' id='word_1_61' title='bbox 759 431 850 468; x_wconf 78' lang='grc' dir='ltr'>ὓμῶν,</span> 
     </span>
    </p>
   </div>
   <div class='ocr_carea' id='block_1_10' title="bbox 17 473 852 513">
    <p class='ocr_par' dir='ltr' id='par_1_10' title="bbox 17 473 852 513">
     <span class='ocr_line' id='line_1_10' title="bbox 17 473 852 513; baseline 0.004 -11"><span class='ocrx_word' id='word_1_62' title='bbox 17 473 63 502; x_wconf 77' lang='grc' dir='ltr'><strong>ἵνα</strong></span> <span class='ocrx_word' id='word_1_63' title='bbox 88 475 168 511; x_wconf 75' lang='grc' dir='ltr'>ὑμᾶς</span> <span class='ocrx_word' id='word_1_64' title='bbox 186 473 306 513; x_wconf 79' lang='grc' dir='ltr'>ἀξιώσῃ</span> <span class='ocrx_word' id='word_1_65' title='bbox 330 476 376 510; x_wconf 80' lang='grc' dir='ltr'>τῆς</span> <span class='ocrx_word' id='word_1_66' title='bbox 390 473 510 510; x_wconf 79' lang='grc' dir='ltr'>κλήσιως</span> <span class='ocrx_word' id='word_1_67' title='bbox 525 475 539 503; x_wconf 81' lang='grc' dir='ltr'>ὁ</span> <span class='ocrx_word' id='word_1_68' title='bbox 560 473 628 507; x_wconf 83' lang='grc' dir='ltr'>Θεὸς</span> <span class='ocrx_word' id='word_1_69' title='bbox 657 475 747 512; x_wconf 80' lang='grc' dir='ltr'>ἡμῶν.</span> <span class='ocrx_word' id='word_1_70' title='bbox 771 486 786 502; x_wconf 72' lang='grc' dir='ltr'><strong>ι</strong></span> <span class='ocrx_word' id='word_1_71' title='bbox 817 475 852 505; x_wconf 85' lang='grc' dir='ltr'>Τί</span> 
     </span>
    </p>
   </div>
   <div class='ocr_carea' id='block_1_11' title="bbox 19 514 851 559">
    <p class='ocr_par' dir='ltr' id='par_1_11' title="bbox 19 514 851 559">
     <span class='ocr_line' id='line_1_11' title="bbox 19 514 851 559; baseline 0.002 -12"><span class='ocrx_word' id='word_1_72' title='bbox 19 518 90 558; x_wconf 81' lang='grc' dir='ltr'>γάρ;</span> <span class='ocrx_word' id='word_1_73' title='bbox 110 519 167 548; x_wconf 83' lang='grc' dir='ltr'>οὐκ</span> <span class='ocrx_word' id='word_1_74' title='bbox 182 514 268 554; x_wconf 72' lang='grc' dir='ltr'>ἦσαν</span> <span class='ocrx_word' id='word_1_75' title='bbox 287 518 462 557; x_wconf 82' lang='grc' dir='ltr'>κικλημίνοι;</span> <span class='ocrx_word' id='word_1_76' title='bbox 482 517 554 548; x_wconf 83' lang='grc' dir='ltr'>Ναί·</span> <span class='ocrx_word' id='word_1_77' title='bbox 576 517 644 548; x_wconf 75' lang='grc' dir='ltr'>ἀλλὰ</span> <span class='ocrx_word' id='word_1_78' title='bbox 659 520 687 548; x_wconf 80' lang='grc' dir='ltr'>οὗ</span> <span class='ocrx_word' id='word_1_79' title='bbox 706 519 765 559; x_wconf 74' lang='grc' dir='ltr'>περὶ</span> <span class='ocrx_word' id='word_1_80' title='bbox 784 520 851 549; x_wconf 78' lang='grc' dir='ltr'>ἐκεί-</span> 
     </span>
    </p>
   </div>
   <div class='ocr_carea' id='block_1_12' title="bbox 19 562 853 603">
    <p class='ocr_par' dir='ltr' id='par_1_12' title="bbox 19 562 853 603">
     <span class='ocr_line' id='line_1_12' title="bbox 19 562 853 603; baseline 0.002 -11"><span class='ocrx_word' id='word_1_81' title='bbox 19 575 68 598; x_wconf 79' lang='grc' dir='ltr'><strong>νης</strong></span> <span class='ocrx_word' id='word_1_82' title='bbox 90 565 144 598; x_wconf 73' lang='grc' dir='ltr'><strong>τῆς</strong></span> <span class='ocrx_word' id='word_1_83' title='bbox 172 563 313 598; x_wconf 78' lang='grc' dir='ltr'>χλήσεώς</span> <span class='ocrx_word' id='word_1_84' title='bbox 337 575 431 603; x_wconf 80' lang='grc' dir='ltr'>φησιν,</span> <span class='ocrx_word' id='word_1_85' title='bbox 456 563 515 592; x_wconf 66' lang='grc' dir='ltr'>ἐπεὶ</span> <span class='ocrx_word' id='word_1_86' title='bbox 539 562 609 592; x_wconf 77' lang='grc' dir='ltr'>κατὰ</span> <span class='ocrx_word' id='word_1_87' title='bbox 635 563 734 599; x_wconf 81' lang='grc' dir='ltr'>ταύτην</span> <span class='ocrx_word' id='word_1_88' title='bbox 759 564 853 594; x_wconf 82' lang='grc' dir='ltr'>πολλοὶ</span> 
     </span>
    </p>
   </div>
   <div class='ocr_carea' id='block_1_13' title="bbox 22 607 851 648">
    <p class='ocr_par' dir='ltr' id='par_1_13' title="bbox 22 607 851 648">
     <span class='ocr_line' id='line_1_13' title="bbox 22 607 851 648; baseline 0.001 -11"><span class='ocrx_word' id='word_1_89' title='bbox 22 607 140 643; x_wconf 85' lang='grc' dir='ltr'>κλητοί·</span> <span class='ocrx_word' id='word_1_90' title='bbox 163 608 218 637; x_wconf 79' lang='grc' dir='ltr'><strong>καὶ</strong></span> <span class='ocrx_word' id='word_1_91' title='bbox 237 610 255 637; x_wconf 81' lang='grc' dir='ltr'><strong>ὃ</strong></span> <span class='ocrx_word' id='word_1_92' title='bbox 268 619 304 637; x_wconf 86' lang='grc' dir='ltr'><strong>τα</strong></span> <span class='ocrx_word' id='word_1_93' title='bbox 318 607 425 648; x_wconf 80' lang='grc' dir='ltr'>ῥυπαρὰ</span> <span class='ocrx_word' id='word_1_94' title='bbox 439 608 533 646; x_wconf 76' lang='grc' dir='ltr'>ἱμάτια</span> <span class='ocrx_word' id='word_1_95' title='bbox 549 607 716 646; x_wconf 74' lang='grc' dir='ltr'><strong>ἐνδεδυμένος</strong></span> <span class='ocrx_word' id='word_1_96' title='bbox 737 609 851 646; x_wconf 74' lang='grc' dir='ltr'>ἐκλήθη,</span> 
     </span>
    </p>
   </div>
   <div class='ocr_carea' id='block_1_14' title="bbox 22 651 852 692">
    <p class='ocr_par' dir='ltr' id='par_1_14' title="bbox 22 651 852 692">
     <span class='ocr_line' id='line_1_14' title="bbox 22 651 852 692; baseline 0.002 -11"><span class='ocrx_word' id='word_1_97' title='bbox 22 652 68 692; x_wconf 77' lang='grc' dir='ltr'>καὶ</span> <span class='ocrx_word' id='word_1_98' title='bbox 94 653 124 681; x_wconf 75' lang='grc' dir='ltr'>αἱ</span> <span class='ocrx_word' id='word_1_99' title='bbox 159 653 254 682; x_wconf 75' lang='grc' dir='ltr'>πέντε</span> <span class='ocrx_word' id='word_1_100' title='bbox 283 652 425 692; x_wconf 77' lang='grc' dir='ltr'><strong>παρθένοι,</strong></span> <span class='ocrx_word' id='word_1_101' title='bbox 442 651 501 682; x_wconf 71' lang='grc' dir='ltr'>ἀλλ’</span> <span class='ocrx_word' id='word_1_102' title='bbox 525 653 572 682; x_wconf 80' lang='grc' dir='ltr'>οὐκ</span> <span class='ocrx_word' id='word_1_103' title='bbox 601 653 732 687; x_wconf 78' lang='grc' dir='ltr'>ιῖσῆλθον.</span> <span class='ocrx_word' id='word_1_104' title='bbox 750 654 852 688; x_wconf 77' lang='grc' dir='ltr'>κλῆσιν</span> 
     </span>
    </p>
   </div>
   <div class='ocr_carea' id='block_1_15' title="bbox 22 691 852 737">
    <p class='ocr_par' dir='ltr' id='par_1_15' title="bbox 22 691 852 737">
     <span class='ocr_line' id='line_1_15' title="bbox 22 691 852 737; baseline 0.002 -12"><span class='ocrx_word' id='word_1_105' title='bbox 22 691 68 726; x_wconf 69' lang='grc' dir='ltr'>οὖν</span> <span class='ocrx_word' id='word_1_106' title='bbox 94 697 228 726; x_wconf 69' lang='grc' dir='ltr'>ἐνταῦθα</span> <span class='ocrx_word' id='word_1_107' title='bbox 253 691 349 736; x_wconf 82' lang='grc' dir='ltr'>λέγει,</span> <span class='ocrx_word' id='word_1_108' title='bbox 377 699 425 731; x_wconf 86' lang='grc' dir='ltr'><strong>τὴν</strong></span> <span class='ocrx_word' id='word_1_109' title='bbox 441 696 484 726; x_wconf 82' lang='grc' dir='ltr'><strong>διὰ</strong></span> <span class='ocrx_word' id='word_1_110' title='bbox 511 698 563 726; x_wconf 77' lang='grc' dir='ltr'><strong>τῶν</strong></span> <span class='ocrx_word' id='word_1_111' title='bbox 589 696 710 737; x_wconf 80' lang='grc' dir='ltr'>πράξιων</span> <span class='ocrx_word' id='word_1_112' title='bbox 727 697 852 736; x_wconf 76' lang='grc' dir='ltr'>βεϐαιου-</span> 
     </span>
    </p>
   </div>
   <div class='ocr_carea' id='block_1_16' title="bbox 25 741 853 783">
    <p class='ocr_par' dir='ltr' id='par_1_16' title="bbox 25 741 853 783">
     <span class='ocr_line' id='line_1_16' title="bbox 25 741 853 783; baseline 0.004 -13"><span class='ocrx_word' id='word_1_113' title='bbox 25 742 129 779; x_wconf 75' lang='grc' dir='ltr'>μένην,</span> <span class='ocrx_word' id='word_1_114' title='bbox 159 741 230 777; x_wconf 76' lang='grc' dir='ltr'>ἥτις</span> <span class='ocrx_word' id='word_1_115' title='bbox 262 741 310 771; x_wconf 78' lang='grc' dir='ltr'>καὶ</span> <span class='ocrx_word' id='word_1_116' title='bbox 339 741 435 782; x_wconf 81' lang='grc' dir='ltr'><strong>κυρίως</strong></span> <span class='ocrx_word' id='word_1_117' title='bbox 460 741 553 777; x_wconf 79' lang='grc' dir='ltr'>κλῆσίς</span> <span class='ocrx_word' id='word_1_118' title='bbox 580 743 664 771; x_wconf 75' lang='grc' dir='ltr'>ἐστιν·</span> <span class='ocrx_word' id='word_1_119' title='bbox 691 741 781 783; x_wconf 69' lang='grc' dir='ltr'>ᾦσπιρ</span> <span class='ocrx_word' id='word_1_120' title='bbox 807 743 853 773; x_wconf 75' lang='grc' dir='ltr'>καὶ</span> 
     </span>
    </p>
   </div>
   <div class='ocr_carea' id='block_1_17' title="bbox 26 782 742 827">
    <p class='ocr_par' dir='ltr' id='par_1_17' title="bbox 26 782 742 827">
     <span class='ocr_line' id='line_1_17' title="bbox 26 782 742 827; baseline -0.001 -12"><span class='ocrx_word' id='word_1_121' title='bbox 26 785 120 820; x_wconf 74' lang='grc' dir='ltr'>πίστις</span> <span class='ocrx_word' id='word_1_122' title='bbox 140 785 257 826; x_wconf 78' lang='grc' dir='ltr'>κυρίως</span> <span class='ocrx_word' id='word_1_123' title='bbox 269 808 279 822; x_wconf 90' lang='grc'><strong>,</strong></span> <span class='ocrx_word' id='word_1_124' title='bbox 296 787 312 821; x_wconf 86' lang='grc' dir='ltr'>ἠ</span> <span class='ocrx_word' id='word_1_125' title='bbox 329 785 489 826; x_wconf 70' lang='grc' dir='ltr'>Ιμπρακτος.</span> <span class='ocrx_word' id='word_1_126' title='bbox 535 785 672 827; x_wconf 75' lang='grc' dir='ltr'>Ἐπιφέριι</span> <span class='ocrx_word' id='word_1_127' title='bbox 687 782 742 816; x_wconf 64' lang='grc' dir='ltr'>οὖν·</span> 
     </span>
    </p>
   </div>
   <div class='ocr_carea' id='block_1_18' title="bbox 73 829 852 870">
    <p class='ocr_par' dir='ltr' id='par_1_18' title="bbox 73 829 852 870">
     <span class='ocr_line' id='line_1_18' title="bbox 73 829 852 870; baseline -0.004 -9"><span class='ocrx_word' id='word_1_128' title='bbox 73 841 88 858; x_wconf 82' lang='grc' dir='ltr'>α</span> <span class='ocrx_word' id='word_1_129' title='bbox 122 830 186 861; x_wconf 79' lang='grc' dir='ltr'>Καὶ</span> <span class='ocrx_word' id='word_1_130' title='bbox 224 829 364 870; x_wconf 79' lang='grc' dir='ltr'><strong>πληρώσῃ</strong></span> <span class='ocrx_word' id='word_1_131' title='bbox 381 835 471 860; x_wconf 74' lang='grc' dir='ltr'>πᾶσαν</span> <span class='ocrx_word' id='word_1_132' title='bbox 497 830 614 860; x_wconf 73' lang='grc' dir='ltr'>ιῦδοκίαν</span> <span class='ocrx_word' id='word_1_133' title='bbox 639 830 820 870; x_wconf 75' lang='grc' dir='ltr'>ἀγαθωσύνης.</span> <span class='ocrx_word' id='word_1_134' title='bbox 840 843 852 856; x_wconf 70' lang='grc' dir='ltr'><strong>ι</strong></span> 
     </span>
    </p>
   </div>
   <div class='ocr_carea' id='block_1_19' title="bbox 27 874 852 916">
    <p class='ocr_par' dir='ltr' id='par_1_19' title="bbox 27 874 852 916">
     <span class='ocr_line' id='line_1_19' title="bbox 27 874 852 916; baseline -0.001 -12"><span class='ocrx_word' id='word_1_135' title='bbox 27 875 143 912; x_wconf 79' lang='grc' dir='ltr'>Ταύτη,</span> <span class='ocrx_word' id='word_1_136' title='bbox 171 875 250 916; x_wconf 72' lang='grc' dir='ltr'>φησὶ</span> <span class='ocrx_word' id='word_1_137' title='bbox 262 898 272 913; x_wconf 84' lang='lat'><strong>,</strong></span> <span class='ocrx_word' id='word_1_138' title='bbox 290 875 341 911; x_wconf 73' lang='grc' dir='ltr'>τὴν</span> <span class='ocrx_word' id='word_1_139' title='bbox 358 876 453 911; x_wconf 74' lang='grc' dir='ltr'>κλῆσιν</span> <span class='ocrx_word' id='word_1_140' title='bbox 475 875 563 914; x_wconf 81' lang='grc' dir='ltr'>λέγω,</span> <span class='ocrx_word' id='word_1_141' title='bbox 589 874 632 904; x_wconf 82' lang='grc' dir='ltr'><strong>ἵνα</strong></span> <span class='ocrx_word' id='word_1_142' title='bbox 658 879 732 905; x_wconf 80' lang='grc' dir='ltr'>πᾶσα</span> <span class='ocrx_word' id='word_1_143' title='bbox 748 874 852 904; x_wconf 73' lang='grc' dir='ltr'>εὐδοκία</span> 
     </span>
    </p>
   </div>
   <div class='ocr_carea' id='block_1_20' title="bbox 907 293 1701 330">
    <p class='ocr_par' dir='ltr' id='par_1_20' title="bbox 907 293 1701 330">
     <span class='ocr_line' id='line_1_20' title="bbox 907 293 1701 330; baseline -0.001 -8"><span class='ocrx_word' id='word_1_144' title='bbox 907 295 983 323; x_wconf 89' lang='lat' dir='ltr'><strong>enim</strong></span> <span class='ocrx_word' id='word_1_145' title='bbox 999 294 1119 330; x_wconf 83' lang='lat' dir='ltr'><strong>plerique</strong></span> <span class='ocrx_word' id='word_1_146' title='bbox 1141 293 1224 322; x_wconf 78' lang='lat' dir='ltr'><strong>ﬁdem</strong></span> <span class='ocrx_word' id='word_1_147' title='bbox 1246 294 1388 321; x_wconf 81' lang='lat' dir='ltr'><strong>simulant.</strong></span> <span class='ocrx_word' id='word_1_148' title='bbox 1403 293 1536 328; x_wconf 83' lang='lat' dir='ltr'><strong>Quocirca</strong></span> <span class='ocrx_word' id='word_1_149' title='bbox 1549 298 1575 321; x_wconf 87' lang='lat' dir='ltr'><strong>et</strong></span> <span class='ocrx_word' id='word_1_150' title='bbox 1586 294 1701 329; x_wconf 86' lang='lat' dir='ltr'><strong>Sapiens</strong></span> 
     </span>
    </p>
   </div>
   <div class='ocr_carea' id='block_1_21' title="bbox 906 339 1700 374">
    <p class='ocr_par' dir='ltr' id='par_1_21' title="bbox 906 339 1700 374">
     <span class='ocr_line' id='line_1_21' title="bbox 906 339 1700 374; baseline -0.001 -7"><span class='ocrx_word' id='word_1_151' title='bbox 906 339 949 368; x_wconf 87' lang='lat' dir='ltr'><strong>ille</strong></span> <span class='ocrx_word' id='word_1_152' title='bbox 971 339 1050 373; x_wconf 84' lang='lat' dir='ltr'><strong>dixit,</strong></span> <span class='ocrx_word' id='word_1_153' title='bbox 1074 340 1113 368; x_wconf 82' lang='lat' dir='ltr'><strong>No</strong></span> <span class='ocrx_word' id='word_1_154' title='bbox 1135 339 1241 366; x_wconf 86' lang='lat' dir='ltr'><strong>beatum</strong></span> <span class='ocrx_word' id='word_1_155' title='bbox 1266 339 1456 374; x_wconf 51' lang='lat' dir='ltr'><strong>praedicationis</strong></span> <span class='ocrx_word' id='word_1_156' title='bbox 1484 339 1616 366; x_wconf 77' lang='lat' dir='ltr'><strong>hominem</strong></span> <span class='ocrx_word' id='word_1_157' title='bbox 1638 341 1700 367; x_wconf 79' lang='lat' dir='ltr'><strong>ante</strong></span> 
     </span>
    </p>
   </div>
   <div class='ocr_carea' id='block_1_22' title="bbox 907 385 1017 412">
    <p class='ocr_par' dir='ltr' id='par_1_22' title="bbox 907 385 1017 412">
     <span class='ocr_line' id='line_1_22' title="bbox 907 385 1017 412; baseline 0 0"><span class='ocrx_word' id='word_1_158' title='bbox 907 385 1017 412; x_wconf 81' lang='lat' dir='ltr'><strong>obitum.</strong></span> 
     </span>
    </p>
   </div>
   <div class='ocr_carea' id='block_1_23' title="bbox 943 429 1701 464">
    <p class='ocr_par' dir='ltr' id='par_1_23' title="bbox 943 429 1701 464">
     <span class='ocr_line' id='line_1_23' title="bbox 943 429 1701 464; baseline 0 -8"><span class='ocrx_word' id='word_1_159' title='bbox 943 430 1032 458; x_wconf 76' lang='lat' dir='ltr'><strong>Vens.</strong></span> <span class='ocrx_word' id='word_1_160' title='bbox 1052 432 1094 457; x_wconf 84' lang='lat' dir='ltr'><strong>ll.</strong></span> <span class='ocrx_word' id='word_1_161' title='bbox 1110 429 1156 457; x_wconf 77' lang='lat' dir='ltr'><strong>Ad</strong></span> <span class='ocrx_word' id='word_1_162' title='bbox 1168 429 1240 464; x_wconf 81' lang='lat' dir='ltr'><strong>quod</strong></span> <span class='ocrx_word' id='word_1_163' title='bbox 1255 429 1336 456; x_wconf 82' lang='lat' dir='ltr'><strong>etiam</strong></span> <span class='ocrx_word' id='word_1_164' title='bbox 1350 436 1458 456; x_wconf 87' lang='lat' dir='ltr'><strong>oramus</strong></span> <span class='ocrx_word' id='word_1_165' title='bbox 1475 436 1578 464; x_wconf 83' lang='lat' dir='ltr'><strong>semper</strong></span> <span class='ocrx_word' id='word_1_166' title='bbox 1594 437 1643 463; x_wconf 86' lang='lat' dir='ltr'><strong>pro</strong></span> <span class='ocrx_word' id='word_1_167' title='bbox 1657 436 1701 456; x_wconf 78' lang='lat' dir='ltr'><strong>uo-</strong></span> 
     </span>
    </p>
   </div>
   <div class='ocr_carea' id='block_1_24' title="bbox 908 473 1699 509">
    <p class='ocr_par' dir='ltr' id='par_1_24' title="bbox 908 473 1699 509">
     <span class='ocr_line' id='line_1_24' title="bbox 908 473 1699 509; baseline -0.003 -7"><span class='ocrx_word' id='word_1_168' title='bbox 908 475 958 505; x_wconf 79' lang='lat' dir='ltr'><strong>bis,</strong></span> <span class='ocrx_word' id='word_1_169' title='bbox 973 477 1003 501; x_wconf 86' lang='lat' dir='ltr'><strong>ut</strong></span> <span class='ocrx_word' id='word_1_170' title='bbox 1015 474 1142 508; x_wconf 80' lang='lat' dir='ltr'><strong>dignetur</strong></span> <span class='ocrx_word' id='word_1_171' title='bbox 1151 482 1197 500; x_wconf 74' lang='lat' dir='ltr'><strong>eos</strong></span> <span class='ocrx_word' id='word_1_172' title='bbox 1209 474 1343 501; x_wconf 79' lang='lat' dir='ltr'><strong>uacatione</strong></span> <span class='ocrx_word' id='word_1_173' title='bbox 1353 480 1404 500; x_wconf 83' lang='lat' dir='ltr'><strong>sua</strong></span> <span class='ocrx_word' id='word_1_174' title='bbox 1418 474 1488 500; x_wconf 87' lang='lat' dir='ltr'><strong>Deus</strong></span> <span class='ocrx_word' id='word_1_175' title='bbox 1502 473 1584 509; x_wconf 79' lang='lat'><strong>535</strong></span> <span class='ocrx_word' id='word_1_176' title='bbox 1598 476 1699 500; x_wconf 81' lang='lat' dir='ltr'><strong>noster.</strong></span> 
     </span>
    </p>
   </div>
   <div class='ocr_carea' id='block_1_25' title="bbox 907 517 1700 554">
    <p class='ocr_par' dir='ltr' id='par_1_25' title="bbox 907 517 1700 554">
     <span class='ocr_line' id='line_1_25' title="bbox 907 517 1700 554; baseline -0.001 -7"><span class='ocrx_word' id='word_1_177' title='bbox 907 518 998 554; x_wconf 76' lang='lat' dir='ltr'><strong>Quid?</strong></span> <span class='ocrx_word' id='word_1_178' title='bbox 1013 526 1107 546; x_wconf 86' lang='lat' dir='ltr'><strong>nonne</strong></span> <span class='ocrx_word' id='word_1_179' title='bbox 1128 518 1216 546; x_wconf 85' lang='lat' dir='ltr'><strong>vocati</strong></span> <span class='ocrx_word' id='word_1_180' title='bbox 1229 519 1329 545; x_wconf 84' lang='lat' dir='ltr'><strong>erant?</strong></span> <span class='ocrx_word' id='word_1_181' title='bbox 1352 519 1430 545; x_wconf 79' lang='lat' dir='ltr'><strong>imo:</strong></span> <span class='ocrx_word' id='word_1_182' title='bbox 1447 518 1494 545; x_wconf 90' lang='lat' dir='ltr'><strong>sed</strong></span> <span class='ocrx_word' id='word_1_183' title='bbox 1507 517 1542 545; x_wconf 88' lang='lat' dir='ltr'><strong>de</strong></span> <span class='ocrx_word' id='word_1_184' title='bbox 1554 517 1700 546; x_wconf 85' lang='lat' dir='ltr'><strong>vocatione</strong></span> 
     </span>
    </p>
   </div>
   <div class='ocr_carea' id='block_1_26' title="bbox 907 562 1701 599">
    <p class='ocr_par' dir='ltr' id='par_1_26' title="bbox 907 562 1701 599">
     <span class='ocr_line' id='line_1_26' title="bbox 907 562 1701 599; baseline -0.003 -7"><span class='ocrx_word' id='word_1_185' title='bbox 907 564 950 592; x_wconf 82' lang='lat' dir='ltr'><strong>illa</strong></span> <span class='ocrx_word' id='word_1_186' title='bbox 972 571 1045 592; x_wconf 89' lang='lat' dir='ltr'><strong>nunc</strong></span> <span class='ocrx_word' id='word_1_187' title='bbox 1063 571 1120 592; x_wconf 90' lang='lat' dir='ltr'><strong>non</strong></span> <span class='ocrx_word' id='word_1_188' title='bbox 1143 563 1275 599; x_wconf 88' lang='lat' dir='ltr'><strong>loquitur,</strong></span> <span class='ocrx_word' id='word_1_189' title='bbox 1301 562 1528 599; x_wconf 87' lang='lat' dir='ltr'><strong>quandoquidem</strong></span> <span class='ocrx_word' id='word_1_190' title='bbox 1549 562 1701 590; x_wconf 89' lang='lat' dir='ltr'><strong>secundum</strong></span> 
     </span>
    </p>
   </div>
   <div class='ocr_carea' id='block_1_27' title="bbox 908 606 1702 643">
    <p class='ocr_par' dir='ltr' id='par_1_27' title="bbox 908 606 1702 643">
     <span class='ocr_line' id='line_1_27' title="bbox 908 606 1702 643; baseline -0.003 -7"><span class='ocrx_word' id='word_1_191' title='bbox 908 609 989 636; x_wconf 83' lang='lat' dir='ltr'><strong>istam</strong></span> <span class='ocrx_word' id='word_1_192' title='bbox 1000 615 1055 636; x_wconf 90' lang='lat' dir='ltr'><strong>non</strong></span> <span class='ocrx_word' id='word_1_193' title='bbox 1070 607 1147 643; x_wconf 84' lang='lat' dir='ltr'><strong>pauci</strong></span> <span class='ocrx_word' id='word_1_194' title='bbox 1159 611 1226 635; x_wconf 88' lang='lat' dir='ltr'><strong>sunt</strong></span> <span class='ocrx_word' id='word_1_195' title='bbox 1238 607 1326 635; x_wconf 84' lang='lat' dir='ltr'><strong>vocati</strong></span> <span class='ocrx_word' id='word_1_196' title='bbox 1341 617 1347 635; x_wconf 86' lang='lat'><strong>:</strong></span> <span class='ocrx_word' id='word_1_197' title='bbox 1364 607 1449 635; x_wconf 85' lang='lat' dir='ltr'><strong>etiam</strong></span> <span class='ocrx_word' id='word_1_198' title='bbox 1465 607 1509 634; x_wconf 89' lang='lat' dir='ltr'><strong>ille</strong></span> <span class='ocrx_word' id='word_1_199' title='bbox 1527 606 1645 635; x_wconf 80' lang='lat' dir='ltr'><strong>sordidis</strong></span> <span class='ocrx_word' id='word_1_200' title='bbox 1660 614 1702 634; x_wconf 89' lang='lat' dir='ltr'><strong>ve-</strong></span> 
     </span>
    </p>
   </div>
   <div class='ocr_carea' id='block_1_28' title="bbox 906 651 1702 687">
    <p class='ocr_par' dir='ltr' id='par_1_28' title="bbox 906 651 1702 687">
     <span class='ocr_line' id='line_1_28' title="bbox 906 651 1702 687; baseline -0.003 -7"><span class='ocrx_word' id='word_1_201' title='bbox 906 653 993 681; x_wconf 88' lang='lat' dir='ltr'><strong>stibus</strong></span> <span class='ocrx_word' id='word_1_202' title='bbox 1012 653 1145 680; x_wconf 82' lang='lat' dir='ltr'><strong>amictus&#39;</strong></span> <span class='ocrx_word' id='word_1_203' title='bbox 1160 655 1272 680; x_wconf 85' lang='lat' dir='ltr'><strong>vocatus</strong></span> <span class='ocrx_word' id='word_1_204' title='bbox 1287 655 1357 685; x_wconf 86' lang='lat' dir='ltr'><strong>erat,</strong></span> <span class='ocrx_word' id='word_1_205' title='bbox 1381 656 1409 679; x_wconf 88' lang='lat' dir='ltr'><strong>et</strong></span> <span class='ocrx_word' id='word_1_206' title='bbox 1428 652 1549 687; x_wconf 89' lang='lat' dir='ltr'><strong>quinque</strong></span> <span class='ocrx_word' id='word_1_207' title='bbox 1571 651 1702 687; x_wconf 76' lang='lat' dir='ltr'><strong>virgines,</strong></span> 
     </span>
    </p>
   </div>
   <div class='ocr_carea' id='block_1_29' title="bbox 907 696 1704 733">
    <p class='ocr_par' dir='ltr' id='par_1_29' title="bbox 907 696 1704 733">
     <span class='ocr_line' id='line_1_29' title="bbox 907 696 1704 733; baseline -0.001 -8"><span class='ocrx_word' id='word_1_208' title='bbox 907 698 955 725; x_wconf 87' lang='lat' dir='ltr'><strong>sed</strong></span> <span class='ocrx_word' id='word_1_209' title='bbox 976 705 1033 725; x_wconf 86' lang='lat' dir='ltr'><strong>non</strong></span> <span class='ocrx_word' id='word_1_210' title='bbox 1046 701 1110 725; x_wconf 86' lang='lat' dir='ltr'><strong>sunt</strong></span> <span class='ocrx_word' id='word_1_211' title='bbox 1124 698 1272 733; x_wconf 65' lang='lat' dir='ltr'><strong>ingressat.</strong></span> <span class='ocrx_word' id='word_1_212' title='bbox 1292 696 1470 724; x_wconf 84' lang='lat' dir='ltr'><strong>Vocationem</strong></span> <span class='ocrx_word' id='word_1_213' title='bbox 1485 696 1566 732; x_wconf 79' lang='lat' dir='ltr'><strong>igitur</strong></span> <span class='ocrx_word' id='word_1_214' title='bbox 1579 696 1623 724; x_wconf 87' lang='lat' dir='ltr'><strong>hic</strong></span> <span class='ocrx_word' id='word_1_215' title='bbox 1641 696 1704 724; x_wconf 75' lang='lat' dir='ltr'><strong>dicit</strong></span> 
     </span>
    </p>
   </div>
   <div class='ocr_carea' id='block_1_30' title="bbox 908 740 1703 777">
    <p class='ocr_par' dir='ltr' id='par_1_30' title="bbox 908 740 1703 777">
     <span class='ocr_line' id='line_1_30' title="bbox 908 740 1703 777; baseline -0.003 -7"><span class='ocrx_word' id='word_1_216' title='bbox 908 750 968 770; x_wconf 84' lang='lat' dir='ltr'><strong>eam</strong></span> <span class='ocrx_word' id='word_1_217' title='bbox 982 749 1044 777; x_wconf 60' lang='lat' dir='ltr'><strong>quae.</strong></span> <span class='ocrx_word' id='word_1_218' title='bbox 1057 750 1104 777; x_wconf 92' lang='lat' dir='ltr'><strong>per</strong></span> <span class='ocrx_word' id='word_1_219' title='bbox 1115 749 1197 777; x_wconf 86' lang='lat' dir='ltr'><strong>opera</strong></span> <span class='ocrx_word' id='word_1_220' title='bbox 1211 740 1372 769; x_wconf 87' lang='lat' dir='ltr'><strong>conﬁrmata</strong></span> <span class='ocrx_word' id='word_1_221' title='bbox 1387 745 1438 773; x_wconf 77' lang='lat' dir='ltr'><strong>est,</strong></span> <span class='ocrx_word' id='word_1_222' title='bbox 1455 748 1516 777; x_wconf 69' lang='lat' dir='ltr'><strong>quas</strong></span> <span class='ocrx_word' id='word_1_223' title='bbox 1532 740 1641 777; x_wconf 78' lang='lat' dir='ltr'><strong>proprie</strong></span> <span class='ocrx_word' id='word_1_224' title='bbox 1653 748 1703 768; x_wconf 79' lang='lat' dir='ltr'><strong>vo—</strong></span> 
     </span>
    </p>
   </div>
   <div class='ocr_carea' id='block_1_31' title="bbox 908 785 1701 822">
    <p class='ocr_par' dir='ltr' id='par_1_31' title="bbox 908 785 1701 822">
     <span class='ocr_line' id='line_1_31' title="bbox 908 785 1701 822; baseline -0.003 -8"><span class='ocrx_word' id='word_1_225' title='bbox 908 787 980 815; x_wconf 87' lang='lat' dir='ltr'><strong>catio</strong></span> <span class='ocrx_word' id='word_1_226' title='bbox 1001 791 1065 814; x_wconf 84' lang='lat' dir='ltr'><strong>est:</strong></span> <span class='ocrx_word' id='word_1_227' title='bbox 1085 785 1322 822; x_wconf 80' lang='lat' dir='ltr'><strong>quemadmodum</strong></span> <span class='ocrx_word' id='word_1_228' title='bbox 1343 790 1371 813; x_wconf 88' lang='lat' dir='ltr'><strong>et</strong></span> <span class='ocrx_word' id='word_1_229' title='bbox 1390 785 1455 814; x_wconf 83' lang='lat' dir='ltr'><strong>ﬁdes</strong></span> <span class='ocrx_word' id='word_1_230' title='bbox 1472 786 1580 822; x_wconf 88' lang='lat' dir='ltr'><strong>proprie</strong></span> <span class='ocrx_word' id='word_1_231' title='bbox 1590 785 1636 813; x_wconf 89' lang='lat' dir='ltr'><strong>illa</strong></span> <span class='ocrx_word' id='word_1_232' title='bbox 1650 789 1701 819; x_wconf 86' lang='lat' dir='ltr'><strong>est,</strong></span> 
     </span>
    </p>
   </div>
   <div class='ocr_carea' id='block_1_32' title="bbox 908 830 1485 868">
    <p class='ocr_par' dir='ltr' id='par_1_32' title="bbox 908 830 1485 868">
     <span class='ocr_line' id='line_1_32' title="bbox 908 830 1485 868; baseline -0.005 -8"><span class='ocrx_word' id='word_1_233' title='bbox 908 839 970 868; x_wconf 69' lang='lat' dir='ltr'><strong>qua:</strong></span> <span class='ocrx_word' id='word_1_234' title='bbox 989 831 1016 859; x_wconf 91' lang='lat' dir='ltr'><strong>in</strong></span> <span class='ocrx_word' id='word_1_235' title='bbox 1029 839 1112 867; x_wconf 84' lang='lat' dir='ltr'><strong>opere</strong></span> <span class='ocrx_word' id='word_1_236' title='bbox 1129 834 1265 859; x_wconf 83' lang='lat' dir='ltr'><strong>versatur.</strong></span> <span class='ocrx_word' id='word_1_237' title='bbox 1282 830 1366 858; x_wconf 82' lang='lat' dir='ltr'><strong>Infert</strong></span> <span class='ocrx_word' id='word_1_238' title='bbox 1380 830 1462 866; x_wconf 75' lang='lat' dir='ltr'><strong>igitur</strong></span> <span class='ocrx_word' id='word_1_239' title='bbox 1478 840 1485 858; x_wconf 83' lang='lat'><strong>:</strong></span> 
     </span>
    </p>
   </div>
   <div class='ocr_carea' id='block_1_33' title="bbox 942 875 1701 911">
    <p class='ocr_par' dir='ltr' id='par_1_33' title="bbox 942 875 1701 911">
     <span class='ocr_line' id='line_1_33' title="bbox 942 875 1701 911; baseline -0.003 -7"><span class='ocrx_word' id='word_1_240' title='bbox 942 879 977 904; x_wconf 89' lang='lat' dir='ltr'><strong>Et</strong></span> <span class='ocrx_word' id='word_1_241' title='bbox 998 877 1108 911; x_wconf 81' lang='lat' dir='ltr'><strong>impleat</strong></span> <span class='ocrx_word' id='word_1_242' title='bbox 1133 884 1236 904; x_wconf 78' lang='lat' dir='ltr'><strong>omnm</strong></span> <span class='ocrx_word' id='word_1_243' title='bbox 1259 876 1423 903; x_wconf 80' lang='lat' dir='ltr'><strong>voluntatem</strong></span> <span class='ocrx_word' id='word_1_244' title='bbox 1448 875 1587 902; x_wconf 73' lang='lat' dir='ltr'><strong>bonitatis.</strong></span> <span class='ocrx_word' id='word_1_245' title='bbox 1611 875 1701 908; x_wconf 83' lang='lat' dir='ltr'><strong>Hanc,</strong></span> 
     </span>
    </p>
   </div>
   <div class='ocr_carea' id='block_1_34' title="bbox 29 914 834 959">
    <p class='ocr_par' dir='ltr' id='par_1_34' title="bbox 29 919 834 959">
     <span class='ocr_line' id='line_1_34' title="bbox 29 919 834 959; baseline 0 -11"><span class='ocrx_word' id='word_1_246' title='bbox 29 922 75 948; x_wconf 67' lang='grc' dir='ltr'><strong>τοῦ</strong></span> <span class='ocrx_word' id='word_1_247' title='bbox 102 921 202 956; x_wconf 73' lang='grc' dir='ltr'>Θεοῦ,</span> <span class='ocrx_word' id='word_1_248' title='bbox 238 919 365 950; x_wconf 80' lang='grc' dir='ltr'><strong>τουτέστι</strong></span> <span class='ocrx_word' id='word_1_249' title='bbox 392 924 468 949; x_wconf 78' lang='grc' dir='ltr'>πᾶσα</span> <span class='ocrx_word' id='word_1_250' title='bbox 502 919 640 959; x_wconf 73' lang='grc' dir='ltr'>ἀρέσκεια,</span> <span class='ocrx_word' id='word_1_251' title='bbox 669 921 797 959; x_wconf 83' lang='grc' dir='ltr'>πληρωθῇ</span> <span class='ocrx_word' id='word_1_252' title='bbox 824 920 834 948; x_wconf 78' lang='grc' dir='ltr'><strong><em>ε</em></strong></span> 
     </span>
    </p>
   </div>
   <div class='ocr_carea' id='block_1_35' title="bbox 938 914 1702 959">
    <p class='ocr_par' dir='ltr' id='par_1_35' title="bbox 938 919 1702 958">
     <span class='ocr_line' id='line_1_35' title="bbox 938 919 1702 958; baseline -0.005 -8"><span class='ocrx_word' id='word_1_253' title='bbox 938 921 1005 958; x_wconf 82' lang='lat' dir='ltr'><strong>quit,</strong></span> <span class='ocrx_word' id='word_1_254' title='bbox 1021 921 1190 949; x_wconf 81' lang='lat' dir='ltr'><strong>vocationem</strong></span> <span class='ocrx_word' id='word_1_255' title='bbox 1210 921 1283 954; x_wconf 86' lang='lat' dir='ltr'><strong>dico,</strong></span> <span class='ocrx_word' id='word_1_256' title='bbox 1306 924 1336 948; x_wconf 87' lang='lat' dir='ltr'><strong>ut</strong></span> <span class='ocrx_word' id='word_1_257' title='bbox 1352 920 1443 948; x_wconf 85' lang='lat' dir='ltr'><strong>omnis</strong></span> <span class='ocrx_word' id='word_1_258' title='bbox 1456 920 1582 947; x_wconf 83' lang='lat' dir='ltr'><strong>voluntas</strong></span> <span class='ocrx_word' id='word_1_259' title='bbox 1597 919 1658 953; x_wconf 87' lang='lat' dir='ltr'><strong>Dei,</strong></span> <span class='ocrx_word' id='word_1_260' title='bbox 1674 919 1702 947; x_wconf 95' lang='lat' dir='ltr'><strong>id</strong></span> 
     </span>
    </p>
   </div>
   <div class='ocr_carea' id='block_1_36' title="bbox 29 959 855 1004">
    <p class='ocr_par' dir='ltr' id='par_1_36' title="bbox 29 959 855 1004">
     <span class='ocr_line' id='line_1_36' title="bbox 29 959 855 1004; baseline 0 -12"><span class='ocrx_word' id='word_1_261' title='bbox 29 966 93 1002; x_wconf 79' lang='grc' dir='ltr'>ὗμῑν</span> <span class='ocrx_word' id='word_1_262' title='bbox 105 986 114 1001; x_wconf 89' lang='lat'><strong>,</strong></span> <span class='ocrx_word' id='word_1_263' title='bbox 142 964 196 994; x_wconf 77' lang='grc' dir='ltr'><strong>καὶ</strong></span> <span class='ocrx_word' id='word_1_264' title='bbox 216 968 279 994; x_wconf 75' lang='grc' dir='ltr'><strong>πᾶν</strong></span> <span class='ocrx_word' id='word_1_265' title='bbox 304 965 403 1004; x_wconf 81' lang='grc' dir='ltr'>ἀγαθὸν</span> <span class='ocrx_word' id='word_1_266' title='bbox 419 965 617 1004; x_wconf 80' lang='grc' dir='ltr'>διαπράττησθι</span> <span class='ocrx_word' id='word_1_267' title='bbox 627 986 635 1002; x_wconf 82' lang='lat'><strong>,</strong></span> <span class='ocrx_word' id='word_1_268' title='bbox 651 965 696 994; x_wconf 82' lang='grc' dir='ltr'><strong>καὶ</strong></span> <span class='ocrx_word' id='word_1_269' title='bbox 710 964 792 998; x_wconf 76' lang='grc' dir='ltr'>οὕτως</span> <span class='ocrx_word' id='word_1_270' title='bbox 808 959 855 999; x_wconf 69' lang='grc' dir='ltr'><strong>ἦτε</strong></span> 
     </span>
    </p>
   </div>
   <div class='ocr_carea' id='block_1_37' title="bbox 31 1008 855 1048">
    <p class='ocr_par' dir='ltr' id='par_1_37' title="bbox 31 1008 855 1048">
     <span class='ocr_line' id='line_1_37' title="bbox 31 1008 855 1048; baseline 0.002 -11"><span class='ocrx_word' id='word_1_271' title='bbox 31 1009 66 1041; x_wconf 83' lang='grc' dir='ltr'>ὼς</span> <span class='ocrx_word' id='word_1_272' title='bbox 84 1008 226 1048; x_wconf 76' lang='grc' dir='ltr'>βούλεται</span> <span class='ocrx_word' id='word_1_273' title='bbox 242 1011 260 1038; x_wconf 82' lang='grc' dir='ltr'>ὁ</span> <span class='ocrx_word' id='word_1_274' title='bbox 275 1009 358 1046; x_wconf 69' lang='grc' dir='ltr'><strong>Θεὸς,</strong></span> <span class='ocrx_word' id='word_1_275' title='bbox 374 1009 486 1047; x_wconf 78' lang='grc' dir='ltr'>μηδενὸς</span> <span class='ocrx_word' id='word_1_276' title='bbox 497 1010 559 1047; x_wconf 72' lang='grc' dir='ltr'>ὑμῖν</span> <span class='ocrx_word' id='word_1_277' title='bbox 572 1009 707 1042; x_wconf 76' lang='grc' dir='ltr'>λείποντος</span> <span class='ocrx_word' id='word_1_278' title='bbox 716 1009 753 1039; x_wconf 80' lang='grc'><strong>³⁵.</strong></span> <span class='ocrx_word' id='word_1_279' title='bbox 790 1008 855 1039; x_wconf 83' lang='grc' dir='ltr'><strong>Ἐν-</strong></span> 
     </span>
    </p>
   </div>
   <div class='ocr_carea' id='block_1_38' title="bbox 31 1053 854 1093">
    <p class='ocr_par' dir='ltr' id='par_1_38' title="bbox 31 1053 854 1093">
     <span class='ocr_line' id='line_1_38' title="bbox 31 1053 854 1093; baseline 0 -11"><span class='ocrx_word' id='word_1_280' title='bbox 31 1055 121 1083; x_wconf 70' lang='grc' dir='ltr'>ταῦθα</span> <span class='ocrx_word' id='word_1_281' title='bbox 150 1054 181 1083; x_wconf 82' lang='grc' dir='ltr'>δὲ</span> <span class='ocrx_word' id='word_1_282' title='bbox 207 1054 261 1083; x_wconf 74' lang='grc' dir='ltr'>καὶ</span> <span class='ocrx_word' id='word_1_283' title='bbox 287 1055 462 1084; x_wconf 80' lang='grc' dir='ltr'>καταστέλλιι</span> <span class='ocrx_word' id='word_1_284' title='bbox 485 1053 516 1083; x_wconf 78' lang='grc' dir='ltr'><strong>τὸ</strong></span> <span class='ocrx_word' id='word_1_285' title='bbox 530 1054 654 1093; x_wconf 80' lang='grc' dir='ltr'>φρόνημα</span> <span class='ocrx_word' id='word_1_286' title='bbox 684 1054 789 1090; x_wconf 75' lang='grc' dir='ltr'>αὐτῶν,</span> <span class='ocrx_word' id='word_1_287' title='bbox 811 1053 854 1082; x_wconf 78' lang='grc' dir='ltr'><strong>ἵνα</strong></span> 
     </span>
    </p>
   </div>
   <div class='ocr_carea' id='block_1_39' title="bbox 34 1097 855 1138">
    <p class='ocr_par' dir='ltr' id='par_1_39' title="bbox 34 1097 855 1138">
     <span class='ocr_line' id='line_1_39' title="bbox 34 1097 855 1138; baseline 0 -10"><span class='ocrx_word' id='word_1_288' title='bbox 34 1097 72 1135; x_wconf 79' lang='grc' dir='ltr'><strong>μὴ</strong></span> <span class='ocrx_word' id='word_1_289' title='bbox 95 1099 251 1138; x_wconf 75' lang='grc' dir='ltr'>ἐπαρθῶσι</span> <span class='ocrx_word' id='word_1_290' title='bbox 275 1100 329 1132; x_wconf 81' lang='grc' dir='ltr'>τοῖς</span> <span class='ocrx_word' id='word_1_291' title='bbox 345 1099 452 1132; x_wconf 85' lang='grc' dir='ltr'>πολλοῖς</span> <span class='ocrx_word' id='word_1_292' title='bbox 477 1098 635 1138; x_wconf 66' lang='grc' dir='ltr'>ἐγκωμίοις·</span> <span class='ocrx_word' id='word_1_293' title='bbox 658 1098 776 1128; x_wconf 76' lang='grc' dir='ltr'>δείκνυσι</span> <span class='ocrx_word' id='word_1_294' title='bbox 803 1099 855 1138; x_wconf 81' lang='grc' dir='ltr'><strong>γὰρ</strong></span> 
     </span>
    </p>
   </div>
   <div class='ocr_carea' id='block_1_40' title="bbox 35 1141 396 1174">
    <p class='ocr_par' dir='ltr' id='par_1_40' title="bbox 35 1141 396 1174">
     <span class='ocr_line' id='line_1_40' title="bbox 35 1141 396 1174; baseline 0.008 -4"><span class='ocrx_word' id='word_1_295' title='bbox 35 1141 76 1171; x_wconf 74' lang='grc' dir='ltr'>ὅτι</span> <span class='ocrx_word' id='word_1_296' title='bbox 92 1141 176 1172; x_wconf 80' lang='grc' dir='ltr'>οὔπω</span> <span class='ocrx_word' id='word_1_297' title='bbox 190 1142 396 1174; x_wconf 77' lang='grc' dir='ltr'>τιτιλείωνται.</span> 
     </span>
    </p>
   </div>
   <div class='ocr_carea' id='block_1_41' title="bbox 78 1231 855 1272">
    <p class='ocr_par' dir='ltr' id='par_1_41' title="bbox 78 1231 855 1272">
     <span class='ocr_line' id='line_1_41' title="bbox 78 1231 855 1272; baseline -0.001 -10"><span class='ocrx_word' id='word_1_298' title='bbox 78 1244 90 1258; x_wconf 75' lang='grc' dir='ltr'><strong>ε</strong></span> <span class='ocrx_word' id='word_1_299' title='bbox 110 1232 171 1262; x_wconf 86' lang='grc' dir='ltr'>Καὶ</span> <span class='ocrx_word' id='word_1_300' title='bbox 185 1232 271 1272; x_wconf 76' lang='grc' dir='ltr'>ἔργον</span> <span class='ocrx_word' id='word_1_301' title='bbox 293 1232 408 1265; x_wconf 79' lang='grc' dir='ltr'>πίστιως</span> <span class='ocrx_word' id='word_1_302' title='bbox 425 1232 451 1261; x_wconf 78' lang='grc' dir='ltr'>ἓν</span> <span class='ocrx_word' id='word_1_303' title='bbox 473 1231 592 1270; x_wconf 78' lang='grc' dir='ltr'><strong>δυνάμει.</strong></span> <span class='ocrx_word' id='word_1_304' title='bbox 611 1247 624 1258; x_wconf 80' lang='grc' dir='ltr'><strong>ι</strong></span> <span class='ocrx_word' id='word_1_305' title='bbox 647 1232 707 1268; x_wconf 88' lang='grc' dir='ltr'>Τὴν</span> <span class='ocrx_word' id='word_1_306' title='bbox 720 1232 855 1270; x_wconf 78' lang='grc' dir='ltr'>ὑπομονὴν</span> 
     </span>
    </p>
   </div>
   <div class='ocr_carea' id='block_1_42' title="bbox 40 1276 854 1317">
    <p class='ocr_par' dir='ltr' id='par_1_42' title="bbox 40 1276 854 1317">
     <span class='ocr_line' id='line_1_42' title="bbox 40 1276 854 1317; baseline 0.004 -13"><span class='ocrx_word' id='word_1_307' title='bbox 40 1277 90 1304; x_wconf 76' lang='grc' dir='ltr'><strong>τῶν</strong></span> <span class='ocrx_word' id='word_1_308' title='bbox 111 1277 273 1316; x_wconf 64' lang='grc' dir='ltr'>διιιὟμῶν,</span> <span class='ocrx_word' id='word_1_309' title='bbox 299 1277 380 1317; x_wconf 75' lang='grc' dir='ltr'>φησὶ,</span> <span class='ocrx_word' id='word_1_310' title='bbox 402 1276 504 1306; x_wconf 80' lang='grc' dir='ltr'>τελιίαν</span> <span class='ocrx_word' id='word_1_311' title='bbox 520 1279 547 1307; x_wconf 75' lang='grc' dir='ltr'>ἐν</span> <span class='ocrx_word' id='word_1_312' title='bbox 571 1280 632 1315; x_wconf 78' lang='grc' dir='ltr'>ὑμῖν</span> <span class='ocrx_word' id='word_1_313' title='bbox 647 1276 764 1313; x_wconf 81' lang='grc' dir='ltr'>ποιήσει.</span> <span class='ocrx_word' id='word_1_314' title='bbox 779 1278 854 1313; x_wconf 57' lang='grc' dir='ltr'><strong>Πῶς</strong></span> 
     </span>
    </p>
   </div>
   <div class='ocr_carea' id='block_1_43' title="bbox 40 1320 855 1362">
    <p class='ocr_par' dir='ltr' id='par_1_43' title="bbox 40 1320 855 1362">
     <span class='ocr_line' id='line_1_43' title="bbox 40 1320 855 1362; baseline 0 -11"><span class='ocrx_word' id='word_1_315' title='bbox 40 1334 51 1345; x_wconf 83' lang='grc' dir='ltr'><strong>ι</strong></span> <span class='ocrx_word' id='word_1_316' title='bbox 64 1320 112 1351; x_wconf 83' lang='grc' dir='ltr'>Ἐν</span> <span class='ocrx_word' id='word_1_317' title='bbox 122 1321 248 1360; x_wconf 78' lang='grc' dir='ltr'>δυνάμει</span> <span class='ocrx_word' id='word_1_318' title='bbox 262 1333 270 1340; x_wconf 75' lang='grc' dir='ltr'><strong>ο</strong></span> <span class='ocrx_word' id='word_1_319' title='bbox 280 1332 294 1349; x_wconf 76' lang='grc' dir='ltr'><strong>ι</strong></span> <span class='ocrx_word' id='word_1_320' title='bbox 309 1321 440 1358; x_wconf 79' lang='grc' dir='ltr'>τουτέστι,</span> <span class='ocrx_word' id='word_1_321' title='bbox 449 1321 615 1361; x_wconf 84' lang='grc' dir='ltr'>Δυναμώσας</span> <span class='ocrx_word' id='word_1_322' title='bbox 624 1321 743 1360; x_wconf 75' lang='grc' dir='ltr'>ὑμᾶςκαὶ</span> <span class='ocrx_word' id='word_1_323' title='bbox 752 1322 855 1362; x_wconf 81' lang='grc' dir='ltr'>ἐνισχύ-</span> 
     </span>
    </p>
   </div>
   <div class='ocr_carea' id='block_1_44' title="bbox 43 1365 853 1407">
    <p class='ocr_par' dir='ltr' id='par_1_44' title="bbox 43 1365 853 1407">
     <span class='ocr_line' id='line_1_44' title="bbox 43 1365 853 1407; baseline -0.004 -9"><span class='ocrx_word' id='word_1_324' title='bbox 43 1376 103 1398; x_wconf 74' lang='grc' dir='ltr'>σας*</span> <span class='ocrx_word' id='word_1_325' title='bbox 116 1367 136 1401; x_wconf 79' lang='grc' dir='ltr'><strong>ἡ</strong></span> <span class='ocrx_word' id='word_1_326' title='bbox 151 1366 209 1407; x_wconf 77' lang='grc' dir='ltr'><strong>γὰρ</strong></span> <span class='ocrx_word' id='word_1_327' title='bbox 229 1366 354 1405; x_wconf 74' lang='grc' dir='ltr'>ὑπομονὴ</span> <span class='ocrx_word' id='word_1_328' title='bbox 374 1366 444 1396; x_wconf 78' lang='grc' dir='ltr'>ἔστιν</span> <span class='ocrx_word' id='word_1_329' title='bbox 460 1368 534 1405; x_wconf 76' lang='grc' dir='ltr'>ἔργον</span> <span class='ocrx_word' id='word_1_330' title='bbox 547 1366 670 1400; x_wconf 80' lang='grc' dir='ltr'>πίστεως.</span> <span class='ocrx_word' id='word_1_331' title='bbox 687 1365 773 1396; x_wconf 64' lang='lat' dir='ltr'><strong>&quot;nos:</strong></span> <span class='ocrx_word' id='word_1_332' title='bbox 789 1369 802 1395; x_wconf 79' lang='grc' dir='ltr'><strong>δ</strong></span> <span class='ocrx_word' id='word_1_333' title='bbox 815 1367 853 1405; x_wconf 86' lang='grc' dir='ltr'><strong>μὴ</strong></span> 
     </span>
    </p>
   </div>
   <div class='ocr_carea' id='block_1_45' title="bbox 43 1409 741 1451">
    <p class='ocr_par' dir='ltr' id='par_1_45' title="bbox 43 1409 741 1451">
     <span class='ocr_line' id='line_1_45' title="bbox 43 1409 741 1451; baseline 0.003 -13"><span class='ocrx_word' id='word_1_334' title='bbox 43 1409 112 1449; x_wconf 74' lang='grc' dir='ltr'>ἔχων</span> <span class='ocrx_word' id='word_1_335' title='bbox 132 1410 295 1450; x_wconf 78' lang='grc' dir='ltr'>ὑπομονὴν,</span> <span class='ocrx_word' id='word_1_336' title='bbox 313 1410 371 1441; x_wconf 63' lang='grc' dir='ltr'>οὐδὲ</span> <span class='ocrx_word' id='word_1_337' title='bbox 387 1410 464 1451; x_wconf 77' lang='grc' dir='ltr'>ἔργον</span> <span class='ocrx_word' id='word_1_338' title='bbox 475 1411 589 1445; x_wconf 70' lang='grc' dir='ltr'>πίστεως</span> <span class='ocrx_word' id='word_1_339' title='bbox 601 1411 741 1441; x_wconf 82' lang='grc' dir='ltr'>δείκνυσιν.</span> 
     </span>
    </p>
   </div>
   <div class='ocr_carea' id='block_1_46' title="bbox 83 1454 854 1496">
    <p class='ocr_par' dir='ltr' id='par_1_46' title="bbox 83 1454 854 1496">
     <span class='ocr_line' id='line_1_46' title="bbox 83 1454 854 1496; baseline 0.001 -12"><span class='ocrx_word' id='word_1_340' title='bbox 83 1468 95 1480; x_wconf 73' lang='grc' dir='ltr'><strong>ε</strong></span> <span class='ocrx_word' id='word_1_341' title='bbox 110 1454 217 1488; x_wconf 79' lang='grc' dir='ltr'>Ὅπως</span> <span class='ocrx_word' id='word_1_342' title='bbox 251 1455 394 1495; x_wconf 77' lang='grc' dir='ltr'>ἐνδοξασθῇ</span> <span class='ocrx_word' id='word_1_343' title='bbox 418 1455 449 1485; x_wconf 83' lang='grc' dir='ltr'><strong>τὸ</strong></span> <span class='ocrx_word' id='word_1_344' title='bbox 479 1456 563 1494; x_wconf 84' lang='grc' dir='ltr'>ὄνομα</span> <span class='ocrx_word' id='word_1_345' title='bbox 585 1460 631 1486; x_wconf 73' lang='grc' dir='ltr'><strong>τοῦ</strong></span> <span class='ocrx_word' id='word_1_346' title='bbox 657 1456 756 1496; x_wconf 78' lang='grc' dir='ltr'>Κυρίου</span> <span class='ocrx_word' id='word_1_347' title='bbox 777 1457 854 1493; x_wconf 80' lang='grc' dir='ltr'>ἡμῶν</span> 
     </span>
    </p>
   </div>
   <div class='ocr_carea' id='block_1_47' title="bbox 34 1498 850 1540">
    <p class='ocr_par' dir='ltr' id='par_1_47' title="bbox 34 1498 850 1540">
     <span class='ocr_line' id='line_1_47' title="bbox 34 1498 850 1540; baseline -0.001 -10"><span class='ocrx_word' id='word_1_348' title='bbox 34 1498 134 1535; x_wconf 49' lang='grc' dir='ltr'><strong>ἔξησῶ</strong></span> <span class='ocrx_word' id='word_1_349' title='bbox 150 1500 279 1540; x_wconf 77' lang='grc' dir='ltr'>Χριστοῦ</span> <span class='ocrx_word' id='word_1_350' title='bbox 295 1501 322 1530; x_wconf 72' lang='grc' dir='ltr'>ἕν</span> <span class='ocrx_word' id='word_1_351' title='bbox 340 1501 417 1539; x_wconf 79' lang='grc' dir='ltr'>ὑμῖν,</span> <span class='ocrx_word' id='word_1_352' title='bbox 432 1500 479 1530; x_wconf 79' lang='grc' dir='ltr'><strong>καὶ</strong></span> <span class='ocrx_word' id='word_1_353' title='bbox 504 1502 578 1539; x_wconf 77' lang='grc' dir='ltr'>ὗμιίς</span> <span class='ocrx_word' id='word_1_354' title='bbox 595 1501 622 1530; x_wconf 74' lang='grc' dir='ltr'>ἐν</span> <span class='ocrx_word' id='word_1_355' title='bbox 649 1501 733 1540; x_wconf 73' lang='grc' dir='ltr'>αὐτῷ.</span> <span class='ocrx_word' id='word_1_356' title='bbox 756 1515 767 1526; x_wconf 87' lang='grc' dir='ltr'>ι-</span> <span class='ocrx_word' id='word_1_357' title='bbox 783 1500 850 1531; x_wconf 73' lang='grc' dir='ltr'>Ἐὰν</span> 
     </span>
    </p>
   </div>
   <div class='ocr_carea' id='block_1_48' title="bbox 45 1544 853 1586">
    <p class='ocr_par' dir='ltr' id='par_1_48' title="bbox 45 1544 853 1586">
     <span class='ocr_line' id='line_1_48' title="bbox 45 1544 853 1586; baseline 0.002 -14"><span class='ocrx_word' id='word_1_358' title='bbox 45 1546 133 1573; x_wconf 71' lang='grc' dir='ltr'>ταῦτα</span> <span class='ocrx_word' id='word_1_359' title='bbox 158 1544 197 1574; x_wconf 78' lang='grc' dir='ltr'><strong>τὰ</strong></span> <span class='ocrx_word' id='word_1_360' title='bbox 215 1545 400 1586; x_wconf 78' lang='grc' dir='ltr'>προειρημένα</span> <span class='ocrx_word' id='word_1_361' title='bbox 415 1545 525 1584; x_wconf 78' lang='grc' dir='ltr'>γίνηται</span> <span class='ocrx_word' id='word_1_362' title='bbox 552 1547 632 1584; x_wconf 77' lang='grc' dir='ltr'>ὑμῖν,</span> <span class='ocrx_word' id='word_1_363' title='bbox 648 1545 727 1586; x_wconf 69' lang='grc' dir='ltr'>φησὶν</span> <span class='ocrx_word' id='word_1_364' title='bbox 740 1567 748 1581; x_wconf 90' lang='grc'><strong>,</strong></span> <span class='ocrx_word' id='word_1_365' title='bbox 780 1546 853 1575; x_wconf 72' lang='grc' dir='ltr'>ἔνδο-</span> 
     </span>
    </p>
   </div>
   <div class='ocr_carea' id='block_1_49' title="bbox 49 1587 854 1630">
    <p class='ocr_par' dir='ltr' id='par_1_49' title="bbox 49 1587 854 1630">
     <span class='ocr_line' id='line_1_49' title="bbox 49 1587 854 1630; baseline 0.004 -13"><span class='ocrx_word' id='word_1_366' title='bbox 49 1587 215 1625; x_wconf 80' lang='grc' dir='ltr'>ξασθήσεται</span> <span class='ocrx_word' id='word_1_367' title='bbox 236 1590 283 1619; x_wconf 78' lang='grc' dir='ltr'><strong>καὶ</strong></span> <span class='ocrx_word' id='word_1_368' title='bbox 299 1591 325 1620; x_wconf 78' lang='grc' dir='ltr'>ἐν</span> <span class='ocrx_word' id='word_1_369' title='bbox 340 1591 379 1630; x_wconf 75' lang='grc' dir='ltr'><strong>τῷ</strong></span> <span class='ocrx_word' id='word_1_370' title='bbox 403 1589 452 1629; x_wconf 86' lang='grc' dir='ltr'>βίῳ</span> <span class='ocrx_word' id='word_1_371' title='bbox 467 1590 552 1630; x_wconf 79' lang='grc' dir='ltr'>τούτῳ</span> <span class='ocrx_word' id='word_1_372' title='bbox 573 1590 603 1620; x_wconf 84' lang='grc' dir='ltr'><strong>τὸ</strong></span> <span class='ocrx_word' id='word_1_373' title='bbox 623 1590 708 1629; x_wconf 83' lang='grc' dir='ltr'>ὄνομα</span> <span class='ocrx_word' id='word_1_374' title='bbox 731 1593 777 1620; x_wconf 75' lang='grc' dir='ltr'><strong>τοῦ</strong></span> <span class='ocrx_word' id='word_1_375' title='bbox 798 1591 854 1620; x_wconf 84' lang='grc' dir='ltr'><strong>Κυ-</strong></span> 
     </span>
    </p>
   </div>
   <div class='ocr_carea' id='block_1_50' title="bbox 48 1632 854 1674">
    <p class='ocr_par' dir='ltr' id='par_1_50' title="bbox 48 1632 854 1674">
     <span class='ocr_line' id='line_1_50' title="bbox 48 1632 854 1674; baseline 0.002 -11"><span class='ocrx_word' id='word_1_376' title='bbox 48 1632 102 1671; x_wconf 78' lang='grc' dir='ltr'>ρίου</span> <span class='ocrx_word' id='word_1_377' title='bbox 124 1634 153 1663; x_wconf 77' lang='grc' dir='ltr'><strong>ἐν</strong></span> <span class='ocrx_word' id='word_1_378' title='bbox 177 1636 255 1673; x_wconf 73' lang='grc' dir='ltr'>ὓμῖν.</span> <span class='ocrx_word' id='word_1_379' title='bbox 270 1632 359 1664; x_wconf 79' lang='grc' dir='ltr'>Ὅταν</span> <span class='ocrx_word' id='word_1_380' title='bbox 373 1634 424 1674; x_wconf 80' lang='grc' dir='ltr'><strong>γὰρ</strong></span> <span class='ocrx_word' id='word_1_381' title='bbox 440 1635 531 1664; x_wconf 80' lang='grc' dir='ltr'>ἴδωσιν</span> <span class='ocrx_word' id='word_1_382' title='bbox 551 1636 619 1673; x_wconf 68' lang='grc' dir='ltr'>ὑμᾶς</span> <span class='ocrx_word' id='word_1_383' title='bbox 634 1635 812 1674; x_wconf 74' lang='grc' dir='ltr'>ὑπομένοντας</span> <span class='ocrx_word' id='word_1_384' title='bbox 829 1634 854 1652; x_wconf 74' lang='grc'><strong>⁸⁸</strong></span> 
     </span>
    </p>
   </div>
   <div class='ocr_carea' id='block_1_51' title="bbox 48 1677 853 1719">
    <p class='ocr_par' dir='ltr' id='par_1_51' title="bbox 48 1677 853 1719">
     <span class='ocr_line' id='line_1_51' title="bbox 48 1677 853 1719; baseline 0.004 -13"><span class='ocrx_word' id='word_1_385' title='bbox 48 1677 135 1706; x_wconf 78' lang='grc' dir='ltr'>πάντα</span> <span class='ocrx_word' id='word_1_386' title='bbox 157 1678 312 1719; x_wconf 74' lang='grc' dir='ltr'>πειρασμὸν</span> <span class='ocrx_word' id='word_1_387' title='bbox 322 1680 388 1718; x_wconf 83' lang='grc' dir='ltr'>ὑπὲρ</span> <span class='ocrx_word' id='word_1_388' title='bbox 400 1682 446 1715; x_wconf 76' lang='grc' dir='ltr'><strong>τῆς</strong></span> <span class='ocrx_word' id='word_1_389' title='bbox 461 1680 498 1713; x_wconf 76' lang='grc' dir='ltr'><strong>εἰς</strong></span> <span class='ocrx_word' id='word_1_390' title='bbox 510 1679 554 1708; x_wconf 80' lang='grc' dir='ltr'><strong>τὸν</strong></span> <span class='ocrx_word' id='word_1_391' title='bbox 578 1680 716 1716; x_wconf 82' lang='grc' dir='ltr'>Δεσπότην</span> <span class='ocrx_word' id='word_1_392' title='bbox 732 1679 853 1718; x_wconf 80' lang='grc' dir='ltr'>ἀγάπης,</span> 
     </span>
    </p>
   </div>
   <div class='ocr_carea' id='block_1_52' title="bbox 34 1723 855 1764">
    <p class='ocr_par' dir='ltr' id='par_1_52' title="bbox 34 1723 855 1764">
     <span class='ocr_line' id='line_1_52' title="bbox 34 1723 855 1764; baseline 0 -10"><span class='ocrx_word' id='word_1_393' title='bbox 34 1723 105 1764; x_wconf 48' lang='lat' dir='ltr'><strong>{Rt-Iis</strong></span> <span class='ocrx_word' id='word_1_394' title='bbox 130 1724 180 1753; x_wconf 81' lang='grc' dir='ltr'>οὖκ</span> <span class='ocrx_word' id='word_1_395' title='bbox 202 1723 371 1753; x_wconf 72' lang='grc' dir='ltr'>ἔσταιτοῦτο</span> <span class='ocrx_word' id='word_1_396' title='bbox 396 1723 457 1758; x_wconf 81' lang='grc' dir='ltr'>δόξα</span> <span class='ocrx_word' id='word_1_397' title='bbox 480 1724 570 1764; x_wconf 76' lang='grc' dir='ltr'>αὐτῷ,</span> <span class='ocrx_word' id='word_1_398' title='bbox 597 1723 637 1753; x_wconf 74' lang='grc' dir='ltr'>ὅτι</span> <span class='ocrx_word' id='word_1_399' title='bbox 653 1723 735 1757; x_wconf 78' lang='grc' dir='ltr'>οὕτως</span> <span class='ocrx_word' id='word_1_400' title='bbox 759 1725 855 1763; x_wconf 80' lang='grc' dir='ltr'>ἀγαθός</span> 
     </span>
    </p>
   </div>
   <div class='ocr_carea' id='block_1_53' title="bbox 30 1761 849 1807">
    <p class='ocr_par' dir='ltr' id='par_1_53' title="bbox 30 1761 849 1807">
     <span class='ocr_line' id='line_1_53' title="bbox 30 1761 849 1807; baseline 0.002 -12"><span class='ocrx_word' id='word_1_401' title='bbox 30 1761 131 1805; x_wconf 52' lang='lat' dir='ltr'><strong>“istm</strong></span> <span class='ocrx_word' id='word_1_402' title='bbox 147 1767 223 1798; x_wconf 71' lang='grc' dir='ltr'>ὥστε</span> <span class='ocrx_word' id='word_1_403' title='bbox 245 1767 314 1807; x_wconf 74' lang='grc' dir='ltr'>ὑπὲρ</span> <span class='ocrx_word' id='word_1_404' title='bbox 338 1769 419 1798; x_wconf 75' lang='grc' dir='ltr'>αὐτοῦ</span> <span class='ocrx_word' id='word_1_405' title='bbox 451 1769 626 1805; x_wconf 78' lang='grc' dir='ltr'>ἀποθνήσκειν</span> <span class='ocrx_word' id='word_1_406' title='bbox 649 1769 708 1802; x_wconf 81' lang='grc' dir='ltr'>τοὺς</span> <span class='ocrx_word' id='word_1_407' title='bbox 732 1769 849 1806; x_wconf 78' lang='grc' dir='ltr'>δούλους,</span> 
     </span>
    </p>
   </div>
   <div class='ocr_carea' id='block_1_54' title="bbox 51 1811 854 1853">
    <p class='ocr_par' dir='ltr' id='par_1_54' title="bbox 51 1811 854 1853">
     <span class='ocr_line' id='line_1_54' title="bbox 51 1811 854 1853; baseline 0.004 -14"><span class='ocrx_word' id='word_1_408' title='bbox 51 1811 94 1840; x_wconf 82' lang='grc' dir='ltr'>καὶ</span> <span class='ocrx_word' id='word_1_409' title='bbox 121 1811 163 1841; x_wconf 82' lang='grc' dir='ltr'>ὃτι</span> <span class='ocrx_word' id='word_1_410' title='bbox 191 1812 265 1842; x_wconf 76' lang='grc' dir='ltr'>οὕτω</span> <span class='ocrx_word' id='word_1_411' title='bbox 294 1814 417 1850; x_wconf 77' lang='grc' dir='ltr'>δυνατὸς,</span> <span class='ocrx_word' id='word_1_412' title='bbox 446 1812 515 1843; x_wconf 79' lang='grc' dir='ltr'>ὥστε</span> <span class='ocrx_word' id='word_1_413' title='bbox 539 1815 608 1851; x_wconf 73' lang='grc' dir='ltr'>ὑμᾶς</span> <span class='ocrx_word' id='word_1_414' title='bbox 631 1815 761 1852; x_wconf 76' lang='grc' dir='ltr'>νευρῶσαι</span> <span class='ocrx_word' id='word_1_415' title='bbox 788 1813 854 1853; x_wconf 79' lang='grc' dir='ltr'>πρὸς</span> 
     </span>
    </p>
   </div>
   <div class='ocr_carea' id='block_1_55' title="bbox 45 1856 854 1899">
    <p class='ocr_par' dir='ltr' id='par_1_55' title="bbox 45 1856 854 1899">
     <span class='ocr_line' id='line_1_55' title="bbox 45 1856 854 1899; baseline 0.004 -15"><span class='ocrx_word' id='word_1_416' title='bbox 45 1856 97 1898; x_wconf 55' lang='grc' dir='ltr'>ττὴν</span> <span class='ocrx_word' id='word_1_417' title='bbox 111 1858 272 1896; x_wconf 74' lang='grc' dir='ltr'>ὓπομονήνς</span> <span class='ocrx_word' id='word_1_418' title='bbox 288 1857 367 1888; x_wconf 78' lang='grc' dir='ltr'>Ἀλλὰ</span> <span class='ocrx_word' id='word_1_419' title='bbox 396 1858 440 1887; x_wconf 76' lang='grc' dir='ltr'>καὶ</span> <span class='ocrx_word' id='word_1_420' title='bbox 471 1859 544 1896; x_wconf 68' lang='lat' dir='ltr'><strong>by.qu</strong></span> <span class='ocrx_word' id='word_1_421' title='bbox 568 1860 594 1887; x_wconf 86' lang='grc' dir='ltr'>έν</span> <span class='ocrx_word' id='word_1_422' title='bbox 617 1859 705 1899; x_wconf 81' lang='grc' dir='ltr'>αὐτῷ,</span> <span class='ocrx_word' id='word_1_423' title='bbox 733 1858 773 1887; x_wconf 76' lang='grc' dir='ltr'><strong>ὅτι</strong></span> <span class='ocrx_word' id='word_1_424' title='bbox 784 1857 854 1888; x_wconf 78' lang='grc' dir='ltr'>οὕτω</span> 
     </span>
    </p>
   </div>
   <div class='ocr_carea' id='block_1_56' title="bbox 23 1899 852 1942">
    <p class='ocr_par' dir='ltr' id='par_1_56' title="bbox 23 1899 852 1942">
     <span class='ocr_line' id='line_1_56' title="bbox 23 1899 852 1942; baseline 0.005 -14"><span class='ocrx_word' id='word_1_425' title='bbox 23 1899 141 1930; x_wconf 48' lang='lat' dir='ltr'><strong>“arts-101</strong></span> <span class='ocrx_word' id='word_1_426' title='bbox 156 1903 283 1942; x_wconf 81' lang='grc' dir='ltr'>εὗρέθητε</span> <span class='ocrx_word' id='word_1_427' title='bbox 297 1903 333 1936; x_wconf 84' lang='grc' dir='ltr'><strong>ὡς</strong></span> <span class='ocrx_word' id='word_1_428' title='bbox 352 1902 439 1932; x_wconf 75' lang='grc' dir='ltr'>πάντα</span> <span class='ocrx_word' id='word_1_429' title='bbox 453 1903 577 1942; x_wconf 79' lang='grc' dir='ltr'>πάσχειν,</span> <span class='ocrx_word' id='word_1_430' title='bbox 591 1902 660 1937; x_wconf 80' lang='grc' dir='ltr'>Δόξα</span> <span class='ocrx_word' id='word_1_431' title='bbox 670 1903 721 1942; x_wconf 82' lang='grc' dir='ltr'><strong>γὰρ</strong></span> <span class='ocrx_word' id='word_1_432' title='bbox 743 1903 852 1939; x_wconf 85' lang='grc' dir='ltr'>δούλου,</span> 
     </span>
    </p>
   </div>
   <div class='ocr_carea' id='block_1_57' title="bbox 53 1944 854 1987">
    <p class='ocr_par' dir='ltr' id='par_1_57' title="bbox 53 1944 854 1987">
     <span class='ocr_line' id='line_1_57' title="bbox 53 1944 854 1987; baseline 0.002 -13"><span class='ocrx_word' id='word_1_433' title='bbox 53 1944 81 1972; x_wconf 68' lang='grc' dir='ltr'><strong>τὸ</strong></span> <span class='ocrx_word' id='word_1_434' title='bbox 103 1948 193 1976; x_wconf 80' lang='grc' dir='ltr'>πιστοὶ</span> <span class='ocrx_word' id='word_1_435' title='bbox 213 1948 351 1987; x_wconf 71' lang='grc' dir='ltr'>εὑρεθῆναι</span> <span class='ocrx_word' id='word_1_436' title='bbox 369 1949 406 1987; x_wconf 84' lang='grc' dir='ltr'><strong>τῷ</strong></span> <span class='ocrx_word' id='word_1_437' title='bbox 431 1947 556 1986; x_wconf 83' lang='grc' dir='ltr'>δεσπότῃ.</span> <span class='ocrx_word' id='word_1_438' title='bbox 586 1947 638 1977; x_wconf 77' lang='grc' dir='ltr'><strong>Καὶ</strong></span> <span class='ocrx_word' id='word_1_439' title='bbox 654 1948 741 1982; x_wconf 79' lang='grc' dir='ltr'>ἄλλως</span> <span class='ocrx_word' id='word_1_440' title='bbox 769 1947 812 1984; x_wconf 82' lang='grc' dir='ltr'><strong>δὲ,</strong></span> <span class='ocrx_word' id='word_1_441' title='bbox 838 1950 854 1984; x_wconf 77' lang='grc' dir='ltr'>ἡ</span> 
     </span>
    </p>
   </div>
   <div class='ocr_carea' id='block_1_58' title="bbox 55 1988 852 2032">
    <p class='ocr_par' dir='ltr' id='par_1_58' title="bbox 55 1988 852 2032">
     <span class='ocr_line' id='line_1_58' title="bbox 55 1988 852 2032; baseline 0.004 -14"><span class='ocrx_word' id='word_1_442' title='bbox 55 1988 94 2018; x_wconf 73' lang='grc' dir='ltr'><strong>διὰ</strong></span> <span class='ocrx_word' id='word_1_443' title='bbox 125 1991 246 2031; x_wconf 77' lang='grc' dir='ltr'>Χριστὸν</span> <span class='ocrx_word' id='word_1_444' title='bbox 277 1992 380 2031; x_wconf 75' lang='grc' dir='ltr'>θλῐψις,</span> <span class='ocrx_word' id='word_1_445' title='bbox 415 1991 492 2025; x_wconf 76' lang='grc' dir='ltr'>δόξα·</span> <span class='ocrx_word' id='word_1_446' title='bbox 522 1992 564 2021; x_wconf 80' lang='grc' dir='ltr'><strong>δτι</strong></span> <span class='ocrx_word' id='word_1_447' title='bbox 593 1992 731 2032; x_wconf 77' lang='grc' dir='ltr'>λαμπροὺς</span> <span class='ocrx_word' id='word_1_448' title='bbox 750 1993 852 2030; x_wconf 81' lang='grc' dir='ltr'>μᾶλλον</span> 
     </span>
    </p>
   </div>
   <div class='ocr_carea' id='block_1_59' title="bbox 54 2035 854 2077">
    <p class='ocr_par' dir='ltr' id='par_1_59' title="bbox 54 2035 854 2077">
     <span class='ocr_line' id='line_1_59' title="bbox 54 2035 854 2077; baseline 0.005 -14"><span class='ocrx_word' id='word_1_449' title='bbox 54 2036 123 2064; x_wconf 82' lang='grc' dir='ltr'>ποιιῖ</span> <span class='ocrx_word' id='word_1_450' title='bbox 133 2057 141 2071; x_wconf 82' lang='grc'><strong><em>,</em></strong></span> <span class='ocrx_word' id='word_1_451' title='bbox 159 2037 204 2065; x_wconf 78' lang='grc' dir='ltr'><strong>ἀεὶ</strong></span> <span class='ocrx_word' id='word_1_452' title='bbox 220 2035 268 2075; x_wconf 76' lang='grc' dir='ltr'>μὲν</span> <span class='ocrx_word' id='word_1_453' title='bbox 280 2037 315 2070; x_wconf 79' lang='grc' dir='ltr'><strong>εἷς</strong></span> <span class='ocrx_word' id='word_1_454' title='bbox 330 2036 441 2066; x_wconf 77' lang='grc' dir='ltr'>θάνατον</span> <span class='ocrx_word' id='word_1_455' title='bbox 459 2037 702 2076; x_wconf 77' lang='grc' dir='ltr'>παραδιδομένους,</span> <span class='ocrx_word' id='word_1_456' title='bbox 718 2037 854 2077; x_wconf 81' lang='grc' dir='ltr'>κρείττους</span> 
     </span>
    </p>
   </div>
   <div class='ocr_carea' id='block_1_60' title="bbox 57 2077 417 2120">
    <p class='ocr_par' dir='ltr' id='par_1_60' title="bbox 57 2077 417 2120">
     <span class='ocr_line' id='line_1_60' title="bbox 57 2077 417 2120; baseline 0.014 -13"><span class='ocrx_word' id='word_1_457' title='bbox 57 2077 82 2107; x_wconf 81' lang='grc' dir='ltr'>δὲ</span> <span class='ocrx_word' id='word_1_458' title='bbox 93 2080 209 2111; x_wconf 85' lang='grc' dir='ltr'>θανάτου</span> <span class='ocrx_word' id='word_1_459' title='bbox 221 2080 417 2120; x_wconf 79' lang='grc' dir='ltr'>δεικνυμένους.</span> 
     </span>
    </p>
   </div>
   <div class='ocr_carea' id='block_1_61' title="bbox 97 2171 852 2212">
    <p class='ocr_par' dir='ltr' id='par_1_61' title="bbox 97 2171 852 2212">
     <span class='ocr_line' id='line_1_61' title="bbox 97 2171 852 2212; baseline 0.001 -12"><span class='ocrx_word' id='word_1_460' title='bbox 97 2183 108 2195; x_wconf 76' lang='grc' dir='ltr'><strong>ιι</strong></span> <span class='ocrx_word' id='word_1_461' title='bbox 126 2171 205 2201; x_wconf 82' lang='grc' dir='ltr'><strong>Κατᾶ</strong></span> <span class='ocrx_word' id='word_1_462' title='bbox 231 2171 280 2208; x_wconf 82' lang='grc' dir='ltr'><strong>τὴν</strong></span> <span class='ocrx_word' id='word_1_463' title='bbox 309 2172 388 2212; x_wconf 78' lang='grc' dir='ltr'>χάριν</span> <span class='ocrx_word' id='word_1_464' title='bbox 414 2174 461 2201; x_wconf 69' lang='grc' dir='ltr'><strong>τοῦ</strong></span> <span class='ocrx_word' id='word_1_465' title='bbox 485 2174 556 2202; x_wconf 78' lang='grc' dir='ltr'>Θιοῦ</span> <span class='ocrx_word' id='word_1_466' title='bbox 579 2173 656 2211; x_wconf 80' lang='grc' dir='ltr'>ἡμῶν</span> <span class='ocrx_word' id='word_1_467' title='bbox 681 2172 728 2201; x_wconf 86' lang='grc' dir='ltr'><strong>καὶ</strong></span> <span class='ocrx_word' id='word_1_468' title='bbox 753 2172 852 2211; x_wconf 82' lang='grc' dir='ltr'>Κυρίου</span> 
     </span>
    </p>
   </div>
   <div class='ocr_carea' id='block_1_62' title="bbox 58 2213 853 2257">
    <p class='ocr_par' dir='ltr' id='par_1_62' title="bbox 58 2213 853 2257">
     <span class='ocr_line' id='line_1_62' title="bbox 58 2213 853 2257; baseline 0.005 -14"><span class='ocrx_word' id='word_1_469' title='bbox 58 2213 142 2250; x_wconf 74' lang='grc' dir='ltr'>Ἰησοῦ</span> <span class='ocrx_word' id='word_1_470' title='bbox 168 2217 298 2257; x_wconf 79' lang='grc' dir='ltr'>Χριστοῦ.</span> <span class='ocrx_word' id='word_1_471' title='bbox 316 2229 332 2245; x_wconf 65' lang='grc' dir='ltr'><strong>ν</strong></span> <span class='ocrx_word' id='word_1_472' title='bbox 349 2216 402 2247; x_wconf 80' lang='grc' dir='ltr'><strong>Καὶ</strong></span> <span class='ocrx_word' id='word_1_473' title='bbox 418 2216 482 2246; x_wconf 75' lang='grc' dir='ltr'>αὐτὸ</span> <span class='ocrx_word' id='word_1_474' title='bbox 503 2219 594 2254; x_wconf 77' lang='grc' dir='ltr'>τοῦτο,</span> <span class='ocrx_word' id='word_1_475' title='bbox 612 2217 691 2257; x_wconf 75' lang='grc' dir='ltr'>φησὶ,</span> <span class='ocrx_word' id='word_1_476' title='bbox 713 2219 758 2246; x_wconf 74' lang='grc' dir='ltr'><strong>τοῦ</strong></span> <span class='ocrx_word' id='word_1_477' title='bbox 782 2219 853 2247; x_wconf 79' lang='grc' dir='ltr'>Θεοῦ</span> 
     </span>
    </p>
   </div>
   <div class='ocr_carea' id='block_1_63' title="bbox 60 2258 850 2301">
    <p class='ocr_par' dir='ltr' id='par_1_63' title="bbox 60 2258 850 2301">
     <span class='ocr_line' id='line_1_63' title="bbox 60 2258 850 2301; baseline 0.005 -14"><span class='ocrx_word' id='word_1_478' title='bbox 60 2258 129 2295; x_wconf 71' lang='grc' dir='ltr'>ἔστι,</span> <span class='ocrx_word' id='word_1_479' title='bbox 145 2261 192 2290; x_wconf 80' lang='grc' dir='ltr'><strong>καὶ</strong></span> <span class='ocrx_word' id='word_1_480' title='bbox 204 2263 255 2301; x_wconf 81' lang='grc' dir='ltr'>οὐχ</span> <span class='ocrx_word' id='word_1_481' title='bbox 277 2261 405 2301; x_wconf 76' lang='grc' dir='ltr'>ἡμέτερον</span> <span class='ocrx_word' id='word_1_482' title='bbox 417 2283 426 2299; x_wconf 79' lang='lat'><strong>,</strong></span> <span class='ocrx_word' id='word_1_483' title='bbox 441 2261 510 2290; x_wconf 75' lang='grc' dir='ltr'>ἀλλὰ</span> <span class='ocrx_word' id='word_1_484' title='bbox 525 2261 603 2301; x_wconf 78' lang='grc' dir='ltr'>χάρις</span> <span class='ocrx_word' id='word_1_485' title='bbox 618 2263 708 2297; x_wconf 76' lang='grc' dir='ltr'>αὐτοῦ,</span> <span class='ocrx_word' id='word_1_486' title='bbox 729 2261 759 2290; x_wconf 76' lang='grc' dir='ltr'><strong>τὸ</strong></span> <span class='ocrx_word' id='word_1_487' title='bbox 772 2261 850 2296; x_wconf 80' lang='grc' dir='ltr'>δοξά-</span> 
     </span>
    </p>
   </div>
   <div class='ocr_carea' id='block_1_64' title="bbox 60 2303 851 2347">
    <p class='ocr_par' dir='ltr' id='par_1_64' title="bbox 60 2303 851 2347">
     <span class='ocr_line' id='line_1_64' title="bbox 60 2303 851 2347; baseline 0.001 -12"><span class='ocrx_word' id='word_1_488' title='bbox 60 2303 165 2343; x_wconf 71' lang='grc' dir='ltr'>ζεσθαι,</span> <span class='ocrx_word' id='word_1_489' title='bbox 182 2306 269 2347; x_wconf 77' lang='grc' dir='ltr'>φημὶ,</span> <span class='ocrx_word' id='word_1_490' title='bbox 299 2306 344 2335; x_wconf 83' lang='grc' dir='ltr'><strong>καὶ</strong></span> <span class='ocrx_word' id='word_1_491' title='bbox 371 2306 450 2335; x_wconf 79' lang='grc' dir='ltr'>αὐτὸν</span> <span class='ocrx_word' id='word_1_492' title='bbox 469 2307 495 2335; x_wconf 71' lang='grc' dir='ltr'><strong>ἄν</strong></span> <span class='ocrx_word' id='word_1_493' title='bbox 512 2309 594 2344; x_wconf 83' lang='grc' dir='ltr'>ἡμῖν,</span> <span class='ocrx_word' id='word_1_494' title='bbox 619 2305 659 2335; x_wconf 76' lang='grc' dir='ltr'>ὅτι</span> <span class='ocrx_word' id='word_1_495' title='bbox 685 2307 758 2336; x_wconf 76' lang='grc' dir='ltr'>οὐδὲν</span> <span class='ocrx_word' id='word_1_496' title='bbox 771 2307 851 2336; x_wconf 78' lang='grc' dir='ltr'>αὐτοῦ</span> 
     </span>
    </p>
   </div>
   <div class='ocr_carea' id='block_1_65' title="bbox 61 2350 853 2390">
    <p class='ocr_par' dir='ltr' id='par_1_65' title="bbox 61 2350 853 2390">
     <span class='ocr_line' id='line_1_65' title="bbox 61 2350 853 2390; baseline 0.003 -12"><span class='ocrx_word' id='word_1_497' title='bbox 61 2352 243 2388; x_wconf 75' lang='grc' dir='ltr'>προτιμῶμιν,</span> <span class='ocrx_word' id='word_1_498' title='bbox 268 2352 303 2384; x_wconf 81' lang='grc' dir='ltr'><strong>ὡς</strong></span> <span class='ocrx_word' id='word_1_499' title='bbox 327 2351 487 2390; x_wconf 78' lang='grc' dir='ltr'>γλυκυτέρου</span> <span class='ocrx_word' id='word_1_500' title='bbox 511 2350 630 2380; x_wconf 81' lang='grc' dir='ltr'>πάντων·</span> <span class='ocrx_word' id='word_1_501' title='bbox 655 2351 701 2380; x_wconf 79' lang='grc' dir='ltr'>καὶ</span> <span class='ocrx_word' id='word_1_502' title='bbox 728 2354 800 2389; x_wconf 78' lang='grc' dir='ltr'>ἡμᾶς</span> <span class='ocrx_word' id='word_1_503' title='bbox 826 2353 853 2381; x_wconf 82' lang='grc' dir='ltr'>ἐν</span> 
     </span>
    </p>
   </div>
   <div class='ocr_carea' id='block_1_66' title="bbox 61 2392 852 2435">
    <p class='ocr_par' dir='ltr' id='par_1_66' title="bbox 61 2392 852 2435">
     <span class='ocr_line' id='line_1_66' title="bbox 61 2392 852 2435; baseline 0.001 -12"><span class='ocrx_word' id='word_1_504' title='bbox 61 2392 146 2433; x_wconf 73' lang='grc' dir='ltr'>αὐτῷ,</span> <span class='ocrx_word' id='word_1_505' title='bbox 161 2395 202 2425; x_wconf 78' lang='grc' dir='ltr'><strong>ὅτι</strong></span> <span class='ocrx_word' id='word_1_506' title='bbox 216 2395 328 2434; x_wconf 83' lang='grc' dir='ltr'>δύναμιν</span> <span class='ocrx_word' id='word_1_507' title='bbox 343 2395 408 2435; x_wconf 85' lang='grc' dir='ltr'>παρ’</span> <span class='ocrx_word' id='word_1_508' title='bbox 425 2396 504 2426; x_wconf 80' lang='grc' dir='ltr'>αὐτοῦ</span> <span class='ocrx_word' id='word_1_509' title='bbox 518 2395 692 2435; x_wconf 75' lang='grc' dir='ltr'>λαμϐάνομεν</span> <span class='ocrx_word' id='word_1_510' title='bbox 710 2396 852 2434; x_wconf 78' lang='grc' dir='ltr'>ὑπομένειν</span> 
     </span>
    </p>
   </div>
   <div class='ocr_carea' id='block_1_67' title="bbox 63 2435 420 2480">
    <p class='ocr_par' dir='ltr' id='par_1_67' title="bbox 63 2435 420 2480">
     <span class='ocr_line' id='line_1_67' title="bbox 63 2435 420 2480; baseline 0.017 -17"><span class='ocrx_word' id='word_1_511' title='bbox 63 2435 158 2473; x_wconf 82' lang='grc' dir='ltr'>πάντας</span> <span class='ocrx_word' id='word_1_512' title='bbox 171 2439 231 2474; x_wconf 79' lang='grc' dir='ltr'>τοὺς</span> <span class='ocrx_word' id='word_1_513' title='bbox 244 2440 420 2480; x_wconf 76' lang='grc' dir='ltr'>πειρασμούς.</span> 
     </span>
    </p>
   </div>
   <div class='ocr_carea' id='block_1_68' title="bbox 347 2507 561 2537">
    <p class='ocr_par' dir='ltr' id='par_1_68' title="bbox 347 2507 561 2537">
     <span class='ocr_line' id='line_1_68' title="bbox 347 2507 561 2537; baseline -0.009 0"><span class='ocrx_word' id='word_1_514' title='bbox 347 2507 491 2537; x_wconf 80' lang='grc' dir='ltr'><strong>ΚΕΦΑΛ.</strong></span> <span class='ocrx_word' id='word_1_515' title='bbox 521 2507 561 2537; x_wconf 88' lang='lat' dir='ltr'><strong>B’.</strong></span> 
     </span>
    </p>
   </div>
   <div class='ocr_carea' id='block_1_69' title="bbox 104 2571 853 2616">
    <p class='ocr_par' dir='ltr' id='par_1_69' title="bbox 104 2571 853 2616">
     <span class='ocr_line' id='line_1_69' title="bbox 104 2571 853 2616; baseline 0.004 -14"><span class='ocrx_word' id='word_1_516' title='bbox 104 2581 118 2616; x_wconf 66' lang='grc' dir='ltr'>(ι</span> <span class='ocrx_word' id='word_1_517' title='bbox 133 2571 292 2613; x_wconf 82' lang='grc' dir='ltr'>Ἐρωτῶμιν</span> <span class='ocrx_word' id='word_1_518' title='bbox 308 2573 335 2603; x_wconf 86' lang='grc' dir='ltr'>δὲ</span> <span class='ocrx_word' id='word_1_519' title='bbox 352 2575 436 2612; x_wconf 79' lang='grc' dir='ltr'>ὑμᾶς,</span> <span class='ocrx_word' id='word_1_520' title='bbox 458 2573 586 2613; x_wconf 78' lang='grc' dir='ltr'>ἀδελφοὶ,</span> <span class='ocrx_word' id='word_1_521' title='bbox 606 2573 672 2614; x_wconf 80' lang='grc' dir='ltr'>ὑπὲρ</span> <span class='ocrx_word' id='word_1_522' title='bbox 688 2574 712 2592; x_wconf 81' lang='grc'><strong>⁸⁷</strong></span> <span class='ocrx_word' id='word_1_523' title='bbox 725 2576 773 2610; x_wconf 81' lang='grc' dir='ltr'>τῆς</span> <span class='ocrx_word' id='word_1_524' title='bbox 783 2587 853 2616; x_wconf 79' lang='grc' dir='ltr'>παρ-</span> 
     </span>
    </p>
   </div>
   <div class='ocr_carea' id='block_1_70' title="bbox 67 2615 853 2659">
    <p class='ocr_par' dir='ltr' id='par_1_70' title="bbox 67 2615 853 2659">
     <span class='ocr_line' id='line_1_70' title="bbox 67 2615 853 2659; baseline 0.009 -17"><span class='ocrx_word' id='word_1_525' title='bbox 67 2615 149 2650; x_wconf 78' lang='grc' dir='ltr'>ουσίας</span> <span class='ocrx_word' id='word_1_526' title='bbox 187 2621 233 2648; x_wconf 78' lang='grc' dir='ltr'><strong>τοῦ</strong></span> <span class='ocrx_word' id='word_1_527' title='bbox 278 2618 376 2659; x_wconf 84' lang='grc' dir='ltr'>Κυρίου</span> <span class='ocrx_word' id='word_1_528' title='bbox 418 2620 494 2657; x_wconf 72' lang='grc' dir='ltr'>ἡμῶν</span> <span class='ocrx_word' id='word_1_529' title='bbox 525 2618 614 2655; x_wconf 79' lang='grc' dir='ltr'>Ἰησοῦ</span> <span class='ocrx_word' id='word_1_530' title='bbox 656 2620 772 2659; x_wconf 74' lang='grc' dir='ltr'>Χριστοῦ</span> <span class='ocrx_word' id='word_1_531' title='bbox 807 2621 853 2649; x_wconf 78' lang='grc' dir='ltr'><strong>καὶ</strong></span> 
     </span>
    </p>
   </div>
   <div class='ocr_carea' id='block_1_71' title="bbox 66 2659 852 2704">
    <p class='ocr_par' dir='ltr' id='par_1_71' title="bbox 66 2659 852 2704">
     <span class='ocr_line' id='line_1_71' title="bbox 66 2659 852 2704; baseline -0.001 -10"><span class='ocrx_word' id='word_1_532' title='bbox 66 2659 134 2696; x_wconf 64' lang='grc' dir='ltr'>ἡμῶν</span> <span class='ocrx_word' id='word_1_533' title='bbox 160 2664 359 2702; x_wconf 73' lang='grc' dir='ltr'>ἐπισυναγωγῆς</span> <span class='ocrx_word' id='word_1_534' title='bbox 374 2662 416 2692; x_wconf 83' lang='grc' dir='ltr'>ἐπ’</span> <span class='ocrx_word' id='word_1_535' title='bbox 437 2663 534 2700; x_wconf 78' lang='grc' dir='ltr'>αὐτὸν,</span> <span class='ocrx_word' id='word_1_536' title='bbox 560 2664 596 2696; x_wconf 82' lang='grc' dir='ltr'><strong>εἷς</strong></span> <span class='ocrx_word' id='word_1_537' title='bbox 623 2663 654 2693; x_wconf 88' lang='grc' dir='ltr'><strong>τὸ</strong></span> <span class='ocrx_word' id='word_1_538' title='bbox 681 2663 719 2701; x_wconf 82' lang='grc' dir='ltr'><strong>μὴ</strong></span> <span class='ocrx_word' id='word_1_539' title='bbox 748 2664 852 2704; x_wconf 76' lang='grc' dir='ltr'>ταχέως</span> 
     </span>
    </p>
   </div>
   <div class='ocr_carea' id='block_1_72' title="bbox 68 2704 852 2747">
    <p class='ocr_par' dir='ltr' id='par_1_72' title="bbox 68 2704 852 2747">
     <span class='ocr_line' id='line_1_72' title="bbox 68 2704 852 2747; baseline 0.008 -14"><span class='ocrx_word' id='word_1_540' title='bbox 68 2704 216 2743; x_wconf 74' lang='grc' dir='ltr'>σαλευθῆναι</span> <span class='ocrx_word' id='word_1_541' title='bbox 241 2709 312 2746; x_wconf 75' lang='grc' dir='ltr'>ὑμᾶς</span> <span class='ocrx_word' id='word_1_542' title='bbox 334 2707 385 2737; x_wconf 73' lang='grc' dir='ltr'>ἀπὸ</span> <span class='ocrx_word' id='word_1_543' title='bbox 409 2710 454 2737; x_wconf 80' lang='grc' dir='ltr'>τοῦ</span> <span class='ocrx_word' id='word_1_544' title='bbox 480 2707 545 2741; x_wconf 83' lang='grc' dir='ltr'>νοός.</span> <span class='ocrx_word' id='word_1_545' title='bbox 559 2719 573 2737; x_wconf 86' lang='grc'><strong>)›</strong></span> <span class='ocrx_word' id='word_1_546' title='bbox 596 2708 669 2738; x_wconf 82' lang='grc' dir='ltr'>Πότε</span> <span class='ocrx_word' id='word_1_547' title='bbox 684 2708 732 2747; x_wconf 85' lang='grc' dir='ltr'>μὲν</span> <span class='ocrx_word' id='word_1_548' title='bbox 748 2709 852 2746; x_wconf 81' lang='grc' dir='ltr'>ἔσταιὴ</span> 
     </span>
    </p>
   </div>
   <div class='ocr_carea' id='block_1_73' title="bbox 99 2759 702 2797">
    <p class='ocr_par' dir='ltr' id='par_1_73' title="bbox 99 2759 702 2797">
     <span class='ocr_line' id='line_1_73' title="bbox 99 2759 702 2797; baseline 0.007 -11"><span class='ocrx_word' id='word_1_549' title='bbox 99 2759 212 2789; x_wconf 81' lang='lat' dir='ltr'><strong>&#39;Matth.</strong></span> <span class='ocrx_word' id='word_1_550' title='bbox 230 2769 313 2795; x_wconf 78' lang='lat' dir='ltr'><strong>xxii,</strong></span> <span class='ocrx_word' id='word_1_551' title='bbox 326 2763 371 2789; x_wconf 83' lang='lat'><strong>25.</strong></span> <span class='ocrx_word' id='word_1_552' title='bbox 411 2763 419 2778; x_wconf 76' lang='grc' dir='ltr'><strong>ι</strong></span> <span class='ocrx_word' id='word_1_553' title='bbox 448 2760 549 2789; x_wconf 84' lang='lat' dir='ltr'><strong>Matth.</strong></span> <span class='ocrx_word' id='word_1_554' title='bbox 564 2769 643 2797; x_wconf 83' lang='lat' dir='ltr'><strong>xxv,</strong></span> <span class='ocrx_word' id='word_1_555' title='bbox 661 2764 702 2790; x_wconf 80' lang='grc'><strong>12.</strong></span> 
     </span>
    </p>
   </div>
   <div class='ocr_carea' id='block_1_74' title="bbox 910 964 1702 1002">
    <p class='ocr_par' dir='ltr' id='par_1_74' title="bbox 910 964 1702 1002">
     <span class='ocr_line' id='line_1_74' title="bbox 910 964 1702 1002; baseline -0.003 -8"><span class='ocrx_word' id='word_1_556' title='bbox 910 971 961 1000; x_wconf 89' lang='lat' dir='ltr'><strong>est,</strong></span> <span class='ocrx_word' id='word_1_557' title='bbox 974 966 1107 1002; x_wconf 86' lang='lat' dir='ltr'><strong>quidquid</strong></span> <span class='ocrx_word' id='word_1_558' title='bbox 1126 967 1149 994; x_wconf 89' lang='lat' dir='ltr'><strong>ei</strong></span> <span class='ocrx_word' id='word_1_559' title='bbox 1166 966 1233 994; x_wconf 84' lang='lat' dir='ltr'><strong>bene</strong></span> <span class='ocrx_word' id='word_1_560' title='bbox 1246 965 1390 1002; x_wconf 84' lang='lat' dir='ltr'><strong>placuerit,</strong></span> <span class='ocrx_word' id='word_1_561' title='bbox 1412 965 1556 1000; x_wconf 84' lang='lat' dir='ltr'><strong>impleatur</strong></span> <span class='ocrx_word' id='word_1_562' title='bbox 1571 965 1600 992; x_wconf 92' lang='lat' dir='ltr'><strong>in</strong></span> <span class='ocrx_word' id='word_1_563' title='bbox 1616 964 1702 998; x_wconf 87' lang='lat' dir='ltr'><strong>vobis,</strong></span> 
     </span>
    </p>
   </div>
   <div class='ocr_carea' id='block_1_75' title="bbox 910 1009 1703 1046">
    <p class='ocr_par' dir='ltr' id='par_1_75' title="bbox 910 1009 1703 1046">
     <span class='ocr_line' id='line_1_75' title="bbox 910 1009 1703 1046; baseline -0.004 -7"><span class='ocrx_word' id='word_1_564' title='bbox 910 1015 938 1039; x_wconf 90' lang='lat' dir='ltr'><strong>et</strong></span> <span class='ocrx_word' id='word_1_565' title='bbox 957 1019 1038 1039; x_wconf 85' lang='lat' dir='ltr'><strong>omne</strong></span> <span class='ocrx_word' id='word_1_566' title='bbox 1059 1011 1164 1039; x_wconf 90' lang='lat' dir='ltr'><strong>bonum</strong></span> <span class='ocrx_word' id='word_1_567' title='bbox 1184 1010 1342 1046; x_wconf 74' lang='lat' dir='ltr'><strong>transigatis</strong></span> <span class='ocrx_word' id='word_1_568' title='bbox 1367 1019 1373 1038; x_wconf 93' lang='lat'><strong>:</strong></span> <span class='ocrx_word' id='word_1_569' title='bbox 1397 1009 1501 1046; x_wconf 86' lang='lat' dir='ltr'><strong>hacque</strong></span> <span class='ocrx_word' id='word_1_570' title='bbox 1517 1009 1622 1037; x_wconf 89' lang='lat' dir='ltr'><strong>ratione</strong></span> <span class='ocrx_word' id='word_1_571' title='bbox 1643 1009 1703 1037; x_wconf 82' lang='lat' dir='ltr'><strong>sitis</strong></span> 
     </span>
    </p>
   </div>
   <div class='ocr_carea' id='block_1_76' title="bbox 910 1054 1704 1092">
    <p class='ocr_par' dir='ltr' id='par_1_76' title="bbox 910 1054 1704 1092">
     <span class='ocr_line' id='line_1_76' title="bbox 910 1054 1704 1092; baseline -0.004 -8"><span class='ocrx_word' id='word_1_572' title='bbox 910 1056 991 1091; x_wconf 84' lang='lat' dir='ltr'><strong>tales,</strong></span> <span class='ocrx_word' id='word_1_573' title='bbox 1012 1056 1106 1092; x_wconf 83' lang='lat' dir='ltr'><strong>quales</strong></span> <span class='ocrx_word' id='word_1_574' title='bbox 1119 1064 1168 1084; x_wconf 86' lang='lat' dir='ltr'><strong>vos</strong></span> <span class='ocrx_word' id='word_1_575' title='bbox 1188 1057 1261 1084; x_wconf 90' lang='lat' dir='ltr'><strong>Deus</strong></span> <span class='ocrx_word' id='word_1_576' title='bbox 1280 1063 1340 1084; x_wconf 80' lang='lat' dir='ltr'><strong>esse</strong></span> <span class='ocrx_word' id='word_1_577' title='bbox 1363 1055 1458 1091; x_wconf 76' lang='lat' dir='ltr'><strong>exigit,</strong></span> <span class='ocrx_word' id='word_1_578' title='bbox 1480 1054 1601 1091; x_wconf 88' lang='lat' dir='ltr'><strong>nihilque</strong></span> <span class='ocrx_word' id='word_1_579' title='bbox 1624 1054 1704 1082; x_wconf 84' lang='lat' dir='ltr'><strong>vobis</strong></span> 
     </span>
    </p>
   </div>
   <div class='ocr_carea' id='block_1_77' title="bbox 909 1099 1704 1134">
    <p class='ocr_par' dir='ltr' id='par_1_77' title="bbox 909 1099 1704 1134">
     <span class='ocr_line' id='line_1_77' title="bbox 909 1099 1704 1134; baseline -0.004 -5"><span class='ocrx_word' id='word_1_580' title='bbox 909 1101 987 1129; x_wconf 87' lang='lat' dir='ltr'><strong>desit.</strong></span> <span class='ocrx_word' id='word_1_581' title='bbox 1008 1102 1061 1129; x_wconf 80' lang='lat' dir='ltr'><strong>Hic</strong></span> <span class='ocrx_word' id='word_1_582' title='bbox 1074 1105 1170 1129; x_wconf 84' lang='lat' dir='ltr'><strong>autem</strong></span> <span class='ocrx_word' id='word_1_583' title='bbox 1189 1101 1311 1129; x_wconf 85' lang='lat' dir='ltr'><strong>demittit</strong></span> <span class='ocrx_word' id='word_1_584' title='bbox 1328 1108 1425 1128; x_wconf 87' lang='lat' dir='ltr'><strong>eorum</strong></span> <span class='ocrx_word' id='word_1_585' title='bbox 1439 1100 1549 1134; x_wconf 81' lang='lat' dir='ltr'><strong>cristas,</strong></span> <span class='ocrx_word' id='word_1_586' title='bbox 1563 1107 1598 1127; x_wconf 89' lang='lat' dir='ltr'><strong>ne</strong></span> <span class='ocrx_word' id='word_1_587' title='bbox 1610 1099 1704 1127; x_wconf 86' lang='lat' dir='ltr'><strong>multis</strong></span> 
     </span>
    </p>
   </div>
   <div class='ocr_carea' id='block_1_78' title="bbox 910 1142 1702 1181">
    <p class='ocr_par' dir='ltr' id='par_1_78' title="bbox 910 1142 1702 1181">
     <span class='ocr_line' id='line_1_78' title="bbox 910 1142 1702 1181; baseline -0.004 -7"><span class='ocrx_word' id='word_1_588' title='bbox 910 1146 1045 1174; x_wconf 89' lang='lat' dir='ltr'><strong>encomiis</strong></span> <span class='ocrx_word' id='word_1_589' title='bbox 1063 1145 1216 1174; x_wconf 78' lang='lat' dir='ltr'><strong>efferantur</strong></span> <span class='ocrx_word' id='word_1_590' title='bbox 1240 1155 1247 1173; x_wconf 87' lang='lat'><strong>:</strong></span> <span class='ocrx_word' id='word_1_591' title='bbox 1268 1145 1388 1173; x_wconf 82' lang='lat' dir='ltr'><strong>ostendit</strong></span> <span class='ocrx_word' id='word_1_592' title='bbox 1405 1143 1478 1173; x_wconf 84' lang='lat' dir='ltr'><strong>enim</strong></span> <span class='ocrx_word' id='word_1_593' title='bbox 1490 1143 1564 1181; x_wconf 92' lang='lat' dir='ltr'><strong>quod</strong></span> <span class='ocrx_word' id='word_1_594' title='bbox 1579 1142 1702 1172; x_wconf 88' lang='lat' dir='ltr'><strong>nondum</strong></span> 
     </span>
    </p>
   </div>
   <div class='ocr_carea' id='block_1_79' title="bbox 909 1191 1174 1219">
    <p class='ocr_par' dir='ltr' id='par_1_79' title="bbox 909 1191 1174 1219">
     <span class='ocr_line' id='line_1_79' title="bbox 909 1191 1174 1219; baseline -0.008 0"><span class='ocrx_word' id='word_1_595' title='bbox 909 1191 966 1219; x_wconf 88' lang='lat' dir='ltr'><strong>sint</strong></span> <span class='ocrx_word' id='word_1_596' title='bbox 977 1191 1174 1219; x_wconf 73' lang='lat' dir='ltr'><strong>consummati.</strong></span> 
     </span>
    </p>
   </div>
   <div class='ocr_carea' id='block_1_80' title="bbox 946 1233 1704 1271">
    <p class='ocr_par' dir='ltr' id='par_1_80' title="bbox 946 1233 1704 1271">
     <span class='ocr_line' id='line_1_80' title="bbox 946 1233 1704 1271; baseline -0.003 -8"><span class='ocrx_word' id='word_1_597' title='bbox 946 1237 981 1264; x_wconf 86' lang='lat' dir='ltr'><strong>Et</strong></span> <span class='ocrx_word' id='word_1_598' title='bbox 1002 1243 1069 1271; x_wconf 76' lang='lat' dir='ltr'><strong>opus</strong></span> <span class='ocrx_word' id='word_1_599' title='bbox 1089 1235 1154 1270; x_wconf 80' lang='lat' dir='ltr'><strong>ﬁdei</strong></span> <span class='ocrx_word' id='word_1_600' title='bbox 1175 1236 1206 1262; x_wconf 78' lang='lat' dir='ltr'><strong>in</strong></span> <span class='ocrx_word' id='word_1_601' title='bbox 1228 1236 1340 1262; x_wconf 75' lang='lat' dir='ltr'><strong>virtute.</strong></span> <span class='ocrx_word' id='word_1_602' title='bbox 1363 1234 1537 1268; x_wconf 88' lang='lat' dir='ltr'><strong>Patientiam,</strong></span> <span class='ocrx_word' id='word_1_603' title='bbox 1563 1233 1660 1270; x_wconf 87' lang='lat' dir='ltr'><strong>inquit,</strong></span> <span class='ocrx_word' id='word_1_604' title='bbox 1676 1233 1704 1261; x_wconf 93' lang='lat' dir='ltr'><strong>in</strong></span> 
     </span>
    </p>
   </div>
   <div class='ocr_carea' id='block_1_81' title="bbox 910 1278 1705 1317">
    <p class='ocr_par' dir='ltr' id='par_1_81' title="bbox 910 1278 1705 1317">
     <span class='ocr_line' id='line_1_81' title="bbox 910 1278 1705 1317; baseline -0.003 -9"><span class='ocrx_word' id='word_1_605' title='bbox 910 1279 1144 1317; x_wconf 83' lang='lat' dir='ltr'><strong>persecutionibus</strong></span> <span class='ocrx_word' id='word_1_606' title='bbox 1154 1279 1304 1315; x_wconf 78' lang='lat' dir='ltr'><strong>perfectam</strong></span> <span class='ocrx_word' id='word_1_607' title='bbox 1313 1280 1343 1307; x_wconf 91' lang='lat' dir='ltr'><strong>in</strong></span> <span class='ocrx_word' id='word_1_608' title='bbox 1351 1279 1429 1308; x_wconf 85' lang='lat' dir='ltr'><strong>vobis</strong></span> <span class='ocrx_word' id='word_1_609' title='bbox 1437 1279 1527 1307; x_wconf 85' lang='lat' dir='ltr'><strong>faciet.</strong></span> <span class='ocrx_word' id='word_1_610' title='bbox 1539 1278 1705 1314; x_wconf 77' lang='lat' dir='ltr'><strong>Quomodo?</strong></span> 
     </span>
    </p>
   </div>
   <div class='ocr_carea' id='block_1_82' title="bbox 909 1324 1705 1359">
    <p class='ocr_par' dir='ltr' id='par_1_82' title="bbox 909 1324 1705 1359">
     <span class='ocr_line' id='line_1_82' title="bbox 909 1324 1705 1359; baseline -0.003 -6"><span class='ocrx_word' id='word_1_611' title='bbox 909 1326 940 1353; x_wconf 90' lang='lat' dir='ltr'><strong>In</strong></span> <span class='ocrx_word' id='word_1_612' title='bbox 957 1325 1055 1353; x_wconf 85' lang='lat' dir='ltr'><strong>virtute</strong></span> <span class='ocrx_word' id='word_1_613' title='bbox 1072 1330 1101 1353; x_wconf 86' lang='lat' dir='ltr'><strong>et</strong></span> <span class='ocrx_word' id='word_1_614' title='bbox 1120 1325 1230 1359; x_wconf 87' lang='lat' dir='ltr'><strong>robore,</strong></span> <span class='ocrx_word' id='word_1_615' title='bbox 1251 1324 1304 1353; x_wconf 89' lang='lat' dir='ltr'><strong>hoc</strong></span> <span class='ocrx_word' id='word_1_616' title='bbox 1316 1329 1368 1359; x_wconf 85' lang='lat' dir='ltr'><strong>est,</strong></span> <span class='ocrx_word' id='word_1_617' title='bbox 1383 1324 1517 1353; x_wconf 87' lang='lat' dir='ltr'><strong>roborans</strong></span> <span class='ocrx_word' id='word_1_618' title='bbox 1535 1331 1582 1352; x_wconf 91' lang='lat' dir='ltr'><strong>vos</strong></span> <span class='ocrx_word' id='word_1_619' title='bbox 1596 1327 1624 1352; x_wconf 86' lang='lat' dir='ltr'><strong>et</strong></span> <span class='ocrx_word' id='word_1_620' title='bbox 1635 1331 1705 1352; x_wconf 90' lang='lat' dir='ltr'><strong>con-</strong></span> 
     </span>
    </p>
   </div>
   <div class='ocr_carea' id='block_1_83' title="bbox 910 1368 1702 1405">
    <p class='ocr_par' dir='ltr' id='par_1_83' title="bbox 910 1368 1702 1405">
     <span class='ocr_line' id='line_1_83' title="bbox 910 1368 1702 1405; baseline -0.003 -7"><span class='ocrx_word' id='word_1_621' title='bbox 910 1369 1016 1398; x_wconf 80' lang='lat' dir='ltr'><strong>fortans</strong></span> <span class='ocrx_word' id='word_1_622' title='bbox 1033 1380 1040 1398; x_wconf 87' lang='lat'><strong>:</strong></span> <span class='ocrx_word' id='word_1_623' title='bbox 1059 1377 1124 1398; x_wconf 89' lang='lat' dir='ltr'><strong>nam</strong></span> <span class='ocrx_word' id='word_1_624' title='bbox 1146 1370 1274 1405; x_wconf 82' lang='lat' dir='ltr'><strong>patientia</strong></span> <span class='ocrx_word' id='word_1_625' title='bbox 1296 1373 1339 1398; x_wconf 90' lang='lat' dir='ltr'><strong>est</strong></span> <span class='ocrx_word' id='word_1_626' title='bbox 1351 1377 1422 1405; x_wconf 86' lang='lat' dir='ltr'><strong>opus</strong></span> <span class='ocrx_word' id='word_1_627' title='bbox 1436 1369 1510 1397; x_wconf 89' lang='lat' dir='ltr'><strong>ﬁdei.</strong></span> <span class='ocrx_word' id='word_1_628' title='bbox 1526 1368 1643 1397; x_wconf 85' lang='lat' dir='ltr'><strong>Proinde</strong></span> <span class='ocrx_word' id='word_1_629' title='bbox 1656 1368 1702 1404; x_wconf 92' lang='lat' dir='ltr'><strong>qui</strong></span> 
     </span>
    </p>
   </div>
   <div class='ocr_carea' id='block_1_84' title="bbox 909 1413 1631 1451">
    <p class='ocr_par' dir='ltr' id='par_1_84' title="bbox 909 1413 1631 1451">
     <span class='ocr_line' id='line_1_84' title="bbox 909 1413 1631 1451; baseline -0.001 -9"><span class='ocrx_word' id='word_1_630' title='bbox 909 1423 964 1443; x_wconf 89' lang='lat' dir='ltr'><strong>non</strong></span> <span class='ocrx_word' id='word_1_631' title='bbox 979 1414 1062 1442; x_wconf 79' lang='lat' dir='ltr'><strong>habet</strong></span> <span class='ocrx_word' id='word_1_632' title='bbox 1076 1414 1249 1450; x_wconf 75' lang='lat' dir='ltr'><strong>patientiam,</strong></span> <span class='ocrx_word' id='word_1_633' title='bbox 1265 1422 1354 1451; x_wconf 85' lang='lat' dir='ltr'><strong>neque</strong></span> <span class='ocrx_word' id='word_1_634' title='bbox 1365 1422 1433 1450; x_wconf 91' lang='lat' dir='ltr'><strong>opus</strong></span> <span class='ocrx_word' id='word_1_635' title='bbox 1444 1413 1508 1442; x_wconf 87' lang='lat' dir='ltr'><strong>ﬁdei</strong></span> <span class='ocrx_word' id='word_1_636' title='bbox 1521 1413 1631 1442; x_wconf 87' lang='lat' dir='ltr'><strong>indicat.</strong></span> 
     </span>
    </p>
   </div>
   <div class='ocr_carea' id='block_1_85' title="bbox 945 1459 1708 1494">
    <p class='ocr_par' dir='ltr' id='par_1_85' title="bbox 945 1459 1708 1494">
     <span class='ocr_line' id='line_1_85' title="bbox 945 1459 1708 1494; baseline -0.003 -6"><span class='ocrx_word' id='word_1_637' title='bbox 945 1461 1034 1488; x_wconf 72' lang='lat' dir='ltr'><strong>Vsus.</strong></span> <span class='ocrx_word' id='word_1_638' title='bbox 1061 1462 1104 1487; x_wconf 87' lang='lat'><strong>12.</strong></span> <span class='ocrx_word' id='word_1_639' title='bbox 1127 1461 1160 1488; x_wconf 87' lang='lat' dir='ltr'><strong>Ut</strong></span> <span class='ocrx_word' id='word_1_640' title='bbox 1184 1460 1357 1494; x_wconf 81' lang='lat' dir='ltr'><strong>gloriﬁcetur</strong></span> <span class='ocrx_word' id='word_1_641' title='bbox 1376 1467 1470 1487; x_wconf 78' lang='lat' dir='ltr'><strong>nomen</strong></span> <span class='ocrx_word' id='word_1_642' title='bbox 1492 1460 1600 1487; x_wconf 84' lang='lat' dir='ltr'><strong>Domini</strong></span> <span class='ocrx_word' id='word_1_643' title='bbox 1617 1459 1708 1486; x_wconf 76' lang='lat' dir='ltr'><strong>nostri</strong></span> 
     </span>
    </p>
   </div>
   <div class='ocr_carea' id='block_1_86' title="bbox 907 1503 1704 1540">
    <p class='ocr_par' dir='ltr' id='par_1_86' title="bbox 907 1503 1704 1540">
     <span class='ocr_line' id='line_1_86' title="bbox 907 1503 1704 1540; baseline -0.001 -8"><span class='ocrx_word' id='word_1_644' title='bbox 907 1507 969 1533; x_wconf 83' lang='lat' dir='ltr'><strong>Jcsu</strong></span> <span class='ocrx_word' id='word_1_645' title='bbox 992 1505 1094 1532; x_wconf 79' lang='lat' dir='ltr'><strong>Christi</strong></span> <span class='ocrx_word' id='word_1_646' title='bbox 1116 1506 1145 1533; x_wconf 86' lang='lat' dir='ltr'><strong>in</strong></span> <span class='ocrx_word' id='word_1_647' title='bbox 1166 1505 1248 1537; x_wconf 82' lang='lat' dir='ltr'><strong>vobis,</strong></span> <span class='ocrx_word' id='word_1_648' title='bbox 1269 1507 1295 1532; x_wconf 81' lang='lat' dir='ltr'><strong>et</strong></span> <span class='ocrx_word' id='word_1_649' title='bbox 1311 1512 1357 1532; x_wconf 82' lang='lat' dir='ltr'><strong>vos</strong></span> <span class='ocrx_word' id='word_1_650' title='bbox 1379 1505 1409 1532; x_wconf 81' lang='lat' dir='ltr'><strong>in</strong></span> <span class='ocrx_word' id='word_1_651' title='bbox 1428 1505 1494 1540; x_wconf 85' lang='lat' dir='ltr'><strong>ipso.</strong></span> <span class='ocrx_word' id='word_1_652' title='bbox 1521 1504 1550 1532; x_wconf 89' lang='lat' dir='ltr'><strong>Si</strong></span> <span class='ocrx_word' id='word_1_653' title='bbox 1567 1503 1627 1532; x_wconf 64' lang='lat' dir='ltr'><strong>haec</strong></span> <span class='ocrx_word' id='word_1_654' title='bbox 1643 1511 1704 1540; x_wconf 72' lang='lat' dir='ltr'><strong>quae</strong></span> 
     </span>
    </p>
   </div>
   <div class='ocr_carea' id='block_1_87' title="bbox 909 1547 1705 1586">
    <p class='ocr_par' dir='ltr' id='par_1_87' title="bbox 909 1547 1705 1586">
     <span class='ocr_line' id='line_1_87' title="bbox 909 1547 1705 1586; baseline -0.004 -7"><span class='ocrx_word' id='word_1_655' title='bbox 909 1549 1036 1586; x_wconf 63' lang='lat' dir='ltr'><strong>pradicta</strong></span> <span class='ocrx_word' id='word_1_656' title='bbox 1055 1553 1123 1578; x_wconf 89' lang='lat' dir='ltr'><strong>sunt</strong></span> <span class='ocrx_word' id='word_1_657' title='bbox 1134 1549 1212 1578; x_wconf 87' lang='lat' dir='ltr'><strong>vobis</strong></span> <span class='ocrx_word' id='word_1_658' title='bbox 1225 1551 1397 1585; x_wconf 79' lang='lat' dir='ltr'><strong>contingant,</strong></span> <span class='ocrx_word' id='word_1_659' title='bbox 1419 1548 1516 1585; x_wconf 86' lang='lat' dir='ltr'><strong>inquit,</strong></span> <span class='ocrx_word' id='word_1_660' title='bbox 1539 1547 1705 1585; x_wconf 78' lang='lat' dir='ltr'><strong>gloriﬁcsbi-</strong></span> 
     </span>
    </p>
   </div>
   <div class='ocr_carea' id='block_1_88' title="bbox 909 1593 1704 1623">
    <p class='ocr_par' dir='ltr' id='par_1_88' title="bbox 909 1593 1704 1623">
     <span class='ocr_line' id='line_1_88' title="bbox 909 1593 1704 1623; baseline -0.003 0"><span class='ocrx_word' id='word_1_661' title='bbox 909 1599 955 1623; x_wconf 91' lang='lat' dir='ltr'><strong>tur</strong></span> <span class='ocrx_word' id='word_1_662' title='bbox 979 1595 1063 1623; x_wconf 89' lang='lat' dir='ltr'><strong>etiam</strong></span> <span class='ocrx_word' id='word_1_663' title='bbox 1087 1594 1138 1623; x_wconf 90' lang='lat' dir='ltr'><strong>hac</strong></span> <span class='ocrx_word' id='word_1_664' title='bbox 1161 1595 1190 1622; x_wconf 89' lang='lat' dir='ltr'><strong>in</strong></span> <span class='ocrx_word' id='word_1_665' title='bbox 1209 1594 1266 1622; x_wconf 76' lang='lat' dir='ltr'><strong>vita</strong></span> <span class='ocrx_word' id='word_1_666' title='bbox 1294 1601 1396 1622; x_wconf 86' lang='lat' dir='ltr'><strong>nomen</strong></span> <span class='ocrx_word' id='word_1_667' title='bbox 1419 1593 1532 1622; x_wconf 88' lang='lat' dir='ltr'><strong>Domini</strong></span> <span class='ocrx_word' id='word_1_668' title='bbox 1564 1594 1595 1622; x_wconf 91' lang='lat' dir='ltr'><strong>in</strong></span> <span class='ocrx_word' id='word_1_669' title='bbox 1615 1593 1704 1621; x_wconf 87' lang='lat' dir='ltr'><strong>vobis.</strong></span> 
     </span>
    </p>
   </div>
   <div class='ocr_carea' id='block_1_89' title="bbox 908 1638 1705 1675">
    <p class='ocr_par' dir='ltr' id='par_1_89' title="bbox 908 1638 1705 1675">
     <span class='ocr_line' id='line_1_89' title="bbox 908 1638 1705 1675; baseline -0.003 -7"><span class='ocrx_word' id='word_1_670' title='bbox 908 1639 1023 1675; x_wconf 86' lang='lat' dir='ltr'><strong>Quando</strong></span> <span class='ocrx_word' id='word_1_671' title='bbox 1046 1639 1119 1668; x_wconf 89' lang='lat' dir='ltr'><strong>enim</strong></span> <span class='ocrx_word' id='word_1_672' title='bbox 1135 1639 1246 1668; x_wconf 83' lang='lat' dir='ltr'><strong>videant</strong></span> <span class='ocrx_word' id='word_1_673' title='bbox 1260 1647 1318 1673; x_wconf 86' lang='lat' dir='ltr'><strong>vos,</strong></span> <span class='ocrx_word' id='word_1_674' title='bbox 1336 1646 1368 1667; x_wconf 81' lang='lat' dir='ltr'><strong>ex</strong></span> <span class='ocrx_word' id='word_1_675' title='bbox 1383 1638 1527 1667; x_wconf 88' lang='lat' dir='ltr'><strong>dilectione</strong></span> <span class='ocrx_word' id='word_1_676' title='bbox 1545 1646 1627 1674; x_wconf 82' lang='lat' dir='ltr'><strong>quam</strong></span> <span class='ocrx_word' id='word_1_677' title='bbox 1642 1645 1705 1674; x_wconf 82' lang='lat' dir='ltr'><strong>erga</strong></span> 
     </span>
    </p>
   </div>
   <div class='ocr_carea' id='block_1_90' title="bbox 909 1683 1706 1721">
    <p class='ocr_par' dir='ltr' id='par_1_90' title="bbox 909 1683 1706 1721">
     <span class='ocr_line' id='line_1_90' title="bbox 909 1683 1706 1721; baseline -0.003 -9"><span class='ocrx_word' id='word_1_678' title='bbox 909 1685 1063 1713; x_wconf 87' lang='lat' dir='ltr'><strong>Dominum</strong></span> <span class='ocrx_word' id='word_1_679' title='bbox 1073 1684 1178 1721; x_wconf 75' lang='lat' dir='ltr'><strong>geritis,</strong></span> <span class='ocrx_word' id='word_1_680' title='bbox 1189 1691 1301 1712; x_wconf 88' lang='lat' dir='ltr'><strong>omnem</strong></span> <span class='ocrx_word' id='word_1_681' title='bbox 1313 1683 1492 1712; x_wconf 85' lang='lat' dir='ltr'><strong>tentationem</strong></span> <span class='ocrx_word' id='word_1_682' title='bbox 1506 1683 1634 1717; x_wconf 88' lang='lat' dir='ltr'><strong>tolerare,</strong></span> <span class='ocrx_word' id='word_1_683' title='bbox 1647 1684 1706 1719; x_wconf 93' lang='lat' dir='ltr'><strong>qui,</strong></span> 
     </span>
    </p>
   </div>
   <div class='ocr_carea' id='block_1_91' title="bbox 908 1727 1705 1765">
    <p class='ocr_par' dir='ltr' id='par_1_91' title="bbox 908 1727 1705 1765">
     <span class='ocr_line' id='line_1_91' title="bbox 908 1727 1705 1765; baseline -0.003 -7"><span class='ocrx_word' id='word_1_684' title='bbox 908 1737 1012 1765; x_wconf 72' lang='lat' dir='ltr'><strong>quaeso,</strong></span> <span class='ocrx_word' id='word_1_685' title='bbox 1028 1730 1099 1757; x_wconf 87' lang='lat' dir='ltr'><strong>istuc</strong></span> <span class='ocrx_word' id='word_1_686' title='bbox 1111 1737 1167 1757; x_wconf 89' lang='lat' dir='ltr'><strong>non</strong></span> <span class='ocrx_word' id='word_1_687' title='bbox 1179 1733 1221 1757; x_wconf 86' lang='lat' dir='ltr'><strong>est</strong></span> <span class='ocrx_word' id='word_1_688' title='bbox 1232 1729 1320 1765; x_wconf 81' lang='lat' dir='ltr'><strong>gloria</strong></span> <span class='ocrx_word' id='word_1_689' title='bbox 1335 1728 1404 1764; x_wconf 83' lang='lat' dir='ltr'><strong>ejus,</strong></span> <span class='ocrx_word' id='word_1_690' title='bbox 1420 1727 1551 1764; x_wconf 83' lang='lat' dir='ltr'><strong>quoniam</strong></span> <span class='ocrx_word' id='word_1_691' title='bbox 1563 1727 1632 1756; x_wconf 84' lang='lat' dir='ltr'><strong>adeo</strong></span> <span class='ocrx_word' id='word_1_692' title='bbox 1655 1727 1705 1756; x_wconf 81' lang='lat' dir='ltr'><strong>bo-</strong></span> 
     </span>
    </p>
   </div>
   <div class='ocr_carea' id='block_1_92' title="bbox 909 1773 1704 1810">
    <p class='ocr_par' dir='ltr' id='par_1_92' title="bbox 909 1773 1704 1810">
     <span class='ocr_line' id='line_1_92' title="bbox 909 1773 1704 1810; baseline -0.003 -8"><span class='ocrx_word' id='word_1_693' title='bbox 909 1782 961 1802; x_wconf 90' lang='lat' dir='ltr'><strong>nus</strong></span> <span class='ocrx_word' id='word_1_694' title='bbox 975 1778 1026 1808; x_wconf 83' lang='lat' dir='ltr'><strong>est,</strong></span> <span class='ocrx_word' id='word_1_695' title='bbox 1041 1778 1071 1801; x_wconf 92' lang='lat' dir='ltr'><strong>ut</strong></span> <span class='ocrx_word' id='word_1_696' title='bbox 1084 1781 1134 1810; x_wconf 91' lang='lat' dir='ltr'><strong>pro</strong></span> <span class='ocrx_word' id='word_1_697' title='bbox 1148 1774 1207 1809; x_wconf 92' lang='lat' dir='ltr'><strong>ipso</strong></span> <span class='ocrx_word' id='word_1_698' title='bbox 1221 1773 1305 1801; x_wconf 85' lang='lat' dir='ltr'><strong>etiam</strong></span> <span class='ocrx_word' id='word_1_699' title='bbox 1319 1774 1475 1801; x_wconf 87' lang='lat' dir='ltr'><strong>moriantur</strong></span> <span class='ocrx_word' id='word_1_700' title='bbox 1488 1773 1581 1801; x_wconf 74' lang='lat' dir='ltr'><strong>servi?</strong></span> <span class='ocrx_word' id='word_1_701' title='bbox 1598 1777 1626 1801; x_wconf 88' lang='lat' dir='ltr'><strong>et</strong></span> <span class='ocrx_word' id='word_1_702' title='bbox 1641 1773 1704 1808; x_wconf 88' lang='lat' dir='ltr'><strong>quia</strong></span> 
     </span>
    </p>
   </div>
   <div class='ocr_carea' id='block_1_93' title="bbox 908 1817 1706 1853">
    <p class='ocr_par' dir='ltr' id='par_1_93' title="bbox 908 1817 1706 1853">
     <span class='ocr_line' id='line_1_93' title="bbox 908 1817 1706 1853; baseline 0 -7"><span class='ocrx_word' id='word_1_703' title='bbox 908 1818 976 1846; x_wconf 84' lang='lat' dir='ltr'><strong>adeo</strong></span> <span class='ocrx_word' id='word_1_704' title='bbox 997 1822 1105 1853; x_wconf 86' lang='lat' dir='ltr'><strong>potens,</strong></span> <span class='ocrx_word' id='word_1_705' title='bbox 1132 1822 1162 1846; x_wconf 89' lang='lat' dir='ltr'><strong>ut</strong></span> <span class='ocrx_word' id='word_1_706' title='bbox 1185 1825 1233 1846; x_wconf 89' lang='lat' dir='ltr'><strong>vos</strong></span> <span class='ocrx_word' id='word_1_707' title='bbox 1253 1817 1288 1845; x_wconf 85' lang='lat' dir='ltr'><strong>ad</strong></span> <span class='ocrx_word' id='word_1_708' title='bbox 1312 1817 1470 1853; x_wconf 82' lang='lat' dir='ltr'><strong>patientiam</strong></span> <span class='ocrx_word' id='word_1_709' title='bbox 1495 1817 1706 1846; x_wconf 71' lang='lat' dir='ltr'><strong>corroborant?</strong></span> 
     </span>
    </p>
   </div>
   <div class='ocr_carea' id='block_1_94' title="bbox 909 1861 1707 1899">
    <p class='ocr_par' dir='ltr' id='par_1_94' title="bbox 909 1861 1707 1899">
     <span class='ocr_line' id='line_1_94' title="bbox 909 1861 1707 1899; baseline -0.001 -9"><span class='ocrx_word' id='word_1_710' title='bbox 909 1863 1070 1899; x_wconf 86' lang='lat' dir='ltr'><strong>Quinetiam</strong></span> <span class='ocrx_word' id='word_1_711' title='bbox 1089 1867 1116 1890; x_wconf 87' lang='lat' dir='ltr'><strong>et</strong></span> <span class='ocrx_word' id='word_1_712' title='bbox 1129 1869 1176 1890; x_wconf 90' lang='lat' dir='ltr'><strong>vos</strong></span> <span class='ocrx_word' id='word_1_713' title='bbox 1200 1863 1228 1890; x_wconf 93' lang='lat' dir='ltr'><strong>in</strong></span> <span class='ocrx_word' id='word_1_714' title='bbox 1244 1862 1315 1898; x_wconf 87' lang='lat' dir='ltr'><strong>ipso,</strong></span> <span class='ocrx_word' id='word_1_715' title='bbox 1331 1862 1395 1898; x_wconf 86' lang='lat' dir='ltr'><strong>quia</strong></span> <span class='ocrx_word' id='word_1_716' title='bbox 1415 1869 1504 1898; x_wconf 88' lang='lat' dir='ltr'><strong>usque</strong></span> <span class='ocrx_word' id='word_1_717' title='bbox 1522 1861 1591 1889; x_wconf 87' lang='lat' dir='ltr'><strong>adeo</strong></span> <span class='ocrx_word' id='word_1_718' title='bbox 1612 1861 1707 1890; x_wconf 82' lang='lat' dir='ltr'><strong>ﬁdeles</strong></span> 
     </span>
    </p>
   </div>
   <div class='ocr_carea' id='block_1_95' title="bbox 908 1905 1704 1942">
    <p class='ocr_par' dir='ltr' id='par_1_95' title="bbox 908 1905 1704 1942">
     <span class='ocr_line' id='line_1_95' title="bbox 908 1905 1704 1942; baseline -0.003 -7"><span class='ocrx_word' id='word_1_719' title='bbox 908 1907 1007 1935; x_wconf 88' lang='lat' dir='ltr'><strong>inventi</strong></span> <span class='ocrx_word' id='word_1_720' title='bbox 1020 1907 1096 1940; x_wconf 84' lang='lat' dir='ltr'><strong>estis,</strong></span> <span class='ocrx_word' id='word_1_721' title='bbox 1111 1911 1140 1934; x_wconf 89' lang='lat' dir='ltr'><strong>ut</strong></span> <span class='ocrx_word' id='word_1_722' title='bbox 1157 1906 1248 1934; x_wconf 85' lang='lat' dir='ltr'><strong>omnia</strong></span> <span class='ocrx_word' id='word_1_723' title='bbox 1262 1906 1412 1942; x_wconf 87' lang='lat' dir='ltr'><strong>patiamini.</strong></span> <span class='ocrx_word' id='word_1_724' title='bbox 1439 1905 1535 1934; x_wconf 87' lang='lat' dir='ltr'><strong>Gloria</strong></span> <span class='ocrx_word' id='word_1_725' title='bbox 1548 1906 1621 1934; x_wconf 88' lang='lat' dir='ltr'><strong>enim</strong></span> <span class='ocrx_word' id='word_1_726' title='bbox 1633 1906 1704 1933; x_wconf 90' lang='lat' dir='ltr'><strong>servi</strong></span> 
     </span>
    </p>
   </div>
   <div class='ocr_carea' id='block_1_96' title="bbox 909 1950 1705 1988">
    <p class='ocr_par' dir='ltr' id='par_1_96' title="bbox 909 1950 1705 1988">
     <span class='ocr_line' id='line_1_96' title="bbox 909 1950 1705 1988; baseline -0.003 -8"><span class='ocrx_word' id='word_1_727' title='bbox 909 1956 962 1985; x_wconf 86' lang='lat' dir='ltr'><strong>est,</strong></span> <span class='ocrx_word' id='word_1_728' title='bbox 993 1951 1066 1988; x_wconf 91' lang='lat' dir='ltr'><strong>quod</strong></span> <span class='ocrx_word' id='word_1_729' title='bbox 1096 1951 1211 1979; x_wconf 89' lang='lat' dir='ltr'><strong>domino</strong></span> <span class='ocrx_word' id='word_1_730' title='bbox 1243 1950 1332 1979; x_wconf 86' lang='lat' dir='ltr'><strong>ﬁdelis</strong></span> <span class='ocrx_word' id='word_1_731' title='bbox 1362 1950 1527 1978; x_wconf 84' lang='lat' dir='ltr'><strong>inveniatur.</strong></span> <span class='ocrx_word' id='word_1_732' title='bbox 1559 1951 1705 1984; x_wconf 72' lang='lat' dir='ltr'><strong>Praeterea,</strong></span> 
     </span>
    </p>
   </div>
   <div class='ocr_carea' id='block_1_97' title="bbox 907 1995 1706 2033">
    <p class='ocr_par' dir='ltr' id='par_1_97' title="bbox 907 1995 1706 2033">
     <span class='ocr_line' id='line_1_97' title="bbox 907 1995 1706 2033; baseline -0.004 -8"><span class='ocrx_word' id='word_1_733' title='bbox 907 1997 1018 2025; x_wconf 79' lang='lat' dir='ltr'><strong>afﬂictio</strong></span> <span class='ocrx_word' id='word_1_734' title='bbox 1034 2001 1144 2032; x_wconf 88' lang='lat' dir='ltr'><strong>propter</strong></span> <span class='ocrx_word' id='word_1_735' title='bbox 1158 1995 1301 2024; x_wconf 88' lang='lat' dir='ltr'><strong>Christum</strong></span> <span class='ocrx_word' id='word_1_736' title='bbox 1327 1995 1412 2033; x_wconf 78' lang='lat' dir='ltr'><strong>gloria</strong></span> <span class='ocrx_word' id='word_1_737' title='bbox 1427 1999 1481 2029; x_wconf 84' lang='lat' dir='ltr'><strong>est,</strong></span> <span class='ocrx_word' id='word_1_738' title='bbox 1501 1995 1566 2032; x_wconf 90' lang='lat' dir='ltr'><strong>quia</strong></span> <span class='ocrx_word' id='word_1_739' title='bbox 1586 1995 1706 2031; x_wconf 89' lang='lat' dir='ltr'><strong>splendi-</strong></span> 
     </span>
    </p>
   </div>
   <div class='ocr_carea' id='block_1_98' title="bbox 907 2040 1703 2078">
    <p class='ocr_par' dir='ltr' id='par_1_98' title="bbox 907 2040 1703 2078">
     <span class='ocr_line' id='line_1_98' title="bbox 907 2040 1703 2078; baseline -0.004 -8"><span class='ocrx_word' id='word_1_740' title='bbox 907 2042 997 2070; x_wconf 85' lang='lat' dir='ltr'><strong>diores</strong></span> <span class='ocrx_word' id='word_1_741' title='bbox 1019 2041 1119 2073; x_wconf 87' lang='lat' dir='ltr'><strong>reddit.</strong></span> <span class='ocrx_word' id='word_1_742' title='bbox 1135 2045 1230 2078; x_wconf 79' lang='lat' dir='ltr'><strong>utpote</strong></span> <span class='ocrx_word' id='word_1_743' title='bbox 1251 2048 1394 2077; x_wconf 87' lang='lat' dir='ltr'><strong>nunquam</strong></span> <span class='ocrx_word' id='word_1_744' title='bbox 1412 2048 1468 2068; x_wconf 89' lang='lat' dir='ltr'><strong>non</strong></span> <span class='ocrx_word' id='word_1_745' title='bbox 1489 2041 1572 2068; x_wconf 86' lang='lat' dir='ltr'><strong>morti</strong></span> <span class='ocrx_word' id='word_1_746' title='bbox 1592 2040 1703 2076; x_wconf 90' lang='lat' dir='ltr'><strong>quidem</strong></span> 
     </span>
    </p>
   </div>
   <div class='ocr_carea' id='block_1_99' title="bbox 908 2085 1705 2122">
    <p class='ocr_par' dir='ltr' id='par_1_99' title="bbox 908 2085 1705 2122">
     <span class='ocr_line' id='line_1_99' title="bbox 908 2085 1705 2122; baseline -0.003 -7"><span class='ocrx_word' id='word_1_747' title='bbox 908 2087 1031 2120; x_wconf 85' lang='lat' dir='ltr'><strong>traditos,</strong></span> <span class='ocrx_word' id='word_1_748' title='bbox 1046 2086 1167 2122; x_wconf 86' lang='lat' dir='ltr'><strong>potiores</strong></span> <span class='ocrx_word' id='word_1_749' title='bbox 1180 2090 1274 2115; x_wconf 86' lang='lat' dir='ltr'><strong>tamen</strong></span> <span class='ocrx_word' id='word_1_750' title='bbox 1284 2094 1316 2115; x_wconf 89' lang='lat' dir='ltr'><strong>ac</strong></span> <span class='ocrx_word' id='word_1_751' title='bbox 1325 2086 1480 2122; x_wconf 84' lang='lat' dir='ltr'><strong>superiores</strong></span> <span class='ocrx_word' id='word_1_752' title='bbox 1490 2089 1580 2114; x_wconf 90' lang='lat' dir='ltr'><strong>morte</strong></span> <span class='ocrx_word' id='word_1_753' title='bbox 1590 2085 1705 2114; x_wconf 87' lang='lat' dir='ltr'><strong>demon-</strong></span> 
     </span>
    </p>
   </div>
   <div class='ocr_carea' id='block_1_100' title="bbox 907 2135 1018 2160">
    <p class='ocr_par' dir='ltr' id='par_1_100' title="bbox 907 2135 1018 2160">
     <span class='ocr_line' id='line_1_100' title="bbox 907 2135 1018 2160; baseline 0 -1"><span class='ocrx_word' id='word_1_754' title='bbox 907 2135 1018 2160; x_wconf 83' lang='lat' dir='ltr'><strong>stratos.</strong></span> 
     </span>
    </p>
   </div>
   <div class='ocr_carea' id='block_1_101' title="bbox 941 2177 1705 2211">
    <p class='ocr_par' dir='ltr' id='par_1_101' title="bbox 941 2177 1705 2211">
     <span class='ocr_line' id='line_1_101' title="bbox 941 2177 1705 2211; baseline -0.003 -7"><span class='ocrx_word' id='word_1_755' title='bbox 941 2177 1094 2205; x_wconf 78' lang='lat' dir='ltr'><strong>Secundum</strong></span> <span class='ocrx_word' id='word_1_756' title='bbox 1118 2177 1245 2211; x_wconf 79' lang='lat' dir='ltr'><strong>gratiam</strong></span> <span class='ocrx_word' id='word_1_757' title='bbox 1270 2177 1321 2203; x_wconf 79' lang='lat' dir='ltr'><strong>Dei</strong></span> <span class='ocrx_word' id='word_1_758' title='bbox 1343 2177 1429 2203; x_wconf 82' lang='lat' dir='ltr'><strong>nostri</strong></span> <span class='ocrx_word' id='word_1_759' title='bbox 1464 2178 1490 2203; x_wconf 85' lang='lat' dir='ltr'><strong>et</strong></span> <span class='ocrx_word' id='word_1_760' title='bbox 1515 2177 1622 2204; x_wconf 80' lang='lat' dir='ltr'><strong>Domini</strong></span> <span class='ocrx_word' id='word_1_761' title='bbox 1643 2177 1705 2203; x_wconf 76' lang='lat' dir='ltr'><strong>Iesu</strong></span> 
     </span>
    </p>
   </div>
   <div class='ocr_carea' id='block_1_102' title="bbox 869 2212 1704 2258">
    <p class='ocr_par' dir='ltr' id='par_1_102' title="bbox 869 2212 1704 2258">
     <span class='ocr_line' id='line_1_102' title="bbox 869 2212 1704 2258; baseline -0.001 -9"><span class='ocrx_word' id='word_1_762' title='bbox 869 2212 893 2243; x_wconf 81' lang='grc' dir='ltr'><strong>Ι)</strong></span> <span class='ocrx_word' id='word_1_763' title='bbox 908 2221 1018 2249; x_wconf 76' lang='lat' dir='ltr'><strong>Christi.</strong></span> <span class='ocrx_word' id='word_1_764' title='bbox 1038 2223 1098 2250; x_wconf 77' lang='lat' dir='ltr'><strong>Hoc</strong></span> <span class='ocrx_word' id='word_1_765' title='bbox 1120 2221 1224 2258; x_wconf 83' lang='lat' dir='ltr'><strong>ipsum,</strong></span> <span class='ocrx_word' id='word_1_766' title='bbox 1238 2221 1338 2257; x_wconf 88' lang='lat' dir='ltr'><strong>inquit,</strong></span> <span class='ocrx_word' id='word_1_767' title='bbox 1360 2221 1407 2248; x_wconf 89' lang='lat' dir='ltr'><strong>Dei</strong></span> <span class='ocrx_word' id='word_1_768' title='bbox 1423 2224 1476 2255; x_wconf 88' lang='lat' dir='ltr'><strong>est,</strong></span> <span class='ocrx_word' id='word_1_769' title='bbox 1489 2228 1545 2248; x_wconf 90' lang='lat' dir='ltr'><strong>non</strong></span> <span class='ocrx_word' id='word_1_770' title='bbox 1566 2224 1704 2252; x_wconf 82' lang='lat' dir='ltr'><strong>nostrum,</strong></span> 
     </span>
    </p>
   </div>
   <div class='ocr_carea' id='block_1_103' title="bbox 906 2265 1706 2304">
    <p class='ocr_par' dir='ltr' id='par_1_103' title="bbox 906 2265 1706 2304">
     <span class='ocr_line' id='line_1_103' title="bbox 906 2265 1706 2304; baseline -0.003 -10"><span class='ocrx_word' id='word_1_771' title='bbox 906 2267 954 2294; x_wconf 90' lang='lat' dir='ltr'><strong>sed</strong></span> <span class='ocrx_word' id='word_1_772' title='bbox 977 2267 1064 2304; x_wconf 81' lang='lat' dir='ltr'><strong>gratia</strong></span> <span class='ocrx_word' id='word_1_773' title='bbox 1085 2266 1169 2303; x_wconf 89' lang='lat' dir='ltr'><strong>ipsius</strong></span> <span class='ocrx_word' id='word_1_774' title='bbox 1189 2271 1241 2301; x_wconf 85' lang='lat' dir='ltr'><strong>est,</strong></span> <span class='ocrx_word' id='word_1_775' title='bbox 1262 2271 1290 2294; x_wconf 89' lang='lat' dir='ltr'><strong>et</strong></span> <span class='ocrx_word' id='word_1_776' title='bbox 1312 2266 1389 2302; x_wconf 88' lang='lat' dir='ltr'><strong>quod</strong></span> <span class='ocrx_word' id='word_1_777' title='bbox 1412 2265 1579 2303; x_wconf 72' lang='lat' dir='ltr'><strong>gloriﬁcetur</strong></span> <span class='ocrx_word' id='word_1_778' title='bbox 1600 2265 1659 2302; x_wconf 85' lang='lat' dir='ltr'><strong>ipse</strong></span> <span class='ocrx_word' id='word_1_779' title='bbox 1677 2265 1706 2293; x_wconf 90' lang='lat' dir='ltr'><strong>in</strong></span> 
     </span>
    </p>
   </div>
   <div class='ocr_carea' id='block_1_104' title="bbox 905 2310 1706 2347">
    <p class='ocr_par' dir='ltr' id='par_1_104' title="bbox 905 2310 1706 2347">
     <span class='ocr_line' id='line_1_104' title="bbox 905 2310 1706 2347; baseline 0 -9"><span class='ocrx_word' id='word_1_780' title='bbox 905 2311 996 2345; x_wconf 88' lang='lat' dir='ltr'><strong>nobis,</strong></span> <span class='ocrx_word' id='word_1_781' title='bbox 1009 2315 1036 2339; x_wconf 87' lang='lat' dir='ltr'><strong>et</strong></span> <span class='ocrx_word' id='word_1_782' title='bbox 1050 2311 1124 2347; x_wconf 88' lang='lat' dir='ltr'><strong>quod</strong></span> <span class='ocrx_word' id='word_1_783' title='bbox 1137 2311 1206 2339; x_wconf 88' lang='lat' dir='ltr'><strong>nihil</strong></span> <span class='ocrx_word' id='word_1_784' title='bbox 1219 2311 1270 2347; x_wconf 88' lang='lat' dir='ltr'><strong>ipsi</strong></span> <span class='ocrx_word' id='word_1_785' title='bbox 1291 2310 1473 2346; x_wconf 60' lang='lat' dir='ltr'><strong>praeferimus.</strong></span> <span class='ocrx_word' id='word_1_786' title='bbox 1488 2315 1519 2338; x_wconf 87' lang='lat' dir='ltr'><strong>ut</strong></span> <span class='ocrx_word' id='word_1_787' title='bbox 1532 2310 1578 2347; x_wconf 89' lang='lat' dir='ltr'><strong>qui</strong></span> <span class='ocrx_word' id='word_1_788' title='bbox 1597 2310 1632 2339; x_wconf 87' lang='lat' dir='ltr'><strong>sit</strong></span> <span class='ocrx_word' id='word_1_789' title='bbox 1645 2318 1706 2338; x_wconf 92' lang='lat' dir='ltr'><strong>om-</strong></span> 
     </span>
    </p>
   </div>
   <div class='ocr_carea' id='block_1_105' title="bbox 906 2355 1707 2391">
    <p class='ocr_par' dir='ltr' id='par_1_105' title="bbox 906 2355 1707 2391">
     <span class='ocr_line' id='line_1_105' title="bbox 906 2355 1707 2391; baseline 0 -7"><span class='ocrx_word' id='word_1_790' title='bbox 906 2356 984 2384; x_wconf 90' lang='lat' dir='ltr'><strong>nium</strong></span> <span class='ocrx_word' id='word_1_791' title='bbox 1007 2356 1181 2384; x_wconf 88' lang='lat' dir='ltr'><strong>dulcissimus</strong></span> <span class='ocrx_word' id='word_1_792' title='bbox 1197 2364 1204 2383; x_wconf 92' lang='lat'><strong>:</strong></span> <span class='ocrx_word' id='word_1_793' title='bbox 1230 2360 1257 2383; x_wconf 89' lang='lat' dir='ltr'><strong>et</strong></span> <span class='ocrx_word' id='word_1_794' title='bbox 1278 2360 1308 2383; x_wconf 91' lang='lat' dir='ltr'><strong>ut</strong></span> <span class='ocrx_word' id='word_1_795' title='bbox 1323 2363 1374 2383; x_wconf 90' lang='lat' dir='ltr'><strong>nos</strong></span> <span class='ocrx_word' id='word_1_796' title='bbox 1393 2355 1420 2383; x_wconf 91' lang='lat' dir='ltr'><strong>in</strong></span> <span class='ocrx_word' id='word_1_797' title='bbox 1439 2355 1499 2391; x_wconf 87' lang='lat' dir='ltr'><strong>ipso</strong></span> <span class='ocrx_word' id='word_1_798' title='bbox 1523 2355 1707 2388; x_wconf 85' lang='lat' dir='ltr'><strong>celebremur,</strong></span> 
     </span>
    </p>
   </div>
   <div class='ocr_carea' id='block_1_106' title="bbox 907 2400 1706 2437">
    <p class='ocr_par' dir='ltr' id='par_1_106' title="bbox 907 2400 1706 2437">
     <span class='ocr_line' id='line_1_106' title="bbox 907 2400 1706 2437; baseline 0 -9"><span class='ocrx_word' id='word_1_799' title='bbox 907 2401 1038 2437; x_wconf 88' lang='lat' dir='ltr'><strong>quoniam</strong></span> <span class='ocrx_word' id='word_1_800' title='bbox 1054 2401 1208 2437; x_wconf 86' lang='lat' dir='ltr'><strong>potentiam</strong></span> <span class='ocrx_word' id='word_1_801' title='bbox 1222 2400 1257 2428; x_wconf 89' lang='lat' dir='ltr'><strong>ab</strong></span> <span class='ocrx_word' id='word_1_802' title='bbox 1269 2408 1302 2429; x_wconf 90' lang='lat' dir='ltr'><strong>eo</strong></span> <span class='ocrx_word' id='word_1_803' title='bbox 1317 2400 1481 2436; x_wconf 87' lang='lat' dir='ltr'><strong>suscipimus</strong></span> <span class='ocrx_word' id='word_1_804' title='bbox 1494 2405 1524 2429; x_wconf 89' lang='lat' dir='ltr'><strong>ut</strong></span> <span class='ocrx_word' id='word_1_805' title='bbox 1536 2400 1706 2430; x_wconf 88' lang='lat' dir='ltr'><strong>sufferamus</strong></span> 
     </span>
    </p>
   </div>
   <div class='ocr_carea' id='block_1_107' title="bbox 906 2445 1256 2482">
    <p class='ocr_par' dir='ltr' id='par_1_107' title="bbox 906 2445 1256 2482">
     <span class='ocr_line' id='line_1_107' title="bbox 906 2445 1256 2482; baseline -0.003 -8"><span class='ocrx_word' id='word_1_806' title='bbox 906 2446 946 2474; x_wconf 90' lang='lat' dir='ltr'><strong>vel</strong></span> <span class='ocrx_word' id='word_1_807' title='bbox 962 2446 1071 2482; x_wconf 87' lang='lat' dir='ltr'><strong>quasvis</strong></span> <span class='ocrx_word' id='word_1_808' title='bbox 1081 2445 1256 2474; x_wconf 83' lang='lat' dir='ltr'><strong>tentationes.</strong></span> 
     </span>
    </p>
   </div>
   <div class='ocr_carea' id='block_1_108' title="bbox 1217 2511 1395 2539">
    <p class='ocr_par' dir='ltr' id='par_1_108' title="bbox 1217 2511 1395 2539">
     <span class='ocr_line' id='line_1_108' title="bbox 1217 2511 1395 2539; baseline 0 -1"><span class='ocrx_word' id='word_1_809' title='bbox 1217 2511 1339 2539; x_wconf 75' lang='lat' dir='ltr'><strong>CAPUT</strong></span> <span class='ocrx_word' id='word_1_810' title='bbox 1358 2511 1395 2538; x_wconf 81' lang='lat' dir='ltr'><strong>ll.</strong></span> 
     </span>
    </p>
   </div>
   <div class='ocr_carea' id='block_1_109' title="bbox 942 2578 1708 2614">
    <p class='ocr_par' dir='ltr' id='par_1_109' title="bbox 942 2578 1708 2614">
     <span class='ocr_line' id='line_1_109' title="bbox 942 2578 1708 2614; baseline -0.004 -7"><span class='ocrx_word' id='word_1_811' title='bbox 942 2580 1033 2607; x_wconf 71' lang='lat' dir='ltr'><strong>Vens.</strong></span> <span class='ocrx_word' id='word_1_812' title='bbox 1051 2582 1076 2607; x_wconf 86' lang='grc' dir='ltr'>ι.</span> <span class='ocrx_word' id='word_1_813' title='bbox 1093 2580 1224 2614; x_wconf 83' lang='lat' dir='ltr'><strong>Rogamus</strong></span> <span class='ocrx_word' id='word_1_814' title='bbox 1238 2581 1328 2606; x_wconf 82' lang='lat' dir='ltr'><strong>autem</strong></span> <span class='ocrx_word' id='word_1_815' title='bbox 1345 2587 1401 2611; x_wconf 79' lang='lat' dir='ltr'><strong>vos,</strong></span> <span class='ocrx_word' id='word_1_816' title='bbox 1412 2580 1524 2614; x_wconf 78' lang='lat' dir='ltr'><strong>fratres,</strong></span> <span class='ocrx_word' id='word_1_817' title='bbox 1544 2587 1594 2614; x_wconf 76' lang='lat' dir='ltr'><strong>per</strong></span> <span class='ocrx_word' id='word_1_818' title='bbox 1608 2578 1708 2605; x_wconf 80' lang='lat' dir='ltr'><strong>aduen-</strong></span> 
     </span>
    </p>
   </div>
   <div class='ocr_carea' id='block_1_110' title="bbox 907 2623 1706 2656">
    <p class='ocr_par' dir='ltr' id='par_1_110' title="bbox 907 2623 1706 2656">
     <span class='ocr_line' id='line_1_110' title="bbox 907 2623 1706 2656; baseline -0.005 -4"><span class='ocrx_word' id='word_1_819' title='bbox 907 2627 964 2652; x_wconf 84' lang='lat' dir='ltr'><strong>tum</strong></span> <span class='ocrx_word' id='word_1_820' title='bbox 978 2625 1086 2652; x_wconf 81' lang='lat' dir='ltr'><strong>Domini</strong></span> <span class='ocrx_word' id='word_1_821' title='bbox 1103 2625 1191 2652; x_wconf 80' lang='lat' dir='ltr'><strong>nostri</strong></span> <span class='ocrx_word' id='word_1_822' title='bbox 1209 2625 1270 2652; x_wconf 86' lang='lat' dir='ltr'><strong>Jesu</strong></span> <span class='ocrx_word' id='word_1_823' title='bbox 1283 2623 1392 2655; x_wconf 75' lang='lat' dir='ltr'><strong>Christi,</strong></span> <span class='ocrx_word' id='word_1_824' title='bbox 1406 2627 1432 2652; x_wconf 81' lang='lat' dir='ltr'><strong>et</strong></span> <span class='ocrx_word' id='word_1_825' title='bbox 1446 2626 1544 2652; x_wconf 62' lang='lat' dir='ltr'><strong>nostra</strong></span> <span class='ocrx_word' id='word_1_826' title='bbox 1559 2630 1706 2656; x_wconf 69' lang='lat' dir='ltr'><strong>congrega—</strong></span> 
     </span>
    </p>
   </div>
   <div class='ocr_carea' id='block_1_111' title="bbox 907 2669 1703 2704">
    <p class='ocr_par' dir='ltr' id='par_1_111' title="bbox 907 2669 1703 2704">
     <span class='ocr_line' id='line_1_111' title="bbox 907 2669 1703 2704; baseline -0.005 -7"><span class='ocrx_word' id='word_1_827' title='bbox 907 2671 987 2697; x_wconf 85' lang='lat' dir='ltr'><strong>tionis</strong></span> <span class='ocrx_word' id='word_1_828' title='bbox 1005 2671 1035 2697; x_wconf 84' lang='lat' dir='ltr'><strong>in</strong></span> <span class='ocrx_word' id='word_1_829' title='bbox 1054 2671 1154 2704; x_wconf 81' lang='lat' dir='ltr'><strong>ipsum,</strong></span> <span class='ocrx_word' id='word_1_830' title='bbox 1176 2671 1208 2697; x_wconf 82' lang='lat' dir='ltr'><strong>ut</strong></span> <span class='ocrx_word' id='word_1_831' title='bbox 1227 2677 1280 2696; x_wconf 86' lang='lat' dir='ltr'><strong>non</strong></span> <span class='ocrx_word' id='word_1_832' title='bbox 1306 2671 1357 2697; x_wconf 83' lang='lat' dir='ltr'><strong>cito</strong></span> <span class='ocrx_word' id='word_1_833' title='bbox 1383 2669 1545 2696; x_wconf 82' lang='lat' dir='ltr'><strong>moveamim&#39;</strong></span> <span class='ocrx_word' id='word_1_834' title='bbox 1567 2675 1585 2694; x_wconf 85' lang='grc' dir='ltr'><strong>α</strong></span> <span class='ocrx_word' id='word_1_835' title='bbox 1612 2673 1703 2694; x_wconf 82' lang='lat' dir='ltr'><strong>sensu.</strong></span> 
     </span>
    </p>
   </div>
   <div class='ocr_carea' id='block_1_112' title="bbox 907 2709 1706 2750">
    <p class='ocr_par' dir='ltr' id='par_1_112' title="bbox 907 2709 1706 2750">
     <span class='ocr_line' id='line_1_112' title="bbox 907 2709 1706 2750; baseline -0.006 -8"><span class='ocrx_word' id='word_1_836' title='bbox 907 2713 1024 2750; x_wconf 87' lang='lat' dir='ltr'><strong>Quando</strong></span> <span class='ocrx_word' id='word_1_837' title='bbox 1038 2714 1075 2742; x_wconf 88' lang='lat' dir='ltr'><strong>sit</strong></span> <span class='ocrx_word' id='word_1_838' title='bbox 1087 2713 1181 2743; x_wconf 84' lang='lat' dir='ltr'><strong>futura</strong></span> <span class='ocrx_word' id='word_1_839' title='bbox 1200 2713 1373 2747; x_wconf 86' lang='lat' dir='ltr'><strong>resurrectio,</strong></span> <span class='ocrx_word' id='word_1_840' title='bbox 1387 2720 1442 2742; x_wconf 86' lang='lat' dir='ltr'><strong>non</strong></span> <span class='ocrx_word' id='word_1_841' title='bbox 1456 2712 1540 2742; x_wconf 87' lang='lat' dir='ltr'><strong>dicit:</strong></span> <span class='ocrx_word' id='word_1_842' title='bbox 1556 2709 1630 2748; x_wconf 90' lang='lat' dir='ltr'><strong>quod</strong></span> <span class='ocrx_word' id='word_1_843' title='bbox 1640 2717 1706 2738; x_wconf 89' lang='lat' dir='ltr'><strong>vero</strong></span> 
     </span>
    </p>
   </div>
   <div class='ocr_carea' id='block_1_113' title="bbox 746 2798 1020 2829">
    <p class='ocr_par' dir='ltr' id='par_1_113' title="bbox 746 2798 1020 2829">
     <span class='ocr_line' id='line_1_113' title="bbox 746 2798 1020 2829; baseline 0.007 -2"><span class='ocrx_word' id='word_1_844' title='bbox 746 2798 843 2828; x_wconf 64' lang='lat' dir='ltr'><strong>Varie</strong></span> <span class='ocrx_word' id='word_1_845' title='bbox 866 2799 1020 2829; x_wconf 82' lang='lat' dir='ltr'><strong>lectiones.</strong></span> 
     </span>
    </p>
   </div>
   <div class='ocr_carea' id='block_1_114' title="bbox 100 2843 921 2886">
    <p class='ocr_par' dir='ltr' id='par_1_114' title="bbox 100 2843 921 2886">
     <span class='ocr_line' id='line_1_114' title="bbox 100 2843 921 2886; baseline 0.01 -14"><span class='ocrx_word' id='word_1_846' title='bbox 100 2843 119 2861; x_wconf 75' lang='grc'><strong><em>⁵⁸</em></strong></span> <span class='ocrx_word' id='word_1_847' title='bbox 130 2847 168 2873; x_wconf 79' lang='grc' dir='ltr'>καὶ</span> <span class='ocrx_word' id='word_1_848' title='bbox 180 2847 255 2884; x_wconf 74' lang='grc' dir='ltr'>μηδὲν</span> <span class='ocrx_word' id='word_1_849' title='bbox 268 2847 328 2883; x_wconf 70' lang='grc' dir='ltr'>ὑμῖν</span> <span class='ocrx_word' id='word_1_850' title='bbox 341 2847 412 2883; x_wconf 76' lang='grc' dir='ltr'>λείπῃ</span> <span class='ocrx_word' id='word_1_851' title='bbox 426 2855 453 2876; x_wconf 90' lang='lat' dir='ltr'><strong>o.</strong></span> <span class='ocrx_word' id='word_1_852' title='bbox 494 2848 518 2868; x_wconf 78' lang='grc'><strong>⁸⁸</strong></span> <span class='ocrx_word' id='word_1_853' title='bbox 535 2847 703 2885; x_wconf 67' lang='grc' dir='ltr'>ἀνεχομένους</span> <span class='ocrx_word' id='word_1_854' title='bbox 715 2857 754 2878; x_wconf 90' lang='lat' dir='ltr'><strong>m.</strong></span> <span class='ocrx_word' id='word_1_855' title='bbox 792 2849 814 2867; x_wconf 81' lang='grc'><strong>⁵⁷</strong></span> <span class='ocrx_word' id='word_1_856' title='bbox 828 2850 883 2886; x_wconf 73' lang='grc' dir='ltr'>περὶ</span> <span class='ocrx_word' id='word_1_857' title='bbox 896 2858 921 2879; x_wconf 80' lang='grc' dir='ltr'>ο.</span> 
     </span>
    </p>
   </div>
  </div>
