  <div class='ocr_page' id='page_1' title='image "/cluster/home/n/w/nwhite01/storage/ocr_20150623/124/njp.32101010942728/849.png"; bbox 0 0 1890 3077; ppageno 0'>
   <div class='ocr_carea' id='block_1_1' title="bbox 195 187 264 214">
    <p class='ocr_par' dir='ltr' id='par_1_1' title="bbox 195 187 264 214">
     <span class='ocr_line' id='line_1_1' title="bbox 195 187 264 214; baseline -0.014 0"><span class='ocrx_word' id='word_1_1' title='bbox 195 187 264 214; x_wconf 73' lang='lat' dir='ltr'><strong>i339</strong></span> 
     </span>
    </p>
   </div>
   <div class='ocr_carea' id='block_1_2' title="bbox 710 184 1338 214">
    <p class='ocr_par' dir='ltr' id='par_1_2' title="bbox 710 184 1338 214">
     <span class='ocr_line' id='line_1_2' title="bbox 710 184 1338 214; baseline -0.002 -1"><span class='ocrx_word' id='word_1_2' title='bbox 710 185 966 214; x_wconf 82' lang='lat' dir='ltr'><strong>THEOPHYLACTI</strong></span> <span class='ocrx_word' id='word_1_3' title='bbox 986 185 1162 213; x_wconf 64' lang='lat' dir='ltr'><strong>BULGARIzE</strong></span> <span class='ocrx_word' id='word_1_4' title='bbox 1182 184 1338 212; x_wconf 83' lang='lat' dir='ltr'><strong>ARCHIEP.</strong></span> 
     </span>
    </p>
   </div>
   <div class='ocr_carea' id='block_1_3' title="bbox 1780 182 1842 209">
    <p class='ocr_par' dir='ltr' id='par_1_3' title="bbox 1780 182 1842 209">
     <span class='ocr_line' id='line_1_3' title="bbox 1780 182 1842 209; baseline 0 0"><span class='ocrx_word' id='word_1_5' title='bbox 1780 182 1842 209; x_wconf 74' lang='grc'><strong>1340</strong></span> 
     </span>
    </p>
   </div>
   <div class='ocr_carea' id='block_1_4' title="bbox 193 244 988 287">
    <p class='ocr_par' dir='ltr' id='par_1_4' title="bbox 193 247 988 285">
     <span class='ocr_line' id='line_1_4' title="bbox 193 247 988 285; baseline 0 -9"><span class='ocrx_word' id='word_1_6' title='bbox 193 256 267 276; x_wconf 89' lang='lat' dir='ltr'><strong>nunc</strong></span> <span class='ocrx_word' id='word_1_7' title='bbox 276 255 334 276; x_wconf 88' lang='lat' dir='ltr'><strong>non</strong></span> <span class='ocrx_word' id='word_1_8' title='bbox 346 248 441 281; x_wconf 88' lang='lat' dir='ltr'><strong>instet,</strong></span> <span class='ocrx_word' id='word_1_9' title='bbox 452 247 506 277; x_wconf 90' lang='lat' dir='ltr'><strong>hoc</strong></span> <span class='ocrx_word' id='word_1_10' title='bbox 515 247 603 277; x_wconf 89' lang='lat' dir='ltr'><strong>docet.</strong></span> <span class='ocrx_word' id='word_1_11' title='bbox 617 248 702 285; x_wconf 77' lang='lat'><strong>536</strong></span> <span class='ocrx_word' id='word_1_12' title='bbox 713 249 834 277; x_wconf 85' lang='lat' dir='ltr'><strong>Fuerunt</strong></span> <span class='ocrx_word' id='word_1_13' title='bbox 842 249 914 276; x_wconf 91' lang='lat' dir='ltr'><strong>enim</strong></span> <span class='ocrx_word' id='word_1_14' title='bbox 925 257 988 277; x_wconf 91' lang='lat' dir='ltr'><strong>non-</strong></span> 
     </span>
    </p>
   </div>
   <div class='ocr_carea' id='block_1_5' title="bbox 1080 244 1841 287">
    <p class='ocr_par' dir='ltr' id='par_1_5' title="bbox 1082 244 1841 287">
     <span class='ocr_line' id='line_1_5' title="bbox 1082 244 1841 287; baseline -0.005 -10"><span class='ocrx_word' id='word_1_15' title='bbox 1082 247 1210 286; x_wconf 78' lang='grc' dir='ltr'>άστασις,</span> <span class='ocrx_word' id='word_1_16' title='bbox 1239 248 1268 276; x_wconf 85' lang='grc' dir='ltr'>οὗ</span> <span class='ocrx_word' id='word_1_17' title='bbox 1288 246 1376 287; x_wconf 78' lang='grc' dir='ltr'>λέγει.</span> <span class='ocrx_word' id='word_1_18' title='bbox 1397 245 1438 276; x_wconf 73' lang='grc' dir='ltr'><strong>ὅτι</strong></span> <span class='ocrx_word' id='word_1_19' title='bbox 1458 245 1505 276; x_wconf 77' lang='grc' dir='ltr'>καὶ</span> <span class='ocrx_word' id='word_1_20' title='bbox 1582 245 1622 284; x_wconf 83' lang='grc' dir='ltr'><strong>δὲ]</strong></span> <span class='ocrx_word' id='word_1_21' title='bbox 1638 247 1683 274; x_wconf 77' lang='grc' dir='ltr'>νῦν</span> <span class='ocrx_word' id='word_1_22' title='bbox 1700 245 1753 274; x_wconf 67' lang='grc' dir='ltr'><strong>οὐχ</strong></span> <span class='ocrx_word' id='word_1_23' title='bbox 1773 244 1841 274; x_wconf 77' lang='grc' dir='ltr'>ἔστι.</span> 
     </span>
    </p>
   </div>
   <div class='ocr_carea' id='block_1_6' title="bbox 194 293 991 330">
    <p class='ocr_par' dir='ltr' id='par_1_6' title="bbox 194 293 991 330">
     <span class='ocr_line' id='line_1_6' title="bbox 194 293 991 330; baseline 0.003 -10"><span class='ocrx_word' id='word_1_24' title='bbox 194 293 259 321; x_wconf 87' lang='lat' dir='ltr'><strong>nulli</strong></span> <span class='ocrx_word' id='word_1_25' title='bbox 272 293 446 328; x_wconf 83' lang='lat' dir='ltr'><strong>impostores,</strong></span> <span class='ocrx_word' id='word_1_26' title='bbox 461 293 507 329; x_wconf 89' lang='lat' dir='ltr'><strong>qui</strong></span> <span class='ocrx_word' id='word_1_27' title='bbox 523 298 677 322; x_wconf 86' lang='lat' dir='ltr'><strong>asscrerent</strong></span> <span class='ocrx_word' id='word_1_28' title='bbox 688 294 745 329; x_wconf 86' lang='lat' dir='ltr'><strong>jam</strong></span> <span class='ocrx_word' id='word_1_29' title='bbox 768 293 869 322; x_wconf 80' lang='lat' dir='ltr'><strong>instare</strong></span> <span class='ocrx_word' id='word_1_30' title='bbox 883 298 991 330; x_wconf 80' lang='lat' dir='ltr'><strong>tempus</strong></span> 
     </span>
    </p>
   </div>
   <div class='ocr_carea' id='block_1_7' title="bbox 193 338 989 375">
    <p class='ocr_par' dir='ltr' id='par_1_7' title="bbox 193 338 989 375">
     <span class='ocr_line' id='line_1_7' title="bbox 193 338 989 375; baseline 0.001 -10"><span class='ocrx_word' id='word_1_31' title='bbox 193 338 438 366; x_wconf 72' lang='lat' dir='ltr'><strong>consummationis</strong></span> <span class='ocrx_word' id='word_1_32' title='bbox 456 338 643 374; x_wconf 82' lang='lat' dir='ltr'><strong>adventusque</strong></span> <span class='ocrx_word' id='word_1_33' title='bbox 666 339 788 366; x_wconf 85' lang='lat' dir='ltr'><strong>Domini.</strong></span> <span class='ocrx_word' id='word_1_34' title='bbox 813 339 872 366; x_wconf 82' lang='lat' dir='ltr'><strong>Non</strong></span> <span class='ocrx_word' id='word_1_35' title='bbox 893 346 989 375; x_wconf 87' lang='lat' dir='ltr'><strong>parum</strong></span> 
     </span>
    </p>
   </div>
   <div class='ocr_carea' id='block_1_8' title="bbox 192 381 988 419">
    <p class='ocr_par' dir='ltr' id='par_1_8' title="bbox 192 381 988 419">
     <span class='ocr_line' id='line_1_8' title="bbox 192 381 988 419; baseline 0 -9"><span class='ocrx_word' id='word_1_36' title='bbox 192 387 283 410; x_wconf 85' lang='lat' dir='ltr'><strong>autem</strong></span> <span class='ocrx_word' id='word_1_37' title='bbox 308 381 342 410; x_wconf 84' lang='lat' dir='ltr'><strong>ad</strong></span> <span class='ocrx_word' id='word_1_38' title='bbox 361 382 579 411; x_wconf 77' lang='lat' dir='ltr'><strong>consolationem</strong></span> <span class='ocrx_word' id='word_1_39' title='bbox 601 382 676 416; x_wconf 83' lang='lat' dir='ltr'><strong>facit,</strong></span> <span class='ocrx_word' id='word_1_40' title='bbox 707 383 780 419; x_wconf 85' lang='lat' dir='ltr'><strong>quod</strong></span> <span class='ocrx_word' id='word_1_41' title='bbox 801 383 836 410; x_wconf 92' lang='lat' dir='ltr'><strong>ait</strong></span> <span class='ocrx_word' id='word_1_42' title='bbox 851 383 885 411; x_wconf 87' lang='lat' dir='ltr'><strong>ad</strong></span> <span class='ocrx_word' id='word_1_43' title='bbox 898 383 988 419; x_wconf 88' lang='lat' dir='ltr'><strong>ipsum</strong></span> 
     </span>
    </p>
   </div>
   <div class='ocr_carea' id='block_1_9' title="bbox 194 427 988 464">
    <p class='ocr_par' dir='ltr' id='par_1_9' title="bbox 194 427 988 464">
     <span class='ocr_line' id='line_1_9' title="bbox 194 427 988 464; baseline 0 -9"><span class='ocrx_word' id='word_1_44' title='bbox 194 427 286 455; x_wconf 79' lang='lat' dir='ltr'><strong>ﬁdeles</strong></span> <span class='ocrx_word' id='word_1_45' title='bbox 300 427 516 464; x_wconf 81' lang='lat' dir='ltr'><strong>congregandos,</strong></span> <span class='ocrx_word' id='word_1_46' title='bbox 538 432 570 456; x_wconf 89' lang='lat' dir='ltr'><strong>ut</strong></span> <span class='ocrx_word' id='word_1_47' title='bbox 581 435 646 456; x_wconf 91' lang='lat' dir='ltr'><strong>cum</strong></span> <span class='ocrx_word' id='word_1_48' title='bbox 661 435 694 456; x_wconf 83' lang='lat' dir='ltr'><strong>eo</strong></span> <span class='ocrx_word' id='word_1_49' title='bbox 711 428 812 464; x_wconf 88' lang='lat' dir='ltr'><strong>pariter</strong></span> <span class='ocrx_word' id='word_1_50' title='bbox 827 428 892 462; x_wconf 89' lang='lat' dir='ltr'><strong>sint,</strong></span> <span class='ocrx_word' id='word_1_51' title='bbox 916 432 947 456; x_wconf 93' lang='lat' dir='ltr'><strong>ut</strong></span> <span class='ocrx_word' id='word_1_52' title='bbox 961 428 988 456; x_wconf 89' lang='lat' dir='ltr'><strong>iu</strong></span> 
     </span>
    </p>
   </div>
   <div class='ocr_carea' id='block_1_10' title="bbox 193 471 988 508">
    <p class='ocr_par' dir='ltr' id='par_1_10' title="bbox 193 471 988 508">
     <span class='ocr_line' id='line_1_10' title="bbox 193 471 988 508; baseline 0.001 -8"><span class='ocrx_word' id='word_1_53' title='bbox 193 472 277 508; x_wconf 81' lang='lat' dir='ltr'><strong>priori</strong></span> <span class='ocrx_word' id='word_1_54' title='bbox 291 471 363 500; x_wconf 85' lang='lat' dir='ltr'><strong>dixit</strong></span> <span class='ocrx_word' id='word_1_55' title='bbox 381 483 388 500; x_wconf 89' lang='lat'>:</span> <span class='ocrx_word' id='word_1_56' title='bbox 402 473 498 501; x_wconf 83' lang='lat' dir='ltr'><strong>statim</strong></span> <span class='ocrx_word' id='word_1_57' title='bbox 513 473 587 501; x_wconf 87' lang='lat' dir='ltr'><strong>enim</strong></span> <span class='ocrx_word' id='word_1_58' title='bbox 605 481 620 501; x_wconf 86' lang='lat' dir='ltr'><strong>a</strong></span> <span class='ocrx_word' id='word_1_59' title='bbox 633 473 831 501; x_wconf 78' lang='lat' dir='ltr'><strong>resurrectione</strong></span> <span class='ocrx_word' id='word_1_60' title='bbox 844 473 878 501; x_wconf 89' lang='lat' dir='ltr'><strong>ad</strong></span> <span class='ocrx_word' id='word_1_61' title='bbox 893 473 988 501; x_wconf 91' lang='lat' dir='ltr'><strong>Domi-</strong></span> 
     </span>
    </p>
   </div>
   <div class='ocr_carea' id='block_1_11' title="bbox 193 517 989 554">
    <p class='ocr_par' dir='ltr' id='par_1_11' title="bbox 193 517 989 554">
     <span class='ocr_line' id='line_1_11' title="bbox 193 517 989 554; baseline 0.003 -10"><span class='ocrx_word' id='word_1_62' title='bbox 193 525 260 544; x_wconf 89' lang='lat' dir='ltr'><strong>num</strong></span> <span class='ocrx_word' id='word_1_63' title='bbox 283 518 443 545; x_wconf 88' lang='lat' dir='ltr'><strong>attollentur</strong></span> <span class='ocrx_word' id='word_1_64' title='bbox 467 517 552 552; x_wconf 74' lang='lat' dir='ltr'><strong>digni.</strong></span> <span class='ocrx_word' id='word_1_65' title='bbox 576 517 649 553; x_wconf 87' lang='lat' dir='ltr'><strong>Quid</strong></span> <span class='ocrx_word' id='word_1_66' title='bbox 664 517 745 554; x_wconf 81' lang='lat' dir='ltr'><strong>igitur</strong></span> <span class='ocrx_word' id='word_1_67' title='bbox 762 522 813 551; x_wconf 85' lang='lat' dir='ltr'><strong>est,</strong></span> <span class='ocrx_word' id='word_1_68' title='bbox 833 519 989 552; x_wconf 81' lang='lat' dir='ltr'><strong>Rogamus?</strong></span> 
     </span>
    </p>
   </div>
   <div class='ocr_carea' id='block_1_12' title="bbox 193 562 989 597">
    <p class='ocr_par' dir='ltr' id='par_1_12' title="bbox 193 562 989 597">
     <span class='ocr_line' id='line_1_12' title="bbox 193 562 989 597; baseline 0.003 -7"><span class='ocrx_word' id='word_1_69' title='bbox 193 562 253 590; x_wconf 80' lang='lat' dir='ltr'><strong>Hoc</strong></span> <span class='ocrx_word' id='word_1_70' title='bbox 272 565 322 597; x_wconf 86' lang='lat' dir='ltr'><strong>est,</strong></span> <span class='ocrx_word' id='word_1_71' title='bbox 342 563 528 591; x_wconf 87' lang='lat' dir='ltr'><strong>Obsecramus</strong></span> <span class='ocrx_word' id='word_1_72' title='bbox 543 571 602 597; x_wconf 82' lang='lat' dir='ltr'><strong>vos,</strong></span> <span class='ocrx_word' id='word_1_73' title='bbox 622 567 653 591; x_wconf 90' lang='lat' dir='ltr'><strong>ut</strong></span> <span class='ocrx_word' id='word_1_74' title='bbox 675 571 730 591; x_wconf 93' lang='lat' dir='ltr'><strong>non</strong></span> <span class='ocrx_word' id='word_1_75' title='bbox 750 563 946 591; x_wconf 86' lang='lat' dir='ltr'><strong>concutiamini</strong></span> <span class='ocrx_word' id='word_1_76' title='bbox 961 568 989 592; x_wconf 87' lang='lat' dir='ltr'><strong>et</strong></span> 
     </span>
    </p>
   </div>
   <div class='ocr_carea' id='block_1_13' title="bbox 192 606 987 644">
    <p class='ocr_par' dir='ltr' id='par_1_13' title="bbox 192 606 987 644">
     <span class='ocr_line' id='line_1_13' title="bbox 192 606 987 644; baseline 0.003 -10"><span class='ocrx_word' id='word_1_77' title='bbox 192 606 350 634; x_wconf 85' lang='lat' dir='ltr'><strong>avertamini</strong></span> <span class='ocrx_word' id='word_1_78' title='bbox 361 615 376 634; x_wconf 88' lang='lat' dir='ltr'><strong>a</strong></span> <span class='ocrx_word' id='word_1_79' title='bbox 387 608 524 636; x_wconf 79' lang='lat' dir='ltr'><strong>sententia</strong></span> <span class='ocrx_word' id='word_1_80' title='bbox 540 615 623 644; x_wconf 83' lang='lat' dir='ltr'><strong>quam</strong></span> <span class='ocrx_word' id='word_1_81' title='bbox 645 607 778 636; x_wconf 84' lang='lat' dir='ltr'><strong>hactenus</strong></span> <span class='ocrx_word' id='word_1_82' title='bbox 796 612 870 636; x_wconf 85' lang='lat' dir='ltr'><strong>recte</strong></span> <span class='ocrx_word' id='word_1_83' title='bbox 885 609 987 636; x_wconf 85' lang='lat' dir='ltr'><strong>consti-</strong></span> 
     </span>
    </p>
   </div>
   <div class='ocr_carea' id='block_1_14' title="bbox 192 651 439 680">
    <p class='ocr_par' dir='ltr' id='par_1_14' title="bbox 192 651 439 680">
     <span class='ocr_line' id='line_1_14' title="bbox 192 651 439 680; baseline 0.008 -2"><span class='ocrx_word' id='word_1_84' title='bbox 192 655 282 680; x_wconf 85' lang='lat' dir='ltr'><strong>tutam</strong></span> <span class='ocrx_word' id='word_1_85' title='bbox 297 651 439 680; x_wconf 82' lang='lat' dir='ltr'><strong>habuistis.</strong></span> 
     </span>
    </p>
   </div>
   <div class='ocr_carea' id='block_1_15' title="bbox 227 743 984 779">
    <p class='ocr_par' dir='ltr' id='par_1_15' title="bbox 227 743 984 779">
     <span class='ocr_line' id='line_1_15' title="bbox 227 743 984 779; baseline 0.003 -10"><span class='ocrx_word' id='word_1_86' title='bbox 227 743 319 770; x_wconf 73' lang='lat' dir='ltr'><strong>Vnns.</strong></span> <span class='ocrx_word' id='word_1_87' title='bbox 336 745 362 770; x_wconf 79' lang='grc'><strong>2.</strong></span> <span class='ocrx_word' id='word_1_88' title='bbox 379 743 471 778; x_wconf 80' lang='lat' dir='ltr'><strong>Neque</strong></span> <span class='ocrx_word' id='word_1_89' title='bbox 494 744 660 774; x_wconf 78' lang='lat' dir='ltr'><strong>tcrreamini,</strong></span> <span class='ocrx_word' id='word_1_90' title='bbox 674 751 760 778; x_wconf 80' lang='lat' dir='ltr'><strong>neque</strong></span> <span class='ocrx_word' id='word_1_91' title='bbox 776 751 826 778; x_wconf 81' lang='lat' dir='ltr'><strong>per</strong></span> <span class='ocrx_word' id='word_1_92' title='bbox 848 744 984 779; x_wconf 80' lang='lat' dir='ltr'><strong>spiritum.</strong></span> 
     </span>
    </p>
   </div>
   <div class='ocr_carea' id='block_1_16' title="bbox 194 787 987 824">
    <p class='ocr_par' dir='ltr' id='par_1_16' title="bbox 194 787 987 824">
     <span class='ocr_line' id='line_1_16' title="bbox 194 787 987 824; baseline 0.003 -10"><span class='ocrx_word' id='word_1_93' title='bbox 194 788 252 814; x_wconf 85' lang='lat' dir='ltr'><strong>lloc</strong></span> <span class='ocrx_word' id='word_1_94' title='bbox 273 791 325 820; x_wconf 88' lang='lat' dir='ltr'><strong>est,</strong></span> <span class='ocrx_word' id='word_1_95' title='bbox 352 795 402 824; x_wconf 87' lang='lat' dir='ltr'><strong>per</strong></span> <span class='ocrx_word' id='word_1_96' title='bbox 425 787 608 824; x_wconf 83' lang='lat' dir='ltr'><strong>prophetiam.</strong></span> <span class='ocrx_word' id='word_1_97' title='bbox 636 787 754 822; x_wconf 89' lang='lat' dir='ltr'><strong>Quidam</strong></span> <span class='ocrx_word' id='word_1_98' title='bbox 777 788 849 816; x_wconf 88' lang='lat' dir='ltr'><strong>enim</strong></span> <span class='ocrx_word' id='word_1_99' title='bbox 871 788 987 824; x_wconf 89' lang='lat' dir='ltr'><strong>prophe-</strong></span> 
     </span>
    </p>
   </div>
   <div class='ocr_carea' id='block_1_17' title="bbox 191 832 987 869">
    <p class='ocr_par' dir='ltr' id='par_1_17' title="bbox 191 832 987 869">
     <span class='ocr_line' id='line_1_17' title="bbox 191 832 987 869; baseline 0.003 -10"><span class='ocrx_word' id='word_1_100' title='bbox 191 832 256 860; x_wconf 85' lang='lat' dir='ltr'><strong>tiam</strong></span> <span class='ocrx_word' id='word_1_101' title='bbox 270 832 443 866; x_wconf 84' lang='lat' dir='ltr'><strong>simulantes,</strong></span> <span class='ocrx_word' id='word_1_102' title='bbox 459 833 638 869; x_wconf 83' lang='lat' dir='ltr'><strong>imponebant</strong></span> <span class='ocrx_word' id='word_1_103' title='bbox 659 832 769 868; x_wconf 91' lang='lat' dir='ltr'><strong>populo,</strong></span> <span class='ocrx_word' id='word_1_104' title='bbox 786 841 834 861; x_wconf 88' lang='lat' dir='ltr'><strong>ceu</strong></span> <span class='ocrx_word' id='word_1_105' title='bbox 843 833 901 869; x_wconf 88' lang='lat' dir='ltr'><strong>jam</strong></span> <span class='ocrx_word' id='word_1_106' title='bbox 918 841 987 869; x_wconf 74' lang='lat' dir='ltr'><strong>pra:-</strong></span> 
     </span>
    </p>
   </div>
   <div class='ocr_carea' id='block_1_18' title="bbox 191 878 503 905">
    <p class='ocr_par' dir='ltr' id='par_1_18' title="bbox 191 878 503 905">
     <span class='ocr_line' id='line_1_18' title="bbox 191 878 503 905; baseline 0 -1"><span class='ocrx_word' id='word_1_107' title='bbox 191 885 252 904; x_wconf 88' lang='lat' dir='ltr'><strong>sens</strong></span> <span class='ocrx_word' id='word_1_108' title='bbox 267 881 338 904; x_wconf 86' lang='lat' dir='ltr'><strong>esset</strong></span> <span class='ocrx_word' id='word_1_109' title='bbox 354 878 503 905; x_wconf 87' lang='lat' dir='ltr'><strong>Dominus.</strong></span> 
     </span>
    </p>
   </div>
   <div class='ocr_carea' id='block_1_19' title="bbox 228 921 1024 962">
    <p class='ocr_par' dir='ltr' id='par_1_19' title="bbox 228 921 1024 962">
     <span class='ocr_line' id='line_1_19' title="bbox 228 921 1024 962; baseline 0.001 -12"><span class='ocrx_word' id='word_1_110' title='bbox 228 923 317 957; x_wconf 68' lang='lat' dir='ltr'><strong>Neque</strong></span> <span class='ocrx_word' id='word_1_111' title='bbox 337 930 386 957; x_wconf 70' lang='lat' dir='ltr'><strong>per</strong></span> <span class='ocrx_word' id='word_1_112' title='bbox 417 931 574 950; x_wconf 62' lang='lat' dir='ltr'><strong>sermonem.</strong></span> <span class='ocrx_word' id='word_1_113' title='bbox 601 923 660 951; x_wconf 81' lang='lat' dir='ltr'><strong>Hoc</strong></span> <span class='ocrx_word' id='word_1_114' title='bbox 681 926 732 956; x_wconf 90' lang='lat' dir='ltr'><strong>est,</strong></span> <span class='ocrx_word' id='word_1_115' title='bbox 753 921 907 950; x_wconf 87' lang='lat' dir='ltr'><strong>doctrinam</strong></span> <span class='ocrx_word' id='word_1_116' title='bbox 927 923 984 951; x_wconf 80' lang='lat' dir='ltr'><strong>viva</strong></span> <span class='ocrx_word' id='word_1_117' title='bbox 1001 931 1024 962; x_wconf 82' lang='grc' dir='ltr'><strong><em>Β</em></strong></span> 
     </span>
    </p>
   </div>
   <div class='ocr_carea' id='block_1_20' title="bbox 192 966 381 994">
    <p class='ocr_par' dir='ltr' id='par_1_20' title="bbox 192 966 381 994">
     <span class='ocr_line' id='line_1_20' title="bbox 192 966 381 994; baseline 0.005 -1"><span class='ocrx_word' id='word_1_118' title='bbox 192 974 256 994; x_wconf 81' lang='lat' dir='ltr'><strong>voce</strong></span> <span class='ocrx_word' id='word_1_119' title='bbox 269 966 381 994; x_wconf 83' lang='lat' dir='ltr'><strong>factam.</strong></span> 
     </span>
    </p>
   </div>
   <div class='ocr_carea' id='block_1_21' title="bbox 226 1013 989 1048">
    <p class='ocr_par' dir='ltr' id='par_1_21' title="bbox 226 1013 989 1048">
     <span class='ocr_line' id='line_1_21' title="bbox 226 1013 989 1048; baseline 0.003 -10"><span class='ocrx_word' id='word_1_120' title='bbox 226 1013 317 1048; x_wconf 61' lang='lat' dir='ltr'><strong>Neque</strong></span> <span class='ocrx_word' id='word_1_121' title='bbox 337 1020 388 1047; x_wconf 82' lang='lat' dir='ltr'><strong>per</strong></span> <span class='ocrx_word' id='word_1_122' title='bbox 403 1013 545 1047; x_wconf 69' lang='lat' dir='ltr'><strong>epistolam</strong></span> <span class='ocrx_word' id='word_1_123' title='bbox 568 1015 700 1047; x_wconf 81' lang='lat' dir='ltr'><strong>tanquam</strong></span> <span class='ocrx_word' id='word_1_124' title='bbox 723 1020 774 1048; x_wconf 77' lang='lat' dir='ltr'><strong>per</strong></span> <span class='ocrx_word' id='word_1_125' title='bbox 795 1020 854 1040; x_wconf 85' lang='lat' dir='ltr'><strong>nos.</strong></span> <span class='ocrx_word' id='word_1_126' title='bbox 881 1013 989 1040; x_wconf 85' lang='lat' dir='ltr'><strong>Etenim</strong></span> 
     </span>
    </p>
   </div>
   <div class='ocr_carea' id='block_1_22' title="bbox 190 1056 989 1093">
    <p class='ocr_par' dir='ltr' id='par_1_22' title="bbox 190 1056 989 1093">
     <span class='ocr_line' id='line_1_22' title="bbox 190 1056 989 1093; baseline 0.003 -10"><span class='ocrx_word' id='word_1_127' title='bbox 190 1056 316 1092; x_wconf 84' lang='lat' dir='ltr'><strong>epistolas</strong></span> <span class='ocrx_word' id='word_1_128' title='bbox 329 1056 474 1092; x_wconf 76' lang='lat' dir='ltr'><strong>ﬁngentes,</strong></span> <span class='ocrx_word' id='word_1_129' title='bbox 491 1061 622 1093; x_wconf 88' lang='lat' dir='ltr'><strong>tanquam</strong></span> <span class='ocrx_word' id='word_1_130' title='bbox 640 1065 656 1085; x_wconf 80' lang='grc' dir='ltr'><strong>ιι</strong></span> <span class='ocrx_word' id='word_1_131' title='bbox 671 1058 756 1085; x_wconf 86' lang='lat' dir='ltr'><strong>Paulo</strong></span> <span class='ocrx_word' id='word_1_132' title='bbox 771 1057 880 1091; x_wconf 87' lang='lat' dir='ltr'><strong>missas,</strong></span> <span class='ocrx_word' id='word_1_133' title='bbox 893 1062 989 1086; x_wconf 88' lang='lat' dir='ltr'><strong>aucto-</strong></span> 
     </span>
    </p>
   </div>
   <div class='ocr_carea' id='block_1_23' title="bbox 191 1101 684 1131">
    <p class='ocr_par' dir='ltr' id='par_1_23' title="bbox 191 1101 684 1131">
     <span class='ocr_line' id='line_1_23' title="bbox 191 1101 684 1131; baseline 0.002 -3"><span class='ocrx_word' id='word_1_134' title='bbox 191 1101 300 1129; x_wconf 86' lang='lat' dir='ltr'><strong>ritatem</strong></span> <span class='ocrx_word' id='word_1_135' title='bbox 316 1102 499 1131; x_wconf 80' lang='lat' dir='ltr'><strong>conciliabant</strong></span> <span class='ocrx_word' id='word_1_136' title='bbox 518 1102 600 1129; x_wconf 87' lang='lat' dir='ltr'><strong>dictis</strong></span> <span class='ocrx_word' id='word_1_137' title='bbox 618 1103 684 1130; x_wconf 88' lang='lat' dir='ltr'><strong>sui.</strong></span> 
     </span>
    </p>
   </div>
   <div class='ocr_carea' id='block_1_24' title="bbox 229 1147 990 1183">
    <p class='ocr_par' dir='ltr' id='par_1_24' title="bbox 229 1147 990 1183">
     <span class='ocr_line' id='line_1_24' title="bbox 229 1147 990 1183; baseline 0.001 -9"><span class='ocrx_word' id='word_1_138' title='bbox 229 1147 368 1181; x_wconf 78' lang='lat' dir='ltr'><strong>Tanquam</strong></span> <span class='ocrx_word' id='word_1_139' title='bbox 389 1148 469 1174; x_wconf 83' lang='lat' dir='ltr'><strong>instet</strong></span> <span class='ocrx_word' id='word_1_140' title='bbox 493 1147 550 1173; x_wconf 63' lang='lat' dir='ltr'><strong>dies</strong></span> <span class='ocrx_word' id='word_1_141' title='bbox 565 1148 681 1174; x_wconf 83' lang='lat' dir='ltr'><strong>Domini.</strong></span> <span class='ocrx_word' id='word_1_142' title='bbox 702 1148 744 1174; x_wconf 84' lang='lat' dir='ltr'><strong>Ne</strong></span> <span class='ocrx_word' id='word_1_143' title='bbox 766 1147 928 1183; x_wconf 85' lang='lat' dir='ltr'><strong>turbemini,</strong></span> <span class='ocrx_word' id='word_1_144' title='bbox 950 1148 990 1175; x_wconf 84' lang='lat' dir='ltr'><strong>in-</strong></span> 
     </span>
    </p>
   </div>
   <div class='ocr_carea' id='block_1_25' title="bbox 192 1191 990 1227">
    <p class='ocr_par' dir='ltr' id='par_1_25' title="bbox 192 1191 990 1227">
     <span class='ocr_line' id='line_1_25' title="bbox 192 1191 990 1227; baseline 0.003 -9"><span class='ocrx_word' id='word_1_145' title='bbox 192 1191 261 1226; x_wconf 85' lang='lat' dir='ltr'><strong>quit,</strong></span> <span class='ocrx_word' id='word_1_146' title='bbox 289 1191 364 1227; x_wconf 92' lang='lat' dir='ltr'><strong>quod</strong></span> <span class='ocrx_word' id='word_1_147' title='bbox 391 1191 473 1220; x_wconf 84' lang='lat' dir='ltr'><strong>instet</strong></span> <span class='ocrx_word' id='word_1_148' title='bbox 497 1192 555 1220; x_wconf 82' lang='lat' dir='ltr'><strong>dies</strong></span> <span class='ocrx_word' id='word_1_149' title='bbox 587 1191 710 1226; x_wconf 87' lang='lat' dir='ltr'><strong>Domini,</strong></span> <span class='ocrx_word' id='word_1_150' title='bbox 739 1191 766 1220; x_wconf 92' lang='lat' dir='ltr'><strong>id</strong></span> <span class='ocrx_word' id='word_1_151' title='bbox 791 1196 834 1220; x_wconf 89' lang='lat' dir='ltr'><strong>est</strong></span> <span class='ocrx_word' id='word_1_152' title='bbox 854 1192 990 1220; x_wconf 86' lang='lat' dir='ltr'><strong>adventus</strong></span> 
     </span>
    </p>
   </div>
   <div class='ocr_carea' id='block_1_26' title="bbox 190 1236 305 1263">
    <p class='ocr_par' dir='ltr' id='par_1_26' title="bbox 190 1236 305 1263">
     <span class='ocr_line' id='line_1_26' title="bbox 190 1236 305 1263; baseline 0 0"><span class='ocrx_word' id='word_1_153' title='bbox 190 1236 305 1263; x_wconf 83' lang='lat' dir='ltr'><strong>Christi.</strong></span> 
     </span>
    </p>
   </div>
   <div class='ocr_carea' id='block_1_27' title="bbox 228 1281 990 1318">
    <p class='ocr_par' dir='ltr' id='par_1_27' title="bbox 228 1281 990 1318">
     <span class='ocr_line' id='line_1_27' title="bbox 228 1281 990 1318; baseline 0.003 -10"><span class='ocrx_word' id='word_1_154' title='bbox 228 1282 314 1309; x_wconf 75' lang='lat' dir='ltr'><strong>Vane.</strong></span> <span class='ocrx_word' id='word_1_155' title='bbox 342 1284 368 1310; x_wconf 75' lang='lat'><strong>3.</strong></span> <span class='ocrx_word' id='word_1_156' title='bbox 394 1282 432 1310; x_wconf 84' lang='lat' dir='ltr'><strong>Ne</strong></span> <span class='ocrx_word' id='word_1_157' title='bbox 455 1282 516 1316; x_wconf 87' lang='lat' dir='ltr'><strong>quis</strong></span> <span class='ocrx_word' id='word_1_158' title='bbox 535 1289 581 1308; x_wconf 80' lang='lat' dir='ltr'><strong>vos</strong></span> <span class='ocrx_word' id='word_1_159' title='bbox 603 1281 716 1309; x_wconf 77' lang='lat' dir='ltr'><strong>seducat</strong></span> <span class='ocrx_word' id='word_1_160' title='bbox 729 1282 783 1308; x_wconf 90' lang='lat' dir='ltr'><strong>ullo</strong></span> <span class='ocrx_word' id='word_1_161' title='bbox 797 1282 884 1309; x_wconf 87' lang='lat' dir='ltr'><strong>modo.</strong></span> <span class='ocrx_word' id='word_1_162' title='bbox 899 1282 990 1318; x_wconf 85' lang='lat' dir='ltr'><strong>Neque</strong></span> 
     </span>
    </p>
   </div>
   <div class='ocr_carea' id='block_1_28' title="bbox 190 1326 991 1362">
    <p class='ocr_par' dir='ltr' id='par_1_28' title="bbox 190 1326 991 1362">
     <span class='ocr_line' id='line_1_28' title="bbox 190 1326 991 1362; baseline 0.002 -10"><span class='ocrx_word' id='word_1_163' title='bbox 190 1329 322 1362; x_wconf 81' lang='lat' dir='ltr'><strong>tanquam</strong></span> <span class='ocrx_word' id='word_1_164' title='bbox 347 1326 488 1361; x_wconf 78' lang='lat' dir='ltr'><strong>propheta,</strong></span> <span class='ocrx_word' id='word_1_165' title='bbox 513 1333 602 1362; x_wconf 84' lang='lat' dir='ltr'><strong>neque</strong></span> <span class='ocrx_word' id='word_1_166' title='bbox 625 1330 758 1362; x_wconf 85' lang='lat' dir='ltr'><strong>tanquam</strong></span> <span class='ocrx_word' id='word_1_167' title='bbox 780 1326 886 1360; x_wconf 86' lang='lat' dir='ltr'><strong>doctor,</strong></span> <span class='ocrx_word' id='word_1_168' title='bbox 902 1334 991 1362; x_wconf 89' lang='lat' dir='ltr'><strong>neque</strong></span> 
     </span>
    </p>
   </div>
   <div class='ocr_carea' id='block_1_29' title="bbox 195 1369 562 1398">
    <p class='ocr_par' dir='ltr' id='par_1_29' title="bbox 195 1369 562 1398">
     <span class='ocr_line' id='line_1_29' title="bbox 195 1369 562 1398; baseline 0.003 -1"><span class='ocrx_word' id='word_1_169' title='bbox 195 1370 267 1398; x_wconf 85' lang='lat' dir='ltr'><strong>velut</strong></span> <span class='ocrx_word' id='word_1_170' title='bbox 279 1377 325 1398; x_wconf 87' lang='lat' dir='ltr'><strong>me</strong></span> <span class='ocrx_word' id='word_1_171' title='bbox 339 1369 473 1398; x_wconf 82' lang='lat' dir='ltr'><strong>scribente</strong></span> <span class='ocrx_word' id='word_1_172' title='bbox 487 1371 562 1398; x_wconf 91' lang='lat' dir='ltr'><strong>talia.</strong></span> 
     </span>
    </p>
   </div>
   <div class='ocr_carea' id='block_1_30' title="bbox 226 1417 990 1451">
    <p class='ocr_par' dir='ltr' id='par_1_30' title="bbox 226 1417 990 1451">
     <span class='ocr_line' id='line_1_30' title="bbox 226 1417 990 1451; baseline 0.001 -9"><span class='ocrx_word' id='word_1_173' title='bbox 226 1417 359 1449; x_wconf 79' lang='lat' dir='ltr'><strong>Quoniam</strong></span> <span class='ocrx_word' id='word_1_174' title='bbox 377 1417 431 1443; x_wconf 83' lang='lat' dir='ltr'><strong>nisi</strong></span> <span class='ocrx_word' id='word_1_175' title='bbox 453 1417 555 1443; x_wconf 82' lang='lat' dir='ltr'><strong>venerit</strong></span> <span class='ocrx_word' id='word_1_176' title='bbox 565 1417 692 1443; x_wconf 81' lang='lat' dir='ltr'><strong>discessio</strong></span> <span class='ocrx_word' id='word_1_177' title='bbox 704 1417 835 1451; x_wconf 82' lang='lat' dir='ltr'><strong>primum,</strong></span> <span class='ocrx_word' id='word_1_178' title='bbox 852 1419 877 1444; x_wconf 80' lang='lat' dir='ltr'><strong>ct</strong></span> <span class='ocrx_word' id='word_1_179' title='bbox 890 1417 990 1444; x_wconf 67' lang='lat' dir='ltr'><strong>revela-</strong></span> 
     </span>
    </p>
   </div>
   <div class='ocr_carea' id='block_1_31' title="bbox 190 1461 991 1496">
    <p class='ocr_par' dir='ltr' id='par_1_31' title="bbox 190 1461 991 1496">
     <span class='ocr_line' id='line_1_31' title="bbox 190 1461 991 1496; baseline 0.001 -9"><span class='ocrx_word' id='word_1_180' title='bbox 190 1463 234 1488; x_wconf 82' lang='lat' dir='ltr'><strong>tus</strong></span> <span class='ocrx_word' id='word_1_181' title='bbox 245 1462 331 1495; x_wconf 76' lang='lat' dir='ltr'><strong>fuerit</strong></span> <span class='ocrx_word' id='word_1_182' title='bbox 345 1461 421 1488; x_wconf 78' lang='lat' dir='ltr'><strong>homo</strong></span> <span class='ocrx_word' id='word_1_183' title='bbox 427 1462 541 1496; x_wconf 80' lang='lat' dir='ltr'><strong>peccati,</strong></span> <span class='ocrx_word' id='word_1_184' title='bbox 555 1461 628 1496; x_wconf 73' lang='lat' dir='ltr'><strong>ﬁlius</strong></span> <span class='ocrx_word' id='word_1_185' title='bbox 638 1461 810 1496; x_wconf 74' lang='lat' dir='ltr'><strong>perditionis.</strong></span> <span class='ocrx_word' id='word_1_186' title='bbox 826 1462 890 1489; x_wconf 88' lang='lat' dir='ltr'><strong>Non</strong></span> <span class='ocrx_word' id='word_1_187' title='bbox 902 1461 991 1489; x_wconf 88' lang='lat' dir='ltr'><strong>aderit</strong></span> 
     </span>
    </p>
   </div>
   <div class='ocr_carea' id='block_1_32' title="bbox 188 1504 990 1540">
    <p class='ocr_par' dir='ltr' id='par_1_32' title="bbox 188 1504 990 1540">
     <span class='ocr_line' id='line_1_32' title="bbox 188 1504 990 1540; baseline 0.002 -8"><span class='ocrx_word' id='word_1_188' title='bbox 188 1504 319 1533; x_wconf 84' lang='lat' dir='ltr'><strong>adventus</strong></span> <span class='ocrx_word' id='word_1_189' title='bbox 334 1506 458 1539; x_wconf 82' lang='lat' dir='ltr'><strong>Domini,</strong></span> <span class='ocrx_word' id='word_1_190' title='bbox 473 1505 522 1534; x_wconf 91' lang='lat' dir='ltr'><strong>nisi</strong></span> <span class='ocrx_word' id='word_1_191' title='bbox 543 1506 648 1534; x_wconf 88' lang='lat' dir='ltr'><strong>venerit</strong></span> <span class='ocrx_word' id='word_1_192' title='bbox 660 1505 792 1540; x_wconf 77' lang='lat' dir='ltr'><strong>defectio,</strong></span> <span class='ocrx_word' id='word_1_193' title='bbox 809 1505 838 1534; x_wconf 90' lang='lat' dir='ltr'><strong>id</strong></span> <span class='ocrx_word' id='word_1_194' title='bbox 851 1510 893 1534; x_wconf 89' lang='lat' dir='ltr'><strong>est</strong></span> <span class='ocrx_word' id='word_1_195' title='bbox 908 1506 990 1534; x_wconf 79' lang='lat' dir='ltr'><strong>Anti-</strong></span> 
     </span>
    </p>
   </div>
   <div class='ocr_carea' id='block_1_33' title="bbox 188 1549 988 1586">
    <p class='ocr_par' dir='ltr' id='par_1_33' title="bbox 188 1549 988 1586">
     <span class='ocr_line' id='line_1_33' title="bbox 188 1549 988 1586; baseline 0.001 -9"><span class='ocrx_word' id='word_1_196' title='bbox 188 1549 308 1577; x_wconf 87' lang='lat' dir='ltr'><strong>christus</strong></span> <span class='ocrx_word' id='word_1_197' title='bbox 333 1558 341 1577; x_wconf 89' lang='lat'><strong>:</strong></span> <span class='ocrx_word' id='word_1_198' title='bbox 362 1549 542 1578; x_wconf 85' lang='lat' dir='ltr'><strong>defectionem</strong></span> <span class='ocrx_word' id='word_1_199' title='bbox 570 1551 643 1578; x_wconf 85' lang='lat' dir='ltr'><strong>enim</strong></span> <span class='ocrx_word' id='word_1_200' title='bbox 668 1550 758 1586; x_wconf 90' lang='lat' dir='ltr'><strong>ipsum</strong></span> <span class='ocrx_word' id='word_1_201' title='bbox 784 1551 900 1584; x_wconf 83' lang='lat' dir='ltr'><strong>vocavit,</strong></span> <span class='ocrx_word' id='word_1_202' title='bbox 925 1559 988 1579; x_wconf 91' lang='lat' dir='ltr'><strong>cum</strong></span> 
     </span>
    </p>
   </div>
   <div class='ocr_carea' id='block_1_34' title="bbox 1046 286 1843 331">
    <p class='ocr_par' dir='ltr' id='par_1_34' title="bbox 1046 286 1843 331">
     <span class='ocr_line' id='line_1_34' title="bbox 1046 286 1843 331; baseline -0.005 -9"><span class='ocrx_word' id='word_1_203' title='bbox 1046 295 1123 322; x_wconf 72' lang='grc' dir='ltr'>τοῦτο</span> <span class='ocrx_word' id='word_1_204' title='bbox 1148 293 1275 323; x_wconf 73' lang='grc' dir='ltr'>διδάσκει.</span> <span class='ocrx_word' id='word_1_205' title='bbox 1295 286 1386 322; x_wconf 62' lang='grc' dir='ltr'><strong>ἰἨσαν</strong></span> <span class='ocrx_word' id='word_1_206' title='bbox 1406 290 1458 331; x_wconf 78' lang='grc' dir='ltr'><strong>γάρ</strong></span> <span class='ocrx_word' id='word_1_207' title='bbox 1483 286 1550 324; x_wconf 69' lang='grc' dir='ltr'>τινες</span> <span class='ocrx_word' id='word_1_208' title='bbox 1573 292 1728 323; x_wconf 76' lang='grc' dir='ltr'><strong>ἀπατεῶνες</strong></span> <span class='ocrx_word' id='word_1_209' title='bbox 1740 313 1749 326; x_wconf 82' lang='lat'><strong>,</strong></span> <span class='ocrx_word' id='word_1_210' title='bbox 1767 290 1791 318; x_wconf 76' lang='grc' dir='ltr'>οἱ</span> <span class='ocrx_word' id='word_1_211' title='bbox 1805 290 1843 318; x_wconf 76' lang='grc' dir='ltr'>λέ-</span> 
     </span>
    </p>
   </div>
   <div class='ocr_carea' id='block_1_35' title="bbox 1044 334 1842 376">
    <p class='ocr_par' dir='ltr' id='par_1_35' title="bbox 1044 334 1842 376">
     <span class='ocr_line' id='line_1_35' title="bbox 1044 334 1842 376; baseline -0.006 -9"><span class='ocrx_word' id='word_1_212' title='bbox 1044 349 1132 376; x_wconf 79' lang='grc' dir='ltr'>γοντες</span> <span class='ocrx_word' id='word_1_213' title='bbox 1154 339 1276 373; x_wconf 74' lang='grc' dir='ltr'><strong>ἐνστῆναι</strong></span> <span class='ocrx_word' id='word_1_214' title='bbox 1302 337 1354 372; x_wconf 74' lang='grc' dir='ltr'><strong>ἤδη</strong></span> <span class='ocrx_word' id='word_1_215' title='bbox 1376 336 1419 365; x_wconf 80' lang='grc' dir='ltr'><strong>τὸν</strong></span> <span class='ocrx_word' id='word_1_216' title='bbox 1434 337 1527 376; x_wconf 81' lang='grc' dir='ltr'>καιρὸν</span> <span class='ocrx_word' id='word_1_217' title='bbox 1551 337 1598 371; x_wconf 79' lang='grc' dir='ltr'><strong>τῆς</strong></span> <span class='ocrx_word' id='word_1_218' title='bbox 1618 335 1776 366; x_wconf 75' lang='grc' dir='ltr'><strong>συντελείας</strong></span> <span class='ocrx_word' id='word_1_219' title='bbox 1802 334 1842 362; x_wconf 81' lang='grc' dir='ltr'><strong>ιαὶ</strong></span> 
     </span>
    </p>
   </div>
   <div class='ocr_carea' id='block_1_36' title="bbox 1044 378 1843 422">
    <p class='ocr_par' dir='ltr' id='par_1_36' title="bbox 1044 378 1843 422">
     <span class='ocr_line' id='line_1_36' title="bbox 1044 378 1843 422; baseline -0.008 -9"><span class='ocrx_word' id='word_1_220' title='bbox 1044 385 1089 418; x_wconf 74' lang='grc' dir='ltr'><strong>τῆς</strong></span> <span class='ocrx_word' id='word_1_221' title='bbox 1111 382 1258 422; x_wconf 75' lang='grc' dir='ltr'><strong>παρουσίας</strong></span> <span class='ocrx_word' id='word_1_222' title='bbox 1278 384 1323 411; x_wconf 76' lang='grc' dir='ltr'><strong>τοῦ</strong></span> <span class='ocrx_word' id='word_1_223' title='bbox 1348 381 1460 420; x_wconf 81' lang='grc' dir='ltr'><strong>Κυρίου.</strong></span> <span class='ocrx_word' id='word_1_224' title='bbox 1485 383 1527 410; x_wconf 84' lang='grc' dir='ltr'><strong>Οὖ</strong></span> <span class='ocrx_word' id='word_1_225' title='bbox 1543 380 1640 420; x_wconf 70' lang='grc' dir='ltr'>μικρὸν</span> <span class='ocrx_word' id='word_1_226' title='bbox 1665 378 1694 408; x_wconf 83' lang='grc' dir='ltr'><strong>δὲ</strong></span> <span class='ocrx_word' id='word_1_227' title='bbox 1711 379 1780 419; x_wconf 74' lang='grc' dir='ltr'>πρὸς</span> <span class='ocrx_word' id='word_1_228' title='bbox 1798 391 1843 407; x_wconf 70' lang='grc' dir='ltr'>πα-</span> 
     </span>
    </p>
   </div>
   <div class='ocr_carea' id='block_1_37' title="bbox 1044 424 1842 466">
    <p class='ocr_par' dir='ltr' id='par_1_37' title="bbox 1044 424 1842 466">
     <span class='ocr_line' id='line_1_37' title="bbox 1044 424 1842 466; baseline -0.006 -10"><span class='ocrx_word' id='word_1_229' title='bbox 1044 427 1172 466; x_wconf 79' lang='grc' dir='ltr'>ραμυθίαν</span> <span class='ocrx_word' id='word_1_230' title='bbox 1188 426 1234 456; x_wconf 79' lang='grc' dir='ltr'><strong>καὶ</strong></span> <span class='ocrx_word' id='word_1_231' title='bbox 1254 426 1284 455; x_wconf 78' lang='grc' dir='ltr'><strong>τὸ</strong></span> <span class='ocrx_word' id='word_1_232' title='bbox 1296 427 1397 462; x_wconf 81' lang='grc' dir='ltr'>εἰπεῖν,</span> <span class='ocrx_word' id='word_1_233' title='bbox 1415 425 1456 455; x_wconf 76' lang='grc' dir='ltr'>ὅτι</span> <span class='ocrx_word' id='word_1_234' title='bbox 1471 426 1514 455; x_wconf 80' lang='grc' dir='ltr'><strong>ἐπ’</strong></span> <span class='ocrx_word' id='word_1_235' title='bbox 1531 425 1611 455; x_wconf 79' lang='grc' dir='ltr'>αὐτὸν</span> <span class='ocrx_word' id='word_1_236' title='bbox 1628 424 1842 463; x_wconf 73' lang='grc' dir='ltr'>συναχθήσονται</span> 
     </span>
    </p>
   </div>
   <div class='ocr_carea' id='block_1_38' title="bbox 1042 469 1843 510">
    <p class='ocr_par' dir='ltr' id='par_1_38' title="bbox 1042 469 1843 510">
     <span class='ocr_line' id='line_1_38' title="bbox 1042 469 1843 510; baseline -0.007 -8"><span class='ocrx_word' id='word_1_237' title='bbox 1042 473 1065 501; x_wconf 80' lang='grc' dir='ltr'>οἱ</span> <span class='ocrx_word' id='word_1_238' title='bbox 1078 472 1185 508; x_wconf 80' lang='grc' dir='ltr'>πιστοὶ,</span> <span class='ocrx_word' id='word_1_239' title='bbox 1203 474 1267 508; x_wconf 72' lang='grc' dir='ltr'>ὁμοῦ</span> <span class='ocrx_word' id='word_1_240' title='bbox 1284 472 1355 510; x_wconf 82' lang='grc' dir='ltr'>αὖτῷ</span> <span class='ocrx_word' id='word_1_241' title='bbox 1372 470 1509 508; x_wconf 77' lang='grc' dir='ltr'><strong>ἐσόμενοι,</strong></span> <span class='ocrx_word' id='word_1_242' title='bbox 1527 472 1562 503; x_wconf 83' lang='grc' dir='ltr'>ὡς</span> <span class='ocrx_word' id='word_1_243' title='bbox 1576 469 1622 499; x_wconf 77' lang='grc' dir='ltr'><strong>καὶ</strong></span> <span class='ocrx_word' id='word_1_244' title='bbox 1643 470 1671 498; x_wconf 86' lang='grc' dir='ltr'><strong>ἐν</strong></span> <span class='ocrx_word' id='word_1_245' title='bbox 1733 469 1843 508; x_wconf 65' lang='grc' dir='ltr'>προτέρα</span> 
     </span>
    </p>
   </div>
   <div class='ocr_carea' id='block_1_39' title="bbox 1042 513 1843 557">
    <p class='ocr_par' dir='ltr' id='par_1_39' title="bbox 1042 513 1843 557">
     <span class='ocr_line' id='line_1_39' title="bbox 1042 513 1843 557; baseline -0.006 -11"><span class='ocrx_word' id='word_1_246' title='bbox 1042 517 1092 557; x_wconf 83' lang='grc' dir='ltr'><strong>ἔφη</strong></span> <span class='ocrx_word' id='word_1_247' title='bbox 1103 528 1109 535; x_wconf 88' lang='grc'><strong>·</strong></span> <span class='ocrx_word' id='word_1_248' title='bbox 1125 517 1181 554; x_wconf 76' lang='grc' dir='ltr'>ἅμα</span> <span class='ocrx_word' id='word_1_249' title='bbox 1193 516 1244 556; x_wconf 71' lang='grc' dir='ltr'><strong>γὰρ</strong></span> <span class='ocrx_word' id='word_1_250' title='bbox 1270 517 1307 555; x_wconf 80' lang='grc' dir='ltr'><strong>τῷ</strong></span> <span class='ocrx_word' id='word_1_251' title='bbox 1328 517 1478 557; x_wconf 69' lang='grc' dir='ltr'>ᾆναστῆναι</span> <span class='ocrx_word' id='word_1_252' title='bbox 1491 538 1500 552; x_wconf 90' lang='grc'><strong>,</strong></span> <span class='ocrx_word' id='word_1_253' title='bbox 1516 515 1561 544; x_wconf 79' lang='grc' dir='ltr'>ἐπὶ</span> <span class='ocrx_word' id='word_1_254' title='bbox 1579 515 1625 544; x_wconf 84' lang='grc' dir='ltr'>τὸν</span> <span class='ocrx_word' id='word_1_255' title='bbox 1652 513 1756 553; x_wconf 77' lang='grc' dir='ltr'>Κύριον</span> <span class='ocrx_word' id='word_1_256' title='bbox 1769 514 1843 551; x_wconf 67' lang='grc' dir='ltr'>ἀρθή-</span> 
     </span>
    </p>
   </div>
   <div class='ocr_carea' id='block_1_40' title="bbox 1042 556 1842 599">
    <p class='ocr_par' dir='ltr' id='par_1_40' title="bbox 1042 556 1842 599">
     <span class='ocr_line' id='line_1_40' title="bbox 1042 556 1842 599; baseline -0.006 -8"><span class='ocrx_word' id='word_1_257' title='bbox 1042 556 1133 592; x_wconf 83' lang='grc' dir='ltr'>σονται</span> <span class='ocrx_word' id='word_1_258' title='bbox 1147 563 1170 591; x_wconf 79' lang='grc' dir='ltr'>οἱ</span> <span class='ocrx_word' id='word_1_259' title='bbox 1179 561 1257 595; x_wconf 79' lang='grc' dir='ltr'>ἄξιοι.</span> <span class='ocrx_word' id='word_1_260' title='bbox 1271 560 1306 591; x_wconf 88' lang='grc' dir='ltr'>Τί</span> <span class='ocrx_word' id='word_1_261' title='bbox 1312 556 1369 599; x_wconf 71' lang='grc' dir='ltr'>οὖν,</span> <span class='ocrx_word' id='word_1_262' title='bbox 1379 574 1391 587; x_wconf 79' lang='grc' dir='ltr'><strong>ι</strong></span> <span class='ocrx_word' id='word_1_263' title='bbox 1402 559 1581 599; x_wconf 76' lang='grc' dir='ltr'>Ἐρωτῶμιν;</span> <span class='ocrx_word' id='word_1_264' title='bbox 1592 573 1603 585; x_wconf 71' lang='grc' dir='ltr'><strong>ι</strong></span> <span class='ocrx_word' id='word_1_265' title='bbox 1615 560 1642 589; x_wconf 88' lang='grc' dir='ltr'>Τ</span> <span class='ocrx_word' id='word_1_266' title='bbox 1643 560 1699 587; x_wconf 74' lang='grc' dir='ltr'>οὒτ’</span> <span class='ocrx_word' id='word_1_267' title='bbox 1711 558 1781 594; x_wconf 83' lang='grc' dir='ltr'>ἔστι,</span> <span class='ocrx_word' id='word_1_268' title='bbox 1788 559 1842 588; x_wconf 77' lang='grc' dir='ltr'><strong>Πι-</strong></span> 
     </span>
    </p>
   </div>
   <div class='ocr_carea' id='block_1_41' title="bbox 1044 603 1840 647">
    <p class='ocr_par' dir='ltr' id='par_1_41' title="bbox 1044 603 1840 647">
     <span class='ocr_line' id='line_1_41' title="bbox 1044 603 1840 647; baseline -0.006 -11"><span class='ocrx_word' id='word_1_269' title='bbox 1044 608 1212 647; x_wconf 74' lang='grc' dir='ltr'>ρακαλοῧμεν</span> <span class='ocrx_word' id='word_1_270' title='bbox 1238 608 1326 643; x_wconf 72' lang='grc' dir='ltr'>ὑμᾶς,</span> <span class='ocrx_word' id='word_1_271' title='bbox 1353 604 1423 634; x_wconf 73' lang='grc' dir='ltr'>ὥστε</span> <span class='ocrx_word' id='word_1_272' title='bbox 1440 604 1478 642; x_wconf 84' lang='grc' dir='ltr'><strong>μὴ</strong></span> <span class='ocrx_word' id='word_1_273' title='bbox 1499 605 1659 639; x_wconf 73' lang='grc' dir='ltr'>σαλευθῆναι</span> <span class='ocrx_word' id='word_1_274' title='bbox 1685 605 1775 641; x_wconf 57' lang='lat' dir='ltr'><strong>huic,</strong></span> <span class='ocrx_word' id='word_1_275' title='bbox 1798 603 1840 631; x_wconf 76' lang='grc' dir='ltr'><strong>καὶ</strong></span> 
     </span>
    </p>
   </div>
   <div class='ocr_carea' id='block_1_42' title="bbox 1042 648 1842 692">
    <p class='ocr_par' dir='ltr' id='par_1_42' title="bbox 1042 648 1842 692">
     <span class='ocr_line' id='line_1_42' title="bbox 1042 648 1842 692; baseline -0.005 -12"><span class='ocrx_word' id='word_1_276' title='bbox 1042 653 1250 692; x_wconf 74' lang='grc' dir='ltr'><strong>παρατραπῆναι</strong></span> <span class='ocrx_word' id='word_1_277' title='bbox 1262 650 1314 680; x_wconf 82' lang='grc' dir='ltr'><strong>ἀπὸ</strong></span> <span class='ocrx_word' id='word_1_278' title='bbox 1329 653 1374 680; x_wconf 76' lang='grc' dir='ltr'><strong>τοῦ</strong></span> <span class='ocrx_word' id='word_1_279' title='bbox 1395 649 1451 682; x_wconf 78' lang='grc' dir='ltr'>νοὸς</span> <span class='ocrx_word' id='word_1_280' title='bbox 1460 673 1469 686; x_wconf 89' lang='lat'><strong>,</strong></span> <span class='ocrx_word' id='word_1_281' title='bbox 1493 650 1521 679; x_wconf 79' lang='grc' dir='ltr'><strong>ὃν</strong></span> <span class='ocrx_word' id='word_1_282' title='bbox 1535 651 1616 689; x_wconf 82' lang='grc' dir='ltr'>μέχρι</span> <span class='ocrx_word' id='word_1_283' title='bbox 1637 651 1684 678; x_wconf 72' lang='grc' dir='ltr'>τοῦ</span> <span class='ocrx_word' id='word_1_284' title='bbox 1699 650 1748 677; x_wconf 76' lang='grc' dir='ltr'><strong>νῦν</strong></span> <span class='ocrx_word' id='word_1_285' title='bbox 1764 648 1842 688; x_wconf 72' lang='grc' dir='ltr'>εἴχετε</span> 
     </span>
    </p>
   </div>
   <div class='ocr_carea' id='block_1_43' title="bbox 1041 696 1297 736">
    <p class='ocr_par' dir='ltr' id='par_1_43' title="bbox 1041 696 1297 736">
     <span class='ocr_line' id='line_1_43' title="bbox 1041 696 1297 736; baseline 0 -10"><span class='ocrx_word' id='word_1_286' title='bbox 1041 697 1124 736; x_wconf 74' lang='grc' dir='ltr'>ὀρθῶς</span> <span class='ocrx_word' id='word_1_287' title='bbox 1144 696 1297 734; x_wconf 73' lang='grc' dir='ltr'>ἱστάμενον.</span> 
     </span>
    </p>
   </div>
   <div class='ocr_carea' id='block_1_44' title="bbox 1087 737 1842 780">
    <p class='ocr_par' dir='ltr' id='par_1_44' title="bbox 1087 737 1842 780">
     <span class='ocr_line' id='line_1_44' title="bbox 1087 737 1842 780; baseline -0.003 -12"><span class='ocrx_word' id='word_1_288' title='bbox 1087 752 1100 769; x_wconf 86' lang='lat' dir='ltr'><strong>u</strong></span> <span class='ocrx_word' id='word_1_289' title='bbox 1117 740 1193 776; x_wconf 75' lang='grc' dir='ltr'>Μήτι</span> <span class='ocrx_word' id='word_1_290' title='bbox 1207 740 1338 780; x_wconf 76' lang='grc' dir='ltr'><strong>θροεῖσθε,</strong></span> <span class='ocrx_word' id='word_1_291' title='bbox 1355 738 1423 778; x_wconf 82' lang='grc' dir='ltr'>μήτε</span> <span class='ocrx_word' id='word_1_292' title='bbox 1436 739 1478 768; x_wconf 79' lang='grc' dir='ltr'><strong>διὰ</strong></span> <span class='ocrx_word' id='word_1_293' title='bbox 1491 738 1663 776; x_wconf 76' lang='grc' dir='ltr'>Πνιύματος.</span> <span class='ocrx_word' id='word_1_294' title='bbox 1675 750 1689 767; x_wconf 77' lang='lat' dir='ltr'><strong>n</strong></span> <span class='ocrx_word' id='word_1_295' title='bbox 1704 737 1842 773; x_wconf 80' lang='grc' dir='ltr'>Τουτέστι,</span> 
     </span>
    </p>
   </div>
   <div class='ocr_carea' id='block_1_45' title="bbox 1042 783 1839 826">
    <p class='ocr_par' dir='ltr' id='par_1_45' title="bbox 1042 783 1839 826">
     <span class='ocr_line' id='line_1_45' title="bbox 1042 783 1839 826; baseline -0.005 -11"><span class='ocrx_word' id='word_1_296' title='bbox 1042 786 1085 816; x_wconf 83' lang='grc' dir='ltr'><strong>διὰ</strong></span> <span class='ocrx_word' id='word_1_297' title='bbox 1111 785 1283 826; x_wconf 68' lang='grc' dir='ltr'>προφητείας.</span> <span class='ocrx_word' id='word_1_298' title='bbox 1308 785 1385 818; x_wconf 82' lang='grc' dir='ltr'>Τινὲς</span> <span class='ocrx_word' id='word_1_299' title='bbox 1407 783 1459 824; x_wconf 83' lang='grc' dir='ltr'><strong>γὰρ</strong></span> <span class='ocrx_word' id='word_1_300' title='bbox 1481 787 1647 824; x_wconf 66' lang='grc' dir='ltr'>προφητείαν</span> <span class='ocrx_word' id='word_1_301' title='bbox 1663 784 1839 821; x_wconf 76' lang='grc' dir='ltr'>ὑποκρινόμε-</span> 
     </span>
    </p>
   </div>
   <div class='ocr_carea' id='block_1_46' title="bbox 1041 828 1839 870">
    <p class='ocr_par' dir='ltr' id='par_1_46' title="bbox 1041 828 1839 870">
     <span class='ocr_line' id='line_1_46' title="bbox 1041 828 1839 870; baseline -0.004 -9"><span class='ocrx_word' id='word_1_302' title='bbox 1041 843 1080 862; x_wconf 88' lang='grc' dir='ltr'><strong>νοι</strong></span> <span class='ocrx_word' id='word_1_303' title='bbox 1091 854 1099 870; x_wconf 90' lang='grc'><strong>,</strong></span> <span class='ocrx_word' id='word_1_304' title='bbox 1115 831 1236 861; x_wconf 81' lang='grc' dir='ltr'>ἐπλάνων</span> <span class='ocrx_word' id='word_1_305' title='bbox 1252 830 1296 860; x_wconf 82' lang='grc' dir='ltr'><strong>τὸν</strong></span> <span class='ocrx_word' id='word_1_306' title='bbox 1317 830 1396 866; x_wconf 77' lang='grc' dir='ltr'>λαὸν,</span> <span class='ocrx_word' id='word_1_307' title='bbox 1410 831 1444 863; x_wconf 82' lang='grc' dir='ltr'>ὡς</span> <span class='ocrx_word' id='word_1_308' title='bbox 1459 829 1511 866; x_wconf 86' lang='grc' dir='ltr'>ἤδη</span> <span class='ocrx_word' id='word_1_309' title='bbox 1525 830 1657 869; x_wconf 80' lang='grc' dir='ltr'>παρόντος</span> <span class='ocrx_word' id='word_1_310' title='bbox 1669 831 1716 858; x_wconf 75' lang='grc' dir='ltr'><strong>τοῦ</strong></span> <span class='ocrx_word' id='word_1_311' title='bbox 1731 828 1839 867; x_wconf 77' lang='grc' dir='ltr'><strong>Κυρίου.</strong></span> 
     </span>
    </p>
   </div>
   <div class='ocr_carea' id='block_1_47' title="bbox 1078 917 1839 960">
    <p class='ocr_par' dir='ltr' id='par_1_47' title="bbox 1078 917 1839 960">
     <span class='ocr_line' id='line_1_47' title="bbox 1078 917 1839 960; baseline -0.005 -10"><span class='ocrx_word' id='word_1_312' title='bbox 1078 935 1090 949; x_wconf 76' lang='grc' dir='ltr'><strong>ι</strong></span> <span class='ocrx_word' id='word_1_313' title='bbox 1107 920 1184 956; x_wconf 72' lang='grc' dir='ltr'>Μήτι</span> <span class='ocrx_word' id='word_1_314' title='bbox 1201 920 1244 950; x_wconf 81' lang='grc' dir='ltr'><strong>διὰ</strong></span> <span class='ocrx_word' id='word_1_315' title='bbox 1264 919 1353 960; x_wconf 83' lang='grc' dir='ltr'><strong>λόγου.</strong></span> <span class='ocrx_word' id='word_1_316' title='bbox 1375 931 1390 949; x_wconf 74' lang='grc' dir='ltr'><strong><em>ι</em></strong></span> <span class='ocrx_word' id='word_1_317' title='bbox 1411 919 1560 956; x_wconf 75' lang='grc' dir='ltr'>Τουτέστι,</span> <span class='ocrx_word' id='word_1_318' title='bbox 1577 917 1758 951; x_wconf 70' lang='grc' dir='ltr'>διδασκαλίας</span> <span class='ocrx_word' id='word_1_319' title='bbox 1775 919 1839 956; x_wconf 78' lang='grc' dir='ltr'>ζώσῃ</span> 
     </span>
    </p>
   </div>
   <div class='ocr_carea' id='block_1_48' title="bbox 1043 965 1281 1008">
    <p class='ocr_par' dir='ltr' id='par_1_48' title="bbox 1043 965 1281 1008">
     <span class='ocr_line' id='line_1_48' title="bbox 1043 965 1281 1008; baseline -0.004 -12"><span class='ocrx_word' id='word_1_320' title='bbox 1043 969 1117 1008; x_wconf 78' lang='grc' dir='ltr'>φωνῆ</span> <span class='ocrx_word' id='word_1_321' title='bbox 1132 965 1281 1004; x_wconf 80' lang='grc' dir='ltr'><strong>γινομένης.</strong></span> 
     </span>
    </p>
   </div>
   <div class='ocr_carea' id='block_1_49' title="bbox 1083 1006 1838 1047">
    <p class='ocr_par' dir='ltr' id='par_1_49' title="bbox 1083 1006 1838 1047">
     <span class='ocr_line' id='line_1_49' title="bbox 1083 1006 1838 1047; baseline -0.008 -6"><span class='ocrx_word' id='word_1_322' title='bbox 1083 1024 1095 1037; x_wconf 75' lang='grc' dir='ltr'><strong>σι</strong></span> <span class='ocrx_word' id='word_1_323' title='bbox 1115 1011 1191 1046; x_wconf 75' lang='grc' dir='ltr'>Μήτι</span> <span class='ocrx_word' id='word_1_324' title='bbox 1206 1010 1239 1040; x_wconf 80' lang='grc' dir='ltr'>δι’</span> <span class='ocrx_word' id='word_1_325' title='bbox 1251 1011 1392 1046; x_wconf 73' lang='grc' dir='ltr'><strong>ἐπιστολῆς</strong></span> <span class='ocrx_word' id='word_1_326' title='bbox 1408 1011 1443 1042; x_wconf 81' lang='grc' dir='ltr'>ὡς</span> <span class='ocrx_word' id='word_1_327' title='bbox 1456 1010 1490 1039; x_wconf 82' lang='grc' dir='ltr'>δι’</span> <span class='ocrx_word' id='word_1_328' title='bbox 1514 1010 1604 1047; x_wconf 78' lang='grc' dir='ltr'>ἡμῶν.</span> <span class='ocrx_word' id='word_1_329' title='bbox 1622 1023 1634 1034; x_wconf 76' lang='grc' dir='ltr'><strong>ι</strong></span> <span class='ocrx_word' id='word_1_330' title='bbox 1652 1008 1707 1038; x_wconf 71' lang='grc' dir='ltr'>Καὶ</span> <span class='ocrx_word' id='word_1_331' title='bbox 1723 1006 1777 1047; x_wconf 75' lang='grc' dir='ltr'><strong>γὰρ</strong></span> <span class='ocrx_word' id='word_1_332' title='bbox 1799 1006 1838 1036; x_wconf 71' lang='grc' dir='ltr'><strong>καὶ</strong></span> 
     </span>
    </p>
   </div>
   <div class='ocr_carea' id='block_1_50' title="bbox 1045 1052 1840 1094">
    <p class='ocr_par' dir='ltr' id='par_1_50' title="bbox 1045 1052 1840 1094">
     <span class='ocr_line' id='line_1_50' title="bbox 1045 1052 1840 1094; baseline -0.005 -9"><span class='ocrx_word' id='word_1_333' title='bbox 1045 1055 1184 1088; x_wconf 69' lang='grc' dir='ltr'>ἐπιστολὰς</span> <span class='ocrx_word' id='word_1_334' title='bbox 1200 1055 1371 1092; x_wconf 80' lang='grc' dir='ltr'>πλάττοντες,</span> <span class='ocrx_word' id='word_1_335' title='bbox 1385 1056 1420 1089; x_wconf 81' lang='grc' dir='ltr'>ὡς</span> <span class='ocrx_word' id='word_1_336' title='bbox 1435 1053 1509 1094; x_wconf 76' lang='grc' dir='ltr'>παρὰ</span> <span class='ocrx_word' id='word_1_337' title='bbox 1525 1054 1633 1083; x_wconf 77' lang='grc' dir='ltr'>Παύλου</span> <span class='ocrx_word' id='word_1_338' title='bbox 1646 1052 1672 1070; x_wconf 83' lang='grc'><strong>⁸⁸</strong></span> <span class='ocrx_word' id='word_1_339' title='bbox 1687 1052 1840 1089; x_wconf 79' lang='grc' dir='ltr'>σταλείσας,</span> 
     </span>
    </p>
   </div>
   <div class='ocr_carea' id='block_1_51' title="bbox 1044 1099 1300 1140">
    <p class='ocr_par' dir='ltr' id='par_1_51' title="bbox 1044 1099 1300 1140">
     <span class='ocr_line' id='line_1_51' title="bbox 1044 1099 1300 1140; baseline -0.004 -10"><span class='ocrx_word' id='word_1_340' title='bbox 1044 1100 1150 1140; x_wconf 74' lang='grc' dir='ltr'>ἓκύρουν</span> <span class='ocrx_word' id='word_1_341' title='bbox 1166 1100 1183 1129; x_wconf 82' lang='grc' dir='ltr'>ἃ</span> <span class='ocrx_word' id='word_1_342' title='bbox 1200 1099 1300 1139; x_wconf 78' lang='grc' dir='ltr'>ἔλεγον.</span> 
     </span>
    </p>
   </div>
   <div class='ocr_carea' id='block_1_52' title="bbox 1084 1142 1838 1183">
    <p class='ocr_par' dir='ltr' id='par_1_52' title="bbox 1084 1142 1838 1183">
     <span class='ocr_line' id='line_1_52' title="bbox 1084 1142 1838 1183; baseline -0.001 -11"><span class='ocrx_word' id='word_1_343' title='bbox 1084 1159 1095 1172; x_wconf 78' lang='grc' dir='ltr'><strong>α</strong></span> <span class='ocrx_word' id='word_1_344' title='bbox 1109 1145 1157 1180; x_wconf 86' lang='grc' dir='ltr'>Ὡς</span> <span class='ocrx_word' id='word_1_345' title='bbox 1167 1145 1208 1176; x_wconf 77' lang='grc' dir='ltr'><strong>ὅτι</strong></span> <span class='ocrx_word' id='word_1_346' title='bbox 1219 1145 1357 1181; x_wconf 75' lang='grc' dir='ltr'><strong>ἐνέστηκεν</strong></span> <span class='ocrx_word' id='word_1_347' title='bbox 1369 1146 1386 1180; x_wconf 80' lang='grc' dir='ltr'>ἡ</span> <span class='ocrx_word' id='word_1_348' title='bbox 1398 1143 1486 1183; x_wconf 75' lang='grc' dir='ltr'>ἡμέρα</span> <span class='ocrx_word' id='word_1_349' title='bbox 1502 1143 1611 1183; x_wconf 82' lang='grc' dir='ltr'>Κυρίου.</span> <span class='ocrx_word' id='word_1_350' title='bbox 1625 1154 1639 1172; x_wconf 73' lang='grc' dir='ltr'>ι</span> <span class='ocrx_word' id='word_1_351' title='bbox 1654 1142 1703 1178; x_wconf 78' lang='grc' dir='ltr'><strong>Μὴ</strong></span> <span class='ocrx_word' id='word_1_352' title='bbox 1717 1145 1838 1182; x_wconf 75' lang='grc' dir='ltr'>θροεῖσθε,</span> 
     </span>
    </p>
   </div>
   <div class='ocr_carea' id='block_1_53' title="bbox 1043 1188 1838 1231">
    <p class='ocr_par' dir='ltr' id='par_1_53' title="bbox 1043 1188 1838 1231">
     <span class='ocr_line' id='line_1_53' title="bbox 1043 1188 1838 1231; baseline -0.004 -12"><span class='ocrx_word' id='word_1_353' title='bbox 1043 1190 1143 1231; x_wconf 71' lang='grc' dir='ltr'>φησὶν,</span> <span class='ocrx_word' id='word_1_354' title='bbox 1168 1190 1210 1220; x_wconf 75' lang='grc' dir='ltr'><strong>ὅτι</strong></span> <span class='ocrx_word' id='word_1_355' title='bbox 1227 1189 1366 1225; x_wconf 76' lang='grc' dir='ltr'><strong>ἐνέστηκεν</strong></span> <span class='ocrx_word' id='word_1_356' title='bbox 1387 1192 1403 1224; x_wconf 87' lang='grc' dir='ltr'><strong>ἡ</strong></span> <span class='ocrx_word' id='word_1_357' title='bbox 1421 1189 1511 1228; x_wconf 83' lang='grc' dir='ltr'>ἡμέρα</span> <span class='ocrx_word' id='word_1_358' title='bbox 1533 1188 1650 1227; x_wconf 80' lang='grc' dir='ltr'><strong>Κυρίου,</strong></span> <span class='ocrx_word' id='word_1_359' title='bbox 1673 1188 1838 1224; x_wconf 83' lang='grc' dir='ltr'>τουτέστινὴ</span> 
     </span>
    </p>
   </div>
   <div class='ocr_carea' id='block_1_54' title="bbox 1043 1234 1388 1275">
    <p class='ocr_par' dir='ltr' id='par_1_54' title="bbox 1043 1234 1388 1275">
     <span class='ocr_line' id='line_1_54' title="bbox 1043 1234 1388 1275; baseline 0 -11"><span class='ocrx_word' id='word_1_360' title='bbox 1043 1234 1177 1275; x_wconf 81' lang='grc' dir='ltr'>παρουσία</span> <span class='ocrx_word' id='word_1_361' title='bbox 1194 1237 1240 1264; x_wconf 78' lang='grc' dir='ltr'><strong>τοῦ</strong></span> <span class='ocrx_word' id='word_1_362' title='bbox 1255 1235 1388 1274; x_wconf 81' lang='grc' dir='ltr'>Χριστοῦ.</span> 
     </span>
    </p>
   </div>
   <div class='ocr_carea' id='block_1_55' title="bbox 1087 1276 1834 1317">
    <p class='ocr_par' dir='ltr' id='par_1_55' title="bbox 1087 1276 1834 1317">
     <span class='ocr_line' id='line_1_55' title="bbox 1087 1276 1834 1317; baseline -0.008 -8"><span class='ocrx_word' id='word_1_363' title='bbox 1087 1292 1098 1305; x_wconf 73' lang='grc' dir='ltr'><strong>α</strong></span> <span class='ocrx_word' id='word_1_364' title='bbox 1119 1279 1207 1314; x_wconf 85' lang='grc' dir='ltr'>Μήτις</span> <span class='ocrx_word' id='word_1_365' title='bbox 1223 1280 1292 1316; x_wconf 67' lang='grc' dir='ltr'>ὑμᾶς</span> <span class='ocrx_word' id='word_1_366' title='bbox 1318 1277 1474 1317; x_wconf 78' lang='grc' dir='ltr'>ἐξαπατήσῃ</span> <span class='ocrx_word' id='word_1_367' title='bbox 1489 1276 1558 1306; x_wconf 75' lang='grc' dir='ltr'>κατὰ</span> <span class='ocrx_word' id='word_1_368' title='bbox 1580 1276 1682 1314; x_wconf 80' lang='grc' dir='ltr'>μηδένα</span> <span class='ocrx_word' id='word_1_369' title='bbox 1699 1276 1808 1316; x_wconf 80' lang='grc' dir='ltr'>τρόπον.</span> <span class='ocrx_word' id='word_1_370' title='bbox 1822 1287 1834 1303; x_wconf 80' lang='lat' dir='ltr'><strong>n</strong></span> 
     </span>
    </p>
   </div>
   <div class='ocr_carea' id='block_1_56' title="bbox 1046 1321 1838 1362">
    <p class='ocr_par' dir='ltr' id='par_1_56' title="bbox 1046 1321 1838 1362">
     <span class='ocr_line' id='line_1_56' title="bbox 1046 1321 1838 1362; baseline -0.004 -9"><span class='ocrx_word' id='word_1_371' title='bbox 1046 1323 1121 1359; x_wconf 78' lang='grc' dir='ltr'>Μήτι</span> <span class='ocrx_word' id='word_1_372' title='bbox 1153 1326 1188 1356; x_wconf 82' lang='grc' dir='ltr'>ὡς</span> <span class='ocrx_word' id='word_1_373' title='bbox 1212 1322 1363 1362; x_wconf 66' lang='grc' dir='ltr'>προφήτης,</span> <span class='ocrx_word' id='word_1_374' title='bbox 1380 1322 1447 1361; x_wconf 80' lang='grc' dir='ltr'>μήτε</span> <span class='ocrx_word' id='word_1_375' title='bbox 1475 1323 1509 1355; x_wconf 82' lang='grc' dir='ltr'><strong>ὡς</strong></span> <span class='ocrx_word' id='word_1_376' title='bbox 1528 1322 1705 1360; x_wconf 78' lang='grc' dir='ltr'>διδάσκαλος,</span> <span class='ocrx_word' id='word_1_377' title='bbox 1725 1321 1793 1360; x_wconf 80' lang='grc' dir='ltr'>μήτε</span> <span class='ocrx_word' id='word_1_378' title='bbox 1808 1323 1838 1354; x_wconf 74' lang='grc' dir='ltr'>ὥς</span> 
     </span>
    </p>
   </div>
   <div class='ocr_carea' id='block_1_57' title="bbox 1044 1368 1408 1408">
    <p class='ocr_par' dir='ltr' id='par_1_57' title="bbox 1044 1368 1408 1408">
     <span class='ocr_line' id='line_1_57' title="bbox 1044 1368 1408 1408; baseline -0.005 -10"><span class='ocrx_word' id='word_1_379' title='bbox 1044 1371 1108 1406; x_wconf 81' lang='grc' dir='ltr'>ἐμοῦ</span> <span class='ocrx_word' id='word_1_380' title='bbox 1122 1368 1267 1408; x_wconf 77' lang='grc' dir='ltr'>γράφοντος</span> <span class='ocrx_word' id='word_1_381' title='bbox 1286 1370 1408 1398; x_wconf 72' lang='grc' dir='ltr'>τοιαῦτα.</span> 
     </span>
    </p>
   </div>
   <div class='ocr_carea' id='block_1_58' title="bbox 1084 1411 1842 1452">
    <p class='ocr_par' dir='ltr' id='par_1_58' title="bbox 1084 1411 1842 1452">
     <span class='ocr_line' id='line_1_58' title="bbox 1084 1411 1842 1452; baseline -0.005 -9"><span class='ocrx_word' id='word_1_382' title='bbox 1084 1412 1174 1443; x_wconf 77' lang='grc' dir='ltr'>«⁸οτι</span> <span class='ocrx_word' id='word_1_383' title='bbox 1200 1412 1245 1443; x_wconf 72' lang='grc' dir='ltr'>ἐὰν</span> <span class='ocrx_word' id='word_1_384' title='bbox 1261 1411 1299 1451; x_wconf 82' lang='grc' dir='ltr'><strong>μὴ</strong></span> <span class='ocrx_word' id='word_1_385' title='bbox 1328 1412 1391 1452; x_wconf 81' lang='grc' dir='ltr'>ἔλθῃ</span> <span class='ocrx_word' id='word_1_386' title='bbox 1417 1415 1433 1448; x_wconf 84' lang='grc' dir='ltr'><strong>ἡ</strong></span> <span class='ocrx_word' id='word_1_387' title='bbox 1459 1411 1612 1441; x_wconf 76' lang='grc' dir='ltr'>ἀποστασία</span> <span class='ocrx_word' id='word_1_388' title='bbox 1644 1413 1772 1451; x_wconf 71' lang='grc' dir='ltr'>πρῶτον,</span> <span class='ocrx_word' id='word_1_389' title='bbox 1800 1411 1842 1439; x_wconf 73' lang='grc' dir='ltr'><strong>καί</strong></span> 
     </span>
    </p>
   </div>
   <div class='ocr_carea' id='block_1_59' title="bbox 1045 1455 1843 1497">
    <p class='ocr_par' dir='ltr' id='par_1_59' title="bbox 1045 1455 1843 1497">
     <span class='ocr_line' id='line_1_59' title="bbox 1045 1455 1843 1497; baseline -0.004 -10"><span class='ocrx_word' id='word_1_390' title='bbox 1045 1458 1221 1497; x_wconf 78' lang='grc' dir='ltr'>ἀποκαλυφθῇ</span> <span class='ocrx_word' id='word_1_391' title='bbox 1252 1459 1266 1486; x_wconf 78' lang='grc' dir='ltr'><strong>ὃ</strong></span> <span class='ocrx_word' id='word_1_392' title='bbox 1301 1456 1438 1495; x_wconf 78' lang='grc' dir='ltr'>ἄνθρωπος</span> <span class='ocrx_word' id='word_1_393' title='bbox 1474 1457 1520 1492; x_wconf 84' lang='grc' dir='ltr'>τ’ἧς</span> <span class='ocrx_word' id='word_1_394' title='bbox 1555 1455 1711 1496; x_wconf 71' lang='grc' dir='ltr'>ἁμαρτίας,</span> <span class='ocrx_word' id='word_1_395' title='bbox 1739 1458 1755 1485; x_wconf 79' lang='grc' dir='ltr'>ὁ</span> <span class='ocrx_word' id='word_1_396' title='bbox 1794 1458 1843 1488; x_wconf 70' lang='grc' dir='ltr'>υίὸς</span> 
     </span>
    </p>
   </div>
   <div class='ocr_carea' id='block_1_60' title="bbox 1044 1500 1842 1541">
    <p class='ocr_par' dir='ltr' id='par_1_60' title="bbox 1044 1500 1842 1541">
     <span class='ocr_line' id='line_1_60' title="bbox 1044 1500 1842 1541; baseline -0.001 -10"><span class='ocrx_word' id='word_1_397' title='bbox 1044 1505 1090 1537; x_wconf 67' lang='grc' dir='ltr'>τῆς</span> <span class='ocrx_word' id='word_1_398' title='bbox 1103 1502 1247 1535; x_wconf 71' lang='grc' dir='ltr'>ἀπωλείας.</span> <span class='ocrx_word' id='word_1_399' title='bbox 1274 1516 1285 1528; x_wconf 82' lang='lat'><strong>-</strong></span> <span class='ocrx_word' id='word_1_400' title='bbox 1305 1502 1347 1531; x_wconf 72' lang='grc' dir='ltr'><strong>Οὐ</strong></span> <span class='ocrx_word' id='word_1_401' title='bbox 1369 1501 1524 1540; x_wconf 76' lang='grc' dir='ltr'>γενήσεται,</span> <span class='ocrx_word' id='word_1_402' title='bbox 1550 1500 1649 1541; x_wconf 67' lang='grc' dir='ltr'>φησὶν,</span> <span class='ocrx_word' id='word_1_403' title='bbox 1675 1504 1691 1537; x_wconf 79' lang='grc' dir='ltr'>ἡ</span> <span class='ocrx_word' id='word_1_404' title='bbox 1712 1501 1842 1541; x_wconf 72' lang='grc' dir='ltr'>παρουσία</span> 
     </span>
    </p>
   </div>
   <div class='ocr_carea' id='block_1_61' title="bbox 1044 1545 1844 1587">
    <p class='ocr_par' dir='ltr' id='par_1_61' title="bbox 1044 1545 1844 1587">
     <span class='ocr_line' id='line_1_61' title="bbox 1044 1545 1844 1587; baseline 0 -12"><span class='ocrx_word' id='word_1_405' title='bbox 1044 1551 1089 1577; x_wconf 72' lang='grc' dir='ltr'><strong>τοῦ</strong></span> <span class='ocrx_word' id='word_1_406' title='bbox 1105 1546 1219 1587; x_wconf 82' lang='grc' dir='ltr'>Κυρίου,</span> <span class='ocrx_word' id='word_1_407' title='bbox 1235 1546 1282 1575; x_wconf 78' lang='grc' dir='ltr'>ἐὰν</span> <span class='ocrx_word' id='word_1_408' title='bbox 1297 1546 1335 1585; x_wconf 85' lang='grc' dir='ltr'><strong>μὴ</strong></span> <span class='ocrx_word' id='word_1_409' title='bbox 1360 1545 1422 1585; x_wconf 75' lang='grc' dir='ltr'>ἔλθῃ</span> <span class='ocrx_word' id='word_1_410' title='bbox 1436 1548 1453 1581; x_wconf 87' lang='grc' dir='ltr'>ἠ</span> <span class='ocrx_word' id='word_1_411' title='bbox 1470 1545 1640 1583; x_wconf 78' lang='grc' dir='ltr'>ἀποστασία,</span> <span class='ocrx_word' id='word_1_412' title='bbox 1668 1547 1807 1576; x_wconf 81' lang='grc' dir='ltr'>τουτέστιν</span> <span class='ocrx_word' id='word_1_413' title='bbox 1832 1548 1844 1575; x_wconf 88' lang='grc' dir='ltr'>ὁ</span> 
     </span>
    </p>
   </div>
   <div class='ocr_carea' id='block_1_62' title="bbox 189 1586 988 1632">
    <p class='ocr_par' dir='ltr' id='par_1_62' title="bbox 189 1594 987 1630">
     <span class='ocr_line' id='line_1_62' title="bbox 189 1594 987 1630; baseline 0.001 -9"><span class='ocrx_word' id='word_1_414' title='bbox 189 1601 282 1622; x_wconf 87' lang='lat' dir='ltr'><strong>revera</strong></span> <span class='ocrx_word' id='word_1_415' title='bbox 306 1595 354 1622; x_wconf 86' lang='lat' dir='ltr'><strong>ista</strong></span> <span class='ocrx_word' id='word_1_416' title='bbox 368 1595 412 1626; x_wconf 87' lang='lat' dir='ltr'><strong>sit,</strong></span> <span class='ocrx_word' id='word_1_417' title='bbox 426 1595 525 1630; x_wconf 87' lang='lat' dir='ltr'><strong>quippe</strong></span> <span class='ocrx_word' id='word_1_418' title='bbox 551 1595 598 1630; x_wconf 92' lang='lat' dir='ltr'><strong>qui</strong></span> <span class='ocrx_word' id='word_1_419' title='bbox 625 1595 727 1622; x_wconf 89' lang='lat' dir='ltr'><strong>multos</strong></span> <span class='ocrx_word' id='word_1_420' title='bbox 753 1594 836 1622; x_wconf 87' lang='lat' dir='ltr'><strong>faciet</strong></span> <span class='ocrx_word' id='word_1_421' title='bbox 858 1594 987 1629; x_wconf 86' lang='lat' dir='ltr'><strong>deﬁcere,</strong></span> 
     </span>
    </p>
   </div>
   <div class='ocr_carea' id='block_1_63' title="bbox 1080 1586 1844 1632">
    <p class='ocr_par' dir='ltr' id='par_1_63' title="bbox 1080 1590 1844 1632">
     <span class='ocr_line' id='line_1_63' title="bbox 1080 1590 1844 1632; baseline 0 -12"><span class='ocrx_word' id='word_1_422' title='bbox 1080 1593 1230 1632; x_wconf 70' lang='grc' dir='ltr'>ντίχριστος.</span> <span class='ocrx_word' id='word_1_423' title='bbox 1263 1591 1441 1621; x_wconf 82' lang='grc' dir='ltr'>Ἀποστασίαν</span> <span class='ocrx_word' id='word_1_424' title='bbox 1468 1590 1519 1630; x_wconf 73' lang='grc' dir='ltr'><strong>γὰρ</strong></span> <span class='ocrx_word' id='word_1_425' title='bbox 1535 1591 1614 1620; x_wconf 79' lang='grc' dir='ltr'>αὑτὸν</span> <span class='ocrx_word' id='word_1_426' title='bbox 1636 1591 1768 1621; x_wconf 80' lang='grc' dir='ltr'><strong>ἐκάλεσεν</strong></span> <span class='ocrx_word' id='word_1_427' title='bbox 1779 1613 1787 1627; x_wconf 91' lang='grc'><strong>,</strong></span> <span class='ocrx_word' id='word_1_428' title='bbox 1801 1593 1844 1620; x_wconf 71' lang='grc' dir='ltr'><strong>αὖ·</strong></span> 
     </span>
    </p>
   </div>
   <div class='ocr_carea' id='block_1_64' title="bbox 189 1638 989 1675">
    <p class='ocr_par' dir='ltr' id='par_1_64' title="bbox 189 1638 989 1675">
     <span class='ocr_line' id='line_1_64' title="bbox 189 1638 989 1675; baseline 0.004 -10"><span class='ocrx_word' id='word_1_429' title='bbox 189 1638 273 1666; x_wconf 87' lang='lat' dir='ltr'><strong>etiam</strong></span> <span class='ocrx_word' id='word_1_430' title='bbox 288 1639 400 1672; x_wconf 85' lang='lat' dir='ltr'><strong>electos,</strong></span> <span class='ocrx_word' id='word_1_431' title='bbox 412 1639 436 1666; x_wconf 90' lang='lat' dir='ltr'><strong>si</strong></span> <span class='ocrx_word' id='word_1_432' title='bbox 447 1639 506 1666; x_wconf 86' lang='lat' dir='ltr'><strong>ﬁeri</strong></span> <span class='ocrx_word' id='word_1_433' title='bbox 519 1639 614 1675; x_wconf 86' lang='lat' dir='ltr'><strong>possit.</strong></span> <span class='ocrx_word' id='word_1_434' title='bbox 625 1639 774 1667; x_wconf 77' lang='lat' dir='ltr'><strong>Hominem</strong></span> <span class='ocrx_word' id='word_1_435' title='bbox 787 1644 878 1667; x_wconf 89' lang='lat' dir='ltr'><strong>autem</strong></span> <span class='ocrx_word' id='word_1_436' title='bbox 889 1640 989 1675; x_wconf 88' lang='lat' dir='ltr'><strong>peccati</strong></span> 
     </span>
    </p>
   </div>
   <div class='ocr_carea' id='block_1_65' title="bbox 189 1682 990 1720">
    <p class='ocr_par' dir='ltr' id='par_1_65' title="bbox 189 1682 990 1720">
     <span class='ocr_line' id='line_1_65' title="bbox 189 1682 990 1720; baseline 0.004 -11"><span class='ocrx_word' id='word_1_437' title='bbox 189 1682 265 1710; x_wconf 90' lang='lat' dir='ltr'><strong>illum</strong></span> <span class='ocrx_word' id='word_1_438' title='bbox 285 1682 375 1718; x_wconf 89' lang='lat' dir='ltr'><strong>ipsum</strong></span> <span class='ocrx_word' id='word_1_439' title='bbox 391 1687 481 1717; x_wconf 86' lang='lat' dir='ltr'><strong>vocat,</strong></span> <span class='ocrx_word' id='word_1_440' title='bbox 497 1687 527 1710; x_wconf 92' lang='lat' dir='ltr'><strong>ut</strong></span> <span class='ocrx_word' id='word_1_441' title='bbox 541 1683 586 1719; x_wconf 93' lang='lat' dir='ltr'><strong>qui</strong></span> <span class='ocrx_word' id='word_1_442' title='bbox 602 1691 685 1710; x_wconf 91' lang='lat' dir='ltr'><strong>omne</strong></span> <span class='ocrx_word' id='word_1_443' title='bbox 707 1687 883 1719; x_wconf 83' lang='lat' dir='ltr'><strong>peccatorum</strong></span> <span class='ocrx_word' id='word_1_444' title='bbox 905 1692 990 1720; x_wconf 78' lang='lat' dir='ltr'><strong>genus</strong></span> 
     </span>
    </p>
   </div>
   <div class='ocr_carea' id='block_1_66' title="bbox 190 1727 988 1764">
    <p class='ocr_par' dir='ltr' id='par_1_66' title="bbox 190 1727 988 1764">
     <span class='ocr_line' id='line_1_66' title="bbox 190 1727 988 1764; baseline 0.004 -10"><span class='ocrx_word' id='word_1_445' title='bbox 190 1729 348 1762; x_wconf 83' lang='lat' dir='ltr'><strong>peracturus</strong></span> <span class='ocrx_word' id='word_1_446' title='bbox 362 1727 408 1761; x_wconf 88' lang='lat' dir='ltr'><strong>sit,</strong></span> <span class='ocrx_word' id='word_1_447' title='bbox 429 1731 457 1755; x_wconf 86' lang='lat' dir='ltr'><strong>et</strong></span> <span class='ocrx_word' id='word_1_448' title='bbox 471 1727 539 1755; x_wconf 91' lang='lat' dir='ltr'><strong>alios</strong></span> <span class='ocrx_word' id='word_1_449' title='bbox 553 1728 586 1755; x_wconf 90' lang='lat' dir='ltr'><strong>ad</strong></span> <span class='ocrx_word' id='word_1_450' title='bbox 600 1732 742 1764; x_wconf 89' lang='lat' dir='ltr'><strong>peccatum</strong></span> <span class='ocrx_word' id='word_1_451' title='bbox 757 1729 988 1764; x_wconf 88' lang='lat' dir='ltr'><strong>supplantaturus.</strong></span> 
     </span>
    </p>
   </div>
   <div class='ocr_carea' id='block_1_67' title="bbox 190 1771 990 1810">
    <p class='ocr_par' dir='ltr' id='par_1_67' title="bbox 190 1771 990 1810">
     <span class='ocr_line' id='line_1_67' title="bbox 190 1771 990 1810; baseline 0.003 -11"><span class='ocrx_word' id='word_1_452' title='bbox 190 1771 291 1799; x_wconf 86' lang='lat' dir='ltr'><strong>Filium</strong></span> <span class='ocrx_word' id='word_1_453' title='bbox 305 1772 388 1800; x_wconf 89' lang='lat' dir='ltr'><strong>etiam</strong></span> <span class='ocrx_word' id='word_1_454' title='bbox 410 1771 581 1808; x_wconf 77' lang='lat' dir='ltr'><strong>perditionis,</strong></span> <span class='ocrx_word' id='word_1_455' title='bbox 601 1772 828 1809; x_wconf 88' lang='lat' dir='ltr'><strong>quandoquidem</strong></span> <span class='ocrx_word' id='word_1_456' title='bbox 842 1777 870 1801; x_wconf 94' lang='lat' dir='ltr'><strong>et</strong></span> <span class='ocrx_word' id='word_1_457' title='bbox 884 1774 940 1810; x_wconf 87' lang='lat' dir='ltr'><strong>ipse</strong></span> <span class='ocrx_word' id='word_1_458' title='bbox 953 1774 990 1801; x_wconf 89' lang='lat' dir='ltr'><strong>sit</strong></span> 
     </span>
    </p>
   </div>
   <div class='ocr_carea' id='block_1_68' title="bbox 191 1816 989 1852">
    <p class='ocr_par' dir='ltr' id='par_1_68' title="bbox 191 1816 989 1852">
     <span class='ocr_line' id='line_1_68' title="bbox 191 1816 989 1852; baseline 0.003 -8"><span class='ocrx_word' id='word_1_459' title='bbox 191 1816 321 1852; x_wconf 88' lang='lat' dir='ltr'><strong>perditus.</strong></span> <span class='ocrx_word' id='word_1_460' title='bbox 356 1817 424 1852; x_wconf 86' lang='lat' dir='ltr'><strong>Quis</strong></span> <span class='ocrx_word' id='word_1_461' title='bbox 456 1821 547 1846; x_wconf 87' lang='lat' dir='ltr'><strong>autem</strong></span> <span class='ocrx_word' id='word_1_462' title='bbox 581 1817 625 1846; x_wconf 88' lang='lat' dir='ltr'><strong>ille</strong></span> <span class='ocrx_word' id='word_1_463' title='bbox 649 1819 711 1846; x_wconf 78' lang='lat' dir='ltr'><strong>est?</strong></span> <span class='ocrx_word' id='word_1_464' title='bbox 743 1822 822 1846; x_wconf 79' lang='lat' dir='ltr'><strong>Anne</strong></span> <span class='ocrx_word' id='word_1_465' title='bbox 854 1819 989 1847; x_wconf 85' lang='lat' dir='ltr'><strong>Satanas?</strong></span> 
     </span>
    </p>
   </div>
   <div class='ocr_carea' id='block_1_69' title="bbox 191 1862 988 1898">
    <p class='ocr_par' dir='ltr' id='par_1_69' title="bbox 191 1862 988 1898">
     <span class='ocr_line' id='line_1_69' title="bbox 191 1862 988 1898; baseline 0.004 -9"><span class='ocrx_word' id='word_1_466' title='bbox 191 1862 418 1898; x_wconf 86' lang='lat' dir='ltr'><strong>Haudquaquam,</strong></span> <span class='ocrx_word' id='word_1_467' title='bbox 439 1862 487 1890; x_wconf 85' lang='lat' dir='ltr'><strong>sed</strong></span> <span class='ocrx_word' id='word_1_468' title='bbox 511 1862 595 1890; x_wconf 89' lang='lat' dir='ltr'><strong>homo</strong></span> <span class='ocrx_word' id='word_1_469' title='bbox 616 1862 731 1898; x_wconf 90' lang='lat' dir='ltr'><strong>quidam</strong></span> <span class='ocrx_word' id='word_1_470' title='bbox 747 1870 859 1891; x_wconf 87' lang='lat' dir='ltr'><strong>omnem</strong></span> <span class='ocrx_word' id='word_1_471' title='bbox 881 1864 988 1892; x_wconf 79' lang='lat' dir='ltr'><strong>Satante</strong></span> 
     </span>
    </p>
   </div>
   <div class='ocr_carea' id='block_1_70' title="bbox 191 1907 515 1942">
    <p class='ocr_par' dir='ltr' id='par_1_70' title="bbox 191 1907 515 1942">
     <span class='ocr_line' id='line_1_70' title="bbox 191 1907 515 1942; baseline 0.003 -8"><span class='ocrx_word' id='word_1_472' title='bbox 191 1907 381 1942; x_wconf 81' lang='lat' dir='ltr'><strong>Operationem</strong></span> <span class='ocrx_word' id='word_1_473' title='bbox 395 1907 515 1935; x_wconf 85' lang='lat' dir='ltr'><strong>indutus.</strong></span> 
     </span>
    </p>
   </div>
   <div class='ocr_carea' id='block_1_71' title="bbox 229 1998 989 2033">
    <p class='ocr_par' dir='ltr' id='par_1_71' title="bbox 229 1998 989 2033">
     <span class='ocr_line' id='line_1_71' title="bbox 229 1998 989 2033; baseline 0 -8"><span class='ocrx_word' id='word_1_474' title='bbox 229 1999 317 2025; x_wconf 69' lang='lat' dir='ltr'><strong>Vens.</strong></span> <span class='ocrx_word' id='word_1_475' title='bbox 334 2001 359 2024; x_wconf 84' lang='lat'><strong>4.</strong></span> <span class='ocrx_word' id='word_1_476' title='bbox 383 1998 436 2031; x_wconf 81' lang='lat' dir='ltr'><strong>Qui</strong></span> <span class='ocrx_word' id='word_1_477' title='bbox 450 1998 612 2025; x_wconf 69' lang='lat' dir='ltr'><strong>adversatur</strong></span> <span class='ocrx_word' id='word_1_478' title='bbox 624 1999 648 2024; x_wconf 84' lang='lat' dir='ltr'><strong>ct</strong></span> <span class='ocrx_word' id='word_1_479' title='bbox 661 1998 801 2025; x_wconf 64' lang='lat' dir='ltr'><strong>extollitur</strong></span> <span class='ocrx_word' id='word_1_480' title='bbox 815 2005 899 2033; x_wconf 84' lang='lat' dir='ltr'><strong>supra</strong></span> <span class='ocrx_word' id='word_1_481' title='bbox 913 2006 989 2025; x_wconf 87' lang='lat' dir='ltr'><strong>omne</strong></span> 
     </span>
    </p>
   </div>
   <div class='ocr_carea' id='block_1_72' title="bbox 192 2042 988 2077">
    <p class='ocr_par' dir='ltr' id='par_1_72' title="bbox 192 2042 988 2077">
     <span class='ocr_line' id='line_1_72' title="bbox 192 2042 988 2077; baseline 0.003 -9"><span class='ocrx_word' id='word_1_482' title='bbox 192 2042 266 2077; x_wconf 82' lang='lat' dir='ltr'><strong>quod</strong></span> <span class='ocrx_word' id='word_1_483' title='bbox 280 2042 382 2069; x_wconf 82' lang='lat' dir='ltr'><strong>dicitur</strong></span> <span class='ocrx_word' id='word_1_484' title='bbox 392 2044 473 2074; x_wconf 86' lang='lat' dir='ltr'><strong>Deus,</strong></span> <span class='ocrx_word' id='word_1_485' title='bbox 485 2045 510 2069; x_wconf 87' lang='lat' dir='ltr'><strong>et</strong></span> <span class='ocrx_word' id='word_1_486' title='bbox 519 2043 592 2077; x_wconf 87' lang='lat' dir='ltr'><strong>quod</strong></span> <span class='ocrx_word' id='word_1_487' title='bbox 600 2043 708 2070; x_wconf 82' lang='lat' dir='ltr'><strong>colitur.</strong></span> <span class='ocrx_word' id='word_1_488' title='bbox 722 2043 784 2070; x_wconf 85' lang='lat' dir='ltr'><strong>Non</strong></span> <span class='ocrx_word' id='word_1_489' title='bbox 793 2043 866 2070; x_wconf 88' lang='lat' dir='ltr'><strong>enim</strong></span> <span class='ocrx_word' id='word_1_490' title='bbox 884 2043 927 2070; x_wconf 88' lang='lat' dir='ltr'><strong>ille</strong></span> <span class='ocrx_word' id='word_1_491' title='bbox 940 2042 988 2070; x_wconf 92' lang='lat' dir='ltr'><strong>ho-</strong></span> 
     </span>
    </p>
   </div>
   <div class='ocr_carea' id='block_1_73' title="bbox 191 2086 990 2122">
    <p class='ocr_par' dir='ltr' id='par_1_73' title="bbox 191 2086 990 2122">
     <span class='ocr_line' id='line_1_73' title="bbox 191 2086 990 2122; baseline 0.001 -8"><span class='ocrx_word' id='word_1_492' title='bbox 191 2086 279 2114; x_wconf 82' lang='lat' dir='ltr'><strong>mines</strong></span> <span class='ocrx_word' id='word_1_493' title='bbox 293 2086 328 2114; x_wconf 86' lang='lat' dir='ltr'><strong>ad</strong></span> <span class='ocrx_word' id='word_1_494' title='bbox 347 2086 531 2114; x_wconf 89' lang='lat' dir='ltr'><strong>idololatriam</strong></span> <span class='ocrx_word' id='word_1_495' title='bbox 546 2087 687 2122; x_wconf 82' lang='lat' dir='ltr'><strong>perducet,</strong></span> <span class='ocrx_word' id='word_1_496' title='bbox 702 2095 797 2114; x_wconf 85' lang='lat' dir='ltr'><strong>verum</strong></span> <span class='ocrx_word' id='word_1_497' title='bbox 813 2094 909 2115; x_wconf 86' lang='lat' dir='ltr'><strong>omnes</strong></span> <span class='ocrx_word' id='word_1_498' title='bbox 923 2087 990 2116; x_wconf 90' lang='lat' dir='ltr'><strong>deos</strong></span> 
     </span>
    </p>
   </div>
   <div class='ocr_carea' id='block_1_74' title="bbox 188 2130 984 2168">
    <p class='ocr_par' dir='ltr' id='par_1_74' title="bbox 188 2130 984 2168">
     <span class='ocr_line' id='line_1_74' title="bbox 188 2130 984 2168; baseline 0.001 -9"><span class='ocrx_word' id='word_1_499' title='bbox 188 2130 363 2165; x_wconf 86' lang='lat' dir='ltr'><strong>demolietur,</strong></span> <span class='ocrx_word' id='word_1_500' title='bbox 372 2135 400 2159; x_wconf 89' lang='lat' dir='ltr'><strong>et</strong></span> <span class='ocrx_word' id='word_1_501' title='bbox 411 2131 502 2159; x_wconf 85' lang='lat' dir='ltr'><strong>cultus</strong></span> <span class='ocrx_word' id='word_1_502' title='bbox 512 2139 619 2165; x_wconf 90' lang='lat' dir='ltr'><strong>eorum,</strong></span> <span class='ocrx_word' id='word_1_503' title='bbox 634 2132 692 2160; x_wconf 87' lang='lat' dir='ltr'><strong>sive</strong></span> <span class='ocrx_word' id='word_1_504' title='bbox 702 2131 785 2166; x_wconf 89' lang='lat' dir='ltr'><strong>idola,</strong></span> <span class='ocrx_word' id='word_1_505' title='bbox 799 2139 881 2168; x_wconf 88' lang='lat' dir='ltr'><strong>seque</strong></span> <span class='ocrx_word' id='word_1_506' title='bbox 894 2132 984 2168; x_wconf 88' lang='lat' dir='ltr'><strong>ipsum</strong></span> 
     </span>
    </p>
   </div>
   <div class='ocr_carea' id='block_1_75' title="bbox 191 2176 565 2213">
    <p class='ocr_par' dir='ltr' id='par_1_75' title="bbox 191 2176 565 2213">
     <span class='ocr_line' id='line_1_75' title="bbox 191 2176 565 2213; baseline 0.003 -10"><span class='ocrx_word' id='word_1_507' title='bbox 191 2176 280 2204; x_wconf 89' lang='lat' dir='ltr'><strong>solum</strong></span> <span class='ocrx_word' id='word_1_508' title='bbox 293 2176 451 2213; x_wconf 69' lang='lat' dir='ltr'><strong>praedicabit</strong></span> <span class='ocrx_word' id='word_1_509' title='bbox 465 2177 565 2204; x_wconf 91' lang='lat' dir='ltr'><strong>Deum.</strong></span> 
     </span>
    </p>
   </div>
   <div class='ocr_carea' id='block_1_76' title="bbox 226 2222 986 2258">
    <p class='ocr_par' dir='ltr' id='par_1_76' title="bbox 226 2222 986 2258">
     <span class='ocr_line' id='line_1_76' title="bbox 226 2222 986 2258; baseline -0.001 -8"><span class='ocrx_word' id='word_1_510' title='bbox 226 2224 269 2250; x_wconf 82' lang='lat' dir='ltr'><strong>Ita</strong></span> <span class='ocrx_word' id='word_1_511' title='bbox 283 2225 314 2250; x_wconf 89' lang='lat' dir='ltr'><strong>ut</strong></span> <span class='ocrx_word' id='word_1_512' title='bbox 332 2223 362 2249; x_wconf 82' lang='lat' dir='ltr'><strong>in</strong></span> <span class='ocrx_word' id='word_1_513' title='bbox 377 2223 475 2257; x_wconf 80' lang='lat' dir='ltr'><strong>templo</strong></span> <span class='ocrx_word' id='word_1_514' title='bbox 498 2223 550 2249; x_wconf 84' lang='lat' dir='ltr'><strong>Dei</strong></span> <span class='ocrx_word' id='word_1_515' title='bbox 573 2222 666 2250; x_wconf 85' lang='lat' dir='ltr'><strong>sedeat</strong></span> <span class='ocrx_word' id='word_1_516' title='bbox 679 2224 811 2258; x_wconf 84' lang='lat' dir='ltr'><strong>tanquam</strong></span> <span class='ocrx_word' id='word_1_517' title='bbox 823 2224 906 2250; x_wconf 84' lang='lat' dir='ltr'><strong>Deus.</strong></span> <span class='ocrx_word' id='word_1_518' title='bbox 923 2223 986 2250; x_wconf 89' lang='lat' dir='ltr'><strong>Non</strong></span> 
     </span>
    </p>
   </div>
   <div class='ocr_carea' id='block_1_77' title="bbox 188 2256 1027 2304">
    <p class='ocr_par' dir='ltr' id='par_1_77' title="bbox 188 2256 1027 2304">
     <span class='ocr_line' id='line_1_77' title="bbox 188 2256 1027 2304; baseline 0.002 -10"><span class='ocrx_word' id='word_1_519' title='bbox 188 2267 343 2302; x_wconf 87' lang='lat' dir='ltr'><strong>specialiter</strong></span> <span class='ocrx_word' id='word_1_520' title='bbox 364 2267 392 2295; x_wconf 93' lang='lat' dir='ltr'><strong>in</strong></span> <span class='ocrx_word' id='word_1_521' title='bbox 410 2256 514 2303; x_wconf 76' lang='lat' dir='ltr'><strong>templo</strong></span> <span class='ocrx_word' id='word_1_522' title='bbox 527 2267 601 2304; x_wconf 90' lang='lat' dir='ltr'><strong>quod</strong></span> <span class='ocrx_word' id='word_1_523' title='bbox 616 2271 657 2295; x_wconf 84' lang='lat' dir='ltr'><strong>est</strong></span> <span class='ocrx_word' id='word_1_524' title='bbox 672 2256 879 2304; x_wconf 70' lang='lat' dir='ltr'><strong>Hierosolymis,</strong></span> <span class='ocrx_word' id='word_1_525' title='bbox 894 2268 941 2296; x_wconf 87' lang='lat' dir='ltr'><strong>sed</strong></span> <span class='ocrx_word' id='word_1_526' title='bbox 956 2267 986 2295; x_wconf 92' lang='lat' dir='ltr'><strong>in</strong></span> <span class='ocrx_word' id='word_1_527' title='bbox 1003 2256 1027 2287; x_wconf 82' lang='lat' dir='ltr'><strong>D</strong></span> 
     </span>
    </p>
   </div>
   <div class='ocr_carea' id='block_1_78' title="bbox 190 2311 877 2348">
    <p class='ocr_par' dir='ltr' id='par_1_78' title="bbox 190 2311 877 2348">
     <span class='ocr_line' id='line_1_78' title="bbox 190 2311 877 2348; baseline 0.001 -9"><span class='ocrx_word' id='word_1_528' title='bbox 190 2311 318 2340; x_wconf 86' lang='lat' dir='ltr'><strong>Ecclesiis</strong></span> <span class='ocrx_word' id='word_1_529' title='bbox 339 2311 511 2348; x_wconf 88' lang='lat' dir='ltr'><strong>simpliciter,</strong></span> <span class='ocrx_word' id='word_1_530' title='bbox 527 2316 554 2340; x_wconf 90' lang='lat' dir='ltr'><strong>et</strong></span> <span class='ocrx_word' id='word_1_531' title='bbox 566 2312 641 2340; x_wconf 92' lang='lat' dir='ltr'><strong>omni</strong></span> <span class='ocrx_word' id='word_1_532' title='bbox 656 2312 750 2340; x_wconf 87' lang='lat' dir='ltr'><strong>divino</strong></span> <span class='ocrx_word' id='word_1_533' title='bbox 765 2313 877 2348; x_wconf 89' lang='lat' dir='ltr'><strong>templo.</strong></span> 
     </span>
    </p>
   </div>
   <div class='ocr_carea' id='block_1_79' title="bbox 226 2401 987 2438">
    <p class='ocr_par' dir='ltr' id='par_1_79' title="bbox 226 2401 987 2438">
     <span class='ocr_line' id='line_1_79' title="bbox 226 2401 987 2438; baseline 0 -9"><span class='ocrx_word' id='word_1_534' title='bbox 226 2402 374 2430; x_wconf 69' lang='lat' dir='ltr'><strong>Ostendens</strong></span> <span class='ocrx_word' id='word_1_535' title='bbox 384 2403 502 2437; x_wconf 82' lang='lat' dir='ltr'><strong>seipsum</strong></span> <span class='ocrx_word' id='word_1_536' title='bbox 511 2402 585 2438; x_wconf 87' lang='lat' dir='ltr'><strong>quod</strong></span> <span class='ocrx_word' id='word_1_537' title='bbox 593 2403 629 2430; x_wconf 83' lang='lat' dir='ltr'><strong>sit</strong></span> <span class='ocrx_word' id='word_1_538' title='bbox 638 2403 720 2430; x_wconf 83' lang='lat' dir='ltr'><strong>Deus.</strong></span> <span class='ocrx_word' id='word_1_539' title='bbox 733 2403 796 2430; x_wconf 92' lang='lat' dir='ltr'><strong>Non</strong></span> <span class='ocrx_word' id='word_1_540' title='bbox 810 2401 859 2436; x_wconf 86' lang='lat' dir='ltr'><strong>ait,</strong></span> <span class='ocrx_word' id='word_1_541' title='bbox 876 2402 987 2436; x_wconf 89' lang='lat' dir='ltr'><strong>Dicens,</strong></span> 
     </span>
    </p>
   </div>
   <div class='ocr_carea' id='block_1_80' title="bbox 190 2446 987 2484">
    <p class='ocr_par' dir='ltr' id='par_1_80' title="bbox 190 2446 987 2484">
     <span class='ocr_line' id='line_1_80' title="bbox 190 2446 987 2484; baseline 0.001 -11"><span class='ocrx_word' id='word_1_542' title='bbox 190 2446 249 2480; x_wconf 87' lang='lat' dir='ltr'><strong>sed,</strong></span> <span class='ocrx_word' id='word_1_543' title='bbox 276 2447 385 2474; x_wconf 83' lang='lat' dir='ltr'><strong>Conans</strong></span> <span class='ocrx_word' id='word_1_544' title='bbox 404 2446 605 2475; x_wconf 87' lang='lat' dir='ltr'><strong>demonstrare.</strong></span> <span class='ocrx_word' id='word_1_545' title='bbox 626 2449 697 2475; x_wconf 81' lang='lat' dir='ltr'><strong>Nam</strong></span> <span class='ocrx_word' id='word_1_546' title='bbox 716 2455 799 2483; x_wconf 89' lang='lat' dir='ltr'><strong>opera</strong></span> <span class='ocrx_word' id='word_1_547' title='bbox 814 2446 948 2484; x_wconf 67' lang='lat' dir='ltr'><strong>praeclara</strong></span> <span class='ocrx_word' id='word_1_548' title='bbox 960 2451 987 2475; x_wconf 90' lang='lat' dir='ltr'><strong>et</strong></span> 
     </span>
    </p>
   </div>
   <div class='ocr_carea' id='block_1_81' title="bbox 190 2490 723 2528">
    <p class='ocr_par' dir='ltr' id='par_1_81' title="bbox 190 2490 723 2528">
     <span class='ocr_line' id='line_1_81' title="bbox 190 2490 723 2528; baseline 0.002 -9"><span class='ocrx_word' id='word_1_549' title='bbox 190 2492 270 2528; x_wconf 82' lang='lat' dir='ltr'><strong>signa</strong></span> <span class='ocrx_word' id='word_1_550' title='bbox 290 2490 362 2524; x_wconf 85' lang='lat' dir='ltr'><strong>edet,</strong></span> <span class='ocrx_word' id='word_1_551' title='bbox 381 2498 435 2527; x_wconf 90' lang='lat' dir='ltr'><strong>quo</strong></span> <span class='ocrx_word' id='word_1_552' title='bbox 448 2492 576 2520; x_wconf 86' lang='lat' dir='ltr'><strong>omnibus</strong></span> <span class='ocrx_word' id='word_1_553' title='bbox 588 2492 723 2528; x_wconf 89' lang='lat' dir='ltr'><strong>imponat.</strong></span> 
     </span>
    </p>
   </div>
   <div class='ocr_carea' id='block_1_82' title="bbox 225 2580 990 2617">
    <p class='ocr_par' dir='ltr' id='par_1_82' title="bbox 225 2580 990 2617">
     <span class='ocr_line' id='line_1_82' title="bbox 225 2580 990 2617; baseline 0.001 -8"><span class='ocrx_word' id='word_1_554' title='bbox 225 2582 284 2611; x_wconf 83' lang='lat' dir='ltr'><strong>Non</strong></span> <span class='ocrx_word' id='word_1_555' title='bbox 305 2580 466 2608; x_wconf 81' lang='lat' dir='ltr'><strong>meministis</strong></span> <span class='ocrx_word' id='word_1_556' title='bbox 480 2580 552 2615; x_wconf 84' lang='lat' dir='ltr'><strong>quod</strong></span> <span class='ocrx_word' id='word_1_557' title='bbox 567 2588 627 2608; x_wconf 86' lang='lat' dir='ltr'><strong>cum</strong></span> <span class='ocrx_word' id='word_1_558' title='bbox 641 2581 730 2608; x_wconf 85' lang='lat' dir='ltr'><strong>adhuc</strong></span> <span class='ocrx_word' id='word_1_559' title='bbox 753 2589 835 2609; x_wconf 79' lang='lat' dir='ltr'><strong>essem</strong></span> <span class='ocrx_word' id='word_1_560' title='bbox 856 2582 932 2617; x_wconf 82' lang='lat' dir='ltr'><strong>apud</strong></span> <span class='ocrx_word' id='word_1_561' title='bbox 944 2590 990 2610; x_wconf 83' lang='lat' dir='ltr'><strong>vos</strong></span> 
     </span>
    </p>
   </div>
   <div class='ocr_carea' id='block_1_83' title="bbox 193 2624 990 2662">
    <p class='ocr_par' dir='ltr' id='par_1_83' title="bbox 193 2624 990 2662">
     <span class='ocr_line' id='line_1_83' title="bbox 193 2624 990 2662; baseline 0 -8"><span class='ocrx_word' id='word_1_562' title='bbox 193 2627 249 2654; x_wconf 76' lang='lat' dir='ltr'><strong>hth</strong></span> <span class='ocrx_word' id='word_1_563' title='bbox 272 2625 393 2654; x_wconf 85' lang='lat' dir='ltr'><strong>dicebam</strong></span> <span class='ocrx_word' id='word_1_564' title='bbox 412 2625 506 2652; x_wconf 79' lang='lat' dir='ltr'><strong>vobis?</strong></span> <span class='ocrx_word' id='word_1_565' title='bbox 529 2624 611 2661; x_wconf 83' lang='lat'><strong>537</strong></span> <span class='ocrx_word' id='word_1_566' title='bbox 636 2625 685 2652; x_wconf 88' lang='lat' dir='ltr'><strong>Vel</strong></span> <span class='ocrx_word' id='word_1_567' title='bbox 709 2624 774 2652; x_wconf 90' lang='lat' dir='ltr'><strong>hinc</strong></span> <span class='ocrx_word' id='word_1_568' title='bbox 799 2625 892 2661; x_wconf 82' lang='lat' dir='ltr'><strong>liquet,</strong></span> <span class='ocrx_word' id='word_1_569' title='bbox 917 2626 990 2662; x_wconf 87' lang='lat' dir='ltr'><strong>quod</strong></span> 
     </span>
    </p>
   </div>
   <div class='ocr_carea' id='block_1_84' title="bbox 192 2669 992 2707">
    <p class='ocr_par' dir='ltr' id='par_1_84' title="bbox 192 2669 992 2707">
     <span class='ocr_line' id='line_1_84' title="bbox 192 2669 992 2707; baseline 0.001 -9"><span class='ocrx_word' id='word_1_570' title='bbox 192 2678 295 2707; x_wconf 79' lang='lat' dir='ltr'><strong>magna</strong></span> <span class='ocrx_word' id='word_1_571' title='bbox 310 2670 442 2707; x_wconf 86' lang='lat' dir='ltr'><strong>mysteria</strong></span> <span class='ocrx_word' id='word_1_572' title='bbox 468 2670 621 2705; x_wconf 84' lang='lat' dir='ltr'><strong>tradiderit,</strong></span> <span class='ocrx_word' id='word_1_573' title='bbox 644 2677 705 2706; x_wconf 67' lang='lat' dir='ltr'><strong>qua</strong></span> <span class='ocrx_word' id='word_1_574' title='bbox 721 2669 819 2698; x_wconf 88' lang='lat' dir='ltr'><strong>litteris</strong></span> <span class='ocrx_word' id='word_1_575' title='bbox 838 2678 894 2698; x_wconf 91' lang='lat' dir='ltr'><strong>non</strong></span> <span class='ocrx_word' id='word_1_576' title='bbox 914 2676 992 2699; x_wconf 90' lang='lat' dir='ltr'><strong>erant</strong></span> 
     </span>
    </p>
   </div>
   <div class='ocr_carea' id='block_1_85' title="bbox 193 2714 989 2750">
    <p class='ocr_par' dir='ltr' id='par_1_85' title="bbox 193 2714 989 2750">
     <span class='ocr_line' id='line_1_85' title="bbox 193 2714 989 2750; baseline 0.001 -7"><span class='ocrx_word' id='word_1_577' title='bbox 193 2715 334 2744; x_wconf 87' lang='lat' dir='ltr'><strong>mandata.</strong></span> <span class='ocrx_word' id='word_1_578' title='bbox 351 2714 500 2744; x_wconf 86' lang='lat' dir='ltr'><strong>Considera</strong></span> <span class='ocrx_word' id='word_1_579' title='bbox 513 2719 618 2750; x_wconf 87' lang='lat' dir='ltr'><strong>autem,</strong></span> <span class='ocrx_word' id='word_1_580' title='bbox 632 2722 746 2743; x_wconf 84' lang='lat' dir='ltr'><strong>necesse</strong></span> <span class='ocrx_word' id='word_1_581' title='bbox 755 2722 814 2744; x_wconf 84' lang='lat' dir='ltr'><strong>esse</strong></span> <span class='ocrx_word' id='word_1_582' title='bbox 826 2715 922 2744; x_wconf 84' lang='lat' dir='ltr'><strong>eadem</strong></span> <span class='ocrx_word' id='word_1_583' title='bbox 938 2723 989 2744; x_wconf 77' lang='lat' dir='ltr'><strong>sae-</strong></span> 
     </span>
    </p>
   </div>
   <div class='ocr_carea' id='block_1_86' title="bbox 1043 1635 1842 1677">
    <p class='ocr_par' dir='ltr' id='par_1_86' title="bbox 1043 1635 1842 1677">
     <span class='ocr_line' id='line_1_86' title="bbox 1043 1635 1842 1677; baseline -0.001 -11"><span class='ocrx_word' id='word_1_584' title='bbox 1043 1637 1167 1677; x_wconf 69' lang='grc' dir='ltr'>τόχρημα</span> <span class='ocrx_word' id='word_1_585' title='bbox 1182 1639 1259 1666; x_wconf 78' lang='grc' dir='ltr'>τοῦτο</span> <span class='ocrx_word' id='word_1_586' title='bbox 1271 1636 1351 1672; x_wconf 80' lang='grc' dir='ltr'>ὄντα,</span> <span class='ocrx_word' id='word_1_587' title='bbox 1375 1637 1410 1669; x_wconf 81' lang='grc' dir='ltr'><strong>ὡς</strong></span> <span class='ocrx_word' id='word_1_588' title='bbox 1425 1635 1539 1669; x_wconf 77' lang='grc' dir='ltr'>πολλοὺς</span> <span class='ocrx_word' id='word_1_589' title='bbox 1558 1635 1690 1673; x_wconf 81' lang='grc' dir='ltr'>μέλλοντα</span> <span class='ocrx_word' id='word_1_590' title='bbox 1711 1639 1825 1676; x_wconf 68' lang='grc' dir='ltr'>ἀφιστᾷν</span> <span class='ocrx_word' id='word_1_591' title='bbox 1835 1659 1842 1671; x_wconf 81' lang='lat'><strong>,</strong></span> 
     </span>
    </p>
   </div>
   <div class='ocr_carea' id='block_1_87' title="bbox 1044 1680 1843 1721">
    <p class='ocr_par' dir='ltr' id='par_1_87' title="bbox 1044 1680 1843 1721">
     <span class='ocr_line' id='line_1_87' title="bbox 1044 1680 1843 1721; baseline -0.003 -10"><span class='ocrx_word' id='word_1_592' title='bbox 1044 1681 1163 1715; x_wconf 72' lang='grc' dir='ltr'>καὶτοὺς</span> <span class='ocrx_word' id='word_1_593' title='bbox 1187 1680 1339 1717; x_wconf 81' lang='grc' dir='ltr'>ἐκλεκτοὺς,</span> <span class='ocrx_word' id='word_1_594' title='bbox 1371 1682 1394 1710; x_wconf 81' lang='grc' dir='ltr'><strong>εἰ</strong></span> <span class='ocrx_word' id='word_1_595' title='bbox 1420 1681 1540 1710; x_wconf 81' lang='grc' dir='ltr'>δυνατόν.</span> <span class='ocrx_word' id='word_1_596' title='bbox 1577 1680 1633 1710; x_wconf 81' lang='grc' dir='ltr'>Καὶ</span> <span class='ocrx_word' id='word_1_597' title='bbox 1659 1681 1804 1721; x_wconf 78' lang='grc' dir='ltr'>ἄνθρωπον</span> <span class='ocrx_word' id='word_1_598' title='bbox 1818 1680 1843 1710; x_wconf 82' lang='grc' dir='ltr'><strong>δὲ</strong></span> 
     </span>
    </p>
   </div>
   <div class='ocr_carea' id='block_1_88' title="bbox 1045 1725 1842 1767">
    <p class='ocr_par' dir='ltr' id='par_1_88' title="bbox 1045 1725 1842 1767">
     <span class='ocr_line' id='line_1_88' title="bbox 1045 1725 1842 1767; baseline -0.001 -12"><span class='ocrx_word' id='word_1_599' title='bbox 1045 1726 1180 1767; x_wconf 83' lang='grc' dir='ltr'>ἁμαρτίας</span> <span class='ocrx_word' id='word_1_600' title='bbox 1206 1726 1250 1756; x_wconf 80' lang='grc' dir='ltr'><strong>τὸν</strong></span> <span class='ocrx_word' id='word_1_601' title='bbox 1275 1726 1354 1755; x_wconf 75' lang='grc' dir='ltr'>αὐτὸν</span> <span class='ocrx_word' id='word_1_602' title='bbox 1380 1728 1486 1763; x_wconf 79' lang='grc' dir='ltr'>τοῦτον,</span> <span class='ocrx_word' id='word_1_603' title='bbox 1517 1727 1552 1759; x_wconf 81' lang='grc' dir='ltr'>ὡς</span> <span class='ocrx_word' id='word_1_604' title='bbox 1575 1725 1621 1754; x_wconf 77' lang='grc' dir='ltr'>καὶ</span> <span class='ocrx_word' id='word_1_605' title='bbox 1647 1725 1730 1755; x_wconf 81' lang='grc' dir='ltr'>αὐτὸν</span> <span class='ocrx_word' id='word_1_606' title='bbox 1758 1731 1842 1755; x_wconf 78' lang='grc' dir='ltr'>πᾶσαν</span> 
     </span>
    </p>
   </div>
   <div class='ocr_carea' id='block_1_89' title="bbox 1044 1769 1842 1810">
    <p class='ocr_par' dir='ltr' id='par_1_89' title="bbox 1044 1769 1842 1810">
     <span class='ocr_line' id='line_1_89' title="bbox 1044 1769 1842 1810; baseline 0 -11"><span class='ocrx_word' id='word_1_607' title='bbox 1044 1771 1177 1810; x_wconf 81' lang='grc' dir='ltr'>ἁμαρτίαν</span> <span class='ocrx_word' id='word_1_608' title='bbox 1193 1771 1333 1800; x_wconf 76' lang='grc' dir='ltr'>τελέσοντα</span> <span class='ocrx_word' id='word_1_609' title='bbox 1346 1793 1354 1806; x_wconf 88' lang='grc'><strong>,</strong></span> <span class='ocrx_word' id='word_1_610' title='bbox 1376 1771 1421 1801; x_wconf 79' lang='grc' dir='ltr'>καὶ</span> <span class='ocrx_word' id='word_1_611' title='bbox 1447 1770 1541 1803; x_wconf 77' lang='grc' dir='ltr'>ἄλλους</span> <span class='ocrx_word' id='word_1_612' title='bbox 1553 1769 1618 1809; x_wconf 74' lang='grc' dir='ltr'>πρὸς</span> <span class='ocrx_word' id='word_1_613' title='bbox 1632 1782 1663 1799; x_wconf 84' lang='grc' dir='ltr'><strong>το</strong></span> <span class='ocrx_word' id='word_1_614' title='bbox 1679 1771 1842 1810; x_wconf 76' lang='grc' dir='ltr'>ἁμαρτάνειν</span> 
     </span>
    </p>
   </div>
   <div class='ocr_carea' id='block_1_90' title="bbox 1043 1814 1841 1851">
    <p class='ocr_par' dir='ltr' id='par_1_90' title="bbox 1043 1814 1841 1851">
     <span class='ocr_line' id='line_1_90' title="bbox 1043 1814 1841 1851; baseline -0.003 -6"><span class='ocrx_word' id='word_1_615' title='bbox 1043 1816 1263 1846; x_wconf 80' lang='grc' dir='ltr'>ὗποσκελίσοντα.</span> <span class='ocrx_word' id='word_1_616' title='bbox 1290 1815 1344 1845; x_wconf 77' lang='grc' dir='ltr'>Καὶ</span> <span class='ocrx_word' id='word_1_617' title='bbox 1360 1815 1416 1845; x_wconf 77' lang='grc' dir='ltr'>υἱὸν</span> <span class='ocrx_word' id='word_1_618' title='bbox 1437 1814 1462 1844; x_wconf 75' lang='grc' dir='ltr'>δὲ</span> <span class='ocrx_word' id='word_1_619' title='bbox 1477 1815 1624 1851; x_wconf 74' lang='grc' dir='ltr'>ἀπωλείας,</span> <span class='ocrx_word' id='word_1_620' title='bbox 1648 1817 1683 1849; x_wconf 88' lang='grc' dir='ltr'>ὡς</span> <span class='ocrx_word' id='word_1_621' title='bbox 1704 1817 1755 1845; x_wconf 77' lang='grc' dir='ltr'>καὶ</span> <span class='ocrx_word' id='word_1_622' title='bbox 1767 1816 1841 1845; x_wconf 79' lang='grc' dir='ltr'>αὐτὸν</span> 
     </span>
    </p>
   </div>
   <div class='ocr_carea' id='block_1_91' title="bbox 1043 1854 1840 1899">
    <p class='ocr_par' dir='ltr' id='par_1_91' title="bbox 1043 1854 1840 1899">
     <span class='ocr_line' id='line_1_91' title="bbox 1043 1854 1840 1899; baseline -0.001 -8"><span class='ocrx_word' id='word_1_623' title='bbox 1043 1861 1234 1899; x_wconf 74' lang='grc' dir='ltr'>ἀπολούμενον,</span> <span class='ocrx_word' id='word_1_624' title='bbox 1260 1859 1309 1894; x_wconf 85' lang='grc' dir='ltr'><strong>Τίς</strong></span> <span class='ocrx_word' id='word_1_625' title='bbox 1329 1859 1356 1889; x_wconf 81' lang='grc' dir='ltr'><strong>δὲ</strong></span> <span class='ocrx_word' id='word_1_626' title='bbox 1383 1855 1455 1893; x_wconf 70' lang='grc' dir='ltr'>οἷτός</span> <span class='ocrx_word' id='word_1_627' title='bbox 1472 1860 1564 1898; x_wconf 67' lang='grc' dir='ltr'>ἐστιν,</span> <span class='ocrx_word' id='word_1_628' title='bbox 1580 1854 1632 1899; x_wconf 67' lang='grc' dir='ltr'><strong>ἆρα</strong></span> <span class='ocrx_word' id='word_1_629' title='bbox 1662 1861 1676 1889; x_wconf 82' lang='grc' dir='ltr'><strong>ὃ</strong></span> <span class='ocrx_word' id='word_1_630' title='bbox 1700 1861 1840 1899; x_wconf 70' lang='grc' dir='ltr'>Σατανᾶςς</span> 
     </span>
    </p>
   </div>
   <div class='ocr_carea' id='block_1_92' title="bbox 1041 1904 1840 1945">
    <p class='ocr_par' dir='ltr' id='par_1_92' title="bbox 1041 1904 1840 1945">
     <span class='ocr_line' id='line_1_92' title="bbox 1041 1904 1840 1945; baseline 0.001 -11"><span class='ocrx_word' id='word_1_631' title='bbox 1041 1906 1191 1943; x_wconf 75' lang='grc' dir='ltr'>Οὐδαμῶς,</span> <span class='ocrx_word' id='word_1_632' title='bbox 1212 1906 1272 1934; x_wconf 81' lang='grc' dir='ltr'>ἀλλ’</span> <span class='ocrx_word' id='word_1_633' title='bbox 1290 1904 1424 1944; x_wconf 81' lang='grc' dir='ltr'>ἄνθρωπός</span> <span class='ocrx_word' id='word_1_634' title='bbox 1438 1917 1493 1941; x_wconf 85' lang='grc' dir='ltr'>τις,</span> <span class='ocrx_word' id='word_1_635' title='bbox 1505 1909 1595 1934; x_wconf 72' lang='grc' dir='ltr'>πᾶσαν</span> <span class='ocrx_word' id='word_1_636' title='bbox 1618 1906 1699 1934; x_wconf 80' lang='grc' dir='ltr'>αὐτοῦ</span> <span class='ocrx_word' id='word_1_637' title='bbox 1721 1907 1840 1945; x_wconf 78' lang='grc' dir='ltr'>ἀμπεχό-</span> 
     </span>
    </p>
   </div>
   <div class='ocr_carea' id='block_1_93' title="bbox 1044 1949 1380 1990">
    <p class='ocr_par' dir='ltr' id='par_1_93' title="bbox 1044 1949 1380 1990">
     <span class='ocr_line' id='line_1_93' title="bbox 1044 1949 1380 1990; baseline -0.003 -11"><span class='ocrx_word' id='word_1_638' title='bbox 1044 1962 1120 1989; x_wconf 82' lang='grc' dir='ltr'>μενος</span> <span class='ocrx_word' id='word_1_639' title='bbox 1127 1950 1153 1968; x_wconf 61' lang='grc'><strong>⁸9</strong></span> <span class='ocrx_word' id='word_1_640' title='bbox 1170 1950 1219 1986; x_wconf 87' lang='grc' dir='ltr'><strong>τὴν</strong></span> <span class='ocrx_word' id='word_1_641' title='bbox 1234 1949 1380 1990; x_wconf 70' lang='grc' dir='ltr'>ἐνέργειαν.</span> 
     </span>
    </p>
   </div>
   <div class='ocr_carea' id='block_1_94' title="bbox 1083 1994 1839 2034">
    <p class='ocr_par' dir='ltr' id='par_1_94' title="bbox 1083 1994 1839 2034">
     <span class='ocr_line' id='line_1_94' title="bbox 1083 1994 1839 2034; baseline -0.001 -9"><span class='ocrx_word' id='word_1_642' title='bbox 1083 1994 1117 2025; x_wconf 88' lang='grc' dir='ltr'>Ὁ</span> <span class='ocrx_word' id='word_1_643' title='bbox 1152 1995 1328 2034; x_wconf 79' lang='grc' dir='ltr'>ἂντικιίμενος</span> <span class='ocrx_word' id='word_1_644' title='bbox 1363 1995 1408 2024; x_wconf 80' lang='grc' dir='ltr'><strong>καὶ</strong></span> <span class='ocrx_word' id='word_1_645' title='bbox 1435 1994 1642 2034; x_wconf 77' lang='grc' dir='ltr'>ὑπεραιρόμενος</span> <span class='ocrx_word' id='word_1_646' title='bbox 1675 1995 1722 2024; x_wconf 82' lang='grc' dir='ltr'>ἐπὶ</span> <span class='ocrx_word' id='word_1_647' title='bbox 1756 1995 1839 2024; x_wconf 78' lang='grc' dir='ltr'>πάντα</span> 
     </span>
    </p>
   </div>
   <div class='ocr_carea' id='block_1_95' title="bbox 1039 2039 1839 2079">
    <p class='ocr_par' dir='ltr' id='par_1_95' title="bbox 1039 2039 1839 2079">
     <span class='ocr_line' id='line_1_95' title="bbox 1039 2039 1839 2079; baseline 0.001 -11"><span class='ocrx_word' id='word_1_648' title='bbox 1039 2040 1180 2079; x_wconf 80' lang='grc' dir='ltr'>λεγόμενον</span> <span class='ocrx_word' id='word_1_649' title='bbox 1193 2039 1262 2070; x_wconf 77' lang='grc' dir='ltr'>Θεὸν</span> <span class='ocrx_word' id='word_1_650' title='bbox 1286 2039 1304 2075; x_wconf 83' lang='grc' dir='ltr'><strong>ἢ</strong></span> <span class='ocrx_word' id='word_1_651' title='bbox 1326 2039 1463 2077; x_wconf 76' lang='grc' dir='ltr'>σέϐασμα.</span> <span class='ocrx_word' id='word_1_652' title='bbox 1480 2053 1491 2065; x_wconf 73' lang='grc' dir='ltr'><strong>ιι</strong></span> <span class='ocrx_word' id='word_1_653' title='bbox 1512 2040 1551 2069; x_wconf 86' lang='grc' dir='ltr'><strong>Οὖ</strong></span> <span class='ocrx_word' id='word_1_654' title='bbox 1570 2039 1622 2079; x_wconf 77' lang='grc' dir='ltr'><strong>γὰρ</strong></span> <span class='ocrx_word' id='word_1_655' title='bbox 1639 2041 1675 2072; x_wconf 80' lang='grc' dir='ltr'><strong>εἰς</strong></span> <span class='ocrx_word' id='word_1_656' title='bbox 1699 2041 1839 2069; x_wconf 77' lang='grc' dir='ltr'>εἰδωλολα-</span> 
     </span>
    </p>
   </div>
   <div class='ocr_carea' id='block_1_96' title="bbox 1043 2083 1841 2125">
    <p class='ocr_par' dir='ltr' id='par_1_96' title="bbox 1043 2083 1841 2125">
     <span class='ocr_line' id='line_1_96' title="bbox 1043 2083 1841 2125; baseline -0.001 -11"><span class='ocrx_word' id='word_1_657' title='bbox 1043 2085 1132 2125; x_wconf 84' lang='grc' dir='ltr'>τρείαν</span> <span class='ocrx_word' id='word_1_658' title='bbox 1151 2084 1207 2118; x_wconf 78' lang='grc' dir='ltr'>ἄξει</span> <span class='ocrx_word' id='word_1_659' title='bbox 1231 2084 1290 2118; x_wconf 71' lang='grc' dir='ltr'>τοὺς</span> <span class='ocrx_word' id='word_1_660' title='bbox 1318 2083 1472 2124; x_wconf 77' lang='grc' dir='ltr'>ἀνθρώπους</span> <span class='ocrx_word' id='word_1_661' title='bbox 1507 2086 1617 2121; x_wconf 74' lang='grc' dir='ltr'>ἐκεῖνος,</span> <span class='ocrx_word' id='word_1_662' title='bbox 1650 2084 1722 2114; x_wconf 74' lang='grc' dir='ltr'>ἀλλὰ</span> <span class='ocrx_word' id='word_1_663' title='bbox 1745 2086 1841 2117; x_wconf 77' lang='grc' dir='ltr'>πάντας</span> 
     </span>
    </p>
   </div>
   <div class='ocr_carea' id='block_1_97' title="bbox 1042 2128 1838 2168">
    <p class='ocr_par' dir='ltr' id='par_1_97' title="bbox 1042 2128 1838 2168">
     <span class='ocr_line' id='line_1_97' title="bbox 1042 2128 1838 2168; baseline 0 -10"><span class='ocrx_word' id='word_1_664' title='bbox 1042 2129 1187 2159; x_wconf 73' lang='grc' dir='ltr'>καταλύσει</span> <span class='ocrx_word' id='word_1_665' title='bbox 1203 2128 1262 2162; x_wconf 78' lang='grc' dir='ltr'>τοὺς</span> <span class='ocrx_word' id='word_1_666' title='bbox 1273 2128 1356 2164; x_wconf 74' lang='grc' dir='ltr'>θεοὺς,</span> <span class='ocrx_word' id='word_1_667' title='bbox 1379 2129 1425 2158; x_wconf 78' lang='grc' dir='ltr'><strong>καὶ</strong></span> <span class='ocrx_word' id='word_1_668' title='bbox 1446 2129 1479 2158; x_wconf 82' lang='grc' dir='ltr'><strong>τὰ</strong></span> <span class='ocrx_word' id='word_1_669' title='bbox 1497 2129 1656 2168; x_wconf 75' lang='grc' dir='ltr'>σεϐάσματα</span> <span class='ocrx_word' id='word_1_670' title='bbox 1670 2130 1772 2166; x_wconf 77' lang='grc' dir='ltr'>αὐτῶν,</span> <span class='ocrx_word' id='word_1_671' title='bbox 1787 2130 1838 2166; x_wconf 78' lang='grc' dir='ltr'>ἤτοι</span> 
     </span>
    </p>
   </div>
   <div class='ocr_carea' id='block_1_98' title="bbox 1042 2173 1732 2214">
    <p class='ocr_par' dir='ltr' id='par_1_98' title="bbox 1042 2173 1732 2214">
     <span class='ocr_line' id='line_1_98' title="bbox 1042 2173 1732 2214; baseline 0.001 -11"><span class='ocrx_word' id='word_1_672' title='bbox 1042 2175 1074 2203; x_wconf 80' lang='grc' dir='ltr'><strong>τὰ</strong></span> <span class='ocrx_word' id='word_1_673' title='bbox 1091 2174 1188 2204; x_wconf 79' lang='grc' dir='ltr'>εἴδωλα</span> <span class='ocrx_word' id='word_1_674' title='bbox 1198 2199 1205 2213; x_wconf 78' lang='lat'><strong>,</strong></span> <span class='ocrx_word' id='word_1_675' title='bbox 1221 2174 1266 2203; x_wconf 79' lang='grc' dir='ltr'>καὶ</span> <span class='ocrx_word' id='word_1_676' title='bbox 1279 2174 1370 2203; x_wconf 84' lang='grc' dir='ltr'>ἑαυτὸν</span> <span class='ocrx_word' id='word_1_677' title='bbox 1384 2174 1464 2211; x_wconf 86' lang='grc' dir='ltr'>μόνον</span> <span class='ocrx_word' id='word_1_678' title='bbox 1478 2173 1635 2214; x_wconf 78' lang='grc' dir='ltr'>ἀνακηρύξει</span> <span class='ocrx_word' id='word_1_679' title='bbox 1647 2174 1732 2206; x_wconf 83' lang='grc' dir='ltr'>Θεόν.</span> 
     </span>
    </p>
   </div>
   <div class='ocr_carea' id='block_1_99' title="bbox 1082 2218 1838 2258">
    <p class='ocr_par' dir='ltr' id='par_1_99' title="bbox 1082 2218 1838 2258">
     <span class='ocr_line' id='line_1_99' title="bbox 1082 2218 1838 2258; baseline -0.001 -9"><span class='ocrx_word' id='word_1_680' title='bbox 1082 2233 1094 2246; x_wconf 79' lang='grc' dir='ltr'><strong>ι</strong></span> <span class='ocrx_word' id='word_1_681' title='bbox 1108 2218 1198 2249; x_wconf 78' lang='grc' dir='ltr'>Ὥστε</span> <span class='ocrx_word' id='word_1_682' title='bbox 1216 2219 1295 2248; x_wconf 77' lang='grc' dir='ltr'>αὐτὸν</span> <span class='ocrx_word' id='word_1_683' title='bbox 1313 2220 1349 2253; x_wconf 80' lang='grc' dir='ltr'>εἷς</span> <span class='ocrx_word' id='word_1_684' title='bbox 1364 2219 1408 2248; x_wconf 83' lang='grc' dir='ltr'><strong>τὸν</strong></span> <span class='ocrx_word' id='word_1_685' title='bbox 1423 2218 1485 2248; x_wconf 82' lang='grc' dir='ltr'>ναὸν</span> <span class='ocrx_word' id='word_1_686' title='bbox 1501 2221 1546 2249; x_wconf 79' lang='grc' dir='ltr'><strong>τοῦ</strong></span> <span class='ocrx_word' id='word_1_687' title='bbox 1570 2221 1642 2250; x_wconf 77' lang='grc' dir='ltr'>Θεοῦ</span> <span class='ocrx_word' id='word_1_688' title='bbox 1657 2219 1763 2258; x_wconf 87' lang='grc' dir='ltr'>[μόνον]</span> <span class='ocrx_word' id='word_1_689' title='bbox 1780 2221 1838 2249; x_wconf 62' lang='grc' dir='ltr'>καθα</span> 
     </span>
    </p>
   </div>
   <div class='ocr_carea' id='block_1_100' title="bbox 1042 2263 1837 2303">
    <p class='ocr_par' dir='ltr' id='par_1_100' title="bbox 1042 2263 1837 2303">
     <span class='ocr_line' id='line_1_100' title="bbox 1042 2263 1837 2303; baseline -0.001 -11"><span class='ocrx_word' id='word_1_690' title='bbox 1042 2263 1099 2293; x_wconf 72' lang='lat' dir='ltr'><strong>{aut</strong></span> <span class='ocrx_word' id='word_1_691' title='bbox 1127 2266 1161 2297; x_wconf 84' lang='grc' dir='ltr'>ὡς</span> <span class='ocrx_word' id='word_1_692' title='bbox 1188 2264 1268 2294; x_wconf 83' lang='grc' dir='ltr'>Θεόν.</span> <span class='ocrx_word' id='word_1_693' title='bbox 1290 2276 1303 2292; x_wconf 73' lang='lat' dir='ltr'><strong>n</strong></span> <span class='ocrx_word' id='word_1_694' title='bbox 1321 2264 1391 2303; x_wconf 79' lang='grc' dir='ltr'><strong>Οὖχὶ</strong></span> <span class='ocrx_word' id='word_1_695' title='bbox 1413 2265 1435 2293; x_wconf 81' lang='grc' dir='ltr'><strong>εἰ</strong></span> <span class='ocrx_word' id='word_1_696' title='bbox 1450 2264 1492 2292; x_wconf 75' lang='grc' dir='ltr'><strong>τὸν</strong></span> <span class='ocrx_word' id='word_1_697' title='bbox 1518 2265 1544 2293; x_wconf 81' lang='grc' dir='ltr'>ἐν</span> <span class='ocrx_word' id='word_1_698' title='bbox 1560 2263 1756 2303; x_wconf 85' lang='grc' dir='ltr'>Ἱεροσολύμοις</span> <span class='ocrx_word' id='word_1_699' title='bbox 1781 2264 1837 2292; x_wconf 76' lang='grc' dir='ltr'>ναὸν</span> 
     </span>
    </p>
   </div>
   <div class='ocr_carea' id='block_1_101' title="bbox 1043 2307 1836 2348">
    <p class='ocr_par' dir='ltr' id='par_1_101' title="bbox 1043 2307 1836 2348">
     <span class='ocr_line' id='line_1_101' title="bbox 1043 2307 1836 2348; baseline -0.003 -10"><span class='ocrx_word' id='word_1_700' title='bbox 1043 2309 1124 2342; x_wconf 81' lang='grc' dir='ltr'>ἰδίως,</span> <span class='ocrx_word' id='word_1_701' title='bbox 1154 2309 1223 2338; x_wconf 81' lang='grc' dir='ltr'>ἀλλὰ</span> <span class='ocrx_word' id='word_1_702' title='bbox 1243 2309 1278 2343; x_wconf 80' lang='grc' dir='ltr'>εἷς</span> <span class='ocrx_word' id='word_1_703' title='bbox 1293 2309 1341 2342; x_wconf 82' lang='grc' dir='ltr'><strong>τὰς</strong></span> <span class='ocrx_word' id='word_1_704' title='bbox 1361 2307 1526 2344; x_wconf 79' lang='grc' dir='ltr'>Ἐκκλησίας</span> <span class='ocrx_word' id='word_1_705' title='bbox 1543 2309 1651 2348; x_wconf 73' lang='grc' dir='ltr'>ἁπλῶς,</span> <span class='ocrx_word' id='word_1_706' title='bbox 1676 2309 1722 2339; x_wconf 78' lang='grc' dir='ltr'><strong>καὶ</strong></span> <span class='ocrx_word' id='word_1_707' title='bbox 1754 2309 1836 2338; x_wconf 77' lang='grc' dir='ltr'>πάντα</span> 
     </span>
    </p>
   </div>
   <div class='ocr_carea' id='block_1_102' title="bbox 1043 2354 1193 2383">
    <p class='ocr_par' dir='ltr' id='par_1_102' title="bbox 1043 2354 1193 2383">
     <span class='ocr_line' id='line_1_102' title="bbox 1043 2354 1193 2383; baseline 0 -1"><span class='ocrx_word' id='word_1_708' title='bbox 1043 2354 1104 2383; x_wconf 82' lang='grc' dir='ltr'>ναὸν</span> <span class='ocrx_word' id='word_1_709' title='bbox 1116 2357 1193 2383; x_wconf 81' lang='grc' dir='ltr'>θεῖον.</span> 
     </span>
    </p>
   </div>
   <div class='ocr_carea' id='block_1_103' title="bbox 1082 2394 1834 2436">
    <p class='ocr_par' dir='ltr' id='par_1_103' title="bbox 1082 2394 1834 2436">
     <span class='ocr_line' id='line_1_103' title="bbox 1082 2394 1834 2436; baseline -0.005 -8"><span class='ocrx_word' id='word_1_710' title='bbox 1082 2413 1094 2425; x_wconf 80' lang='grc' dir='ltr'>ι</span> <span class='ocrx_word' id='word_1_711' title='bbox 1111 2398 1313 2429; x_wconf 83' lang='grc' dir='ltr'>Ἀποδειχνύντα</span> <span class='ocrx_word' id='word_1_712' title='bbox 1326 2397 1418 2427; x_wconf 74' lang='grc' dir='ltr'>ἑαυτὸν</span> <span class='ocrx_word' id='word_1_713' title='bbox 1429 2422 1436 2436; x_wconf 75' lang='grc'><strong>,</strong></span> <span class='ocrx_word' id='word_1_714' title='bbox 1452 2398 1493 2428; x_wconf 75' lang='grc' dir='ltr'><strong>ὅτι</strong></span> <span class='ocrx_word' id='word_1_715' title='bbox 1503 2398 1559 2427; x_wconf 76' lang='grc' dir='ltr'>ἔστι</span> <span class='ocrx_word' id='word_1_716' title='bbox 1573 2399 1650 2432; x_wconf 83' lang='grc' dir='ltr'>Θεός,</span> <span class='ocrx_word' id='word_1_717' title='bbox 1668 2413 1679 2424; x_wconf 69' lang='grc' dir='ltr'><strong>ι</strong></span> <span class='ocrx_word' id='word_1_718' title='bbox 1696 2400 1755 2429; x_wconf 85' lang='grc' dir='ltr'><strong>Οὖχ</strong></span> <span class='ocrx_word' id='word_1_719' title='bbox 1767 2394 1834 2428; x_wconf 74' lang='grc' dir='ltr'>εἷπε,</span> 
     </span>
    </p>
   </div>
   <div class='ocr_carea' id='block_1_104' title="bbox 1044 2443 1834 2484">
    <p class='ocr_par' dir='ltr' id='par_1_104' title="bbox 1044 2443 1834 2484">
     <span class='ocr_line' id='line_1_104' title="bbox 1044 2443 1834 2484; baseline -0.003 -10"><span class='ocrx_word' id='word_1_720' title='bbox 1044 2443 1163 2483; x_wconf 84' lang='grc' dir='ltr'>Λέγοντα</span> <span class='ocrx_word' id='word_1_721' title='bbox 1174 2467 1181 2480; x_wconf 83' lang='grc'><strong>,</strong></span> <span class='ocrx_word' id='word_1_722' title='bbox 1201 2443 1270 2473; x_wconf 81' lang='grc' dir='ltr'>ἀλλὰ</span> <span class='ocrx_word' id='word_1_723' title='bbox 1282 2466 1290 2480; x_wconf 87' lang='grc'><strong>,</strong></span> <span class='ocrx_word' id='word_1_724' title='bbox 1314 2443 1484 2484; x_wconf 80' lang='grc' dir='ltr'>Πειρώμενον</span> <span class='ocrx_word' id='word_1_725' title='bbox 1511 2443 1706 2474; x_wconf 77' lang='grc' dir='ltr'>ἀποδεικνύναι.</span> <span class='ocrx_word' id='word_1_726' title='bbox 1722 2444 1775 2474; x_wconf 79' lang='grc' dir='ltr'><strong>Καὶ</strong></span> <span class='ocrx_word' id='word_1_727' title='bbox 1788 2443 1834 2483; x_wconf 77' lang='grc' dir='ltr'><strong>γὰρ</strong></span> 
     </span>
    </p>
   </div>
   <div class='ocr_carea' id='block_1_105' title="bbox 1042 2488 1833 2529">
    <p class='ocr_par' dir='ltr' id='par_1_105' title="bbox 1042 2488 1833 2529">
     <span class='ocr_line' id='line_1_105' title="bbox 1042 2488 1833 2529; baseline -0.001 -11"><span class='ocrx_word' id='word_1_728' title='bbox 1042 2489 1107 2528; x_wconf 80' lang='grc' dir='ltr'>ἔργα</span> <span class='ocrx_word' id='word_1_729' title='bbox 1137 2489 1242 2528; x_wconf 80' lang='grc' dir='ltr'>μεγάλα</span> <span class='ocrx_word' id='word_1_730' title='bbox 1267 2488 1312 2518; x_wconf 79' lang='grc' dir='ltr'><strong>καὶ</strong></span> <span class='ocrx_word' id='word_1_731' title='bbox 1344 2492 1444 2528; x_wconf 84' lang='grc' dir='ltr'>σημεῖα</span> <span class='ocrx_word' id='word_1_732' title='bbox 1468 2488 1626 2522; x_wconf 75' lang='grc' dir='ltr'>ἐπιδείξεται</span> <span class='ocrx_word' id='word_1_733' title='bbox 1649 2489 1712 2529; x_wconf 81' lang='grc' dir='ltr'>πρὸς</span> <span class='ocrx_word' id='word_1_734' title='bbox 1735 2489 1833 2522; x_wconf 76' lang='grc' dir='ltr'>πλάνην</span> 
     </span>
    </p>
   </div>
   <div class='ocr_carea' id='block_1_106' title="bbox 1043 2533 1157 2564">
    <p class='ocr_par' dir='ltr' id='par_1_106' title="bbox 1043 2533 1157 2564">
     <span class='ocr_line' id='line_1_106' title="bbox 1043 2533 1157 2564; baseline -0.009 -2"><span class='ocrx_word' id='word_1_735' title='bbox 1043 2533 1146 2562; x_wconf 81' lang='grc' dir='ltr'>πάντων</span> <span class='ocrx_word' id='word_1_736' title='bbox 1151 2558 1157 2564; x_wconf 95' lang='grc'><strong>,</strong></span> 
     </span>
    </p>
   </div>
   <div class='ocr_carea' id='block_1_107' title="bbox 1086 2577 1830 2618">
    <p class='ocr_par' dir='ltr' id='par_1_107' title="bbox 1086 2577 1830 2618">
     <span class='ocr_line' id='line_1_107' title="bbox 1086 2577 1830 2618; baseline -0.005 -10"><span class='ocrx_word' id='word_1_737' title='bbox 1086 2592 1096 2604; x_wconf 83' lang='grc' dir='ltr'><strong>ι</strong></span> <span class='ocrx_word' id='word_1_738' title='bbox 1112 2579 1152 2608; x_wconf 81' lang='grc' dir='ltr'><strong>Οὔ</strong></span> <span class='ocrx_word' id='word_1_739' title='bbox 1180 2577 1359 2617; x_wconf 78' lang='grc' dir='ltr'>μνημονεύετε</span> <span class='ocrx_word' id='word_1_740' title='bbox 1384 2578 1425 2607; x_wconf 74' lang='grc' dir='ltr'><strong>ὅτι</strong></span> <span class='ocrx_word' id='word_1_741' title='bbox 1445 2577 1485 2607; x_wconf 82' lang='grc' dir='ltr'>ἔτι</span> <span class='ocrx_word' id='word_1_742' title='bbox 1506 2577 1542 2607; x_wconf 78' lang='grc' dir='ltr'><strong>ὢν</strong></span> <span class='ocrx_word' id='word_1_743' title='bbox 1559 2577 1624 2618; x_wconf 76' lang='grc' dir='ltr'>πρὸς</span> <span class='ocrx_word' id='word_1_744' title='bbox 1648 2581 1733 2616; x_wconf 75' lang='grc' dir='ltr'>ὑμᾶς,</span> <span class='ocrx_word' id='word_1_745' title='bbox 1754 2579 1830 2606; x_wconf 72' lang='grc' dir='ltr'>ταῦτα</span> 
     </span>
    </p>
   </div>
   <div class='ocr_carea' id='block_1_108' title="bbox 1045 2620 1829 2662">
    <p class='ocr_par' dir='ltr' id='par_1_108' title="bbox 1045 2620 1829 2662">
     <span class='ocr_line' id='line_1_108' title="bbox 1045 2620 1829 2662; baseline 0 -10"><span class='ocrx_word' id='word_1_746' title='bbox 1045 2622 1134 2662; x_wconf 86' lang='grc' dir='ltr'>ἔλεγον</span> <span class='ocrx_word' id='word_1_747' title='bbox 1150 2625 1226 2661; x_wconf 59' lang='lat' dir='ltr'><strong>faith;</strong></span> <span class='ocrx_word' id='word_1_748' title='bbox 1242 2636 1254 2648; x_wconf 80' lang='grc' dir='ltr'><strong>ιι</strong></span> <span class='ocrx_word' id='word_1_749' title='bbox 1273 2624 1422 2653; x_wconf 76' lang='grc' dir='ltr'>Κάντεῦθεν</span> <span class='ocrx_word' id='word_1_750' title='bbox 1434 2623 1513 2658; x_wconf 79' lang='grc' dir='ltr'>δῆλον</span> <span class='ocrx_word' id='word_1_751' title='bbox 1523 2646 1531 2659; x_wconf 93' lang='grc'><strong>,</strong></span> <span class='ocrx_word' id='word_1_752' title='bbox 1548 2623 1588 2652; x_wconf 78' lang='grc' dir='ltr'>ὅτι</span> <span class='ocrx_word' id='word_1_753' title='bbox 1609 2624 1712 2661; x_wconf 79' lang='grc' dir='ltr'>μεγάλα</span> <span class='ocrx_word' id='word_1_754' title='bbox 1735 2620 1829 2661; x_wconf 68' lang='grc' dir='ltr'>μυστή-</span> 
     </span>
    </p>
   </div>
   <div class='ocr_carea' id='block_1_109' title="bbox 1047 2667 1830 2708">
    <p class='ocr_par' dir='ltr' id='par_1_109' title="bbox 1047 2667 1830 2708">
     <span class='ocr_line' id='line_1_109' title="bbox 1047 2667 1830 2708; baseline -0.004 -11"><span class='ocrx_word' id='word_1_755' title='bbox 1047 2680 1089 2708; x_wconf 86' lang='grc' dir='ltr'><strong>ρια</strong></span> <span class='ocrx_word' id='word_1_756' title='bbox 1115 2667 1161 2697; x_wconf 69' lang='grc' dir='ltr'>καὶ</span> <span class='ocrx_word' id='word_1_757' title='bbox 1186 2667 1312 2708; x_wconf 74' lang='grc' dir='ltr'>ἀγράφως</span> <span class='ocrx_word' id='word_1_758' title='bbox 1337 2668 1487 2708; x_wconf 81' lang='grc' dir='ltr'>παρεδίδου.</span> <span class='ocrx_word' id='word_1_759' title='bbox 1505 2667 1578 2707; x_wconf 85' lang='grc' dir='ltr'><strong>Ὅρα</strong></span> <span class='ocrx_word' id='word_1_760' title='bbox 1595 2668 1621 2696; x_wconf 86' lang='grc' dir='ltr'>δὲ</span> <span class='ocrx_word' id='word_1_761' title='bbox 1640 2668 1680 2697; x_wconf 80' lang='grc' dir='ltr'><strong>ὅτι</strong></span> <span class='ocrx_word' id='word_1_762' title='bbox 1695 2668 1830 2706; x_wconf 76' lang='grc' dir='ltr'>ἀναγκαῖον</span> 
     </span>
    </p>
   </div>
   <div class='ocr_carea' id='block_1_110' title="bbox 1045 2712 1829 2753">
    <p class='ocr_par' dir='ltr' id='par_1_110' title="bbox 1045 2712 1829 2753">
     <span class='ocr_line' id='line_1_110' title="bbox 1045 2712 1829 2753; baseline -0.001 -11"><span class='ocrx_word' id='word_1_763' title='bbox 1045 2714 1162 2753; x_wconf 81' lang='grc' dir='ltr'>συνεχῶς</span> <span class='ocrx_word' id='word_1_764' title='bbox 1189 2712 1274 2743; x_wconf 76' lang='grc' dir='ltr'>ταυτὰ</span> <span class='ocrx_word' id='word_1_765' title='bbox 1311 2712 1413 2753; x_wconf 77' lang='grc' dir='ltr'>λέγειν,</span> <span class='ocrx_word' id='word_1_766' title='bbox 1443 2713 1488 2742; x_wconf 83' lang='grc' dir='ltr'><strong>καὶ</strong></span> <span class='ocrx_word' id='word_1_767' title='bbox 1515 2713 1654 2742; x_wconf 78' lang='grc' dir='ltr'>ὶπαντλεῖν</span> <span class='ocrx_word' id='word_1_768' title='bbox 1674 2716 1727 2745; x_wconf 83' lang='grc' dir='ltr'>τοῖς</span> <span class='ocrx_word' id='word_1_769' title='bbox 1749 2713 1829 2744; x_wconf 75' lang='grc' dir='ltr'>αὐτοῖς</span> 
     </span>
    </p>
   </div>
   <div class='ocr_carea' id='block_1_111' title="bbox 883 2792 1154 2823">
    <p class='ocr_par' dir='ltr' id='par_1_111' title="bbox 883 2792 1154 2823">
     <span class='ocr_line' id='line_1_111' title="bbox 883 2792 1154 2823; baseline 0.007 -2"><span class='ocrx_word' id='word_1_770' title='bbox 883 2792 978 2822; x_wconf 71' lang='lat' dir='ltr'><strong>Varia:</strong></span> <span class='ocrx_word' id='word_1_771' title='bbox 999 2793 1154 2823; x_wconf 87' lang='lat' dir='ltr'><strong>lectiones.</strong></span> 
     </span>
    </p>
   </div>
   <div class='ocr_carea' id='block_1_112' title="bbox 225 2840 640 2877">
    <p class='ocr_par' dir='ltr' id='par_1_112' title="bbox 225 2840 640 2877">
     <span class='ocr_line' id='line_1_112' title="bbox 225 2840 640 2877; baseline 0.01 -11"><span class='ocrx_word' id='word_1_772' title='bbox 225 2840 246 2857; x_wconf 77' lang='grc'><strong>³⁸</strong></span> <span class='ocrx_word' id='word_1_773' title='bbox 261 2840 335 2866; x_wconf 64' lang='grc' dir='ltr'>αὺτοῦ</span> <span class='ocrx_word' id='word_1_774' title='bbox 354 2849 379 2868; x_wconf 92' lang='lat' dir='ltr'><strong>o.</strong></span> <span class='ocrx_word' id='word_1_775' title='bbox 419 2841 440 2857; x_wconf 75' lang='grc'><strong>⁵⁸</strong></span> <span class='ocrx_word' id='word_1_776' title='bbox 454 2842 588 2877; x_wconf 77' lang='grc' dir='ltr'>δεχόμενος</span> <span class='ocrx_word' id='word_1_777' title='bbox 602 2850 640 2870; x_wconf 95' lang='lat' dir='ltr'><strong>m.</strong></span> 
     </span>
    </p>
   </div>
  </div>
