1890 3077
57 178 122 205 1341

492 177 665 205 EXPOSITIO
685 177 717 204 ΙΝ
738 177 844 205 EPIST.
865 177 886 205 ll
907 177 951 205 AD
969 177 1085 205 THESS.
1107 192 1140 198 —-
1159 178 1235 205 CAP.
1256 178 1287 205 ll.

1635 178 1702 206 i342

53 240 170 280 ῥήμασι.
189 238 258 270 Ἰδοὺ
280 239 333 280 γὰρ
349 239 395 270 καὶ
409 239 538 280 παρόντος
562 240 678 277 ἤκουσαν
705 242 752 270 τοῦ
768 243 849 270 Ἀπο-

940 247 965 268 1s
985 240 1086 272 dicere.
1110 245 1138 268 et
1157 240 1265 269 abunde
1286 241 1369 269 verba
1393 240 1516 270 fundere.
1542 242 1611 270 Ecce
1625 243 1700 270 enim

53 285 151 315 στόλου
173 287 257 314 ταῦτα
281 285 415 322 εἰπόντος,
436 285 481 314 καὶ
506 285 576 324 ὅμως
597 285 678 315 πάλιν
702 285 848 322 ἐδεήθησαν

51 332 215 370 στηριγμοῦ.
232 329 318 360 Οὐδὲν
331 352 339 366 ,
356 330 435 371 φησὶ,
458 329 528 364 ξένον
542 330 629 369 Ὰγοι,
646 331 707 359 ἀλλ’
720 331 787 370 ἅπερ
804 329 850 360 καὶ

51 375 97 404 ἀεὶ
113 375 215 413 ἔλεγον.
239 374 499 415 Ἐντρεπτικώτερον
525 375 552 404 δὲ
576 379 690 405 ποιεῖται
705 375 748 405 τὸν
772 375 850 412 λόγον

50 420 138 458 λέγων
148 431 154 438 ·
167 431 182 447 ι
189 420 230 450 Οὖ
239 419 418 458 μνημονεύετε
427 432 435 456 ;
446 432 460 448 ιι
473 419 555 450 Οὕτω
562 419 664 460 ταχέως
672 419 830 449 ἐπελάθεσθε
840 430 847 457 ;

94 521 111 540 ι
142 508 196 540 Καὶ
221 511 267 538 νῦν
295 508 326 538 τὸ
351 508 465 548 κατέχον
495 509 598 548 οἴδατε,
627 510 664 543 εἰς
689 508 719 538 τὸ
745 510 850 539 ἀποκα-

47 555 182 595 λυφθῆναι
208 553 286 583 αὐτὸν
310 554 337 582 ἐν
362 555 400 594 τῷ
433 555 529 584 ἑαυτοῦ
556 555 650 594 καιρῷ.
681 565 694 583 ι
728 553 850 594 Κατέχον

47 599 109 630 ἐστὶ
133 599 163 629 τὸ
181 597 283 629 κωλόον
296 620 305 636 ,
321 598 351 628 τὸ
365 598 516 635 ἐμποδίζον.
531 598 565 629 Τί
581 598 609 628 δέ
623 600 679 628 ἐστι
695 601 789 632 solito;
815 600 850 628 Οἱ

47 645 100 684 μὲν
115 643 163 680 τὴν
179 643 258 684 χάριν
274 645 320 684 τοῖο
340 642 496 681 Πνεύματός
510 655 603 683 φασιν·
621 644 644 673 οἱ
660 643 687 673 δὲ
712 643 759 679 τὴν
774 641 849 674 ⁶Ριι›-

48 682 152 728 μαῖκὴν
167 682 267 728 ἆρχῆν·
282 682 320 721 οἶς
340 688 386 717 καὶ
401 690 416 718 ὁ
433 682 564 728 μακάριος
583 687 711 724 Ἰωάννης
733 689 849 718 συντίθε-

47 747 105 764 ται.
117 735 153 765 Εἰ
165 734 204 773 μὴ
220 733 272 773 γὰρ
285 732 352 769 αὕτη
366 733 515 772 καταλυθῇ,
530 734 579 763 οὐκ
595 733 627 762 ἂν
640 733 719 773 σχοίη
734 733 849 772 πάροδον

49 781 64 809 ὁ
91 779 270 819 Ἀντίχριστος
289 780 401 819 ποιῆσαι
425 777 442 806 ἃ
467 778 601 816 βούλεται.
628 778 680 808 Διὰ
704 781 780 807 τοῦτο
803 777 849 808 καὶ

49 817 282 861 συνεσκιασμένως
309 817 382 852 εἶπεν
404 823 419 851 ὁ
434 823 540 856 Παῦλος
550 834 556 840 ·
581 822 639 852 οὐδὲ
654 822 705 862 γὰρ
720 821 851 857 ἠϐούλετο

49 870 170 908 ματαίας
182 868 208 887 ⁹⁰
222 867 319 918 ἔχθραις
335 867 511 918 ἄναξ-ἔχεσθαι
519 890 530 918 ,
547 867 593 918 καὶ
616 866 740 902 ἀνοήτους
763 867 851 918 κινδιξ-
867 888 889 918 Β

48 907 122 948 νους.
150 914 184 944 Εἰ
210 912 261 953 γὰρ
285 907 373 948 εἶπεν,
389 911 429 941 ὅτι
452 911 546 951 μικρὸν
572 911 679 952 ὕστερον
699 912 851 947 καταλυθή-

49 971 129 990 σεται
146 962 164 995 ἡ
179 957 322 996 Ῥωμαίων
341 956 411 996 ἀρχὴ
422 980 430 993 ,
445 956 538 990 εὐθέως
553 955 585 985 ἂν
601 956 679 986 αὐτὸν
695 956 849 996 κατώρυξαν

49 1007 87 1038 ὡς
102 1004 229 1039 λυμεῶνα
240 1026 248 1039 ,
263 1002 309 1032 καὶ
323 1000 383 1032 τοὺς
400 1002 496 1035 ἄλλους
518 1001 624 1035 πιστοὺς
639 1000 685 1031 σὺν
706 1002 793 1042 αὐτῷ,
814 1003 850 1036 ὡς

48 1051 88 1086 τῇ
116 1047 263 1078 καταλύσει
288 1049 337 1082 τῆς
362 1045 525 1082 τηλικαύτης
540 1047 626 1086 ἀρχῆς
650 1046 847 1086 ἓπιχαίροντας.

47 1083 119 1124 ⁸ὀτι
141 1093 169 1122 δὲ
195 1093 224 1122 οὖ
239 1091 300 1130 περὶ
324 1093 370 1127 τῆς
393 1093 438 1120 τοῦ
460 1090 536 1130 ἁγίου
560 1083 719 1129 Πνεόματος
741 1083 850 1131 χάριτος

48 1139 142 1178 λέγει,
156 1138 247 1173 δῆλον,
262 1137 375 1175 Πρῶτον
389 1135 438 1172 μὲν
454 1134 504 1175 γὰρ
518 1136 566 1164 οὐκ
582 1134 614 1164 ἃν
631 1130 704 1165 εἶπεν
720 1136 828 1175 ἀσαφῶς
840 1158 848 1171 ,

50 1182 125 1213 ἀλλὰ
135 1183 267 1223 φανερῶς,
282 1180 323 1210 ὅτι
335 1181 380 1210 καὶ
396 1183 442 1209 ν’ὖν
457 1180 536 1210 αὐτὸν
551 1180 659 1220 κατέχει
675 1182 691 1216 ἡ
705 1183 750 1210 τοῦ
764 1181 847 1210 Πνεύ-

51 1239 137 1267 ματος
152 1228 251 1268 χάρις,
272 1225 392 1255 τουτέστι
419 1225 451 1254 τὰ
476 1225 643 1265 χαρίσματα.
670 1223 802 1264 Ἔπειτα,
826 1225 850 1254 εἴ

48 1285 82 1313 γε
117 1273 171 1302 τῶν
206 1270 384 1311 χαρισμάτων
412 1269 576 1299 ἐκλιπόντων
604 1270 699 1308 ἔμελλε
729 1281 848 1310 παραγε-

50 1317 161 1355 νέσθαι,
186 1315 239 1346 ἔδει
259 1315 337 1345 αὐτὸν
360 1314 410 1350 ἤδη
438 1317 566 1355 φανῆναι·
582 1314 668 1343 πάλαι
687 1314 738 1355 γὰρ
764 1318 847 1344 ταῦτα

49 1354 202 1393 ἐκλέλοιπε.
218 1359 294 1400 Ὅρα
309 1359 337 1389 δὲ
347 1383 355 1395 ,
375 1359 415 1389 ὅτι
430 1360 477 1389 οὐκ
491 1354 564 1389 εἶπεν
579 1359 620 1388 ὅτι
635 1359 739 1399 ταχέως
754 1358 847 1397 ἔσται,

49 1407 121 1442 ἀλλ’,
138 1418 153 1434 ι
168 1407 213 1439 Εἷς
227 1404 257 1434 τὸ
267 1405 499 1445 ἀποκαλυφθῆναι,
511 1415 526 1433 n
539 1403 631 1445 φησὶν,
649 1414 662 1432 (ί
678 1404 757 1433 αὐτὸν
768 1405 796 1433 ἐν
811 1406 849 1444 τῷ

51 1454 134 1481 αὑτοῦ
155 1451 251 1490 καιρῷ.
276 1460 291 1478 ιι
313 1450 367 1480 Καὶ
391 1449 474 1479 πάλιν
496 1449 547 1489 γὰρ
561 1449 605 1478 τὸν
632 1448 724 1489 καιρὸν
750 1449 848 1485 ἄδηλον

51 1497 136 1527 εἴασε.

903 285 1080 321 Apostolum,
1095 285 1161 313 dum
1176 293 1294 321 praesens
1308 290 1376 320 erat,
1392 286 1443 314 ista
1454 286 1591 314 dicentem
1607 286 1699 314 audie-

903 334 978 364 runt,
994 338 1025 357 ac
1040 329 1222 358 nihilominus
1244 338 1354 359 rursum
1371 339 1442 367 opus
1463 331 1621 359 habuerunt
1634 339 1698 359 con-

903 373 1072 402 ﬁrmatione.
1084 374 1168 408 Nihil,
1181 374 1280 411 inquit,
1295 375 1358 403 novi
1374 375 1471 409 affero,
1488 375 1535 404 sed
1550 384 1612 412 quae
1627 384 1704 404 sem-

903 426 951 454 per
964 418 1027 447 dixi.
1046 419 1177 447 Nonnihil
1197 423 1290 447 autem
1303 419 1415 455 pudoris
1427 419 1564 448 suffundit
1575 421 1623 455 eis,
1639 428 1702 449 cum

903 463 959 496 ait,
976 465 1034 492 Non.
1044 465 1203 491 meministis
1213 465 1227 492 ?
1239 468 1296 492 tam
1306 465 1362 492 cito
1372 464 1452 492 obliti
1465 465 1552 492 estis?

939 509 1027 536 Vsus.
1038 511 1065 536 6.
1077 509 1111 536 Et
1121 516 1192 536 nunc
1206 509 1272 544 quid
1285 509 1414 540 detineat,
1428 510 1513 540 scitis,
1529 512 1560 537 ut
1573 511 1703 538 reveletur

903 553 960 588 ipse
974 560 1022 580 suo
1044 555 1170 588 tempore.
1187 553 1268 588 Quod
1283 553 1397 587 detinet,
1413 558 1456 581 est
1469 553 1543 590 quod
1564 554 1701 590 prohibet,

902 596 976 633 quod
990 597 1115 633 impedit.
1134 598 1207 633 Quid
1220 606 1285 626 vero
1295 597 1348 626 hoc
1368 600 1425 626 est?
1438 599 1571 626 Nonnulli
1588 599 1705 634 Spiritus

902 642 1020 677 gratiam
1041 641 1154 677 dicunt;
1182 642 1228 670 alii
1252 644 1413 670 Romanum
1435 642 1586 678 imperium
1611 644 1705 671 intelli-

903 690 981 722 gunt,
1002 686 1103 723 quibus
1123 690 1150 714 et
1164 686 1241 715 divus
1255 689 1377 715 Joannes
1395 687 1612 724 Chrysostomus
1637 696 1706 716 con-

901 731 996 759 sentit.
1017 731 1076 759 Nisi
1090 731 1165 759 enim
1185 732 1255 760 istuc
1275 732 1440 760 dissolutum
1457 731 1549 764 fuerit,
1563 733 1704 761 Antichri-

903 779 962 803 stus
981 776 1074 804 locum
1094 776 1229 812 quidquid
1253 776 1320 804 libet
1340 776 1455 805 faciendi
1479 777 1579 805 habere
1599 778 1703 813 nequit.

904 821 1051 855 Propterea
1076 825 1148 849 recte
1171 821 1239 849 dixit
1260 821 1359 849 Paulus
1382 830 1389 849 ε
1414 829 1504 857 neque
1524 821 1598 849 enim
1622 830 1706 850 vanas

904 865 1061 893 inimicitias
1075 866 1212 901 stultaque
1227 866 1346 901 pericula
1365 866 1458 893 subire
1478 866 1571 894 voluit.
1591 867 1618 894 Si
1630 867 1703 894 enim

905 909 1028 944 dixisset,
1045 910 1125 946 paulo
1140 914 1201 946 post
1218 911 1377 938 Romanum
1392 911 1540 946 imperium
1553 911 1702 939 dissolven-

904 953 985 988 dum,
999 955 1095 982 statim
1110 963 1174 983 eum
1187 955 1355 983 defodissent
1365 958 1496 991 tanquam
1509 955 1702 991 impostorem,

906 998 1029 1035 aliosque
1042 999 1135 1027 ﬁdeles
1156 1007 1221 1027 cum
1242 999 1316 1035 ipso,
1336 1004 1469 1036 tanquam
1483 999 1528 1036 qui
1539 1008 1622 1036 super
1635 1001 1703 1028 tanti

903 1043 1014 1079 imperii
1040 1043 1219 1072 demolitione
1251 1045 1421 1073 laetarentur.
1446 1046 1543 1080 Porro,
1571 1045 1645 1081 quod
1670 1045 1703 1074 de

903 1090 991 1118 sancti
1006 1090 1123 1126 Spiritus
1136 1091 1222 1126 gratia
1241 1090 1287 1119 hic
1302 1099 1358 1119 non
1371 1091 1508 1127 loquatur,
1523 1094 1635 1128 planum
1650 1095 1701 1120 est.

903 1135 996 1163 Primo
1018 1135 1092 1163 enim
1113 1143 1170 1164 non
1197 1135 1311 1164 dixisset
1329 1136 1453 1171 obscure,
1475 1135 1522 1165 sed
1547 1136 1702 1171 manifeste,

902 1179 1036 1208 nimirum
1050 1180 1123 1216 quod
1141 1188 1215 1209 nunc
1238 1181 1329 1217 ipsum
1351 1180 1457 1208 detinet
1475 1181 1589 1217 Spiritus
1604 1181 1702 1217 gratia,

903 1223 956 1252 hoc
977 1229 1021 1252 est
1036 1225 1131 1261 gratia:
1149 1225 1232 1254 dona.
1248 1225 1366 1260 Deinde,
1388 1225 1410 1253 si
1426 1226 1505 1254 donis
1517 1225 1705 1254 deﬁcientibus

901 1269 1024 1304 oportuit
1045 1270 1135 1306 ipsum
1158 1270 1262 1305 venire,
1287 1270 1382 1298 debuit
1404 1270 1461 1306 ipse
1481 1270 1539 1306 jam
1561 1278 1702 1306 apparere.

902 1314 971 1341 Nam
991 1314 1045 1342 ista
1056 1314 1222 1350 jamdudum
1235 1315 1386 1343 desierunt.
1402 1315 1595 1343 Animadverte
1609 1320 1702 1343 autem

902 1358 976 1394 quod
990 1367 1045 1387 non
1059 1358 1158 1387 dixerit
1168 1359 1293 1388 celeriter
1306 1368 1370 1388 cum
1386 1359 1490 1394 adfore,
1504 1360 1563 1393 sed,
1583 1361 1616 1388 Ut
1627 1368 1702 1388 reve—

903 1402 983 1435 letur,
999 1404 1098 1440 inquit,
1111 1406 1168 1439 ipse
1193 1413 1241 1432 suo
1256 1407 1380 1440 tempore.
1396 1407 1502 1433 Rursus
1515 1409 1608 1434 autem
1630 1410 1700 1433 tem-

903 1456 954 1483 pus
971 1448 1106 1477 incertum
1124 1449 1244 1486 reliquit.

94 1553 110 1569 ι
125 1541 166 1571 Τὸ
178 1539 230 1580 γὰρ
245 1538 390 1579 μυστήριον
404 1538 455 1575 ἤδη
470 1539 615 1578 ἐνεργεῖται
630 1540 677 1575 τῆς
689 1538 812 1577 ἀνομίας.
829 1549 843 1567 ι

940 1548 1027 1575 Vens.
1041 1550 1067 1574 7.
1081 1549 1150 1576 Nam
1159 1549 1316 1582 mysterium
1322 1549 1383 1582 jam
1392 1551 1519 1583 operatur
1532 1549 1698 1583 iniquitatis.

49 1587 105 1617 Τὸν
135 1585 248 1624 Νέρωνα
274 1584 345 1624 λέγει
371 1583 451 1619 οὕτω,
482 1583 564 1624 τύπον
591 1583 656 1613 ὄντα
687 1585 733 1613 τοῦ
761 1583 847 1613 Ἀντι-

48 1623 243 1671 χρίστουξΚαὶ
256 1628 309 1668 γὰρ
334 1627 481 1667 ἀκάθαρτός
496 1639 524 1657 τε
540 1623 590 1664 ἦν,
609 1628 655 1657 καὶ
679 1627 747 1661 Θεὸς
764 1628 849 1664 ἐζήτει

48 1666 184 1714 λέγεσθαι.
202 1666 300 1706 Καλῶς
314 1672 343 1702 δέ
357 1666 436 1713 φησιν·
454 1684 469 1700 ι
483 1672 523 1702 Τὸ
540 1672 693 1712 μυστήριον.
710 1684 725 1701 ι
741 1674 782 1703 Οὐ
796 1672 848 1714 γὰρ

49 1721 170 1760 φανερῶς
185 1720 199 1748 ὁ
220 1718 314 1759 Νέρων
337 1718 408 1747 κατὰ
422 1716 520 1750 παντὸς
535 1719 617 1755 Θεοῦ,
644 1716 709 1757 φησὶ
723 1739 731 1753 ,
747 1721 844 1757 χωρεῖ,

48 1767 87 1799 ὡς
112 1766 230 1800 ἐκεῖνος,
256 1762 314 1792 οὖδὲ
342 1762 608 1802 ἆτι-ηρυθριασμένως.
637 1761 676 1791 ’³0
704 1761 731 1791 δὲ
754 1762 846 1802 λέγει,

49 1809 167 1839 τοιοῦτόν
182 1808 205 1826 ⁰¹
232 1808 288 1837 ἔστι
301 1819 308 1826 ·
328 1805 387 1846 Πρὸ
410 1809 456 1836 τοῦ
477 1806 600 1842 ἐνστῆναι
625 1805 668 1835 τὸν
686 1806 776 1846 καιρὸν
800 1810 847 1836 τοῦ

50 1854 257 1894 Ἀντιχρίστου,
275 1851 367 1891 εὑρέθη
393 1851 471 1884 ἄλλος
495 1852 524 1880 οὗ
544 1850 611 1881 πολὺ
631 1850 729 1880 ἐκείνου
755 1852 847 1881 λειπό-

50 1892 200 1937 μενοςξήτί
228 1892 272 1926 οὖν
299 1895 470 1934 θαυμαστὸν,
496 1896 518 1937 εἰ
551 1895 602 1932 ἤδη
628 1897 642 1924 ὁ
670 1895 848 1935 Ἀντίχριστός

50 1935 140 1980 ictu;
169 1940 408 1979 Συνεσκιασμένως
431 1940 459 1970 δὲ
486 1935 545 1969 εἶπε
566 1942 627 1980 περὶ
647 1942 692 1970 τοῦ
713 1940 847 1980 Νέρωνος,

48 1989 80 2018 οὗ
93 1987 138 2017 διὰ
155 1985 274 2017 δουλείαν
284 2009 293 2024 ,
307 1985 376 2015 ἀλλὰ
391 1984 524 2014 παιδεύων
539 1985 584 2014 καὶ
599 1988 688 2023 ἡμᾶς,
705 1984 742 2022 μὴ
756 1997 847 2024 περιτ-

48 2032 96 2066 τὰς
114 2032 208 2073 ἔχθρας
227 2031 415 2070 ἀναδέχεσθαι,
430 2029 493 2059 ὅταν
509 2024 618 2069 μηδὲνῇ
633 2029 663 2059 τὸ
679 2030 845 2069 κατεπεῖγον.

96 2089 112 2107 α
137 2076 225 2107 Μόνον
241 2078 255 2105 ὁ
267 2074 389 2114 κατέχων
405 2074 481 2114 ἄρτι,
506 2073 554 2108 ἕως
575 2075 604 2103 ἐκ
623 2073 705 2112 μέσου
723 2073 848 2112 γένηται,

54 2122 103 2152 καὶ
123 2121 184 2151 τότε
205 2120 458 2159 ἀποκαλυφθήσεται
484 2122 498 2149 ὁ
518 2119 626 2158 ἄνομος.
654 2129 668 2147 ι
686 2119 847 2158 Τουτέστιν,

46 2170 65 2203 ἡ
81 2166 154 2207 ἀρχὴ
166 2168 183 2202 ἡ
199 2165 340 2202 Ῥωμαῐκὴ
353 2163 415 2193 ὅταν
429 2165 496 2204 ἀρθῇ
515 2165 543 2193 ἐκ
563 2164 645 2203 μέσου
655 2185 663 2200 ,
677 2163 736 2193 τότε
751 2165 848 2207 ἐκεῖνος

902 1591 1040 1619 Neronem
1066 1592 1104 1619 ita
1120 1592 1248 1627 appellat,
1268 1592 1314 1628 qui
1336 1597 1395 1620 erat
1416 1593 1503 1628 ﬁgura
1527 1592 1700 1621 Antichristi.

901 1636 1010 1664 Etenim
1021 1636 1183 1664 immundus
1193 1641 1262 1669 erat,
1271 1645 1302 1665 ac
1315 1639 1389 1665 Deus
1399 1637 1540 1672 quaerebat
1553 1637 1700 1672 nominari,

903 1681 1020 1709 Pulchre
1034 1686 1138 1716 autem,
1157 1683 1327 1716 Mysterium,
1343 1681 1409 1710 dicit
1424 1691 1430 1710 :
1444 1689 1501 1710 non
1516 1682 1590 1710 enim
1610 1683 1702 1718 palam

901 1727 974 1753 Nero
994 1726 1125 1754 adversus
1140 1734 1253 1754 omnem
1267 1728 1357 1754 Deum
1370 1726 1480 1760 incedit,
1494 1731 1525 1754 ut
1540 1727 1594 1760 ille,
1614 1735 1702 1763 neque

902 1769 1084 1805 impudenter.
1113 1770 1194 1806 Quod
1217 1775 1310 1798 autem
1333 1771 1412 1804 dicit,
1439 1775 1481 1799 est
1508 1771 1666 1808 hujusmodi
1691 1781 1698 1800 :

901 1814 1065 1850 Priusquam
1076 1815 1191 1842 instaret
1205 1818 1314 1850 tempus
1326 1815 1501 1849 Antichristi,
1517 1816 1644 1843 inventus
1660 1819 1701 1843 est

902 1859 973 1887 alius
985 1859 1031 1886 illo
1047 1866 1103 1886 non
1116 1859 1205 1886 multo
1219 1859 1340 1887 inferior.
1361 1859 1432 1894 Quid
1446 1859 1528 1896 igitur
1545 1860 1660 1893 mirum,
1676 1860 1699 1889 si

897 1903 957 1940 jam
965 1902 1152 1931 Antichristus
1166 1907 1208 1931 est
1217 1904 1229 1931 Ρ
1238 1903 1363 1932 Obscnre
1376 1907 1469 1931 autem
1479 1903 1533 1931 hoc
1545 1904 1579 1932 de
1589 1905 1698 1933 Nerone

901 1947 978 1982 dixit,
992 1955 1049 1975 non
1063 1951 1154 1976 metus
1169 1956 1235 1976 sane
1248 1955 1341 1982 causa,
1363 1956 1457 1976 verum
1474 1952 1505 1976 ut
1517 1948 1626 1977 erudiat
1636 1956 1697 1982 nos,

903 2000 939 2020 ne
959 2000 1175 2028 supervacaneas
1197 1992 1357 2022 inimicitias
1374 1993 1570 2030 suscipiamus,
1593 1994 1617 2021 si
1631 1993 1700 2022 nihil

902 2041 1006 2074 urgeat.

941 2083 1058 2110 Tantum
1069 2083 1160 2119 utqui
1172 2085 1242 2110 tenet
1254 2091 1336 2114 nunc,
1355 2085 1453 2115 teneat,
1467 2083 1550 2111 donec
1563 2084 1595 2111 de
1612 2085 1701 2112 medio

901 2129 959 2162 ﬁat,
971 2130 996 2154 et
1011 2129 1073 2154 tunc
1082 2128 1246 2154 revelabitur
1263 2128 1309 2154 ille
1323 2129 1444 2162 iniquus.
1460 2129 1520 2155 Hoc
1535 2133 1587 2161 est,
1598 2129 1700 2156 Roma~

901 2179 968 2199 num
980 2171 1126 2207 imperium
1132 2172 1242 2208 quando
1257 2172 1395 2200 sublatum
1409 2172 1490 2201 fuerit
1498 2180 1513 2200 e
1524 2172 1626 2207 medio,
1640 2177 1700 2201 tum

46 2205 207 2248 ἥξειίδΈως
231 2209 278 2248 μὲν
298 2210 349 2249 γὰρ
362 2208 422 2254 avt
437 2207 535 2254 ταύτης
557 2209 604 2244 τῆς
617 2209 702 2254 ἀρχῆς
715 2208 794 2249 φόϐος
813 2205 847 2249 ᾖ,

940 2225 946 2244 ε
957 2205 1054 2245 veniet.
1071 2205 1201 2252 Quandiu
1209 2217 1285 2245 enim
1298 2217 1381 2254 hujus
1390 2217 1498 2253 imperii
1508 2218 1593 2246 timor
1605 2217 1699 2252 fuerit,

46 2256 133 2289 οὐδεὶς
155 2254 259 2295 ταχέως
284 2252 492 2293 ὑποταγήσεται.
516 2252 604 2283 ⁹¹Οταν
628 2253 655 2282 δὲ
672 2253 739 2289 αὕτη
763 2265 846 2283 κατα-

46 2302 134 2340 λυθῇ,
161 2299 319 2335 ἐπιθήσεται
388 2297 517 2338 ἀναρχία,
540 2298 585 2328 καὶ
611 2298 659 2334 τὴν
678 2299 731 2328 τῶν
747 2299 846 2339 ἀνθρώ-

46 2358 107 2375 πων
118 2369 126 2383 ,
140 2346 186 2375 καὶ
199 2344 248 2380 τὴν
264 2346 310 2373 τοῦ
327 2345 397 2375 Θεοῦ
413 2343 576 2383 ἐπιχειρήσει
596 2343 723 2383 ἁρπάζειν
747 2343 844 2384 ἀρχήν.

46 2390 157 2428 Ὥσπερ
182 2388 233 2428 γὰρ
248 2389 276 2418 αῖ
300 2388 351 2428 πρὸ
375 2387 472 2423 ταύτης
490 2387 674 2424 κατελύθησαν
695 2390 845 2428 βασιλεῖαι,

47 2431 103 2465 οἷον
117 2438 134 2471 ἡ
151 2434 255 2469 Μήδων
270 2433 321 2463 ὑπὸ
343 2434 395 2462 τῶν
416 2431 594 2462 Βαϐυλωνίων
604 2456 613 2472 ,
629 2435 646 2469 ἡ
669 2433 845 2463 Βαϐυλωνίων

46 2480 101 2510 ὑπὸ
117 2481 169 2509 τῶν
186 2480 310 2518 Περσῶν,
333 2481 347 2514 ἡ
364 2479 476 2516 Περσῶν
489 2477 539 2507 ὑπὸ
553 2477 735 2515 Μακεδόνων,
752 2482 769 2516 ἡ
783 2480 846 2509 Μα-

47 2524 162 2555 κεδόνων
186 2523 237 2553 ὑπὸ
270 2522 427 2561 Ῥωμαίων
454 2521 523 2552 οὕτω
552 2522 598 2552 καὶ
628 2522 696 2559 αὕτη
722 2523 773 2553 ὑπὸ
800 2526 845 2554 τοῦ

46 2568 240 2609 Ἀντιχρίστου.
264 2566 318 2597 Καὶ
337 2569 422 2596 ταῦτα
438 2566 506 2606 μετὰ
518 2567 619 2603 πολλῆς
634 2569 681 2604 τῆς
702 2568 846 2609 σαφηνείας

49 2617 113 2652 ἡμῖν
129 2616 143 2643 ὃ
155 2612 259 2649 Δανιὴλ
270 2611 453 2651 παρατίθεται.
470 2611 546 2645 Τινὲς
557 2611 583 2641 δὲ
595 2611 635 2648 τὸ,
650 2623 665 2641 α
681 2614 818 2654 Κατέχων,
827 2626 840 2644 ιι

47 2659 97 2695 τὴν
125 2656 345 2697 εἰδωλολατρείαν
368 2656 491 2692 ἐνόησαν.
510 2654 598 2687 Ὅταν
619 2656 683 2699 γὰρ,
709 2658 806 2699 φασὶν,
828 2662 845 2696 ἡ

83 2745 96 2758 ιι
112 2741 186 2773 Dan,
200 2746 235 2770 n,
253 2740 286 2766 37
301 2745 358 2774 sqq.

900 2269 956 2289 non
970 2260 1048 2289 facile
1066 2262 1209 2298 quisquam
1224 2261 1391 2298 subjicietur.
1413 2263 1454 2290 Eo
1469 2270 1534 2290 vero
1555 2262 1699 2297 dissoluto,

900 2313 984 2334 vacuo
999 2305 1171 2334 insidiabitur
1193 2306 1318 2342 imperio,
1342 2307 1421 2342 eique
1443 2306 1565 2340 instabit,
1590 2307 1701 2336 conabi-

898 2354 997 2387 turqne
1008 2358 1071 2378 cum
1093 2350 1250 2384 hominum,
1266 2355 1326 2379 tum
1351 2351 1403 2379 Dei
1418 2351 1569 2388 imperium
1594 2360 1700 2389 rapere.

899 2396 971 2423 Nam
985 2394 1095 2431 perinde
1108 2395 1192 2431 538
1206 2403 1239 2423 ac
1251 2396 1302 2423 alia
1313 2399 1379 2424 ante
1394 2395 1468 2424 istud
1481 2397 1595 2433 imperia
1610 2397 1699 2426 disso-

900 2440 955 2468 luta
983 2444 1057 2473 sunt,
1080 2440 1166 2468 veluti
1186 2439 1333 2468 Medorum
1351 2450 1365 2468 a
1388 2440 1556 2477 Babyloniis,
1583 2442 1701 2479 Babylo-

899 2484 1009 2513 niorum
1031 2492 1096 2513 vero
1120 2492 1136 2513 a
1164 2484 1263 2519 Persis,
1286 2486 1435 2514 Persarum
1450 2494 1465 2513 a
1491 2486 1701 2522 Macedonibus,

900 2529 1084 2558 Macedonum
1094 2537 1110 2557 a
1121 2529 1257 2557 Romanis
1271 2538 1278 2558 :
1292 2529 1367 2558 hunc
1377 2530 1412 2558 ad
1424 2530 1541 2559 modum
1552 2532 1700 2559 Romanun

900 2574 935 2602 ab
948 2574 1132 2602 Antichristo.
1147 2575 1238 2610 Atque
1252 2573 1312 2602 haec
1331 2575 1418 2603 multa
1431 2583 1495 2604 cum
1508 2575 1700 2611 perspicuitate

899 2619 996 2647 Daniel
1010 2619 1092 2647 nobis
1105 2615 1236 2655 proponit
1249 2624 1271 2647 ιι.
1292 2619 1414 2654 Quidam
1428 2627 1502 2653 vero,
1522 2620 1554 2648 1d
1565 2619 1635 2654 quod
1653 2619 1698 2647 de-

900 2664 980 2699 tinet,
1004 2663 1187 2693 idololatriam
1210 2664 1410 2693 intellexerunt.
1438 2665 1507 2693 Cum
1540 2663 1628 2698 enim,
1654 2663 1696 2691 in-

748 2775 842 2805 Variae
864 2776 1015 2805 lectiones.

83 2833 106 2850 5°
121 2834 201 2869 μάτην
215 2840 242 2860 ο.
277 2831 299 2849 ⁸⁸
313 2832 387 2859 τοῦτό
403 2839 430 2859 ο.
