1890 3077
174 173 240 201 1343

679 173 937 202 THEOPHYLACTI
956 174 1134 202 BULGARl/E
1153 174 1308 202 ARCHIEP.

1762 172 1833 199 i3“

171 235 280 270 quiunt,
306 242 383 263 error
416 235 462 271 qui
486 234 600 269 detinet,
624 235 746 270 desierit,
773 236 982 273 idolorumque,

1073 238 1171 277 ἔχουσα
1195 237 1284 274 πλάνη
1309 236 1456 272 παύσεται,
1484 236 1530 266 καὶ
1563 238 1581 272 ἡ
1614 235 1831 274 εἷδωλολατρεία

170 280 258 307 cultus
272 279 353 308 fuerit
367 280 527 314 exstinctus,
542 284 602 309 tum
628 281 817 310 Antichristus
835 281 971 315 adveniet,

169 323 406 361 quemadmodum
431 329 458 352 et
481 326 618 353 Dominus
643 325 712 354 dixit
737 336 745 354 :
772 327 972 354 Praedicabitur

172 370 349 403 Evangelium
363 370 410 397 hoc
434 371 464 397 in
480 372 659 398 testimonium
680 372 729 406 eis,
746 374 853 406 tumque
874 372 972 403 aderit,

172 415 236 449 ﬁm‘s
249 420 271 442 ν.
288 414 342 442 Alii
362 419 457 442 autem
477 415 503 443 id
526 414 601 451 quod
621 415 736 450 detinet,
753 416 802 444 Dei
822 417 972 444 terminum

172 459 359 487 nominarunt.
389 459 506 494 Quando
542 460 626 493 enim,
655 460 793 496 inquiunt,
820 461 974 496 completus

172 503 256 532 fuerit
283 503 417 531 terminus
439 504 498 538 Dei,
520 504 565 540 qui
588 513 663 532 nunc
684 504 791 533 detinet
811 505 972 533 Antichristi

174 548 335 582 adventum,
351 553 514 585 tempusque
531 549 569 577 illi
583 549 747 586 praeﬁnitum
762 550 900 584 institerit,
912 554 973 578 tum

173 592 345 621 revelabitur.
371 593 484 622 Dictum
502 598 545 622 est
557 598 662 628 autem,
676 595 822 622 nonnullos
839 602 971 628 asserere,

174 638 305 674 Spiritum
325 643 452 665 sanctum
465 645 526 666 esse
543 646 693 666 remoram.
709 639 826 674 Quando
841 639 915 667 enim
931 639 973 667 illc

175 686 285 718 propter
295 682 396 710 scelera
414 683 573 711 mortalium
584 691 599 711 e
608 683 700 712 medio
717 684 841 712 sublatus
849 683 930 712 fuerit
942 691 974 712 ac

174 726 311 761 defecerit,
328 727 404 755 locus
418 731 478 755 tum
508 727 679 764 relinquetur
705 729 807 764 iniquo,
830 732 861 756 ut
875 729 974 756 revele-

175 776 229 800 tur.
247 773 286 800 Ac
301 772 478 808 principium,
497 772 593 809 inquit,
608 773 724 808 sumpsit
745 773 905 809 mysterium
920 773 974 801 ini—

175 816 297 853 quitatis.
326 817 432 844 Etenim
460 817 557 846 Simon
581 822 608 845 et
634 817 762 846 Nicolaus
786 817 974 845 haeresiarchas

175 869 237 897 quae
260 861 417 889 Antichristi
441 866 519 889 erant
542 862 736 897 operabantur,
752 862 900 899 caeterique
924 862 976 890 hos

1028 282 1141 321 σεισθῇ,
1157 282 1216 311 τότε
1233 285 1248 312 ὃ
1264 281 1442 321 Ἀντίχριστος
1462 280 1656 316 ἰπιστήσεται,
1678 279 1715 312 ὥς
1732 291 1791 307 που
1807 278 1832 296 ’⁵

1027 327 1072 356 καὶ
1088 329 1102 356 ὁ
1126 327 1221 366 Κύριος
1235 321 1307 356 εἷπε·
1334 338 1348 355 (ι
1370 325 1581 366 Κηρυχθήσεται
1603 325 1636 354 τὸ
1660 322 1832 362 Εὐαγγέλιον

1027 372 1063 404 εἷς
1086 371 1229 412 μαρτύριον
1257 373 1358 407 αὖτοῖς,
1389 371 1435 400 καὶ
1462 370 1521 400 τότε
1551 369 1609 406 ἥξει
1641 369 1673 398 τὸ
1701 369 1791 401 τέλος.
1816 380 1831 396 ι

1026 415 1115 446 Ἄλλοι
1124 418 1163 452 δὲ,
1183 427 1197 445 ιι
1211 415 1351 456 Κατέχων,
1362 427 1377 445 ν
1393 416 1537 455 ὠνόμασαν
1547 415 1592 444 τὸν
1605 416 1654 444 τοῦ
1668 414 1745 443 Θεῶ
1763 412 1833 453 ὅρον.

1026 459 1114 491 Ὅταν
1130 461 1197 501 γὰρ,
1215 461 1300 501 φασὶ,
1316 462 1445 500 πληρωθῇ
1471 462 1486 489 ὁ
1502 463 1546 490 τῶ
1561 462 1635 490 Θεοῦ
1656 458 1735 499 ὅρος,
1753 460 1769 487 ὃ
1788 460 1833 486 νῦν

1028 506 1149 545 κατέχων
1163 506 1212 541 τὴν
1226 509 1271 535 τοῦ
1291 505 1470 545 Ἄντιχρίστου
1483 504 1633 545 παρουσίαν
1642 527 1650 539 ,
1664 504 1713 533 καὶ

1027 551 1196 590 ὁὼρισμένος
1228 551 1297 591 αὐτῷ
1323 550 1429 591 καιρὸς,
1465 551 1524 580 τότε
1558 548 1832 591 ἀποκαλυφθήσεται.

1031 595 1143 635 Εἴρηται
1159 596 1186 625 δὲ
1199 597 1240 624 δτι
1255 589 1301 624 xuii
1313 589 1426 633 Πνεῗμα
1444 595 1474 624 τὸ
1490 594 1565 632 ἅγιον
1581 590 1656 624 εἶπόν
1670 605 1745 625 τινες
1767 589 1835 621 εἶναι

1027 640 1057 668 τὸ
1076 640 1199 680 κατέχον.
1220 640 1308 671 Ὅταν
1322 641 1373 680 γὰρ
1390 643 1466 670 τοῦτο
1482 640 1524 669 διὰ
1541 639 1589 674 τὴν
1611 642 1664 668 τῶν
1682 638 1835 677 ἀνθρώπων

1028 685 1124 714 κακίαν
1153 686 1184 714 εκ
1208 685 1290 723 μέσου
1314 685 1423 724 γίνηται
1452 684 1499 714 καὶ
1529 686 1650 723 ἀποστῇ,
1678 685 1833 718 τηνικαῦτα

1027 729 1118 769 χώραν
1132 729 1184 764 ἕξει
1199 732 1213 759 ὃ
1232 730 1327 768 ἄνομος
1342 731 1573 770 ἀποκαλυφθῆναι.
1599 728 1656 758 Καὶ
1676 727 1768 767 ἀρχὴν
1792 727 1833 762 δὲ,

1028 774 1124 814 φησὶν,
1147 775 1238 815 εἴληφε
1266 775 1295 804 τὸ
1319 776 1464 813 μυστήριον
1489 776 1537 809 τῆς
1558 773 1679 812 ἀνομίας.
1700 772 1760 803 Καὶ
1782 771 1832 810 γὰρ

1029 818 1121 857 Σίμων
1144 820 1189 849 καὶ
1210 819 1342 853 Νικόλαος
1365 821 1390 849 οἱ
1417 819 1598 859 αἱρεσιάρχαι,
1620 818 1655 847 τὰ
1675 819 1725 847 τοῦ
1747 816 1832 846 Ἀντι-

1029 863 1139 903 χρίστου
1164 863 1307 903 ἐνήργουν,
1332 864 1377 893 καὶ
1393 866 1418 894 οἱ
1443 864 1511 902 μετα
1528 862 1634 896 τούτους
1658 863 1686 891 δὲ
1711 861 1830 898 πάντες,

176 906 261 934 secuti
274 914 379 940 omnes,
396 906 529 940 Marcion,
550 908 707 940 Montanus,
721 907 768 942 qui
781 907 902 943 seipsum
925 909 973 935 Pa-

1068 908 1160 948 ιρκίων
1175 909 1220 938 καὶ
1244 908 1398 945 Μοντανὸς,
1421 908 1449 942 ὃς
1464 908 1510 938 καὶ
1536 908 1721 948 Παράκλητον
1736 906 1830 935 ἑαυτὸν

175 951 308 979 racletum
329 951 496 986 nominavit,
518 955 546 979 et
560 953 654 980 Manes
676 956 758 988 atque
772 952 825 980 alii.
843 953 886 980 Tu
911 959 976 980 vero

176 995 229 1023 divi
243 995 357 1024 Joannis
380 996 569 1032 Chrysostomi
581 996 794 1030 enarrationem,
808 1004 856 1025 ceu
869 996 976 1025 veritati

178 1041 266 1077 magis
276 1049 440 1076 consonam,
452 1042 568 1078 suscipe.

213 1087 301 1114 Vsus.
328 1089 356 1114 8.
374 1087 456 1120 Quem
472 1088 602 1114 Dominus
626 1089 702 1114 Iesus
724 1088 862 1122 inter/[eiet
879 1088 978 1122 spiritu

178 1131 233 1159 oris
267 1132 321 1162 sui,
350 1134 375 1159 et
403 1131 523 1159 destruet
552 1132 734 1160 illustratione
763 1133 896 1159 adventus
922 1133 977 1159 sui.

179 1175 307 1204 Proxima
321 1179 362 1204 est
373 1176 523 1204 consolatio
538 1186 544 1204 :
565 1180 710 1205 consumet
721 1177 794 1204 enim
816 1176 908 1212 ipsum
923 1178 979 1205 Do-

178 1220 280 1248 minus.
293 1220 407 1248 Perinde
422 1220 496 1249 enim
511 1225 541 1249 ut
562 1221 632 1257 ignis
646 1221 730 1249 etiam
749 1225 814 1250 ante
828 1221 978 1249 adventum

177 1273 270 1299 suum,
281 1273 347 1293 cum
359 1265 451 1293 adhuc
465 1266 559 1302 procul
570 1265 661 1300 fuerit,
676 1266 803 1294 bestiolas
814 1269 909 1294 tamen
921 1270 978 1294 tor-

180 1320 243 1348 pere
255 1312 319 1340 l'acit
339 1312 514 1349 absumitque
539 1323 544 1341 :
562 1313 634 1341 hunc
651 1312 686 1342 ad
712 1312 830 1341 modum
851 1313 980 1341 Christus

179 1357 220 1385 vel
236 1358 296 1386 solo
312 1357 440 1394 imperio,
458 1358 514 1386 sive
530 1357 627 1386 afﬂatu
642 1358 758 1394 Spiritus
781 1358 869 1386 sancti
885 1358 978 1394 pleno,

178 1401 279 1430 delebit
297 1402 400 1437 ipsum,
423 1402 536 1438 soloque
550 1401 670 1430 adventu
695 1402 828 1436 abolebit,
852 1403 905 1430 hoc
927 1407 981 1436 est,

180 1447 295 1475 omnino
307 1447 477 1475 inefﬁcacem
492 1446 597 1476 reddet.
614 1447 671 1476 Ubi
689 1447 765 1476 enim
779 1447 854 1475 visus
874 1450 982 1475 tantum

182 1491 276 1527 luerit,
290 1492 368 1520 sistet
382 1491 583 1528 deceptionem.

218 1583 310 1610 Vens.
327 1585 353 1608 9.
376 1583 456 1617 Cujus
473 1582 606 1609 adventus
625 1584 663 1609 est
686 1582 831 1609 secundum
850 1583 981 1617 operatio-

182 1635 241 1654 nem
255 1628 374 1654 Sutanw.
396 1626 529 1660 Quisnam
551 1625 594 1653 ille
608 1626 654 1658 sit,
674 1633 725 1653 nos
741 1625 833 1659 docet,
848 1626 980 1654 nimirum

183 1671 268 1698 homo
282 1670 327 1705 qui
338 1671 466 1698 Satanam
475 1670 502 1698 in
512 1678 541 1698 se
554 1670 638 1698 habet
649 1674 808 1705 operantem
820 1679 867 1706 per
881 1671 980 1706 ipsum.

220 1716 252 1742 In
267 1715 341 1741 omni
354 1716 463 1746 virtute,
475 1717 499 1742 et
510 1715 606 1748 signis,
619 1717 643 1742 et
648 1715 785 1749 prodigiis
795 1716 980 1744 mendacibus.

185 1762 245 1789 Hoc
257 1764 309 1794 est,
324 1767 436 1788 omnem
462 1760 611 1797 potentiam
627 1768 683 1796 prae
698 1768 727 1789 se
750 1760 829 1792 feret.
845 1760 893 1789 sed
914 1761 982 1790 nihil

184 1805 238 1832 veri
249 1803 366 1836 habebit,
383 1805 475 1832 omnia
494 1812 559 1833 vero
576 1808 689 1841 propter
704 1805 897 1842 imposturam.
911 1809 982 1834 Pro-

185 1849 267 1883 digiis
287 1848 360 1876 enim
383 1849 564 1880 mendacibus,
586 1848 638 1877 hoc
657 1853 699 1877 est
726 1849 857 1883 mentitis,
882 1850 923 1878 vel
948 1850 983 1879 ad

185 1893 357 1922 mendacium
372 1893 533 1922 ducentibus
554 1901 602 1922 eos
623 1893 670 1930 qui
692 1894 820 1923 animum
832 1895 871 1923 eis
885 1894 982 1923 adver-

186 1942 255 1966 tunt.
275 1940 343 1966 Haec
356 1942 449 1966 autem
463 1938 586 1974 praedicit
604 1938 714 1973 Paulus,
728 1947 762 1967 ne
784 1939 950 1968 seducantur
964 1940 983 1967 ii

186 1983 233 2019 qui
250 1987 310 2012 tum
324 1983 420 2011 victuri
435 1987 510 2011 sunt.

223 2029 310 2056 VEBS.
325 2031 366 2055 10.
382 2030 416 2056 Et
427 2029 455 2055 in
466 2029 541 2055 omni
551 2028 706 2055 seductione
721 2029 878 2064 iniquitatis
892 2030 926 2056 iis
938 2031 985 2064 qui

182 2076 308 2108 pereunt.
329 2072 475 2100 Horribilis
495 2073 547 2100 erit
567 2072 690 2108 undique
705 2080 761 2108 pra:
786 2077 930 2108 potestate,
953 2082 984 2101 ex

186 2116 344 2145 crudelitate
353 2117 448 2144 omnia
465 2116 578 2150 faciens,
590 2121 620 2145 ut
635 2117 759 2153 imponat
768 2121 849 2153 atque
859 2117 986 2153 iniuriam

188 2161 343 2189 hominibus
353 2160 462 2195 inferat,
474 2161 590 2189 salutem
606 2161 728 2197 ipsorum
738 2166 855 2190 vastans.
869 2163 910 2190 Ne
923 2170 986 2190 vero

187 2206 249 2242 quis
267 2206 388 2242 ambigat
407 2206 500 2234 dicens
520 2215 527 2234 :
547 2206 603 2234 Cur
625 2213 675 2242 ego
698 2206 820 2242 permisit
835 2214 898 2234 eum
913 2208 987 2235 Deus

190 2251 292 2285 venire,
306 2251 390 2287 539
404 2259 469 2278 cum
485 2255 528 2278 tot
542 2251 728 2279 incommodis
742 2251 868 2279 homines
880 2251 935 2279 sint
944 2251 985 2279 af-

189 2295 312 2323 ﬁciendi?
335 2295 438 2328 subdit,
459 2297 498 2323 Ne
517 2299 624 2323 metuas
641 2305 647 2322 :
663 2295 690 2323 in
717 2296 893 2331 pereuntibus
913 2296 985 2324 enim

189 2339 268 2367 fortis
281 2343 333 2374 est,
348 2340 405 2376 qui,
421 2341 528 2368 etiamsi
544 2340 590 2368 ille
601 2348 658 2368 non
673 2340 838 2375 advenisset,
856 2340 985 2370 increduli

189 2387 281 2411 tamen
297 2385 468 2418 permansuri
490 2389 577 2412 erant.

225 2474 264 2500 Eo
281 2473 352 2507 quod
373 2474 530 2501 cha'ritatem
552 2475 674 2502 veritatis
694 2483 747 2502 non
768 2477 933 2510 receperunt,
957 2478 987 2503 ut

191 2517 246 2552 ipsi
274 2517 344 2544 salvi
370 2519 472 2552 ﬁerent.
507 2517 675 2546 Charitatem
700 2519 821 2547 veritatis
847 2519 987 2548 Christum

189 2561 304 2597 appellat
321 2571 327 2588 :
339 2564 486 2596 utrumque
498 2562 573 2589 enim
592 2566 660 2595 erat,
674 2566 702 2589 et
716 2568 827 2599 propter
841 2568 988 2600 utrumque

191 2604 309 2640 advenit,
335 2609 395 2633 tum
416 2605 477 2641 quia
491 2605 618 2641 diligeret
638 2606 776 2640 homines,
791 2612 851 2635 tum
865 2613 896 2635 ut
917 2609 988 2637 veri-

191 2653 275 2677 tatem
289 2649 516 2678 submonstraret.
531 2649 626 2677 Innuit
636 2654 738 2685 autem,
751 2652 824 2687 quod
838 2652 990 2689 plurimum

228 2721 241 2733 '
255 2717 348 2744 Matth.
366 2725 448 2751 xxxv,
465 2720 506 2745 14.

1029 952 1167 991 ὠνόμασε,
1182 953 1228 982 καὶ
1250 953 1361 991 Μάνης,
1374 953 1419 983 καὶ
1434 955 1458 982 οἱ
1473 953 1559 983 ἄλλοι,
1576 952 1658 982 Ἀλλὰ
1672 950 1707 980 σὺ
1721 950 1772 986 τὴν
1786 952 1830 980 τοῦ

1030 998 1057 1026 ἐν
1077 997 1160 1037 ἁγίοις
1174 998 1300 1029 Ἰωάννου
1318 998 1397 1038 δέχου
1422 997 1563 1037 ἐξήγησιν,
1578 997 1615 1031 ὣς
1635 996 1828 1035 ἀληθεστέραν.

1074 1099 1087 1115 ε
1110 1086 1164 1117 ’³ον
1187 1089 1202 1117 ὁ
1230 1087 1325 1128 Κύριος
1347 1087 1452 1123 Ἰησοῦς
1469 1086 1602 1116 ἀναλώσει
1622 1087 1663 1127 τῷ
1684 1085 1830 1123 Πνεύματι

1031 1134 1077 1161 τοῦ
1103 1132 1234 1170 στόματος
1270 1134 1370 1171 αὑτοῦ,
1403 1132 1449 1161 καὶ
1477 1130 1642 1170 καταργήσει
1735 1131 1832 1169 ἐπιφα-

1032 1177 1088 1215 νείᾳ
1119 1178 1167 1212 τῆς
1190 1177 1335 1216 παρουσίας
1365 1178 1454 1206 αὑτοῦ.
1481 1187 1496 1205 »
1527 1175 1624 1214 Ἐγγὺς
1648 1177 1666 1210 ἡ
1697 1186 1829 1214 παραμυ-

1032 1220 1092 1249 θία·
1105 1221 1237 1250 ἀναλώσει
1254 1221 1306 1261 γὰρ
1318 1221 1397 1250 αὐτὸν
1417 1223 1431 1250 δ
1445 1220 1552 1260 Κύριος.
1568 1220 1699 1259 Καθάπερ
1726 1219 1781 1258 γὰρ
1801 1218 1831 1247 τὸ

1032 1267 1085 1305 πῦρ
1110 1265 1155 1295 καὶ
1180 1265 1231 1305 πρὸ
1244 1268 1292 1300 τῆς
1315 1265 1464 1306 παρουσίας
1486 1266 1567 1295 αὐτοῦ
1586 1264 1742 1304 πόρρωθεν,
1759 1264 1831 1301 ὅμως

1033 1310 1066 1339 τὰ
1081 1310 1163 1349 μικρὰ
1188 1310 1291 1350 ζωῢφια
1315 1314 1414 1351 ναρχᾷν
1430 1313 1501 1340 ποιεῖ
1523 1309 1569 1339 καὶ
1585 1308 1735 1338 ἀναλίσκει·
1761 1307 1830 1337 οὕτω

1034 1354 1079 1383 καὶ
1093 1356 1107 1383 ὁ
1131 1355 1245 1395 Χριστὸς
1260 1357 1297 1395 τῷ
1320 1354 1481 1393 ἔπιτάγματι
1503 1355 1592 1394 μόνῳ,
1610 1353 1670 1390 ἤτοι
1686 1354 1726 1392 τῷ
1744 1353 1831 1392 ἐμφυ-

1035 1398 1151 1437 σήματι,
1188 1402 1227 1439 τῷ
1251 1399 1411 1438 Πνεύματος
1448 1399 1523 1438 ἆγίου
1551 1400 1677 1438 γέμοντι,
1705 1397 1833 1436 ἀφανίσῃ

1035 1443 1128 1480 αὐτὸν,
1149 1444 1194 1473 καὶ
1257 1444 1388 1485 παρουσίᾳ
1409 1443 1476 1483 μόνῃ
1491 1443 1670 1483 καταργήσει,
1689 1442 1814 1471 τουτέστι
1825 1465 1834 1479 ,

1036 1489 1170 1523 παντελῶς
1198 1489 1279 1528 ἀργὸν
1308 1488 1425 1525 ποιήσει.
1457 1488 1512 1519 Καὶ
1539 1488 1626 1528 φανεὶς
1655 1487 1706 1527 γὰρ
1733 1487 1836 1525 μόνον,

1033 1533 1125 1568 στήσει
1138 1533 1187 1569 τὴν
1203 1534 1320 1568 ἀπάτην.

1076 1589 1092 1606 α
1109 1574 1150 1608 OE
1176 1579 1247 1608 ἐστιν
1268 1580 1285 1614 ἡ
1305 1578 1438 1618 παρουσία
1466 1577 1536 1607 κατὰ
1563 1576 1611 1613 τὴν
1636 1576 1769 1616 ἐνέργειαν
1791 1579 1838 1605 τοῦ

1036 1624 1155 1654 Σατανᾶ.
1172 1634 1187 1652 ι)
1204 1623 1252 1657 Τίς
1267 1624 1336 1653 ἐστιν
1347 1618 1436 1661 οὗτος,
1451 1622 1568 1651 διδάσκει
1581 1623 1665 1659 ἡμᾶς,
1678 1621 1719 1650 ὅτι
1732 1621 1839 1662 ἄνθρω-

1035 1679 1083 1701 πος
1092 1667 1160 1707 ἔχων
1169 1667 1214 1697 τὸν
1224 1669 1346 1697 Σατανᾶν
1358 1668 1385 1696 ἔν
1392 1669 1491 1707 ἑαυτῷ,
1501 1668 1535 1696 δι’
1543 1667 1623 1696 αὐτοῦ
1632 1666 1791 1706 ἐνεργοῦντα
1800 1666 1836 1695 ³³.

1077 1724 1093 1740 ι
1120 1711 1167 1742 Ἐν
1192 1713 1266 1752 πάσῃ
1288 1712 1411 1750 δυνάμει,
1437 1711 1483 1741 καὶ
1507 1711 1642 1750 σημείοις,
1669 1710 1714 1739 καὶ
1738 1710 1837 1749 τέρασι

1035 1756 1155 1797 ψεύδους.
1188 1767 1202 1785 ))
1238 1756 1383 1792 Τουτέστι,
1412 1760 1502 1785 πᾶσαν
1526 1755 1683 1788 ἐπιδείξεται
1706 1754 1837 1792 δύναμιν,

1037 1802 1096 1830 ἀλλ’
1108 1801 1182 1831 οὐδὲν
1195 1801 1297 1837 ἀληθὲς,
1313 1801 1381 1830 ἀλλὰ
1393 1800 1482 1830 πάντα
1492 1800 1558 1840 πρὸς
1568 1800 1685 1835 ἀπάτην.
1708 1810 1722 1827 ιι
1730 1799 1838 1838 Τέρασι

1037 1845 1088 1884 γὰρ
1103 1845 1223 1886 ψεύδους,
1244 1857 1260 1875 ι)
1282 1845 1402 1875 τουτέστι
1424 1849 1476 1878 τοῖς
1491 1845 1696 1885 διεψευσμένοις,
1720 1843 1782 1879 ἤτοι
1802 1845 1837 1876 εἰς

1037 1891 1130 1930 ψεῦδος
1152 1890 1246 1929 ἄγουσι
1271 1889 1332 1924 τοὺς
1358 1890 1446 1923 αὐτοῖς
1473 1889 1661 1930 προσέχοντας.
1685 1890 1783 1918 Ταῦτα
1808 1889 1835 1917 δὲ

1037 1935 1161 1974 προλέγει
1178 1936 1283 1969 Παῦλος
1293 1958 1302 1973 ,
1317 1933 1361 1963 ἵνα
1377 1934 1415 1973 μὴ
1431 1935 1603 1969 ἀπατηθῶσιν
1617 1935 1642 1964 οἱ
1656 1933 1725 1963 τότε.

1082 1990 1097 2008 ιι
1116 1979 1168 2009 Καὶ
1188 1981 1214 2008 ἐν
1236 1979 1310 2018 πάσῃ
1326 1979 1419 2018 ἀπάτῃ
1434 1981 1482 2015 τῆς
1498 1978 1602 2012 ἀδικίας
1628 1979 1655 2006 ἐν
1670 1981 1723 2011 τοῖς
1745 1978 1833 2006 ἄπολ-

1037 2025 1169 2062 λυμένοις.
1197 2036 1212 2052 ι
1233 2023 1354 2063 Φοϐερὸς
1378 2023 1429 2063 γὰρ
1454 2022 1529 2052 ἔσται
1560 2023 1687 2052 πάντοθεν
1714 2022 1769 2051 ἀπὸ
1791 2025 1836 2057 τῆς

1038 2068 1166 2104 ἐξουσίας,
1184 2069 1237 2099 ἀπὸ
1252 2071 1298 2104 τῆς
1312 2068 1452 2106 ὠμότητος
1465 2067 1555 2096 πάντα
1578 2068 1660 2096 ποιῶν
1670 2090 1680 2107 ,
1699 2065 1742 2095 ἵνα
1766 2069 1836 2096 ἀπα-

1039 2114 1109 2153 τήσῃ
1140 2114 1186 2142 καὶ
1209 2113 1324 2154 ἀδικήσῃ
1357 2112 1417 2146 τοὺς
1446 2112 1614 2152 ἀνθρώπους,
1642 2110 1834 2150 λυμαινόμενος

1040 2158 1087 2194 τὴν
1104 2158 1238 2198 σωτηρίαν
1255 2159 1352 2188 αὐτῶν.
1367 2157 1427 2188 Ἵνα
1445 2157 1473 2187 δὲ
1489 2157 1527 2195 μή
1542 2169 1582 2190 τις
1599 2156 1724 2196 ἀπορήσῃ
1735 2156 1833 2195 λέγων·

1001 2219 1025 2251 D
1040 2202 1076 2233 Τί
1103 2198 1147 2232 οὖν
1175 2202 1358 2242 συνεχώρησεν
1390 2201 1468 2232 αὐτὸν
1489 2203 1504 2230 ὁ
1529 2201 1598 2235 Θεὸς
1619 2200 1832 2240 παραγενέσθαι,

1040 2247 1131 2283 ἐπειδὴ
1158 2248 1284 2285 μέλλουσι
1312 2249 1429 2276 τοσαῦτα
1459 2245 1595 2286 βλαϐῆναι
1621 2247 1645 2275 οἱ
1684 2247 1829 2285 ἄνθρωποις

1040 2292 1139 2331 φησὶν,
1161 2291 1201 2321 ὅτι
1217 2292 1263 2327 Μὴ
1288 2291 1420 2331 φοϐηθῇς·
1446 2292 1472 2320 ἐν
1491 2291 1545 2323 τοῖς
1572 2289 1764 2328 ἀπολλυμένοις
1785 2290 1832 2330 γὰρ

1041 2336 1142 2376 ἰσχύει,
1169 2335 1207 2373 οἳ,
1222 2337 1245 2365 εἰ
1267 2336 1312 2366 καὶ
1338 2335 1377 2374 μὴ
1404 2337 1500 2368 ἐκεῖνος
1523 2334 1697 2375 παρεγένετο,
1723 2334 1830 2373 ἔμελλον

1040 2381 1156 2415 ἀπειθεῖς
1169 2382 1314 2418 διαμεῖναι.

1083 2482 1098 2500 α
1120 2471 1188 2501 Ἀνθ⁹
1209 2466 1246 2500 ιῖιν
1273 2469 1322 2506 τὴν
1347 2469 1455 2509 ἀγάπην
1483 2471 1530 2505 τῆς
1558 2468 1683 2504 ἀληθείας
1704 2468 1751 2498 οὐκ
1775 2468 1831 2497 ἐδέ-

1042 2515 1118 2551 ξαντο
1142 2516 1177 2549 εἷς
1199 2515 1231 2544 τὸ
1248 2517 1365 2551 σωθῆναι
1390 2513 1496 2548 αὐτούς.
1524 2524 1539 2542 n
1569 2513 1687 2553 Ἀγάπην
1713 2513 1830 2548 ἀληθείας

1041 2561 1086 2590 τὸν
1101 2560 1216 2600 Χριστὸν
1232 2561 1323 2590 καλεῖ·
1340 2559 1478 2599 ἀμφότερα
1495 2557 1548 2598 γὰρ
1573 2553 1620 2594 ἦν,
1637 2558 1682 2587 καὶ
1702 2558 1735 2586 δι’
1751 2557 1827 2596 ἀμφό-

1043 2616 1105 2645 τερα
1121 2605 1293 2645 παρεγένετο,
1315 2604 1360 2634 καὶ
1383 2605 1495 2643 ἀγαπῶν
1524 2602 1583 2636 τοὺς
1599 2602 1762 2642 ἀνθρώπους,
1783 2601 1823 2630 καὶ

1042 2649 1086 2679 ἵνα
1113 2649 1162 2686 τὴν
1185 2649 1310 2686 ἀλήθειαν
1335 2647 1471 2688 ὑποδείξῃ.
1499 2647 1654 2678 Αἶνίττεται
1677 2646 1703 2676 δὲ
1720 2646 1759 2676 ὅτι
1777 2645 1825 2684 μά-

881 2769 976 2800 Vsriae
998 2771 1148 2800 lectiones.

232 2821 253 2838 ’³
265 2823 346 2856 ὥσπερ
360 2831 385 2852 ο.
424 2823 445 2841 ³³
458 2825 512 2851 καθ’
530 2825 559 2851 ὃν
573 2825 614 2850 καὶ
627 2824 724 2860 ἐνεργεῖ
733 2834 770 2854 m.
