1890 3077
54 186 118 213 1345

483 187 655 216 EXPOSITIO
675 188 707 216 IN
727 188 829 216 EPIST.
850 188 872 216 ΙΙ
891 189 936 216 ΑΙ)
955 189 1072 217 THESS.
1093 204 1128 210 ——
1146 189 1222 217 CAP.
1242 189 1275 216 ll.

1632 189 1698 217 1346

50 249 126 277 λιστα
141 247 207 287 πρὸς
220 247 246 266 ’³⁸
269 247 409 281 Ἰουδαίοις
425 248 529 289 ἰσχύσει
548 251 562 279 ὁ
583 250 695 284 πλάνος*
715 246 787 280 οὗτοι
802 250 853 291 γὰρ

937 251 1063 280 troboris
1077 251 1221 280 habiturus
1240 251 1376 287 impostor
1396 250 1441 278 ille
1460 249 1533 287 apud
1559 250 1673 279 Judaeos
1689 260 1696 278 :

51 292 95 320 οὐχ
115 291 238 326 ἐδέξαντο
263 292 308 322 τὸν
332 294 463 332 Χριστὸν,
493 293 553 324 οὔτε
579 295 739 324 ἐπίστευσαν
764 297 848 335 αὐτῷ.

50 337 134 366 Τοῦτο
148 335 202 376 γὰρ
217 336 266 366 καὶ
283 338 296 366 6
311 338 427 377 Χριστὸς
443 339 531 373 αὐτοῖς
546 339 632 378 λέγει’
653 349 667 368 ιι
680 339 755 378 Ἐγὼ
770 335 850 376 ἦλθον

51 383 75 410 ἔν
99 382 137 420 τῷ
173 381 290 419 ὀνόματι
329 385 375 412 τοῦ
404 383 512 422 Πατρός
541 395 610 421 μου,
647 383 693 413 καὶ
721 385 770 414 οὐκ
793 384 849 414 ἐδέ-

51 424 126 460 ξασθέ
140 437 190 462 με·
207 425 255 455 ἐὰν
273 426 352 461 ἄλλος
372 426 435 466 ἔλθῃ
451 428 477 456 ἐν
492 429 530 468 τῷ
552 428 611 469 ἰδίῳ
625 428 754 468 ὀνόματι,
779 430 852 459 ἐχεῖ-

50 481 88 498 νον
104 470 234 510 λήψεσθε.
254 482 269 498 ι

92 526 106 559 ιι
131 515 185 545 Καὶ
203 514 250 545 διὰ
266 517 343 545 τοῦτο
359 515 460 556 πέμψει
480 517 568 551 αὐτοῖς
590 519 604 547 6
629 518 697 552 Θεὸς
721 518 852 559 ἐνέργειαν

51 558 164 595 πλάνης,
197 560 236 593 εἷς
264 559 296 590 τὸ
329 563 469 591 πιστεῦσαι
494 561 587 596 αὖτοὺς
623 564 660 602 τῷ
694 562 794 603 ψεύδει.
832 574 847 592 n

54 603 171 645 Πέμψει,
188 604 249 633 ἀντὶ
266 607 331 641 τοῦ,
351 605 546 646 παραχωρήσει
569 606 647 637 αὐτὸν
665 608 758 638 ἐλθεῖν.
776 607 851 648 Ὅρα

52 648 91 684 δὲ,
106 649 146 678 δτι
162 650 274 689 πρῶτον
289 650 384 679 ἐκεῖνοι
406 651 550 680 ἀπώσαντο
574 651 622 687 τὴν
639 651 782 690 ἀλήθειαν,
806 653 852 681 καὶ

54 693 110 723 τότε
125 693 306 732 ἐγκατέλιπεν
326 694 420 728 αὐτοὺς
432 697 446 724 6
469 695 554 731 Θεὸς,
575 697 620 725 καὶ
640 696 786 736 ἐκράτησεν
802 698 852 726 αὖ-

53 740 102 767 τῶν
125 738 156 768 τὸ
172 739 283 778 ψεῦδος.
302 750 316 768 ε
333 738 486 779 Ἐνέργιιαν
510 739 537 769 δὲ
559 740 674 778 πλάνης,
687 752 702 770 n
731 743 764 771 τὰ
787 741 852 781 ἔργα

54 782 130 823 φησὶν
152 783 355 824 Ἀντιχρίστου,
379 784 395 813 a
412 785 484 814 ποιεῖ
498 784 533 818 εἰς
553 785 585 814 τὸ
600 787 747 822 πλανῆσαι·
769 785 785 822 ἢ
807 786 853 815 καὶ

56 827 130 857 αὐτὸν
155 831 253 858 τοῦτον
278 828 303 846 ⁰⁵
323 828 404 862 οὕτως
427 828 576 868 ὠνόμασεν,
601 830 784 870 ἐνεργούμενον
803 831 854 860 ὕπὸ

55 874 96 901 τοῦ
113 873 240 912 Σατανᾶ,
257 872 302 902 διὰ
313 873 344 902 τὸ
356 874 491 909 πλανῆσαι
506 874 630 908 πολλούς.

95 928 110 946 ε
136 916 199 948 Ἵνα
224 919 339 956 κριθῶσι
366 917 463 952 πάντες
492 919 516 948 οἱ
544 918 582 957 μὴ
609 918 798 954 πιστεύσαντες

56 961 182 1004 ἀληθείᾳ,
211 962 274 992 ἀλλ’
299 962 488 999 εὐδοκήσαντες
514 964 540 992 ἐν
622 964 724 1004 ἀδικία.
751 976 766 993 n
796 967 854 995 Οὐκ

57 1001 142 1043 εἶπεν,
154 1001 220 1037 Ἵνα
239 1008 392 1037 κολασθῶσι
408 1007 470 1047 (καὶ
486 1007 537 1048 γὰρ
551 1001 596 1038 καλ
610 1011 656 1038 τοῦ
676 1001 857 1050 Ἀντιχρίστου

57 1050 91 1088 μὴ
118 1052 254 1091 ἐλθόντος,
285 1051 398 1091 ἔμελλον
424 1051 450 1070 ⁹⁶
479 1054 642 1089 κολασθῆναι
662 1054 691 1094 οἱ,
703 1055 856 1094 ἀπειθεῖς),

59 1097 134 1133 ἀλλ’,
160 1094 241 1133 Ἵνα,
264 1097 342 1137 φησὶ,
362 1099 570 1136 κατακριθῶσιν,
585 1097 653 1128 ὥστε
676 1093 742 1128 εἶναι
764 1099 858 1133 αὐτοὺς

59 1141 286 1179 ἀναπολογήτους.
307 1142 343 1172 Τί
366 1141 417 1181 γὰρ
448 1142 479 1171 ἂν
503 1143 614 1179 εἴποιεν,
636 1143 677 1173 ὅτι
702 1144 753 1174 Διὰ
782 1147 858 1174 τοῦτο

59 1185 104 1214 οὐκ
124 1186 324 1224 ἐπιστεύσαμεν
346 1188 384 1226 τῷ
400 1187 530 1227 Χριστῷ,
557 1187 622 1217 διότι
645 1188 714 1218 Θεὸν
731 1188 808 1218 αὐτὸν
834 1190 857 1218 οἱ

60 1230 175 1266 μαθηταὶ
207 1230 356 1271 ἐκήρυξαν,
389 1233 467 1269 ἡμεῖς
493 1231 520 1261 δὲ
555 1231 724 1271 ἠκούσαμεν,
756 1232 796 1262 ὅτι
822 1229 859 1266 εἷς

60 1274 140 1312 Θεὸς,
164 1274 192 1310 ἐξ
213 1270 245 1304 οὗ
268 1275 302 1305 τὰ
328 1275 434 1313 πάντα;
458 1277 522 1309 Πῶς
545 1272 590 1306 οὖν
616 1270 793 1308 ἐπιστεύσατε
820 1279 858 1316 τῷ

61 1317 232 1360 Ἃντιχρίστῳ
271 1319 341 1350 Θεὸν
374 1320 466 1350 ἑαυτὸν
501 1324 634 1358 ποιοῦντις
668 1321 703 1352 ⁸0
736 1321 784 1360 μὲν
808 1322 859 1362 γὰρ

61 1363 171 1403 Χριστὸς
191 1367 231 1406 τῷ
249 1365 337 1405 Πατρὶ
358 1365 446 1395 πάντα
467 1365 597 1402 ἀνετίθει,
618 1362 691 1400 οὗτος
703 1366 732 1396 δὲ
753 1368 860 1397 τούναν-

62 1407 124 1439 τίον.
157 1409 242 1440 Ἀλλὰ
267 1409 411 1450 φήσουσιν,
440 1408 480 1439 ὅτι
506 1411 613 1449 Σημεῖα
639 1411 752 1449 εἴδομεν.
779 1411 859 1442 Ἀλλὰ

63 1453 105 1482 καὶ
122 1453 166 1484 ἐπὶ
179 1458 228 1484 τοῦ
246 1455 365 1495 Χριστοῦ
385 1455 477 1494 γέγονε
492 1455 578 1484 πολλὰ
593 1455 638 1484 καὶ
655 1456 770 1495 μεγάλα.
789 1456 860 1487 Καί-

65 1509 100 1527 τοι
128 1500 142 1528 6
171 1499 220 1538 μὲν
246 1499 361 1538 Χριστὸς
391 1499 487 1540 Σωτὴρ
522 1499 681 1540 ἐκηρύττετο
706 1501 780 1540 παρὰ
809 1503 860 1530 τῶν

62 1545 219 1583 προφητῶν
249 1540 322 1578 οὗτος
357 1543 401 1579 δὲ,
426 1544 479 1578 υἱὸς
506 1544 617 1583 ἀνομίας
644 1545 690 1575 χαὶ
719 1545 860 1579 ἀπωλείας.

65 1587 113 1617 Διὰ
128 1591 216 1619 ταῦτα
240 1589 497 1628 κατακριθήσονται,
512 1588 554 1618 ὅτι
573 1589 621 1625 τὴν
638 1591 763 1626 ἀλήθειαν
779 1590 860 1631 ἀφέν-

65 1643 119 1669 τες,
141 1635 304 1672 εὖδόκησαν,
328 1633 478 1672 τουτέστιν,
504 1632 656 1674 ἠρέσθησαν
673 1635 718 1664 καὶ
732 1635 861 1675 προσετέ-

67 1678 144 1712 θησαν
160 1679 288 1717 ἀσμένως
302 1680 336 1719 τῇ
351 1677 450 1718 ἀδικίᾳ,
465 1678 604 1714 τουτέστι,
622 1680 659 1718 τῷ
675 1681 801 1716 λυμεῶνι,
824 1681 862 1720 τῷ

67 1725 151 1751 πᾶσαν
173 1722 281 1752 ἀδικίαν
305 1722 375 1752 κατὰ
390 1724 441 1752 τῶν
458 1722 628 1762 ἀνθρωπίνων
643 1725 736 1764 ψυχῶν
755 1724 862 1754 ἐπισυν-

69 1767 212 1807 αγαγόντι,
228 1769 267 1808 τῷ
281 1767 442 1808 αὐτόχρημα
458 1767 548 1796 ἀδικία
563 1766 626 1797 ὄντι.

109 1822 123 1839 α
138 1811 235 1851 Ἡμεῖς
255 1812 282 1841 δὲ
308 1812 447 1852 ὀφείλομεν
471 1813 635 1852 εὐχαριστεῖν
654 1814 692 1853 τῷ
713 1813 776 1853 Θεῷ
797 1813 863 1842 πάν-

69 1865 123 1884 τοτε
143 1857 205 1897 περὶ
223 1858 297 1894 ὑμῶν
310 1878 318 1893 ,
336 1857 444 1897 ἀδελφοὶ
456 1857 623 1895 ἠγαπημένοι
644 1857 694 1886 ὑπὸ
712 1858 821 1897 Κυρίου.
845 1869 860 1886 n

70 1868 123 1884 τοτε
143 1868 205 1897 περι
223 1868 297 1894 ῡμων
310 1878 318 1893 ,
336 1868 399 1885 αοεΛ
420 1869 444 1885 οι
456 1868 623 1895 ηγαπημενοι
644 1868 694 1886 οπο
712 1868 821 1897 λυριου.
845 1869 860 1886 ν

70 1898 178 1937 Ἐπειδὴ
194 1900 297 1942 φοϐερά
322 1913 382 1931 τινα
397 1868 455 1930 ἕπε
475 1901 520 1931 καὶ
546 1901 679 1939 δυνάμενα
705 1905 863 1932 κατασεῖσαι

69 1944 182 1975 διάνοιαν
201 1947 324 1986 ἀκρατῆ,
349 1949 393 1975 νῦν
413 1945 511 1975 λεαίνει
527 1945 573 1979 τὰς
594 1946 715 1986 καρδίας,
732 1947 862 1976 διδάσκων

68 1987 106 2017 ὅτι
123 1991 219 2020 Ταῦτα
236 1989 283 2029 μὲν
300 1989 388 2024 ἄλλοις
405 1990 525 2021 ἔστωσαν
539 1990 650 2030 φοϐερὰ,
666 1995 720 2024 τοῖς
744 1992 864 2020 ἀπολλυ-

71 2033 166 2073 μένοις,
191 2037 250 2064 καθ’
274 2030 310 2064 ὧν
334 2035 379 2065 καὶ
403 2036 553 2075 ἷσχύουσιν·
581 2036 658 2074 ἡμεῖς
675 2036 701 2064 δὲ
722 2035 863 2076 ὀφείλομεν

70 2078 235 2119 εὐχαριστεῖν
249 2083 286 2120 τῷ
301 2081 365 2120 Θεῷ
389 2080 449 2120 περὶ
465 2082 556 2118 ὑμῶν,
581 2079 621 2109 ὅτι
645 2080 781 2119 ἐξελέγητε
789 2103 799 2119 ,
823 2081 865 2110 ὅτι

70 2124 226 2161 ἠγαπήθητε
242 2125 292 2153 ὑπὸ
307 2126 389 2154 Θεοῦ.
417 2125 449 2154 Εῑ
465 2126 492 2154 δὲ
514 2126 590 2162 ἡμεῖς
605 2123 671 2164 ὑπὲρ
686 2125 759 2162 ὑμῶν
783 2126 863 2165 εὔχα-

71 2171 217 2208 ρισιοῧμεν,
233 2170 325 2210 πολλῷ
347 2170 448 2208 μᾶλλον
464 2169 537 2208 ὖμεῖς
552 2172 629 2199 τοῦτο
644 2170 762 2210 ὀφείλετε
779 2175 863 2199 ποιεῖν

73 2211 110 2252 ἐφ’
125 2215 188 2252 ὑμῖν
205 2215 302 2248 αὐτοῖς.

869 947 892 979 Β

114 2269 129 2287 (ι
142 2256 208 2289 Ὅτι
233 2257 318 2289 εἵλετο
332 2260 401 2297 ὑμᾶς
426 2260 440 2288 ὁ
456 2258 525 2292 Θεὸς
540 2258 588 2288 ἀπ’
615 2259 700 2298 ἀρχῆς
721 2260 758 2292 εἰς
780 2270 867 2295 σωτη-

74 2300 129 2340 ρίαν
144 2304 170 2333 ἐν
185 2305 310 2344 ἁγιασμῷ
331 2305 489 2343 Πνεύματος
499 2325 508 2339 ,
531 2303 576 2332 καὶ
591 2304 678 2332 πίστει
695 2303 829 2339 ἀληθείας.
847 2315 862 2333 ι)

74 2346 123 2375 Διὰ
137 2351 213 2377 τοῦτο
228 2349 446 2388 εὐχαριστοῦμεν,
463 2348 503 2378 ὅτι
521 2347 656 2382 ἐξελέξατο
674 2350 744 2385 ὑμᾶς
760 2350 774 2377 ὃ
784 2348 865 2385 Θεὸς,

75 2390 118 2420 καὶ
142 2392 289 2433 προώρισεν
309 2395 344 2426 εἷς
366 2392 516 2432 σωτηρίαν,
546 2391 652 2428 ἀξίους,
677 2391 780 2428 δηλαδὴ
798 2404 866 2433 πρε)-

74 2435 156 2472 γνούς.
173 2439 253 2474 Πῶς
272 2449 287 2467 (ι
302 2437 349 2468 Ἐν
365 2438 490 2477 ἁγιασμῷ
507 2436 674 2474 Πνεύματος·
686 2447 700 2466 n
719 2436 866 2476 τουτέστιν,

74 2476 194 2512 Ἔσωσεν
209 2484 288 2521 ὑμᾶς,
303 2476 414 2521 ἁγιάσας
428 2476 531 2512 διὰντοῢ
547 2481 711 2520 Πνεύματος.
731 2477 809 2518 Εἶτα,
823 2481 867 2511 ἵνα

76 2524 151 2561 μήτις
165 2527 227 2566 εἴπῃ
237 2539 244 2545 '
260 2527 296 2558 Τί
311 2523 354 2557 οὖν
367 2537 376 2566 ;
391 2526 467 2565 ἡμεῖς
483 2525 557 2556 οὐδὲν
580 2526 783 2566 εἷσηνέγκαμεν;
800 2527 868 2556 ἐπά-

76 2579 131 2607 γει·
148 2583 163 2599 α
181 2572 236 2602 Καὶ
250 2571 339 2602 πίστει
362 2570 486 2608 ἀληθείας
500 2582 507 2589 ·
532 2582 546 2600 ι
567 2570 716 2608 τουτέστιν,
741 2570 867 2610 Ἦγίασεν

77 2616 144 2651 ἡμᾶς
167 2616 413 2658 προεισενεγχόντας
447 2615 535 2645 πίστιν
565 2615 703 2652 ἀληθείας,
734 2615 867 2646 τουτέστιν

78 2659 205 2696 ἀληθινῶν
222 2662 399 2701 πραγμάτων.
416 2661 457 2691 Οὐ
472 2660 523 2700 γὰρ
538 2660 646 2701 ψεύδεσί
665 2672 733 2691 τισιν
749 2660 869 2690 ἐπιστεύ-

79 2713 173 2743 σαμεν,
197 2706 266 2736 ἀλλὰ
282 2708 315 2746 τῇ
331 2704 442 2746 ἀληθείᾳ
466 2706 545 2746 αὐτῇ.
573 2705 628 2736 Καὶ
647 2705 732 2739 ἄλλως
749 2705 794 2742 δὲ,
812 2706 868 2735 δευ-

120 2760 216 2788 'Joan.
233 2768 264 2794 v,
280 2763 324 2788 43.

904 296 942 324 illi
963 296 1037 324 enim
1060 305 1118 324 non
1150 300 1309 332 receperunt
1327 295 1479 328 Christum,
1501 302 1589 331 neque
1602 295 1696 324 credi—

904 340 1006 369 derunt
1025 341 1061 375 ei,
1081 340 1107 368 id
1128 340 1203 377 quod
1227 340 1351 369 Christus
1369 339 1408 368 eis
1425 339 1509 368 dicit:
1525 342 1581 376 Ego
1594 341 1655 368 veni
1669 341 1699 367 in

904 387 1012 413 nomine
1035 386 1125 413 Patris
1146 386 1207 417 mei,
1223 387 1247 412 et
1261 393 1314 412 non
1333 385 1484 419 suscepistis
1511 392 1562 412 me.
1580 385 1610 413 Si
1625 385 1697 412 alius

904 431 1004 458 venerit
1018 431 1046 458 in
1060 431 1166 458 nomine
1178 437 1236 461 suo,
1250 430 1331 456 istum
1340 430 1471 464 recipietis
1483 434 1506 457 ι.

940 520 1029 548 Vsus.
1048 521 1091 547 tt.
1117 520 1151 547 Et
1167 520 1226 547 ideo
1250 520 1336 546 mittet
1357 519 1411 546 illis
1436 520 1508 546 Deus
1527 520 1703 554 operationem

904 565 1013 596 erroris,
1028 567 1058 592 ut
1070 565 1125 599 ipsi
1137 564 1248 592 credant
1268 563 1419 591 mendacio.
1441 563 1542 597 Mittet,
1557 571 1617 598 pro,
1631 563 1704 591 sinet

904 608 994 645 ipsum
1007 608 1109 636 venire.
1122 607 1321 636 Animadverte
1336 611 1440 641 autem,
1460 607 1534 643 quod
1545 607 1596 642 ipsi
1613 607 1703 643 primo

906 653 1055 689 repulerint
1078 653 1238 687 veritatem,
1265 657 1293 680 et
1320 657 1381 680 tum
1405 656 1499 688 postea
1524 651 1634 688 reliquit
1659 659 1706 680 eos

904 699 988 733 Deus,
1003 706 1034 726 ac
1050 698 1222 726 dominatum
1236 701 1277 725 est
1292 697 1320 725 in
1334 705 1383 725 eos
1401 697 1587 725 mendacium.
1604 697 1706 732 Operm

906 744 1002 771 tionem
1023 747 1116 771 autem
1131 744 1229 770 erroris
1251 750 1335 778 opera
1359 741 1522 769 Antichristi
1537 746 1626 776 vocat,
1641 750 1703 778 quas

907 787 972 815 facit
996 791 1026 816 ut
1045 787 1163 823 decipiat
1187 796 1194 815 :
1215 787 1255 815 vel
1276 786 1354 814 illum
1374 786 1464 822 ipsum
1488 785 1527 814 sic
1551 786 1706 815 nominavit

907 836 1015 860 motum
1025 836 1053 860 et
1063 833 1197 868 agitatum
1208 840 1224 860 a
1235 832 1345 865 Satana,
1357 834 1389 858 ut
1403 830 1507 859 multos
1520 831 1643 859 seducat.

943 923 1032 951 Vsus.
1055 925 1096 949 12.
1122 923 1155 950 Ut
1164 922 1323 957 judicentur
1350 928 1438 948 omnes
1452 921 1500 955 qui
1521 928 1575 948 non
1591 921 1708 949 credide-

909 970 972 994 runt
986 968 1103 998 veritati,
1117 967 1162 994 sed
1175 968 1363 994 consenserunt
1379 966 1528 1000 iniquitati.
1552 967 1614 994 Non
1628 965 1706 1000 dixit,

910 1013 952 1040 Ut
978 1011 1125 1047 puniantur
1142 1011 1220 1047 (nam
1245 1010 1352 1038 etiamsi
1376 1010 1562 1039 Antichristus
1583 1018 1641 1038 non
1663 1018 1707 1038 ve-

911 1056 1008 1090 nisset,
1035 1055 1167 1084 increduli
1193 1054 1322 1091 puniendi
1338 1059 1415 1083 erant
1428 1057 1446 1090 ),
1463 1063 1560 1083 verum
1578 1056 1621 1084 Ut
1641 1062 1708 1083 con-

911 1100 1087 1136 demnentur,
1102 1099 1200 1136 inquit,
1220 1103 1250 1128 ut
1268 1100 1324 1127 sint
1339 1099 1391 1136 ipsi
1403 1099 1610 1128 inexcusabiles.
1637 1099 1710 1134 Quid

912 1145 985 1173 enim
1004 1145 1137 1179 dicerent,
1160 1145 1305 1180 Propterea
1330 1152 1387 1172 non
1402 1143 1567 1172 credidimus
1588 1143 1709 1178 Christo,

913 1189 986 1225 quod
995 1189 1120 1226 discipuli
1129 1197 1193 1218 eum
1209 1190 1298 1217 Deum
1309 1189 1492 1225 praedicarim,
1504 1196 1555 1216 nos
1564 1193 1654 1217 autem
1665 1196 1712 1216 au-

911 1234 1033 1263 divimus
1045 1242 1132 1262 unum
1142 1241 1201 1262 esse
1214 1235 1314 1267 Deum,
1323 1242 1355 1262 ex
1371 1242 1425 1270 quo
1437 1233 1551 1262 omnia?
1561 1233 1708 1270 Quomodo

913 1279 996 1315 igitur
1020 1279 1173 1308 credidistis
1199 1278 1381 1312 Antichristo,
1409 1278 1457 1314 qui
1479 1279 1599 1314 seipsum
1619 1280 1710 1307 Deum

912 1323 1001 1352 facit?
1011 1324 1135 1352 Christus
1147 1324 1222 1352 enim
1235 1323 1312 1352 Patri
1326 1323 1422 1351 omnia
1435 1322 1571 1351 referebat
1582 1327 1711 1359 accepta:

914 1368 959 1396 hic
983 1377 1046 1396 vero
1077 1377 1091 1396 ε
1113 1368 1231 1397 diverso.
1257 1367 1309 1396 Sed
1335 1367 1441 1402 dicent,
1465 1368 1548 1404 Signa
1572 1368 1631 1404 ejus
1651 1376 1712 1404 per-

914 1413 1065 1450 speximus.
1073 1413 1157 1449 Atqui
1168 1421 1215 1449 per
1227 1413 1367 1442 Christum
1381 1412 1450 1441 facta
1463 1417 1528 1441 sunt
1534 1413 1618 1441 etiam
1629 1413 1713 1441 multa

915 1462 942 1485 et
965 1465 1074 1494 magna.
1095 1457 1179 1494 Atqui
1202 1457 1328 1486 Christus
1345 1457 1458 1494 quidem
1477 1458 1604 1486 Servator
1619 1466 1635 1486 ει
1649 1465 1712 1494 pro-

915 1501 1004 1538 phetis
1026 1502 1228 1538 praedicabatur
1256 1513 1262 1530 :
1288 1502 1339 1530 iste
1367 1510 1444 1535 vero,
1472 1502 1544 1530 ﬁlius
1567 1501 1714 1538 iniquitatis

917 1551 943 1575 et
968 1547 1103 1575 interitus.
1138 1547 1217 1575 Hanc
1243 1547 1279 1575 ob
1304 1555 1417 1574 causam
1445 1546 1714 1580 condemnabuntur,

918 1591 1052 1628 quoniam
1074 1592 1216 1620 veritatem
1235 1591 1418 1625 dimittentes,
1437 1595 1648 1626 consenserunt,
1663 1591 1716 1620 hoc

915 1641 966 1670 est,
986 1636 1088 1672 placuit
1102 1636 1152 1670 eis,
1168 1644 1200 1664 ac
1222 1636 1348 1665 lubenter
1361 1636 1461 1664 addicti
1483 1641 1548 1664 sunt
1562 1636 1715 1672 injustitiaa,

917 1681 970 1709 hoc
1001 1685 1043 1709 est
1067 1681 1209 1716 vastatori,
1250 1688 1362 1709 omnem
1391 1681 1552 1717 injustitiam
1587 1680 1717 1709 adversus

918 1726 1077 1754 mortalium
1104 1726 1215 1754 animos
1241 1725 1397 1761 adducenti,
1424 1726 1471 1762 qui
1495 1726 1586 1762 reipsa
1611 1730 1654 1754 est
1678 1726 1718 1754 in-

912 1770 1028 1806 justitia.

916 1815 1040 1850 ,gLVsss.
1063 1817 1106 1843 13.
1122 1816 1176 1843 Nos
1196 1817 1287 1842 autem
1301 1815 1427 1842 debemus
1443 1816 1548 1849 gratias
1567 1823 1644 1849 agere
1661 1818 1717 1843 Deo

917 1867 1020 1895 semper
1036 1867 1086 1895 pro
1105 1860 1190 1891 vobis,
1199 1860 1303 1893 fratres
1313 1860 1405 1887 dilecti
1417 1868 1434 1886 a
1445 1861 1563 1888 Domino.
1579 1860 1647 1895 Quia
1663 1859 1718 1888 for-

918 1904 1054 1932 midabilis
1066 1904 1196 1940 quadam
1205 1903 1324 1938 dixerat,
1338 1908 1367 1932 et
1381 1911 1442 1940 qua!
1454 1909 1567 1940 possent
1578 1905 1717 1933 inﬁrmum

916 1950 1042 1978 animum
1060 1953 1220 1983 concutere,
1236 1956 1310 1977 nunc
1325 1948 1435 1985 mitigat
1452 1949 1536 1977 corda
1549 1957 1657 1983 eorum,
1670 1949 1719 1978 do-

918 2002 983 2022 cens
1007 1993 1083 2030 quod
1110 1993 1166 2022 licit
1189 1994 1248 2022 haec
1274 1993 1337 2022 aliis
1362 1993 1472 2030 quidem
1498 1994 1627 2022 terribilia
1651 1993 1717 2027 sint,

919 2046 1019 2074 nempe
1032 2039 1065 2066 iis
1089 2039 1137 2074 qui
1157 2042 1284 2075 pereunt,
1306 2037 1453 2066 adversum
1471 2046 1540 2075 quos
1554 2039 1638 2067 etiam
1659 2039 1718 2075 plu-

919 2083 1020 2111 rimum
1036 2083 1135 2118 valent,
1150 2091 1201 2112 nos
1220 2091 1284 2112 vero
1296 2083 1429 2112 debemus
1447 2083 1546 2119 gratias
1559 2091 1640 2120 agere
1660 2085 1719 2112 Deo

918 2136 969 2165 pro
983 2128 1072 2162 vobis,
1087 2127 1162 2164 quod
1176 2128 1253 2156 electi
1265 2128 1333 2163 sitis,
1349 2128 1423 2164 quod
1433 2128 1527 2157 dilecti
1544 2128 1603 2156 sitis
1617 2137 1632 2157 a
1644 2130 1714 2156 Deo.

922 2173 949 2201 Si
964 2177 1057 2202 autem
1071 2181 1122 2201 nos
1134 2181 1184 2209 pro
1197 2173 1272 2201 vobis
1286 2173 1388 2210 gratias
1401 2173 1521 2209 agimus,
1534 2173 1618 2209 540
1633 2173 1720 2201 multo

923 2217 1009 2254 magis
1021 2225 1070 2246 vos
1084 2217 1154 2246 istuc
1165 2218 1254 2246 facere
1265 2217 1346 2246 decet
1359 2225 1409 2253 pro
1419 2217 1495 2246 vobis
1509 2218 1590 2254 ipsis.

959 2264 1091 2297 Quoniam
1112 2263 1189 2297 elegit
1209 2270 1254 2290 vos
1278 2264 1347 2290 Deus
1365 2271 1386 2290 α
1402 2263 1536 2298 principio
1555 2263 1592 2290 ad
1607 2263 1721 2291 salutem

922 2308 951 2334 in
965 2308 1174 2343 sanctiﬁcatione
1192 2308 1320 2343 Spiritus,
1342 2309 1367 2335 et
1378 2307 1431 2342 ﬁde
1444 2308 1574 2335 veritatis.
1589 2308 1669 2336 Hanc
1686 2307 1722 2336 ob

922 2360 981 2380 rem
996 2352 1096 2388 gratias
1110 2351 1227 2388 agimus,
1249 2351 1311 2388 quia
1336 2351 1418 2388 elegit
1431 2359 1480 2379 vos
1500 2353 1587 2388 Deus,
1609 2356 1637 2380 et
1651 2360 1723 2388 prat-

921 2396 1065 2424 destinavit
1085 2396 1119 2424 ad
1142 2396 1270 2430 salutem,
1293 2404 1356 2424 cum
1385 2395 1483 2432 dignos
1508 2396 1634 2425 videlicet
1652 2405 1724 2433 prte-

922 2441 1028 2469 scisset.
1047 2442 1195 2476 Quomodo
1207 2443 1219 2468 ?
1233 2442 1266 2468 In
1290 2442 1499 2477 sanctiﬁcatione
1512 2442 1633 2477 Spiritus
1649 2452 1658 2470 :
1672 2443 1725 2471 hoc

923 2490 974 2521 est,
988 2485 1106 2514 servavit
1124 2493 1182 2519 vos.
1196 2485 1371 2513 sanctiﬁcans
1386 2493 1434 2522 per
1447 2486 1592 2522 Spiritum.
1609 2486 1723 2521 Deinde,

922 2539 958 2559 ne
978 2530 1040 2567 quis
1063 2530 1146 2564 dicat,
1170 2529 1244 2566 Quid
1264 2529 1345 2558 inde?
1372 2530 1474 2559 nihilne
1495 2539 1546 2560 nos
1560 2531 1726 2559 attulimus?

923 2575 1024 2609 subdit,
1048 2577 1082 2604 Et
1105 2575 1158 2611 ﬁde
1183 2576 1316 2608 veritatis,
1339 2575 1367 2604 id
1396 2580 1447 2609 est,
1473 2575 1655 2604 Sanctiﬁcavit
1673 2583 1726 2603 nos

924 2620 970 2657 qui
997 2620 1139 2649 attulimus
1168 2619 1255 2649 ﬁdem
1290 2620 1424 2655 veritatis,
1449 2619 1501 2648 hoc
1532 2625 1574 2648 est
1597 2627 1723 2652 verarum

924 2673 1028 2693 rerum.
1038 2666 1100 2694 Non
1111 2665 1186 2693 enim
1201 2665 1348 2694 mendaciis
1359 2664 1529 2702 quibusdam
1550 2664 1632 2693 ﬁdem
1645 2663 1725 2692 adhi-

924 2710 1043 2744 buimus,
1069 2710 1116 2739 sed
1133 2710 1237 2739 veritati
1262 2709 1322 2746 ipsi.
1344 2711 1489 2744 Praeterea,
1513 2708 1639 2739 secundae
1663 2708 1726 2736 ﬁdei

767 2795 860 2825 Variae
883 2795 1037 2827 lectiones.

112 2843 131 2860 ⁹⁸
146 2845 201 2882 παρ’
214 2854 244 2874 o.
285 2844 306 2862 ⁸⁵
319 2843 416 2871 ἐκεῖνον
432 2852 459 2872 0.
497 2843 520 2861 ’⁸
529 2843 639 2870 ὤφειλον
653 2851 681 2872 ο.
