1890 3077
179 199 247 226 1347

685 201 937 230 THEOPHYLACTI
958 202 1135 231 BULGARHI
1155 203 1310 231 ARCHIEP.

1761 207 1828 234 i368

176 261 313 293 meminit.
341 261 564 298 quandoquidem
593 266 621 291 et
645 267 707 299 post
727 265 967 294 sanctiﬁcationem

1064 277 1105 299 ηις
1130 266 1247 304 ἐμνήσθη
1276 268 1322 302 τῆς
1348 266 1480 302 πίστεως,
1506 267 1599 303 ἐπειδὴ
1623 268 1671 297 καὶ
1698 267 1767 306 μετὰ
1786 268 1827 296 τὸν

175 305 253 342 copia
267 305 325 342 ejus
334 306 516 343 indigeamus,
533 316 566 336 ne
575 310 779 340 concutiamur.

211 399 300 427 Vnns.
320 402 364 432 14.
386 400 433 428 Ad
454 401 525 435 quod
548 404 650 431 vocavit
663 411 708 431 vos
727 413 779 439 per
795 405 972 439 Evangelium

175 446 306 478 nostmm,
322 445 352 472 in
362 447 567 480 acquisitionem
579 449 671 482 glorite
688 450 796 477 Domini
808 451 897 477 nostri
909 451 973 478 Iesu

176 489 285 517 Christi.
301 489 340 516 Ne
355 489 498 518 audientes
513 491 607 526 ﬁdem,
627 493 793 522 extollantur
807 494 878 530 apud
901 502 971 527 sese,

173 533 249 569 quasi
263 533 313 570 ipsi
328 533 403 562 illam
424 535 592 571 attulissent;
613 546 670 566 non
691 538 852 574 simpliciter
865 539 918 568 hoc
931 539 973 567 di-

173 578 269 613 mittit,
276 586 370 606 verum
381 578 434 607 hoc
441 580 535 614 etiam,
542 581 643 617 inquit,
654 584 705 611 Dei
712 588 764 612 est.
776 584 818 612 Ad
825 584 877 612 hoc
884 585 969 618 enim,

173 622 272 658 inquit,
298 623 404 652 vocavit
423 632 480 652 vos.
497 625 541 653 Ad
567 626 638 655 hoc?
652 628 749 663 quale?
765 630 803 657 Ut
822 629 968 657 servemini

173 675 222 703 per
245 668 490 697 sanctiﬁcationem
515 675 542 698 et
561 670 653 699 ﬁdem.
672 673 791 701 Proinde
811 674 860 702 etsi
881 674 967 702 credi—

172 712 260 746 distis,
274 713 358 748 gratia
373 713 399 741 id
415 715 537 742 vocantis
560 720 609 744 est.
628 717 685 744 Nisi
701 719 775 746 enim
793 727 841 754 per
855 719 967 747 verbum

172 757 245 793 quod
271 758 474 793 praedicavimus
489 759 578 792 vobis.
598 767 721 790 vocasset
737 771 796 797 vos,
816 763 969 800 quomodo,

172 809 277 838 quaeso,
299 802 486 832 audivissetisi‘
507 806 563 833 Nec
582 806 710 842 exiguam
724 807 773 835 sibi
791 807 908 844 gloriam
923 816 968 836 sn—

171 847 256 874 lutem
268 851 386 875 vestram
401 848 525 877 Christus
532 849 690 879 arbitratur.
705 852 799 880 Gloria
815 852 889 880 enim
903 853 967 881 boni

171 895 222 924 est,
246 892 345 920 multos
372 900 431 921 esse
457 893 502 929 qui
529 900 682 923 servantur.
709 896 778 932 Quis
803 897 884 933 igitur
911 906 965 925 non

170 935 264 972 diliget
277 937 359 964 talem
386 938 556 966 Dominum?
577 940 638 975 quis
661 948 716 968 non
731 941 795 969 velit
809 942 891 978 hujus
905 942 967 979 glo-

169 981 249 1014 riam,
265 981 322 1009 sive
335 989 413 1010 suam
427 982 511 1017 ipsius
523 983 657 1013 salutem?

205 1026 296 1054 Vens.
322 1030 363 1054 15.
384 1029 488 1063 Itaque,
512 1030 625 1062 fratres,
640 1032 718 1064 state,
733 1039 765 1058 ac
781 1034 867 1060 tenete
880 1033 967 1060 tradi-

171 1072 263 1105 tiones,
282 1079 350 1106 quas
364 1072 451 1099 edocti
461 1073 528 1101 estis
540 1074 596 1101 sive
607 1082 656 1109 per
677 1083 834 1111 sermonem,
850 1079 905 1105 sive
918 1086 967 1113 per

169 1116 318 1150 Epistolam
331 1119 462 1145 nostram.
478 1117 527 1145 Vel
544 1118 608 1146 hinc
627 1120 804 1156 perspicuum
829 1125 870 1149 est
893 1122 965 1157 quod

168 1160 295 1196 pleraque
309 1163 391 1189 etiam
412 1162 469 1190 sine
491 1163 600 1199 scriptis
616 1172 663 1199 per
681 1172 852 1199 sermonem,
869 1166 897 1194 id
924 1171 965 1195 est

168 1205 226 1234 viva
239 1213 314 1240 voce,
329 1206 501 1241 tradiderint,
526 1212 555 1236 et
568 1216 624 1236 non
638 1209 729 1237 solum
753 1218 801 1245 per
822 1211 959 1247 epistolas.

168 1251 299 1279 Similiter
312 1255 402 1280 autem
415 1256 442 1280 et
454 1251 512 1280 hac
528 1257 556 1281 et
566 1253 610 1281 illa
623 1253 676 1282 ﬁde
688 1254 768 1290 digna
782 1259 856 1284 sunt.
871 1257 966 1293 Itaque

167 1299 194 1323 et
209 1295 335 1324 Ecclesiae
354 1295 531 1324 traditionem
552 1297 604 1326 ﬁde
627 1298 739 1334 dignam
758 1300 960 1329 existimemus.

165 1340 289 1369 Traditio
307 1345 348 1368 est
369 1350 376 1368 :
393 1341 461 1369 nihil
482 1342 600 1377 amplius
614 1350 730 1378 quazras.
755 1344 859 1372 [ndicat
872 1350 963 1373 autem

166 1386 209 1414 hic
223 1386 325 1414 multos
338 1393 396 1414 esse
406 1390 570 1414 commotos.

202 1431 292 1459 Vsus.
315 1433 357 1464 l6,
384 1434 426 1458 11.
442 1432 503 1466 Ipse
515 1434 604 1459 autem
629 1433 758 1460 Dominus
780 1437 870 1462 noster
887 1436 963 1463 Iesus

166 1476 299 1508 Christus,
312 1479 338 1503 et
353 1477 422 1503 Deus
444 1479 468 1503 et
489 1477 571 1504 Pater
593 1479 692 1511 noster,
715 1479 765 1513 qui
787 1479 887 1506 dilexit
903 1488 959 1511 nos,

166 1523 190 1547 et
204 1521 279 1548 dedit
292 1521 497 1548 consolationem
524 1523 652 1549 aeternam
672 1524 696 1549 et
720 1531 793 1558 spem
815 1524 910 1551 bonam
933 1526 960 1551 in

1029 311 1162 349 ἇγιασμὸν
1189 312 1289 347 πολλῆς
1314 313 1393 347 αὐτῆς
1421 312 1531 350 δεόμεθα
1557 311 1601 341 ἵνα
1626 312 1664 351 μὴ
1695 324 1823 353 παρασα-

1027 355 1172 393 λευθῶμιν.

1070 411 1085 428 α
1117 401 1162 434 Εἰς
1197 399 1210 429 ὃ
1239 401 1363 430 ἐκάλεσεν
1399 402 1468 440 ὑμᾶς
1499 401 1542 431 διὰ
1572 404 1620 431 τοῦ
1656 402 1824 440 Εὖαγγελίου

1027 445 1117 482 ἡμῶν,
1145 445 1181 479 εἷς
1217 446 1386 485 περιποίησιν
1420 446 1496 482 δόξης
1532 448 1579 475 τοῦ
1611 446 1714 486 Κυρίου
1746 448 1825 484 ἡμῶν

1026 488 1116 525 Ἰησοῦ
1136 489 1267 529 Χριστοῦ.
1281 501 1297 519 ι
1313 488 1373 521 Ἵνα
1395 490 1432 528 μὴ
1449 490 1609 524 ἀκούσαντες
1622 491 1727 526 πίστιν,
1744 492 1826 530 ἔπαρ-

1026 535 1105 563 θῶσιν
1139 536 1174 567 ὡς
1201 534 1248 564 καὶ
1275 535 1351 564 αὐτοὶ
1379 537 1632 574 συνεισαγαγόντες,
1664 535 1723 564 οὐδὲ
1751 539 1826 565 τοῦτο

1026 578 1135 618 ἀφίησιν
1159 579 1262 615 ἁπλῶς,
1288 579 1358 609 ἀλλὰ
1376 580 1536 617 καὶτοῦτο,
1561 580 1643 621 φησὶ,
1668 583 1717 610 τῶ
1741 581 1823 610 Θεοῦ.

1027 623 1072 656 Εἷς
1095 626 1172 653 τοῦτο
1193 624 1246 664 γὰρ
1269 625 1394 655 ἐκάλεσεν
1419 626 1505 662 ὑμᾶς,
1535 625 1627 666 φησίν.
1660 626 1709 658 Εἷς
1732 627 1822 660 τοῦτο,

1024 671 1098 697 ποῖον
1106 678 1114 705 ;
1143 669 1190 701 Εἰς
1213 669 1243 698 τὸ
1268 671 1384 705 σωθῆναι
1411 669 1454 698 διὰ
1479 672 1526 698 τοῦ
1550 669 1687 708 ἆγιασμοῦ
1705 669 1752 700 καὶ
1779 671 1823 704 τῆς

1025 712 1149 746 πίστεως.
1164 713 1252 743 Ὥστε
1265 715 1314 743 κᾶν
1327 713 1512 750 ἐπιστεύσατε,
1524 717 1541 750 ἡ
1552 714 1629 755 χάρις
1637 717 1683 743 τοῦ
1695 713 1825 744 καλέσαν-

1024 769 1076 790 τος.
1098 759 1129 787 Εἰ
1145 758 1181 795 μὴ
1197 757 1249 798 γὰρ
1262 758 1306 788 διὰ
1321 761 1366 788 τοῦ
1381 759 1458 798 λόγου
1478 759 1520 776 ⁸⁸*
1535 761 1610 797 ἡμῶν
1622 760 1734 789 ἐκάλεσε
1745 781 1752 795 ,
1767 761 1823 792 πῶς

1024 800 1056 830 ἂν
1072 801 1223 841 ἠκούσατες
1239 804 1280 834 Οὐ
1301 802 1395 843 μικρὸν
1412 803 1439 832 δὲ
1455 805 1532 833 τοῦτο
1547 804 1583 837 εἷς
1599 803 1677 838 δόξαν
1697 805 1820 842 ἡγεῖται,

1023 845 1071 882 τὴν
1095 848 1225 887 ὑμετέραν
1251 848 1397 888 σωτηρίαν,
1424 849 1438 876 ὃ
1462 847 1586 888 Χριστός.
1611 847 1683 882 Δόξα
1699 848 1750 888 γὰρ
1774 851 1819 877 τοῦ

1023 891 1137 928 ἀγαθοῦ,
1161 892 1191 921 τὸ
1206 887 1409 926 πολλοὺςνεδαι
1435 887 1498 926 τοὺς
1509 893 1685 927 σωζομένους.
1703 893 1753 926 Τίς
1778 888 1820 922 οὖν

1021 936 1067 964 οὐκ
1087 937 1220 974 ἀγαπήσει
1242 940 1358 966 τοιοῦτον
1379 936 1533 974 Δεσπότηνς
1548 938 1586 970 τίς
1603 938 1633 967 οὗ
1650 937 1758 973 θελήσει
1773 937 1819 973 τὴν

1020 979 1097 1014 δόξαν
1112 982 1206 1011 τούτου
1216 1005 1223 1016 ,
1241 981 1302 1018 ἤτοι
1314 982 1362 1018 τὴν
1379 983 1474 1012 ἑαυτοῦ
1489 982 1642 1023 σωτηρίαν;

1062 1036 1075 1052 ε
1100 1024 1165 1065 Ἄρα
1186 1023 1247 1063 οὖν,
1272 1026 1397 1067 ἀδελφοὶ,
1420 1027 1532 1063 στήκετε
1554 1026 1601 1057 καὶ
1615 1027 1740 1067 κρατεῖτε
1772 1026 1818 1060 τὰς

1019 1070 1196 1109 παραδόσεις,
1224 1071 1254 1104 ἃς
1283 1071 1456 1112 ἐδιδάχθητε,
1491 1071 1544 1101 εἴτε
1573 1071 1616 1100 διὰ
1645 1071 1737 1110 λόγον,
1767 1071 1817 1100 εἴτε

1019 1114 1052 1142 δι’
1067 1115 1228 1151 Ἐπιστολῆς
1245 1117 1330 1154 ἡμῶν.
1355 1127 1370 1144 ιι
1395 1117 1545 1146 Κάντεῦθεν
1561 1118 1639 1151 δῆλον
1650 1140 1659 1153 ,
1676 1116 1716 1146 ὅτι
1730 1115 1815 1146 πολλᾶ

1019 1158 1064 1187 καὶ
1089 1160 1214 1200 ἀγράφως
1229 1160 1272 1190 διὰ
1287 1161 1366 1199 λόγου
1379 1183 1387 1196 ,
1413 1160 1533 1190 τουτέστι
1548 1160 1620 1199 ζώσῃ
1634 1163 1722 1200 φωνῇ,
1746 1172 1816 1199 παρ-

1021 1203 1158 1240 εδίδοσαν,
1180 1206 1210 1234 οὐ
1236 1205 1315 1243 μόνον
1339 1205 1373 1234 δι’
1394 1206 1551 1236 ἐπιστολῶν.
1581 1205 1697 1243 Ὁμοίως
1723 1205 1750 1234 δὲ
1771 1206 1817 1234 καὶ

1019 1251 1103 1277 ταῦτα
1127 1250 1237 1279 κάκεῖνα
1254 1249 1405 1284 ἀξιόπιστα.
1430 1249 1518 1279 Ὥστε
1533 1250 1578 1280 καὶ
1602 1250 1651 1286 τὴν
1668 1249 1814 1290 παράδοσιν

1017 1295 1064 1329 τῆς
1102 1295 1267 1331 Ἰίκκλησίας
1302 1294 1455 1329 ἀξιόπιστον
1484 1294 1630 1334 ἡγούμεθα.
1666 1294 1817 1335 Παράδοσίς

1018 1338 1089 1367 ἐστι·
1106 1339 1188 1376 μηδὲν
1214 1339 1295 1369 πλέον
1320 1339 1402 1375 ζήτει.
1418 1339 1542 1369 Δείκνυσι
1558 1339 1585 1369 δὲ
1609 1341 1724 1370 ἐνταῦθα
1749 1341 1817 1369 πολ-

1017 1382 1077 1416 λοὺς
1091 1383 1169 1417 ὄντας
1183 1383 1244 1417 τοὺς
1257 1384 1539 1424 παρασαλευομένους.

1060 1439 1074 1455 α
1090 1429 1170 1462 Αὐτὸς
1191 1429 1218 1458 δὲ
1241 1431 1254 1458 ὁ
1280 1429 1378 1469 Κύριος
1401 1431 1476 1468 ἡμῶν
1495 1431 1599 1464 Ἰησοῦς
1619 1428 1754 1469 Χριστὸς,
1769 1429 1817 1459 καὶ

1017 1475 1031 1502 ὁ
1051 1472 1120 1506 Θεὸς
1145 1474 1190 1503 καὶ
1219 1473 1315 1514 Πατὴρ
1337 1475 1432 1512 ἡμῶν,
1459 1475 1472 1503 ὁ
1495 1474 1638 1513 ἀγαπήσας
1653 1477 1742 1511 ἡμᾶς,
1771 1473 1818 1503 καὶ

1015 1516 1072 1551 δοὺς
1106 1518 1276 1558 παράκλησιν
1305 1519 1413 1548 αἰωνίαν
1444 1518 1489 1548 καὶ
1527 1519 1622 1548 ἐλπίδα
1651 1519 1753 1557 ἀγαθὴν
1791 1520 1818 1548 ἐν

164 1567 264 1599 gratia,
285 1566 432 1593 consoletur
447 1565 529 1592 corda
543 1569 642 1598 vostra,
666 1569 690 1593 et
715 1569 851 1602 conﬁrmet
865 1577 909 1596 vos
934 1571 960 1596 in

1064 1574 1125 1600 ›ιτι,
1147 1564 1334 1602 παρακαλέσαι
1359 1565 1434 1602 ὑμῶν
1456 1563 1503 1596 τὰς
1522 1563 1650 1602 καρδίας,
1676 1564 1722 1592 καὶ
1748 1575 1818 1599 στη-

163 1611 236 1637 o-mm'
250 1618 327 1644 opere
347 1613 371 1637 et
386 1618 506 1636 sermone
529 1610 601 1637 bono.
626 1610 859 1640 Adhortationem
873 1613 961 1641 oratio

163 1654 269 1689 excipit.
293 1655 353 1681 Hoc
371 1654 444 1681 enim
457 1661 520 1681 vere
538 1658 578 1682 est
592 1662 751 1683 succurrere
769 1664 775 1683 :
802 1657 913 1692 perinde
929 1666 961 1691 ac

162 1698 184 1726 si
206 1697 290 1731 dicat,
309 1699 366 1734 Ego
377 1697 488 1734 quidem
510 1698 574 1732 dixi,
589 1703 618 1726 at
633 1703 724 1727 totum
748 1701 806 1728 Deo
817 1706 960 1737 acceptum

162 1742 337 1771 referendum
349 1747 399 1770 est.
412 1743 468 1771 Ubi
479 1746 641 1771 suntautem
648 1743 695 1780 qui
710 1744 807 1773 Filium
817 1750 960 1782 propterea

163 1788 339 1822 imminuunt,
353 1787 427 1824 quod
440 1787 468 1815 in
482 1787 647 1824 baptismate
667 1792 728 1824 post
741 1790 850 1818 Patrem
866 1792 956 1819 nomi-

162 1834 262 1860 netur?
284 1834 353 1860 Ecce
378 1833 452 1861 enim
477 1832 521 1860 hic
544 1833 685 1861 diversum
707 1833 824 1863 habetur
852 1846 858 1864 :
886 1836 960 1871 prius

161 1877 233 1905 enim
252 1877 403 1905 nominavit
417 1877 527 1905 Filium.
544 1878 596 1911 Qui
611 1878 697 1910 dedit,
713 1878 813 1915 inquit,
835 1881 960 1908 consola-

162 1923 260 1950 tionem
271 1925 408 1950 (sternam.
425 1922 540 1957 Qualem
555 1922 642 1950 hanc?
663 1923 756 1958 Spem,
774 1924 872 1960 inquit,
891 1924 962 1953 l'utu-

159 1974 265 1996 rorum.
290 1969 356 1996 Hec
377 1967 450 1995 enim
473 1971 515 1995 est
540 1966 621 2002 54],
652 1975 715 2003 quae
739 1968 857 1997 sustinet
878 1970 960 1998 corda

159 2016 252 2040 nostra
265 2011 293 2040 in
307 2011 502 2040 tentationibus
516 2011 683 2046 decidentis,
699 2012 857 2041 futurorum
879 2013 961 2043 bono-

158 2065 221 2085 rum
245 2064 317 2093 spes.
337 2056 423 2085 Dedit
444 2060 536 2084 autem
552 2055 624 2084 hanc
636 2056 716 2084 nobis
733 2058 813 2092 Deus,
838 2066 894 2086 non
909 2067 960 2095 pro

158 2101 296 2130 laboribus
310 2100 421 2134 nostris,
436 2108 531 2129 verum
544 2108 579 2129 ex
592 2101 689 2137 gratia.
706 2102 767 2130 Hoc
779 2107 873 2131 autem
883 2103 958 2139 dixit,

159 2151 190 2175 ut
200 2146 312 2174 illorum
323 2146 430 2174 animos
441 2146 582 2182 reprimat.
604 2146 728 2174 Observa
749 2150 840 2175 autem
858 2156 953 2184 quem-

158 2190 311 2220 admodum
335 2190 387 2220 sub
411 2190 497 2218 forma
516 2190 683 2226 precationis
705 2195 827 2220 mentem
848 2192 958 2221 illorum

1018 1606 1086 1646 ρίξαι
1101 1609 1170 1644 ὑμᾶς
1186 1608 1213 1636 ἐν
1229 1608 1309 1638 παντὶ
1332 1607 1402 1649 ἔργῳ
1425 1608 1470 1637 καὶ
1494 1608 1565 1648 λόγῳ
1578 1609 1681 1648 ἀγαθῷ.
1699 1621 1713 1635 ν
1736 1609 1818 1638 Μετᾶ

1017 1651 1064 1687 τὴν
1080 1653 1247 1692 παραίνεσιν,
1268 1652 1343 1693 εὐχή.
1369 1654 1457 1683 Τοῦτο
1483 1652 1535 1692 γάρ
1553 1654 1625 1682 ἔστιν
1650 1652 1731 1686 ὄντως
1752 1655 1820 1692 βοη-

1018 1697 1085 1726 θεῖν·
1099 1699 1133 1730 ὡς
1149 1697 1180 1726 ἂν
1201 1699 1224 1726 εἰ
1239 1700 1316 1728 τοῦτο
1337 1698 1442 1737 ἔλεγεν·
1461 1697 1534 1736 Ἐγὼ
1558 1697 1607 1736 μὲν
1627 1693 1713 1733 εἶπον,
1738 1697 1773 1726 τὸ
1790 1698 1819 1727 δὲ

1015 1745 1068 1770 πᾶν
1083 1744 1128 1771 τοῦ
1143 1742 1214 1772 Θεοῦ
1233 1743 1299 1773 ἐστι.
1318 1744 1374 1772 Ποῦ
1394 1741 1423 1772 δέ
1447 1743 1513 1772 εἰσιν
1528 1744 1552 1772 οἱ
1573 1742 1618 1772 τὸν
1643 1741 1707 1772 Υἷὸν
1730 1743 1818 1772 ἔλατ-

1015 1789 1126 1821 τοῦντες,
1144 1787 1234 1822 ἐπειδή
1255 1789 1281 1816 ἐν
1304 1788 1343 1828 τῷ
1365 1787 1536 1826 βαπτίσματι
1552 1787 1620 1825 μετὰ
1634 1787 1678 1815 τὸν
1703 1787 1818 1827 Πατέρα

1014 1831 1188 1869 ὃνομάζεται;
1218 1831 1287 1861 Ἰδοὺ
1321 1832 1372 1872 γὰρ
1396 1833 1508 1861 ἐνταῦθα
1544 1832 1697 1861 τούναντίον
1731 1832 1814 1862 ἔστί·

1015 1876 1139 1916 πρότερον
1156 1876 1208 1915 γὰρ
1225 1876 1349 1916 ὠνόμασε
1371 1876 1416 1905 τὸν
1439 1876 1512 1906 Υἱόν.
1529 1888 1543 1905 ι
1556 1877 1639 1912 Δοὺς,
1657 1876 1734 1916 φησὶ,
1760 1888 1817 1906 πα-

1016 1919 1143 1959 ράκλησιν
1165 1920 1285 1952 αἷωνίαν.
1302 1932 1317 1950 ι)
1341 1920 1425 1951 Ποίαν
1441 1921 1469 1951 δὲ
1484 1921 1583 1957 ταύτην
1597 1930 1605 1958 ;
1622 1920 1680 1956 Τὴν
1695 1920 1795 1950 ἐλπίδα
1807 1945 1814 1958 ,

1014 1965 1091 2006 φησὶ,
1114 1966 1165 1994 τῶν
1188 1966 1350 2004 μελλόντων.
1377 1966 1452 2002 Αὕτη
1472 1966 1524 2006 γάρ
1540 1967 1613 1996 ἐστιν
1636 1967 1653 2000 ἡ
1677 1965 1814 2005 ἀνέχουσα

1014 2009 1061 2043 τὰς
1073 2010 1188 2050 καρδίας¹
1199 2012 1277 2049 ἡμῶν
1292 2010 1515 2045 καταπιπτούσας
1526 2012 1553 2040 ἐν
1566 2015 1621 2043 τοῖς
1634 2015 1815 2048 πειρασμοῖς,

1014 2057 1030 2090 ἡ
1052 2056 1103 2084 τῶν
1120 2055 1270 2092 μελλόντων
1287 2057 1392 2094 ἀγαθῶν
1416 2055 1501 2088 ἐλπίς.
1530 2055 1636 2086 Δέδωκε
1663 2054 1689 2083 δὲ
1707 2055 1814 2092 ταύτην

1014 2102 1078 2137 ἡμῖν
1093 2101 1108 2129 ὃ
1123 2099 1208 2136 Θεὸς,
1231 2101 1261 2129 οὖ
1277 2100 1449 2137 κοπιάσασιν,
1467 2101 1537 2129 ἀλλὰ
1558 2099 1661 2140 χάριτι,
1678 2099 1769 2129 Τοῦτο
1786 2100 1814 2130 δὲ

1014 2139 1081 2180 εἷπε,
1096 2145 1284 2174 καταστίλλων
1299 2146 1385 2174 αὐτῶν
1400 2145 1430 2174 τὸ
1445 2144 1580 2184 φρόνημα.
1596 2143 1671 2183 Ὅρα
1685 2143 1731 2181 δὲ,
1754 2146 1814 2179 πῶς

1014 2190 1041 2219 ἐν
1055 2188 1127 2223 τάξει
1149 2189 1230 2229 εὐχῆς
1253 2189 1418 2226 διανίστησιν
1440 2190 1527 2218 αὐτῶν
1552 2188 1601 2225 τὴν
1620 2190 1752 2227 διάνοιαν,
1778 2190 1813 2218 τὰ

158 2236 268 2271 excitet,
283 2243 357 2265 cura
382 2235 504 2271 adeoque
531 2234 710 2271 providentiae
724 2235 775 2264 Dei
801 2236 915 2273 pignora
928 2242 955 2266 et

1079 2233 1238 2272 κηδεμονίας
1255 2236 1301 2264 τοῦ
1316 2234 1388 2264 Θεοῦ
1412 2233 1526 2274 ἐνέχυρα
1540 2233 1587 2263 καὶ
1611 2232 1744 2272 τεκμήρια
1767 2245 1811 2264 τι-

157 2281 232 2317 signa
251 2288 366 2317 ponens.
389 2281 459 2308 Nam
487 2280 510 2308 si
529 2280 594 2308 nihil
619 2279 806 2309 laborantibus
830 2282 958 2311 consola-

157 2326 261 2354 tionem
275 2325 420 2361 impertiit,
437 2325 526 2353 multo
541 2325 630 2362 magis
651 2324 763 2353 afﬂictis
776 2333 808 2354 ac
831 2326 956 2355 laboran-

157 2370 230 2398 tibus
249 2378 299 2406 pro
319 2369 372 2398 ﬁde
387 2370 470 2398 dabit.
491 2369 626 2405 Quocirca
648 2369 750 2399 bonam
773 2377 851 2406 spem
866 2372 954 2400 conci-

157 2415 221 2451 pite.
241 2415 338 2448 Porro,
351 2415 514 2449 Consoletur,
526 2414 626 2451 inquit,
642 2415 725 2442 corda
743 2419 833 2443 vestra
844 2418 869 2444 et
891 2425 954 2444 con-

156 2461 245 2495 ﬁrmet
258 2460 288 2487 in
300 2461 373 2486 omni
393 2467 470 2494 opere
493 2462 518 2487 et
532 2467 652 2488 sermone
670 2460 745 2492 bono,
769 2460 822 2488 hoc
839 2464 890 2496 est,
905 2469 955 2497 per

156 2512 240 2533 omne
250 2511 319 2540 opus
329 2507 356 2531 et
367 2511 521 2532 sermonem
537 2504 649 2532 bonum.
666 2504 734 2532 Haec
749 2504 825 2533 enim
839 2510 881 2533 est
891 2514 955 2534 con-

156 2549 253 2578 solatio
273 2547 429 2581 Christiani,
450 2547 537 2576 facere
557 2547 660 2584 aliquid
684 2548 748 2576 boni
763 2553 790 2577 et
804 2549 878 2586 quod
893 2551 953 2579 Deo

128 2622 130 2624 τ
155 2595 270 2630 placeat.
292 2593 340 2622 Vel
355 2591 503 2621 conﬁrmet
531 2600 580 2620 vos
594 2591 624 2620 in
643 2592 767 2621 doctrina
795 2598 866 2622 recta
888 2603 952 2631 0pc-

153 2639 285 2675 ribusque
304 2637 395 2672 bonis,
419 2636 490 2665 adeo
508 2640 539 2665 ut
560 2644 618 2664 non
638 2636 836 2673 depravemini,
860 2646 951 2675 neque

154 2683 190 2711 ob
203 2691 234 2712 ea
246 2691 308 2719 qum
318 2682 491 2718 contingunt,
506 2681 634 2710 animum
646 2680 851 2716 despondeatis.
859 2685 951 2720 Atque

152 2728 204 2757 ista
230 2732 273 2756 est
293 2727 454 2755 consolatio.
476 2727 528 2762 Qui
554 2726 627 2755 enim
651 2725 777 2755 ﬁrmatus
797 2732 848 2763 est,
876 2736 950 2764 qua:-

1011 2278 1072 2312 θείς.
1099 2279 1130 2308 Εἰ
1152 2277 1204 2319 γὰρ
1233 2278 1316 2318 μηδὲν
1342 2278 1476 2317 κάμνουσι
1503 2277 1676 2318 παράκλησιν
1703 2277 1809 2316 ἔδωκε,

1010 2323 1101 2363 πολλῷ
1118 2323 1220 2362 μᾶλλον
1244 2327 1298 2357 τοῖς
1321 2323 1387 2363 ὑπὲρ
1411 2325 1459 2360 τῆς
1473 2323 1587 2356 πίστεως
1609 2323 1740 2361 κάμνουσι
1761 2323 1810 2353 δὼ-

1010 2379 1061 2400 σει.
1076 2368 1161 2398 Ὥστε
1173 2368 1308 2402 εὐέλπιδες
1321 2367 1424 2408 γίνεσθε
1437 2368 1475 2398 ³⁷.
1493 2379 1509 2396 α
1524 2367 1724 2408 Παρακαλέσαι
1737 2378 1753 2397 n
1773 2368 1810 2405 δὲ,

1010 2412 1102 2452 φησὶν,
1120 2425 1135 2440 α
1152 2414 1226 2451 ὑμῶν
1249 2412 1296 2447 τὰς
1311 2413 1436 2453 καρδίας,
1462 2412 1507 2442 καὶ
1532 2411 1653 2452 στηρίξαι
1676 2413 1704 2441 ἐν
1728 2413 1808 2442 παντὶ

1008 2457 1078 2499 ἔργῳ
1089 2457 1134 2487 καὶ
1147 2457 1218 2498 λόγῳ
1234 2458 1344 2498 ἀγαθῷ,
1362 2469 1376 2486 ›
1393 2457 1533 2493 τουτέστι,
1556 2456 1601 2486 διὰ
1616 2456 1716 2490 παντὸς
1729 2456 1806 2497 ἔργου

1008 2503 1052 2531 καὶ
1067 2502 1146 2541 λόγου
1164 2504 1272 2542 ἀγαθοῦ.
1298 2503 1384 2532 Τοῦτο
1405 2501 1457 2542 γὰρ
1479 2500 1650 2540 παράκλησις
1672 2501 1805 2541 Χριστια-

1007 2549 1065 2585 νοῦ,
1078 2547 1109 2576 τὸ
1122 2546 1233 2583 ποιῆσαί
1247 2559 1273 2576 τι
1288 2546 1406 2588 χρηστὸν
1422 2546 1467 2576 καὶ
1486 2546 1550 2585 Θεῷ
1571 2545 1675 2576 δοκοῦν.
1697 2545 1750 2583 Ἢ,
1766 2546 1804 2575 ὅτι

1008 2591 1136 2632 Στηρίξαι
1158 2593 1228 2630 ὑμᾶς
1244 2591 1272 2620 ἔν
1295 2603 1324 2621 τε
1346 2591 1478 2630 δόγμασιν
1497 2590 1583 2630 ὀρθοῖς
1606 2592 1654 2620 καὶ
1678 2590 1802 2630 πράξεσιν

1006 2637 1131 2676 ἀγαθαῖς,
1146 2635 1214 2666 ὥστε
1241 2636 1279 2674 μὴ
1293 2635 1513 2678 παραφέρεσθαι,
1539 2634 1608 2674 μηδὲ
1625 2635 1800 2665 καταπίπτειν

1005 2681 1050 2710 ἐπὶ
1074 2685 1127 2714 τοῖς
1150 2680 1337 2720 συμϐαίνουσι.
1364 2679 1451 2711 Τοῦτό
1479 2680 1536 2709 ἔστι
1561 2678 1745 2719 παράκλησις.
1768 2679 1800 2710 ⁸0

1004 2724 1056 2765 γὰρ
1071 2725 1259 2766 ἐστηριγμένος
1269 2747 1278 2764 ,
1301 2724 1401 2765 ὅσαπερ
1417 2724 1450 2754 ἂν
1470 2724 1556 2764 πάθῃ,
1572 2724 1645 2765 φέρει
1659 2723 1797 2764 γενναίως,

852 2787 947 2817 Variae
970 2788 1126 2820 lectiones.

188 2845 210 2863 κ
222 2846 345 2882 ἁγιασμοΰ
357 2846 399 2873 καὶ
411 2848 454 2881 τῆς
467 2848 569 2879 πίστεως
580 2847 621 2874 καὶ
635 2849 680 2874 τοῦ
692 2846 723 2874 λό
746 2855 774 2876 ο.
811 2846 833 2864 ⁸⁷
845 2848 920 2874 δώσει
929 2867 936 2881 ,
950 2849 1014 2875 ὥστε
1027 2848 1156 2881 εὐέλπιδας
1167 2849 1284 2886 γενέσθαι
1298 2856 1326 2878 ο.
