1890 3077
31 169 99 196 1349

451 163 624 192 EXPOSITIO
647 163 678 190 IN
701 161 805 189 EPIST.
826 159 846 187 ll
866 159 911 187 AD
930 157 1045 186 THESS.
1065 173 1099 177 —
1117 157 1193 185 CAP.
1214 156 1257 184 lll.

1605 157 1672 184 1350

26 231 72 260 καὶ
93 231 124 260 οὗ
145 227 345 269 παρατρέπεται
358 239 364 246 ·
388 226 431 256 διὰ
448 225 495 264 μὲν
511 228 556 255 τοῦ
574 225 604 255 τὸ
629 224 716 264 δόγμα
730 227 826 269 ,τηρεῖν

919 228 988 257 nque
1010 219 1124 256 patitur,
1148 218 1200 247 fert
1222 222 1344 253 strenue,
1365 222 1394 247 et
1414 226 1468 247 non
1491 218 1670 252 subvertitur,

25 275 104 314 ὀρθὸν
129 267 305 310 πεπεισμένος
333 271 392 312 περὶ
425 273 477 300 τῶν
503 270 655 309 μελλόντων
689 267 803 308 βεϐαίως
818 279 826 286 θ

27 313 70 349 διὰ
93 318 123 349 δὲ
137 321 184 348 τοῦ
199 317 297 356 ἀγαθὸν
321 317 377 357 βίον
392 315 462 356 ἔχειν
472 338 480 352 ,
496 315 596 356 χαίρων
615 313 656 344 ὅτι
668 314 719 354 οὐχ
732 315 765 346 ὥς
780 324 828 341 κα-

24 364 138 404 κουργὸς
147 386 154 399 ,
169 362 230 392 ἀλλ’
244 363 279 395 ὥς
293 364 363 393 Θεοῦ
376 361 524 400 λειτουργὸς
534 360 644 400 πάσχει,

325 464 345 492 Κ
353 462 428 492 ΕΦΑ
435 463 467 492 Λ.
493 460 532 491 1“’.

69 539 85 556 α
101 527 142 558 Τὸ
165 526 273 564 λοιπὸν,
288 525 483 565 προσεύχεσθε,
509 522 614 564 aias-lapsi
625 545 632 558 ,
654 520 716 561 περὶ
730 521 806 558 ἡμῶν
818 543 825 556 ,

24 572 68 601 ἵνα
98 575 113 602 ὁ
149 572 227 610 λόγος
257 573 304 600 τοῦ
341 570 438 610 Κυρίου
466 568 548 609 τρέχῃ
586 567 632 597 καὶ
669 566 828 610 δοξάζηται,

24 617 114 652 καθὼς
128 608 253 656 καὶπρὸς
273 617 354 654 ὑμᾶς.
376 608 391 641 ί
409 614 497 647 Αὐτὸς
526 613 574 651 μὲν
594 611 693 648 ηὔξατο
721 609 782 656 περὶ
801 608 827 656 ’ξε

25 663 131 699 αὐτῶν,
154 660 198 689 ἵνα
226 660 406 700 στηριχθῶσιν
417 670 423 677 ·
439 658 504 692 ἀξιοῖ
519 658 546 687 δὲ
568 657 657 686 λοιπὸν
673 655 766 688 αὐτοὺς
782 653 828 683 εύ-

25 710 122 746 χεσθαι
142 705 209 745 ὑπὲρ
223 706 321 743 αὐτοῦ,
344 705 394 743 οὐχ
408 702 452 731 ἵνα
475 702 513 740 μὴ
527 701 666 741 κινδυνεύῃ
691 701 736 739 (εἰς
752 701 829 746 τοῦτο

26 742 76 791 γὰρ
107 742 224 789 ἔκειτο),
249 750 325 785 ἀλλ’,
348 742 442 777 (Ἶνα
466 747 497 777 τὸ
524 746 649 786 κήρυγμα
674 746 756 785 τρέχῃ
782 742 828 791 καὶ

28 787 184 831 δοξάζηται.
201 787 215 824 ᾧ)
235 794 289 824 Καὶ
303 794 362 832 μετ’
375 792 507 832 ἔγκωμίου
523 794 538 827 ἡ
554 791 656 826 αῐτησις
669 802 675 808 ·
691 790 755 830 φησὶ
767 787 829 828 γὰρ,

31 852 45 870 α
61 839 162 873 Καθὼς
180 838 265 876 ⁹⁹ικαὶ
276 838 342 877 πρὸς
361 839 429 876 ὑμᾶς
441 848 447 854 ·
463 848 476 865 »
490 835 638 872 τουτέστιν,
652 833 712 865 Ἵνα
733 833 829 877 πάντες

27 885 113 919 οὕτως
128 874 339 919 ὑπακούωσιν-η
356 874 447 922 ὥσπερ
464 881 508 910 καὶ
534 881 618 919 ὑμεῖς.
642 879 735 912 Οὕτως
755 876 827 907 οὐδὲν
850 874 868 901 fi

28 929 98 959 ἴδιον
113 929 225 969 ηὔχετο,
241 927 310 957 ἀλλὰ
326 927 415 956 πάντα
433 930 478 956 τοῦ
492 927 574 956 Θεοῦ.

72 986 90 1004 α
109 967 219 1004 καὶ-ἴνα
245 973 383 1013 ῥυσθῶμεν
399 971 453 1000 ἀπὸ
476 973 528 999 τῶν
546 969 652 999 ἀτόπων
676 967 721 998 καὶ
747 978 829 1004 πονη-

28 1021 82 1058 ρῶν
108 1011 255 1057 ἀνθρώπων
269 1029 276 1036 θ
301 1017 331 1046 οὗ
353 1016 404 1056 γὰρ
427 1015 534 1044 πάντων
560 1017 577 1050 ἡ
600 1013 699 1046 πίστις.
718 1024 731 1041 »
760 1011 829 1052 Περὶ

27 1066 81 1092 τῶν
100 1063 288 1101 ἀντιλεγόντων
310 1063 346 1101 τῷ
361 1059 515 1101 κηρύγματι
530 1059 612 1099 λέγει,
627 1058 688 1098 περὶ
701 1059 754 1086 τῶν
775 1067 829 1095 μα-

25 1108 153 1148 χομένων
177 1100 230 1140 τοῖς
247 1106 377 1144 δόγμασι,
403 1101 454 1138 οἷος
480 1100 511 1140 ἦν
529 1103 696 1143 Ἀλέξανδρος
719 1102 828 1148 ρΧαλ-

26 1153 92 1186 κεύς
102 1164 108 1170 ·
124 1154 201 1181 τοῦτο
224 1151 276 1191 γὰρ
287 1150 395 1190 ᾐνίξατο
410 1149 491 1178 εἰπών
503 1160 510 1166 ·
528 1159 541 1176 α
555 1149 596 1178 Οὐ
612 1147 663 1188 γὰρ
687 1147 794 1176 πάντων
812 1147 830 1182 ἡ

26 1197 139 1231 πίστις·
154 1196 308 1231 τουτέστιν,
334 1195 363 1224 οὖ
392 1195 486 1227 πάντες
510 1193 694 1229 πιστεύωσιν,
722 1191 781 1220 ἀλλ’
806 1191 830 1220 οἱ

27 1242 100 1277 ἄξιοι
111 1255 126 1270 ι
140 1253 147 1260 ·
162 1241 253 1280 ὥσπερ
273 1240 305 1270 ἂν
321 1238 345 1268 εἴ
354 1250 392 1272 τις
401 1233 487 1275 εἶπεν,
501 1237 542 1267 ὅτι
551 1239 592 1268 Οὐ
606 1237 713 1267 πάντων
730 1235 786 1266 ἐστὶ
797 1235 827 1265 τὸ

28 1286 224 1326 στρατεύεσθαι
251 1286 278 1315 ἐν
304 1288 357 1317 τοῖς
376 1283 535 1323 βασιλείοις,
559 1282 627 1311 ἀλλὰ
651 1283 703 1311 τῶν
735 1281 830 1326 ἐπιτη-

28 1323 108 1360 δείων
123 1330 189 1371 πρὸς
201 1332 289 1359 τοῦτο.
308 1328 465 1363 Διανίστησι
482 1326 508 1356 δὲ
525 1325 632 1362 αὐτοὺς,
649 1326 673 1355 εἴ
687 1337 717 1365 γε
732 1323 829 1354 τοσαύ-

27 1388 79 1412 την
107 1369 198 1415 ἔχουσι
229 1374 398 1414 παῤῥησίαν,
424 1371 493 1400 ὥστε
517 1371 562 1400 καὶ
588 1372 625 1410 τῷ
652 1369 830 1409 διδασκάλῳ²

26 1420 209 1460 ἐξευμαρίζειν
235 1418 265 1447 τὸ
292 1417 418 1457 κήρυγμα
457 1415 613 1452 Λεληθότως
638 1416 666 1444 δὲ
682 1415 828 1460 αἰνίττεται

27 1465 76 1494 καὶ
97 1464 230 1497 κινδύνους
253 1464 324 1502 αὖτῷ
343 1461 451 1495 πάντως
477 1459 656 1500 ἐπαγομένους
679 1458 754 1500 παρὰ
775 1460 827 1488 τῶν

27 1509 230 1547 ἀνθισταμένων
254 1509 292 1548 τῷ
309 1506 390 1546 λόγῳ.
411 1505 466 1536 Καὶ
489 1508 566 1535 τοῦτο
586 1504 613 1534 δὲ
629 1504 718 1534 ἱκανὸν
742 1504 828 1535 αὐτοῖς

27 1556 65 1588 εἷς
83 1553 268 1592 παράκλησιν,
292 1553 327 1585 ὣς
351 1551 396 1581 καὶ
416 1553 462 1580 τοῦ
486 1548 641 1586 τηλικούτου
660 1548 770 1579 Παύλου
789 1547 829 1577 ἔτι

28 1601 56 1628 ἐν
73 1598 200 1631 κινδύνοις
215 1597 384 1629 παλαίοντος.

75 1655 90 1672 ιι
105 1643 205 1676 Πιστὸς
231 1642 260 1672 δέ
289 1643 359 1671 ἐστιν
385 1643 399 1670 ὁ
416 1640 534 1680 Κύριος,
552 1639 579 1672 ὃς
607 1638 722 1679 στηρίξει
746 1639 829 1677 ὑμᾶς,

25 1688 74 1718 καὶ
86 1687 193 1728 φυλάξει
206 1687 258 1716 ἀπὸ
275 1689 320 1715 τοῦ
334 1679 484 1724 πονηροῦξ·
509 1679 591 1714 Εἶπεν
602 1683 676 1722 ἄνω,
690 1683 729 1712 ὅτι
748 1696 759 1709 ιτ
775 1681 827 1712 1Ξῖ-

25 1726 171 1772 λετοῦμᾶς
184 1735 198 1762 ὁ
211 1732 278 1764 Θεὸς
302 1732 338 1764 εἷς
363 1729 516 1769 σωτηρίαν,
530 1742 542 1755 ι
560 1729 619 1757 ἀντὶ
647 1728 712 1764 τοῢξ,
737 1726 826 1760 ἐξελέ-

28 1778 105 1813 ξατο.
124 1777 222 1811 Πιστὸς
243 1772 288 1806 οὖν
309 1777 382 1811 ἐστι,
404 1774 538 1804 τουτέστιν
559 1773 674 1810 ἀληθὴς,
696 1773 741 1801 καὶ
755 1771 826 1801 πάν-

27 1835 84 1856 τως
109 1821 216 1858 ποιήσει
244 1821 258 1850 8
285 1819 429 1860 ἐνήρξατο’
458 1819 503 1848 καὶ
528 1817 644 1858 στηρίξει
674 1816 721 1855 μὲν
744 1818 827 1854 ὑμᾶς,

26 1867 152 1906 καθάπερ
175 1865 221 1895 καὶ
250 1864 401 1902 ηὐξάμεθα,
426 1862 495 1892 ὥστε
518 1862 617 1901 μηκέτι
643 1862 829 1897 σαλευθῆναι·

27 1911 140 1953 φυλάξει
154 1910 198 1946 δὲ,
212 1910 282 1939 ὥστε
298 1908 335 1948 μὴ
349 1910 460 1948 ἰσχῦσαι
476 1908 535 1937 καθ’
547 1909 619 1946 ὑμῶν
630 1907 674 1936 τὸν
690 1907 827 1936 Σατανᾶν.

74 2012 89 2030 ι
108 2000 277 2039 Πεποίθαμεν
296 1999 323 2029 δὲ
338 1999 364 2027 ἐν
380 1997 472 2038 Κυρίῳ
484 1998 525 2038 ἐφ’
536 1998 618 2035 ὓμᾶς,
634 1996 674 2025 ὅτι
696 1996 713 2025 ἃ
724 2007 829 2035 παραγ-

26 2047 163 2086 γέλλομεν
178 2047 254 2083 ὑμῖν,
277 2043 322 2073 καὶ
336 2047 435 2086 «eisin
454 2042 500 2072 καὶ
524 2041 660 2077 ποιήσετε.
676 2053 692 2069 ι
710 2041 823 2076 Ἐπειδὴ

26 2083 164 2127 ἐπηύξατο
181 2090 267 2122 αὐτοῖς
278 2111 286 2125 ,
308 2087 354 2116 καὶ
369 2083 441 2117 εἶπεν
450 2110 458 2124 ,
481 2087 521 2116 ὅτι
535 2087 628 2119 πιστός
642 2087 713 2116 ἐστιν
724 2087 738 2114 ὁ
752 2086 828 2122 Θεὸς,

25 2137 72 2165 ὅτι
86 2133 192 2170 ποιήσει
219 2133 236 2163 ἃ
260 2132 404 2173 ἐνήρξατο·
425 2131 468 2160 ἵνα
497 2130 534 2170 μὴ
558 2131 713 2169 νομίσαντες
730 2129 760 2160 τὸ
776 2135 828 2159 πᾶν

881 269 1024 302 propterea
1040 264 1149 300 quidem
1173 262 1247 299 quod
1269 262 1370 299 dogma
1391 267 1498 291 rectum
1523 267 1622 295 servat.
1641 262 1676 291 de

881 310 984 338 futuris
996 308 1111 336 ﬁrmiter
1124 315 1270 344 persuasus
1285 316 1291 335 :
1305 307 1380 344 quod
1396 315 1460 336 vero
1478 307 1578 335 bonam
1593 308 1675 336 vitam

881 354 968 387 ducit,
982 353 1091 390 gavisus
1109 352 1171 389 quia
1191 360 1248 380 non
1263 352 1346 380 veluti
1369 352 1521 387 maleﬁcus,
1536 352 1584 380 sed
1602 352 1675 380 velut

881 399 935 428 Dei
947 398 1074 427 minister
1082 398 1212 433 patiatur.

1188 464 1308 493 CAPUT
1328 464 1374 492 Ill.

919 532 994 566 Quod
1013 532 1148 566 reliquum
1171 533 1220 564 cst,
1240 533 1321 562 orate,
1342 532 1454 564 fratres,
1473 538 1523 565 pro
1541 531 1627 561 nobis,
1648 533 1677 558 ut

880 578 993 605 verbum
1007 577 1116 605 Domini
1137 578 1230 603 currat
1247 578 1271 603 et
1292 576 1464 610 cluriﬁcclm‘,
1479 576 1549 602 sicut
1563 578 1588 602 et
1602 575 1678 610 apud

880 630 936 650 vos.
959 623 1021 657 Ipse
1043 620 1156 657 quidem
1185 620 1272 648 oravit
1300 627 1350 655 pro
1375 619 1425 652 eis,
1454 623 1484 647 ut
1507 619 1651 647 ﬁrmentur
1671 629 1678 647 ;

881 666 1012 702 deinceps
1029 665 1097 702 petit
1111 665 1145 693 ab
1162 665 1212 697 eis.
1231 669 1262 693 ut
1277 672 1327 700 pro
1340 664 1400 700 ipso
1413 668 1502 697 orent,
1518 672 1574 692 non
1590 668 1620 692 ut
1634 672 1680 700 pe—

881 712 974 740 riculis
995 719 1052 739 non
1071 710 1215 746 obiiciatur
1230 709 1270 742 (in
1293 709 1345 737 hoc
1366 709 1441 736 enim
1467 709 1575 744 positus
1599 712 1679 743 erat),

882 756 940 789 sed,
961 757 994 784 Ut
1012 756 1122 783 verbum
1137 757 1232 782 currat
1250 757 1274 782 et
1291 755 1463 789 clariﬁcctur.
1484 754 1578 789 Neque
1599 753 1680 782 laude

883 805 958 829 caret
973 800 1033 828 haec
1048 799 1142 835 petitio
1158 809 1164 826 :
1185 798 1226 826 ait
1246 799 1330 832 enim,
1353 798 1583 832 Quemadmodum
1607 799 1681 834 apud

886 853 928 872 ros
945 854 953 870 :
968 844 1021 872 hoc
1035 848 1085 878 est,
1101 845 1141 872 Ut
1162 850 1259 871 omnes
1280 843 1320 870 sic
1339 842 1479 876 obediant,
1496 842 1681 878 quemadmo-

884 889 950 917 dum
970 893 997 917 et
1015 897 1072 917 vos.
1089 888 1167 916 Adeo
1180 886 1248 915 nihil
1269 887 1366 923 privati
1380 887 1502 922 optabat,
1517 887 1566 915 sed
1586 887 1678 915 omnia

883 934 945 962 Dei.

919 979 1009 1006 Vsus.
1025 980 1051 1006 2.
1067 979 1102 1006 Et
1122 980 1152 1005 ut
1173 978 1317 1004 liberemur
1331 977 1366 1004 ab
1379 977 1540 1012 importunis
1556 978 1580 1004 et
1599 976 1679 1004 malis

884 1023 1034 1050 hminibus
1051 1031 1059 1048 :
1078 1030 1133 1050 non
1153 1023 1225 1050 enim
1242 1022 1360 1049 omnium
1383 1023 1421 1048 est
1443 1021 1518 1055 fides.
1543 1020 1681 1057 Loquitur

884 1068 917 1096 de
932 1068 964 1095 iis
983 1067 1031 1103 qui
1052 1066 1126 1095 verbi
1150 1065 1338 1102 praedicationi
1360 1066 1563 1100 contradicunt,
1586 1069 1614 1093 et
1633 1065 1681 1101 qui

884 1111 1016 1140 doctrina:
1041 1111 1235 1143 adversantur;
1255 1109 1343 1146 qualis
1357 1113 1416 1138 erat
1431 1109 1584 1138 Alexander
1603 1111 1680 1137 Era-

884 1156 950 1184 rius.
968 1157 1030 1184 Hoc
1043 1155 1119 1183 enim
1133 1154 1225 1182 innuit
1239 1154 1366 1190 inquiens
1379 1163 1385 1182 :
1401 1155 1461 1183 Non
1478 1155 1547 1181 enim
1561 1155 1681 1181 omnium

884 1203 923 1228 est
935 1201 1010 1236 fides,
1023 1200 1075 1228 hoc
1089 1203 1141 1233 est,
1159 1201 1220 1227 Non
1236 1206 1332 1227 omnes
1341 1198 1468 1231 credunt,
1483 1198 1532 1227 sed
1546 1199 1591 1235 qui
1607 1198 1682 1235 digni

884 1249 949 1273 sunt
969 1254 976 1272 :
993 1244 1104 1280 perinde
1118 1252 1151 1272 ac
1170 1244 1194 1271 si
1208 1243 1269 1280 quis
1283 1243 1360 1272 dicat
1377 1252 1384 1272 :
1406 1245 1469 1272 Non
1492 1243 1616 1271 omnium
1641 1247 1683 1272 est

884 1289 936 1318 sub
954 1289 1052 1318 vexillo
1067 1289 1142 1325 regio
1156 1289 1287 1322 militare,
1303 1293 1435 1316 caeterum
1449 1296 1544 1316 eorum
1562 1291 1681 1322 tantum,

884 1334 930 1370 qui
953 1333 989 1362 ad
1012 1333 1064 1362 hoc
1080 1337 1145 1362 sunt
1166 1333 1269 1361 idonei.
1296 1333 1385 1361 Simul
1413 1336 1507 1360 autem
1533 1333 1634 1361 excitat
1654 1337 1682 1360 et

885 1379 1063 1407 commendat
1075 1386 1132 1411 eos,
1147 1378 1285 1413 siquidem
1299 1382 1405 1406 tantam
1421 1376 1524 1405 habent
1539 1377 1680 1411 ﬁduciam,

883 1428 915 1452 ut
934 1423 1097 1459 praeceptori
1111 1430 1162 1451 suo
1181 1423 1404 1459 pradicationem
1424 1421 1534 1449 facilem
1554 1421 1680 1450 reddant.

884 1469 980 1501 Porro,
998 1468 1070 1496 clam
1093 1467 1185 1496 innuit
1200 1467 1318 1503 pericula
1333 1466 1385 1495 sibi
1399 1466 1514 1494 omnino
1528 1466 1563 1494 sb
1579 1466 1612 1494 iis
1633 1466 1681 1502 qui

885 1513 967 1541 verbo
990 1512 1163 1546 resistebant,
1189 1511 1311 1539 inducta.
1340 1512 1432 1547 Atque
1454 1509 1507 1538 hoc
1531 1511 1597 1538 satis
1621 1514 1682 1538 erat

885 1556 924 1584 eis
939 1555 974 1584 ad
993 1554 1222 1588 consolationem,
1237 1553 1313 1590 quod
1335 1553 1396 1581 talis
1409 1557 1559 1590 tantusque
1581 1554 1684 1583 Paulus

883 1600 1012 1635 existens,
1029 1599 1121 1627 adhuc
1137 1607 1201 1627 cum
1218 1598 1345 1635 periculis
1363 1598 1523 1627 luctaretur.

918 1647 1008 1673 Vsus.
1027 1647 1054 1672 3.
1078 1644 1177 1672 Fidelis
1191 1646 1280 1671 autem
1299 1646 1337 1671 est
1352 1644 1493 1678 Dominus,
1519 1644 1568 1679 qui
1587 1645 1682 1679 conﬁr-

883 1691 967 1717 mabit
982 1688 1065 1725 542
1080 1697 1135 1720 vos,
1154 1691 1179 1716 et
1191 1689 1320 1716 custodiet
1333 1697 1350 1716 ιι
1361 1689 1441 1716 malo.
1455 1690 1486 1716 In
1496 1688 1684 1724 superioribus

882 1734 963 1768 dixit,
981 1734 1069 1768 Elegit
1089 1741 1133 1761 vos
1149 1735 1220 1761 Deus
1242 1733 1278 1760 ad
1297 1734 1421 1765 salutem,
1437 1732 1489 1761 hoc
1509 1737 1560 1767 est,
1588 1733 1684 1769 selegit

883 1786 898 1806 e
910 1778 1014 1806 multis.
1035 1777 1134 1806 Fidelis
1149 1777 1233 1813 igitur
1242 1781 1294 1811 est,
1314 1777 1343 1805 id
1357 1782 1398 1805 est
1411 1785 1505 1811 verax,
1522 1781 1550 1805 et
1564 1777 1681 1805 omnino

884 1822 1007 1859 perﬁciet
1043 1822 1117 1858 quod
1153 1829 1232 1849 orsus
1275 1825 1329 1856 est;
1360 1825 1387 1850 et
1415 1821 1592 1850 conﬁrmabit
1631 1829 1680 1850 vos

883 1867 1004 1903 quidem,
1020 1867 1090 1895 sicut
1103 1866 1242 1895 oravimus
1258 1870 1290 1894 ut
1303 1873 1361 1894 non
1375 1873 1458 1902 porro
1472 1866 1679 1894 concutiamini.

883 1911 1027 1940 Custodiet
1039 1915 1143 1946 autem,
1159 1915 1190 1939 ut
1207 1918 1265 1939 non
1287 1910 1432 1948 praevaleat
1455 1914 1552 1939 contra
1564 1918 1613 1939 vos
1630 1911 1681 1939 Sa-

884 1960 976 1985 tanas.

920 2003 1010 2030 Vsus.
1029 2004 1056 2029 4.
1072 2001 1235 2036 Conﬂdimus
1254 2003 1345 2029 autcm
1367 2002 1397 2029 in
1411 2002 1521 2030 Domino
1540 2001 1574 2029 de
1596 2001 1680 2034 vobis,

883 2046 956 2083 quod
961 2055 1022 2082 qua:
1027 2047 1200 2083 praecipimus
1211 2046 1295 2078 vobis,
1303 2048 1329 2074 et
1341 2048 1433 2080 facitis
1447 2049 1472 2074 et
1477 2047 1596 2080 facietis.
1604 2047 1680 2074 Post-

883 2100 966 2128 quam
972 2095 1130 2127 orassetpro
1140 2091 1180 2118 eis
1190 2099 1221 2118 ac
1237 2091 1354 2125 dixerat,
1372 2091 1520 2119 Fidelisest
1527 2093 1601 2120 Deus
1615 2092 1678 2127 quia

883 2136 967 2165 faciet
986 2145 1047 2173 quae
1069 2144 1147 2164 orsus
1167 2140 1224 2171 est;
1247 2143 1284 2164 ne
1303 2136 1363 2172 jam
1381 2135 1570 2164 existimantes
1591 2140 1681 2164 totum

24 2183 75 2210 τοῦ
90 2182 162 2211 Θεοῦ
184 2174 269 2215 εἶναι,
296 2177 371 2208 αὐτοὶ
395 2174 675 2217 ἀποῤῥαθυμήσωσιν,
703 2175 759 2205 ἰδοὺ
782 2178 825 2204 νῦν

919 2190 941 2210 se
956 2183 1016 2216 Dei,
1031 2181 1084 2218 ipsi
1097 2188 1193 2218 segnes
1211 2180 1339 2216 evadant,
1355 2188 1419 2209 ecce
1429 2180 1490 2217 jam
1514 2188 1586 2209 nunc
1605 2180 1680 2216 ipso-

25 2224 76 2254 καὶ
97 2225 146 2259 τὴν
166 2224 231 2263 παρ’
255 2223 342 2252 αὐτῶν
363 2221 514 2260 συνέργειαν
540 2222 664 2257 ἀπαιτεῖ,
692 2221 727 2253 ὡς
743 2219 775 2249 ἂν
804 2221 826 2249 εἰ

23 2271 142 2299 τοιαῦτα
158 2268 240 2307 λέγων
257 2268 279 2287 ³’
299 2266 333 2297 Ὁ
346 2265 394 2305 μὲν
413 2266 480 2299 Θεὸς
499 2265 592 2298 πιστός
607 2265 680 2300 ἐστι,
696 2264 741 2294 καὶ
757 2264 827 2294 πάν-

24 2325 82 2346 τως
105 2312 212 2348 ποιήσει
227 2311 261 2341 τὰ
283 2313 380 2340 αὑτοῖν
404 2310 463 2340 ἀλλ’
475 2309 520 2339 ἐὰν
547 2309 594 2339 καὶ
622 2311 698 2348 faucis
714 2309 826 2348 ἐργάζη-

25 2361 85 2388 σθε.
96 2355 172 2396 Ὅρα
182 2356 209 2386 δὲ
220 2357 313 2398 σοφίαν
325 2368 332 2375 ’
348 2356 408 2386 Οὐκ
422 2350 494 2385 εἶπεν
507 2354 598 2388 ἅπλῶς
607 2377 616 2392 ,
632 2356 672 2384 ὅτι
689 2354 826 2384 Πεποίθα-

26 2414 80 2441 μεν
91 2401 130 2442 ἐφ’
144 2405 211 2440 ὑμᾶς
220 2424 228 2438 ,
245 2401 316 2439 ἀλλ’,
333 2414 345 2426 ι
358 2400 405 2430 Ἐν
422 2399 513 2441 Κυρίῳ
525 2411 531 2418 ·
543 2414 555 2426 ιι
569 2399 701 2435 τουτέστι,
712 2400 755 2437 Τῇ
771 2399 828 2440 φιλ-

25 2447 169 2488 ανθρωπίᾳ
201 2447 280 2476 αὐτοῦ
313 2444 487 2483 πιστεύομεν,
519 2443 559 2474 ὅτι
590 2444 658 2480 αὐτὴ
686 2444 828 2484 ἐπιῤῥώσει

22 2494 118 2530 ὗμᾶς·
142 2490 186 2521 ἵνα
202 2490 273 2531 δείξῃ
299 2491 386 2531 αὐτοῖς
410 2489 449 2519 ὅτι
470 2490 501 2520 τὸ
520 2494 574 2519 πᾶν
597 2489 758 2529 ἀναρτητὼν
781 2491 827 2518 τοῦ

22 2529 111 2567 Θεοῦ.
123 2536 223 2571 Πάλιν,
233 2529 280 2565 ούκ
293 2529 364 2564 εἶπεν
374 2534 474 2571 ἅπλῶς,
487 2533 657 2572 Πεποίθαμεν
669 2534 707 2573 τῷ
719 2531 826 2574 Κυρίῳ,

22 2581 86 2611 ἀλλ’
95 2603 105 2618 ,
118 2592 131 2609 ε
143 2580 205 2621 Ἐφ’
215 2582 301 2619 ὑμᾶς,
318 2591 332 2607 ιι
345 2579 390 2609 καὶ
401 2579 441 2609 ὅτι
456 2590 470 2608 ι
489 2580 595 2610 Ποιεῖτε
604 2580 650 2608 καὶ
664 2577 802 2614 ποιήσετε,
815 2592 826 2604 ι»

23 2624 70 2655 ἵνα
88 2625 127 2664 μὴ
153 2625 184 2656 τὸ
197 2629 251 2655 πᾶν
273 2623 469 2664 ἀναρτήσαντες
493 2626 540 2653 τοῦ
569 2625 661 2659 Θεοῦ,
689 2622 827 2663 ἀργότεροι

25 2670 104 2700 αὐτοὶ
118 2670 258 2710 γένωνται.
283 2672 331 2699 Δεῖ.
347 2668 395 2706 μὲν
411 2669 464 2709 γὰρ
486 2669 516 2698 τὸ
543 2672 597 2697 πᾶν
625 2667 668 2697 ἐπὶ
691 2667 735 2697 τὸν
758 2667 828 2697 Θεὸν

26 2715 151 2756 ῥίπτειν,
169 2715 229 2745 ἀλλ’
254 2715 424 2754 ἐνεργοῦντας
440 2712 486 2743 καὶ
508 2712 611 2747 αὐτούς.
628 2712 686 2743 Οὐκ
711 2711 829 2752 ἠρκέσθη

883 2235 947 2255 rum
963 2226 1186 2263 cooperatiouem
1200 2225 1334 2262 postulat;
1346 2226 1456 2262 perinde
1471 2233 1502 2252 ac
1515 2225 1538 2253 si
1549 2224 1653 2253 diceret
1672 2233 1678 2253 :

882 2273 959 2300 Deus
970 2271 1081 2308 quidem
1096 2270 1184 2299 ﬁdelis
1202 2274 1253 2304 est,
1269 2273 1297 2298 et
1318 2270 1435 2298 omnino
1452 2269 1534 2298 faciet
1547 2277 1609 2305 quae
1628 2277 1678 2298 sua

881 2320 956 2352 sunt,
975 2315 1024 2344 sed
1038 2315 1061 2344 si
1083 2323 1132 2343 vos
1146 2315 1230 2343 etiam
1246 2314 1410 2351 operamini.
1432 2313 1563 2351 Expende
1586 2318 1683 2344 autem

882 2360 941 2397 ejus
954 2360 1131 2397 sapientiam.
1155 2361 1218 2388 Non
1236 2359 1304 2388 dixit
1321 2359 1494 2395 simpliciter,
1514 2359 1688 2389 Conﬁdimus

881 2405 917 2433 de
929 2405 1017 2441 vobis,
1038 2405 1097 2439 sed,
1111 2406 1144 2433 1η
1156 2405 1268 2433 Domino
1288 2414 1296 2432 :
1313 2404 1366 2432 hoc
1380 2408 1432 2438 est,
1448 2404 1612 2433 Clementia
1623 2405 1684 2441 ejus

882 2449 1033 2484 credimus,
1049 2449 1124 2486 quod
1138 2456 1171 2477 ea
1191 2449 1229 2477 sit
1247 2447 1433 2477 confortatura
1454 2456 1515 2483 vos,
1529 2453 1561 2477 ut
1579 2449 1686 2478 indicet

880 2493 949 2530 ipsis
962 2497 1054 2522 totum
1076 2502 1110 2522 ex
1125 2495 1186 2522 Deo
1208 2493 1326 2530 pendere
1347 2492 1457 2522 debere.
1480 2494 1602 2528 Rursus,
1626 2501 1684 2522 non

882 2538 951 2566 dixit
975 2538 1151 2575 simpliciter,
1179 2538 1353 2567 Conﬁdimus
1385 2538 1506 2567 Domino
1537 2548 1543 2566 :
1572 2545 1685 2571 verum,

883 2585 920 2611 De
939 2584 1024 2616 vobis,
1040 2587 1080 2617 et,
1100 2583 1176 2617 Quod
1196 2584 1290 2618 facitis
1312 2585 1336 2611 et
1354 2583 1475 2617 facietis,
1491 2589 1527 2610 ne
1545 2585 1635 2610 totum
1658 2582 1685 2609 in

883 2628 974 2655 Deum
1007 2627 1213 2662 transferentes,
1251 2627 1305 2664 ipsi
1342 2628 1487 2656 otiosiores
1524 2625 1684 2654 reddantur.

885 2674 988 2701 Totum
1006 2672 1082 2700 enim
1107 2672 1135 2700 in
1153 2674 1246 2701 Deum
1261 2671 1442 2709 rejiciendum
1459 2675 1512 2705 est,
1532 2670 1580 2699 sed
1599 2669 1637 2697 ita
1654 2673 1685 2697 ut

885 2724 936 2745 nos
957 2716 1043 2745 etiam
1068 2724 1226 2753 operemur.
1252 2718 1310 2746 Nec
1335 2716 1388 2745 fuit
1415 2719 1561 2745 contentus
1578 2713 1685 2748 dicere,

729 2762 823 2791 Variae
846 2762 1001 2793 lectiones.

64 2813 87 2831 θ’
100 2813 160 2849 ὒπὲρ
175 2821 201 2842 ο,
241 2819 268 2839 99
277 2813 386 2849 καθάπερ
406 2820 434 2842 o.
473 2812 479 2830 ⁸
495 2812 639 2848 ὓπάρλωσιν
660 2819 699 2839 m.
737 2811 758 2838 ².
774 2814 824 2838 τῶν
836 2811 993 2839 διδασκάλων
1009 2819 1036 2841 ο.
1074 2811 1127 2843 ⁸ὣς
1143 2811 1213 2843 εἰδὼς
1228 2812 1305 2838 ταῦτα
1318 2811 1388 2848 λέγει
1398 2819 1438 2840 ιιι.
