1890 3077
52 187 132 214 1353

483 187 658 216 EXPOSITIO
679 188 712 216 IN
731 188 834 216 EPIST.
855 187 877 215 ll
896 188 943 215 AD
962 188 1075 217 THESS.
1098 204 1130 208 —
1150 189 1226 217 CAP.
1247 190 1291 218 Ill.

1641 192 1710 219 1354

48 250 115 278 τῶν
128 250 273 290 τραφῆναι.
292 249 388 280 Καίτοι
402 251 448 280 οὖκ
465 247 496 287 ἦν
512 250 626 291 δωρεὰν,
655 250 782 292 ἐκήρυττε
798 250 854 291 γάρ¹

941 259 963 279 ιο
978 251 1086 280 defecit.
1101 251 1221 280 Observa
1242 255 1344 285 autem,
1360 251 1500 288 quomodo
1515 253 1601 288 gratis
1627 252 1708 281 edere

49 291 147 328 Ἄξιος
157 316 165 331 ,
181 293 208 324 δὲ
223 295 237 323 ὁ
252 295 364 335 ἐργάτης
376 297 423 332 τῆς
434 298 531 337 τροφῆς
545 298 634 328 αὐτοῦ.

107 439 123 458 ιι
139 428 210 459 Ἀλλ’
234 431 261 460 ἓν
287 431 361 472 κόπῳ
383 431 429 461 καὶ
459 432 552 472 μόχθῳ
578 432 659 461 νύκτα
683 431 728 461 καὶ
754 432 857 472 ἡμέραν

50 473 244 513 ἐργαζόμενοι.
271 486 286 504 n
304 474 378 517 Ὅρα
391 475 436 510 τὰς
451 476 596 510 ἐπιτάσεις.
623 476 719 515 Ἡμεῖς
734 476 761 506 δὲ
779 477 801 506 εἰ
819 476 856 515 μὴ

51 521 106 547 τοῦ
130 521 203 550 Θεοῦ
227 520 419 560 προτιμώμεθα
441 522 513 562 ποιρᾶ
534 524 586 552 τῶν
613 521 788 562 διδαχθέντων
804 521 816 539 ⁹
831 534 857 551 τι

50 565 103 604 ὑφ’
120 566 216 603 ἡμῶν,
240 566 463 606 δυσχεραίνομεν,
495 568 530 601 ὡς
555 567 588 596 τὰ
613 567 727 606 μέγιστα
752 566 856 596 ἀδικού-

52 620 146 646 μενοι.

103 665 120 683 ιι
136 654 208 694 Πρὸς
220 655 250 684 τὸ
260 655 297 694 μὴ
312 656 476 695 ἐπιϐαρῆσαί
490 669 548 686 τινα
559 658 644 696 ὑμῶν.
660 669 673 685 )›
693 657 797 696 κυρίως
809 657 856 696 μὲν

52 699 142 740 βάρος
157 701 214 730 ἐστὶ
238 701 268 730 τὸ
291 701 356 742 παρ’
372 702 488 732 ἀκόντων
512 702 614 733 λαϐεῖν.
632 702 698 732 Νυνὶ
725 701 752 732 δὲ
780 705 857 732 τοῦτο

50 744 149 783 λέγει,
166 744 232 774 διότι
247 745 357 782 πένητες
373 742 452 782 ἦσαν.

106 800 122 817 «
136 790 198 830 Οὖχ
225 789 265 819 ὅτι
293 792 340 821 οὐκ
367 791 463 831 ἔχομεν
484 791 619 828 ἐξουσίαν,
648 793 707 822 ἀλλ’
728 791 771 820 ἵνα
793 793 854 822 ἑαυ-

51 833 120 875 τοὺς
144 834 225 865 τόπον
250 836 336 873 δῶμεν
365 838 426 873 ὑμῖν
461 838 496 871 εἰς
523 837 554 866 τὸ
582 840 720 875 μιμεῖσθαι
740 838 850 874 ἡμᾶς.»

54 873 130 932 Εἶχε
145 879 330 933 γὰρέξουσίαν
351 882 457 933 οἷργεῖνἒ
474 873 633 933 ἅτειμείζονι
652 882 721 933 ἔργω
737 873 855 933 ἠσχολη-
871 902 895 933 Β

53 925 152 962 μένος,
168 925 207 964 τῷ
223 925 388 966 κηρύγματι,
415 926 460 956 καὶ
484 926 626 967 τρέφεσθαι
647 926 720 966 παρὰ
736 928 787 956 τῶν
805 939 856 965 μα·

52 969 263 1007 Θητευομένων-
287 970 359 1009 ὅμως
388 972 417 1001 ἐκ
445 971 598 1011 φιλοτιμίας
627 972 782 1012 εἰργάσατο,
810 971 856 1001 καὶ

52 1013 156 1042 ἑαυτὸν
171 1014 216 1043 καὶ
231 1014 290 1048 τοὺς
305 1015 352 1045 σὺν
367 1016 440 1056 αὖτῷ
456 1016 589 1057 διέτρεφεν
602 1041 608 1051 ,
627 1018 662 1050 ὥς
689 1015 720 1045 ἂν
736 1015 782 1046 καὶ
798 1016 858 1050 τοὺς

52 1057 185 1096 μαθητὰς
198 1061 275 1089 τοῦτο
289 1059 432 1100 παιδεύσῃ.

105 1159 120 1177 α
135 1148 189 1178 Καὶ
204 1149 255 1189 γὰρ
265 1149 308 1179 ὅτε
324 1145 391 1190 ἦμεν
411 1150 475 1191 πρὸς
490 1152 558 1190 ὑμᾶς
568 1173 576 1187 ,
603 1151 688 1192 τοῦτοί
704 1151 856 1192 παρηγγέλ-

52 1194 143 1231 λομεν
168 1194 245 1232 ὗμῖν,
265 1194 305 1224 ὅτι
337 1195 361 1225 εῐ
383 1207 423 1229 τις
446 1196 476 1225 οὗ
501 1196 571 1225 θέλει
593 1196 765 1236 ἐργάζεσθαι,
791 1196 857 1235 μηδὲ

54 1238 177 1268 ἐσθιέτω.
193 1255 234 1262 -
251 1240 322 1279 Πρὸς
340 1240 423 1279 υμᾶξ,
436 1251 450 1269 ι)
468 1241 526 1270 ἀντὶ
541 1243 602 1277 τοῦ,
622 1241 692 1279 Παρ’
704 1243 780 1280 ὑμῖν,
799 1241 859 1279 μεθ’

54 1284 147 1321 ὑμῶν.
175 1283 223 1314 Ἐν
240 1284 288 1322 μὲν
312 1280 356 1314 οῦν
375 1288 408 1324 τῇ
429 1285 546 1326 προτέρα
568 1285 716 1326 Ἐπιστολῇ
731 1285 857 1326 προσηνέ-

54 1339 152 1368 στερον
176 1328 238 1368 περὶ¹
261 1329 360 1359 τούτων
377 1330 499 1370 διελέχθη
511 1352 519 1366 ,
536 1332 647 1361 ἐνταῦθα
664 1330 692 1360 δὲ
719 1331 854 1370 αὐστηρό-

54 1383 148 1412 τερον.
172 1374 206 1403 Εἰ
222 1373 273 1414 γὰρ
295 1375 372 1408 αὐτὸς
399 1375 444 1404 καὶ
466 1375 548 1405 νύκτα
574 1375 620 1405 καὶ
643 1375 744 1415 ἡμέραν
769 1375 856 1416 εἰργά-

53 1418 133 1455 ζετο,
148 1419 236 1448 καίτοι
253 1419 386 1457 μηδεμίαν
403 1420 471 1460 ἔχων
495 1420 630 1460 ἀνάγκην,
647 1421 738 1460 πολλῷ
755 1421 856 1459 μᾶλλον

53 1462 117 1495 τοὺς
133 1462 229 1497 ἄλλους
244 1464 325 1504 ἐχρῆν
339 1466 420 1494 τοῦτο
435 1467 530 1495 ποιεῖν.

104 1517 274 1558 «Ἀκούομεν
305 1520 357 1560 γάρ
386 1532 459 1555 τινας
494 1523 710 1561 περιπατοῦντας
738 1522 765 1550 ἐν
794 1522 856 1560 ὓμῖν

913 297 966 324 hoc
977 296 1067 333 ipsum
1081 297 1195 331 vocavit,
1209 297 1242 325 ab
1255 297 1308 325 illis
1322 297 1479 326 alimoniam
1491 305 1610 326 sumere.
1626 297 1707 333 Atqui

912 349 968 370 uon
994 342 1080 378 gratis
1101 341 1336 378 suppeditabatur,
1364 342 1529 378 praedicabat
1552 343 1637 371 enim.
1658 343 1709 370 Est

912 391 1005 415 autem
1019 387 1116 423 dignus
1130 387 1270 423 operarius
1284 387 1415 416 alimento
1430 395 1491 416 suo.

947 433 1035 461 Vsus.
1052 435 1079 460 8.
1099 433 1198 461 Verum
1218 433 1247 460 in
1262 433 1350 460 labore
1373 435 1397 460 et
1412 433 1572 468 fatigatione
1592 435 1667 461 nocte
1682 435 1706 461 et

911 477 956 504 die
974 480 1123 512 operantes.
1148 477 1215 505 Vide
1236 477 1470 513 exaggerationes.
1494 479 1551 506 Nos
1565 486 1629 506 vero
1651 478 1705 506 nisi

911 522 953 550 vel
974 521 1025 558 ipsi
1039 524 1098 550 Deo
1113 522 1292 558 praeferamur
1305 522 1341 550 ab
1361 522 1393 550 iis
1407 522 1454 558 qui
1470 522 1575 558 aliquid
1590 531 1605 550 a
1628 522 1707 550 nobis

909 566 1039 601 didicere,
1055 574 1129 604 aegro
1143 567 1239 596 animo
1253 566 1375 602 ferimus,
1401 575 1451 596 ceu
1474 567 1593 596 maxima
1608 567 1706 603 injuria

909 611 1010 640 affecti.

946 658 984 687 Ne
995 665 1074 692 quem
1091 659 1211 685 vestrum
1224 665 1407 692 gravaremus.
1421 657 1579 685 Gravamen
1598 657 1706 693 proprie

909 706 962 736 est,
977 702 1011 730 ab
1022 702 1116 730 invitis
1131 703 1262 738 accipere.
1274 703 1352 730 Nunc
1367 706 1460 730 autem
1474 701 1527 730 hoc
1539 702 1618 736 dicit,
1633 701 1707 739 quod

910 754 1043 784 pauperes
1058 747 1160 776 fuerint
1171 747 1436 775 Thessalonicenses.

946 793 1034 821 Vsns.
1050 795 1077 820 9.
1093 793 1151 821 Non
1164 792 1235 827 quod
1257 800 1308 820 non
1330 792 1457 819 habemus
1470 794 1638 827 potestatem,
1661 792 1707 820 sed

910 840 940 864 ut
959 845 1006 865 nos
1026 839 1098 873 ipsos
1113 839 1232 871 formam
1251 837 1377 864 daremus
1392 837 1465 864 vobis
1482 837 1520 864 ad
1544 838 1706 864 imitandum

909 890 967 910 nos.
998 884 1063 910 Erat
1086 882 1159 910 enim
1182 882 1206 910 ei
1234 881 1347 910 facultas
1371 881 1484 914 otiandi,
1512 882 1574 918 quia
1606 882 1705 918 majori

910 935 992 963 opere
1018 931 1167 964 occupatus
1193 931 1274 961 esset,
1304 927 1506 963 praedicationis
1530 934 1629 963 nempe
1652 927 1707 954 mi-

910 973 1034 1007 nisterio,
1049 977 1132 1009 atque
1158 977 1189 1001 ut
1213 973 1330 1001 aleretur
1356 980 1372 1000 a
1396 972 1563 1008 discipulis:
1585 976 1707 1000 attamen

911 1026 966 1054 prae
983 1018 1145 1046 liberalitate
1169 1017 1288 1054 quadam
1308 1017 1482 1053 operabatur,
1507 1024 1590 1054 seque
1615 1017 1706 1053 ipsum

911 1068 937 1092 et
951 1071 999 1092 eos
1013 1063 1059 1100 qui
1079 1071 1175 1092 secum
1189 1067 1281 1097 erant,
1296 1062 1460 1097 euutriebat,
1480 1066 1512 1090 ut
1526 1061 1593 1090 illud
1616 1062 1706 1098 ipsum

909 1109 1060 1145 discipulos
1073 1108 1159 1137 etiam
1174 1108 1295 1136 doceret.

947 1156 1035 1183 VERS.
1054 1157 1096 1182 10.
1111 1155 1178 1183 Nam
1192 1162 1253 1181 cum
1268 1161 1383 1180 essemus
1397 1153 1472 1188 apud
1486 1160 1540 1187 vos,
1553 1153 1600 1180 hoc
1606 1154 1707 1188 praci-

908 1201 1049 1235 piebamus
1062 1200 1153 1227 vobis:
1165 1199 1238 1234 quod
1252 1199 1277 1226 si
1287 1199 1349 1234 quis
1360 1206 1413 1226 non
1425 1198 1483 1225 vult
1492 1199 1609 1233 operari,
1621 1205 1707 1232 neque

910 1245 1062 1272 manducet.
1087 1244 1152 1279 Πρὸς
1168 1243 1240 1279 ὑμᾶς,
1257 1243 1284 1271 id
1301 1246 1352 1277 est,
1368 1242 1447 1278 Apud
1466 1250 1524 1278 vos,
1548 1243 1589 1270 vel
1614 1242 1706 1270 vobis-

910 1298 985 1318 cum.
1011 1291 1043 1317 ln
1064 1289 1148 1325 priori
1162 1296 1227 1316 sane
1251 1288 1367 1323 Epistola
1394 1287 1557 1315 clementius
1585 1291 1612 1315 et
1625 1295 1708 1315 man-

910 1334 1013 1363 suetius
1027 1334 1061 1363 de
1079 1333 1122 1361 his
1144 1332 1282 1367 disseruit,
1299 1332 1352 1361 hoc
1365 1339 1430 1360 vero
1444 1332 1579 1360 austerius
1600 1331 1664 1368 agit.
1681 1332 1708 1360 Si

910 1380 985 1408 enim
1001 1379 1058 1416 ipse
1080 1382 1160 1407 nocte
1189 1386 1221 1406 ac
1235 1377 1280 1406 die
1301 1377 1475 1413 operabatur,
1490 1377 1564 1405 nulla
1585 1376 1648 1405 licet
1668 1377 1708 1404 illi

909 1424 1058 1454 necessitas
1075 1423 1256 1457 incumberet,
1275 1422 1363 1451 multo
1377 1422 1465 1458 magis
1478 1422 1546 1450 alios
1565 1422 1709 1458 oportebat

910 1469 963 1498 hoc
974 1469 1074 1498 facere.

947 1525 1030 1562 544
1040 1526 1128 1553 Vens.
1142 1527 1183 1552 tl.
1202 1523 1341 1552 Audimus
1356 1525 1426 1552 enim
1438 1524 1509 1551 inter
1519 1531 1564 1551 vos
1576 1524 1707 1558 quosdam

55 1562 184 1610 ἀτάκτως
194 1586 211 1610 ,7
236 1565 318 1610 μηδὲν
347 1566 553 1606 ἐργαζομένους,
584 1565 653 1595 ἀλλὰ
681 1567 854 1606 περιεργαζο-

941 1571 1109 1598 ambulantes
1126 1569 1290 1600 inordinate,
1308 1569 1378 1596 nihil
1388 1571 1539 1604 operantes,
1551 1569 1598 1596 sed
1606 1569 1708 1596 curiose

55 1607 188 1645 μένους.»
205 1609 317 1646 Ἐπειδὴ
331 1610 382 1651 γὰρ
397 1612 411 1640 ὃ
426 1613 483 1644 νοῦς
499 1612 573 1649 ἡμῶν
590 1610 738 1647 ἀεικίνητός
764 1613 834 1640 ἐστιν
847 1636 852 1646 ,

56 1653 182 1691 ἀνάγκη,
201 1652 265 1684 ὅταν
279 1654 425 1695 εὔχρηστον
439 1657 513 1696 ἔργον
529 1655 568 1694 μὴ
585 1655 803 1696 μεταχειρίζηται
819 1656 852 1694 ⁴⁰,

54 1697 91 1726 τὰ
107 1698 232 1737 ἄχρηστα
249 1700 381 1737 μετιέναι,
396 1702 431 1734 ὡς
456 1701 501 1730 καὶ
523 1700 646 1740 ἀνωτέρω
671 1700 793 1740 εἴρηται,
811 1701 856 1730 καὶ

54 1743 277 1782 περιεργάζεσθαι
311 1744 371 1778 τοὺς
404 1745 500 1785 ἑτέρων
535 1745 622 1785 βίουςξ,
653 1746 792 1774 κάντεῦθεν
821 1747 857 1779 εἰς

53 1787 238 1825 καταλαλιὰς,
264 1789 436 1829 ἀργολογίας,
464 1790 640 1829 εὐτραπελίας
665 1790 856 1830 ἐκτραχηλίζε-

54 1835 131 1863 σθαι.
161 1832 335 1873 Ἐργάζεσθαι
357 1830 401 1864 οὖν
417 1835 456 1864 δεῖ
476 1834 510 1864 τὰ
525 1835 569 1864 διὰ
592 1836 644 1864 τῶν
659 1837 756 1876 χειρῶν
777 1835 854 1874 ἔργα.

54 1878 95 1906 Οὖ
110 1877 132 1895 ⁴¹
150 1877 201 1917 γὰρ
217 1880 344 1908 ἐλεεῖσθαι
358 1881 398 1909 δεῖ
418 1880 462 1909 τὸν
479 1881 626 1919 δυνάμενον
646 1880 692 1910 καὶ
713 1881 854 1919 ἀργοῦντα.

54 1921 130 1951 Ἀλλ’
149 1922 276 1963 εὔχομαι,
303 1925 383 1964 φησὶ,
403 1926 448 1954 καὶ
472 1925 602 1961 νηστεύω.
615 1925 695 1955 Ἀλλὰ
719 1925 765 1954 καὶ
781 1927 856 1955 τοῦτο

52 1967 104 1996 οὐκ
117 1966 188 1996 ἔστιν
204 1968 278 2008 ἔργον
292 1971 389 2009 χειρῶν
404 1981 411 1988 ο
428 1969 514 2003 ἄλλως
538 1981 565 1999 τε
593 1970 706 2000 δύνασαι
725 1969 794 2008 μετὰ
810 1972 855 2000 τοῦ

54 2015 141 2042 ταῦτα
166 2017 248 2043 ποιεῖν
275 2014 314 2043 ἔτι
332 2014 382 2043 καὶ
415 2014 581 2054 ἐργάζεσθαι.
608 2014 688 2046 Ἒπιὶ
716 2010 762 2044 οῦν
778 2017 856 2044 τοῦτο

52 2057 205 2095 διαπτύεις,
219 2059 254 2092 ὥς
277 2059 357 2098 ἀργὸς
379 2059 541 2100 κατακρίνῃ.
560 2060 613 2090 Καὶ
637 2062 707 2096 πῶς,
730 2059 828 2098 φασὶν,
841 2062 855 2089 ὁ

54 2102 192 2131 διδάσκων
207 2104 254 2132 οὐκ
275 2105 452 2143 ἀναγκάζεται
468 2105 640 2144 ἔργάζεσθαι;
661 2104 727 2134 Ὅτι
740 2116 779 2134 τοι
796 2104 854 2143 μεί-

54 2149 118 2181 ζονα
144 2148 271 2188 ἐργασίαν
305 2149 352 2178 καὶ
382 2149 593 2190 δυσχερεστέροιν
618 2150 849 2189 μεταχειρίζεται,

53 2191 114 2227 ἥτις
131 2192 176 2221 καὶ
189 2193 325 2232 ἐμποδίζει
341 2195 412 2234 αὖτῷ
433 2195 498 2234 πρὸς
520 2194 568 2231 τὴν
588 2196 640 2224 τῶν
656 2196 753 2234 χειρῶν
773 2195 854 2235 ἐργα-

53 2237 126 2266 σίαν.
143 2238 191 2268 Σοὶ
208 2237 235 2267 δὲ
246 2239 283 2278 τῷ
298 2239 404 2279 ἰδιαστῇ
424 2239 498 2269 οὐδὲν
514 2243 640 2270 τοιοῦτον.
657 2239 745 2269 Ὥστε
764 2239 851 2279 ἆμαρ-

53 2281 142 2316 τοὶνεις
155 2285 202 2312 τοῦ
216 2283 294 2324 ἔργου
309 2285 427 2323 ἀμελῶν.

100 2350 116 2368 (ί
132 2341 195 2373 Τοῖς
220 2340 247 2369 δὲ
263 2340 387 2375 τοιούτοις
409 2341 628 2381 παραγγέλλομεν
652 2341 698 2371 καὶ
724 2353 851 2381 παραχα-

54 2385 153 2423 λοῦμεν
191 2384 234 2415 διὰ
272 2388 317 2415 τοῦ
347 2386 447 2426 Κυρίου
467 2387 544 2425 ἡμῶν
568 2386 656 2423 Ἰησοῦ
686 2387 846 2427 Χριστοῦ.»

56 2428 171 2465 Ἐπειδὴ
182 2430 331 2471 καθήψατε,
343 2430 436 2470 εἰπὼν,
449 2445 460 2457 -
477 2431 720 2472 Παραγγέλλομεν,
734 2445 746 2458 in
763 2443 851 2472 προσ-

54 2475 196 2514 ηνέστερον
212 2475 292 2505 πάλιν
306 2475 378 2505 ,ποιεῖ
391 2476 434 2505 τὸν
455 2475 533 2518 λόγον
542 2499 551 2514 ,
571 2476 616 2506 καί
634 2489 716 2518 φησι·
736 2488 750 2506 (ι
761 2478 853 2516 Παρα-

55 2520 198 2558 καλοῦμεν.
215 2530 229 2548 n
247 2519 428 2561 Φοϐερωτέρα
440 2516 485 2551 οῦν
500 2523 517 2558 ἡ
528 2516 706 2563 παράκλησις,
723 2521 768 2551 καὶ
784 2521 853 2556 ἀξιο-

54 2563 208 2605 πιστοτέρα.

103 2632 117 2649 (ι
132 2620 194 2651 Ἵνα
221 2622 290 2660 μετὰ
317 2622 431 2662 ἡσυχίας
458 2623 646 2663 ἐργαζόμενοι,
678 2622 722 2652 τὸν
751 2625 851 2652 ἑαυτῶν

57 2665 136 2705 ἄρτον
159 2666 290 2697 ἐσθίωσιν·
309 2680 320 2693 ια
339 2667 487 2708 Ἀμφότεροι
505 2669 628 2707 ἀπαιτεῖ,
657 2670 692 2701 ὡς
717 2667 765 2706 μὲν
783 2669 851 2698 ἆτα-

56 2714 197 2750 κτοῦντας,
224 2712 253 2742 τὸ
275 2713 434 2753 ἡσυχάζειν·
463 2715 498 2747 ὡς
520 2712 546 2742 δὲ
573 2713 686 2754 ἀργοὺς,
701 2713 731 2743 τὸ
745 2713 850 2754 ἐργάζε-

909 1618 1026 1651 agentes.
1042 1616 1112 1643 Cum
1123 1614 1197 1642 enim
1210 1621 1291 1642 mens
1305 1617 1398 1641 nostra
1414 1621 1524 1649 semper
1537 1612 1651 1641 mobilis
1661 1613 1707 1647 sit,

911 1668 1023 1689 necesse
1042 1664 1094 1694 est,
1110 1663 1141 1687 ut
1155 1667 1220 1687 cum
1235 1658 1313 1686 utilia
1327 1666 1383 1686 non
1397 1657 1583 1695 aggrediatur,
1603 1658 1708 1686 inutilia

910 1710 1045 1742 capessat,
1060 1709 1092 1733 ut
1115 1712 1197 1740 supra
1211 1703 1316 1732 dictum
1331 1707 1381 1737 est,
1397 1702 1520 1739 adeoque
1536 1703 1570 1731 de
1590 1703 1708 1731 aliorum

909 1751 970 1778 vitis
986 1750 1092 1778 curiose
1113 1749 1261 1785 inquirere,
1287 1752 1315 1776 et
1337 1748 1402 1776 hinc
1423 1747 1457 1776 ad
1484 1748 1707 1782 obtrectationes,

909 1796 1012 1823 otiosos
1027 1802 1169 1822 sermones
1192 1797 1274 1830 atque
1295 1792 1490 1820 scurrilitatem
1506 1792 1615 1820 deferri.
1633 1794 1708 1828 Ope-

909 1839 963 1868 rari
985 1839 1068 1875 igitur
1095 1841 1205 1873 oportet
1228 1844 1308 1873 opera
1331 1835 1460 1864 manibus
1487 1844 1494 1863 :
1518 1843 1608 1872 neque
1632 1837 1707 1864 enim

909 1885 1082 1920 eleemosyna
1096 1887 1137 1911 est
1156 1881 1336 1918 impartienda
1351 1881 1421 1909 bene
1435 1881 1548 1916 valenti,
1571 1881 1619 1917 qui
1634 1881 1708 1909 labo-

909 1937 969 1958 rare
984 1932 1084 1965 potest,
1100 1931 1181 1963 atque
1195 1926 1308 1955 otiatur.
1324 1928 1360 1954 At
1375 1933 1436 1960 oro,
1448 1925 1545 1961 inquit,
1561 1930 1588 1954 et
1599 1925 1705 1962 jejuno.

910 1974 993 2011 Atqui
1006 1973 1080 2002 istud
1094 1980 1150 2000 non
1162 1975 1204 2000 est
1221 1979 1291 2007 opus
1306 1978 1450 2004 manuum,
1469 1970 1623 2006 praesertim
1641 1978 1705 1998 cum

909 2024 937 2047 et
949 2019 1009 2047 haec
1025 2021 1155 2054 praestare
1167 2016 1265 2053 possis,
1279 2019 1360 2053 atque
1374 2015 1486 2044 interim
1501 2015 1620 2051 operari.
1637 2015 1706 2049 Quia

908 2065 999 2100 itaque
1013 2062 1087 2091 istud
1100 2062 1266 2099 aspernaris,
1280 2065 1412 2097 tanquam
1421 2060 1526 2088 otiosus
1540 2059 1706 2089 condemna-

908 2110 954 2137 ris.
980 2111 1025 2143 At,
1041 2115 1136 2144 quare,
1159 2106 1299 2143 inquiunt,
1316 2106 1339 2134 is
1360 2106 1409 2142 qui
1425 2105 1516 2139 docet,
1529 2113 1587 2133 non
1601 2105 1707 2141 cogitur

909 2153 1032 2191 operari?
1047 2153 1116 2188 Quia
1134 2151 1274 2181 difﬁcilius
1293 2158 1365 2186 opus
1378 2150 1546 2186 aggreditur,
1563 2150 1636 2186 quod
1654 2150 1705 2178 im-

909 2199 985 2236 pedit
1009 2199 1101 2235 ipsum
1122 2205 1137 2226 a
1161 2204 1294 2225 manuum
1322 2195 1494 2231 operatione.
1526 2195 1588 2223 Tibi
1611 2199 1705 2223 autem

911 2244 1036 2280 privatim
1063 2243 1148 2270 vitam
1171 2242 1270 2278 agenti,
1286 2240 1352 2268 nihil
1376 2239 1535 2276 hujusmodi
1559 2239 1704 2267 incumbit.

908 2291 1007 2318 Peccas
1024 2288 1127 2324 itaque,
1145 2287 1169 2315 si
1183 2286 1305 2314 laborem
1323 2285 1454 2322 negligas.

942 2347 1032 2374 Vnas.
1047 2347 1088 2372 l2.
1099 2344 1135 2372 Iis
1147 2345 1237 2371 autem
1245 2344 1294 2378 qui
1305 2342 1439 2378 ejusmodi
1446 2343 1509 2369 sunt
1520 2343 1707 2379 pracipimus,

907 2393 931 2418 et
945 2391 1110 2418 obtestamur
1132 2396 1182 2425 per
1198 2389 1342 2416 Dominum
1361 2389 1481 2415 nostrum
1500 2388 1591 2415 Jesum
1612 2387 1707 2415 Chris-

907 2439 973 2463 tum.
993 2435 1063 2470 Quia
1084 2433 1205 2462 severius
1226 2441 1274 2461 eos
1305 2433 1454 2466 invaserat,
1482 2431 1591 2466 dicens,
1607 2433 1705 2460 Praei-

905 2482 994 2516 pimus
1013 2479 1103 2513 vobis;
1123 2486 1219 2507 rursus
1242 2477 1411 2506 blandiorem
1443 2476 1510 2505 facit
1534 2485 1704 2511 sermonem,

907 2527 1094 2556 Obsecramus,
1111 2523 1246 2560 inquiens.
1266 2525 1356 2558 Atque
1372 2522 1424 2550 hoc
1445 2526 1524 2558 pacto
1545 2521 1706 2550 formidabi-

907 2571 958 2598 lior
973 2574 1025 2605 est,
1037 2573 1065 2598 et
1078 2569 1141 2605 plus
1156 2567 1283 2605 ponderis
1297 2567 1379 2596 habet
1393 2567 1453 2604 ejus
1467 2567 1633 2595 exhortatio.

946 2628 979 2655 Ut
999 2634 1060 2654 cum
1082 2626 1171 2661 quiete
1193 2626 1346 2661 operantes,
1366 2632 1446 2651 suum
1469 2624 1587 2658 ipsorum
1605 2629 1705 2657 panem

906 2672 1079 2700 manducent.
1104 2671 1262 2706 Utrumque
1283 2670 1376 2706 exigit,
1400 2672 1471 2703 tum,
1497 2671 1526 2696 ut
1550 2666 1705 2695 inordinate

905 2725 934 2746 se
948 2720 1075 2753 gerentes
1089 2716 1143 2745 sint
1154 2715 1249 2752 quieti,
1265 2719 1325 2743 tum
1347 2718 1376 2742 ut
1397 2713 1477 2742 otiosi
1499 2712 1632 2744 laborent,
1649 2718 1704 2745 quo

748 2785 841 2815 Variae
863 2786 1014 2815 lectiones.

91 2857 104 2878 9
120 2851 181 2888 μηδὲ
194 2852 279 2887 διδαχ.
295 2852 354 2879 ποτέ
369 2862 391 2879 τι
407 2852 430 2881 ὓ.
445 2851 461 2886 ἡ
476 2861 501 2881 ο.
540 2852 562 2870 ¹⁰
576 2852 715 2888 ..ριζόμεθα
729 2861 756 2881 ο.
795 2853 815 2870 ¹¹
829 2852 884 2879 οὐδὲ
899 2861 925 2880 0.

187 2897 318 2925 ΡΑΤιιοι.
341 2897 375 2926 G.
397 2898 524 2926 CXXIV.

1528 2895 1561 2921 43
