1890 3077
215 187 283 213 1355

212 247 279 275 dant
309 255 406 283 panem
429 254 509 275 suum
537 247 670 282 ipsorum,
697 254 752 274 non
777 247 897 275 alienum
922 258 927 274 :

212 292 286 320 enim
301 291 337 320 ad
349 292 450 320 alienas
465 298 562 319 manus
577 291 710 327 respicere
724 295 842 328 oportet.

247 383 335 410 Vens.
353 385 394 410 13.
416 384 467 410 Vos
479 385 580 413 autem,
600 383 713 415 fratres,
734 382 813 409 nolite
839 383 949 417 deﬂuere
968 383 1012 410 be-

212 429 386 462 nefacientes.
424 427 621 455 Animadverte
658 434 741 462 quam
773 426 864 454 subito
900 431 1011 462 paterna

211 473 315 500 viscera
331 472 386 499 sint
402 471 556 505 confracta;
573 472 666 499 statim
687 479 782 499 eorum
807 472 937 499 misertus
959 476 1009 499 est.

211 517 398 553 Segregemini
424 516 458 544 ab
484 517 558 552 ipsis,
582 516 681 552 inquit,
710 520 791 552 atque
814 516 977 552 separemini
1002 526 1009 543 :

211 566 400 590 verumtamen
415 569 450 589 ne
474 561 546 588 fame
560 569 606 589 eos
619 561 730 588 interire
751 562 858 589 sinatis.
884 563 921 589 At
935 561 1011 597 quid,

211 607 232 634 si
259 606 305 634 ille
328 605 478 639 conlidens,
498 605 571 641 quod
595 613 645 641 ego
669 606 740 633 alam
761 606 862 641 ipsum,
892 606 920 632 in
953 605 1010 633 otio

211 651 358 688 perduret?
391 651 463 679 Satis
488 655 529 678 est
551 650 602 678 tibi
629 649 664 678 ab
695 658 728 678 eo
750 650 852 684 divelli,
882 654 910 678 et
944 650 1010 678 nihil

211 695 317 724 ﬁducia:
346 695 478 731 impertiri
498 696 532 729 ei,
558 695 710 724 ostendens
731 699 758 723 te
781 695 805 723 ei
821 695 908 723 irasci.
926 697 963 724 At
988 695 1010 723 si

210 748 301 776 neque
316 740 366 768 hac
381 740 487 768 ratione
511 740 676 776 corrigatur,
691 744 720 768 tu
744 744 838 768 tamen
860 740 961 768 interea
975 748 1010 768 ne

211 793 300 813 cesses
314 785 350 813 illi
365 784 536 813 benefacere.

245 832 336 858 Vnns.
356 834 398 858 14.
416 830 524 864 Quodsi
537 831 598 865 quis
620 838 673 857 non
694 830 782 858 obedit
806 831 885 858 verbo
906 833 1007 862 nostra,

206 884 255 911 per
283 875 434 911 Epr‘stolam
457 875 530 902 hunc
563 878 658 903 notate.
689 875 810 910 Quidam
844 875 915 911 λόγῳ
936 874 1007 910 ἡμῶν

718 183 976 212 THEOPHYLACTI
999 185 1177 212 BULGARUE
1196 185 1350 212 ARCHIEP.

956 255 1012 275 non
1026 249 1053 279 A
1068 250 1143 284 σθαι,
1168 246 1212 276 ἵνα
1235 246 1341 277 ἐσθίωσι
1355 247 1400 276 τὸν
1415 248 1516 277 ἑαυτῶν
1535 248 1631 286 ἄρτον,
1653 247 1691 285 μὴ
1715 248 1757 276 τὸν
1782 249 1846 277 ἄλλο·

1791 187 1846 213 1356

1066 303 1147 331 τριον.
1177 292 1219 322 Οὐ
1243 290 1295 332 γὰρ
1320 292 1359 321 δεῖ
1395 291 1489 325 αὐτοὺς
1520 292 1682 321 ἀποϐλέπειν
1709 294 1744 325 εἰς
1773 294 1847 322 ἄλλων

1065 337 1168 376 χεῖρας.

1112 381 1242 419 «Ὑμεῖς
1271 380 1317 417 δὲ,
1337 381 1464 421 ἀδελφοὶ,
1500 381 1538 419 μὴ
1576 382 1744 417 ἐκκακήσητε
1784 385 1847 412 καλο-

1065 429 1209 460 ποιοῦντες.
1226 437 1240 454 »
1255 423 1330 465 ⁸Ορα
1342 450 1350 464 ,
1367 428 1422 459 πῶς
1439 426 1530 460 εὐθέως
1558 426 1730 461 κατεκλάσθη
1752 427 1783 456 τὰ
1805 439 1846 455 πι-

1065 472 1142 510 τρικὰ
1169 471 1329 511 σπλάγχνα,
1357 472 1450 504 εὐθέως
1468 472 1562 504 αὐτοὺς
1584 471 1690 506 ἐλέησε.
1717 473 1847 501 Στέλλεςθε

1067 515 1130 554 μὲν,
1157 516 1252 555 φησὶν,
1280 515 1326 544 ἀπ’
1342 517 1429 544 αὐτῶν
1459 516 1504 544 καὶ
1525 516 1684 555 χωρίζεσθε·
1713 517 1750 554 μὴ
1774 518 1846 554 μέντοι

1065 572 1094 600 γε
1120 561 1215 597 ἐάσητε
1239 561 1311 599 λιμῷ
1344 561 1531 600 διαφθαρῆναι.
1558 561 1593 591 Τί
1617 556 1680 597 οὖν,
1703 561 1735 590 ἂν
1757 564 1846 602 θαρᾅν

1064 605 1178 643 ἐκεῖνος,
1192 605 1231 634 ὅτι
1253 604 1305 644 ἐγὼ
1324 605 1411 644 τρέφω
1433 605 1526 641 αὐτὸν,
1553 605 1664 645 ἐπιμένῃ
1684 607 1786 645 ἂργίῦνς
1804 606 1848 645 Ἀρ-

1065 652 1106 679 κεῖ
1120 662 1161 680 σοι
1177 650 1206 679 τὸ
1232 650 1387 680 στέλλεσθαι
1412 649 1458 679 ἀπ’
1474 651 1568 687 αὐτοῦ,
1591 650 1638 679 καὶ
1662 651 1699 688 μὴ
1723 651 1847 688 μεταδιδό-

1063 706 1106 723 ναι
1131 697 1203 734 αὖτῷ
1219 694 1371 735 παῤῥησίαν
1383 718 1392 733 ,
1407 694 1560 724 ἐνδεικνύων
1577 695 1618 724 ὅτι
1634 695 1739 734 ὀργίζῃ.
1751 695 1811 726 Ἐὰν
1826 696 1847 725 δὲ

1064 739 1131 778 μηδὲ
1147 739 1215 770 οὕτω
1229 740 1381 779 διορθῶται,
1402 739 1472 768 ἀλλὰ
1488 739 1519 768 σὺ
1536 739 1573 778 μὴ
1589 740 1743 779 ἐκκακήσῃς
1756 762 1763 776 ,
1778 740 1846 780 φησὶ,

1063 786 1213 814 καλοποιῶν
1229 785 1317 814 αὐτόν.

1108 840 1123 858 (ι
1140 830 1174 859 Εἰ
1196 829 1224 859 δέ
1238 841 1276 863 τις
1290 830 1340 868 οὐχ
1357 828 1486 858 ὑπακούει
1508 830 1546 868 τῷ
1561 829 1633 868 λόγῳ
1649 830 1740 867 ὑμῶν,
1754 829 1793 858 διὰ
1806 831 1846 864 τῆς

1063 873 1225 909 Ἐπιστολῆς
1251 877 1342 904 τοῦτον
1366 876 1564 911 σημειοῦσθε.»
1593 873 1671 907 Τινὲς
1697 874 1762 911 μὲν,
1780 876 1846 912 «Tt;

211 928 259 956 per
282 931 296 953 η
317 920 452 955 legerunt,
467 919 541 948 unde
562 923 589 948 et
609 920 648 947 sic
664 919 856 948 intellexerunt
880 929 886 946 :
906 920 934 948 Si
948 920 990 956 qui

1073 918 1132 959 ιόγῳ
1159 920 1235 957 ἡμῶν
1251 930 1282 955 n,
1307 919 1474 957 ἀνέγνωσαν,
1491 917 1534 948 διὰ
1549 919 1646 956 τοῦξη.
1665 918 1748 948 Ὅθεν
1762 919 1804 947 καὶ
1812 919 1847 947 οἵ·

207 969 301 993 autem
330 965 383 992 mei
410 965 487 993 Pauli
513 964 596 992 verbo
625 973 681 993 non
712 964 830 997 obediat,
856 972 905 1001 per
932 965 1004 992 hanc

208 1010 358 1046 Epistolam
393 1009 473 1038 veluti
514 1010 646 1046 loquenti,
675 1009 748 1037 hunc
783 1014 886 1043 notate,
922 1014 1004 1045 atque

207 1055 303 1082 habete
328 1054 409 1082 veluti
445 1058 628 1091 segregatum.
656 1054 744 1082 Divus
765 1058 857 1082 autem
883 1056 1005 1083 Joannes

207 1099 421 1135 Chrysostomus
445 1099 521 1134 legit,
549 1099 629 1135 ὓμῶν,
657 1107 706 1135 per
729 1109 743 1125 υ
778 1099 870 1135 sicque
907 1099 1004 1127 intelli-

205 1144 325 1180 gendum
340 1143 413 1171 hunc
434 1144 525 1172 locum
548 1144 627 1172 nobis
641 1143 763 1172 ostendit
789 1153 795 1171 :
814 1143 841 1172 Si
868 1143 930 1180 quis
948 1151 1003 1172 non

206 1197 313 1217 morem
338 1189 406 1225 gerit
429 1188 516 1223 vobis,
540 1188 693 1217 dicentibus
717 1188 751 1217 ad
766 1188 855 1225 ipsum
876 1196 936 1225 quae
955 1196 1003 1224 per

205 1234 353 1271 Epistolam
368 1234 440 1262 hanc
452 1241 544 1262 meam
560 1233 701 1262 didicistis.

240 1281 273 1308 Et
296 1287 328 1307 ne
351 1280 574 1307 commisceamini
601 1287 660 1306 cum
675 1279 733 1311 illo,
756 1282 785 1306 ut
808 1279 1000 1312 confundatur.

203 1325 298 1353 Viden’
326 1332 386 1361 qua:
409 1325 444 1352 sit
468 1324 570 1352 utilitas
593 1332 657 1352 eum
690 1323 829 1360 separari?
851 1331 948 1360 nempe
971 1328 1003 1352 ut

204 1369 308 1406 pudore
321 1369 467 1398 afﬁciatur.
482 1368 565 1405 545
579 1369 605 1397 Si
620 1369 694 1397 enim
705 1368 745 1396 vel
761 1368 924 1404 simpliciter
933 1368 1000 1396 acci-

203 1423 277 1451 pere,
295 1413 398 1450 pudore
408 1414 539 1450 dignum;
551 1417 654 1450 quanto
670 1413 771 1449 magis,
786 1413 808 1442 si
830 1418 891 1450 post
909 1421 1002 1449 segre-

203 1460 341 1496 gationem
363 1458 537 1487 exhiberem?
557 1460 655 1495 Magna
672 1458 744 1486 enim
757 1458 898 1494 quondam
920 1466 1000 1494 poena

202 1504 346 1532 videbatur
359 1504 522 1540 segregatio,
542 1503 590 1531 sed
608 1503 690 1532 hodie
717 1503 809 1531 minus
830 1502 915 1531 habet
929 1511 999 1539 pon-

201 1549 282 1578 deris.
298 1549 326 1577 Si
340 1549 414 1577 eoim
430 1548 591 1584 simpliciter
613 1549 648 1576 ab
662 1548 752 1576 otioso
766 1547 899 1584 segregari
922 1555 1000 1584 opor-

202 1594 289 1628 tebat,
306 1598 408 1629 quanto
420 1594 506 1630 magis
520 1593 554 1620 ab
568 1593 645 1620 aliis?

236 1641 326 1666 νεεδ.
350 1641 392 1665 15.
416 1640 449 1666 Et
474 1638 555 1665 nolite
573 1638 654 1672 quasi
671 1638 810 1664 inimicum
835 1638 999 1671 existimare,

201 1683 248 1711 scd
269 1683 408 1710 admonete
426 1684 457 1709 ut
480 1683 605 1716 fratrem.
625 1681 740 1709 Perinde
769 1689 802 1709 ac
829 1689 893 1709 cum
918 1689 999 1718 supra

200 1727 323 1761 dixisset,
339 1727 392 1763 Qui
405 1735 461 1755 non
476 1730 616 1762 operatur,
626 1734 714 1762 neque
727 1726 886 1761 manducet,
901 1727 1000 1755 metuit

200 1781 234 1800 ne
252 1773 320 1800 tales
344 1771 418 1799 fame
442 1775 565 1808 pereant,
581 1771 699 1807 ideoque
719 1770 820 1805 intulit,
840 1772 891 1800 Vos
909 1774 999 1800 autem

200 1818 283 1845 nolite
303 1817 414 1853 deﬁcere
445 1816 649 1850 bene/actentes.
670 1817 751 1844 Hunc
775 1815 812 1843 ad
833 1815 948 1844 modum
973 1820 999 1844 et

200 1870 272 1890 nunc
281 1861 383 1895 dicens,
392 1863 431 1889 Ne
441 1861 677 1892 commisceamim‘,
687 1860 789 1888 metuit
797 1868 831 1888 ne
843 1859 896 1889 hoc
908 1860 997 1897 ipsum

200 1914 265 1934 eum
280 1906 394 1934 omnino
406 1905 598 1941 desperantem
609 1913 622 1932 a
632 1904 803 1933 fraternitate
817 1904 997 1933 exscinderet.

200 1953 346 1988 Propterea
357 1951 476 1979 addidit:
486 1951 576 1979 Nolite
589 1952 671 1985 quasi
680 1951 819 1978 inimicum
829 1951 996 1985 existimare,

201 1996 248 2025 sed
276 1996 424 2024 admonete
452 1999 483 2023 ut
507 1994 620 2024 fratrem
660 2004 668 2022 :
701 1999 728 2023 et
751 1998 896 2031 postquam
926 1995 994 2024 elee-

198 2049 345 2078 mosynam
353 2040 472 2074 dederis,
484 2040 510 2068 in
510 2040 602 2076 junxit
608 2044 637 2067 ut
644 2039 802 2074 admoneas,
809 2048 864 2068 non
872 2044 899 2068 ut
905 2048 997 2077 expro-

199 2087 270 2120 bres,
286 2089 316 2114 ut
331 2090 358 2114 et
379 2085 472 2113 animo
493 2089 520 2113 et
543 2092 657 2120 corpore
681 2084 843 2113 beneﬁcium
868 2085 896 2112 in
920 2085 996 2113 illum

198 2130 363 2159 conferatur.
384 2130 435 2165 Qui
454 2129 569 2158 fratrem
584 2129 725 2163 admonet,
741 2137 798 2158 non
813 2129 921 2165 publice
943 2134 996 2158 tra-

197 2175 273 2204 ducit
286 2175 427 2212 injuriam,
451 2173 500 2203 sed
524 2174 650 2211 privatim
666 2173 718 2202 hoc
741 2173 818 2208 facit,
834 2174 916 2211 idque
934 2183 997 2203 cum

1061 975 1112 997 τως
1127 964 1237 1000 ἐνόησαν
1248 976 1254 982 ·
1272 964 1304 994 Εἰ
1321 964 1349 993 δέ
1365 975 1404 997 τις
1424 964 1475 1002 οὐχ
1497 962 1626 993 ὑπακούει
1642 965 1681 1003 τῷ
1706 963 1778 1004 λόγῳ
1791 965 1845 1000 ἐμοῦ

1058 1011 1103 1038 τοῦ
1130 1008 1255 1045 Παύλου,
1275 1009 1313 1048 τῷ
1338 1008 1381 1037 διὰ
1403 1008 1630 1044 τῆς-Ἐπιστολῆς
1657 1007 1756 1043 ταύτης
1778 1008 1843 1037 οἱονεὶ

1059 1054 1197 1089 λαλοῦντι,
1221 1055 1312 1082 τοῦτον
1335 1055 1510 1091 σημειοῦσθε,
1535 1052 1581 1082 καὶ
1611 1052 1686 1092 ἔχετε
1709 1054 1746 1086 ὥς
1758 1054 1846 1092 ἀφωρι-

1059 1098 1164 1135 σμένον.
1179 1098 1214 1128 Ὀ
1227 1097 1394 1137 δὶμακοίριος
1406 1097 1544 1134 Ἰωάννης,
1560 1111 1572 1124 ι
1586 1097 1679 1135 Ἱ’μῶν
1688 1120 1696 1132 ,
1715 1110 1726 1122 ι
1738 1098 1842 1135 ἀνέγνω,

1058 1143 1101 1172 διὰ
1115 1145 1160 1172 τοῦ
1179 1156 1204 1180 υ,
1218 1143 1263 1172 καὶ
1282 1142 1380 1172 ἔδωκεν
1394 1142 1460 1180 ἡμῖν
1482 1142 1565 1178 νοεῖν,
1585 1142 1626 1172 ὅτι
1643 1142 1677 1171 Εἴ
1688 1153 1727 1175 τις
1743 1142 1768 1160 ¹²
1778 1143 1844 1170 ἀπει-

1057 1190 1095 1217 θεῖ
1113 1189 1173 1226 ὓμῖν
1184 1210 1191 1224 ,
1209 1187 1315 1227 λέγουσι
1331 1187 1396 1227 πρὸς
1422 1187 1500 1216 αὐτὸν
1523 1187 1540 1216 ἃ
1562 1186 1606 1216 διὰ
1627 1189 1673 1223 τ’ἦς
1689 1188 1756 1225 ἐμῆς
1771 1186 1844 1216 Ἐπι-

1058 1233 1154 1268 στολῆς
1169 1231 1267 1268 ταύτης
1287 1232 1411 1270 ἐμάθετε.

1114 1288 1128 1305 (ι
1146 1278 1199 1307 Καὶ
1213 1276 1250 1315 μὴ
1266 1276 1494 1316 συναναμίγνυσοε
1520 1277 1607 1316 αὐτῷ,
1630 1276 1673 1306 ἵνα
1689 1276 1813 1316 ἐντραπῇ.
1830 1287 1841 1304 n

1057 1321 1159 1362 Ὁρᾷς,
1184 1321 1223 1355 τίς
1238 1324 1254 1357 ἡ
1270 1321 1384 1362 ὠφέλεια
1399 1323 1446 1351 τοῦ
1471 1316 1538 1351 εἶναι
1555 1321 1634 1351 αὐτὸν
1657 1320 1845 1361 ἆρωρισμένονξ

1057 1367 1097 1396 Τὸ
1113 1368 1286 1406 ἐντραπῆναι.
1307 1367 1340 1397 Εἰ
1365 1366 1417 1406 γὰρ
1443 1366 1489 1396 καὶ
1513 1365 1544 1395 τὸ
1567 1366 1661 1400 ἁπλῶς
1692 1366 1845 1404 λαμϐάνειν,

1058 1411 1185 1450 αἰσχύνης
1213 1411 1300 1446 ἄξιον
1321 1411 1397 1451 πόσῳ
1413 1412 1531 1450 μᾶλλον,
1560 1410 1624 1440 ὅταν
1651 1410 1698 1440 καὶ
1718 1410 1786 1448 μετᾶ
1807 1413 1846 1440 τοῦ

1057 1455 1213 1485 στέλλεσθαι
1240 1456 1420 1496 παρέσχοιεν;
1439 1455 1554 1494 Μεγάλη
1569 1454 1620 1495 γὰρ
1636 1456 1746 1489 κόλασις
1759 1457 1773 1484 ὁ
1788 1457 1847 1494 ἄφο-

1057 1500 1150 1540 ρισμὸς
1165 1500 1250 1530 ἐδόκει
1261 1501 1354 1530 πάλαι·
1371 1501 1429 1530 ἀλλ’
1441 1500 1501 1540 οὐχὶ
1513 1502 1570 1531 νῦν.
1588 1501 1622 1530 Εἰ
1636 1499 1688 1540 γὰρ
1699 1503 1747 1529 τοῦ
1766 1500 1848 1532 ἁπλῶς

1057 1546 1196 1585 ἀργοῦντος
1207 1545 1367 1586 χωρίζεσθαι
1381 1545 1448 1583 ἔδει,
1467 1545 1543 1586 πόσῳ
1559 1545 1661 1584 μᾶλλον
1678 1546 1731 1573 τῶν
1749 1544 1847 1580 ἄλλως

1099 1646 1114 1664 α
1131 1634 1186 1665 Καὶ
1213 1635 1252 1673 μὴ
1280 1636 1315 1668 ὡς
1349 1634 1440 1675 ἐχθρὸν
1466 1635 1588 1673 ἡγεῖσθε,
1619 1634 1687 1664 ἀλλὰ
1713 1636 1847 1664 νουθετεῖτε

1054 1680 1089 1714 ὡς
1105 1679 1227 1720 ἀδελφόν.
1243 1691 1258 1708 ι)
1271 1679 1379 1719 Ὥσπερ
1395 1679 1449 1709 ἄνω
1466 1679 1546 1710 εἰπὼν
1556 1703 1564 1718 ,
1575 1679 1617 1708 ὅτι
1631 1679 1666 1709 Ὁ
1685 1678 1726 1716 μὴ
1742 1680 1845 1719 ἔργαζό-

1054 1736 1130 1762 μενος
1140 1746 1148 1761 ,
1166 1724 1232 1763 μηδὲ
1251 1725 1360 1754 ἐσθιέτω
1371 1745 1379 1761 ,
1402 1724 1484 1754 ἔδεισε
1499 1723 1595 1764 μήπως
1609 1725 1681 1764 λιμῷ
1697 1724 1846 1753 ἀπόλωνται

1053 1770 1077 1798 οἷ
1093 1771 1226 1805 τοιοῦτοι,
1251 1769 1296 1798 καὶ
1312 1769 1445 1808 ἐπήγαγεν
1456 1781 1462 1787 ·
1482 1780 1496 1798 (ι
1515 1768 1609 1807 (Υμεῖς
1628 1769 1655 1798 δὲ
1679 1768 1718 1807 μὴ
1734 1768 1843 1805 ἐκκακῆ-

1053 1825 1118 1850 σητε
1143 1815 1358 1847 καλοποιοῦντες.
1379 1825 1392 1842 ι
1415 1813 1496 1844 Οὕτω
1510 1816 1555 1843 νῦν
1569 1812 1670 1849 εἰπὼν,
1691 1825 1706 1842 tr
1726 1813 1774 1849 Μὴ
1795 1825 1846 1842 συν-

1053 1858 1232 1897 αναμίγνυσθε
1243 1869 1257 1888 n
1268 1881 1276 1895 ,
1294 1858 1412 1898 ἐφοϐήθη
1421 1881 1429 1895 ,
1441 1858 1479 1897 μὴ
1499 1862 1576 1889 τοῦτο
1586 1857 1649 1887 αὐτὸ
1660 1858 1761 1898 ἐκκόψῃ
1775 1858 1844 1888 αὑτὸν

1052 1904 1190 1937 παντελῶς
1211 1905 1258 1940 τῆς
1285 1904 1460 1944 ἀδελφότητος
1483 1902 1642 1942 ἀπογνόντα.
1668 1904 1717 1933 Διὸ
1743 1903 1789 1932 καὶ
1804 1904 1844 1931 ἐπ-

1050 1947 1134 1986 ήγαγε
1145 1960 1152 1966 ·
1171 1959 1184 1977 (ι
1202 1948 1247 1984 Μὴ
1257 1949 1292 1982 ὡς
1303 1948 1397 1988 ἐχθρὸν
1409 1951 1514 1986 ἡγεῖσθε
1523 1959 1552 1984 ιι,
1568 1948 1638 1977 ἀλλὰ
1650 1950 1801 1978 νουθετεῖτε
1815 1949 1844 1980 ὡς

1052 1993 1162 2032 ἀδελφόν
1175 2004 1181 2011 ’
1198 1993 1243 2022 καὶ
1269 1992 1337 2031 μετὰ
1358 1992 1387 2022 τὸ
1402 1993 1510 2030 δοῦναι,
1530 1994 1658 2024 νουθετεῖν
1675 1992 1844 2032 προσέταξεν,

1051 2038 1100 2067 οὐχ
1120 2037 1264 2074 ὀνειδίζειν,
1288 2039 1323 2071 ὡς
1351 2037 1382 2067 ἂν
1397 2037 1443 2067 καὶ
1457 2038 1587 2079 ψυχῇξκαὶ
1615 2038 1719 2077 σώματι
1739 2038 1842 2078 εὐεργε-

1051 2084 1140 2117 τῆται.
1176 2081 1210 2112 Ὁ
1241 2083 1352 2123 ἀδελφὸν
1377 2084 1519 2119 νουθετῶν,
1541 2084 1588 2112 οὐκ
1613 2081 1778 2121 ἐκπομπεῦει
1802 2082 1842 2118 τὴν

1051 2126 1142 2167 ὕϐριν,
1168 2127 1227 2157 ἀλλ’
1251 2127 1303 2168 ἰδία
1329 2129 1406 2157 τοῦτο
1428 2129 1500 2157 ποιεῖ
1524 2127 1570 2157 καὶ
1586 2127 1654 2166 μετὰ
1679 2127 1841 2167 προσηνείας.

1052 2171 1202 2210 Ἀλγῶμεν,
1225 2172 1324 2211 φησὶν,
1341 2173 1390 2212 οὐχ
1417 2171 1458 2201 ὅτι
1488 2172 1612 2211 διδόαμεν
1637 2173 1774 2212 ἀργοῦντι,
1791 2171 1842 2200 ἀλλ’

198 2220 419 2250 mansuetudine.
433 2220 531 2248 Doleat
547 2219 635 2252 nobis,
652 2219 748 2255 inquit,
762 2227 819 2247 non
833 2219 894 2255 quia
908 2219 990 2248 otiosr

1073 2228 1091 2245 rt
1106 2216 1268 2256 παραϐαίνει
1291 2216 1334 2246 τὸν
1354 2217 1434 2255 νόμον
1457 2219 1502 2246 τοῦ
1520 2218 1608 2254 Θεοῦ,
1637 2217 1683 2246 καὶ
1698 2218 1732 2250 ὡς
1748 2216 1792 2246 ἐπὶ
1807 2228 1841 2245 νο-

197 2265 379 2301 impertimus,
398 2265 446 2293 sed
459 2265 521 2301 quia
547 2263 748 2300 transgreditur
774 2264 861 2300 legem
878 2264 940 2299 Dei,
965 2273 997 2292 ac

197 2310 276 2337 veluti
290 2319 339 2346 pro
354 2314 458 2346 aegroto
472 2310 622 2345 lugeamus.
639 2308 761 2337 Audiant
768 2308 859 2344 itaque
875 2309 922 2345 qui
938 2317 996 2337 non

196 2354 286 2382 solum
304 2362 359 2382 non
377 2354 537 2390 impertiunt
555 2353 669 2390 aliquid,
691 2361 785 2381 verum
797 2353 881 2382 etiam
895 2358 996 2382 contu—

195 2398 278 2426 melia
298 2399 432 2433 afﬁciunt,
453 2403 533 2436 atque
549 2398 684 2435 lapidibus
711 2402 820 2435 petunt.
834 2399 951 2435 Propter
970 2403 996 2428 te

196 2443 322 2478 pauperie
347 2442 490 2479 afﬂigitur,
517 2447 548 2471 ut
578 2447 608 2471 tu
631 2451 679 2480 per
712 2443 887 2472 clementiam
908 2447 995 2478 tuam,

195 2495 279 2523 quam
294 2487 332 2514 illi
357 2487 479 2521 exhibes,
506 2487 617 2516 vulnera
644 2491 691 2516 tua
715 2496 810 2516 curare
836 2487 941 2524 possis:
965 2492 994 2516 tu

195 2537 260 2561 sunt
275 2532 328 2561 ista
340 2531 521 2567 stupiditatisl

229 2579 315 2606 νεεδ.
340 2580 382 2606 16.
408 2578 469 2612 Ipse
484 2585 545 2604 vero
568 2579 638 2605 Deus
653 2579 729 2612 pacis
747 2578 791 2605 det
811 2578 884 2607 vobis
900 2587 995 2614 pacem

194 2631 298 2659 semper
308 2624 382 2651 omni
392 2622 476 2651 modo.
488 2621 598 2658 Ubique
611 2626 673 2658 post
692 2621 892 2650 exhortationes
904 2631 995 2659 preca-

194 2668 297 2697 tionem
313 2668 402 2705 ponit,
421 2667 503 2696 veluti
528 2667 615 2703 sigilla
634 2666 762 2704 quaedam
783 2671 810 2696 et
829 2667 994 2704 obsignatio-

191 2721 241 2742 ncs
275 2714 458 2750 repositarum
489 2721 584 2742 rerum
613 2711 749 2742 orationes
775 2712 916 2749 adjiciens.
944 2713 995 2741 Hic

1050 2263 1138 2291 σοῦντι
1152 2263 1300 2298 πενθῶμεν.
1329 2261 1508 2291 ’Λκουέτωσαν
1522 2262 1545 2291 οἱ
1569 2262 1598 2291 οὗ
1614 2261 1692 2300 μόνον
1719 2261 1839 2297 διδόντες,

1051 2305 1120 2335 ἀλλὰ
1135 2305 1179 2335 καὶ
1195 2306 1413 2346 προσυϐρίζοντες
1423 2329 1430 2343 ,
1451 2306 1497 2336 καὶ
1512 2306 1594 2340 λίθοις
1617 2307 1769 2346 βάλλοντες.
1796 2305 1838 2336 Διά

1051 2349 1079 2379 σὲ
1106 2350 1227 2387 πένεται,
1251 2350 1295 2380 ἵνα
1316 2349 1349 2380 σὺ
1373 2351 1434 2390 ἔχῃς
1461 2353 1624 2390 θεραπεῦσαι
1648 2351 1681 2380 τὰ
1706 2350 1839 2390 τραύματά

1051 2407 1066 2424 σ
1113 2395 1128 2425 δ
1141 2395 1157 2424 ὰ
1189 2397 1205 2405 ’⁸
1248 2396 1256 2407 ²
1307 2396 1315 2407 ⁷
1337 2395 1343 2404 ‘
1415 2397 1431 2425 λ
1546 2395 1553 2405 ¹
1660 2394 1666 2405 ‘
1703 2394 1711 2407 ‘
1751 2397 1768 2404 "
1823 2394 1831 2414 ν’

1067 2407 1096 2425 ου
1131 2407 1138 2424 ι
1173 2407 1220 2431 της
1235 2407 1270 2429 εις
1286 2408 1364 2425 αυτον
1385 2407 1413 2436 φι
1434 2398 1584 2436 ανθρωπιας
1598 2419 1607 2434 ,
1625 2407 1670 2424 και
1686 2408 1717 2425 συ
1733 2407 1783 2424 των
1800 2395 1837 2422 Eu

1049 2438 1078 2470 σὲ
1094 2440 1237 2479 πενόμενον
1255 2440 1426 2478 ἂπελαύνεις;
1444 2441 1535 2477 Πόσης
1550 2440 1723 2476 ἀναισθησίας
1745 2441 1837 2469 ταῦταέ

1050 2492 1113 2513 vero
1126 2492 1190 2514 eum
1206 2485 1253 2521 qui
1269 2485 1309 2513 tui
1330 2493 1411 2514 causa
1435 2486 1514 2521 inops
1538 2489 1590 2520 est,
1606 2485 1730 2521 repellis?
1752 2483 1838 2520 Qualis

1095 2585 1110 2604 ιι
1133 2573 1217 2608 Αὖτὸς
1232 2575 1259 2604 δὲ
1274 2577 1287 2604 ὁ
1310 2574 1379 2608 Θεὸς
1403 2576 1449 2610 τῆς
1465 2575 1568 2614 εἰρήνης
1589 2574 1644 2615 δῴη
1668 2575 1729 2614 ὑμῖν
1743 2574 1787 2610 τὴν
1802 2575 1833 2602 εἶ-

1050 2619 1130 2659 ρήνην
1149 2619 1292 2653 διαπαντὸς
1308 2620 1334 2649 ἐν
1362 2619 1441 2649 παντὶ
1456 2620 1557 2660 τρόπῳ.
1571 2630 1586 2649 ι)
1603 2621 1746 2659 Πανταχοῦ
1772 2618 1833 2658 μετὰ

1049 2664 1095 2698 τὰς
1125 2664 1294 2704 παριινέσεις
1321 2665 1368 2698 τὰς
1398 2665 1478 2705 εὖχὰς
1505 2664 1625 2702 τίθησιν,
1655 2664 1744 2704 ὥσπερ
1767 2662 1832 2694 τινὰς

1050 2709 1195 2749 σφραγῖδας
1223 2709 1268 2739 καὶ
1295 2709 1436 2750 σήμαντρα
1462 2712 1515 2740 τῶν
1541 2708 1830 2749 ἀποτεθησαυρισμένων

887 2776 982 2806 Varia
1005 2777 1155 2806 lectiones.

229 2828 250 2846 ¹²
265 2828 286 2855 εἰ
300 2829 325 2856 δέ
337 2839 372 2860 τις
387 2837 415 2858 ο.
