1890 3077
48 197 115 224 1357

491 196 664 224 EXPOSITIO
684 197 716 224 IN
738 197 840 224 EPIST.
861 197 882 224 ll
902 198 948 224 AD
967 198 1082 226 THESS.
1103 213 1136 219 —
1157 200 1231 228 CAP.
1253 201 1296 228 lll.

1641 205 1708 232 l358

45 258 174 292 ἐπιτιθεὶς
203 259 253 293 τὰς
279 259 369 299 εὐχάς.
389 259 441 289 Καὶ
466 259 576 288 ἐνταῦθα
592 255 648 295 οὖν,
676 258 766 295 ἐπειδὴ
786 259 849 292 εἰκὸς

935 260 998 294 itur,
1012 261 1076 296 quia
1099 261 1242 291 verisimile
1256 268 1316 292 erat
1331 272 1438 300 pugnas
1462 265 1527 293 oriri
1556 266 1591 293 ab
1605 265 1703 302 hujus-

46 304 141 343 μάχας
168 303 294 343 γίνεσθαι
321 303 373 332 ἀπὸ
402 306 452 333 τῶν
480 303 603 333 τοιούτων
629 305 774 344 ἀφορμῶν,
798 305 850 332 τῶν

46 349 94 386 μὲν
122 348 330 389 ἆφοριζομένων
356 347 526 388 τραχυτέρων
555 348 714 387 γινομένων,
741 350 795 376 τῶν
824 348 850 377 δὲ

46 393 164 432 ἐχόντων
182 394 276 422 οὖχέτι
297 398 351 426 τοῖς
376 394 500 426 τοιούτοις
520 394 643 422 διδόντων
672 393 850 432 εὖπροούμως·

46 438 156 471 εἰκότως
173 438 286 477 εἰρήνην
300 440 387 470 αὐτοῖς
402 436 556 477 ἐπεύχεται,
573 439 618 466 καὶ
638 449 652 466 ι(
667 437 818 471 διαπαντός.
833 449 847 466 n

46 484 134 512 Τοῦτο
150 483 207 522 γάρ
237 484 294 512 ἐστι
312 483 342 511 τὸ
366 482 542 521 ζητούμενον,
560 482 628 512 ὥστε
653 482 693 511 ἀεὶ
711 482 781 522 ἔχειν
806 483 852 510 αὖ-

47 527 108 562 τήν·
125 527 201 556 ἀλλὰ
218 527 264 556 καὶ
277 538 291 555 ιι
310 528 336 556 ἐν
352 527 432 556 παντὶ
447 526 536 567 τρόπῳ
555 541 566 553 υ
579 551 588 566 ,
603 527 672 556 ὥστε
699 526 851 565 μηδαμόθεν

47 573 116 610 ἔχειν
143 571 311 611 φιλονεικίας
335 571 478 611 πρόφασιν,
503 571 572 610 μήτε
597 571 650 600 ἀπὸ
672 571 760 610 λόγου,
785 571 851 609 μήτε

47 615 99 645 ἀπὸ
117 615 215 655 ἔργου.
235 615 316 646 Οὕτω
338 616 400 656 γὰρ,
419 616 509 655 φησὶν,
526 617 555 645 οὐ
580 617 704 655 χαλεπῶς
722 616 746 636 ⁸³
762 615 853 645 κάκεί-

46 673 104 694 νους
121 660 302 700 βελτιώσετε.
322 661 408 690 Οὐδὲν
423 660 474 700 γὰρ
499 661 568 690 οὕτω
587 661 772 699 συμϐάλλεται
789 660 853 700 πρὸς

46 705 75 734 τὸ
95 708 249 745 κατορθοῦν
266 705 284 734 ἃ
300 704 461 743 ϐουλόμεθα,
477 707 511 738 ὥς
533 705 563 734 τὸ
577 708 709 745 εἷρηναῖον
728 705 773 734 καὶ
789 705 853 734 ἀτά-

47 761 148 789 ραχον,
166 750 217 778 καὶ
234 750 265 779 τὸ
285 749 323 788 μὴ
341 749 410 788 μετὰ
433 750 575 789 ἀπεχθείας
605 751 690 780 δοκεῖν
712 751 851 790 ἐπιτιμᾷν.

89 851 105 868 ιι
119 838 156 869 Ὁ
173 838 276 879 Κύριος
288 839 355 877 μετὰ
368 839 474 869 πάντων
487 841 572 877 ὑμῶν.
585 851 600 868 ι)
616 841 704 870 Τοῦτο
714 840 758 869 χαὶ
770 842 784 869 ὁ
797 839 850 869 Κύ-

46 895 98 923 ριος
125 884 321 923 ἐπηγγείλατο·
349 895 364 912 ιι
379 883 449 913 Ἰδοὺ
467 884 519 922 ἐγὼ
547 885 604 922 μεθ’
619 886 694 923 ὑμῶν
717 885 771 922 εἶμι
799 884 851 913 ποί-

46 940 92 961 σας
107 928 158 962 τὰς
182 928 300 967 ἡμέρας.
322 939 336 957 n
360 928 425 977 Ἐδιν
440 925 514 962 οὗτος
530 929 581 964 εἴη,
604 929 760 977 φησὶ,-μεθ’
777 930 850 977 ὑμῶν
871 945 891 977 Β

45 974 167 1009 πάντων,
195 975 250 1002 τῶν
275 985 304 1002 τε
332 972 482 1013 ἀργούντων
516 973 629 1009 δηλαδὴ,
655 974 700 1003 καὶ
727 976 779 1003 τῶν
813 973 850 1011 μὴ

47 1017 175 1046 τοιούτων
187 1041 196 1056 ,
216 1018 304 1047 πάντα
325 1018 360 1047 τὰ
385 1019 470 1057 ἀγαθὰ
496 1018 580 1048 ἔσται.
600 1018 668 1052 Τούς
681 1030 708 1048 τι
731 1019 782 1059 γὰρ
798 1020 852 1058 ἆρ-

47 1065 160 1100 γοῦντας
201 1062 323 1100 ἰάσεται,
353 1062 398 1092 καὶ
425 1064 484 1096 τοὺς
519 1063 709 1103 ἐργαζομένους
742 1064 851 1100 ἐπιστη-

65 1107 85 1117 ,.

49 1119 124 1146 ριςει.

87 1166 99 1178 ι
114 1151 152 1182 ¢0
170 1152 314 1190 ἀσπασμὸς
377 1154 428 1192 ἐμῇ
444 1152 514 1192 χιιρὶ
528 1153 648 1182 Παύλου.
667 1166 679 1178 ν
695 1152 850 1191 Ἀσπασμὸν

47 1197 124 1226 καλεῖ
150 1196 203 1233 ¹τὴν
230 1196 330 1235 εὐχὴν,
355 1196 455 1230 δεικνὺς
481 1197 521 1227 ὅτι
547 1197 592 1226 καὶ
617 1197 662 1226 ὅτε
687 1197 852 1232 ἀσπάζεσθαι

48 1241 116 1277 ἔδει,
133 1242 209 1279 μετὰ
224 1241 331 1281 κέρδους
357 1244 538 1279 πνευματικοῦ
563 1242 593 1271 τὸ
616 1247 728 1282 πρᾶγμα
749 1238 780 1278 ἧν
805 1242 851 1272 καὶ

49 1286 144 1326 εὐχῆς,
160 1285 225 1316 ἀλλ’
240 1288 291 1326 οὐχ
307 1286 398 1319 ἅπλῶς
413 1286 501 1327 φιλίας
517 1286 660 1325 σύμϐολον.

92 1386 106 1404 α
129 1375 172 1406 Ὅ
202 1377 257 1405 ἐστι
284 1379 393 1414 σημεῖον
423 1376 449 1405 ἐν
480 1375 554 1416 πάσῃ
584 1375 750 1416 Ἐπιστολῇ
781 1377 851 1406 οὕτω

49 1419 153 1460 γράφω.
180 1431 196 1448 n
221 1421 290 1460 Πρὸς
308 1420 338 1450 τὸ
357 1420 395 1458 μὴ
419 1423 626 1461 παραποιεῖσθαι
647 1420 694 1453 τὰς
710 1422 850 1454 ἐπιστολάς

47 1476 96 1501 μου
120 1464 202 1505 παρά
221 1476 300 1493 τινων
324 1464 486 1494 ἀπατεώνων
503 1466 587 1501 (τοῦτο
603 1464 665 1504 γὰρ,
690 1467 726 1498 ὡς
750 1465 795 1494 χαὶ
819 1467 844 1494 ἐν

48 1509 116 1548 ἀρχῇ
135 1509 264 1547 εἴπομεν,
289 1509 391 1539 ἐποίουν
416 1509 536 1547 πολλοὶ),
553 1510 617 1547 ἐγὼ,
634 1509 728 1545 φησὶν,
743 1511 846 1546 ὑποση-

49 1553 135 1590 μαίνω
151 1556 186 1594 τῇ
200 1555 251 1593 ἐμῇ
261 1553 342 1593 χειρί.
363 1565 378 1582 (ι
393 1554 440 1584 Ἐν
455 1554 529 1593 πάσῃ
541 1565 555 1582 n
571 1555 598 1583 δὲ
612 1568 625 1580 α
641 1554 801 1593 Ἐπιστολῇ,

49 1596 110 1632 ἴσως
132 1598 348 1638 πεμφθησομένῃ
365 1599 430 1638 πρὸς
452 1600 520 1637 ὓμᾶς
533 1599 574 1635 ,ἢ
601 1599 647 1628 καὶ
671 1599 774 1634 ἁπλῶς,
801 1599 847 1629 Ἐν

48 1642 120 1682 πάσῃ
140 1645 176 1683 τῇ
191 1642 254 1682 πρὸς
270 1643 391 1677 οὕστινας
407 1643 514 1678 δήποτε.

91 1687 156 1717 «'H
187 1688 264 1727 χάρις
298 1691 343 1717 τοῦ
376 1688 474 1727 Κυρίου
510 1690 587 1726 ἡμῶν
612 1687 703 1722 Ἰησοῦ
731 1689 846 1728 Χριστοῦ

49 1731 115 1768 μετὰ
143 1732 251 1762 πάντων
276 1734 361 1771 ὑμῶν.
382 1731 506 1771 Ἀμήν.»
533 1732 586 1762 Καὶ
601 1732 698 1772 ἤρξατο
721 1732 774 1762 ἀπὸ
798 1735 846 1769 τῆς

49 1776 169 1816 χάριτος,
186 1776 231 1806 χαὶ
246 1780 290 1807 νῦν
307 1776 388 1806 πάλιν
405 1779 440 1810 εἷς
458 1777 506 1812 τὴν
521 1777 599 1817 χάριν
615 1778 780 1816 ἀποτελευτᾷ
796 1777 843 1813 τὴν

49 1819 231 1859 Ἐπιστολὴν,
265 1821 426 1861 ἑκατέρωθεν
454 1821 543 1861 ὥσπερ
581 1821 705 1860 μεγάλοις
737 1822 844 1862 τειχίοις

51 1866 261 1906 ἀσφαλιζόμενος
285 1866 319 1895 τὰ
340 1866 481 1905 λεγόμενα,
504 1867 548 1895 καὶ
567 1866 701 1904 θεμελίους
718 1868 844 1906 ἀσφαλεῖς

49 1911 138 1951 τιθεὶς,
156 1911 202 1940 καὶ
218 1911 290 1945 τέλος
315 1911 421 1950 ἐπάγων
441 1910 568 1951 ἀσφαλές.
587 1911 652 1940 Ἐὰν
667 1911 718 1950 γὰρ
734 1914 750 1947 ἡ
766 1912 843 1951 χάρις

50 1949 137 1992 ᾗμεθ’
162 1957 235 1993 ὑμῶν
258 1957 274 1990 ἡ
298 1956 323 1990 ἐξ
346 1949 431 1996 ἀρχῆς
450 1949 563 1986 σώσασα
587 1949 677 1994 ἡμᾶς
692 1949 780 1990 πάσας
798 1949 844 1990 τὰς

50 1999 186 2034 ἀσθενείας
219 2001 294 2038 ὓμῶν
331 2001 490 2040 παρόψεται.
523 2002 610 2030 Τοῦτο
636 2001 686 2040 γὰρ
722 2001 840 2040 χάριτος·

52 2042 127 2073 ἔσται
155 2044 193 2083 δὲ,
216 2044 260 2074 ἐὰν
277 2044 314 2082 μὴ
338 2046 436 2080 ταύτην
452 2044 574 2080 διώξητε.
591 2045 626 2074 Ἦ
647 2045 724 2084 χάρις
745 2045 840 2084 εὐγνώ-

51 2099 112 2125 μοσι
142 2091 241 2128 ψυχαῖς
272 2090 380 2125 ἐνοικεῖ,
417 2089 555 2126 ἁπλότητα
587 2090 631 2118 καὶ
670 2090 842 2130 φιλαδελφίαν

49 2132 182 2171 ἐχούσαις.
213 2133 319 2163 Γένοιτο
346 2134 468 2166 τοιαύτας
496 2134 541 2163 καὶ
578 2136 652 2172 ἡμεῖς
682 2133 729 2168 τὰς
755 2135 842 2175 ψυχὰς

51 2176 167 2216 ἔχοντες,
192 2177 238 2207 καὶ
259 2178 431 2219 φιλαδελφίαν
460 2178 685 2217 ἔπιδεικνύμενοι,
712 2179 756 2208 καὶ
784 2180 843 2214 τοὺς

49 2223 322 2263 παρασφαλλομένους
338 2223 430 2263 τυχὸν,
449 2224 483 2257 ὡς
509 2223 636 2264 ἀδελφοὺς
652 2226 842 2261 νουθετοῦντες,

49 2265 93 2295 καὶ
118 2272 186 2297 πᾶσι
213 2267 317 2307 τρόποις
343 2268 390 2304 τὴν
418 2270 502 2298 αὐτῶν
534 2269 670 2309 διόρθωσιν
704 2269 771 2307 μετὰ
795 2272 842 2306 τῆς

49 2310 112 2350 πρὸς
135 2311 229 2346 αὖτοὺς
254 2312 358 2352 εἰρήνης
377 2312 615 2352 κατεργαζόμενοι,
631 2313 682 2343 ὑπὸ
698 2315 743 2349 τῆς
764 2314 840 2354 χάρι-

49 2366 89 2388 τος
104 2356 312 2397 φρουρηθείημεν
335 2360 381 2387 τοῦ
397 2357 497 2397 Κυρίου
513 2360 588 2395 ἡμῶν
612 2358 703 2397 Ἰῃσοῖι
719 2360 835 2398 Χριστοῦ

49 2401 92 2428 τοῦ
129 2402 348 2442 προσλαϐομένου
377 2404 458 2442 ἡμᾶς,
485 2403 529 2431 χαὶ
556 2403 770 2442 προσαγαγόντος
800 2405 837 2442 τῷ

51 2444 137 2484 “arpi
163 2448 189 2476 ἐν
215 2446 284 2487 ἁγίῳ
319 2446 470 2485 Πνεύματι·
493 2442 514 2487 ᾧ
545 2447 642 2486 πρέπει
667 2452 740 2477 πᾶσα
766 2447 839 2483 δόξα,

48 2489 123 2528 τιμὴ,
146 2491 191 2520 καὶ
218 2491 408 2530 προσχύνησις,
435 2494 478 2521 νῦν
510 2493 554 2521 καὶ
579 2492 618 2521 ἀεὶ
649 2492 694 2521 καὶ
721 2493 756 2525 εἷς
784 2492 842 2525 τοὺς

49 2533 95 2560 αἶ’ν
178 2538 194 2544 Ν
264 2535 271 2545 Ι
355 2535 362 2546 9
414 2536 422 2546 Ι

77 2546 145 2568 ωνοις
160 2548 211 2564 των
226 2537 338 2564 αἰωνων.
358 2538 445 2575 Αμην.

93 2635 106 2651 γ
117 2631 215 2659 Matth.
235 2639 350 2665 xxvui,
364 2635 408 2660 20.

905 305 979 332 modi
995 306 1192 341 occasionibus,
1209 315 1273 336 cum
1288 309 1304 336 ii
1316 309 1361 345 qui
1373 314 1546 345 separantur,
1557 311 1708 346 asperiores

904 349 1068 386 redduntur,
1081 351 1319 388 opulentioresth
1333 362 1388 381 non
1403 354 1532 382 alacriter
1546 355 1704 384 istiusmodi

906 394 970 422 viris
982 395 1153 431 impertiunt,
1170 396 1242 425 haud
1260 398 1400 426 immerito
1418 407 1512 435 pacem
1531 400 1570 428 eis
1584 405 1706 436 exoptat,

907 448 1019 474 («imque
1041 449 1153 475 semper.
1184 443 1243 469 Hoc
1266 442 1339 470 enim
1371 447 1412 470 est
1434 444 1509 479 quod
1537 445 1643 480 quaerit,
1677 450 1708 473 ut

906 492 1016 520 semper
1030 485 1119 521 ipsam
1136 486 1258 514 habeant
1273 497 1279 514 :
1300 491 1384 524 atque
1399 488 1466 515 adeo
1488 491 1563 516 omni
1574 491 1662 522 modo,
1678 495 1708 518 ut

907 529 979 556 nulla
993 537 1026 557 ex
1053 535 1131 565 parte
1145 531 1329 559 contentionis
1344 533 1383 560 eis
1397 533 1506 561 occasio
1528 534 1706 570 relinquatur,

906 581 994 610 neque
1016 582 1048 602 ex
1073 575 1168 608 verbo,
1190 583 1279 612 neque
1302 584 1334 604 ex
1361 585 1452 612 opere.
1482 578 1527 606 Sic
1550 579 1622 606 enim
1646 579 1704 612 ﬁet,

907 618 1004 654 inquit,
1019 623 1049 646 ut
1058 619 1127 647 citra
1137 619 1325 648 difﬁcultatem
1338 621 1400 649 illos
1411 622 1446 649 ad
1459 623 1605 651 rectiorem
1619 624 1704 651 vitam

906 665 1049 692 revocetis.
1074 664 1148 692 Nihil
1167 665 1242 693 enim
1254 670 1312 693 tam
1328 666 1394 694 utile
1409 666 1443 694 ad
1462 667 1658 702 perﬁciendum
1673 676 1703 696 ea

907 716 969 744 quae
986 709 1126 744 volumus,
1150 717 1232 745 quam
1255 710 1398 746 paciﬁcum
1422 719 1492 744 esse,
1517 720 1625 740 necnon
1646 717 1703 740 tur-

907 753 1018 781 batione
1039 762 1145 788 vacare,
1166 762 1254 790 neque
1284 763 1316 782 ex
1338 755 1401 783 odio
1431 756 1516 784 videri
1538 765 1706 794 quemquam

907 798 1060 834 objurgare.

945 845 1070 871 Dominus
1089 852 1148 871 cum
1168 845 1290 871 omnibus
1305 846 1389 873 vobis.
1403 846 1464 873 Hoc
1482 846 1556 873 enim
1574 847 1706 874 Dominus

909 888 1035 923 promisit
1047 899 1054 915 :
1068 891 1133 916 Em'
1144 897 1193 923 ego
1206 889 1341 917 vobiscum
1355 898 1416 917 sum
1427 891 1552 918 omnibus
1576 891 1669 918 diebus
1683 897 1704 918 ι.

908 933 935 960 Si
965 933 1024 966 iste,
1040 933 1140 968 inquit,
1167 941 1232 961 cum
1261 934 1389 962 omnibus
1420 935 1498 962 vobis
1530 935 1613 963 fuerit
1646 940 1703 963 tam

905 978 1002 1005 otiosis
1017 977 1130 1010 scilicet,
1145 986 1229 1013 quam
1243 987 1300 1007 non
1314 979 1421 1012 otiosis,
1437 980 1530 1007 omnia
1551 979 1622 1007 bona
1639 988 1701 1008 con-

907 1022 1012 1058 lingent
1045 1032 1051 1050 :
1076 1023 1170 1050 otiosis
1193 1023 1267 1051 enim
1297 1023 1461 1059 medebitur,
1497 1029 1526 1053 et
1557 1029 1702 1062 operantes

906 1067 1037 1095 ﬁrmabit.

942 1173 1030 1199 Vsas.
1052 1175 1095 1199 17.
1111 1172 1246 1200 Saluiatio
1260 1180 1320 1199 mea
1344 1180 1428 1200 manu
1451 1173 1541 1200 Pauli.
1561 1173 1706 1201 Salutatio-

906 1224 970 1244 nem
985 1216 1103 1252 appellat
1113 1216 1278 1250 orationem,
1293 1215 1416 1245 indicans
1426 1218 1500 1253 quod
1512 1226 1575 1245 cum
1586 1218 1705 1246 salutare

904 1261 1096 1295 conveniebat,
1109 1269 1166 1289 non
1177 1261 1236 1289 sine
1253 1261 1336 1297 546
1357 1261 1433 1289 lucro
1453 1262 1584 1298 spirituali
1603 1267 1630 1291 et
1644 1271 1703 1291 ora-

903 1306 978 1334 tione
992 1314 1022 1334 ea
1037 1314 1080 1334 res
1092 1310 1172 1340 esset,
1191 1310 1218 1334 et
1230 1313 1284 1334 non
1304 1306 1466 1342 simpliciter
1484 1307 1612 1336 amicitia:
1630 1316 1705 1345 sym-

905 1351 1010 1378 bolum.

941 1397 1016 1429 Quod
1029 1399 1068 1424 est
1085 1398 1193 1430 signum
1213 1399 1241 1424 in
1257 1399 1330 1425 omni
1346 1398 1479 1432 Epistola,
1495 1399 1536 1425 ita
1550 1398 1647 1425 scribo.
1663 1399 1704 1425 Ne

904 1440 1218 1477 depraventurepistolzn
1229 1450 1298 1470 mem
1308 1450 1323 1470 ει
1332 1441 1496 1478 quibusdam
1506 1442 1702 1476 impostoribus

906 1485 968 1520 (hoc
991 1485 1074 1519 enim,
1091 1486 1202 1521 perinde
1223 1495 1255 1514 ac
1269 1487 1297 1514 in
1318 1486 1453 1522 principio
1472 1486 1605 1520 diximus,
1623 1486 1702 1515 iacie-

903 1530 971 1558 bant
986 1531 1130 1566 plerique),
1144 1539 1205 1567 ego,
1222 1531 1319 1567 inquit,
1341 1532 1472 1568 subsigno
1486 1539 1546 1560 mea
1562 1534 1701 1560 manu.1n

904 1577 977 1602 omni
988 1580 1080 1603 autem
1097 1578 1228 1611 Epistula,
1242 1585 1304 1613 quae
1327 1576 1441 1604 fortasse
1455 1576 1489 1604 ad
1504 1585 1552 1604 vos
1567 1577 1702 1605 mittenda

904 1625 965 1647 est:
979 1621 1019 1648 vel
1033 1621 1203 1657 simpliciter,
1217 1623 1250 1649 In
1268 1621 1353 1655 omni,
1369 1621 1404 1649 ad
1427 1629 1605 1658 quoscunque
1621 1622 1702 1650 etiam

867 1668 890 1699 (ζ
906 1665 990 1693 missa
1006 1665 1095 1693 fuerit.

941 1711 1032 1738 Vnus.
1050 1714 1091 1738 18.
1109 1712 1206 1739 Gratia
1222 1712 1332 1739 Domini
1345 1713 1432 1739 nostri
1443 1713 1506 1739 Jcsu
1530 1712 1632 1740 Christi
1644 1720 1703 1739 cum

903 1756 1026 1782 omnibus
1040 1756 1123 1782 vobis.
1148 1757 1244 1784 Amen.
1260 1758 1295 1783 Et
1318 1763 1334 1783 a
1361 1757 1446 1791 gratia
1465 1763 1544 1783 orsus
1565 1760 1617 1789 est,
1632 1761 1659 1784 et
1673 1757 1700 1784 in

901 1799 1019 1834 gratiam
1050 1807 1146 1827 rursus
1176 1800 1239 1827 ﬁnit
1271 1800 1428 1835 Epistolam,
1465 1801 1593 1836 utrinque
1618 1801 1700 1828 veluti

904 1843 1011 1879 magnis
1033 1844 1214 1872 munimentis
1246 1844 1360 1872 ﬁrmans
1386 1852 1448 1879 quae
1471 1844 1610 1876 dicuntur,
1637 1852 1699 1872 cum

902 1887 1081 1916 fundamenta
1087 1888 1167 1916 ﬁrma
1174 1893 1286 1924 tutaque
1295 1896 1411 1923 ponens,
1423 1893 1482 1916 tum
1493 1888 1575 1916 ﬁnem
1587 1889 1698 1916 ﬁrmum

903 1932 1049 1960 adducens.
1058 1933 1085 1962 Si
1099 1933 1174 1960 enim
1186 1933 1274 1969 gratia
1282 1933 1423 1960 vobiscum
1432 1932 1523 1966 fuerit,
1532 1941 1594 1970 quae
1603 1941 1617 1961 a
1629 1934 1702 1969 prin-

902 1978 971 2013 cipio
984 1978 1101 2006 servavit
1112 1986 1172 2012 nos,
1185 1986 1281 2006 omnes
1293 1978 1466 2006 inﬁrmitates
1478 1983 1580 2006 vestras
1593 1983 1700 2014 prazter-

904 2023 1016 2050 mittet:
1033 2022 1086 2050 hoc
1106 2023 1179 2050 enim
1203 2027 1245 2051 est
1261 2023 1368 2059 gratiae.
1391 2023 1451 2051 Erit
1477 2027 1581 2057 autem,
1604 2024 1626 2051 si
1641 2031 1701 2051 eam

902 2076 959 2095 non
981 2068 1124 2104 expellitis.
1147 2068 1239 2096 Gratia
1262 2068 1319 2103 pias
1331 2072 1437 2096 mentes
1452 2067 1556 2101 incolit,
1571 2068 1699 2104 simplici-

902 2117 989 2140 tatem
1005 2117 1032 2140 et
1046 2113 1195 2140 fraternam
1207 2113 1383 2140 dilectionem
1398 2113 1544 2141 habentes.
1559 2113 1637 2141 Faxit
1649 2113 1702 2140 itas

903 2166 956 2193 que
980 2161 1010 2185 ut
1031 2165 1083 2186 nos
1101 2157 1234 2193 ejusmodi
1259 2157 1401 2185 mentibus
1421 2158 1533 2191 imbuti,
1554 2157 1703 2186 fraternam

906 2203 1085 2231 dilectionem
1114 2203 1344 2233 demonstrantes,
1379 2206 1406 2230 et
1430 2206 1553 2230 errantes
1578 2202 1703 2236 fortasse,

867 2238 1039 2283 Dtanquam
1066 2246 1164 2275 fratres
1200 2246 1489 2281 commonefacientes,
1523 2247 1705 2282 omnibusque

903 2292 993 2320 modis
1007 2293 1130 2328 ipsorum
1143 2293 1342 2320 correctionem
1357 2299 1419 2319 cum
1433 2299 1498 2327 pace
1512 2291 1671 2325 efﬁcientes,
1687 2299 1702 2319 a

902 2337 990 2373 gratia
1012 2337 1124 2365 Domini
1140 2337 1227 2364 nostri
1241 2339 1255 2365 J
1260 2345 1306 2365 esu
1321 2336 1420 2364 Christi
1436 2336 1637 2368 custodiamur,
1659 2330 1706 2372 qui

903 2382 1052 2418 assumpsit
1075 2389 1137 2415 nos,
1163 2381 1345 2417 perduxitque
1364 2381 1398 2409 ad
1427 2382 1536 2409 Patrem
1558 2381 1586 2408 in
1604 2381 1705 2417 Spiritu

904 2431 1000 2455 sancto
1011 2437 1019 2454 :
1029 2435 1111 2462 quem
1126 2426 1204 2454 decet
1217 2426 1308 2454 omnis
1319 2426 1414 2462 gloria,
1429 2425 1518 2454 honor
1528 2430 1556 2454 et
1566 2426 1703 2460 adoratio,

899 2479 979 2500 nunc
992 2476 1020 2499 et
1031 2479 1149 2508 semper,
1166 2475 1193 2500 et
1205 2471 1232 2499 in
1243 2471 1342 2499 seacula
1356 2470 1533 2499 seculorum.
1550 2474 1649 2499 Amen.

738 2667 833 2698 Variae
856 2668 1008 2698 lectiones.

88 2724 109 2741 "
122 2725 170 2762 οὐχ
179 2726 264 2758 ἁπλῶς
278 2735 305 2754 ο.
