4032 6190
457 213 524 270 27
1772 213 2072 270 USUARDI
2114 213 2432 270 MONACHI
3675 220 3742 274 28

458 341 832 399 Theodericus
880 360 974 414 rex
1030 341 1381 414 tyrannidem
1414 340 1722 414 exercebat
1768 341 2041 414 iniquam,
2075 344 2120 398 A
2153 339 2304 411 scopi
2335 339 2764 414 et_confessoris.
2789 341 2850 396 In
2873 347 3059 414 monte
3076 339 3398 398 Oliveti.....
3426 341 3744 412 Mediolani,

459 423 582 486 post
619 431 899 486 excessum
955 411 1096 486 beati
1157 413 1338 486 Ultani
1379 413 1618 486 abbatis,
1643 412 1815 486 gratia
1845 411 2046 486 sanctae
2156 411 2445 486 conversio
2476 413 2650 468 sancti
2681 413 2999 486 Augustini,
3032 437 3050 458 ι
3094 422 3199 468 etc.
3230 421 3295 486 ut
3327 413 3384 468 in
3417 414 3592 484 prima
3619 411 3747 472 edi;

459 483 892 540 conversationis
922 484 1157 540 traditus
1191 486 1299 540 fuit
1326 485 1379 540 in
1411 484 1737 541 custodiam.
1770 485 2042 555 Scriptum
2158 484 2327 538 tione.
2353 483 2605 555 Pronum
2651 493 2731 540 est
2760 484 3070 551 observare,
3103 484 3384 554 praefatam
3416 483 3588 540 sancti
3629 489 3748 542 Au-

459 557 615 611 estin
641 557 766 610 Vita
791 557 978 624 ipsius.
1005 581 1022 602 ι
1054 557 1190 611 Tum
1215 556 1410 612 litteris
1429 556 1768 612 minoribus:
1805 582 1822 602 ‹
1853 554 2048 626 Brugis
2157 554 2362 626 gustini
2393 555 2834 621 conversionem,
2870 572 2978 610 non
3012 565 3136 610 ante
3166 557 3331 612 tinem
3362 557 3545 612 seaculi
3586 574 3659 611 xv
3689 559 3746 614 in

457 635 708 681 servatur
736 627 977 682 olIicium
1010 628 1078 682 de
1109 628 1254 683 bono
1280 630 1487 683 latrone
1516 645 1640 682 cum
1672 627 1891 684 Christo
1919 625 2046 682 cru-
2157 625 2402 680 Ecclesia
2449 626 2776 681 celebratam
2822 627 3012 694 fuisse,
3061 635 3153 682 aut
3183 629 3237 683 in
3282 629 3468 682 Fastos
3499 629 3745 684 relatam.

457 698 644 770 ciﬁxo.
669 723 686 743 ›
726 699 1011 754 Editinnes
1035 701 1156 754 alim
1177 701 1516 755 conveniunt
1531 715 1653 754 cum
1679 699 1852 770 prima
1885 700 1937 752 in
1961 699 2046 753 Jo-
2156 698 2290 752 Nam
2314 698 2405 768 qui
2437 697 2614 766 primo
2638 699 2878 770 citantur
2913 698 3073 754 codd.
3108 699 3435 764 Florentini,
3461 699 3750 770 antiquio-

458 768 704 842 viniano.
739 771 875 842 Tum
907 787 917 824 :
975 797 992 818 ε
1025 772 1083 826 In
1116 771 1323 839 Sicilia,
1353 771 1495 842 apud
1528 768 1787 842 oppidum
1815 770 2046 826 Leocha-
2158 785 2242 842 res
2278 785 2391 842 non
2430 775 2582 842 sunt,
2618 777 2681 842 _et
2726 769 2947 841 quidem
2995 786 3116 840 pars
3159 770 3442 841 potissima
3482 768 3634 826 abest
3681 771 3748 826 ab

459 847 590 913 tam,
625 841 742 896 sive
769 841 1057 910 Achatam,
1083 845 1260 896 natale
1291 839 1462 898 sancti
1489 839 1703 913 Aug—eli,
1729 867 1744 888 ι
1781 850 1885 896 etc.
1911 843 2045 896 Item
2157 839 2399 913 editione
2426 840 2655 895 Usuardi
2688 839 3008 896 Florentina
3036 839 3174 897 anni
3200 857 3548 913 mccccxxxw
3578 842 3658 898 sic
3685 849 3748 897 ut

458 909 515 964 in
569 913 889 985 Fortunato.
943 915 1003 969 In
1044 909 1335 969 Mauronte
1382 916 1544 985 paulo
1574 909 1906 970 contractior
1943 921 2042 985 est,
2157 910 2327 985 ferme
2353 912 2559 985 BnLiNo
2580 928 2642 967 ea
2662 913 3058 985 qualiscunque
3073 912 3519 969 commemoratio
3545 913 3746 970 adscri-

457 983 752 1056 utrobique
779 984 1152 1042 subobscurus
1181 1003 1192 1052 ;
1229 1002 1341 1040 rem
1365 981 1431 1040 ex
1464 986 1618 1041 Actis
1645 986 1846 1041 clarius
1876 983 2046 1056 perci-
2158 981 2339 1038 benda
2361 983 2452 1038 sit.

458 1055 592 1124 pies.
613 1054 691 1110 De
719 1057 1009 1126 Avertino,
1033 1065 1094 1112 ut
1115 1073 1297 1129 supra.
1335 1082 1352 1104 ι
1371 1058 1642 1113 Treveris.
1667 1057 1911 1112 Britonis
1935 1054 2045 1126 epi-

456 1207 641 1262 Pridie
668 1208 806 1263 Non.

527 1297 735 1353 Natalis
764 1297 910 1354 beati
942 1299 1168 1356 Joannis
1189 1299 1442 1371 apostoli,
1474 1297 1693 1372 quando
1722 1297 1790 1353 ab
1807 1296 2046 1369 Epheso,
2073 1296 2229 1367 jussu
2260 1298 2563 1353 Domitiani
2583 1298 2812 1355 Romam
2839 1297 3154 1371 perductus,
3182 1303 3236 1354 et
3263 1304 3529 1370 praesente
3555 1305 3751 1354 senatu

454 1394 580 1441 ante
608 1394 820 1458 portam
863 1387 1113 1443 Latinam
1149 1390 1204 1444 in
1238 1389 1343 1444 olei
1385 1387 1650 1444 ferventis
1687 1387 1899 1442 dolium
1942 1385 2140 1440 missus
2170 1392 2269 1451 est,
2303 1385 2397 1440 sed
2431 1387 2656 1442 minime
2688 1389 2869 1443 laesus.
2903 1387 3006 1444 Ubi
3048 1387 3252 1442 festum
3282 1386 3470 1442 eadem
3503 1385 3593 1442 die
3625 1402 3755 1442 con-

454 1493 675 1531 cursum
709 1476 900 1532 ﬁdeles
927 1478 1115 1548 populi
1135 1494 1308 1548 usque
1331 1476 1494 1530 hodie
1516 1477 1747 1530 faciunt.
1782 1475 2116 1539 Antiochim,
2135 1474 2310 1528 sancti
2344 1474 2543 1528 Evodii
2569 1475 2685 1548 qui,
2719 1485 2782 1531 ut
2814 1477 3004 1531 beatus
3033 1477 3278 1546 Ignatius
3294 1476 3510 1543 scribit,
3542 1477 3756 1548 primus

454 1565 658 1620 ibidem
692 1564 982 1634 episcopus
1001 1565 1067 1616 ah
1093 1563 1373 1634 Apostolis
1394 1563 1682 1617 ordinatus
1709 1569 1808 1618 est.
1844 1562 1945 1617 Hic
1966 1563 2204 1632 glorioso
2228 1565 2496 1635 martyrio
2523 1565 2667 1636 apud
2695 1565 2941 1621 eamdem
2972 1564 3164 1620 urbem
3189 1566 3362 1620 vitam
3391 1565 3596 1620 ﬁnivit.
3617 1567 3754 1621 Item

452 1654 626 1708 sancti
660 1651 816 1706 Lucii
849 1650 1202 1722 Cyrenensis,
1235 1652 1327 1724 qui
1362 1653 1505 1723 apud
1537 1653 1805 1724 Cyrenem
1847 1652 2060 1724 primus
2089 1653 2376 1724 episcopus
2417 1669 2449 1707 a
2486 1654 2690 1709 sanctis
2728 1653 3009 1725 Apostolis
3040 1654 3330 1708 institutus
3361 1661 3465 1721 est,
3500 1671 3663 1726 quem
3696 1655 3756 1711 in

451 1739 684 1796 Actibus
717 1741 1088 1811 apostolorum
1118 1740 1311 1796 beatus
1341 1741 1513 1797 Lucas
1532 1750 1945 1798 commemorat.
1978 1742 2040 1796 In
2073 1740 2282 1810 Africa,
2314 1749 2631 1798 sanctorum
2661 1750 2968 1814 martyrum
3001 1741 3306 1810 Heliodori,
3339 1742 3594 1811 Venusti,
3624 1760 3755 1800 cum

451 1829 579 1885 aliis
604 1831 949 1902 septuaginta
973 1831 1237 1904 quinque.

3575 1209 3674 1263 Die
3695 1208 3752 1266 6.

1974 1903 2208 1960 NOTAE.

523 2001 603 2055 Ex
623 2008 739 2056 toto
761 2001 882 2072 puri
906 2011 1032 2058 sunt
1049 2002 2047 2074 Praten.,Herinien.,Antverp.-Maj.,
2078 2010 2124 2068 Β
2153 2000 2295 2074 dein,
2328 2001 2637 2068 Levanien.,‘
2669 2000 2972 2072 Albergen.,
2995 1998 3180 2057 Danic.
3200 2006 3254 2054 et
3274 1999 3422 2056 Edit.
3456 1999 3760 2071 Ultraject.-

449 2071 999 2137 Muneratuiareven.
1036 2080 1082 2128 et
1105 2076 1307 2131 Molon.
1333 2075 1590 2130 Proxime
1617 2071 1886 2130 accedunt
1915 2077 2049 2130 Ant-
2158 2071 2307 2142 Belg.

450 2159 597 2215 verp.
631 2151 685 2200 et
713 2145 1348 2219 Max.-Lubec.,Antverp
1378 2149 1576 2215 -Ma.r.,
1610 2147 1907 2217 Πιῑνιιρεειεε.³
1928 2149 2049 2217 Ley-

1662 2253 2066 2311 VARIANTES
2109 2252 2517 2309 LECTIONES.

2151 2349 2384 2421 glorioso
2414 2349 2695 2420 martyrio,
2725 2349 2949 2406 brevius
2979 2351 3183 2421 posuit,
3216 2351 3300 2406 hic
3325 2351 3573 2421 gloriose.
3625 2350 3762 2408 Cae-

524 2353 584 2424 In
632 2350 956 2424 purioribus
1003 2351 1288 2408 codicibus
1335 2351 1402 2408 ad
1465 2369 1636 2424 pauca
1683 2352 2042 2424 reducuntur.

2151 2420 2251 2494 teri
2286 2419 2533 2494 Adonem
2561 2422 2744 2491 potius
2773 2439 2934 2494 quam
2964 2419 3270 2494 Usuardum
3293 2419 3447 2493 sequi
3469 2423 3758 2489 videntur,

452 2423 734 2477 Ilerinieu.
785 2431 839 2478 et
885 2424 1154 2478 Munerat.
1198 2441 1346 2479 more
1375 2423 1482 2479 suo
1521 2424 1770 2479 scribunt
1797 2423 2040 2479 Joannis.

451 2495 659 2565 Rursus
691 2494 968 2549 Herinien.
1008 2495 1136 2565 legit
1180 2495 1472 2551 Cirinensis
1501 2505 1554 2550 et
1588 2496 1830 2552 Cirenen.
1859 2496 2043 2550 Muni-

451 2573 551 2619 rat.
586 2564 766 2634 festive
794 2583 893 2636 pro
922 2564 1145 2634 festum:
1189 2567 1423 2621 Greven.
1463 2576 1515 2622 et
1543 2567 1748 2622 Molau.
1790 2566 2040 2622 Venuetii.

450 2637 528 2690 De
560 2635 805 2706 Aphrica’
848 2636 1058 2690 dictum
1098 2637 1262 2707 alibi.
1298 2637 1511 2707 Reliqui
1544 2637 1782 2702 codices,
1814 2645 2042 2706 excepto

450 2705 716 2786 Antverp.
741 2722 964 2786 m_a,ore,
996 2705 1263 2785 omittunt
1289 2705 1529 2786 primam
1561 2723 1772 2786 vocem,
1806 2705 2037 2786 Natalis.

451 2777 672 2845 Codex,
709 2778 802 2850 qui
832 2777 1142 2848 excipitur,
1173 2777 1330 2848 ponit
1370 2778 1567 2832 natale.
1610 2777 1760 2832 ldem
1792 2794 1911 2850 pro,
1943 2778 2042 2831 Hic

2151 2491 2283 2545 dum
2317 2492 2507 2561 legunt
2536 2493 2734 2548 melius
2753 2491 2806 2548 et
2831 2494 3054 2560 clarius,
3086 2495 3174 2547 ubi
3201 2491 3445 2562 festivum
3472 2496 3655 2550 eadem
3675 2495 3762 2548 die

2150 2579 2478 2635 concursum,
2507 2564 2761 2635 etc.,sed
2785 2566 3049 2635 Antverp.
3075 2572 3128 2620 et
3155 2565 3533 2621 Max.-Lubec.
3565 2582 3760 2622 navos

2150 2633 2288 2708 alios
2323 2633 2546 2708 habent,
2580 2634 2669 2708 uti
2692 2641 2772 2708 est
2795 2633 3010 2708 missus,
3037 2637 3253 2705 cursim,
3285 2652 3384 2708 pro
3412 2653 3761 2705 concursum,

2149 2710 2203 2757 et
2237 2703 2292 2756 in
2318 2706 2543 2758 Actibus
2573 2707 2882 2775 Helyodori,
2907 2714 3012 2762 etc.

1809 2880 2409 2938 OBSERVATIONES.

521 2983 872 3039 Laterculum
919 2991 1119 3049 totum,
1177 2981 1224 3039 si
1259 2981 1513 3036 ultimam
1563 2981 2041 3037 annuntiationem

449 3054 713 3124 excipias,
759 3071 826 3109 ex
875 3055 1120 3111 Romano
1181 3069 1348 3124 parvo
1401 3053 1787 3125 proficiscitur,
1827 3069 1950 3107 nam
1987 3051 2043 3104 in

449 3126 740 3196 praecipuis
769 3126 1096 3197 apographis
1126 3127 1576 3196 Hieronymianis
1605 3126 1671 3180 de
1699 3126 1902 3180 Joanne
1924 3131 2044 3178 ante

443 3203 658 3268 portam
689 3197 1168 3263 Latinam,Evodio
1206 3206 1257 3253 et
1295 3197 1454 3250 Lucio
1483 3214 1585 3252 nec
1626 3197 1854 3252 verbum
1896 3211 2044 3266 repe-

447 3268 574 3322 rias.
611 3269 688 3322 Ea
713 3277 894 3323 tamen
928 3269 1071 3323 inter
1099 3279 1314 3325 textum
1346 3276 1593 3323 nostrum
1637 3278 1691 3324 et
1737 3269 2043 3324 Romanum

2155 2982 2350 3056 stolam
2383 2981 2450 3056 ad
2481 2981 2862 3056 Philippenses
2891 2999 3002 3038 non
3034 2983 3166 3040 satis
3194 2993 3316 3056 apte
3345 2983 3456 3041 huc
3487 2985 3725 3042 reduxit
3751 3003 3764 3042 :

2155 3054 2230 3126 De
2258 3071 2359 3122 quo
2380 3055 2489 3124 ipse
2515 3055 2722 3110 Paulus
2741 3055 3163 3126 Philippensibus
3189 3054 3437 3122 scribens,
3468 3057 3581 3111 ait:
3613 3060 3768 3113 Evo-

2155 3125 2300 3177 dium
2330 3143 2455 3195 rogo
2501 3133 2547 3179 et
2579 3125 2889 3194 Syntychen,
2921 3135 3049 3193 etc.,
3092 3143 3200 3182 non
3250 3126 3400 3180 enim
3431 3126 3498 3182 de
3542 3129 3764 3184 Evodio

2156 3195 2274 3250 illic
2304 3197 2557 3252 meminit
2587 3198 2903 3268 Apostolus,
2948 3197 3043 3252 sed
3073 3198 3139 3252 de
3167 3197 3398 3262 Evodio,
3430 3205 3492 3252 ut
3518 3200 3764 3255 notissi-

2158 3283 2307 3340 mum
2337 3268 2664 3340 estuPaucis
2694 3269 2906 3340 colligit
2935 3269 3337 3340 Henschenius,
3371 3285 3491 3340 qua
3509 3269 3578 3326 de
3608 3272 3764 3325 Evo-

446 3355 675 3413 parvum
696 3339 1002 3413 diversitas
1025 3351 1125 3409 est,
1160 3341 1306 3413 quod
1337 3341 1589 3407 Joannes,
1625 3339 1716 3394 hic
1739 3338 2044 3413 _primo,ibi
2076 3354 2120 3412 ρ
2153 3337 2350 3413 dionin
2396 3339 2600 3413 tabulis
2643 3337 3292 3413 ecclesi—asticisireperit,
3338 3337 3440 3395 nec
3466 3341 3628 3411 plura
3663 3340 3766 3413 alii

446 3409 645 3483 _ultimo
695 3411 815 3466 loco
867 3409 1188 3483 reponatur:
1215 3413 1495 3483 Nusquam
1537 3428 1669 3466 vero
1723 3409 2041 3467 distinctius

445 3481 691 3554 locutum
721 3499 835 3554 esse
866 3481 1095 3537 Romani
1129 3485 1280 3552 parvi
1330 3481 1766 3554 compilatorem,
1829 3492 2040 3538 textum

445 3551 563 3621 ejus
587 3553 784 3620 legenti
819 3551 1166 3606 manifestum
1201 3555 1324 3606 erit.
1359 3551 1479 3607 Ado
1510 3555 1783 3623 prolixius
1803 3555 2040 3623 elogium

443 3623 605 3676 etiam
641 3623 818 3691 primo
850 3623 969 3676 loco
999 3623 1196 3676 Joanni
1225 3625 1454 3690 aptavit,
1491 3625 1643 3693 quod
1675 3625 1840 3678 soiito
1864 3625 2042 3679 nitore

442 3693 721 3766 contraxit
745 3693 960 3759 Noster,
983 3709 1141 3766 quem
1180 3693 1490 3766 mirumest
1533 3694 1820 3750 obscurius
1852 3695 2043 3766 legisse

444 3762 632 3836 [catum
653 3781 984 3831 concursum,
1001 3762 1109 3836 'ubi
1130 3765 1252 3819 Ade
1273 3764 1478 3820 clarius
1498 3775 1746 3835 posuerat
1775 3762 2039 3836 festivum.

444 3833 718 3916 Notkerus
750 3835 840 3916 hic
868 3851 1033 3916 supra
1062 3833 1577 3916 ductoremnsapuit,
1606 3833 2043 3916 a_ucto'pl_uribus

445 3855 718 3889 HOtKel'llS
750 3855 840 3891 mc
868 3855 1033 3916 supra
1062 3855 1345 3916 auctorem
1377 3855 1577 3905 sapuit,
1606 3855 1766 3894 aucto
1791 3855 2043 3963 pluribus

445 3913 510 3982 et
533 3907 864 3982 interpolato
911 3923 1030 3976 ejus
1052 3907 1466 3982 _e_logio._uQuae
1517 3925 1586 3962 ex
1616 3910 1781 3982 Tertu
1815 3911 1960 3982 liano
1990 3919 2043 3964 et

447 3979 786 4052 Hieronymo
813 3979 960 4034 circa
985 3977 1255 4052 celebrem
1282 3977 1434 4033 illam
1464 3981 1639 4035 sancti
1661 3981 1889 4036 Joannis
1916 3977 2042 4052 apo-

446 4050 572 4104 stoli
607 4048 934 4119 passionem,
987 4048 1145 4120 cujus
1176 4051 1359 4107 Roma
1399 4059 1668 4106 servatam
1721 4048 2039 4106 memoriam

448 4120 714 4184 vidimus,
763 4121 1091 4176 illustranda
1147 4129 1348 4186 essent,
1392 4121 1530 4176 bene
1580 4122 1649 4176 ab
1695 4123 2043 4178 Henschenio

448 4191 810 4247 remittuntur
824 4193 890 4248 ad
921 4192 1066 4248 diem
1095 4191 1212 4262 ejus
1242 4193 1476 4246 natalem
1509 4210 1671 4248 xxvn
1701 4195 2042 4250 Decembris.

447 4261 722 4388 Athiatur
750 4263 842 4319 hic
873 4261 1320 4320 Wandelbertus.
1349 4263 1577 4319 Joannis
1591 4266 1940 4337 triumphum
1965 4266 2044 4322 sic

448 4348 508 4388 ce
533 4349 561 4388 e
605 4345 761 4388 rans:

448 4345 728 4389 celebrans
749 4351 761 4389 Σ

573 4453 876 4503 Ρηεοειευῐη
903 4452 1066 4516 pridie
1099 4453 1364 4503 celebrant
1394 4455 1627 4506 Romana
1648 4454 1904 4505 Joannem

509 4515 723 4578 Templa
752 4517 862 4578 Dei,
902 4519 990 4582 qui
1017 4517 1165 4579 pleno
1191 4517 1361 4566 hausit
1385 4517 1449 4568 de
1473 4527 1676 4580 pectore
1711 4521 1946 4569 verbum.

517 4627 594 4679 De
626 4626 824 4700 Evodio
853 4625 1032 4682 nihilo
1062 4629 1187 4697 plus
1215 4627 1361 4683 dixit
1395 4629 1516 4684 Ado
1542 4627 1603 4700 in
1625 4628 2040 4700 Martyrologio,

447 4710 610 4769 quam
640 4696 696 4749 in
731 4698 975 4769 Romano
996 4696 1164 4769 parvo
1199 4707 1489 4769 repercrat,
1519 4699 1612 4753 sed
1646 4701 1699 4753 in
1735 4696 2046 4756 festivitatiL
2071 4708 2120 4765 D

444 4763 549 4820 bus
581 4763 1012 4841 Apostolorum;
1027 4769 1192 4822 verba
1222 4763 1276 4822 S'.
1310 4769 1748 4841 Ignatiirec'tat,
1791 4787 1910 4841 quae
1941 4772 2044 4826 No-

447 4843 559 4891 ster
590 4851 701 4890 non
727 4835 1038 4906 descripsit,
1081 4854 1150 4892 ex
1192 4845 1309 4892 toto
1341 4835 1552 4894 Adonis
1583 4835 1846 4895 contextu
1880 4841 2045 4901 breve

447 4923 605 4982 suum
629 4907 867 4982 elogium
900 4907 1233 4982 conficiens:
1262 4909 1359 4964 Hic
1377 4911 1608 4980 glorioso
1630 4912 1912 4982 martyrio,
1937 4922 2040 4972 etc.

445 4979 577 5045 Quae
623 4978 766 5050 apud
806 4979 1156 5034 Mosanilrum
1199 4978 1475 5049 leguntur,
1535 4978 2046 5050 ipsissim’um'sunt

448 5050 658 5107 Adonis
680 5051 824 5106 inter
846 5050 1174 5106 festivilates
1192 5054 1504 5107 encomium
1517 5053 1806 5110 .Notkerus
1822 5072 1912 5111 eas
1932 5072 2044 5114 non

446 5124 746 5193 consuluit,
779 5139 872 5196 qui
896 5129 1090 5195 praeter
1117 5123 1494 5195 Martyrologii
1528 5124 1713 5193 verba,
1747 5127 1901 5183 Pauli
1931 5131 2044 5202 epi-

2152 3409 2520 3482 tradiderunt.
2565 3411 2788 3466 Lucium
2837 3411 3004 3466 refert
3044 3409 3352 3466 Romanum
3399 3409 3636 3482 parvum
3677 3412 3770 3468 his

2151 3481 2365 3555 verbis:
2401 3484 2477 3555 Et
2505 3484 2558 3538 S.
2595 3482 2747 3555 Lucii
2779 3483 3112 3553 Cyrenensis,
3139 3484 3231 3551 qui
3265 3481 3566 3555 Cyrenaici)
3599 3485 3770 3555 Apo-

2151 3553 2298 3623 stolis
2327 3553 2593 3623 episcopus
2621 3553 2900 3608 ordinatus
2929 3559 3020 3608 est.
3056 3554 3262 3609 Caetera
3315 3554 3383 3609 ab
3425 3554 3617 3610 Adone
3654 3553 3769 3610 ad-

2146 3622 2364 3694 juncta,
2394 3622 2589 3679 Noster
2617 3625 2684 3680 ad
2709 3625 2937 3679 verbum
2967 3626 3273 3681 transtulit.
3313 3626 3476 3680 Recte
3501 3625 3770 3681 observat

2153 3695 2536 3767 Henschenius
2565 3696 2722 3766 plura
2752 3695 2844 3751 hic
2873 3712 2904 3750 a
2933 3696 3320 3767 Martyrologis
3353 3697 3522 3752 Lucio
3550 3695 3766 3752 adscri-

2152 3766 2230 3838 bi,
2255 3782 2417 3838 quam
2441 3783 2592 3822 sacer
2622 3773 2807 3822 textus
2823 3766 3175 3837 expresserit,
3199 3766 3403 3823 rectius
3434 3767 3692 3833 iacturis,
3717 3767 3768 3822 si

2153 3837 2296 3892 idem
2327 3839 2377 3892 ei
2421 3839 2660 3911 elogium
2707 3838 3052 3905 tribuissent,
3107 3838 3255 3911 quod
3286 3838 3450 3911 habet
3478 3838 3762 3911 Manahen

2153 3925 2290 3964 xxxv
2337 3910 2488 3976 Maii,
2538 3925 2736 3980 nempe
2765 3911 3059 3979 Prophetw,
3107 3910 3170 3964 ac
3198 3910 3451 3974 doctoris,
3481 3910 3576 3963 sub
3607 3911 3766 3963 Νουο

2159 3981 2501 4053 Testamento.
2535 3981 2755 4053 Nequeo
2785 3980 3058 4050 conjicere
3083 3997 3150 4035 ex
3183 3997 3292 4053 quo
3309 3981 3536 4053 qualive
3565 3980 3767 4035 Hiero-

2153 4052 2306 4122 nymi
2338 4052 2650 4123 apographo
2681 4053 3025 4107 Heliodorum
3061 4060 3107 4106 et
3143 4052 3424 4108 Venustum
3459 4067 3578 4123 cum
3605 4068 3766 4123 Lxxv

2152 4123 2316 4178 sociis
2347 4121 2626 4195 Usu—ardus
2653 4124 2950 4194 acceperit,
2985 4140 3222 4195 quorum
3253 4123 3373 4178 loco
3402 4122 3546 4194 apud
3581 4121 3763 4195 Raba-

2154 4210 2284 4248 num
2316 4202 2370 4248 et
2410 4194 2714 4250 Notkerum
2762 4193 3049 4251 Marianas
3078 4204 3132 4250 et
3160 4195 3385 4249 Jacobus
3416 4193 3541 4249 cum
3589 4193 3769 4249 sociis

2152 4265 2354 4320 iterum
2379 4266 2802 4321 annuntiantur.
2833 4266 2890 4320 Si
2922 4273 3068 4321 recte
3097 4265 3474 4321 Henschenius
3499 4279 3768 4318 numero-

2153 4353 2265 4391 sam
2289 4337 2432 4406 apud
2455 4337 2782 4408 Hieronym.
2818 4345 3125 4408 martyrum
3155 4343 3391 4408 turmam
3421 4333 3763 4408 dispescuit,

2153 4405 2491 4476 Heliodorus,
2523 4405 2808 4464 Marianas
2848 4417 2901 4462 et
2944 4405 3169 4463 Iacobus
3211 4406 3278 4461 ad
3323 4405 3576 4460 eamdem
3609 4405 3766 4460 Afri-

2152 4495 2344 4534 canam
2369 4479 2658 4552 cohortem
2692 4479 2971 4552 pertinent
2998 4488 3099 4552 gat
3139 4479 3390 4535 Venustus
3421 4476 3494 4552 ad
3520 4476 3768 4552 legatio—

2152 4566 2314 4624 nem,_
2336 4551 2379 4604 si
2415 4552 2490 4624 ita
2525 4552 2670 4624 loqui
2693 4547 2865 4624 'licet,
2897 4550 3382 4624 Mediolauensern_
3403 4547 3762 4624 reducendus

2152 4629 2253 4677 est.
2285 4621 2442 4687 Quod
2473 4618 2607 4676 vero
2633 4623 2689 4675 in
2722 4621 3111 4676 Praetermissis
3153 4627 3308 4675 notat
3339 4618 3758 4684 Henscheuius,

2153 4710 2182 4746 a
2231 4694 2453 4748 Babano
2497 4692 2729 4746 indicari
2775 4692 3086 4747 Marianum
3129 4694 3366 4748 lectorem
3413 4699 3468 4745 et
3504 4688 3771 4745 Iacobum

2153 4764 2451 4828 diaconum,
2487 4762 2554 4816 de
2583 4763 2783 4834 quibus
2809 4780 2925 4817 xxx
2956 4763 3166 4834 Aprilis
3196 4781 3209 4828 ;
3245 4761 3449 4817 additae
3479 4779 3509 4815 a
3530 4759 3768 4834 Rabano

2153 4831 2793 4904 circumstantiae—plane
2839 4831 3156 4889 verosimile
3206 4834 3443 4888 faciunt.
3491 4831 3770 4904 Etrhunc

2155 4921 2346 4960 verum
2379 4903 2806 4981 martyriidiem
2845 4922 2982 4981 esse,
3016 4905 3092 4960 ibi
3125 4904 3518 4981 indicavimus.
3554 4903 3770 4981 Utcun-

2154 4993 2258 5048 que
2293 4994 2376 5032 res
2405 4973 2620 5044 habeat,
2652 4987 2799 5032 certa
2832 4977 3056 5031 videtur
3085 4985 3139 5032 et
3169 4976 3484 5031 indubitata
3511 4991 3582 5028 ex
3609 4973 3770 5028 codi-

2153 5047 2310 5104 cibus
2348 5047 2553 5104 nostris
2585 5048 2818 5105 Usuardi
2853 5048 3036 5104 lectio.

1901 5239 2284 5302 AUCTARIA.

519 5335 994 5411 Tunnacenujami
1021 5337 1312 5411 aliquoties
1360 5338 1535 5406 elogia
1565 5355 1674 5396 non
1718 5339 1862 5396 nihil
1895 5359 2038 5398 con-

448 5407 640 5479 traxit,
674 5408 819 5476 quod
850 5407 941 5463 hic
966 5407 1146 5466 denuo
1169 5410 1317 5479 fecit,
1345 5411 1652 5466 omittendo
1681 5413 1868 5479 verba,
1913 5439 1930 5460 σ
1949 5413 2039 5468 hic

449 5477 687 5552 glorioso
733 5480 998 5547 martyrio
1028 5483 1169 5552 apud
1209 5477 1453 5538 eamdem
1486 5483 1677 5538 urbem
1709 5477 1879 5538 vitam
1915 5484 2036 5539 ﬁni-

449 5547 558 5630 vn,
585 5573 602 5594 ι
655 5551 733 5604 De
757 5556 954 5603 cetero
983 5547 1314 5630 purissimus
1337 5563 1437 5611 est.

520 5620 1033 5694 Puusmsngmagis
1065 5626 1290 5681 mutilus
1315 5635 1415 5694 est,
1462 5625 1689 5692 omittit,
1752 5649 1771 5672 α
1809 5625 1906 5680 ubi
1936 5625 2038 5682 fes-

450 5699 587 5760 tum,
619 5717 636 5738 ι
681 5700 784 5747 etc.
821 5692 892 5746 Et
915 5691 983 5748 de
1013 5695 1226 5749 Evodio
1257 5714 1357 5752 nec
1384 5691 1616 5753 verbum
1648 5691 1830 5753 habet.

519 5764 814 5822 Roswnso.
849 5762 1046 5836 incipit
1074 5782 1084 5819 :
1135 5789 1151 5812 ε
1174 5767 1379 5838 Romae,
1410 5769 1639 5827 Joannis
1670 5777 1795 5826 ante
1823 5776 2037 5842 portam

2147 5337 2420 5400 Latinam,
2451 5361 2469 5383 ι
2503 5335 2705 5392 deinde
2734 5335 3003 5407 reliquam
3035 5342 3222 5407 textus
3253 5333 3429 5390 nostri
3463 5327 3768 5403 periodum

2149 5409 2279 5464 huic
2308 5408 2470 5463 initio
2499 5407 2761 5480 adaptans
2799 5425 2824 5480 :7
2859 5406 2880 5454 ⁷‹
2910 5406 3141 5480 Quando
3173 5406 3341 5473 idem,
3375 5430 3393 5451 ν
3435 5411 3542 5458 etc.

2219 5481 2410 5553 Betis.
2444 5479 2634 5553 multis
2664 5496 2745 5534 me
2775 5479 2880 5544 vis,
2899 5485 2974 5553 _ut
3003 5479 3159 5546 solet,
3194 5492 3472 5553 respersus
3499 5479 3601 5553 est,
3629 5487 3778 5553 quo-

2148 5567 2268 5604 rum
2298 5551 2391 5606 hic
2413 5552 2743 5623 praecipuus,
2772 5549 2920 5623 quod
2949 5558 3139 5623 contra
3171 5545 3384 5604 textum
3416 5545 3484 5600 de
3528 5569 3546 5591 -
3579 5545 3774 5599 Lucio

2148 5622 2452 5693 Cyrenensi
2486 5647 2503 5670 ι
2546 5621 2720 5693 egerit
2753 5621 2873 5677 loco
2904 5621 3124 5693 ultimo.

2221 5694 2538 5750 CENTULEN.
2578 5686 2605 5748 ἴ
2640 5717 2657 5741 ι
2677 5694 2884 5749 Natalis
2913 5692 3087 5748 sancti
3117 5690 3345 5746 Joannis
3366 5686 3601 5761 apostoli
3623 5693 3776 5761 ante

2147 5773 2359 5841 portam
2418 5765 2670 5821 Latinam
2718 5767 2925 5823 Romae.
2961 5761 3295 5830 Antiochiae,
3329 5757 3505 5817 sancti
3549 5757 3771 5814 Evodii
