4050 6178
267 206 334 265 :9
1348 202 1983 263 MARTYROLOGIUM.
2042 238 2083 247 υ
2132 208 2339 265 MENS.
2382 208 2533 265 MAI.
2978 164 2985 173 ο
3522 218 3592 276 30

180 417 189 426 υ
267 331 555 426 martyris,
588 329 684 426 qui
718 325 1360 426 prirnushpostrbeaturon
1383 328 1629 426 Ferrem,
1673 330 1883 387 Antio—
1912 335 1962 394 Α
1991 332 2196 426 Felagi
2226 350 2378 414 papae
2408 334 2594 426 primi,
2621 342 2675 389 et
2690 334 2984 426 Theodosii
3007 336 3295 426 principis,
3318 349 3374 397 et
3396 345 3592 414 sepul-

266 398 498 464 chenam
535 398 685 458 rexit
711 398 1247 458 ecclesiam.Eodem
1271 399 1383 467 die,
1401 409 1715 456 sanctorum
1742 419 1880 457 mar-

268 486 459 560 tyrum
494 472 805 560 Heliodori,
842 471 1099 560 Venusti,
1125 472 1681 560 Rostunii,_Marimi,
1713 475 1883 555 Nice-

268 542 352 607 tii.
384 563 514 603 cum
543 545 674 600 aliis
702 560 882 599 Lxxn.
910 568 929 588 ι
970 543 1091 597 Jam
1119 542 1368 598 diximus
1398 544 1455 599 in
1486 543 1883 601 Observatione

270 618 635 677 Heliodorum
667 630 953 685 perperam
982 613 1143 685 jungi
1186 614 1435 669 Venusto
1483 623 1578 671 aut
1604 616 1730 671 aliis
1758 617 1883 672 Me-

270 688 710 749 diolanensibus.
744 685 891 742 Vide
922 692 1336 757 preterearquae
1366 686 1582 743 notavit
1607 688 1879 744 Hensche-

274 765 405 820 nius
436 760 546 817 hic.
578 758 875 830 Sequitur:
915 756 937 804 ἑ
962 756 1350 830 Antisiodoro,
1382 759 1559 830 sancti
1598 759 1882 815 Valeriani

275 832 538 908 episcopi,
568 828 693 903 post
726 828 1368 908 sanetum-Peregrinum
1402 829 1573 908 tertii.
1608 855 1627 879 ι

350 899 707 961 BnustlaN.
754 926 773 960 ς
818 899 1004 973 Sancti
1034 899 1272 973 Joannis
1292 900 1525 973 apostoli
1564 908 1619 956 et
1647 917 1877 973 evange-

277 978 435 1034 listae.
460 975 564 1042 Qui
592 973 755 1046 jussu
783 970 1089 1046 Domitiani
1118 971 1305 1046 fratris
1334 970 1466 1039 Titi,
1491 972 1733 1046 secunda
1761 970 1877 1046 per-

273 1043 779 1118 secutione,'quam
837 1044 955 1118 ipse
1002 1049 1125 1113 post
1167 1043 1437 1118 Neronem
1489 1043 1878 1118 exercuit,’_ab

270 1119 492 1192 Epheso
524 1113 595 1174 ad
625 1113 818 1172 urbem
850 1115 1081 1192 Romam
1120 1113 1876 1192 perductus,_praesente_8e-

270 1185 426 1257 natu,
448 1199 576 1245 ante
606 1196 822 1261 portam
849 1185 1500 1261 Latinam,'in__fer_ventis
1526 1187 1632 1261 olei
1664 1186 1875 1243 dolium

270 1264 496 1329 missus,
512 1257 1032 1330 sed'minimelaesus
1063 1265 1163 1313 est.
1198 1257 1353 1330 Unde
1384 1264 1496 1330 tam
1527 1257 1699 1330 libera
1719 1274 1879 1330 pcena

270 1328 667 1404 exivit,iquam
707 1348 739 1386 a
789 1328 1144 1404 corruptione
1172 1329 1355 1404 carnis
1386 1329 1495 1385 fuit
1527 1328 1812 1385 immunis.
1846 1354 1863 1377 ι

270 1406 403 1485 Quae
429 1400 619 1485 textui
649 1400 1119 1485 superadduntur,
1151 1417 1228 1457 ex
1255 1400 1451 1457 Adone
1480 1409 1701 1473 accepta
1725 1408 1874 1457 sunt.

271 1479 334 1534 In
365 1475 603 1547 reliquis
640 1475 770 1530 satis
801 1490 970 1547 purus
999 1481 1101 1528 est.

347 1542 722 1604 Haesuovsu.
742 1542 1032 1617 InJoanne
1052 1542 1266 1617 modice
1282 1544 1666 1617 interpolatus,
1690 1559 1880 1617 secuny

278 1619 353 1676 do
378 1620 510 1675 loco
538 1618 709 1673 habet
736 1633 747 1669 :
794 1640 812 1661 ι
848 1617 977 1672 Item
1012 1615 1067 1669 in
1107 1615 1356 1683 Salerno,
1386 1614 1675 1672 translatio
1704 1614 1880 1671 sancti

281 1690 536 1747 Mattbzei
564 1688 818 1760 apostoli,
845 1712 863 1733 ι
897 1687 1145 1742 Natalem
1164 1687 1407 1760 Matthaei
1438 1688 1604 1760 hodie
1632 1687 1879 1743 referunt
1906 1689 1953 1749 B

278 1763 468 1833 aliqua
498 1759 930 1833 Hieronymiana
948 1759 1278 1833 apographa.
1304 1760 1383 1815 De
1404 1759 1664 1833 omnibus
1689 1766 1880 1833 agetur

278 1829 390 1899 die,
416 1832 532 1903 quo
560 1829 785 1903 colitur,
818 1847 918 1886 xxI
948 1829 1304 1903 Septembris.
1352 1855 1369 1877 σ
1399 1832 1460 1886 In
1492 1831 1717 1903 Lauﬁ'en
1749 1831 1877 1903 Her-

276 1901 584 1976 bipolensis
604 1902 879 1976 dimcesis,
895 1901 1185 1976 translatio
1211 1911 1411 1976 sanctae
1434 1902 1749 1976 Reguisidis
1767 1902 1876 1976 vir-

310 1972 420 2030 inis
447 1982 503 2029 et
534 1974 869 2045 martyris.)
909 1975 969 2029 In
1001 1974 1154 2030 Actis
1182 1974 1486 2029 remittitur
1518 1972 1587 2029 ad
1618 1991 1693 2029 xv
1721 1972 1875 2029 Julii.

347 2055 596 2172 guunltutr
623 2044 746 2120 quae
774 2044 844 2101 ad
873 2052 1089 2101 textum
1110 2045 1407 2118 pertinent,
1431 2045 1689 2102 nonnihil
1713 2046 1876 2102 etiam

394 2134 492 2172 roo
517 2136 547 2172 a
573 2134 626 2172 a.

277 2118 626 2175 interpolata.

347 2134 671 2251 xiixii}.
705 2187 932 2245 Omittit
960 2185 1177 2260 quaerde
1218 2194 1409 2260 sancto
1440 2188 1587 2246 Luca
1621 2189 1680 2245 in
1722 2195 1881 2246 textu

278 2261 603 2329 recitantur,
632 2268 689 2316 et
726 2260 889 2315 aliter
918 2258 1203 2329 periodum
1234 2259 1516 2317 terminat.

348 2331 1098 2405 Marnxc.-Canros.-ULran
1107 2348 1257 2405 sor}
1275 2332 1502 2405 Joannis
1521 2339 1645 2388 ante
1665 2339 1880 2405 portam

282 2404 554 2460 Latinam.
579 2403 735 2459 Lucii
764 2402 1438 2476 Cyrenensis._Heli_odori,
1467 2402 1721 2471 Venusti,
1751 2420 1879 2476 cum

282 2476 408 2556 aliis
438 2492 590 2530 i.xxv
620 2473 1135 2556 martyrisojilvodii
1172 2474 1419 2556 episcopi
1448 2482 1503 2556 et
1532 2474 1816 2556 martyris.
1848 2500 1866 2523 ι

352 2547 625 2603 Variam.
656 2545 812 2601 num.
835 2545 1178 2603 5919.Deest
1200 2545 1478 2601 Heliodori
1501 2554 1556 2601 et
1579 2545 1876 2603 sociorum.

285 2616 587 2689 Adiectum
616 2618 798 2689 primo
824 2619 989 2674 loco:
1036 2642 1055 2664 ι
1101 2617 1309 2673 Natalis
1353 2618 1529 2673 sancti
1580 2616 1880 2689 Secundini

288 2688 541 2761 episcopi
571 2688 637 2743 et
654 2689 974 2761 confessoris
996 2689 1051 2761 in
1073 2696 1261 2745 sancta
1282 2688 1509 2761 Sophia.
1531 2688 1735 2761 Eodem
1769 2688 1878 2751 die,

287 2759 468 2832 sancti
490 2759 791 2832 Secundini
824 2760 1100 2832 martyris.
1136 2785 1154 2805 ι
1198 2759 1434 2827 Quinam
1469 2760 1581 2815 sint
1611 2760 1695 2815 illi
1740 2786 1758 2808 ι
1793 2762 1882 2816 Se-

285 2830 543 2903 cundini,
574 2829 891 2903 {hactenus
920 2829 1057 2903 mihi
1089 2832 1425 2903 nonliquet,
1444 2848 1545 2887 nec
1573 2831 1631 2887 in
1658 2832 1880 2887 Praeter-

289 2902 474 2975 missis
503 2901 571 2957 de
598 2900 667 2957 iis
694 2902 997 2975 quidquam
1032 2900 1431 2975 invenio—Non
1457 2903 1696 2959 arbitror
1730 2928 1747 2950 ι
1777 2903 1882 2959 Se-

285 2973 593 3029 cundianos
628 2997 647 3018 -
691 2973 948 3047 indicari,
980 2975 1168 3046 quales
1208 2974 1567 3047 hodierinter
1613 2983 1883 3047 martyres

284 3052 782 3101 connumerantur.
836 3045 1104 3117 Caeterum
1156 3046 1335 3117 primo
1388 3046 1507 3101 loco
1557 3062 1621 3101 ea
1672 3045 1884 3117 adjecta
1917 3045 1960 3104 C

287 3124 448 3181 sunt;
478 3117 736 3188 sequitur
764 3117 819 3170 in
852 3116 960 3171 ﬁne
993 3133 1004 3170 :
1034 3141 1051 3164 ι
1077 3116 1242 3188 Apud
1264 3116 1572 3188 Salernum,
1604 3116 1889 3176 translatio

289 3188 458 3242 sancti
491 3187 743 3260 blatthazi
770 3188 1006 3259 apostoli
1034 3195 1089 3243 et
1116 3187 1487 3260 evangelista.
1519 3212 1537 3235 ι
1573 3188 1891 3248 Consonant

287 3268 573 3315 sequentes
600 3258 841 3315 codices.

403 3346 695 3404 torres-rm.
717 3346 742 3404 Δ;
780 3354 797 3376 ι
828 3328 993 3404 Apud
1010 3328 1293 3386 Salernum
1304 3331 1624 3404 ,translatio
1645 3333 1889 3404 corporis

288 3400 459 3475 sancti
481 3401 731 3475 Matthaei
754 3401 989 3475 apostoli
1018 3409 1070 3475 et
1092 3402 1461 3475 evangelista.
1487 3404 1692 3470 Romae,
1712 3400 1885 3461 trans-

290 3472 417 3527 latio
437 3474 687 3545 corporis
704 3472 879 3530 sancti
902 3472 1166 3546 Stephani
1188 3472 1631 3547 protomartyris,
1644 3483 1888 3549 tempore

1759 3600 1835 3610 .——

288 3657 471 3714 Nonis.

1998 412 2085 460 tus
2112 414 2195 461 est
2223 405 2280 459 in
2310 406 2540 462 ecclesia
2580 405 2755 461 sancti
2787 405 3090 474 Laurentii,
3134 405 3290 465 extra
3321 405 3510 469 muros
3537 423 3593 471 et

1996 475 2054 531 in
2082 475 2199 547 ejus
2227 478 2497 548 sepulcro.
2543 503 2562 526 ι
2605 477 2928 534 Referuntui
2966 477 3083 534 hac
3112 478 3167 533 in
3207 481 3395 537 tabula
3431 485 3592 541 Prte-

1995 549 2375 606 termissorum
2403 568 2416 615 ;
2448 548 2542 605 sed
2572 549 2861 605 translatio
2894 549 2993 605 illa
3021 550 3273 607 differtur
3299 552 3367 608 ad
3397 571 3459 610 ιιι
3478 556 3590 613 Au-

1995 621 2162 689 gusti,
2194 621 2281 675 vel
2312 637 2451 676 xxv:
2480 621 2818 680 Decembris.

2066 692 2188 779 Lux
2208 709 2390 779 )YI‘EN-s
2416 711 2427 747 :
2466 715 2485 737 ι
2517 692 3111 779 Augunstodulno,_beati
3134 696 3590 779 Placidi'presby-

1992 762 2108 836 teri
2127 771 2181 818 et
2208 762 2422 836 abbatis
2454 762 2629 836 sancti
2661 764 3077 836 Symrphoriani.
3117 792 3134 815 ι
3179 762 3505 825 Remittitur
3532 762 3591 826 in

1994 833 2177 889 indice
2205 833 2714 891 Praetermissorum'
2736 833 2815 892 adv
2836 852 2914 892 vn
2943 836 3093 893 Maii.

2062 904 2321 984 strumas:
2369 907 2440 984 Β.Δ
2484 907 2726 984 Anatoli.
2777 908 3263 984 -_Augustoduno,
3311 911 3589 984 depositio

1990 975 2135 1032 beati
2152 977 2725 1056 Phil_iberti_episc_opi.
2746 1004 2763 1026 ›
2783 975 2955 1056 Forte
2982 979 3129 1056 idern
3159 975 3260 1056 est,
3285 975 3589 1056 qui‘proxi-

1992 1064 2078 1119 me
2108 1049 2360 1119 superius
2387 1074 2405 1096 ι
2436 1050 2690 1105 Placidus
2718 1074 2735 1097 ι
2768 1049 2996 1106 dicitur.
3024 1050 3165 1108 Vide
3187 1049 3591 1111 Praeterfnissos

1989 1118 2094 1175 hac
2122 1118 2230 1188 die,
2261 1127 2312 1175 et
2342 1121 2478 1176 Acta
2503 1138 2583 1176 vu
2610 1121 2761 1178 Maii.

2061 1192 2306 1247 Remens.
2338 1192 2432 1249 SS.
2464 1192 2607 1247 Tim.
2640 1200 2693 1247 et
2724 1193 2908 1263 Apoll.
2945 1208 2956 1246 :
3007 1216 3024 1239 ι
3056 1192 3455 1263 Autissiodori,
3496 1195 3585 1253 de-

1991 1263 2194 1333 positio
2223 1264 2397 1318 sancti
2433 1264 2713 1321 Valeriani
2745 1264 2986 1335 episcopi
3020 1272 3074 1319 et
3102 1266 3452 1324 confessoris.
3483 1293 3501 1316 ι

2061 1336 2260 1406 Enirio
2289 1335 2681 1393 Lunam—Con.
2704 1336 2761 1390 in
2778 1343 2934 1391 textu
2955 1336 3087 1391 satis
3117 1353 3253 1406 pura
3280 1346 3383 1406 est,
3405 1339 3461 1394 in
3480 1339 3589 1396 ﬁne

1992 1405 2282 1482 adjungit;
2331 1430 2349 1453 ι
2380 1407 2980 1482 _Eodem__die,_sancti
3028 1405 3247 1482 Melotis
3274 1405 3450 1482 pueri,
3490 1427 3589 1482 pro

1992 1476 2212 1531 Christo
2241 1476 2520 1531 decollati.
2547 1501 2564 1524 ι
2609 1477 2752 1532 Vide
2776 1479 3177 1535 Praetermissos
3213 1497 3223 1534 :
3259 1476 3353 1537 ubi
3385 1476 3588 1539 nomen

1993 1547 2144 1626 varie
2165 1547 2445 1626 scribitur.
2508 1548 2936 1626 «.Antisiodoro,
2964 1549 3141 1605 sancti
3170 1552 3448 1618 Vabriani
3477 1553 3586 1626 epi-

1995 1618 2144 1674 sconi
2167 1625 2222 1673 et
2252 1617 2601 1673 confessoris.
2634 1642 2653 1665 ι
3278 1617 3281 1618 ⁷
3508 1617 3527 1626 ’
3568 1652 3579 1671 κ

2109 1706 2309 1744 navaN.
2330 1691 2512 1755 «Item,
2529 1697 2841 1744 sanctorum
2860 1690 3103 1746 Matthaei
3126 1699 3180 1747 et
3200 1692 3588 1760 Primi,Victo-

1991 1761 2087 1827 ris,
2113 1759 2313 1835 Feliois
2336 1785 2375 1835 -τ
2410 1762 2531 1835 Duo
2562 1760 2724 1835 primi
2747 1760 3028 1835 Tarentini
3056 1770 3208 1835 sunt,
3234 1759 3495 1835 postremi
3516 1781 3589 1821 ex

1991 1848 2221 1887 numero
2234 1831 2752 1887 Mediolanensium.
2782 1832 3018 1887 «Eodem
3041 1832 3149 1901 die,
3174 1831 3349 1890 sancti
3372 1836 3589 1893 Melotis

1991 1903 2168 1983 pueri,
2200 1920 2299 1983 pro
2329 1902 2550 1959 Christo
2578 1902 2859 1983 decollati.
2887 1928 2903 1948 -
2934 1905 3021 1983 _De
3041 1921 3151 1983 quo
3172 1904 3285 1976 jam
3315 1906 3584 1983 diximus.

2006 1973 2417 2047 'uAutisiodoro,
2439 1974 2613 2047 sancti
2632 1973 2839 2047 Valerii
2860 1973 3103 2047 episcopi
3125 1973 3577 2035 et'coufessoris.»

1992 2046 2377 2139 Valeriano‘iri
2408 2045 2565 2139 'Actis
2588 2044 2843 2126 jungitur
2877 2044 2953 2139 ξι-
3010 2044 3343 2139 Secundiani
3368 2050 3591 2139 episco-

2032 2118 2069 2197 i_.
2094 2143 2110 2197 τ
2148 2118 2263 2197 ῌοο
2291 2117 2458 2197 titulo
2494 2133 2607 2197 non
2637 2117 2812 2197 magis
2842 2125 3005 2197 notus
3038 2128 3122 2174 est
3151 2117 3588 2197 quamn-Saeuu-

1992 2134 2069 2245 Si.
2094 2143 2110 2197 τ
2148 2134 2263 2174 uoc
2291 2134 2458 2197 mulo
2494 2134 2607 2172 non
2637 2134 2812 2197 magis
2842 2134 3005 2173 n0tus
3038 2134 3122 2174 est
3151 2136 3313 2192 quam
3348 2147 3365 2168 ι
3387 2134 3588 2177 Secun-

2032 2189 2133 2256 ini,
2164 2189 2446 2261 Benedicti
2471 2195 2523 2243 et
2546 2188 2753 2244 Placidi
2786 2188 3188 2261 episcoporum.
3222 2217 3241 2240 ›
3278 2192 3419 2248 Vide
3448 2192 3588 2248 Pra3~

1993 2260 2274 2333 termissos
2297 2260 2364 2315 de
2381 2267 2613 2333 utroque
2630 2259 2878 2315 seorsim.
2901 2287 2925 2333 ιγ
2937 2259 2996 2317 In
3014 2262 3235 2333 Anglia,
3253 2264 3430 2320 sancti
3448 2263 3588 2319 Ead-

1991 2331 2205 2406 brecbti
2220 2334 2420 2406 ‘(quem
2455 2331 2758 2406 Edbertum
2780 2331 3355 2406 nominantlepiscopi
3378 2335 3592 2392 Lindis-

1991 2403 2263 2459 farnensis
2282 2402 2346 2458 et
2368 2403 2728 2468 confessoris;
2773 2402 2899 2469 viri,
2924 2413 2986 2460 ut
3010 2402 3166 2460 Beda'
3185 2402 3416 2462 testatur
3442 2406 3584 2463 libro

1994 2492 2072 2541 Iv,
2103 2474 2334 2530 scientia
2363 2473 2772 2552 scripturarum
2804 2473 3124 2552 divinarum
3156 2477 3324 2552 simul
3355 2485 3409 2552 et
3441 2495 3591 2549 prie—

1993 2553 2274 2616 ceptorum
2297 2544 2604 2600 ccelestiuin
2623 2544 2993 2616 observantia,
3012 2562 3073 2600 ac
3091 2547 3333 2602 maxime
3357 2544 3588 2603 eleemo-

1992 2614 2256 2698 Syriarum
2289 2617 2604 2698 operatione
2623 2614 2876 2698 insignis.
2892 2615 3394 2698 Constantinopoli,
3410 2619 3590 2698 depo-

1993 2686 2123 2745 sitio
2171 2694 2370 2743 sanctas
2407 2686 2685 2742 memoriae
2712 2686 2942 2741 Joannis
2968 2686 3314 2755 Damasceni,
3345 2686 3589 2746 doctoris

1994 2759 2218 2832 egregii,
2252 2774 2354 2814 nec
2383 2758 2567 2832 minus
2595 2756 2709 2832 vita
2740 2764 2795 2812 et
2832 2759 3115 2832 miraculis
3135 2759 3300 2832 clari.
3344 2784 3361 2805 ι

2066 2827 2285 2902 MoLaN.
2315 2829 2465 2902 typis
2487 2827 2796 2902 minoribus
2820 2844 2830 2881 :
2874 2854 2891 2875 ι
2918 2830 2979 2902 Iri
3008 2831 3227 2898 Anglia,
3258 2830 3432 2886 sancti
3451 2829 3588 2885 Ead-

1992 2901 2231 2970 brechti,
2262 2927 2283 2949 ι
2320 2899 2450 2969 etc.,
2481 2908 2543 2955 ut
2572 2899 2889 2955 Gasvexus.
2923 2900 3061 2955 Tum
3096 2919 3108 2956 :
3157 2925 3175 2947 ς
3205 2901 3591 2957 Constantino-

1993 2975 2128 3046 poli,
2151 2971 2441 3046 depositio,
2467 2997 2485 3020 ι
2511 2980 2639 3039 etc.,
2665 2970 2871 3046 addens
2900 2971 3095 3046 in_ﬁ_ne
3119 2990 3130 3027 :
3164 2972 3382 3046 «Cujus
3404 2972 3591 3029 Vitam

1995 3042 2323 3116 conscripsit
2352 3044 2587 3116 Joannes
2618 3042 2940 3116 patriarcha
2962 3042 3520 3116 Hierosolymitanus.
3558 3068 3575 3091 ι

1998 3113 2286 3172 Editiones
2315 3115 2435 3171 aliis
2466 3113 2632 3170 etiam
2663 3113 2865 3169 minori
2896 3113 3232 3171 charactere'
3262 3114 3366 3170 hoc
3411 3115 3591 3171 solum

1998 3188 2204 3243 habent
2229 3207 2240 3244 :
2276 3212 2294 3233 ι
2324 3188 2384 3242 In
2409 3186 2624 3258 Anglia,
2648 3185 2824 3242 sancti
2846 3186 3203 3253 Eadhrechti,
3227 3186 3344 3242 sive
3363 3186 3594 3258 Edberti

1997 3259 2245 3331 episcopi
2271 3256 2738 3331 Lindisfarnensis
2766 3265 2820 3313 et
2842 3258 3202 3331 confessoris,
3227 3258 3334 3313 viri
3365 3256 3422 3312 in
3451 3256 3593 3313 divi-

1996 3327 2199 3386 narum
2226 3327 2891 3401 Scripturarumscientia
2928 3329 3092 3401 simul
3117 3337 3171 3383 et
3197 3337 3592 3400 praceptorum

1996 3401 2304 3457 crelestium
2336 3399 2704 3467 observantia,
2738 3417 2808 3471 ac
2830 3399 3069 3471 maxime
3118 3399 3591 3471 eleemosynarum

1997 3473 2316 3544 operatione
2345 3470 2598 3543 insignis.
2639 3495 2657 3517 ι
2703 3469 2845 3527 Vide
2872 3470 3126 3526 Gnssz.
3157 3486 3342 3542 supra.

1841 3598 2151 3608 .——————

3407 3657 3507 3714 Die
3536 3658 3590 3714 7.

355 3748 519 3821 Apud
549 3749 902 3805 Terracinam
936 3748 1248 3822 Campaniae
1276 3750 1488 3819 urbem,
1520 3751 1719 3809 natalis
1745 3751 1915 3808 beatae
1942 3750 2245 3809 Domitillze
2276 3747 2511 3822 virginis
2545 3754 2599 3804 et
2628 3746 2910 3820 martyris,
2929 3764 3050 3821 quae
3080 3764 3205 3805 cum
3254 3757 3397 3806 esset
3417 3748 3597 3806 Flavii

288 3835 590 3893 Clementis
617 3836 898 3907 Consulis,
930 3854 1001 3895 ex
1030 3853 1217 3894 sorore
1255 3837 1459 3911 neptis,
1481 3845 1537 3895 et
1563 3855 1594 3895 a
1619 3847 1810 3896 sancto
1831 3839 2113 3899 Clemente
2142 3838 2416 3894 velamine
2444 3853 2599 3894 sacro
2623 3845 2959 3905 consecrata,
2996 3837 3381 3909 persecutione
3404 3837 3598 3893 Domi-

287 3926 457 3995 tiani,
485 3945 608 3984 cum
638 3928 764 3985 aliis
791 3928 1075 4002 plurimis,
1107 3930 1167 3985 in
1197 3929 1437 3985 insulam
1467 3930 1719 3987 Pontiam
1751 3930 1923 3987 exilio
1953 3930 2258 4002 deportata,
2282 3929 2510 3999 longum
2532 3926 2675 3982 inibi
2704 3926 3035 3998 martyrium
3064 3925 3248 3981 duxit.
3275 3925 3593 3982 Novissime

286 4014 565 4084 doctrina,
601 4032 663 4073 ac
688 4016 976 4074 miraculis
1004 4034 1131 4073 cum
1159 4017 1523 4074 convertisset
1547 4018 1819 4089 plurimos
1842 4017 1910 4074 ad
1938 4018 2103 4074 ﬁdem
2134 4016 2382 4084 Domini,
2415 4016 2642 4071 incenso
2670 4014 2930 4072 cubiculo
2963 4031 2995 4070 a
3024 4013 3260 4086 quodam
3287 4012 3503 4085 judice,
3537 4015 3595 4070 in

287 4121 396 4178 quo
422 4106 591 4163 simul
622 4123 750 4165 cum
780 4105 896 4163 suis
925 4106 1346 4180 convirginibus
1366 4106 1667 4163 Eufrosina
1682 4106 1946 4165 videlicet
1974 4118 2027 4166 et
2055 4105 2345 4162 Theodora
2372 4105 2557 4162 clausa
2586 4105 2922 4173 morabatur,
2946 4120 3167 4161 cursum
3202 4103 3430 4176 gloriosi
3459 4120 3597 4160 mar-

288 4196 420 4266 tyrii
449 4194 537 4252 sui
558 4196 1213 4253 consummavit.Eodem
1244 4195 1357 4266 die,
1386 4195 1564 4254 sancti
1593 4196 1880 4254 Juvenalis
1908 4197 2205 4277 martyris;
2219 4196 2577 4281 Nicomediae,
2592 4196 2772 4268 passio
2793 4194 3115 4271 sauciorum
3135 4195 3336 4264 Flavii,
3362 4195 3599 4269 Augusti

290 4292 343 4341 et
372 4286 669 4359 Augustini
696 4286 954 4345 fratrum.

2034 4304 2041 4315 φ

1834 4382 2069 4440 NOTIE.

367 4477 614 4535 Sumitur
638 4486 825 4537 textus
854 4495 925 4536 ex
951 4479 1198 4548 Praten.,
1228 4478 1528 4549 Herinien.,
1567 4481 1885 4557 Tornacegiu

2004 4482 2223 4553 sariri/ng
2253 4481 2540 4550 Munerat,
2571 4458 2772 4559 iriiri,
2812 4452 3349 4557 Gisgonem-ﬁala».

1516 4579 1932 4662 VABIANTE'S
1963 4573 2444 4663 LECﬁdNEs.‘
2959 4563 3005 4596 ”
3087 4560 3128 4592 ”
3202 4571 3252 4589 “”

364 4705 742 4772 Tarracinam,
772 4715 824 4762 et
861 4707 1181 4762 Teracenam
1209 4701 1426 4775 librarii
1457 4701 1752 4774 imperitia
1782 4702 1892 4760 ad—
1918 4707 1967 4766 D
1998 4704 2319 4775 martyrium
2338 4701 2517 4767 duxit,
2535 4700 2731 4775 maluit
2746 4699 2989 4775 scribere
3007 4701 3287 4773 produxit.
3312 4700 3600 4759 Herinien.

290 4776 681 4832 scribo.me
712 4777 1003 4833 Domitillw
1031 4777 1218 4843 legunt
1246 4774 1463 4831 codices
1491 4790 1703 4843 omnes,
1735 4792 1892 4831 exce-

292 4848 397 4919 ptis
435 4847 691 4903 Greveno
718 4857 774 4904 et
798 4849 1039 4904 Molano.
1083 4846 1172 4919 An
1205 4846 1363 4901 beata:
1390 4863 1488 4917 pro
1504 4847 1721 4919 ΔΙτίιιυίιε
1747 4846 1896 4903 irre-

292 4917 478 4989 pserit,
509 4919 699 4989 nescio
725 4937 737 4974 :
775 4927 922 4975 certe
951 4918 1159 4975 Flaviae
1186 4933 1387 4989 nomen
1422 4917 1612 4989 nullus
1638 4919 1895 4989 apposuit

292 4988 485 5060 prater
512 4989 656 5046 duos
679 4988 795 5060 jam
825 4989 1322 5046 citatos.Munerat.
1356 4988 1560 5056 Belin.,
1591 4996 1649 5060 et
1678 4988 1893 5060 praefati

292 5059 422 5127 duo,
446 5060 589 5116 male
618 5059 894 5129 scribunt,
925 5062 1237 5118 Domicillaa.
1261 5060 1565 5115 Domiciani
1586 5059 1643 5114 in
1674 5059 1891 5116 Praten.

290 5140 349 5186 et
375 5132 653 5188 Munerat.
678 5132 985 5188 notandum
1015 5149 1126 5188 non
1158 5138 1259 5188 est.
1304 5130 1579 5203 Rosweyd
1610 5132 1893 5203 tantillum

292 5204 633 5276 transposuit
662 5203 741 5270 in,
776 5205 941 5276 neptis
973 5221 1041 5276 ea:
1068 5220 1250 5259 sorore
1295 5210 1350 5258 et
1394 5202 1889 5276 deportataexilio.

288 5273 468 5331 Belinl
489 5273 945 5347 postDomitiani,
968 5274 1181 5338 inserit,
1204 5276 1264 5347 ob
1289 5274 1637 5347 testimonium
1656 5273 1888 5347 Christi.

286 5347 424 5402 Item
459 5344 563 5417 pro
590 5347 850 5403 Pontiani
877 5346 1071 5403 scribit
1098 5346 1445 5417 Pontianum,
1463 5361 1562 5417 pro
1588 5344 1739 5412 inibi,
1770 5345 1844 5399 ibi
1876 5363 1887 5400 :

287 5433 408 5489 pro,
430 5416 595 5488 fidem
621 5419 862 5484 Domini,
898 5419 1055 5492 ﬁdem
1087 5417 1307 5476 Christi.
1340 5416 1432 5473 Sic
1459 5416 1765 5472 Tornacen.
1794 5432 1891 5488 pro

1999 4777 2099 4832 vix
2128 4770 2273 4831 inter
2303 4790 2468 4846 puros
2499 4771 2717 4828 codices
2746 4770 2914 4846 hodie
2942 4770 3184 4846 meretur
3220 4774 3598 4842 annumerari,

2004 4847 2137 4904 dum
2169 4847 2245 4902 ita
2271 4844 2491 4902 sensum
2522 4850 2778 4916 torquet:
2815 4844 3054 4910 Quodam
3096 4844 3296 4913 judice,
3329 4846 3387 4900 in
3421 4862 3525 4916 quo
3556 4851 3605 4916 et

2012 4919 2283 4977 Theodora
2310 4920 2495 4973 clausa
2525 4915 2854 4982 morabatur,
2874 4933 3089 4971 cursum
3109 4917 3330 4987 gloriosi
3352 4915 3604 4985 martyrii

2003 4991 2089 5045 sui
2111 4988 2513 5052 consummavit,
2530 4988 2690 5042 simul
2709 5003 2825 5058 cum
2845 4987 3147 5058 Eufrosina
3167 4988 3468 5058 convirgine
3483 5002 3602 5042 sua.

2002 5061 2348 5117 Probatiores
2384 5058 2600 5117 codices
2631 5057 2835 5115 habent
2872 5057 3287 5130 convirginibus,
3319 5058 3422 5130 soli
3454 5057 3604 5130 Ros—

2002 5131 2210 5203 weyd.,
2259 5133 2528 5187 Munerat.
2588 5140 2642 5186 et
2689 5130 2865 5203 Belin.
2912 5128 3239 5203 simpliciter
3282 5128 3600 5203 virginibus:

2001 5199 2303 5272 Eufrosina
2344 5203 2596 5259 scribunt
2637 5200 2863 5272 codices
2909 5199 3118 5257 omnes.
3162 5199 3450 5266 Nonnulli,
3509 5199 3604 5256 sed

2004 5270 2168 5341 male,
2202 5275 2562 5330 Nichomedia.
2591 5273 2681 5330 Sic
2713 5270 2981 5329 Munerat.
3014 5288 3112 5343 pro
3149 5276 3455 5326 sanctorum
3487 5273 3605 5328 Fla—

2000 5348 2094 5415 vii,
2127 5355 2255 5415 etc.,
2289 5346 2447 5419 ponit
2478 5345 2673 5403 Clarii.

1657 5541 2261 5604 OBSERVATIONES.

352 5644 484 5702 Etsi
510 5644 662 5702 binas
690 5644 799 5701 hoc
813 5643 905 5701 die
922 5644 1125 5701 Flavia:
1147 5643 1294 5700 inter
1318 5641 1524 5699 multos
1539 5641 1677 5699 alios
1696 5649 1898 5714 marty-

288 5733 373 5772 res
399 5717 463 5772 in
482 5715 941 5789 Hieronymianis
970 5723 1378 5789 recenseantur,
1399 5714 1568 5771 nimis
1593 5731 1758 5789 quam
1786 5730 1900 5789 cer-

288 5797 405 5849 tum
447 5784 820 5862 est,Flao'iam
848 5788 1189 5850 Domitillam
1215 5803 1319 5845 nec
1342 5786 1470 5858 hoc,
1501 5784 1759 5846 nec—aliis
1787 5784 1900 5843 die-

2006 5646 2130 5725 bus,
2178 5649 2234 5725 in
2278 5645 2356 5725 iis
2412 5642 2697 5725 codicibus
2739 5640 3073 5725 consignari.
3104 5643 3323 5725 Erimus
3353 5642 3603 5725 omnium

2008 5717 2399 5773 illustrissimas
2428 5723 2651 5782 sanctae,
2682 5715 2742 5771 in
2784 5714 2955 5771 sacris
3004 5716 3181 5772 Fastis
3234 5716 3422 5772 locum
3452 5714 3605 5772 dedit

2007 5795 2201 5846 auctor
2229 5787 2460 5846 Romani
2490 5787 2645 5860 parvi
2674 5786 2755 5847 ita
2781 5787 2887 5847 hoc
2916 5786 3029 5857 die,
3058 5786 3300 5846 secundo
3336 5787 3461 5844 loco
3487 5786 3605 5844 brev
