4032 6190
248 218 322 275 53
847 250 861 261 .
1308 216 1939 279 MARTYBOLOGIUM.
1981 250 2051 263 —-
2086 168 2298 282 itdENS.
2336 225 2486 282 MAI.
3499 230 3573 289 δι
3663 221 3683 237 ⁸

250 346 673 419 protestaretur,
704 339 827 414 ipsa
854 337 1077 414 quidem
1104 338 1251 396 inter
1277 339 1496 397 arbores
1525 340 1711 411 scissa,
1740 343 1932 401 Victor
1964 361 2095 402 vero
2126 344 2429 404 decollatus
2454 356 2555 407 est.
2592 347 2807 405 Eodem
2840 348 2951 419 die,
2984 351 3157 408 sancti
3188 351 3363 409 Patris
3391 356 3568 413 nostri

247 432 561 500 Pachomii,
583 432 682 505 qui
701 447 829 489 cum
863 437 1003 488 esset
1024 430 1185 488 factis
1208 431 1521 503 apostolica;
1550 434 1738 505 gratiae
1765 436 2018 510 insignis,
2050 435 2417 510 fundatorque
2437 436 2666 511 Egypti
2699 437 3104 508 coenobiorum,
3129 441 3350 514 scripsit
3380 458 3566 500 mona-

248 526 484 584 chorum
514 523 765 595 regulas,
798 537 937 595 quas
967 520 1162 593 angelo
1188 520 1431 579 dictante
1457 522 1746 582 didicerat.

606 694 623 709 δ
1799 642 2033 702 NOTAE.

320 741 410 797 Ex
430 740 675 818 gratam,
693 735 1857 818 _Herinien_.,_.ftntueqi.fil!aj.,_Antuerpien.-
1882 745 1934 804 A
1965 742 2142 818 Max"
2181 742 2473 815 Ultraject.,
2494 744 2741 815 Leyden,
2770 744 3056 802 Lovanien.
3080 752 3134 800 et
3160 745 3307 802 Edit.
3346 745 3570 818 Ultraj.,

251 814 435 878 Hoc,
448 811 662 877 Lubec.,
681 809 901 865 Graven.
919 809 1185 868 etMotan.
1200 808 1557 877 Quibusadde
1571 808 1857 885 Antam).-

1968 816 2112 886 Belg.

1486 937 1891 996 VARIANTES
1927 940 2338 998 LECTIONES.

322 1034 466 1104 Lego
508 1031 732 1104 Cimela,
786 1031 894 1104 vel,
941 1031 987 1086 si
1031 1030 1228 1104 mavis,
1276 1033 1509 1104 Cymela,
1551 1043 1611 1090 ut
1654 1035 1857 1093 habent

248 1102 493 1170 Praten.,
527 1102 835 1176 Heripien.,
867 1102 1404 1176 Antuerp.-Maj.'et
1427 1105 1658 1161 Greven.
1694 1109 1854 1163 Forte

249 1177 451 1232 melius
480 1175 575 1230 alii
614 1175 857 1230 Cimella.
894 1175 1101 1247 Rursus
1136 1192 1259 1231 cum
1309 1175 1503 1233 iisdem
1547 1178 1851 1247 codicibus,

316 1256 369 1303 st
397 1246 702 1315 cujusdam,
748 1245 910 1301 omisi
940 1262 1130 1302 vocem
1175 1247 1382 1314 militis,
1431 1249 1645 1305 tametsi
1688 1266 1751 1305 ea
1785 1245 1856 1307 ex

360 1336 393 1374 a
422 1327 479 1375 et
512 1317 705 1373 Adone
733 1317 986 1388 videatur
1029 1318 1384 1374 restituenda.
1431 1319 1546 1375 Jam
1580 1321 1722 1388 dixi,
1757 1339 1855 1379 nos

250 1393 413 1465 multa
469 1406 598 1446 cum
657 1387 1063 1465 antiquioribus
1118 1390 1403 1465 codicibus
1448 1408 1639 1465 errare
1672 1387 1854 1465 quam

248 1462 552 1534 quidquam
581 1461 873 1541 corrigere.
900 1460 1322 1541 Autuerp.-Maj.
1356 1464 1496 1518 male
1528 1460 1854 1541 posuit'pro-

251 1541 497 1608 tesiatur,
505 1548 620 1608 pro
645 1538 1032 1608 protestantur
1056 1550 1067 1587 :
1091 1534 1170 1587 sic
1190 1534 1356 1589 etiam
1379 1534 1563 1589 errant
1585 1539 1852 1608 Antuerp.

252 1549 497 1599 testatur,
505 1549 620 1661 lpro
645 1549 1032 1603 prowsmremr
1056 1550 1067 1587 :
1091 1549 1170 1587 suc
1190 1549 1356 1589 etiam
1379 1549 1563 1589 errant
1585 1549 1852 1608 Antuerp.

252 1614 306 1662 et
322 1606 500 1663 Max»
551 1604 710 1661 ubec.
729 1603 866 1659 dum
886 1612 1335 1677 ponuntquoque,
1359 1622 1457 1678 pro
1482 1622 1625 1662 vero.
1651 1607 1857 1665 Rursus

1963 1038 2341 1095 Max.-Lubec.
2376 1054 2593 1095 sensum
2628 1039 2823 1109 variat,
2853 1040 3130 1098 scribens:
3167 1042 3416 1110 Quicum
3444 1051 3573 1102 esset

1962 1111 2141 1180 gratia
2187 1111 2475 1186 apostolica
2518 1111 2759 1186 insignis,
2802 1112 2949 1186 quod
2980 1112 3198 1186 quidem
3231 1115 3435 1170 clarius
3463 1124 3567 1184 est,

1964 1191 2353 1255 quamponant
2377 1183 2838 1255 Antuerp.-Max.,
2865 1183 3170 1255 Ultraject.,
3196 1193 3300 1241 etc.
3323 1187 3426 1253 Qui
3452 1183 3571 1241 cum

1964 1260 2091 1306 esset
2116 1252 2290 1323 factus
2317 1254 2617 1324 apostolica
2640 1256 2829 1325 gratiae
2851 1252 3092 1323 insignis,
3125 1266 3227 1311 etc.
3271 1252 3442 1313 Iidem
3475 1259 3564 1313 le-

1964 1331 2118 1400 gunt,
2150 1326 2316 1400 sancti
2356 1326 2627 1400 Pachomii
2668 1326 2889 1400 abbatis.
2933 1329 3001 1381 At
3045 1328 3310 1400 Antuerp.
3347 1327 3475 1400 maj.
3508 1328 3568 1384 in

1966 1394 2073 1450 ﬁne
2106 1396 2337 1470 posuit:
2401 1397 2626 1470 Scripsit
2672 1398 3046 1470 monachorum
3092 1394 3353 1468 regulam,
3407 1394 3570 1470 quam

1963 1469 2146 1536 angelo
2180 1467 2405 1522 dictante
2441 1468 2717 1522 didicerat.
2761 1468 2994 1524 Grcven.
3042 1479 3096 1527 et
3125 1467 3568 1530 Molan.habent

1964 1538 2030 1593 ab
2060 1540 2262 1611 angelo.
2299 1540 2553 1612 Reliqua,
2583 1539 2833 1595 minutiae
2862 1548 3011 1597 sunt.

1600 1730 2096 1792 OBSERVATION
2097 1735 2202 1792 ES.

316 1837 425 1907 Qui
476 1838 660 1911 primo
706 1838 831 1893 loco
877 1835 937 1892 in
976 1837 1407 1911 textu‘ponitur
1452 1838 1696 1903 Pontius,
1746 1841 1851 1897 Ro-

249 1927 447 1969 manus
477 1907 735 1980 'genere,
814 1916 1025 1980 martyr
1098 1907 1444 1975 Cimoliensis,
1507 1912 1592 1967 vel
1651 1912 1854 1967 Cimet-

250 1983 427 2041 liensis
487 1980 859 2054 (Castellanus
899 1980 1562 2054 iegeret_Cemenelensis,
1622 1999 1652 2037 a
1706 1982 1848 2039 GI“.

249 2051 589 2126 Cimiez).'ls,
610 2052 862 2120 inquam,
889 2052 1109 2126 Pontius
1131 2051 1348 2126 ignotus
1368 2063 1449 2109 est
1468 2054 1852 2126 Martyrologis

246 2122 527 2186 omnibus,
551 2133 743 2179 nostro
764 2122 1159 2179 vetustioribus
1178 2125 1259 2178 vel
1283 2126 1592 2185 coaetaneis.
1610 2122 1677 2181 ut
1698 2122 1851 2182 vero-

247 2197 537 2255 simillime
570 2194 661 2250 hic
690 2195 892 2249 iterum
921 2194 1270 2250 statuendum
1303 2196 1396 2260 sit,
1428 2196 1589 2251 illum
1621 2214 1688 2252 ex
1715 2198 1851 2254 actis

247 2268 580 2344 quibusdam
602 2268 670 2321 ab
694 2266 943 2344 Usuardo
963 2266 1224 2344 inventis.
1250 2268 1434 2344 qualia
1454 2268 1690 2344 subinde
1711 2269 1856 2344 edita
1883 2271 1929 2331 B

245 2337 398 2407 s'unt,
432 2339 782 2410 desumptum
818 2337 1002 2394 fuisse.
1030 2337 1229 2393 Videat
1249 2340 1497 2394 curiosus
1523 2341 1691 2396 lector
1712 2341 1851 2397 Hen-

245 2411 465 2470 scbenii
488 2411 555 2466 de
574 2410 678 2466 hoc
705 2417 899 2465 sancto
918 2410 1372 2465 commentarium
1396 2421 1450 2467 et
1470 2411 1652 2467 Vitam
1678 2412 1852 2470 insam

246 2484 331 2563 ibi
353 2500 465 2563 suo
493 2484 611 2562 loco
637 2482 993 2563 illustratam,
1024 2496 1147 2563 quae
1178 2482 1425 2563 profecto
1456 2499 1666 2563 magnis
1695 2482 1853 2563 ditii-

246 2554 557 2614 cultatibus
586 2553 827 2625 implexa
855 2561 955 2620 est,
978 2560 1337 2625 utiagnovere
1369 2553 1636 2610 Baronius
1662 2556 1729 2610 ad
1759 2572 1851 2611 an-

246 2643 382 2700 num
416 2642 642 2690 ccxuvr,
671 2624 840 2700 pum.
872 2626 926 2700 9,
956 2633 1012 2680 et
1048 2624 1305 2700 Petavius
1339 2624 1407 2680 de
1436 2627 1621 2700 Boctr.
1657 2634 1849 2700 temp,

246 2698 349 2753 llb.
392 2714 483 2762 χι,
516 2713 632 2767 cap.
667 2695 842 2768 25,7647
870 2697 1054 2768 plures
1081 2696 1414 2768 agglomerat
1444 2695 1851 2767 Tillemontius,

244 2777 404 2825 tomo
440 2768 508 2832 V,
539 2766 716 2838 apag.
746 2766 886 2835 588,
904 2767 1038 2823 adeo
1066 2776 1129 2823 ut
1159 2766 1269 2822 fere
1300 2768 1580 2823 fatendum
1614 2772 1705 2837 sit,
1738 2777 1851 2825 tam

243 2839 553 2897 ennrmiter
582 2838 717 2893 farta
738 2848 794 2895 et
820 2839 1143 2911 interpolata
1171 2838 1337 2895 fuisse
1359 2842 1496 2896 Acta
1524 2841 1639 2907 illa,
1664 2849 1724 2896 ut
1754 2842 1851 2896 vix

243 2912 494 2968 substare
544 2911 777 2981 possint,
828 2909 934 2964 nisi
966 2909 1076 2981 pro
1126 2927 1319 2981 magna
1356 2911 1440 2967 sui
1487 2919 1637 2981 parte
1675 2913 1851 2968 casti-

244 2994 461 3056 gentur,
492 2980 766 3056 quidquid
798 2980 1033 3056 scriptOr
1062 2980 1314 3037 Valerius
1344 2980 1572 3038 testetur
1599 3000 1656 3039 se
1684 2984 1851 3038 oculis

244 3053 433 3134 uidisse
461 3053 520 3109 et
538 3053 775 3134 auribus
796 3053 1051 3134 hausisse,
1083 3062 1671 3134 quacunqueparrat;
1706 3056 1848 3127 quod

247 3124 421 3197 ipsum
453 3141 484 3180 a
516 3123 808 3197 nonnullis
836 3123 1229 3197 imposloribus
1248 3123 1486 3197 subinde
1515 3123 1849 3182 factum—no-

246 3194 446 3268 vimus.
468 3197 766 3268 Mitiusiest
788 3194 1116 3268 lienscheuii
1134 3194 1432 3266 judicium,
1458 3197 1553 3268 qui
1586 3199 1852 3261 nonnulla

244 3266 331 3324 hic
359 3284 455 3338 per
482 3267 736 3323 auxesim
769 3266 917 3323 dicta
944 3268 1266 3333 concedens,
1300 3266 1493 3323 caetera
1521 3285 1633 3323 non
1663 3269 1848 3324 incon-

280 3355 371 3394 rue
408 3340 614 3394 salvari
657 3354 828 3410 posse
863 3340 1163 3394 existimat.
1219 3340 1389 3395 Victor
1434 3349 1488 3396 et
1538 3341 1749 3397 Corona
1793 3340 1849 3395 in

295 3409 697 3482 ierouymianis
725 3417 781 3465 et
818 3411 973 3482 Rom.
1006 3426 1175 3481 parvo
1205 3410 1446 3467 breviter
1482 3412 1847 3480 celebrantur,

242 3481 337 3536 sed
370 3481 577 3554 insigni
608 3482 866 3536 encomio
891 3498 922 3536 a
946 3481 1091 3554 Beda
1119 3483 1370 3537 exornati
1409 3490 1556 3538 sunt.
1589 3483 1694 3554 Hic
1721 3499 1853 3537 vero

242 3568 368 3625 cum
396 3553 609 3618 AdOne,
632 3559 754 3625 toto
784 3560 941 3608 textu
972 3553 1047 3608 ita
1072 3554 1354 3619 convenit,
1386 3569 1580 3625 nempe
1599 3562 1651 3625 et
1682 3553 1737 3608 in
1767 3553 1853 3609 his

1962 1833 2050 1889 cui
2081 1850 2206 1889 cum
2239 1832 2428 1906 Adone
2457 1831 2600 1906 nihil
2640 1849 2933 1906 commune
2960 1842 3062 1902 est,
3095 1834 3373 1906 ipsissima
3397 1832 3568 1897 verba

1962 1906 2188 1965 retulit:
2222 1904 2494 1961 Notkerus
2516 1903 2659 1958 haud
2688 1904 2854 1960 dubie
2884 1921 2953 1961 ex
2978 1903 3274 1961 Viennensi
3306 1912 3568 1968 transcri-

1961 1977 2092 2103 Bsit,
2117 1976 2171 2031 in
2204 1993 2314 2050 quo
2346 1976 2567 2040 mirum,
2595 1976 2755 2032 toties
2784 1976 3109 2033 hallucinari
3138 1979 3565 2038 Florentinium.

2004 2064 2129 2103 orro
2163 2047 2659 2103 illustrissimorum
2693 2047 2938 2103 pugilum
2970 2050 3233 2103 elogium.
3256 2067 3287 2103 a
3318 2051 3476 2103 nobis
3507 2052 3563 2103 in

2004 2064 2129 2103 orro
2163 2047 3233 2121 ill—ustrissimorumpugilumielogium,
3256 2067 3287 2104 a
3318 2051 3476 2107 nobis
3506 2052 3566 2111 in

1961 2118 2226 2192 laterculo
2257 2118 2607 2192 recensitum,
2639 2119 2683 2173 si
2717 2135 2824 2175 non
2862 2118 3218 2192 iisdem'ipsis
3252 2121 3431 2188 Beda,
3473 2132 3569 2181 aut

1961 2191 2172 2246 Adonis
2202 2190 2384 2246 verbis
2410 2206 2748 2261 expressum,
2782 2192 2972 2247 saltem
3016 2209 3086 2247 ex
3112 2190 3301 2248 eorum
3336 2202 3568 2252 senten-

1961 2264 2037 2317 tia
2090 2264 2364 2333 eleganter
2399 2269 2740 2318 contractum
2796 2271 2895 2317 est.
2937 2264 2999 2319 In
3044 2264 3197 2320 Actis
3249 2264 3472 2321 Victoris
3513 2277 3569 2324 et

1967 2334 2188 2389 Corona:
2208 2350 2317 2389 non
2330 2333 2547 2400 desunt,
2572 2351 2691 2406 quae
2711 2334 2935 2406 criticos
2953 2345 3273 2403 exerceant;
3303 2336 3411 2393 nec
3427 2337 3568 2396 illud

1962 2407 2095 2462 satis
2122 2414 2334 2479 certum
2364 2414 2497 2479 quot
2529 2405 2677 2479 paria
2707 2405 2914 2461 fuerint
2943 2423 3384 2479 synonymorum
3428 2426 3567 2465 san—

1961 2484 2198 2541 ctorum,
2229 2477 2297 2531 de
2326 2475 2663 2547 quibus'jam
2698 2493 2862 2547 supra
2894 2475 3002 2533 non
3046 2475 3213 2533 semel
3244 2487 3426 2535 actum
3458 2488 3563 2538 est.

1961 2549 2239 2621 Nonnulla
2264 2548 2521 2621 explanat
2544 2548 3140 2621 iHenschenius,etiam
3172 2550 3355 2621 quoad
3380 2551 3562 2608 locum

1964 2620 2238 2693 martyrii.
2286 2618 2456 2693 Nobis
2504 2620 2674 2693 plura
2703 2627 2797 2674 aut
2839 2620 3071 2693 clariora
3099 2618 3210 2675 non
3241 2630 3559 2693 suppetunt.

1964 2690 2256 2764 Yideiquae
2287 2690 2541 2764 obsegiat
2570 2690 2629 2744 Ti
2643 2690 2958 2764 l_lemon_tius
2989 2700 3138 2746 tomo
3168 2693 3240 2764 ll,
3282 2690 3403 2764 pag.
3436 2693 3563 2749 624.

1962 2759 2392 2818 Wandalbertus
2419 2760 2619 2815 Bedam
2651 2759 2797 2816 haud
2827 2761 2995 2817 dubie
3025 2759 3311 2833 sequitur?

2090 2851 2401 2899 Pachomius
2434 2850 2597 2907 pridie
2621 2850 2899 2912 Vit-torque
2922 2850 3181 2911 simulque
3212 2850 3412 2900 Corona

2086 2912 2406 2972 Splendent:
2442 2912 2527 2961 hic
2552 2912 2765 2959 eremiia
2802 2922 3000 2974 potens,
3033 2915 3224 2973 illeque
3252 2913 3457 2962 coronis

2088 2975 2424 3037 Martyriique
2450 2975 2611 3023 Deum
2638 2975 2780 3022 socia
2816 2984 3000 3023 Virtute
3024 2977 3208 3025 secuti.

2032 3055 2162 3122 Quae
2182 3062 2362 3110 autem
2386 3055 2453 3111 de
2480 3053 2777 3110 Pachomio
2798 3053 2857 3109 in
2893 3062 3047 3111 textu
3068 3055 3350 3126 dicuntur,
3377 3058 3569 3115 omnia

1959 3144 2026 3183 ex
2061 3126 2295 3183 laudatis
2338 3126 2483 3182 Beda
2520 3134 2615 3182 aut
2652 3126 2845 3181 Adone
2884 3134 3133 3183 mutuata
3164 3137 3314 3196 sunt,
3347 3130 3570 3187 omissis

1958 3199 2260 3272 duntaxat,
2291 3208 2440 3272 post,
2473 3198 2657 3269 angelo
2687 3197 2916 3272 dictante
2960 3199 3237 3269 didicerat,
3274 3202 3568 3272 postremis

1960 3270 2111 3325 hisce
2150 3269 2352 3335 verbis,
2396 3270 2565 3340 simut
2600 3275 2648 3322 et
2684 3269 2746 3323 de
2785 3275 3011 3340 tempore
3050 3269 3317 3327 Paschati.
3372 3273 3567 3329 Utrum

1960 3349 2235 3415 postrema
2265 3341 2521 3415 hfzecnon
2555 3339 2893 3415 intellexerit
2934 3341 3229 3410 Usuardus,
3270 3359 3339 3397 an
3370 3360 3570 3415 suspe-

1960 3421 2047 3468 cta
2078 3413 2351 3478 habuerit,
2396 3412 2664 3467 incertum
2709 3417 2809 3464 est.
2856 3412 2936 3464 De
2977 3419 3173 3466 caetero
3201 3419 3285 3466 tot
3312 3412 3568 3469 codicum

1961 3483 2340 3547 consonantia,
2374 3481 2749 3551 indubitatum
2783 3480 2964 3551 reddit
2994 3482 3291 3551 genuinam
3333 3483 3569 3540 Usuardi

1966 3555 2278 3609 lectionem.
2312 3550 2593 3607 Pachomii
2624 3549 2796 3605 vitam
2828 3549 3015 3622 Graece
3061 3559 3115 3607 et
3144 3552 3338 3609 Latine
3370 3554 3566 3622 edidit,

240 3622 459 3696 duobus
489 3624 835 3696 martyribus
863 3632 916 3679 et
945 3625 1005 3696 in
1035 3625 1350 3690 Pachomio,
1374 3621 1566 3696 utnon
1596 3624 1848 3680 videatur
1883 3631 1926 3691 Ο
1961 3641 2025 3680 ac
2051 3624 2475 3696 diligentissime
2496 3623 2771 3696 recensuit
2799 3621 3228 3696 Papebrochius,
3249 3625 3316 3680 ab
3336 3621 3570 3682 eruditis

242 3693 485 3767 dubium,
507 3693 792 3767 esse'quin
832 3696 934 3767 iste
964 3695 1031 3750 ab
1064 3696 1161 3751 illo
1199 3712 1311 3767 sua,
1338 3695 1525 3751 omnia
1556 3696 1845 3767 acceperit.

238 3766 432 3839 Neque
458 3766 671 3839 dixeris
700 3766 912 3839 Adonis
938 3773 1174 3833 textum,
1207 3766 1366 3839 Bedae
1399 3767 1626 3839 fortasse
1655 3766 1850 3839 suppo-

244 3837 422 3891 situm
446 3854 461 3892 ε
494 3838 696 3893 etenim
725 3838 983 3895 [tabanus
1010 3846 1308 3911 perpetuus
1337 3837 1496 3895 Beda:
1526 3837 1851 3911 descriptor,

1961 3692 2360 3768 recentioribus
2390 3694 2594 3768 merito»
2607 3692 2888 3768 laudatus.
2922 3692 3351 3768 Quantum’ejus
3380 3697 3569 3753 studio

1963 3775 2016 3822 et
2046 3766 2230 3894 Ιειιίίέτξ
2262 3782 2393 3823 usus
2422 3766 2493 3822 sit
2512 3765 2923 3834 Tillemontius,
2952 3774 3101 3839 patet
3121 3783 3190 3823 ex
3213 3765 3368 3825 tomo
3394 3768 3516 3838 VII,
3538 3785 3571 3825 a

1963 3854 2086 3910 pag.
2231 3879 2245 3894 .

2035 3881 2086 3909 οι
2121 3879 2210 3894 ιν.
2231 3879 2245 3894 ο

1703 3962 2086 4021 AUCTARIA.

308 4060 908 4135 Tomvacmvninhsolo
949 4061 1246 4135 Pachomio
1288 4077 1459 4135 purus
1489 4068 1590 4118 est.
1621 4061 1851 4135 Pontius

237 4142 386 4193 caret
416 4134 622 4206 elogio:
655 4133 717 4188 In
749 4133 975 4206 Victore
1002 4141 1057 4190 et
1084 4132 1318 4201 Corona,
1353 4135 1517 4189 etiam
1545 4132 1705 4189 valde
1733 4150 1851 4188 mu-

240 4208 389 4273 tilus,
423 4204 557 4261 nam
589 4204 791 4277 desunt
818 4204 1006 4277 omnia
1036 4212 1156 4277 post
1182 4206 1517 4277 imperatore.

307 4278 628 4333 Possm“.
664 4275 865 4343 incipit
904 4292 937 4331 a
981 4274 1285 4343 Bonifacio,
1324 4284 1387 4332 ut
1416 4274 1578 4331 infra.
1613 4276 1751 4332 Tum
1783 4275 1853 4332 de

244 4348 561 4414 Pachomio,
595 4364 752 4420 pure.
785 4348 996 4404 Desunt
1024 4349 1255 4420 reliqua.

315 4419 610 4501 Romam.
642 4420 776 4501 Post
803 4426 1052 4498 sanctum
1080 4419 1357 4500 Victorem
1392 4419 1751 4501 interpolatus
1772 4427 1852 4475 est

246 4488 352 4561 hoc
382 4490 579 4561 modo:
629 4515 649 4537 ι
685 4490 821 4546 Visa
860 4489 977 4561 ejus
1004 4507 1127 4546 cum
1172 4491 1333 4545 vivus
1361 4488 1757 4558 excoriaretur,
1790 4506 1853 4546 ac

243 4559 438 4617 deinde
465 4562 649 4635 capite
692 4559 1066 4635 truncaretur,
1115 4561 1443 4635 constantia.
1478 4586 1494 4607 ι
1538 4563 1679 4617 Dein
1702 4570 1849 4635 post,

235 4632 661 4707 protestantur;
724 4633 850 4707 Ipsa
904 4648 1120 4706 quoque
1174 4632 1531 4707 apprehensa,
1590 4642 1643 4690 et
1692 4632 1852 4689 ﬂexis

240 4704 528 4778 arboribus
560 4704 1000 4778 pedesA’alligata,
1032 4704 1061 4751 “»
1103 4713 1209 4778 etc.

302 4775 608 4848 Musanaif.
635 4776 694 4831 in
726 4775 836 4848 line
861 4775 924 4848 ἐν·
954 4776 1077 4848 Ipso
1104 4776 1216 4845 die,
1236 4775 1513 4848 ordinatio
1542 4777 1717 4833 sancti
1737 4775 1849 4832 Eli-

338 4846 612 4921 episcopi.
640 4872 659 4894 ι
706 4846 851 4927 Vide
880 4845 1298 4929 Przetermissos.
1334 4847 1548 4905 Colitur
1580 4866 1597 4904 ι
1627 4850 1849 4905 Decem-

276 4935 365 4972 ns.
391 4919 460 4972 ad
495 4935 669 4972 auem
701 4918 849 4972 diem
881 4934 1069 4972 omnia
1100 4919 1427 4972 referentur.

276 4918 460 4993 ris,ad
495 4918 669 4993 quem
701 4918 849 4993 diem
881 4921 1069 4973 omnia
1100 4919 1427 4993 referentur.

305 4990 636 5047 Amanum.
670 4996 725 5044 et
750 4990 946 5062 Dauno.
970 4990 1147 5046 textui
1176 5008 1312 5062 puro
1341 4990 1628 5062 praeﬁgunt
1653 5009 1665 5047 :
1703 5014 1722 5039 ι
1748 4993 1848 5048 R0-

244 5074 353 5135 ma,
380 5063 579 5135 passio
620 5061 795 5135 sancti
846 5061 1145 5135 Bonifacii
1170 5061 1581 5135 inartyris,sub
1623 5064 1851 5135 Diocleu-

240 5130 463 5206 tiano’et
505 5131 880 5206 Maximiano,
925 5134 1067 5205 apud
1105 5130 1333 5206 Tarsum
1364 5134 1644 5189 civitatem
1680 5133 1844 5206 passi,

236 5203 323 5276 ξω
366 5206 567 5263 Romae
617 5205 676 5259 in
716 5203 807 5259 via
839 5203 1069 5275 quaeest
1104 5205 1295 5276 Latina
1323 5206 1544 5276 sepulti.
1588 5203 1695 5260 Hic
1718 5222 1845 5262 cum

233 5273 322 5331 diu
348 5277 408 5331 in
442 5286 652 5348 stupro
683 5273 1025 5348 misceretur,
1057 5275 1276 5348 tandem
1313 5273 1508 5332 divino
1538 5286 1677 5331 nutu
1706 5293 1852 5332 com-

232 5356 491 5415 punctus,
514 5346 634 5402 non
658 5349 873 5420 solum.
885 5347 971 5403 cui
1001 5346 1336 5420 subjacebat,
1367 5349 1566 5403 vitium
1587 5348 1849 5412 deseruit,

232 5432 414 5475 verum
448 5434 684 5492 quoque
708 5434 805 5489 per
820 5417 1037 5492 diversa
1057 5417 1330 5492 tormenta
1354 5420 1423 5475 ad
1446 5420 1679 5492 palmam
1716 5435 1853 5492 mar-

230 5491 356 5614 tyrii
386 5489 666 5547 ardenter
682 5491 954 5573 cucurrit.
977 5515 994 5538 ι
1029 5492 1216 5563 Agunt
1245 5491 1312 5547 de
1340 5489 1626 5547 Bonifacio
1651 5489 1772 5545 Ado
1801 5497 1854 5545 et

272 5563 519 5614 suardus
547 5562 726 5614 Noms
754 5562 929 5614 .lunn.

272 5563 519 5619 suardus
546 5561 726 5619 Nonis
754 5561 929 5618 .lunii.

292 5632 631 5706 Casurum.
655 5651 668 5690 :
693 5660 711 5681 ι
732 5633 793 5689 In
810 5633 1039 5706 civitate
1054 5634 1300 5706 Cymela,
1325 5633 1696 5706 sanctiPontii
1716 5649 1853 5706 marg

230 5705 381 5782 tyris,
430 5704 607 5778 cujus
650 5704 1043 5782 praedicatione
1082 5704 1135 5782 et
1163 5706 1455 5782 industria
1483 5705 1593 5761 duo
1623 5705 1854 5762 Romani

232 5776 616 5848 imperatores,
650 5776 840 5834 'ﬁdem
880 5777 1107 5834 Domini
1155 5778 1457 5835 Salvatoris
1494 5784 1852 5850 acceperunt;

1961 4062 2018 4118 id
2063 4069 2146 4136 est
2176 4061 2466 4136 Philippus
2496 4072 2648 4136 pater
2676 4062 3050 4136 etPhilippus
3093 4064 3262 4136 ﬁlius.
3295 4066 3359 4120 In
3387 4064 3568 4136 Syria,

1962 4081 2018 4118 iu
2063 4081 2146 4120 ρει
2177 4081 2466 4136 rmuppus
2496 4081 2648 4136 pater
2676 4081 2729 4120 et
2760 4081 2905 4119 rnm
2949 4081 3050 4135 pus
3093 4081 3262 4120 nuus.
3295 4081 3359 4120 ιη
3387 4081 3568 4136 Dyma,

1962 4135 2142 4216 passio
2180 4143 2506 4216 sanctol'um
2540 4134 2782 4216 Victoris
2811 4142 2867 4216 et
2896 4081 3572 4216 Eoronzesu‘bxtntonino

1962 4206 2314 4278 imperatore.
2350 4207 2571 4278 Eodem
2609 4208 2717 4274 die,
2769 4206 2951 4262 natale
2980 4207 3153 4262 sancti
3189 4207 3365 4263 Patris
3394 4207 3573 4264 nostri

1962 4277 2511 4351 Pachomiioabbatis,
2549 4280 2642 4351 qui
2675 4294 2823 4343 cum,
2867 4301 2885 4323 ι
2930 4285 3060 4351 e_tc.,
3093 4295 3248 4351 pure,
3282 4279 3387 4351 nisi
3422 4278 3572 4349 quod

1963 4348 2154 4406 addat:
2208 4374 2226 4396 ι
2255 4348 2914 4429 Simulquedetempore
2945 4349 3176 4429 Pascali.
3202 4349 3380 4429 .Apud
3403 4351 3570 4429 Thar-

1961 4437 2105 4487 sum,
2131 4420 2309 4491 passio
2333 4419 2505 4475 sancti
2524 4419 2799 4477 Banilacii
2821 4420 3101 4491 martyris,
3126 4419 3284 4491 cujus
3303 4421 3574 4491 celebrior

1959 4492 2079 4546 dies
2108 4489 2289 4562 agitur
2316 4491 2490 4546 Nonis
2516 4492 2688 4555 Junii,
2715 4489 2937 4561 quando
2957 4489 3156 4560 corpus
3177 4489 3361 4562 ejus...
3393 4490 3588 4562 sepul-'

1960 4569 2077 4617 tum
2124 4560 2225 4616 est.
2268 4586 2285 4607 -
2330 4562 2495 4616 Manu
2533 4569 2588 4616 et
2628 4560 2937 4615 atramento
2983 4560 3285 4615 recentiore
3321 4560 3571 4632 suppleta

1960 4634 2231 4698 vacuitas,
2266 4633 2464 4687 Romw.

2031 4703 2395 4776 BnuxeLLuN.
2428 4702 2625 4776 incipit
2653 4718 2694 4776 a_
2712 4701 2937 4776 Victore
2966 4710 3020 4758 et
3049 4702 3283 4776 Corona.
3312 4700 3574 4776 Sequitur

1959 4775 2026 4848 de
2058 4774 2279 4848 Pontio,
2314 4774 2370 4829 in
2402 4773 2603 4847 quibus
2632 4773 2708 4848 ad_
2735 4773 3026 4848 puritatem
3060 4774 3310 4848 proxime
3338 4773 3570 4848 accedit.

1960 4847 2097 4920 Tum
2125 4864 2136 4902 :
2186 4871 2204 4894 ε
2236 4845 2443 4920 Romae,
2476 4846 2647 4920 sancti
2682 4845 2951 4920 Bonifacii
2988 4845 3267 4920 martyris,
3300 4846 3402 4902 sub
3433 4846 3573 4920 Dio-

1960 4919 2199 4975 cletiano
2215 4926 2269 4973 et
2289 4919 2646 4990 Maximiani),
2668 4934 2736 4990 ap
2778 4916 2811 4973 d
2834 4918 3062 4990 Tarsum
3089 4916 3371 4975 civitatem
3404 4916 3567 4987 passi,

1959 4990 2053 5046 sed
2078 4989 2336 5047 Romaein
2361 4989 2452 5042 via
2475 4989 2668 5044 Latina
2688 4989 2910 5053 sepulti.
2935 4991 3007 5045 Et
3034 5000 3347 5046 sanctorum
3382 5002 3570 5041 ccccrv

1960 5070 2286 5133 martyrum.
2314 5086 2332 5108 ι
2362 5060 2501 5133 Vide
2522 5059 2588 5116 de
2612 5060 2697 5133 his
2717 5056 3435 5133 Ρηῐειίθνιτιἰξδςοειεξ.ΕοάςθιηΔ
3454 5055 3568 5122 die,

1959 5125 2132 5189 sancti
2168 5133 2345 5187 Patris
2376 5131 2657 5187 Pachomii
2683 5131 2919 5199 abbatis,
2954 5158 2972 5179 ι
3005 5139 3109 5186 etc.
3141 5129 3240 5184 Ubi
3270 5125 3372 5199 sub
3402 5125 3567 5199 tinem

1884 5192 1930 5250 D
1961 5204 2127 5259 verba
2158 5203 2337 5270 Bedae,
2369 5205 2453 5258 vel
2491 5202 2702 5258 Adonis
2722 5219 2886 5270 supra
2905 5192 3077 5257 citata
3108 5197 3371 5264 restituit,
3393 5197 3571 5254 addit-

1962 5291 2068 5348 que
2111 5282 2414 5348 praaterea;
2459 5298 2476 5320 ι
2509 5275 2579 5328 Et
2627 5284 2747 5345 post
2793 5270 2909 5327 haec
2955 5286 3080 5348 cum
3126 5270 3241 5340 ipse
3291 5270 3422 5348 vitae
3460 5287 3570 5327 suae

1962 5341 2183 5427 centum
2258 5353 2314 5400 et
2385 5345 2572 5402 decem
2628 5341 2811 5398 annos
2883 5341 3228 5411 complesset,
3306 5341 3365 5397 in
3440 5359 3571 5415 pace

1963 5426 2397 5544 quiﬁdiiubvzu.
2431 5488 2487 5543 in
2531 5483 2729 5541 Pontio
2758 5481 2891 5555 satis
2934 5499 3127 5555 purus,
3172 5484 3230 5540 in
3261 5485 3488 5543 Victore
3516 5494 3573 5542 et

1966 5560 2201 5628 Corona,
2251 5576 2360 5616 non
2409 5557 2551 5614 nihil
2593 5553 2961 5627 interpolatus
3017 5562 3117 5613 est.
3168 5558 3229 5612 In
3273 5556 3572 5615 Pachomio

1965 5640 2132 5689 recte.

2036 5704 2355 5766 Aomcuvcr.
2399 5694 2571 5766 sicin
2607 5693 2717 5753 ﬁne
2746 5697 2975 5766 adjicit:
3025 5726 3041 5746 -
3082 5698 3370 5755 Terminos
3401 5700 3570 5755 etiam

2036 5716 2355 5766 Aomcuvcr.
2399 5716 2479 5752 Slc
2514 5716 2571 5748 ιιι
2607 5716 2717 5753 une
2746 5716 2814 5754 aa
2844 5716 2975 5756 icit:
3025 5726 3041 5746 -
3082 5716 3370 5755 terminos
3401 5716 3509 5755 ena

1966 5774 2272 5839 Paschales,
2304 5778 2364 5825 ut
2392 5765 2649 5837 traditur,
2683 5716 2878 5843 angelo
2906 5770 3135 5828 docente
3165 5770 3509 5842 conscripSit.
