4050 6178
249 263 321 321 7.3
1336 259 1966 322 MARTYBOLOGIUM.
2005 295 2078 308 —
2108 263 2315 322 MENS.
2357 264 2506 324 MAI.
3503 274 3572 333 74

254 390 546 470 martyris.
585 387 903 470 Saturnina
933 385 1186 468 virginis.
1215 387 1363 470 :mln
1394 389 1548 470 Actis
1577 389 1740 444 habet
1771 406 1867 470 s_o-
1901 393 1951 452 Α
1980 391 2332 470 confessoris,
2371 391 2584 470 ordinis
2612 391 2909 470 Minorem,
2943 391 3000 448 in
3031 392 3256 470 civitate
3292 396 3571 470 Aquilam

244 463 378 520 cias.
405 458 447 508 ἰ
476 461 726 532 Cononis
749 459 1028 532 martyris
1057 474 1184 532 cum
1215 458 1380 532 Filio.
1414 461 1543 532 »_De
1565 477 1672 532 quo
1692 463 1866 518 multa

241 535 506 591 Rabanus
565 531 673 586 hac
729 531 843 598 die,
903 529 998 586 sed
1045 529 1350 584 remittitur
1393 530 1459 585 ad
1518 529 1659 587 xitx
1709 533 1858 590 Maii.

258 631 275 653 ε
305 605 566 684 Baudelii
601 602 886 684 martyris.
920 601 1270 684 Austregisili
1303 603 1564 684 episcopi.
1599 629 1617 652 ι

317 679 455 734 Rea.
491 676 659 732 Suae.
693 675 944 745 signatus
975 691 1127 728 num.
1161 673 1300 728 [128:
1343 700 1359 719 ι
1383 673 1725 732 Flaviacensi
1747 693 1860 732 mo-

241 751 507 815 nasterio,
550 748 842 802 translatio
885 746 1056 801 sancti
1101 745 1378 800 Geremari
1423 749 1774 803 confessoris.
1826 774 1843 794 ι

241 821 568 876 Retnittitur
605 818 676 874 ad
707 819 856 873 diem
890 817 1124 872 natalem
1155 833 1290 871 xxrv
1317 819 1673 887 Septembris.

310 893 374 946 Ix
403 892 673 946 “mem.
711 907 867 962 num.
903 889 1050 962 ’59—’19
1091 889 1242 962 deest
1272 889 1648 960 Austregisili.
1682 890 1854 962 Adji—

241 963 392 1018 citur
440 971 618 1018 autem
671 961 854 1033 primo
901 961 1072 1033 loco;
1115 985 1149 1033 «_
1181 961 1389 1033 Roma,
1435 962 1633 1016 natalis
1676 961 1851 1018 sancti

241 1033 503 1101 Eustasii,
562 1029 691 1104 qui'
729 1041 976 1104 tempore
1033 1029 1250 1097 Traiani
1308 1031 1676 1104 imperatoris,
1724 1050 1850 1089 cum

241 1121 414 1161 uxore
445 1115 498 1160 et
527 1104 664 1158 ﬁliis
697 1104 968 1174 martyrio
999 1111 1293 1158 coronatus
1312 1113 1412 1159 est.
1445 1129 1462 1152 ι

308 1178 651 1232 FLORENTIN.
677 1173 871 1246 primo
901 1175 987 1228 vel
1020 1173 1218 1228 ultimo
1250 1175 1402 1230 loco:
1449 1200 1465 1222 ι
1498 1175 1686 1230 Natale
1713 1191 1851 1230 sau-

237 1248 310 1305 cti
359 1245 705 1304 Bernardini’
731 1246 992 1301 Senensis
1034 1246 1386 1313 confessoris,
1422 1246 1633 1301 ordinis
1663 1246 1851 1302 Mino-

235 1337 383 1387 rutn,
414 1321 548 1386 vita,
582 1317 841 1373 doctrina
886 1325 936 1372 et
978 1317 1132 1371 verbi
1166 1317 1263 1371 Dei
1299 1318 1686 1388 pradicatione
1715 1334 1846 1388 pra-

237 1391 394 1446 clari.
417 1391 578 1446 Obiit
598 1389 836 1461 Aquila,
869 1388 962 1461 ubi
996 1396 1050 1461 et
1079 1388 1376 1459 requiescit
1405 1389 1463 1444 in
1491 1389 1720 1446 ecclesia
1748 1406 1847 1444 suo

233 1462 340 1518 sibi
373 1462 604 1517 nomine
633 1459 904 1516 dedicata.
927 1459 1032 1527 Qui
1054 1467 1223 1514 totam
1248 1461 1459 1514 Italiam
1481 1478 1582 1516 suo
1607 1461 1838 1515 illustra-

233 1534 316 1588 vit
334 1534 512 1610 verbo
532 1540 588 1588 et
606 1533 880 1610 extemplo.
909 1533 1067 1597 Item,
1095 1530 1238 1610 apud
1259 1530 1514 1610 Sgoqiﬁam
1539 1531 1842 1610 [Iconium]

232 1605 594 1676 provinciam
648 1603 915 1676 Hysaria,
968 1602 1141 1676 sancti
1174 1602 1348 1676 Nonis
1375 1602 1840 1676 [Cononisjqcunj

231 1671 364 1731 filio
433 1693 554 1741 suo,
605 1671 717 1746 qui'
739 1673 840 1728 sub
869 1673 1210 1746 Maximiano
1247 1671 1468 1745 [Medic.
1500 1671 1840 1746 Domitiano]

232 1747 444 1824 comite
469 1763 572 1817 pro
601 1744 820 1824 Christo
848 1748 990 1816 passi
999 1750 1160 1824 sunt.
1189 1744 1376 1800 Sancti
1395 1745 1682 1802 Eustachii
1705 1744 1842 1799 mar;
1873 1752 1920 1812 Β
1952 1745 2094 1824 ris_._»

235 1818 379 1890 tyris
406 1815 531 1873 cum
565 1816 732 1872 sociis
763 1815 904 1890 ejus.
936 1844 953 1866 ι
999 1815 1141 1890 Vide
1169 1831 1351 1890 supra.

302 1889 737 1962 Bpnnacaua;
778 1912 796 1932 -
818 1887 1151 1962 Andegavis,
1169 1887 1457 1962 translatio
1471 1887 1718 1962 corporis
1728 1903 1847 1943 san-

234 1959 304 2016 cti
337 1960 560 2031 Lucinii
615 1959 870 2031 episcopi
923 1959 1366 2018 et'confessoris.
1413 1984 1430 2008 ι
1485 1959 1698 2017 Colitur
1743 1976 1847 2015 xm

234 2029 541 2088 Februarii.

322 2106 814 2176 ABDINGHOPFENJ
859 2127 878 2149 ι
897 2102 970 2157 Et
987 2111 1188 2160 sancta
1209 2104 1518 2160 Saturnina
1538 2102 1772 2176 virginis
1791 2110 1846 2158 et

235 2175 512 2234 martyris.
532 2199 550 2221 ι

301 2245 502 2302 Eorrro
531 2245 938 2303 LUBECO-COL.
969 2245 1024 2302 in
1051 2247 1255 2304 Basilla
1285 2258 1339 2304 et
1367 2247 1633 2304 Baudelio
1662 2247 1841 2302 inter-

224 2318 442 2391 polata,
482 2319 541 2374 in
593 2317 964 2391 Austregis‘ilo
1012 2336 1169 2391 pura,
1199 2320 1280 2376 sic
1307 2320 1488 2376 addit:
1539 2344 1556 2365 ι
1603 2319 1840 2375 Civitate

224 2390 448 2469 Aquila,
487 2390 677 2469 natale
704 2389 1592 2469 beatiBernardini‘coniessoris,
1625 2391 1839 2469 ordinis

223 2460 522 2517 Minorum.
584 2461 646 2514 In
701 2463 919 2532 Anglia,
977 2463 1152 2520 sancti
1205 2463 1515 2519 Atltelberti
1571 2463 1713 2532 regis
1784 2469 1840 2517 et

224 2533 510 2604 martyris.
559 2535 686 2603 Ipso
734 2533 846 2598 die,
904 2543 1105 2590 sancta
1147 2535 1454 2591 Saturnina
1507 2534 1739 2606 virginis
1784 2541 1836 2590 et

226 2613 406 2676 marty
415 2607 512 2660 ris.
546 2629 565 2650 ι

295 2675 504 2730 BELm.
531 2677 590 2731 in
613 2677 810 2732 Basilla
827 2677 1089 2733 convenit
1109 2695 1234 2734 cum
1259 2681 1567 2744 Amor-mm,
1592 2685 1720 2742 etc.,
1748 2693 1835 2732 su-

222 2762 328 2818 pra
361 2747 572 2821 citatis.
611 2748 744 2821 Tum
775 2768 800 2821 :7
825 2775 840 2795 ι
871 2749 1071 2821 Papia,
1095 2751 1266 2805 sancti
1293 2749 1562 2804 Theodori
1592 2749 1832 2819 episcopi

217 2827 269 2872 et
301 2820 663 2875 confessoris.
687 2820 894 2875 Eodem
927 2820 1034 2886 die,
1059 2823 1233 2877 sancti
1259 2821 1539 2876 Eustachii
1571 2823 1832 2891 martyris

220 2905 357 2962 cum,
377 2892 549 2946 sociis
579 2891 718 2962 ejus.
753 2893 816 2946 In
849 2892 1046 2947 Galliis
1073 2893 1298 2949 civitate
1317 2895 1608 2959 Netnauso,
1649 2891 1826 2946 sancti

217 2959 440 3045 Baudeli
466 2959 757 3045 martyris.
785 2963 1076 3045 Bit‘uricas,
1101 2965 1242 3045 beati
1272 2963 1820 3045 Aistrigilliepiscopi

216 3040 266 3087 et
294 3035 578 3107 martyris.
610 3034 825 3091 Eodem
855 3035 966 3106 die,
999 3037 1173 3094 sancti
1203 3034 1536 3092 Bernardini
1568 3035 1636 3090 de
1663 3035 1823 3090 Senis

215 3212 312 3270 XII
339 3215 472 3272 Kal.

1981 463 2332 534 quiescentis,
2363 463 2457 536 qui
2488 471 2658 519 totam
2689 464 2904 520 Italiam
2933 481 3032 520 suo
3062 463 3376 523 illustravit'
3399 471 3567 527 verbo

1977 543 2032 590 et
2062 537 2336 606 exemplo.
2370 560 2387 582 ι

2045 605 2336 662 (insveta:
2379 631 2398 652 «
2427 607 2734 681 Α’ῑῇριὺθτιί
2784 607 2924 679 regis
2951 607 3165 681 Anglia
3195 616 3246 664 et
3289 613 3564 681 martyris.

1971 678 2105 756 [tem
2129 686 2441 756 sanctorum
2466 680 2728 756 Marcelli,
2748 678 3008 756 Victoria
3033 678 3171 752 [lege
3192 678 3564 756 Marceliocge].

1971 749 2282 822 Secundum
2333 751 2594 820 quosdam
2644 750 2736 806 hic
2782 749 3324 822 Cononis‘martyris
3361 761 3413 808 et
3460 749 3566 811 filii

1969 819 2104 894 ejus,
2139 822 2229 893 qui
2264 819 2408 876 infra
2447 839 2505 877 III
2539 823 2841 894 Kal._Junii
2876 833 3174 894 ponuntur.
3210 819 3360 879 'Item
3405 824 3568 894 juxta

1969 891 2288 965 Catalogum
2318 901 2662 965 sanctorum,
2681 892 2771 950 hic
2792 891 2968 965 passio
2990 896 3161 949 sancti
3195 891 3478 951 Eustachii
3511 904 3568 954 et

1966 963 2255 1040 socioruni
2289 963 2426 1040 ejus,
2458 965 2550 1040 qui
2583 964 2728 1020 infra
2775 963 2829 1020 tv
2876 966 3070 1040 Nonas;
3103 965 3432 1040 Novembris
3469 984 3563 1040 po-

1964 1043 2192 1090 nuntur.
2225 1036 2506 1162 Depositio
2531 1045 2843 1092 sanctorum
2883 1038 3074 1092 \‘ellesi
3101 1047 3153 1092 et
3179 1038 3427 1094 Faustini
3451 1036 3562 1111 epi-

1964 1121 2272 1162 sconorutn.
2344 1108 2499 1162 auia.
2537 1109 2716 1162 sancti
2747 1109 3018 1162 Theodori
3049 1109 3290 1162 enisconi
3331 1118 3384 1162 et
3411 1127 3556 1162 con-

1963 1121 2272 1180 scoporutn.
2301 1108 2500 1178 Papia,
2537 1109 2716 1180 sancti
2747 1109 3018 1163 Theodori
3049 1109 3290 1180 episcopi
3331 1118 3384 1165 et
3411 1108 3556 1166 con-

1962 1175 2202 1251 fessoris.
2229 1180 2288 1251 In
2333 1175 2535 1251 Aquila
2563 1178 2786 1235 civitate
2811 1181 3056 1251 Aprucii,
3081 1175 3352 1251 depositio
3383 1183 3560 1238 sancti

1961 1247 2286 1322 Bernardini
2317 1251 2382 1306 de
2403 1247 2589 1322 'Senis,
2624 1247 2928 1322 presbyteri
2959 1259 3012 1306 et
3045 1247 3374 1307 conlessoris
3404 1254 3558 1309 ordi-

1959 1319 2047 1394 nis
2073 1321 2370 1376 Minorum.
2401 1321 2570 1392 Cujus
2598 1319 2639 1376 a‘
2661 1319 2830 1394 puero
2856 1323 3227 1379 sincerissima
3256 1339 3554 1380 conversa-

1958 1391 2058 1464 tio,
2104 1408 2214 1447 non
2262 1391 2491 1464 parvam
2517 1391 2860 1448 intuentibus
2889 1395 3075 1449 attulit
3113 1395 3554 1452 admirationem.

1957 1462 2238 1532 Ingressus
2267 1462 2420 1535 enim
2456 1465 2738 1534 prafatum
2767 1465 3042 1535 ordinem,
3075 1466 3558 1535 pradicationibus

1955 1541 2008 1586 et
2037 1535 2255 1605 scriptis
2286 1534 2727 1598 ferventissimis,
2761 1534 3322 1592 innumerasChristo
3368 1540 3556 1594 lucra-

1957 1611 2045 1658 tus
2087 1606 2318 1670 anitnas,
2353 1605 2565 1676 quievit
2611 1605 2668 1676 in
2717 1621 2846 1676 pace
2887 1605 3033 1676 circa
3076 1621 3282 1662 annum
3327 1609 3552 1664 Domini

1953 1690 2251 1752 M_CCCXLIII,
2285 1674 2397 1730 imo
2427 1693 2580 1731 κων.
2622 1674 2932 1731 Saturnina
2963 1675 3196 1747 virginis
3233 1685 3288 1732 et
3335 1688 3553 1752 marty—

2028 1817 2270 1892 Monaiva
2295 1841 2336 1892 -ει
2366 1817 2780 1892 ῙΠῨΒΑΙᾶράίῐινὶΟλ
2805 1818 3088 1892 translatio
3117 1836 3408 1892 corporum
3430 1839 3550 1878 san-

1956 1897 2170 1963 ctorum
2192 1889 2530 1963 Guduualdi,
2558 1889 2907 1963 Bertliulphi,
2931 1907 3058 1946 cum
3079 1887 3329 1963 reliquiis
3350 1901 3550 1950 sancta

1956 1959 2190 2032 virginis
2236 1961 2596 2032 Amelberga.
2627 1985 2646 2008 ι
2709 1959 2850 2016 Vide
2892 1962 2949 2016 in
2997 1959 3385 2019 Pratermissis
3431 1964 3550 2019 dies

1953 2031 2619 2114 singu'lis_pro‘prios,i.ad
2666 2049 2802 2114 quos
2840 2033 3238 2114 remittuntur;
3286 2059 3310 2114 «_
3345 2035 3546 2114 Papia,

1953 2104 2129 2177 sancti
2157 2102 2428 2177 Theodori
2459 2102 2700 2177 episcopi
2732 2114 2786 2160 et
2813 2106 3160 2161 confessoris.
3195 2105 3402 2162 Eodem
3423 2102 3543 2177 die,

1952 2176 2124 2249 sancti
2156 2175 2441 2232 Eustachii
2470 2175 2732 2249 martyris
2759 2193 2884 2232 cum
2906 2177 3072 2233 sociis
3097 2177 3229 2234 suis.
3255 2203 3274 2226 ι
3306 2179 3384 2234 De
3406 2175 3546 2234 BerJ-

1951 2246 2186 2302 nardino
2235 2250 2393 2303 rel'ert
2445 2246 2862 2304 verba'BELINt:
2907 2272 2926 2294 ι
2959 2249 3209 2304 Treveris
3254 2249 3311 2304 in
3344 2267 3544 2306 mona-

1949 2319 2135 2392 sterio,
2168 2319 2313 2392 quod
2346 2319 2648 2392 vulgariter
2677 2321 2944 2392 Horreum
2985 2331 3354 2392 nuncupatur,
3385 2321 3542 2377 Basi-

1950 2389 2091 2445 lissze
2116 2389 2367 2460 vii-ginis.
2394 2416 2411 2438 ιι
2447 2389 2585 2446 Vide
2605 2391 2893 2446 elenchum
2927 2389 3443 2447 Pratertritssorum.
3477 2393 3541 2448 In

1947 2461 2284 2516 editionibus
2313 2460 2436 2516 aliis
2465 2461 2531 2516 de
2571 2461 2858 2516 Theodoro
2899 2470 2953 2516 et
2995 2463 3356 2528 Bernardino,
3390 2471 3450 2516 ut
3480 2463 3538 2518 in

1947 2533 2140 2602 prima.
2183 2532 2476 2602 Sequitur:
2519 2556 2539 2578 ‹
2583 2532 2854 2600 Treveris,
2885 2534 3058 2588 sancti
3085 2533 3374 2587 Maximini
3399 2549 3536 2588 mar-

1945 2603 2104 2674 tyris,
2155 2604 2316 2674 pritni
2358 2603 2521 2674 hujus
2559 2604 2800 2659 nominis
2839 2604 3178 2659 Trevirensis
3206 2604 3467 2675 episcopi.
3503 2629 3522 2654 ι

1945 2676 2182 2730 Consule
2229 2675 2648 2730 Praterniissos.
2701 2677 2876 2730 Tum:
2927 2701 2943 2721 ε
2979 2677 3047 2730 Ει
3079 2677 3133 2729 in
3181 2677 3531 2743 monasterio,

1943 2750 2086 2817 quod
2115 2747 2416 2817 vnlgariter
2445 2747 2709 2801 Horreum
2743 2754 3111 2816 nuncupatur,
3134 2746 3404 2801 Basilissa
3427 2747 3531 2800 vir-

1943 2818 2104 2888 ginis.
2159 2818 2511 2885 l-lerefordia,
2561 2818 2734 2873 sancti
2776 2818 3081 2873 Athelberti
3132 2834 3273 2889 regis
3317 2817 3532 2889 Anglia

1939 2887 2221 2944 Orientalis
2246 2897 2299 2944 et
2331 2889 2607 2961 martyris.
2637 2891 2736 2946 Die
2763 2891 3046 2961 vigesima,
3067 2887 3249 2961 sancti
3271 2887 3532 2961 martyris

1933 2961 2212 3016 Thalalai.
2247 2987 2264 3010 ι
2333 2959 2488 3016 Vide
2517 2963 2695 3016 socios
2741 2962 2801 3016 in
2830 2959 3018 3018 ’Actis.
3064 2985 3082 3008 ι
3125 2961 3188 3016 In
3231 2959 3526 3016 Blandinio

1930 3035 2236 3102 translatio,
2263 3058 2281 3079 »
2325 3041 2429 3089 etc.
2437 3075 2456 3102 ,
2476 3041 2538 3088 ut
2556 3049 2738 3106 supra.

3301 3219 3400 3274 Die
3428 3219 3516 3276 21.

277 3307 339 3362 In
381 3307 716 3365 Mauritania
760 3309 1103 3375 Caesariensi,
1135 3307 1335 3366 natalis
1361 3314 1679 3365 sanctorum
1727 3305 2026 3374 Timothei,
2054 3303 2197 3362 Polii
2219 3314 2272 3362 et
2294 3303 2540 3365 Eutichii
2565 3306 2805 3377 diaconi,
2837 3307 2933 3381 qui
2963 3307 3109 3380 apud
3132 3306 3411 3380 praefatam
3440 3323 3519 3362 re-

214 3396 423 3467 gionem
455 3401 690 3455 verbum
720 3401 949 3456 Domini
977 3399 1418 3466 disseminantes,
1450 3398 1654 3470 pariter
1682 3396 1935 3454 coronari
1968 3404 2306 3451 meruerunt.
2339 3397 2476 3452 Item
2504 3397 2651 3468 apud
2681 3397 2980 3454 Casaream
3012 3395 3392 3468 Cappadocia,
3423 3409 3518 3450 na-

212 3486 334 3542 talis
362 3497 686 3544 sanctorum
718 3489 1026 3562 Polyeucti,
1060 3488 1297 3547 Victorii
1327 3495 1382 3544 et
1404 3487 1627 3544 Donati.
1661 3485 1951 3554 Corduba,
1982 3485 2283 3541 Secundini
2301 3497 2324 3522 ε·
2349 3486 2630 3557 martyris.

1755 3613 1990 3671 NOTIE.

264 3712 484 3772 Textus
511 3725 594 3772 est
623 3716 680 3771 in
710 3716 958 3781 Ρναιεη.³
997 3711 1308 3783 Tornacen.,
1342 3713 1656 3780 Pulsanen.,
1695 3711 1804 3768 An-
1837 3719 1886 3781 C
1917 3711 2164 3782 Leyden.,
2183 3711 3023 3784 Lovanien.,Albergen.,Danic.
3047 3720 3102 3770 et
3115 3712 3265 3770 Edit.
3289 3711 3512 3783 Ultraj.-

199 3787 465 3859 tgerpien.
504 3796 558 3844 et
589 3788 986 3856 Max.-Lubec.,
1027 3786 1480 3859 Antuerp.-Maj.,
1514 3787 1804 3859 Munerat.,

200 3855 430 3912 Graeca.
463 3866 518 3914 et
545 3861 741 3916 Melan.
767 3860 904 3915 Item
933 3855 992 3914 in
1015 3855 1482 3931 AntuerpnMaa,
1513 3855 1810 3926 Ultraject..

1915 3785 2062 3854 Belg.

265 3973 290 4000 ι
321 3960 764 4034 Βηδθοιιηὰίηαε
790 3963 1014 4018 lituram
1045 3969 1288 4034 occupat
1312 3961 1372 4018 in
1401 3959 1610 4018 codice.
1643 3957 1778 4025 Quis
1806 3957 1938 4015 olim
1981 3964 2077 4014 aut
2105 3973 2225 4032 qua
2255 3956 2373 4030 ejus
2401 3943 2524 4016 loco
2551 3957 2659 4014 fuit
2684 3957 2714 4015 ?
2757 3957 2923 4016 Nullo
2959 3966 3146 4016 tamen
3197 3957 3507 4029 scriptura-

194 4047 317 4088 rum
347 4031 696 4090 discrimine.
733 4035 1070 4091 BOUILLART.

1424 4159 1831 4220 VARIANTES
1872 4158 2282 4216 LECTIONES.

262 4256 370 4317 Hic
425 4277 616 4319 rursus
669 4263 1090 4319 amanuensium
1147 4262 1449 4319 oscitantia
1499 4261 1795 4318 tribuenda

192 4341 325 4406 sunt
344 4334 602 4406 plurima.
627 4335 754 4391 Hac
779 4351 948 4406 pauca
967 4334 1170 4390 delibo.
1193 4334 1556 4399 Mauricania,
1588 4335 1791 4406 Thimo-

192 4403 322 4476 get,
345 4403 662 4476 Thymothet,
683 4403 872 4473 Eut‘ici,
892 4406 1112 4473 Euticii,
1131 4405 1793 4476 Capadocia,Capadotia,

187 4472 452 4539 Poliveti,
496 4477 756 4544 Polieveti,
812 4472 1104 4544 Potionati,
1144 4472 1388 4540 Polmeti,
1432 4472 1646 4532 Polioti.
1692 4477 1792 4530 Po-

189 4544 357 4622 liocti,
395 4556 497 4602 etc.
530 4546 840 4622 Notabilius
872 4559 973 4617 est,
999 4547 1153 4622 quod
1190 4547 1793 4622 codex_P_ulsan._pro-

188 4613 312 4685 fert,
356 4629 582 4676 secutus
608 4620 882 4690 Adonem,
917 4613 1141 4694 qui'pro
1176 4619 1406 4688 diaconi,
1439 4619 1570 4690 legit
1603 4613 1792 4674 diaco-

1901 4275 2114 4314 norum.
2149 4259 2322 4314 Habet
2345 4265 2604 4329 praeterea
2621 4265 2813 4315 contra
2831 4265 3063 4326 textum,
3087 4257 3330 4314 coronati
3355 4263 3503 4316 sunt.

1904 4332 2135 4386 Demum
2160 4331 2398 4398 aberrat,
2423 4330 2663 4386 maxime
2681 4331 2737 4385 in
2756 4329 2858 4387 hac
2882 4331 3069 4402 inepta
3089 4330 3501 4386 constructione

1901 4418 1996 4457 seu
2031 4403 2470 4458 combinatione:
2519 4403 2651 4457 Item
2699 4402 2844 4473 apud
2889 4401 3174 4472 prafatam
3225 4417 3500 4472 regyonem

1904 4475 2202 4530 Casaream
2234 4473 2601 4544 Cappadocia,
2642 4481 2746 4528 etc.
2781 4473 3204 4544 Antuerp.-Maj.
3243 4489 3341 4544 pro
3376 4489 3500 4526 ver-

1899 4544 2021 4599 bum
2055 4545 2292 4613 Domini,
2310 4543 2522 4599 ’maluit
2553 4559 2772 4616 ponere,
2802 4543 3018 4599 Domini
3048 4543 3282 4598 verbum.

1571 4742 2172 4804 OBSERVATIONES.

253 4848 332 4904 De
372 4857 496 4904 toto
535 4849 811 4905 hodierno
857 4856 1028 4916 textu,
1072 4848 1178 4904 hoc
1207 4865 1382 4904 unum
1425 4847 1533 4904 dici
1584 4853 1780 4918 potest,
1815 4853 1862 4910 Ι)
1895 4844 2112 4918 mianis,
2145 4840 2588 4918 qualemcunque
2615 4838 2941 4918 dignitatem
2981 4838 3496 4918 adsolumnEuty-

185 4921 340 4975 nulla
364 4921 436 4976 de
468 4922 676 4976 sanctis
706 4921 763 4976 in
793 4937 856 4976 eo
886 4921 1220 4977 enumeratis
1249 4927 1606 4975 monumenta
1636 4935 1782 4977 rene-

183 4991 300 5056 riri,
336 5001 534 5064 prater
562 5009 647 5055 ea,
680 5009 804 5064 qua
835 4993 890 5047 in
931 4992 1335 5064 Martyrologiis
1371 4999 1610 5064 exstant,
1650 4991 1784 5046 adeo

177 5070 237 5116 ut
265 5065 392 5118 solo
422 5065 594 5119 ferme
626 5063 850 5120 nomine
891 5063 1254 5120 innotescant.
1287 5063 1378 5118 Sic
1410 5063 1640 5134 primam
1671 5079 1780 5117 an-

179 5135 590 5208 nuntiationem
621 5136 915 5191 ell'ormant
945 5137 1188 5208 plerique
1232 5137 1448 5208 codices
1476 5135 1780 5208 Hierony-

177 5205 344 5261 miani
375 5225 388 5261 :
429 5209 498 5263 In
535 5208 895 5276 Mauritania,
939 5205 1210 5273 Timothei,
1259 5207 1400 5273 Pali,
1436 5205 1610 5260 Eutici
1649 5206 1778 5260 dia-

173 5279 302 5344 coni,
337 5280 627 5335 incertum
659 5280 1051 5350 relinquentes,
1075 5279 1185 5334 utri
1213 5278 1581 5350 Mauritania,
1605 5277 1778 5350 Τὶηοξέ

177 5353 306 5424 tanae
355 5367 431 5424 ne
468 5367 543 5424 an
577 5348 901 5424 Casariensi
933 5351 1142 5424 prafati
1197 5358 1462 5422 martyres
1494 5348 1776 5404 tribuendi

173 5419 290 5494 sint.
320 5423 757 5479 Dubitationetn
780 5419 1250 5479 tollit'Romanum
1275 5419 1504 5494 parvum
1525 5435 1776 5494 expresse

173 5491 478 5564 indignans
505 5512 516 5548 :
555 5495 624 5548 In
647 5495 982 5548 Mauritania
1011 5491 1342 5561 Ctesarwnsi,
1373 5491 1644 5557 Timothei,
1678 5492 1776 5564 Po-

279 5562 378 5621 ilbi
434 5565 600 5640 vides
641 5565 865 5640 tertium
904 5567 1114 5640 sorium
1153 5563 1471 5640 desiderari.
1519 5563 1775 5640 Reposuit

171 5633 315 5712 illum
370 5638 528 5712 Atio,
582 5637 872 5712 texuitque
914 5639 1044 5694 satis
1072 5639 1293 5712 vulgare
1321 5633 1774 5712 elogium,:quale

173 5707 218 5776 in
267 5709 558 5766 laterculo
617 5707 933 5776 exhibetur,
987 5727 1110 5766 cum
1167 5707 1271 5766 hoc
1307 5707 1528 5765 soloab
1581 5707 1772 5762 Adone

173 5774 522 5854 discrimine,
557 5778 709 5854 quod
739 5780 855 5852 ipse
880 5774 1020 5852 legat
1039 5783 1096 5836 in
1121 5798 1352 5836 numero
1373 5778 1768 5854 multitudinis,

171 5848 542 5921 dissonarum,
573 5848 794 5908 'Noste'r
820 5848 956 5908 vero
978 5869 1103 5909 cum
1133 5851 1460 5927 apograpbis
1489 5851 1770 5922 Hierony-

536 5954 786 6014 PATROL.
827 5951 1076 6013 CXXIV.

1891 4909 2469 4984 chiutn’réstringere,
2494 4909 2772 4968 videatur.
2819 4912 3010 4968 Utrum
3063 4909 3120 4966 id
3172 4909 3493 4984 studio,_an

1891 5005 2020 5043 casu
2051 4987 2240 5042 fecerit
2269 4981 2546 5042 Usuardus
2577 5000 2685 5038 non
2711 4983 2989 5052 examino,
3022 4991 3167 5038 certe
3193 4981 3337 5053 apud
3363 4981 3492 5036 Not-

1889 5059 2085 5115 kerum
2119 5057 2408 5112 Adoniana
2459 5055 2715 5126 periodus
2764 5055 2969 5111 intacta
2999 5053 3278 5119 remansit,
3309 5053 3489 5108 solum

1888 5129 2193 5199 interiecta,
2241 5128 2336 5184 sed
2392 5143 2694 5199 perperam,
2753 5143 2887 5199 voce
2941 5127 3168 5191 civitate,
3227 5132 3288 5178 ut
3343 5130 3490 5179 recte

1887 5203 2022 5257 olim
2039 5198 2361 5274 Observavit
2385 5198 2803 5274 Henschenius._
2827 5198 2956 5274 Tres
2977 5204 3206 5274 nostros.
3223 5201 3490 5274 martyres

1887 5290 1999 5328 uno
2043 5271 2316 5327 versiculo
2349 5270 2588 5326 celebrat
2631 5269 3070 5336 Wandalbertus,
3116 5265 3212 5320 alii
3260 5263 3380 5320 duo
3417 5265 3487 5321 ad

1888 5344 2037 5401 hunc
2063 5351 2280 5400 textum
2302 5359 2412 5398 non
2439 5342 2722 5414 pertinent
2747 5359 2759 5397 :

1983 5461 2070 5510 Bis
2101 5477 2224 5511 sena
2255 5461 2449 5526 Polius,
2479 5457 2805 5522 Euthycliius
2839 5463 2994 5518 atque
3027 5455 3388 5509 Thimotheus.

1954 5567 2256 5636 Martyrum
2311 5563 2684 5636 Cappadocum
2725 5560 3068 5636 antesignani
3098 5575 3301 5636 nomen
3334 5559 3482 5616 varie

1883 5632 2118 5692 efferunt
2145 5636 2360 5692 codices
2388 5632 2500 5690 fere
2531 5649 2742 5701 omnes,
2777 5639 2893 5687 tum
2941 5632 3169 5703 vulgati,
3203 5639 3322 5686 tum
3357 5647 3482 5686 ma—

1883 5708 2172 5780 nuscripti,
2195 5706 2572 5780 tumantiqui,
2603 5713 2724 5780 turn
2751 5703 3100 5780 recentiores,
3115 5709 3188 5780 _ut
3211 5718 3376 5780 supra
3399 5703 3480 5758 in-

1881 5773 2104 5835 nuimus
2133 5787 2186 5833 et
2216 5779 2274 5832 in
2304 5777 2455 5848 Actis
2475 5773 2648 5833 etiam
2679 5775 2896 5833 abunde
2925 5775 3241 5848 exponitur.
3274 5773 3479 5848 I_{_iero-

1882 5851 2145 5923 nymiana
2165 5847 2476 5922 apographa
2493 5847 2727 5906 Palicuti
2750 5848 2923 5906 ferme
2941 5845 3254 5914 nominant,
3280 5845 3474 5900 Usuar-

3092 5944 3129 6012 3
