4050 6178
326 237 429 306 109
1378 232 2011 306 MAnrrnoLoom‘M.
2050 278 2120 291 —
2158 234 2368 307 MENS.
2409 238 2554 307 JUN'.
3531 247 3636 313 tto

1521 660 1940 738 MENSlS
2022 662 2429 737 JUNIUS

1654 874 1869 925 HABET
1913 873 2058 923 DIES
2104 872 2270 924 XXX.

317 1184 582 1241 Kalendis
3436 1185 3537 1244 Die
3574 1188 3627 1245 1.

387 1274 597 1341 Romae,
628 1270 909 1328 dedicatio
936 1271 1110 1328 sancti
1154 1268 1470 1327 Nicomedis
1516 1269 1807 1344 presbiteri
1853 1278 1909 1328 et
1934 1270 2215 1344 martyris.
2268 1270 2431 1344 Apud
2464 1272 2764 1332 Caesaream
2795 1273 3088 1332 Palestinae
3121 1274 3223 1332 sub
3248 1276 3630 1348 persecutione

315 1361 637 1429 Maximini,
665 1359 813 1417 beati
833 1359 1109 1432 Pamphili
1133 1359 1425 1433 presbiteri
1453 1369 1507 1417 et
1528 1360 1810 1433 martyris,
1853 1359 2015 1432 cujus
2042 1360 2228 1417 Vitam
2248 1361 2524 1419 Eusebius
2554 1362 2907 1420 Caesariensis
2943 1363 3233 1437 episcopus
3262 1364 3441 1422 trihns
3472 1364 3631 1423 libris

313 1450 760 1524 comprehendit.
786 1450 894 1506 Sed
923 1458 979 1506 et
1006 1458 1226 1506 sanctus
1254 1449 1628 1520 Hieronymus
1655 1447 1870 1515 scribit,
1902 1449 2151 1523 quaedam
2179 1452 2466 1508 volumina
2496 1469 2663 1509 manu
2706 1453 2824 1525 ejus
2854 1462 3077 1510 exarata
3103 1471 3160 1511 se
3189 1455 3475 1528 reperisse,
3506 1473 3630 1530 qua

316 1549 501 1609 tanto,
533 1541 740 1613 inquit,
769 1540 1070 1611 amplector
1099 1548 1153 1595 et
1181 1555 1341 1595 servo
1370 1538 1591 1610 gaudio,
1624 1546 1687 1593 ut
1715 1538 1865 1595 Cresi
1889 1554 2023 1610 opes
2049 1538 2246 1595 habere
2277 1556 2363 1595 me
2393 1540 2634 1597 credam.
2667 1541 3076 1613 Augustoduni,
3108 1549 3427 1600 sanctorum
3456 1546 3628 1603 Reve-

322 1630 473 1686 riani
496 1630 735 1701 episcopi
764 1636 815 1684 et
844 1629 1001 1684 Pauli
1030 1628 1339 1700 presbiteri,
1370 1645 1498 1685 cum
1518 1628 1643 1685 aliis
1670 1628 1882 1698 decem,
1903 1629 1998 1702 qui
2027 1629 2128 1685 sub
2160 1629 2459 1686 Aureliano
2480 1630 2730 1702 principe
2748 1629 3016 1702 martyrio
3043 1630 3294 1687 coronati
3322 1638 3472 1688 sunt.
3496 1633 3623 1705 Ipso

319 1720 432 1788 die,
464 1718 644 1776 sancti
684 1717 926 1790 Caprasii
955 1717 1169 1774 abbatis
1199 1718 1519 1774 monasterii
1563 1717 1887 1775 Lirinensis.
1941 1717 2137 1792 [Addit
2164 1718 2368 1776 Bouill.
2395 1736 2408 1775 :
2442 1731 2467 1759 ι
2503 1718 2768 1788 Parisins,
2798 1720 3136 1777 monasterio
3165 1720 3311 1777 beati
3338 1721 3625 1788 Germani,

311 1810 596 1867 dedicatio
624 1807 931 1879 criptarum
963 1808 1021 1862 in
1050 1807 1259 1864 honore
1289 1825 1352 1865 ac
1380 1808 1737 1864 veneratione
1765 1808 1862 1863 Dei
1891 1808 2175 1881 genitricis
2202 1808 2387 1865 Mariae
2425 1818 2478 1866 et
2524 1808 2670 1865 beati
2699 1809 2849 1866 Petri
2893 1808 3150 1881 apostoli,
3197 1816 3626 1884 sanctorumque

314 1909 629 1974 martyrum
659 1899 905 1970 Georgii,
936 1899 1147 1955 Aurelii
1180 1907 1345 1973 atque
1373 1899 1662 1955 Nathaliae.
1698 1899 1800 1956 Ubi
1831 1899 2155 1974 principalis
2182 1919 2275 1959 ara
2305 1901 2522 1958 nomini
2549 1900 2794 1973 ejusdem
2827 1899 3062 1973 virginis
3086 1909 3141 1958 et
3167 1899 3316 1957 beati
3336 1900 3483 1958 Petri
3511 1917 3627 1958 om-

312 1993 586 2066 niumque
614 1992 994 2064 apostolorum
1020 2000 1335 2049 consecrata
1363 2000 1479 2048 est:
1513 1991 1580 2048 ab
1609 2000 1773 2063 caput
1807 2008 1939 2048 vero
1954 2002 2270 2050 sanctorum
2300 2000 2607 2065 martyrum
2642 1999 2726 2048 est
2757 1991 2928 2047 altare
2958 1991 3017 2047 in
3051 1989 3263 2047 honore
3302 1991 3478 2049 sancti
3507 1990 3628 2048 Mi-

310 2082 523 2142 chaelis
546 2082 950 2154 beatarumque
978 2082 1230 2139 omnium
1259 2082 1566 2140 caelestium
1596 2081 1902 2151 virtutum;
1934 2090 1988 2139 et
2008 2082 2077 2139 ad
2105 2083 2270 2155 pedes
2300 2083 2546 2154 ipsorum
2565 2080 2739 2137 sancti
2765 2080 3074 2150 Vincentii,
3106 2079 3435 2150 Sebastiani,
3466 2079 3624 2139 Chri-

310 2171 585 2246 stophori,
617 2170 923 2239 Andochii,
960 2170 1103 2227 Tirsi
1132 2179 1187 2227 et
1214 2172 1433 2228 Felicis.
1467 2172 1567 2227 Est
1590 2172 1669 2228 ibi
1698 2179 1751 2228 et
1781 2173 1952 2229 altare
1981 2173 2040 2229 in
2069 2173 2280 2230 honore
2322 2172 2590 2229 Macharii
2645 2171 2923 2245 Dionysii,
2973 2173 3186 2231 Rustici
3212 2180 3268 2230 et
3314 2171 3625 2230 Eleutherii

316 2263 685 2334 omniumque
717 2270 1033 2317 sanctorum
1065 2271 1394 2334 martyrum.
1426 2261 1498 2317 Et
1521 2261 1674 2319 aliud
1699 2262 1877 2321 sancti
1895 2262 2162 2333 Marcelli,
2196 2263 2490 2321 Genovefae
2518 2263 2774 2338 virginis,
2804 2263 3016 2334 Savini,
3050 2264 3328 2334 Audoeni,
3363 2263 3627 2322 Ansberti

312 2350 680 2424 omniumque
707 2348 1086 2406 confessorum
1116 2358 1172 2407 et
1204 2349 1511 2423 virginum.

1855 2490 2090 2550 NOTZE.

384 2589 472 2645 Ita
498 2588 719 2644 codices
749 2587 1219 2660 Antuerp.-Maj.,
1253 2591 1547 2658 Munerat,
1577 2591 1796 2646 Greuen.
1825 2601 1879 2648 et
1908 2592 2135 2662 Malam,
2170 2593 2265 2666 qui
2291 2592 2396 2649 soli
2426 2594 2551 2666 puri
2592 2600 2741 2650 sunt.

396 2741 419 2767 ι
448 2730 563 2784 Ista
591 2736 903 2800 cryptarum
935 2729 1211 2786 dedicatio
1230 2731 1775 2791 San.-Germanensis
1800 2735 1918 2792 Ec—
1944 2738 1995 2797 Α
2023 2735 2199 2792 curati
2230 2735 2478 2791 editoris.
2509 2735 2707 2791 Paucis
2735 2733 2944 2791 nodum
2993 2734 3172 2792 solvo.
3204 2733 3311 2793 Ubi
3359 2750 3510 2794 nunc
3560 2736 3621 2792 in

310 2799 498 2873 clesize
528 2801 607 2855 ita
637 2799 856 2873 propria
882 2809 984 2870 est,
1017 2810 1078 2857 ut
1109 2802 1308 2858 mirum
1359 2820 1469 2860 non
1499 2804 1571 2859 sit
1599 2821 1718 2860 eam
1745 2807 1812 2862 ab
1846 2807 1914 2863 iis

309 2873 405 2952 qui
422 2872 883 2952 Martyrologium
906 2874 1134 2929 Usuardi
1151 2875 1580 2952 exscripserunt,
1600 2876 1769 2952 fuisse
1782 2895 1912 2952 prae—

310 2944 652 3019 termissam.
685 2944 920 3019 Sollerio
946 2953 1127 3019 tamen
1153 2948 1291 3019 satis
1319 2944 1399 3002 est
1425 2949 1754 3019 argumenti,
1782 2944 1915 3004 Ion--

313 3015 624 3089 gam_illam
657 3017 965 3089 orationem
986 3017 1332 3074 tribuendam
1365 3015 1614 3074 Usuardo
1648 3036 1756 3075 non
1774 3037 1908 3089 esse,

388 3087 457 3141 od
486 3087 587 3162 alii
609 3086 830 3162 codices
846 3087 1167 3162 ferebomnes
1189 3097 1513 3162 repugnant,
1537 3099 1588 3146 et
1612 3086 1914 3162 praesertim

417 3159 595 3214 tensis
624 3159 689 3224 B,
727 3158 785 3213 in
816 3176 926 3230 quo
955 3158 1282 3216 Sirmondus
1310 3158 1518 3217 erasam
1542 3158 1655 3218 esse
1683 3172 1915 3220 testatus

311 3238 411 3301 est.
452 3230 583 3285 Haec
610 3239 883 3301 postrema
905 3232 1067 3299 ratio,
1091 3232 1285 3299 fateor,
1308 3233 1542 3290 Sollerio
1570 3233 1762 3290 debuit
1781 3251 1915 3291 non-

310 3299 452 3355 nihil
475 3299 686 3376 negotii
720 3302 1003 3359 facessere.
1034 3304 1137 3359 Sed
1160 3304 1216 3358 in
1247 3306 1409 3376 culpa
1436 3314 1518 3361 est
1545 3313 1756 3375 tamen,
1787 3323 1915 3362 curn

308 3373 541 3449 eam_ob
594 3390 818 3449 causam
862 3385 1028 3449 negat
1074 3376 1141 3449 ab
1196 3373 1443 3449 Usuardo
1471 3373 1749 3449 scriptum
1777 3393 1911 3447 esse,

307 3444 456 3569 quod
492 3444 741 3516 perfecta
766 3444 1054 3569 scripturae
1083 3447 1395 3503 similitudo
1424 3444 1690 3532 scriptum
1721 3449 1789 3504 ab
1818 3444 1916 3503 illo

335 3531 481 3569 msse
510 3516 823 3569 nersuadet.
904 3517 1043 3569 odus
1070 3528 1184 3569 erat
1204 3520 1390 3569 solum
1418 3519 1665 3569 diﬂimlts
1686 3521 1713 3569 ?
1742 3521 1916 3569 Exne-

335 3516 481 3570 uisse
510 3516 823 3591 persuadet.
855 3516 1043 3573 Nodus
1070 3528 1184 3574 erat
1204 3520 1390 3574 solutu
1418 3516 1665 3575 diﬂicilis
1686 3521 1713 3576 ?
1738 3521 1916 3591 Expe-

308 3593 485 3662 ctaret
511 3586 865 3662 aliquandiu,
896 3606 1060 3662 seque
1090 3591 1425 3657 sustineret;
1462 3586 1917 3662 percunctaretur

308 3672 408 3728 per
440 3659 657 3734 litteras
685 3659 823 3731 quid
864 3659 1009 3731 apud
1031 3661 1349 3734 Usuardum
1388 3659 1596 3734 cryptae
1635 3664 1783 3727 sint;
1816 3679 1917 3719 cur

310 3730 483 3799 semel
511 3739 567 3785 et
582 3730 786 3786 iterum
805 3730 1168 3788 annuntietur
1189 3733 1284 3788 illa
1303 3730 1578 3789 dedicatio
1597 3751 1610 3799 ;
1643 3751 1741 3790 cur
1761 3734 1915 3789 illam

309 3798 599 3856 Pratensis
626 3802 800 3858 codex
827 3803 870 3858 B
893 3804 1119 3860 silentio
1147 3811 1451 3876 praetereat.
1485 3798 1613 3862 Haec
1648 3814 1806 3862 erant
1832 3823 1917 3863 ac-

2024 2807 2357 2863 monasterio
2376 2806 2869 2864 San-Germanensi
2888 2814 3270 2863 exstrunctum
3294 2807 3498 2863 visitur
3515 2808 3621 2863 ele-

2022 2879 2404 2950 gantissimum
2449 2878 2511 2933 B.
2546 2878 2796 2950 Virginis
2844 2878 3027 2950 Maria
3066 2878 3360 2946 sacellum,
3410 2886 3620 2950 cryptae

2021 2949 2154 3022 olim
2185 2951 2428 3016 fuerunt,
2459 2965 2555 3006 seu
2575 2949 2770 3006 altaria
2797 2949 3174 3022 subterranea,
3202 2966 3436 3022 quorum
3467 2949 3622 3022 dedi;

2022 3021 2258 3086 cationis
2286 3022 2458 3077 festus
2478 3022 2614 3090 dies,
2638 3021 3159 3094 Usuarditempore,
3178 3020 3441 3077 Kalendis
3468 3020 3621 3077 Junii

2022 3093 2302 3150 agebatur.
2336 3094 2529 3149 Postea
2556 3094 2748 3150 eadem
2797 3092 3073 3149 dedicatio
3111 3095 3385 3150 celebrata
3434 3101 3517 3149 est
3562 3110 3621 3148 IV

2023 3163 2173 3237 Idus,
2205 3172 2266 3237 ut
2301 3173 2423 3235 pate
2453 3181 2523 3220 ex
2545 3165 2689 3220 Prat.
2722 3163 3008 3237 codicibus
3035 3184 3048 3232 ;
3082 3181 3202 3237 quae
3228 3163 3452 3237 tandem
3482 3164 3621 3219 cele-

2021 3235 2167 3308 brari
2190 3236 2375 3301 desiit,
2400 3244 2684 3308 postquam
2706 3237 2768 3291 B.
2793 3235 2987 3308 Maria}
3012 3235 3276 3308 sacellum
3298 3235 3366 3290 ab
3388 3235 3620 3306 Hugone

2023 3305 2092 3386 de
2117 3308 2363 3372 Yssiaco,
2396 3305 2717 3386 monasterii
2746 3306 3021 3386 Pratensis
3039 3306 3264 3386 abbate,
3290 3305 3616 3386 .cryptarum

2024 3378 2147 3434 loco
2200 3388 2440 3434 erectum
2492 3386 2592 3434 est.
2635 3378 2752 3433 Jam
2801 3378 2845 3433 si
2884 3377 3163 3448 quaesierit
3211 3377 3477 3448 Sollerius
3519 3391 3620 3448 cur

2026 3449 2180 3504 illius
2209 3449 2575 3504 dedicationis
2603 3446 3052 3503 commemoratio
3077 3448 3136 3501 in
3161 3448 3305 3502 Prat.
3333 3446 3522 3503 codice
3551 3446 3615 3502 Β.

2025 3520 2204 3600 deleta
2234 3521 2425 3600 fuerit,
2460 3521 2517 3600 in_
2540 3526 2818 3600 promptu
2846 3526 2930 3575 est
2959 3518 3121 3600 ratio.
3153 3518 3458 3600 Destructis
3487 3519 3618 3600 al‘ta-

2025 3590 2197 3657 ribus,
2230 3591 2377 3663 quod
2405 3588 2609 3663 accidit
2632 3588 2764 3663 dum
2794 3590 2986 3663 inusu
3013 3597 3129 3663 erat
3158 3589 3259 3663 iste
3287 3589 3482 3663 codex,
3516 3588 3622 3644 de-

2024 3663 2130 3718 sita
2151 3659 2574 3717 est'annuntiari
2599 3662 2823 3733 illorum
2842 3660 3139 3728 dedicatio;
3158 3659 3398 3733 hincque
3414 3660 3622 3733 factum

2024 3742 2106 3790 est
2134 3741 2196 3788 ut
2222 3733 2373 3789 illam
2406 3732 2737 3790 recentiores
2765 3733 3001 3798 codices,
3033 3748 3129 3804 seu
3151 3748 3182 3786 a
3209 3730 3624 3804 quadringentis

2024 3807 2185 3861 annis
2212 3806 2445 3874 exarati,
2476 3820 2700 3878 prorsus
2729 3805 3068 3860 omitterent.
3101 3803 3442 3859 BOUlLLAR'r.

1548 3928 1952 3989 VARIANTES
1990 3928 2358 3987 ECTIONES.

383 4025 447 4082 In
498 4025 624 4098 ipso
658 4026 929 4098 principio
961 4026 1361 4083 otfendiculum
1405 4035 1506 4083 est.
1548 4027 1752 4083 Scribit
1779 4029 1918 4084 Pra—
1954 4029 2000 4088 B
2029 4027 2240 4097 sbyteri.
2272 4024 2497 4082 Erravit
2524 4025 2768 4094 Praten.,
2805 4024 3096 4098 scribendo
3131 4025 3379 4098 episcopi.
3412 4024 3624 4083 Rursus

312 4098 507 4165 tensis,
570 4100 755 4155 Ranae
811 4098 1071 4153 dedicatio
1121 4099 1321 4154 natalis
1374 4100 1542 4154 sancti
1600 4101 1915 4155 Nicomedis.

313 4171 587 4242 Antuerp.
622 4169 751 4241 Maj.
773 4178 826 4226 et
846 4171 1059 4227 Tornac
1086 4212 1104 4235 ,
1126 4172 1305 4225 natale
1332 4172 1420 4225 vel
1451 4172 1650 4226 natalis
1677 4172 1731 4227 S.
1765 4173 1918 4227 Nico-

311 4242 498 4307 medis,
534 4242 776 4297 Greven.
807 4251 862 4297 et
889 4242 1116 4310 Molan.,
1149 4242 1408 4297 dedicatio
1438 4242 1669 4298 basilica:
1717 4244 1772 4298 S.
1808 4243 1917 4300 Ni-

313 4313 564 4381 comedis.
612 4313 752 4381 Alii,
807 4314 1065 4369 dedicatio
1120 4319 1169 4368 et
1213 4314 1435 4369 natalis.
1482 4315 1594 4370 Nos
1637 4314 1917 4371 credimus

315 4380 634 4457 Usuardurn
660 4380 903 4457 servasse
953 4385 1245 4441 lectionem
1274 4384 1508 4452 Adonis,
1543 4386 1722 4457 qualis
1750 4393 1832 4440 est
1857 4385 1916 4440 in

312 4452 629 4529 Munerato,
663 4456 1000 4529 Heriniensi,
1031 4457 1287 4529 aliisque,
1317 4472 1381 4512 ac
1411 4452 1641 4529 proinde
1671 4457 1729 4529 in
1759 4465 1917 4529 textu

311 4532 530 4581 nostro.
558 4528 631 4581 Et
662 4526 767 4584 hoc
803 4528 1054 4583 Molanus
1094 4526 1383 4592 agnovisse
1412 4526 1663 4592 videtur,
1694 4527 1827 4583 dum
1860 4528 1917 4582 in

310 4598 720 4667 posterioribus
758 4600 874 4654 suis
904 4598 1242 4656 editionibus
1269 4600 1521 4655 Basilica
1548 4598 1769 4667 scripsit
1799 4614 1918 4655 cur-

311 4667 451 4724 sivis
480 4669 603 4724 sive
621 4669 1064 4739 Italicislitteris,
1094 4687 1126 4725 a
1151 4678 1304 4727 textu
1326 4671 1625 4727 distinctis.
1646 4667 1729 4726 Sit
1752 4671 1918 4725 etiam

310 4745 369 4814 et
397 4748 547 4814 recte
574 4742 870 4814 Maximini
915 4743 1147 4814 legimus
1186 4759 1313 4798 cum
1350 4744 1590 4810 Praten.,
1624 4746 1920 4813 Antuerp.-

311 4808 441 4881 μή.
490 4819 548 4867 et
591 4813 901 4881 Munerato,
952 4808 1063 4869 rion
1111 4815 1455 4881 Maximiani,
1500 4808 1922 4870 ut’Grevenfet

313 4879 520 4939 Molan.
554 4884 621 4940 In
649 4879 940 4942 codicibus
966 4893 1050 4942 est
1078 4893 1133 4943 et
1159 4902 1275 4943 esse
1301 4879 1464 4943 debet
1490 4886 1762 4957 Pamphili
1790 4902 1923 4957 pre-

2028 4096 2235 4179 habent
2259 4114 2458 4179 omnes
2473 4115 2525 4153 se
2553 4098 2833 4179 reperisse,“
2857 4099 3011 4153 velut
3040 4096 3276 4179 Greven‘.
3300 4096 3622 4179 repperisse,

2026 4171 2214 4227 nescio
2246 4170 2381 4242 quid
2405 4170 2700 4237 Munerat.,
2733 4169 2897 4225 solito
2930 4178 3110 4242 tamen
3133 4169 3471 4242 castigatior,
3488 4170 3627 4225 velit

2024 4240 2415 4322 per_r_ecepisse.
2448 4241 2932 4322 Plura‘occurrunt
2951 4240 3255 4322 scriptoris.
3286 4240 3626 4322 ’sphalmata,

2024 4313 2086 4370 ut
2111 4314 2409 4380 Niconedis,
2434 4313 2735 4384 presbileri,
2782 4313 3085 4378 Palestina,
3136 4313 3499 4384 Caesariensis,
3529 4313 3628 4384 Je-

2025 4386 2287 4453 ronimus,
2322 4382 2682 4451 Hieronimus,
2730 4384 2941 4454 inquid,
2991 4383 3139 4440 Cresi
3185 4391 3238 4438 et
3288 4382 3625 4454 Lirinensis;

2028 4452 2347 4529 quorum’ea
2376 4456 2646 4529 servanda
2669 4452 3005 4529 putavimus,
3036 4454 3097 4529 i_n
3129 4454 3330 4529 quibus
3362 4452 3625 4529 praecipui

2027 4523 2245 4584 codices
2265 4534 2318 4581 et
2339 4528 2431 4581 alii
2462 4526 2627 4581 hodie
2647 4523 3006 4581 conveniunt.
3031 4523 3255 4579 Erravit
3292 4523 3475 4578 denuo
3501 4523 3626 4577 Pra-

2026 4599 2199 4655 tensis
2219 4596 2594 4653 subtrahendo
2618 4596 2841 4651 titulum
2861 4596 3088 4665 episcopi
3113 4593 3437 4662 Reveriano,
3461 4609 3626 4666 quem

2028 4672 2170 4725 male
2199 4686 2367 4741 supro
2392 4667 2681 4741 Pamphilo
2702 4667 2988 4741 tribuerat.
3022 4667 3143 4741 Non
3180 4666 3365 4741 minus
3390 4666 3628 4741 turpiter

2029 4741 2234 4797 labitur
2262 4736 2714 4813 Atuerp.-Major,
2751 4740 2847 4812 qui
2879 4755 2976 4813 pro
3004 4736 3285 4813 Revei‘iani
3328 4736 3625 4813 episcopi...

2029 4830 2146 4868 cum
2164 4814 2363 4894 aliis...
2383 4809 2665 4894 "martyrio
2694 4809 2954 4876 Corona’ti,
2998 4809 3182 4883 posuit
3212 4809 3630 4881 Severiani’epi-

2030 4887 2173 4956 scopi
2199 4892 2246 4940 et
2273 4884 2609 4955 confessoris.

1680 5010 2175 5068 OBSERVATION
2180 5011 2285 5067 ES.

386 5112 505 5168 Iam
549 5113 773 5197 abunde
823 5116 1141 5197 notavimus
1177 5114 1525 5197 ambiguum
1553 5131 1668 5197 esse
1697 5115 1830 5197 quid
1857 5114 1924 5197 de
1953 5120 1996 5181 Ο
2028 5116 2133 5197 ris,
2155 5122 2360 5197 et'post
2385 5112 2833 5197 eum‘subjunxit
2862 5111 3141 5197 Babanus,
3191 5107 3421 5197 ecclesia,
3453 5106 3627 5197 Dedi-

302 5183 596 5260 Nicomede
614 5187 935 5260 presbytero
969 5196 1023 5242 et
1055 5196 1314 5260 martyre,
1348 5183 1692 5259 'primigenia
1712 5183 1921 5259 'phrasi

304 5256 738 5336 gripserichac
764 5256 855 5336 die
884 5256 1644 5336 Usuardus,'cujus_r_ia_tal_em
1676 5256 1771 5336 seu
1800 5275 1919 5313 cer-

300 5329 547 5412 taminis
576 5329 748 5412 diem,
782 5331 896 5412 ipse
924 5339 1044 5412 post
1069 5332 1226 5412 alios,
1253 5329 1515 5412 gtvu‘lial.
1539 5331 1795 5412 Qctobris
1824 5346 1922 5411 seu

300 5416 385 5455 xv
418 5401 766 5486 septembris
794 5401 1071 5486 innexuit.
1107 5403 1207 5486 Agi
1238 5402 1305 5458 de
1335 5402 1521 5486 aliqua
1551 5401 1921 5486 Ecclesimhi‘n

304 5472 586 5543 martyris
616 5472 906 5540 honorem,
938 5472 1305 5541 dedicatione,
1339 5472 1692 5529 manifestum
1716 5480 1816 5535 est,
1842 5472 1920 5527 id-

384 5559 420 5599 e
453 5546 673 5616 primus
711 5546 954 5616 signasse
983 5545 1204 5601 videtur
1250 5553 1443 5601 auctor
1474 5545 1701 5602 Romani
1741 5544 1917 5616 parvi,

344 5616 399 5671 is
427 5615 660 5671 verbis:
693 5615 968 5672 Dedicatio
998 5618 1053 5673 S.
1087 5618 1383 5673 Nicomedis
1413 5616 1706 5686 martyris;
1743 5615 1922 5672 addi-

298 5686 391 5743 dit
424 5687 579 5760 Ado,
604 5688 902 5760 presbyteri
927 5689 1073 5759 apud
1098 5690 1280 5745 urbem
1308 5691 1550 5757 Romam,
1581 5688 1746 5745 simul
1780 5688 1920 5744 indi-

298 5773 447 5835 cans
480 5759 634 5835 diem
658 5759 901 5835 natalem
933 5764 1246 5835 quitsupra.
1278 5760 1455 5835 Beda,
1500 5760 1651 5835 forte
1686 5767 1921 5832 utroque

299 5830 628 5903 antiquior,
656 5831 862 5889 diserte
889 5830 1076 5905 posuit
1101 5830 1359 5894 :'Natatis
1384 5832 1679 5892 Nicomedis
1704 5830 1922 5902 marty-

2030 5180 2184 5243 catio.
2212 5180 2405 5242 Utrum
2438 5201 2508 5241 ex
2528 5180 2776 5251 hisfnon
2797 5184 2930 5240 satis
2958 5183 3123 5240 claris
3153 5180 3624 5252 expressionibus,

2030 5258 2401 5314 obscuriorem
2433 5258 2594 5312 aliam
2627 5256 2951 5313 conﬂaverit
2983 5252 3261 5309 Usuardus
3309 5268 3427 5324 per,
3469 5252 3626 5324 dedi-

2029 5330 2164 5385 catio
2193 5329 2413 5391 natalis,
2463 5328 2657 5384 harum
2712 5343 2895 5382 rerum
2940 5325 3105 5396 periti
3153 5323 3376 5380 lectoris
3408 5323 3625 5396 judicio

2029 5401 2395 5473 relinquimus
2424 5399 2720 5473 maluimus
2748 5414 2849 5473 nos
2880 5394 3111 5473 Romani
3140 5396 3296 5473 parvi
3329 5404 3383 5452 et
3412 5394 3626 5473 Adonis

2029 5465 2331 5546 syntairim,
2359 5471 2581 5546 solitam
2613 5468 2844 5528 Usuardi
2876 5468 3119 5541 regulam
3140 5465 3426 5541 praeferre.
3448 5465 3625 5546 Pluri:

2026 5536 2131 5603 bus
2192 5544 2285 5601 hic
2316 5536 2460 5599 'non
2508 5544 2792 5607 immoror,
2850 5536 2977 5596 cum
3029 5555 3114 5596 res
3153 5536 3277 5596 tota
3318 5536 3624 5611 Voperosiori

2028 5615 2416 5689 disquisitione
2463 5630 2600 5689 opus
2647 5613 2868 5689 habeat,
2906 5610 3086 5689 danda
3114 5610 3173 5667 in
3202 5609 3477 5689 Actis—die
3506 5610 3626 5689 ipso

2026 5683 2339 5746 Nicomedis
2374 5683 2545 5758 natali
2579 5685 2665 5758 (ut
2692 5683 3393 5758 Martyrologia_statu_unt)
3422 5697 3498 5737 xv
3531 5683 3623 5736 Se-

2062 5758 2310 5815 tembris.
2362 5752 2719 5830 Celeberrimi
2765 5752 3027 5830 martyris
3082 5752 3626 5830 Pamphili'agonem

2065 5845 2130 5888 ac
2157 5829 2246 5887 die
2273 5845 2558 5902 perperam
2587 5828 2800 5898 referri,
2833 5836 2887 5887 et
2913 5820 3027 5885 non
3058 5820 3233 5897 magis
3277 5820 3630 5880 recte'binos
