4032 6190
504 184 613 240 135

1573 181 2208 240 MABTYROLOGIUM.
2254 212 2323 225 -
2364 183 2574 241 MENS.
2618 182 2764 239 JUN.

3725 185 3833 242 136

502 311 659 371 Actis
685 312 883 368 socios.
919 332 938 356 ι
958 310 1092 366 Item
1112 308 1628 380 Marciani.Bomze,
1654 306 2095 380 NaborisLNarza-
2124 314 2174 374 Α
2202 307 2449 380 episcopi
2482 316 2536 365 et
2565 308 2917 366 confessoris.
2969 310 3031 380 In
3072 307 3370 380 territorio,
3389 308 3827 377 Trecassinensi,

500 385 591 440 rii.
620 409 637 431 -
682 381 1059 438 Remittuntur
1086 379 1151 435 ad
1184 397 1263 434 xu
1292 379 1462 434 Junii.
1489 406 1507 427 ι
1551 378 1882 449 Andegavis,
1912 378 2093 434 Licini

499 454 739 524 episcopi
768 461 822 508 et
849 450 1576 524 confessoris.7Theodulphi
1594 460 1658 524 et
1678 449 2034 524 confessoris.
2062 475 2081 497 ι

552 521 733 580 idetur
773 524 819 579 is
846 539 961 577 esse
991 524 1083 594 qui
1116 523 1320 578 colitur
1346 521 1684 578 xxw’Juuii.
1728 547 1745 569 ι
1777 523 1837 578 In
1874 521 2092 594 Anglia,

502 595 787 674 \Vilbflmi
832 593 1644 674 archiepiscopi__Eboracensis
1681 600 1743 674 et
1804 593 2093 674 confesso—

497 668 590 721 ris.
624 664 911 720 Maximini
961 664 1200 736 episcopi
1237 665 1593 721 Massiliensis
1640 673 1693 720 et
1738 665 2090 731 confessoris,

494 737 796 793 secundum
846 737 1005 802 alios,
1038 754 1092 791 v1
1126 737 1246 792 Kal.
1281 737 1452 791 Junii.
1488 737 1809 791 Maximiani
1851 736 2092 806 episcopi

494 808 821 880 Syracusani
852 816 907 863 et
936 808 1285 875 confessoris,
1316 808 1474 878 cujus
1504 807 1758 880 meminit
1797 807 2093 880 Gregorius

496 878 550 933 in
584 897 646 935 ιιι
681 880 893 951 Dialog.
928 905 946 926 ι
1003 881 1172 936 Miror
1202 896 1310 934 non
1345 879 1534 934 haberi
1584 880 1641 934 in
1680 878 2087 951 Prtetermissis.

493 951 709 1007 Colitur
734 950 823 1005 die
852 950 1134 1023 sequenti.
1184 976 1200 998 ι
1229 952 1384 1006 Metis
1416 950 1592 1005 sancti
1624 950 1924 1023 Glodulplii
1966 950 2092 1023 epi-

491 1024 641 1093 sc0pi
688 1031 741 1077 et
788 1020 1138 1077 confessoris.
1173 1023 1409 1078 Carileﬂi
1440 1022 1787 1077 confessoris.
1823 1020 2090 1093 Marcellae

491 1093 743 1163 virginis.
780 1117 796 1140 ι
838 1095 1115 1149 Ancillam
1142 1095 1353 1149 indicat
1386 1095 1440 1149 S.
1474 1094 1721 1148 Marthze.
1755 1092 1897 1148 Vide
1950 1108 2091 1146 xxxx

490 1165 663 1220 Junii.
712 1189 729 1211 ε
759 1166 968 1220 Publice
999 1166 1204 1233 viduas,
1232 1174 1286 1220 et
1308 1165 1638 1221 abbattissze.
1662 1190 1679 1211 ν
1717 1164 1858 1219 Vide
1889 1164 2091 1218 Praeter

488 1239 705 1361 Siissos.
754 1264 770 1282 -
801 1236 974 1309 Syriae
1008 1247 1291 1293 matronae.
1318 1261 1334 1283 -
1378 1239 1457 1292 De
1477 1253 1584 1309 qua
1604 1236 1857 1307 superius
1886 1234 1982 1290 alii
2003 1250 2084 1290 co-

528 1324 659 1361 1088.

528 1324 659 1362 1088.

558 1378 777 1454 MDLAN.
814 1379 871 1454 in
903 1381 1233 1454 ipsoitextu,
1254 1376 1747 1454 sed_aliis_litteris,
1774 1383 1894 1447 post
1922 1375 2090 1454 tumi—

487 1451 669 1517 naria,
703 1448 942 1506 inseritf
970 1477 987 1498 ι
1020 1450 1154 1521 Ejus
1186 1451 1295 1505 vita
1317 1448 1619 1521 virtutibus
1649 1448 2090 1521 plena‘conserif

490 1529 581 1590 pta
611 1528 711 1575 est.
748 1546 764 1567 ι
808 1524 870 1577 In
901 1522 1012 1576 ﬁne
1038 1517 1076 1576 ε’
1098 1546 1115 1567 ι
1138 1522 1299 1577 Metis
1321 1520 1566 1587 civitale,
1589 1517 1766 1575 sancti
1786 1517 2086 1589 Glodulphi

486 1717 556 1775 V.
598 1718 749 1774 Idus.

2205 378 2582 452 beatae'Syrize
2614 389 2903 436 matronae.
2928 404 2946 427 ι
2982 379 3122 435 Tum
3152 378 3463 452 minoribus
3491 382 3678 452 typis:
3723 407 3740 430 ι
3761 383 3831 437 In

2205 450 2426 523 Anglia,
2449 450 2755 507 'Wilhelmi
2791 451 3191 523 archiepiscopi
3224 450 3585 507 Eboracensis
3613 460 3669 506 et
3694 469 3830 509 cou-

2203 522 2428 595 fessoris
2454 541 2464 577 :
2494 523 2825 579 Maximiani
2857 522 3097 595 episcopi
3119 522 3449 593 Syracusani
3471 530 3526 576 et
3546 523 3829 595 confesso-

2204 594 2300 667 ris,
2331 593 2491 664 cujus
2524 596 2791 667 meminit
2819 593 3117 667 Gregorius
3145 595 3202 649 in
3248 611 3322 667 in_
3348 595 3563 662 Dialog.
3609 594 3826 667 Publize

2202 665 2461 739 viduaset
2488 666 2809 730 abbatissa},
2841 666 2908 721 de
2937 665 3044 739 qua
3077 674 3234 720 sexto
3258 665 3411 739 Alibro
3431 666 3828 739 ecclesiastica

2204 736 2459 791 Historia;
2489 739 2799 808 tripartitze,
2826 735 3067 808 capf36.
3092 762 3109 781 ι
3152 739 3230 792 De
3258 735 3473 807 hisjam
3502 737 3716 792 dictum
3738 755 3825 793 sa-

2202 808 2294 862 tis.
2328 809 2391 862 In
2420 807 2544 863 aliis
2569 807 2925 865 editionibus
2976 808 3042 863 de
3091 808 3253 879 Syria
3292 817 3346 862 et
3388 808 3729 879 Clodulpho,
3760 817 3829 865 ut

2202 895 2385 948 supra.
2417 881 2555 934 Tum
2583 898 2594 934 :
2644 904 2661 925 ι
2690 880 3032 935 Monasterio
3053 880 3261 945 Sithiu,
3285 880 3481 934 relatio
3510 880 3627 934 sive
3646 888 3827 935 trans-

2204 950 2335 1005 latio
2362 951 2416 1022 S.
2450 951 2750 1006 Audomari
2784 950 3049 1022 episcopi,
3086 950 3307 1022 quando
3331 951 3645 1022 Folquinus
3674 969 3815 1007 cor—

2203 1037 2303 1091 pus
2328 1020 2466 1093 ejus,
2496 1022 2682 1094 fugato
2712 1020 2947 1093 Hugone
2974 1020 3189 1094 abbate,
3223 1037 3254 1075 a
3284 1020 3586 1077 Lisbourch
3612 1023 3813 1094 retulit

2199 1108 2344 1147 anno
2372 1093 2663 1156 occcxclu,
2694 1104 2749 1148 et
2782 1095 2836 1147 in
2863 1094 3046 1148 Sithiu
3072 1093 3233 1162 juxta
3262 1109 3461 1162 corpus
3489 1093 3633 1148 beati
3666 1093 3815 1149 Ber-

2201 1164 2304 1219 tini
2330 1164 2431 1218 sub
2464 1173 2607 1220 terra
2636 1164 2979 1219 recondidit.
3017 1164 3116 1218 Ubi
3144 1180 3236 1234 per
3260 1164 3464 1219 multos
3493 1181 3668 1219 annos
3706 1165 3825 1220 ho-

2200 1236 2376 1289 mines
2400 1236 2623 1307 quidem
2660 1236 2837 1303 latuit,
2877 1244 2931 1290 at
2970 1236 3252 1307 revelatus
3283 1243 3387 1307 est,
3420 1235 3511 1307 ubi
3546 1236 3823 1293 Dominus

2200 1306 2448 1360 voluitf-
2493 1307 2754 1377 Sequitur
2797 1307 2924 1362 aliis
2962 1306 3165 1361 litteris
3194 1306 3260 1360 de
3303 1306 3607 1361 Wilhelmo
3656 1307 3822 1363 Ebo-

2200 1377 2438 1450 racensi.
2465 1376 2711 1449 Denique
2736 1397 2746 1450 ς
2798 1403 2816 1425 ‹
2842 1380 2903 1450 In
2936 1377 3138 1450 Galliis
3165 1376 3395 1450 civitate
3422 1378 3689 1450 Aquensi,
3716 1381 3821 1434 De-

2200 1449 2401 1522 positio
2425 1447 2572 1522 beati
2604 1447 2916 1514 Maximini,
2944 1449 3115 1522 primi
3157 1449 3423 1522 civitatis
3470 1447 3715 1522 episcopi
3766 1458 3824 1506 et

2196 1519 2547 1576 confessoris.
2582 1546 2599 1569 ι
2640 1523 2718 1577 De
2742 1537 2851 1594 quo
2880 1519 3055 1577 etiam
3092 1519 3373 1592 superius.

3628 1715 3730 1770 Die
3760 1715 3817 1771 9.

558 1807 746 1862 Romae
770 1806 828 1861 in
850 1814 1037 1862 monte
1060 1807 1252 1874 Caalio,
1275 1806 1477 1862 natalis
1505 1813 1822 1862 sanctorum
1852 1804 2026 1859 Primi
2048 1813 2101 1861 et
2138 1804 2408 1863 Feliciani
2439 1805 2541 1862 sub
2563 1804 2908 1861 Diocletiano
2927 1812 2981 1861 et
3000 1803 3339 1861 Maximiano
3359 1803 3812 1874 imperatoribus.

485 1896 555 1951 Hi
585 1895 969 1967 gloriosissimi
1001 1903 1271 1967 martyres
1289 1896 1593 1967 longaevam
1626 1894 1685 1949 in
1714 1894 1954 1949 Domino
1984 1893 2156 1949 vitam
2198 1894 2492 1962 ducentes,
2526 1901 2581 1949 et
2622 1910 2773 1950 nunc
2809 1893 2979 1949 simul
3009 1892 3179 1965 paria,
3212 1909 3361 1948 nunc
3397 1892 3685 1963 sigillatim
3715 1892 3820 1948 di-

485 2002 642 2041 versa
669 1994 724 2040 et
751 1986 1025 2058 exquisita
1056 1987 1294 2041 ferentes
1325 1993 1617 2054 tormenta,
1652 1984 1873 2042 tandem
1906 1986 2085 2042 felicis
2114 2003 2186 2058 pu
2205 2002 2324 2057 gnte
2360 2002 2583 2042 cursum
2626 1984 2808 2057 gladio
2846 1984 3217 2041 animadversi
3258 1990 3813 2040 consummaverunt.

485 2075 548 2131 In
580 2074 777 2129 Galliis
806 2074 1034 2129 civitate
1055 2078 1307 2145 Agenno,
1335 2073 1515 2146 passio
1542 2073 1688 2130 beati
1718 2073 2003 2130 Vincentii
2033 2073 2216 2129 levitas
2245 2081 2300 2129 et
2330 2074 2609 2145 martyris.
2643 2074 2779 2129 Item
2810 2073 2867 2127 in
2899 2072 3101 2143 Scotia,
3125 2072 3301 2129 sancti
3335 2071 3624 2130 Columba:
3648 2088 3816 2144 pres-

482 2161 648 2219 biteri
679 2172 733 2219 et
761 2163 1115 2228 confessoris,
1148 2179 1355 2236 magna)
1382 2170 1437 2218 et
1480 2162 1745 2219 mirandae
1775 2163 2003 2218 virtutis
2034 2162 2163 2218 viri.
2196 2161 2386 2229 Nicea,
2417 2161 2603 2219 sancti
2640 2162 2947 2220 Diomedis.
2979 2162 3123 2219 Add.
3155 2163 3366 2219 Boniti.
3400 2179 3411 2216 :
3455 2160 3644 2235 [Apud
3680 2179 3815 2219 mo-

483 2251 785 2308 nasterium
818 2253 872 2309 S.
907 2251 1187 2321 Germani,
1219 2251 1502 2309 dedicatio
1520 2263 1543 2290 ⁸
1574 2252 1810 2308 oratorii
1841 2252 1900 2308 in
1928 2250 2139 2307 honore
2167 2251 2231 2307 Β.
2260 2252 2409 2307 Petri
2438 2251 2725 2326 apostoli.]

2017 2373 2253 2431 NOTIE.

550 2472 673 2530 Non
702 2473 797 2529 alii
825 2473 950 2546 puri
978 2480 1109 2529 sunt
1134 2472 1374 2541 codices,
1406 2490 1571 2546 quam
1601 2473 1876 2530 Herim'm.
1909 2473 2186 2545 Rosweyd.
2218 2478 2267 2527 et
2295 2470 2502 2531 Molon.

544 2632 568 2659 ι
596 2620 722 2675 Haec
742 2618 1108 2674 dedicationis
1132 2617 1338 2672 mentio
1362 2616 1591 2671 minime
1621 2616 1929 2673 Usuardina
1953 2616 2073 2672 visa
2110 2619 2154 2678 Β
2186 2616 2272 2671 nis
2302 2616 2364 2670 Β.
2403 2613 2549 2669 Petri
2580 2612 2884 2668 oratorium
2919 2627 3044 2667 cum
3074 2618 3395 2667 sanctorum
3425 2611 3713 2669 Vincentii
3745 2620 3805 2669 et

478 2700 563 2747 est
593 2690 849 2753 Sollario,
884 2689 951 2742 de
988 2705 1051 2742 ea
1088 2689 1381 2759 silentibus
1407 2689 1832 2759 quamplurimis
1859 2688 2079 2743 codici-

480 2762 603 2825 bus,
636 2767 870 2815 testante
901 2758 1197 2813 Sirmondo
1244 2758 1579 2829 expunctam
1624 2759 1794 2814 fuisse
1828 2776 1898 2813 ex
1938 2760 2077 2813 Pra-

477 2833 617 2886 tensi
652 2832 714 2897 B,
738 2831 941 2884 fatente
971 2830 1208 2900 denique
1240 2830 1547 2885 Castellano
1582 2831 1881 2885 recentiore
1912 2847 2078 2885 manu

477 2903 581 2957 sibi
635 2900 951 2973 adjunctam
998 2900 1196 2973 videri.
1249 2901 1453 2973 Sedin
1503 2917 1558 2954 re
1607 2918 1728 2973 quae
1768 2902 1868 2957 soli
1902 2901 2076 2956 sancti

477 2971 735 3044 Germani
778 2972 1115 3044 monasterio
1147 2971 1427 3044 convenit,
1459 2972 1591 3042 quid
1620 2971 1812 3044 probat
1839 2973 2075 3028 aliorum

475 3043 728 3115 codicum
757 3043 1038 3098 silentium
1058 3043 1085 3098 ?
1106 3043 1299 3115 Neque
1338 3043 1639 3115 quidquam
1684 3044 1942 3115 ponderis
1969 3044 2077 3097 ha—

473 3114 566 3171 bet
593 3115 873 3172 Sirmondi
900 3114 1327 3172 animadversio.
1356 3114 1653 3188 Postquam
1688 3114 1735 3168 ’a
1771 3115 2078 3171 Nortman-

2187 2687 2446 2744 Germani
2481 2684 2706 2740 basilica
2744 2684 3087 2739 destructum
3132 2683 3241 2738 fuit
3270 2691 3325 2738 et
3356 2684 3667 2752 incensum,
3708 2685 3802 2740 si—

2191 2760 2302 2813 mul
2339 2775 2371 2812 a
2398 2755 2768 2829 dedicationis
2796 2754 3148 2829 solemnitate
3178 2762 3451 2829 cessatum
3485 2764 3587 2829 est,
3614 2764 3801 2829 atque

2186 2830 2321 2884 adeo
2352 2845 2382 2883 a
2412 2827 2662 2884 facienda
2685 2826 2836 2899 illius
2861 2828 3143 2899 mentione
3167 2827 3230 2899 in
3260 2826 3451 2882 codice
3481 2828 3575 2899 qui
3608 2828 3666 2882 in
3696 2826 3802 2884 ca-

2187 2901 2364 2973 pitulo
2400 2900 2700 2973 legebatur.
2732 2897 2876 2973 Quid
2899 2897 3116 2952 tandem
3151 2897 3217 2973 de
3258 2897 3555 2973 Castellani
3582 2902 3799 2955 monito

2185 2969 2419 3028 dicam?
2472 2970 2655 3025 Tzedet
2702 2969 2951 3023 eamdem
3003 2969 3399 3035 membranam,
3452 2969 3599 3024 idem
3639 2982 3798 3027 atra-

2186 3053 2458 3109 mentum,
2492 3057 2714 3097 manum
2755 3040 3004 3095 eamdem
3050 3057 3264 3111 semper
3302 3040 3553 3097 occinere
3590 3060 3600 3097 :
3648 3059 3795 3099 com-

2185 3122 2433 3170 mentum
2462 3113 2639 3170 oculis
2662 3112 3026 3168 refellendum
3067 3114 3344 3186 relinquo.
3377 3113 3720 3171 BOUILLABT.

1687 3239 2092 3297 VARIAXTES
2129 3236 2433 3295 LECTION
2439 3236 2543 3292 ES.

545 3336 715 3393 Servo
771 3336 1136 3408 diphtongum
1194 3336 1249 3391 in
1303 3337 1464 3393 C(elio
1511 3345 1564 3392 et
1618 3339 1902 3407 lonngam
1950 3353 2075 3392 cum

474 3408 713 3464 Molano.
746 3409 1027 3465 Herinien.
1063 3410 1118 3463 in
1157 3409 1317 3464 Curtio
1343 3408 1710 3481 diplitougum
1744 3409 1928 3481 habet,
1964 3424 2076 3463 non

472 3480 847 3552 intongwuam
875 3499 887 3547 ;
924 3497 1084 3551 quam
1119 3490 1171 3536 et
1205 3480 1496 3552 Rosweyd.
1534 3480 1798 3537 in’Romw
1824 3480 1960 3536 bene
1984 3496 2074 3551 po-

472 3551 606 3618 suit,
637 3553 695 3605 iu
730 3552 855 3606 aliis
882 3553 1302 3622 tamenromisit.
1337 3551 1517 3622 Atque
1548 3552 1604 3605 hi
1635 3553 1737 3606 soli
1765 3560 1895 3606 sunt
1924 3552 2076 3607 codi-

472 3639 560 3678 ces
602 3639 727 3677 cum
774 3622 1039 3687 Pratensi,
1069 3621 1126 3674 in
1175 3622 1376 3693 quibus
1422 3621 1685 3676 habeatur
1727 3624 2073 3693 diphtongo—

472 3709 592 3774 rnm
616 3693 773 3746 ratio.
802 3693 1057 3774 Feliciani
1088 3692 1438 3774 posuitsolus
1460 3694 1726 3774 Moianus.
1750 3692 2067 3774 liusvveyd.,

2184 3336 2315 3407 pho,
2354 3351 2519 3389 manu
2547 3332 2840 3389 recentiori
2880 3332 3233 3407 adjunctum:
3252 3333 3500 3407 iCodices
3538 3334 3791 3392 Pratensi

2182 3404 2495 3463 conformes
2530 3413 2659 3460 sunt
2692 3404 3182 3476 Antuerp.-Major,
3214 3405 3532 3461 Muneratus
3560 3414 3612 3461 et
3645 3409 3791 3462 Gre—

2180 3495 2375 3533 venus.
2413 3478 2662 3532 Alterum
2695 3486 2880 3548 caput,
2913 3477 3059 3549 quod
3082 3477 3462 3549 Tornacensis.
3490 3477 3789 3549 Pulsanen-

2177 3550 2253 3604 sis
2281 3558 2335 3604 et
2365 3550 2611 3611 Belinus,
2646 3565 2759 3603 non
2812 3564 2876 3603 eo
2923 3548 3172 3615 excessu,
3224 3548 3316 3604 sed
3363 3548 3488 3603 aliis
3531 3548 3791 3609 laborent

2176 3620 2499 3676 defectibus.
2535 3622 2784 3675 Tertium
2816 3637 2977 3690 porro
3009 3621 3062 3675 in
3097 3620 3290 3675 medias
3321 3628 3463 3675 notas
3499 3620 3783 3690 Usuardis,

2172 3692 2316 3747 iedm
2352 3692 2488 3746 illud
2515 3701 2614 3757 est,
2646 3691 2791 3762 quod
2813 3693 2946 3747 alias
2987 3691 3378 3757 indicavimus,
3404 3708 3601 3762 nempe
3627 3693 3783 3748 codi-

470 3763 672 3843 Molan.
693 3772 757 3843 et
787 3762 882 3843 alii
917 3762 1121 3843 passim
1154 3762 1405 3843 scribunt
1442 3763 1737 3843 sigillatim.
1781 3762 2065 3843 He_rinien.
2098 3783 2140 3840 ρ
2171 3780 2260 3819 ces
2280 3763 2405 3817 illos
2431 3772 2483 3818 et
2503 3764 2663 3831 alios,
2687 3779 2922 3843 quorum
2947 3771 3194 3843 extracta
3217 3762 3492 3843 duntaxat
3511 3764 3657 3843 apud
3682 3781 3782 3843 nos

469 3834 796 3906 singulatim.
831 3834 933 3887 Pro
953 3832 1196 3902 ferentes,
1228 3832 1391 3906 habet
1415 3835 1565 3889 solus
1602 3835 1913 3906 ltosweyd..
1943 3853 2064 3904 per-

465 3903 707 3977 ferentes.
758 3906 899 3975 Lego
946 3906 1180 3977 Agenno,
1227 3905 1487 3977 quoniam
1536 3906 1610 3959 ita
1653 3903 1841 3976 legunt
1871 3914 1923 3961 et
1944 3903 2063 3961 tres

466 3976 619 4032 citati
651 3977 868 4032 codices
897 3983 951 4029 et
978 3975 1072 4030 alii
1105 3975 1274 4030 ferme
1294 3992 1503 4031 omnes.
1540 3975 1724 4032 Scotia’
1743 3986 1887 4032 recte
1916 3979 2063 4034 Ros-

466 4047 672 4113 weyd.,
710 4048 980 4111 Molanus,
1002 4056 1105 4101 etc.
1137 4047 1274 4101 Male
1304 4047 1587 4102 lierinieu.
1620 4050 1828 4105 Schotia
1858 4057 1911 4103 et
1943 4052 2060 4105 Sco-

466 4104 623 4192 thgio.
660 4104 793 4192 alibi
854 4104 1098 4192 Scotino,
1142 4119 1242 4192 Est
1289 4118 1347 4173 in
1382 4104 1716 4192 AMolanoet
1763 4121 2055 4192 Rosweyd.

462 4180 797 4262 admiranda
815 4190 1030 4243 virtutis
1046 4189 1174 4262 viri,
1190 4189 1355 4261 idque
1377 4190 1628 4247 imitatus
1646 4200 1727 4247 est
1743 4180 2053 4262 Grevenus;

465 4259 745 4316 Herinien.
780 4277 905 4316 cum
929 4261 1194 4327 Pratensi,
1227 4259 1555 4317 Tornacensi
1587 4272 1639 4318 et
1667 4264 1883 4319 cmteris
1912 4259 2058 4320 sim-4

461 4332 681 4403 pliciter
714 4333 990 4387 mirandm.
1024 4333 1275 4387 Molanus
1308 4350 1419 4387 non
1452 4334 1591 4389 male
1618 4335 1810 4389 scribit
1838 4336 2007 4390 Nicen:
2036 4353 2053 4391 :

461 4418 562 4457 nec
587 4404 901 4475 Rosweyd.,
926 4406 989 4459 In
1020 4405 1217 4460 Νέαιρα.
1242 4404 1451 4475 Sequor
1468 4414 1652 4461 tamen
1674 4407 2049 4462 iieriniensem

459 4482 514 4556 et
544 4476 703 4531 alios.
734 4476 828 4531 ubi
860 4476 1057 4531 Nicwa.
1091 4476 1240 4531 Idem
1285 4476 1576 4550 Rosweyd.
1609 4477 1809 4549 adjecit
1838 4485 2054 4550 marty-

457 4563 538 4601 ris
546 4590 557 4601 .

528 4620 787 4694 Superest
820 4618 1120 4675 notabilior
1153 4619 1409 4689 variatio,
1459 4638 1491 4675 a
1518 4637 1625 4693 qua
1652 4621 1831 4676 oritur
1868 4622 2047 4694 pauci-

456 4695 539 4743 tas
557 4688 845 4764 codicum,
879 4707 977 4764 pro
1006 4699 1163 4764 textu
1204 4688 1584 4764 allegatorum,
1626 4709 1746 4764 quae
1774 4710 1842 4748 ex
1870 4688 2051 4748 tribus

454 4758 807 4834 potissimum
852 4758 1127 4834 capitibus
1180 4763 1449 4834 procedit.
1489 4758 1744 4834 APr'im-um
1786 4773 1886 4830 est,
1920 4766 2049 4834 quia

458 4830 741 4906 nonnulli,
776 4830 1020 4884 Pratensi
1047 4830 1307 4906 .siiniles,
1349 4833 1415 4906 in
1459 4832 1581 4906 fine
1618 4834 1853 4889 habent:
1887 4830 2047 4906 Apud

2172 3843 2425 3901 exstant;
2460 3850 2675 3905 nempe,
2700 3834 2952 3905 inquam,
2988 3834 3207 3889 codices
3234 3834 3366 3889 istos
3395 3834 3782 3905 scrupulosius

2172 3906 2501 3978 quandoque
2524 3906 2733 3978 Adonis
2759 3913 3240 3978 sensumrsecutos,
3268 3922 3376 3960 non
3396 3907 3537 3961 alios
3557 3917 3782 3964 sanctos

2170 3976 2604 4049 proferre’quam
2638 3976 2731 4050 qui
2765 3977 2822 4031 in
2853 3977 3083 4050 prmfato
3115 3978 3309 4033 Adone
3349 3978 3774 4050 exprimuntur;

2168 4065 2277 4122 qua
2304 4066 2488 4122 causa,
2521 4056 2594 4122 ut
2625 4049 2879 4122 equidem
2929 4049 3189 4122 arbitror,
3234 4050 3352 4122 hac
3377 4049 3465 4122 die
3513 4050 3778 4122 Columba

2168 4119 2221 4175 et
2252 4121 2528 4176 Diomedes
2549 4119 2617 4174 ab
2650 4119 2782 4191 ipsis
2804 4121 3322 4190 praetermittuntur.
3344 4121 3541 4176 Veram
3567 4121 3777 4178 nihilo-

2168 4192 2355 4246 minus
2387 4200 2642 4262 putamus
2675 4191 2923 4246 laterculi
2954 4192 3127 4246 nostri
3162 4194 3603 4263 germanitatem,
3639 4210 3770 4249 cum

2167 4271 2365 4335 praeter
2392 4264 2539 4335 solos
2571 4270 2825 4333 quatuor,
2844 4334 2847 4335 ν
2867 4263 3064 4334 reliqui
3086 4334 3089 4335 ν
3109 4280 3299 4319 omnes
3344 4265 3683 4321 concordent
3712 4265 3771 4321 in

2164 4334 2510 4390 excludenda
2539 4334 2962 4389 annuntiatione
2995 4334 3209 4401 ultima,
3250 4336 3498 4391 Pratensi
3533 4353 3766 4392 monas-

2161 4406 2328 4461 sterio
2346 4406 2582 4478 propria.
2602 4406 2880 4461 Undenam
2900 4423 3026 4461 vero
3044 4406 3444 4478 Antuerp.-Maj
3458 4449 3495 4471 .,
3513 4407 3770 4464 Munera-

2160 4484 2249 4532 tus
2278 4486 2330 4533 et
2378 4478 2661 4534 Grevenus
2708 4478 2860 4532 illam
2906 4478 3234 4550 acceperint,
3283 4478 3406 4550 quis
3433 4478 3567 4534 satis
3607 4489 3767 4535 certo

2158 4550 2406 4605 statuat?
2438 4552 2520 4604 An
2544 4567 2613 4605 ex
2639 4558 2906 4621 praetenso
2935 4549 3411 4621 antegraphe,’ubi
3438 4558 3545 4604 tam
3572 4553 3767 4607 multa}

2158 4621 2280 4675 alia:
2309 4621 2684 4676 dedicationes
2727 4622 2989 4692 appositae
3020 4622 3194 4676 sunt?
3241 4622 3361 4676 Non
3408 4629 3489 4676 est
3538 4623 3768 4677 verosi-

2158 4692 2290 4745 mile
2321 4695 2541 4746 unicam
2598 4693 2740 4747 hanc
2789 4710 2897 4763 prae
2945 4694 3070 4747 aliis
3115 4693 3394 4749 selectam.
3445 4692 3605 4749 Certe
3644 4710 3761 4750 non

2158 4763 2336 4835 credit
2369 4764 2732 4830 Castellanus,
2761 4765 2906 4818 ullos
2945 4765 3081 4819 alios
3109 4764 3325 4820 codices
3363 4764 3582 4835 propria
3614 4765 3761 4819 Pra-

2154 4834 2331 4907 tensia
2359 4850 2600 4907 unquam
2632 4835 3064 4906 transcripsisse,
3110 4836 3254 4907 quad
3293 4834 3528 4907 rotonde
3556 4836 3759 4893 asserit

452 4901 827 4987 monasteria":
887 4900 1377 4987 sanctinGermani,
1437 4904 1705 4987 dedicatio
1752 4900 2048 4987 inmlwiiore
2076 4929 2123 4987 D
2156 4904 2213 4960 in
2259 4900 2480 4987 litteris,
2521 4922 2642 4987 non
2680 4908 2847 4987 semel
2872 4900 3024 4987 'alias
3050 4900 3545 4987 iecitatishidque
3574 4908 3761 4978 patuit

453 4973 591 5029 beati
622 4972 770 5028 Petri
789 4972 1037 5043 apostoli.
1063 4972 1218 5038 Quod
1241 4982 1595 5044 augmentum
1620 4975 1784 5029 refert
1804 4976 2045 5032 Sirmon-

451 5044 575 5113 dus,
610 5045 667 5099 in
698 5046 869 5098 altero
900 5043 1144 5098 Pratensi
1185 5043 1373 5099 codice
1414 5060 1662 5111 erasum;
1704 5048 2046 5104 Castellanus

456 5132 583 5172 vero
611 5117 837 5186 fatetur,
867 5114 1046 5171 videri
1073 5113 1181 5171 sibi
1223 5116 1283 5172 in
1331 5115 1451 5188 ipso
1486 5124 1755 5190 praetenso
1796 5126 2045 5192 autogra-

2153 4992 2329 5104 ἓὲῧρξι·
2357 4993 2375 5032 ι
2404 4977 2556 5033 Junii
2579 4986 2634 5035 et
2666 4978 2800 5035 alibi
2821 4980 3042 5051 sapius.
3068 4979 3173 5036 Sed
3203 4979 3271 5036 de
3310 4979 3398 5035 his
3431 4977 3557 5052 plus
3576 4977 3756 5052 quam

2240 5066 2254 5103 ι
2295 5092 2306 5104 .

2240 5066 2306 5105 JS.

1795 5247 2290 5305 OBSERVATION
2294 5250 2398 5307 ES.

512 5340 667 5416 Nunc
696 5342 764 5397 ad
804 5352 990 5401 textus
1026 5343 1206 5399 fontes
1252 5340 1396 5416 quod
1425 5342 1642 5413 attinet,
1673 5346 1740 5401 de
1770 5347 1954 5402 Primo
1985 5355 2038 5402 et

448 5410 716 5466 Feliciano
756 5417 1125 5472 meminerunt
1154 5410 1344 5471 Allatii
1375 5423 1428 5469 et
1458 5410 1739 5473 Frontinis
1766 5418 2031 5474 Kalenda-

447 5482 548 5537 ria.
576 5482 1069 5560 Sacramentarium
1119 5487 1388 5560 Gregorii,
1440 5487 1583 5543 Beda
1621 5498 1674 5545 et
1724 5491 2028 5545 Romanum

447 5570 674 5635 parvum
702 5571 715 5621 ;
759 5555 879 5610 Ado
919 5555 1290 5635 laudationem
1322 5575 1391 5615 ex
1421 5560 1575 5635 Actis
1611 5560 2029 5635 dedunitplane

446 5627 753 5703 i_ns_ignem,_
772 5642 933 5703 quam
962 5627 1133 5683 ferme
1159 5638 1343 5700 totam,
1374 5630 1691 5703 reproducit
1733 5627 2024 5689 Notkerus.

445 5696 979 5775 Rabanusbrevius
1007 5696 1603 5775 encomium'gprofert,
1652 5702 1719 5759 de
1772 5703 2027 5760 Palaestra

444 5769 615 5830 altum
658 5768 842 5839 silent,
889 5768 984 5825 sed
1022 5786 1187 5843 quam
1224 5772 1358 5829 alibi
1375 5768 1453 5830 'in
1485 5768 1644 5833 σωιῑο
1690 5782 1880 5846 monte,
1916 5793 2026 5852 quo

2146 5350 2409 5423 translata
2428 5356 2557 5405 sunt
2583 5366 2830 5423 corpora,
2852 5352 3146 5408 collocant.
3171 5353 3367 5409 Noster
3386 5352 3748 5410 Adonianun:

2144 5421 2382 5497 elogium
2415 5421 2886 5497 paticulis'iineis_
2917 5424 3320 5494 elegantissime
3348 5424 3746 5497 circumscrip-

2142 5491 2497 5568 sit.’Accepta
2520 5503 2650 5568 sunt
2674 5494 2848 5566 elogia
2873 5495 2975 5568 ista
2996 5491 3183 5551 omnia
3209 5512 3277 5552 ex
3301 5497 3540 5568 vulgatis
3561 5491 3742 5565 Actis,

2140 5579 2320 5639 quaea
2366 5566 2527 5639 Surio
2559 5567 2766 5639 limata,
2802 5567 3096 5639 primitivze
3126 5567 3310 5639 phrasi
3333 5566 3421 5623 ex'
3452 5568 3741 5624 variorum

2136 5636 2299 5708 codd.
2348 5638 2644 5708 collatione
2688 5638 2754 5694 ab
2792 5636 3141 5696 Henschenio
3186 5639 3441 5695 restituta
3484 5648 3637 5708 sunt,
3668 5639 3741 5695 de

2137 5705 2338 5779 quibus
2365 5707 2500 5781 quid
2548 5710 2750 5783 sentiat
2793 5711 2870 5767 ita
2912 5712 3176 5783 exponit:
3219 5713 3398 5781 Neque
3441 5728 3538 5766 nos
3566 5705 3740 5767 credi-

2134 5794 2252 5834 mus
2285 5795 2347 5836 ea
2381 5796 2488 5838 esse
2522 5781 2713 5856 prim
2750 5790 2888 5841 nota:
2935 5781 3092 5856 (ct—que
3143 5800 3209 5839 ea:
3255 5784 3741 5857 proconsularibus
