4032 6190
468 248 571 310 147

1849 220 2153 315 υευΑΒὺι
2191 258 2514 319 MONACHI

3691 257 3796 315 148

482 373 773 452 quioribus
790 375 872 436 ab
894 375 1142 452 Usuardo
1173 383 1566 452 repertum‘est.
1594 378 1765 434 Porro
1799 379 1866 435 de
1886 381 2079 437 iisdem
2109 385 2160 445 A
2188 383 2436 439 tiationis
2463 382 2697 440 Romani
2730 382 3001 450 moderni,
3046 395 3223 452 neque
3270 396 3371 436 nos
3410 382 3599 438 minus
3647 392 3795 441 recte

481 446 827 520 martyribus
870 448 949 504 sic
981 446 1146 503 habet
1174 446 1355 504 Beda:
1402 449 1594 505 Natale
1632 457 1933 506 sanctorum
1962 456 2084 509 Ba-

477 518 673 587 silidis,
701 519 897 587 Cirini,
923 520 1153 575 Naboris
1175 527 1221 573 et
1240 520 1489 586 Nazarii;
1516 520 1659 578 unde
1681 540 1806 578 suos
1829 524 2077 580 Adonem

475 590 749 663 accepisse
780 591 917 646 mihi
962 591 1278 663 ﬁrmissime
1323 593 1643 662 persuadeo,
1688 592 1894 650 omisso
1923 607 2079 651 caute

474 662 739 735 Nazario,
770 679 932 735 quem
967 662 1106 735 forte
1136 680 1261 717 cum
1291 663 1687 720 Mediolanensi
1717 667 2079 723 confunden-

475 734 609 791 dum
643 735 878 862 διαλγὴς
903 734 1101 788 Bedam
1128 744 1278 790 certo
1298 738 1546 817 sequitur
1570 736 1844 805 Rabanus,
1876 739 2080 795 clarius

475 822 592 862 rem
681 815 1051 861 etermmans:
1105 807 1304 862 Romce.
1337 825 1425 862 vta
1454 809 1704 862 Aurelia.
1732 810 1991 862 milliaria
2019 828 2073 862 ν.

473 822 592 862 rem
643 805 1051 862 determinans:
1105 807 1304 873 Romce,
1337 805 1425 862 via
1454 809 1704 875 Aurelia,
1732 810 1991 864 milliaria
2019 828 2073 877 v,

469 878 653 952 passio
683 877 941 952 martyris
981 877 1262 952 Basilidis,
1300 886 1434 952 etc.,
1486 882 1676 952 multa,
1706 880 1973 952 adjiciens
2012 882 2079 937 de

473 949 847 1024 translatione
862 964 1155 1024 cerporum
1188 949 1247 1003 in
1278 951 1553 1006 Auctariis
1592 949 1924 1019 exhibenda,
1957 969 2077 1024 quae

473 1036 506 1095 _a
532 1020 757 1077 Rabano
801 1019 1076 1075 Notkerus
1125 1036 1321 1095 magna
1366 1038 1436 1095 ex
1476 1031 1626 1094 parte
1663 1025 1893 1095 accepit,
1948 1019 2079 1081 licet

473 1089 612 1173 ipse,
658 1109 759 1173 pro
788 1108 909 1159 suo,
958 1095 1176 1173 opiuor,
1207 1089 1461 1173 arbitrio,
1477 1089 1764 1173 'martyres
1792 1089 2072 1152 disSociet.

521 1171 639 1222 ecte
665 1164 836 1241 igitur
861 1164 1045 1237 arguit
1070 1164 1451 1222 lienschenius
1477 1182 1577 1239 pro
1607 1164 1838 1223 veritate
1862 1183 2074 1223 annun-

2194 456 2491 526 genuinum
2524 454 2754 511 Usuardi
2778 462 3015 520 textum,
3053 454 3529 526 licetﬂerroneum,
3562 454 3667 511 hac
3703 457 3795 513 die

2192 524 2505 582 retulimus.
2537 526 2681 592 Quid
2710 527 2776 581 de
2806 526 3067 581 Basilidis
3118 525 3309 591 solius,
3342 524 3477 597 quid
3528 542 3693 597 porro
3724 528 3794 583 de

2188 599 2458 653 Basilidis
2489 605 2542 652 et
2570 599 2740 651 trium
2776 597 2865 653 hic
2895 598 3301 651 nominatorum
3331 596 3602 651 sociorum
3638 599 3796 656 Actis

2195 669 2545 725 sentiendum
2578 670 2669 734 sit,
2701 686 2730 723 a
2776 668 3144 739 Papebroclno
3197 667 3415 739 abunde
3455 669 3793 739 explicatum

2187 749 2413 821 estiat
2458 757 2557 811 pro
2613 737 2918 795 certissimo
2948 748 3007 821 et
3031 737 3621 821 antiquissimocultu‘
3645 750 3796 821 stant

2188 809 2499 867 indubitata
2544 820 2916 866 monumenta.
2962 809 3179 865 Nazarii
3221 817 3275 863 et
3305 809 3446 865 Celsi
3480 812 3687 880 passio,
3716 813 3796 867 in-

2187 884 2377 938 ventio
2405 893 2458 937 et
2487 892 2681 938 czetera
2724 883 2790 937 ad
2824 899 2916 937 eos
2947 890 3164 937 sanctos
3208 881 3515 951 spectantia
3548 883 3604 937 in
3636 883 3792 940 Actis

2187 971 2368 1009 xxvui
2398 954 2530 1009 Julii
2560 954 3045 1009 examinabuntur.
3082 954 3167 1007 En
3200 951 3362 1005 modo
3404 953 3791 1010 Wandalberti

2186 1025 2467 1082 distichon
2495 1026 2564 1081 ad
2605 1026 2754 1081 hunc
2782 1026 2928 1081 diem
2959 1025 3181 1095 proprie
3219 1024 3503 1095 pertinens
3528 1042 3539 1079 :

2308 1115 2527 1164 Cvrinus
2556 1115 2724 1177 pridie,
2746 1114 2957 1173 eﬂ'ulget
2990 1114 3255 1174 Nazarque
3288 1112 3591 1177 Naborque,

2313 1177 2414 1230 His
2442 1185 2493 1227 et
2528 1176 2816 1228 Basilidem
2846 1177 2979 1224 festo
3010 1178 3269 1225 sociamus
3301 1175 3504 1225 eodem.

1937 1306 2297 1364 AUCTARIA
2308 1347 2323 1365 .

547 1425 791 1479 Tonuac.
851 1438 920 1477 ex
979 1420 1473 1494 Mediolanensium
1507 1421 1698 1494 elogio
1735 1429 2072 1494 postremam

475 1504 684 1568 partem
725 1502 949 1562 resecat,
994 1491 1313 1565 incipiendo
1362 1491 1430 1547 ab
1460 1491 1549 1549 his
1591 1491 1812 1550 verbis:
1866 1494 2075 1549 Horum

477 1583 727 1634 corpora,
762 1574 867 1622 etc.

590 1654 855 1695 ULSANEN.
907 1636 992 1692 Ab
1040 1636 1289 1692 Usuardo
1335 1636 1534 1692 iterum
1576 1637 1782 1692 deviat.
1828 1638 1913 1691 En
1957 1635 2075 1707 ejus

477 1710 645 1766 verba
668 1726 679 1764 :
726 1707 954 1763 cNatalis
976 1717 1291 1764 sanctorum
1319 1708 1599 1771 Basilidis,
1625 1707 2071 1775 Cirini,Naboris

477 1790 533 1838 et
586 1779 798 1837 Nazarii
855 1787 1181 1850 martyrum.
1232 1780 1439 1847 Roma},
1499 1780 1697 1835 natalis
1753 1788 2069 1834 sanctorum

478 1834 788 1924 martyrum
824 1834 1025 1924 Felicis
1066 1834 1442 1924 etMagilalei:
1457 1874 1474 1898 ι
1536 1834 1692 1924 Ρωίῂ
1717 1850 1840 1924 huc;
1855 1850 2080 1924 aliunde
2113 1834 2158 1894 B

479 1931 561 1981 est
598 1921 879 1978 intrusus:
912 1922 1069 1981 alter.
1104 1922 1245 1977 forte
1268 1923 1624 1989 Macidaletes,
1657 1921 2078 1994 'l‘ripoliascri-

479 1995 692 2051 bendus
720 1995 961 2067 videtur.
1009 2019 1031 2067 ιγ
1047 1994 1182 2049 Item
1213 1994 1617 2067 sanctilleilidii
1650 1992 1939 2067 episcOPi.»
1970 1993 2081 2049 Nec

480 2067 687 2123 scimus
729 2066 875 2121 unde
904 2064 996 2121 hic
1025 2066 1206 2122 locum
1240 2064 1343 2120 hac
1371 2065 1460 2121 die
1489 2064 1785 2122 invene—rit.

553 2140 871 2209 Roswsvn,
901 2138 1078 2193 textui
1110 2154 1247 2209 puro
1279 2138 1337 2191 in
1367 2137 1475 2193 ﬁne
1505 2138 1751 2194 adnectit
1783 2155 1795 2193 :
1845 2162 1863 2185 ι
1888 2135 2082 2194 Natale

482 2210 658 2267 sancti
698 2208 884 2266 Odulﬁ
914 2208 1221 2281 presbyteri
1251 2217 1304 2264 et
1335 2209 1666 2265 confessoris
1720 2235 1739 2259 ι

550 2282 834 2337 Amunap.
868 2288 922 2336 et
968 2281 1367 2337 Mam—Luam.
1408 2281 1488 2336 sic
1534 2281 1698 2336 hodie
1737 2290 2078 2339 memorant:

498 2352 871 2422 «Mediolano,
922 2352 1192 2408 festivitas
1238 2361 1551 2408 sanctorum
1594 2353 1809 2409 Nazarii
1859 2362 1911 2409 et
1939 2353 2081 2410 Celsi

484 2432 837 2497 martyrum,
874 2425 1092 2496 quando
1147 2423 1314 2480 iidem
1368 2424 1512 2481 beati
1546 2435 1817 2497 martyres
1864 2443 1896 2480 a
1928 2426 2084 2481 beato

484 2496 779 2552 Ambrosio
827 2496 1041 2552 inventi
1092 2506 1221 2552 sunt
1276 2505 1331 2551 ct
1384 2497 1654 2563 translati,
1696 2496 1858 2553 tanta
1910 2498 2085 2568 gratia

485 2568 749 2639 decorati,
783 2577 843 2622 ut
874 2569 1098 2637 sanguis
1126 2584 1315 2623 eorum
1346 2569 1499 2639 quasi
1534 2569 1910 2624 recentissime
1932 2569 2084 2625 vide-

487 2648 639 2695 retur
666 2638 890 2705 aﬁ'usus,
921 2647 972 2691 et
995 2640 1171 2709 capita
1189 2639 1340 2709 quasi
1365 2638 1428 2693 eo
1454 2640 1544 2693 die
1563 2640 1801 2695 abscissa
1817 2640 2079 2697 fuissent:

486 2716 812 2779 tantumque
853 2724 1043 2763 omnes
1094 2716 1385 2779 senserunt
1429 2710 1675 2776 odorem,
1727 2719 1789 2766 ut
1832 2713 2082 2765 omnium

485 2778 791 2836 aromatum
840 2780 1089 2833 vinceret
1159 2778 1506 2833 suavitatem.
1590 2781 1882 2836 Festivitas
1956 2798 2085 2837 vera

486 2867 675 2908 eorum
713 2849 893 2919 agitur
922 2867 956 2903 v
987 2850 1416 2923 K_al._7A_ugnsti.
1460 2851 1675 2923 Eodem
1708 2853 1817 2919 die,
1858 2862 2085 2908 sancto-

486 2938 617 3004 rum.
659 2928 966 2992 martyrum
1018 2920 1298 2988 Basilidis,
1359 2921 1555 2990 Cirini,
1602 2922 1834 2979 Naboris
1877 2934 1931 2981 et
1967 2925 2086 2980 Na-

486 3009 642 3050 zarn.
675 3016 694 3040 ³

559 3065 806 3137 ALBnnc.
836 3072 889 3119 et
925 3065 1125 3137 DANIC.
1167 3065 1244 3137 sic
1278 3065 1611 3137 ordiuntur:
1667 3087 1685 3111 ι
1715 3065 1873 3137 Apud
1908 3068 2083 3121 Aure-

490 3137 620 3194 liam
649 3136 959 3210 civitatem.
987 3136 1168 3191 natale
1201 3135 1343 3192 beati
1386 3136 1663 3210 Basilidis,
1704 3135 1798 3210 qui
1845 3137 2086 3194 Domino

486 3193 782 3282 appetente
803 3215 856 3261 et
879 3193 1128 3279 jubente.
1166 3216 1225 3262 ut
1246 3208 1434 3263 omnia
1454 3225 1562 3282 sua
1582 3193 1926 3265 vend'eretet
1957 3225 2084 3282 pan-
2120 3193 2164 3253 C

487 3279 1003 3353 peribuserogaret,
1032 3287 1283 3353 parentes
1312 3297 1438 3336 suos
1461 3280 1785 3353 visitaturus
1803 3279 2083 3353 Aureliam

485 3350 660 3419 venit,
692 3351 878 3421 ibique
923 3350 1025 3405 sub
1070 3352 1387 3421 Aureliano,
1430 3369 1556 3408 cum
1612 3352 1814 3408 sanctis
1854 3352 2082 3422 Cyrino,

485 3423 713 3496 NaboreA
743 3430 796 3496 et
825 3422 1070 3496 Nazario,
1126 3425 1361 3495 palmam
1407 3424 1659 3496 martyrii
1706 3425 2069 3495 promeruit»

486 3493 891 3567 Hasc‘fabulose
921 3493 1183 3567 adornata
1210 3512 1344 3563 esse,
1368 3495 1536 3550 nimis
1554 3493 1719 3567 quam
1741 3504 2082 3566 compertum

486 3574 587 3622 est.
617 3563 928 3636 Sequilur_:_
963 3589 981 3610 ι
1012 3564 1327 3636 Mediolani,
1371 3569 1550 3620 natale
1571 3563 1902 3621 sanctorum
1927 3582 2085 3620 mar-

487 3645 674 3715 tyrum
702 3633 1210 3715 'Nazarii‘etACelsi
1262 3638 1436 3715 pueri,
1479 3637 1698 3715 quando
1741 3636 1907 3691 iidem
1931 3636 2084 3715 beati

486 3704 762 3778 martyres
791 3722 823 3759 a
843 3704 1003 3759 beato
1024 3704 1342 3778 Ambrosio,
1367 3731 1385 3754 ι
1426 3704 1529 3762 etc.
1564 3707 1766 3762 Eadem
1793 3707 1978 3761 omnia
2004 3724 2083 3762 re-

487 3776 763 3850 feruntur,
804 3791 925 3848 qua:
972 3790 1043 3829 ex
1079 3776 1366 3833 ANTUERP.
1399 3788 1452 3833 et
1480 3778 1866 3834 MAX.-LUBEC.
1919 3795 2085 3850 supra

489 3847 765 3904 dedimus.

559 3920 1065 3985 ANTUERP.-MAX.,
1099 3920 1361 3985 ULTRAJ.,
1404 3918 1650 3975 stnsn.
1697 3927 1750 3975 et
1796 3937 1926 3975 sorr
1968 3921 2083 3976 UL-

486 3990 865 4058 TRAJ.-BELG.,
893 3990 1094 4046 eisdem
1123 3991 1280 4058 plane
1319 3990 1471 4045 vitiis
1500 3990 1768 4056 laborant,
1806 3999 1859 4046 et
1884 3993 1942 4047 in
1974 3991 2083 4047 line

486 4071 746 4134 praeterea
769 4062 1017 4134 addunt:
1066 4086 1083 4108 ε
1114 4061 1237 4134 Ipso
1259 4061 1369 4130 die,
1400 4062 1570 4117 sancti
1590 4061 1833 4134 Odulphi
1860 4064 2079 4134 presby-

485 4132 593 4206 teri
620 4141 675 4206 et
694 4132 1038 4206 confessoris.
1067 4159 1083 4179 ι
1131 4132 1363 4200 ΒονΑΝ.,
1402 4133 1632 4206 reliquis
1661 4133 1824 4189 etiam
1855 4132 2076 4201 similis,

486 4204 675 4278 deficit
697 4205 952 4278 in_elogio
978 4205 1189 4260 Nazarii
1216 4213 1270 4259 et
1290 4206 1454 4273 Celsi,
1484 4204 1577 4261 ubi
1600 4214 1721 4278 post
1742 4207 2075 4274 suavitatem,
2120 4225 2129 4235 ·

486 4276 715 4344 omittit,
738 4274 995 4345 fastiditos
1027 4294 1163 4342 vero,
1195 4285 1300 4332 etc.

557 4348 874 4405 CENTULEN.
908 4366 919 4403 :
942 4373 960 4396 ε
980 4348 1298 4415 Mediolani,
1322 4347 1570 4404 inventio
1590 4357 1643 4404 et
1655 4348 1944 4404 translatio
1956 4366 2077 4404 san-

485 4428 705 4492 ctoruiu
732 4419 945 4475 Nazarii
978 4428 1031 4492 et
1047 4420 1189 4492 Celsi
1221 4429 1548 4492 martyrum.
1587 4421 1719 4476 Item
1744 4420 1886 4475 beati
1914 4421 2078 4475 Basi—

487 4490 638 4566 lidis,
670 4491 886 4563 Cyrini,
917 4491 1185 4566 Naboris:
1218 4491 1311 4547 sed
1333 4490 1385 4547 et
1414 4492 1625 4548 Nazarii
1657 4492 1905 4566 etACelsi,
1938 4509 2075 4566 quos

484 4549 837 4646 duos'pa'ssos
865 4549 1601 4646 antiquitashcommemorat.
1625 4588 1642 4611 ι
1686 4549 2076 4646 Ιξῖβῑῃρέιίὺνε-
2105 4549 2153 4608 D

484 4634 636 4699 duni,
658 4634 728 4689 ut
758 4651 828 4689 ex
858 4634 1047 4690 Adone
1079 4636 1131 4689 in
1165 4635 1656 4691 Observationibus
1689 4634 1957 4692 diximus.

557 4703 911 4777 BRUXELLEN.
940 4724 951 4760 :
1003 4730 1021 4751 ι
1052 4706 1210 4777 Apud
1239 4707 1518 4761 Aureliam
1552 4707 1855 4771 civitatem,
1881 4732 1897 4753 ι
1940 4714 2074 4775 etc.,

485 4781 547 4829 ut
576 4789 741 4844 supra
768 4776 1112 4842 ALBEHGEN.,
1139 4778 1329 4831 Dama.
1361 4785 1414 4831 et
1433 4777 1548 4832 alii.
1573 4778 1712 4831 Tum
1734 4795 1746 4832 :
1768 4801 1785 4822 ι
1807 4778 1878 4832 Et
1899 4779 2077 4833 natale

483 4853 798 4919 sanctorum
856 4854 1159 4919 martyrum
1181 4847 1423 4919 ANazarii
1458 4855 1510 4901 et
1554 4846 1695 4902 Celsi
1724 4848 1899 4919 pueri.
1932 4848 2079 4914 Quos

483 4915 623 4989 duos
653 4931 837 4989 passos
866 4914 1034 4989 fuisse
1053 4916 1197 4989 apud
1217 4917 1669 4989 Evredunensem
1702 4914 1893 4973 urbem
1940 4920 2078 4974 anti-

482 4986 1061 5061 quitasmemorando
1097 4987 1352 5061 celebrat.
1386 4989 1522 5043 Nam
1570 4989 1845 5045 Anolinus
1882 5006 2078 5060 praises

481 5058 585 5115 sub
615 5059 767 5116 rabie
797 5058 1211 5132 persecutionis,
1235 5083 1252 5105 -
1293 5068 1403 5132 etc.
1439 5060 1579 5132 Vera
1609 5061 1760 5116 ΐηΙδεε
1788 5058 2072 5129 admiscet,

481 5130 813 5205 connectens
839 5132 1259 5205 ethinterpolans
1293 5130 1424 5205 bina
1448 5131 1665 5205 diversa
1700 5133 1880 5205 elogia
1905 5150 2077 5205 supe-

481 5202 597 5277 rius
625 5203 772 5277 data.
800 5205 863 5260 In
884 5203 993 5259 fine
1019 5220 1030 5257 ε
1069 5201 1094 5249 ἶ
1117 5201 1325 5274 Etipso
1349 5202 1457 5272 die,
1481 5204 1655 5259 sancti
1679 5204 1921 5277 ()dulphi
1946 5201 2073 5261 con-

480 5271 719 5329 fessoris.
753 5299 771 5322 ι

554 5344 920 5424 Hacanorsau
943 5365 954 5402 :
976 5372 993 5393 ι
1015 5347 1075 5402 In
1098 5346 1427 5424 Mediolano,
1454 5347 1736 5403 translatio
1757 5357 2069 5406 sanctorum

479 5412 670 5491 Nazari
700 5424 752 5469 et
782 5417 923 5491 Celsi
960 5426 1285 5491 martyrum.
1320 5412 1525 5491 Horum
1546 5436 1796 5491 corpora,
1824 5429 1882 5475 ut
1923 5424 2071 5477 scri—

480 5484 634 5567 bit“
658 5493 781 5567 Aetc.
815 5487 955 5567 Vide
993 5484 1157 5545 dicta.
1201 5490 1495 5567 Sequitur:
1545 5516 1562 5537 ε
1594 5484 1761 5567 Apud
1783 5484 2069 5567 Aureliam

478 5563 782 5635 civitatem,
811 5582 829 5604 ι
868 5564 1088 5635 ωιτη.υὲ
1122 5579 1309 5635 supra.
1348 5565 1620 5635 Domum:
1649 5563 1693 5609 ⁷ι
1720 5563 1923 5635 Eodem
1956 5563 2065 5635 die,

478 5626 623 5707 apud
652 5626 961 5707 'l‘rajectum
1003 5626 1253 5707 inferius,
1282 5633 1553 5707 depositio
1583 5634 1773 5707 sancti
1802 5626 2064 5707 Odolphi,

522 5701 741 5754 anonici
763 5701 1089 5779 monasterii
1122 5705 1294 5779 sancti
1325 5701 1645 5779 salvatoris.
1674 5705 1778 5774 Qui
1814 5701 2065 5779 Frys'iam

475 5786 602 5846 cum
623 5777 811 5846 sancto
839 5770 1118 5846 Friderico
1146 5773 1386 5846 episcopi
1418 5794 1516 5831 suo
1538 5770 1730 5834 iterato
1768 5770 2061 5835 convertit.

474 5842 548 5901 Et
575 5841 705 5916 quia
732 5841 912 5914 ipsum
929 5841 1163 5913 benigne
1182 5841 1304 5900 non
1323 5841 1635 5917 audierunt,
1665 5850 2065 5923 praedixit,Da-

2188 1440 2288 1479 nos
2316 1438 2479 1493 super
2504 1437 2595 1476 eos
2620 1435 2735 1476 esse
2764 1428 3051 1493 venturos,
3099 1426 3154 1474 et
3188 1418 3393 1493 multos
3436 1427 3713 1493 martyres
3742 1421 3802 1478 in

2188 1490 2527 1567 Erysiaesse
2552 1493 2791 1559 futuros,
2814 1500 2867 1546 et
2888 1491 2967 1546 sic
2988 1491 3196 1567 factum
3222 1498 3323 1567 e_st.
3364 1490 3612 1567 Denique
3650 1493 3804 1567 circa

2189 1561 2354 1621 ﬁnem
2384 1566 2514 1619 vitae
2541 1581 2674 1631 sum,
2709 1562 3103 1617 monasterium
3150 1561 3207 1616 in
3240 1562 3434 1633 Frysia
3475 1561 3798 1633 aediﬁcavit,

2188 1646 2241 1693 et
2271 1652 2418 1692 mare
2448 1636 2567 1691 illic
2603 1642 2905 1691 venturum
2939 1632 3220 1705 praedixit.
3248 1632 3459 1688 Deinde
3482 1632 3797 1705 Trajectum

2188 1709 2355 1764 rediit
2376 1707 2514 1788 etin
2546 1722 2673 1788 pace
2705 1706 2864 1788 obiit.
2907 1704 3104 1762 {Haec
3126 1721 3196 1760 ex
3228 1704 3355 1761 Vita
3387 1704 3612 1778 accepta
3642 1716 3796 1775 sunt,

2191 1797 2355 1853 quam
2387 1778 2515 1833 vide
2542 1778 2602 1853 in
2633 1778 2809 1853 Actis.

2260 1848 3180 1906 MATRIC.-CARTUS.-ULTBAJECT.1
3225 1846 3801 1918 vBasilidis,Cyriniet

2190 1922 2423 1978 Naboris
2472 1928 2801 1991 martyrum.
2836 1918 3079 1991 Odulphi
3129 1918 3799 1991 confessoris,_Canonici

2193 1993 2365 2050 sancti
2409 1989 2707 2047 Salvatoris
2750 1989 3130 2061 Trajectensis.
3182 1990 3414 2062 Quueraa
3455 1989 3693 2062 virginis
3742 2000 3797 2049 et

2192 2064 2473 2136 martyris,
2505 2081 2652 2136 quae
2675 2062 2790 2136 fuit
2812 2078 2920 2116 una
2965 2062 3239 2136 sodalium
3284 2061 3454 2117 beata!
3496 2061 3733 2119 Ursulae.
3764 2087 3782 2111 ι

2188 2133 2719 2206 νίάθῬειρθΒγοοὴὶί
2755 2133 3269 2206 Commentarium..

2259 2204 2536 2264 ALrsairs.
2566 2225 2578 2262 :
2617 2204 2972 2270 «Aurelianis,
3003 2205 3290 2278 translatio
3322 2204 3520 2278 Ewici,
3550 2204 3798 2278 episcopi

2189 2289 2243 2337 et
2271 2278 2666 2350 confessoris.-
2695 2279 2869 2350 Forte
2916 2277 3154 2350 Emurtii
3184 2277 3536 2350 velEvortii.
3571 2277 3639 2332 de
3687 2277 3798 2350 quo

2191 2352 2464 2425 agendum
2485 2350 2589 2405 erit
2619 2349 2762 2425 i_r_t_fra
2790 2347 2860 2403 ad
2888 2365 2967 2403 vn
2993 2347 3350 2425 Septembris.

2262 2425 2599 2479 FLORENTIN.
2629 2420 2729 2476 Hic
2753 2436 2943 2475 rursus
2974 2421 3275 2475 multorum
3300 2418 3573 2478 confusio.
3597 2419 3658 2473 in
3687 2420 3795 2475 ali-

2192 2495 2395 2568 quibus
2420 2491 2742 2568 Pulsanensi
2762 2508 2885 2568 _non
2920 2491 3241 2568 dissimilis:
3282 2490 3362 2568 sic
3388 2490 3799 2568 refert__Srnoz_-

2190 2562 2360 2634 ium,
2394 2567 2451 2621 ni
2488 2565 2685 2620 fallor:
2724 2588 2740 2609 α
2762 2565 2884 2634 Ipso
2913 2562 3024 2629 die,
3058 2564 3253 2634 Romae
3274 2562 3363 2617 via
3396 2563 3646 2629 Aurelia,
3680 2562 3800 2617 mi—

2192 2638 2353 2694 liario
2374 2654 2498 2701 Vill,
2524 2633 2854 2691 monasterio
2876 2634 3089 2700 Nirino,
3118 2633 3295 2701 passio
3316 2641 3628 2689 sanctorum
3657 2650 3797 2688 mar-

2191 2719 2375 2779 tyrum
2432 2708 2710 2779 Basilidis,
2759 2705 3253 2779 Tribuli,AMalcbi,
3299 2706 3526 2779 Daletis,
3564 2705 3798 2779 Cibini,

2192 2776 2439 2852 Tropuli,
2496 2777 2698 2852 Aurili,
2727 2777 3021 2852 _Donatelli
3068 2785 3120 2831 et
3164 2776 3447 2832 Secundae.
3483 2802 3499 2825 ι
3562 2777 3708 2833 Vide
3741 2778 3796 2832 in

2194 2848 2348 2906 Actis
2379 2850 2603 2904 nomina
2626 2848 2857 2902 veriora.
2893 2872 2910 2893 σ
2935 2849 3089 2911 Item,
3115 2852 3295 2902 natale
3318 2856 3631 2903 sanctorum
3661 2865 3802 2903 mar-

2192 2931 2379 2995 tyrum
2404 2920 2661 2995 Basilidis
2684 2919 2955 2995 etCirini.
2981 2921 3115 2995 Item
3142 2920 3346 2986 Romae,
3374 2921 3804 2995 natalesamito-

2194 2990 2318 3049 rum
2368 2992 2566 3048 Felicis
2606 3000 2660 3047 et
2690 2990 3041 3062 Magdalenae.
3076 2992 3209 3046 ltem
3259 2992 3433 3047 sancti
3463 2991 3643 3047 Elidii
3672 2992 3803 3064 epi-

2197 3082 2369 3121 SCODI.
2403 3089 2420 3111 ι

2270 3082 2289 3119 )
2332 3083 2369 3119 ι.
2403 3089 2420 3111 ι

2270 3082 2466 3190 ἔθη-ιο
2514 3132 2936 3202 Lunam-Cor“,
2988 3133 3173 3189 littera
3217 3133 3484 3205 singulari
3518 3142 3797 3205 notatur:

2210 3234 2225 3256 ι
2251 3209 2311 3262 In
2342 3206 2546 3278 oppido
2570 3206 2772 3278 Remis,
2800 3204 2979 3275 passio
3002 3213 3201 3260 sancta:
3224 3204 3450 3278 (Inuera:
3474 3204 3709 3278 virginis
3747 3215 3802 3262 et

2199 3275 2554 3350 martyris,de
2572 3276 2831 3350 societate
2846 3284 3155 3350 sanctarum
3171 3275 3425 3350 undecim
3449 3275 3663 3350 milium
3690 3278 3800 3332 vir-

2196 3347 2406 3420 ginuin.
2433 3348 2595 3421 Apud
2622 3347 2903 3421 Aureliam
2925 3347 3227 3421 civitatein,
3258 3349 3436 3421 natale
3464 3347 3608 3403 beati
3631 3349 3801 3404 Basi-

2195 3418 2346 3486 lidis,
2371 3446 2388 3469 ι
2423 3418 2529 3477 etc.
2553 3422 2763 3476 Rursus
2785 3438 2795 3475 :
2819 3445 2836 3466 ι
2856 3419 3173 3486 Mediolani,
3205 3418 3455 3474 inventio
3477 3432 3801 3477 sanctorum

2196 3501 2499 3563 martyrum
2534 3491 2747 3547 Nazarii
2780 3501 2833 3547 et
2850 3491 2995 3563 celsi
3026 3491 3177 3562 pueri
3205 3491 3343 3563 :uni
3390 3491 3580 3558 iidem,
3604 3517 3624 3540 ι
3667 3500 3798 3562 etc.,

2194 3573 2254 3618 ut
2284 3562 2499 3619 abunde
2529 3580 2712 3633 supra.
2751 3564 2846 3618 «In
2878 3562 3126 3633 Trajecto
3156 3562 3428 3628 inferiori,
3453 3564 3633 3620 natale
3650 3563 3798 3620 beati

2193 3635 2436 3715 Qdulp-bi
2470 3633 2776 3705 presbyteri
2808 3633 3285 3715 etconfessoriszg
3322 3633 3464 3715 Vide
3490 3637 3799 3715 supraelo-

2193 3703 2750 3778 gium’HAcENOYsN”
2784 3712 2838 3759 et
2867 3712 3039 3760 totam
3072 3704 3199 3760 vitae
3228 3703 3517 3760 historiam
3550 3703 3607 3761 in
3637 3707 3801 3764 Actis

2193 3777 2420 3832 nostris.

2263 3850 2455 3903 BELIN.
2490 3854 2613 3919 post
2639 3846 2853 3916 reperit,
2886 3845 3168 3919 adjungit:
3217 3871 3235 3895 ι
3267 3846 3370 3902 Sed
3401 3847 3679 3904 festivitas
3705 3865 3797 3906 eo-

2190 3936 2335 3987 rum,
2365 3944 2383 3966 ι
2419 3925 2526 3974 etc.
2555 3918 2625 3973 Et
2645 3918 2817 3973 altera
2844 3918 3013 3973 editio
3041 3918 3097 3973 in
3126 3918 3235 3974 ﬁne
3266 3929 3525 3990 praeterea
3554 3920 3749 3977 subdit
3782 3940 3794 3977 :

2205 4017 2223 4038 ι
2244 3990 2576 4058 Aurelianis,
2617 3990 2759 4062 beati
2786 3991 3003 4046 Evurtii
3030 3991 3269 4062 episcopi
3292 3999 3346 4046 et
3367 3991 3698 4047 confessoris
3716 4038 3729 4051 .
3764 4019 3784 4043 ι

2190 4062 2359 4133 Cujus
2385 4062 2620 4117 natalem
2643 4061 2908 4135 diximus
2940 4079 3102 4135 supra
3124 4061 3291 4117 recoli
3321 4081 3400 4118 vn
3423 4064 3790 4135 Septembris.

2261 4134 2549 4208 ϐψςνιςιξῐά
2599 4133 2703 4208 c_In
2742 4133 2946 4208 Scotia,
2996 4133 3248 4188 Termani
3306 4133 3708 4208 archiepiscopi
3740 4144 3799 4192 et

2187 4204 2535 4261 confessoris.
2557 4227 2575 4248 ι
2619 4204 2682 4257 In
2722 4204 2875 4259 Actis
2906 4212 3133 4259 vocatur
3174 4208 3469 4263 Ternanus.
3495 4204 3540 4254 ἀ
3571 4209 3633 4263 In
3654 4204 3798 4264 ‘Tra-

2181 4276 2330 4347 jecto
2346 4274 2629 4349 inferiori,
2645 4275 2819 4349 sancti
2839 4275 3082 4349 Odulphi
3110 4277 3412 4349 presbyteri
3438 4287 3491 4334 et
3515 4280 3797 4336 confesso-

2187 4345 2282 4416 ris,
2311 4346 2554 4419 ejusdem
2588 4345 2949 4419 Trajectensis
2990 4345 3232 4419 ecclesiae
3263 4345 3536 4406 canonici.
3569 4351 3658 4405 Ad
3699 4369 3795 4408 cu-

2179 4418 2555 4495 jusmeritum
2584 4418 2844 4474 omnibus
2873 4418 3296 4495 ostendendum,
3327 4437 3452 4495 cum
3485 4438 3650 4495 omne
3671 4423 3797 4495 ejus

2185 4490 2480 4547 iediﬁcium
2509 4490 2728 4546 ﬂamma
2768 4507 2940 4546 vorax
2971 4492 3382 4562 absumpsisset,
3437 4494 3665 4550 baculus
3696 4490 3799 4551 ta-

2186 4580 2333 4632 men,
2374 4579 2483 4636 quo
2529 4563 2728 4636 seniles
2780 4569 2931 4617 artus
2961 4570 3267 4636 sustentare
3314 4573 3701 4636 consueverat,
3733 4567 3797 4622 in

2186 4633 2660 4708 quoietjtabellam
2691 4642 2925 4708 ceratam
2959 4633 3025 4688 ad
3057 4634 3283 4708 nomina
3321 4635 3568 4691 fidelium
3601 4653 3798 4693 anno—

2184 4704 2352 4761 fanda
2390 4704 2644 4767 habebat,
2693 4704 2769 4759 ita
2798 4712 3044 4776 repertus
3076 4714 3156 4761 est
3188 4706 3413 4772 illmsus,
3455 4716 3515 4763 ut
3541 4725 3612 4764 ne
3644 4726 3798 4767 unus

2187 4777 2411 4850 quidem
2428 4791 2593 4852 _apex
2628 4776 2683 4829 in
2723 4791 2846 4852 cera
2873 4776 3189 4852 deperierit.
3225 4779 3285 4852 In
3337 4779 3541 4852 oppido
3572 4781 3792 4852 Renen,

2189 4846 2391 4922 sanctae
2421 4846 2648 4902 Cuneraa
2682 4846 2916 4917 virginis
2944 4846 2997 4902 et
3028 4850 3305 4922 martyris.
3327 4846 3458 4917 Quae
3496 4867 3624 4907 cum
3645 4846 3797 4908 esset

2187 4919 2253 4975 de
2282 4919 2541 4994 societate
2594 4926 2906 4994 sanctarum
2957 4936 3015 4974 χι
3049 4919 3264 4994 milium
3312 4921 3618 4994 Avirginum,
3652 4923 3794 4994 ipsis

2187 5000 2368 5047 tamen
2418 4989 2779 5063 aliquamdiu
2806 4999 3098 5063 superstes,
3134 4991 3352 5063 pietatis
3395 4989 3594 5048 studiis
3621 4989 3800 5051 valde

2185 5064 2416 5135 intenta,
2441 5060 2784 5135 ad'martyrii
2809 5060 3043 5135 palmam
3070 5060 3267 5119 meruit
3298 5065 3604 5135 pervenire.
3629 5089 3647 5113 ι
3665 5067 3795 5125 Jam

2183 5134 2325 5200 dixi,
2358 5133 2545 5189 Vitam
2576 5133 2633 5187 in
2666 5134 2817 5188 Actis
2847 5134 3196 5189 illustratam.

2253 5207 2495 5279 Momm),
2542 5204 2798 5279 ultimum
2832 5212 3018 5279 textus
3042 5222 3273 5279 sensum
3304 5222 3661 5279 proseqnens,
3695 5210 3795 5265 ad-

2181 5276 2283 5343 dit,
2323 5302 2340 5325 ι
2362 5284 2415 5332 et
2441 5275 2677 5341 Nazarii,
2700 5292 2932 5348 quorum
2958 5277 3227 5333 Naborem
3261 5275 3319 5334 et
3340 5275 3652 5345 Nazarium,
3698 5283 3795 5337 si-

2182 5350 2295 5404 mul
2342 5365 2468 5406 cum
2498 5350 2776 5417 Gorgonto
2828 5357 3066 5420 martyre
3110 5351 3394 5405 transtulit
3423 5368 3453 5406 a
3502 5352 3680 5408 Roma
3730 5354 3798 5410 in

2180 5421 2412 5503 Galliam
2457 5420 2843 5503 CrQ‘dcganﬁdus
2894 5421 3148 5479 Metensis
3185 5423 3507 5503 episcopus,
3527 5426 3797 5503 permit-

2179 5500 2329 5548 tente
2351 5492 2520 5548 Paulo
2542 5493 2684 5564 Papa
2720 5494 2982 5561 Romano,
3003 5511 3147 5549 anno
3185 5492 3488 5551 Dominica:
3524 5492 3797 5552 incarna-

2176 5564 2345 5619 tionis
2367 5582 2585 5638 pCCva
2607 5572 2659 5620 et
2676 5565 2967 5620 collocavit
3006 5566 3299 5637 praedictus
3326 5567 3617 5638 episcopus
3646 5585 3800 5624 san-

2177 5644 2325 5692 ctum
2349 5636 2764 5711 Gorgoniumin
2783 5636 3133 5711 monasterio,
3160 5638 3307 5711 quod
3327 5636 3536 5696 dicitur
3557 5638 3789 5698 Gorzia:

2174 5716 2426 5783 sanctum
2456 5724 2586 5763 vero
2616 5708 2885 5764 Naborem
2916 5709 2975 5763 in
3021 5708 3351 5783 monasterio
3391 5711 3538 5783 quod
3568 5711 3794 5769 dicitur

2171 5778 2463 5852 Novacella
2489 5798 2500 5834 :
2525 5788 2774 5852 sanctum
2797 5797 3012 5852 quoque
3030 5780 3319 5837 Nazarium
3355 5778 3421 5837 in
3438 5783 3791 5840 monasterio

2172 5848 2319 5923 quod
2357 5851 2562 5909 dicitur
2589 5848 3038 5920 Loreshain,'ubi
3095 5852 3251 5921 signa
3302 5860 3355 5909 et
3413 5852 3686 5911 miracula
3721 5856 3787 5913 in
