4032 6190
451 233 553 290 155

1745 221 2048 279 USUARDI
2085 218 2407 278 MONACHI

3654 217 3757 275 156

444 365 575 424 ctet,
597 353 815 411 dicetur
833 351 901 408 de
930 367 992 407 ea
1021 351 1088 407 ad
1109 349 1254 406 diem
1285 348 1402 424 ejus
1419 347 1656 424 natalem
1684 362 1804 401 xvu
1824 347 2045 402 Decem-
2077 348 2123 406 A
2157 344 2454 424 die,s_a_ncti
2477 340 3111 424 Quincianipresbyteri
3128 347 3184 422 et
3200 339 3756 424 Siciiconfessorum.

445 419 578 496 bris,
612 443 721 498 quo
751 424 955 498 similia
987 439 1200 498 semper
1231 419 1582 498 remittimus:

515 488 1288 556 Marnlc.~Canrus.-Ui.rna:.
1317 510 1328 546 :
1351 516 1367 538 ε
1393 489 1574 548 Rufini
1601 496 1655 545 et
1678 488 1884 544 Valerii
1907 505 2047 543 mar-

443 579 656 643 tyrum.
708 567 898 643 Basilii
943 562 1594 643 episcopiAcaesariensis.
1633 560 1860 643 .Helisaei
1909 577 2046 632 pro-

446 632 625 716 phetis
640 641 798 716 apud
829 632 1487 716 Sarnariam'zmQuintiani
1507 632 1809 716 presbyteri
1819 658 1876 716 ,πρ

516 717 576 770 In
611 704 906 776 Vincam,
954 725 1108 764 num.
1140 708 1301 774 5949,
1344 705 1496 761 deest
1537 729 1554 750 ι
1587 704 1791 772 EIiszei,
1831 704 2044 772 Basilii,

442 784 751 853 Quintiani.
786 807 803 828 -
833 778 1124 853 Adjectum
1153 798 1204 835 τι
1235 780 1297 834 In
1328 779 1663 845 Benevento,
1694 777 1750 832 S.
1783 776 2044 832 Marciani

441 852 682 930 episcopi
713 862 765 910 et
799 852 1150 930 confessoris.
1184 875 1202 930 ξ

513 917 791 983 Amineas.
825 943 875 980 τι
903 924 1026 994 Ipso
1047 923 1156 989 die,
1189 921 1474 994 Quintiani
1505 917 1809 994 presbyteri
1829 925 1884 973 et
1905 935 2044 974 mar-

441 1001 602 1073 tyris.
635 1021 653 1044 ι
695 997 894 1052 Melius
927 991 1190 1073 intexti},
1243 1019 1261 1042 ι
1288 991 1637 1073 confessoris.
1673 1014 1691 1035 ι

515 1072 850 1128 FLoaI-zm'm.
877 1086 889 1123 :
929 1091 946 1113 ι
979 1067 1103 1137 Ipso
1129 1065 1236 1134 die,
1267 1071 1581 1137 sanctorum
1618 1070 1921 1137 martyrum
1951 1064 2046 1118 Af-

443 1143 558 1210 frii,
591 1141 781 1198 Prothi
812 1149 864 1194 et
885 1133 1195 1206 Quintiani.
1227 1136 1404 1210 aVide
1435 1143 1712 1210 martyres
1731 1133 2041 1210 Africanos.

440 1217 520 1271 De
544 1206 781 1278 Aniano,
815 1221 876 1266 ut
907 1213 1214 1266 PULsaxaN.
1253 1234 1271 1256 ι
1298 1209 1454 1274 Item,
1487 1206 1662 1262 sancti
1694 1206 1887 1276 lgnatii
1934 1207 2044 1278 epi-

443 1285 594 1366 scopi
620 1291 695 1366 _et
733 1281 994 1366 martyris
1176 1280 1455 1366 {de-quo
1487 1277 1837 1366 Asuprapinln
1883 1277 2046 1366 liag‘ia

437 1347 690 1422 civitate,
716 1347 918 1410 sancta;
948 1352 1258 1408 Autheonis
1278 1359 1332 1406 et
1351 1347 1551 1406 sanctae
1574 1347 1843 1404 Ludidiae.
1864 1373 1880 1394 -
1901 1349 1950 1422 δῖ
1958 1349 2045 1404 ide

440 1429 499 1484 in
528 1426 685 1484 Actis
714 1425 1083 1481 Antheonem.
1124 1447 1142 1470 ι
1173 1425 1232 1478 In
1273 1422 1511 1493 Epheso,
1545 1435 1859 1475 sanctorum
1894 1421 2043 1493 Mag-

441 1499 578 1570 gini,
612 1497 901 1571 Gas_ti~n_i‘et
931 1491 1502 1571 Viviani._ln_Afri_ca,
1526 1501 1842 1571 sanctorum
1871 1491 2040 1571 Afrae,

441 1563 750 1638 Quintiani,
794 1568 1079 1636 Theodoli,
1132 1566 1353 1634 Thedze,
1403 1564 1636 1638 Festina:
1681 1571 1736 1617 et
1779 1563 2044 1638 Quintia-

440 1634 611 1697 nillae.
649 1664 667 1688 ι
711 1634 854 1698 Vide
887 1634 1084 1696 horum
1116 1647 1428 1710 martyrum
1459 1635 1686 1691 nomina
1712 1634 2044 1689 correctiora

439 1712 500 1769 in
532 1712 708 1768 Actis.

509 1785 722 1840 Moxms
777 1781 956 1836 SION:
1023 1803 1042 1828 ι
1092 1777 1411 1836 Aurelianis
1460 1776 1705 1843 civitate,
1756 1776 2044 1832 translatio

440 1856 688 1926 corporis
718 1851 871 1926 bea_ti_
893 1850 1096 1926 Amani
1127 1850 1458 1926 confessoris
1487 1857 1657 1926 a_tque_
1681 1847 2029 1926 pontificis._-

510 1919 755 1982 ΗεΜεΝδ.
803 1923 896 1978 SS.
949 1924 1093 1994 Tim.
1124 1931 1178 1977 et
1208 1923 1391 1994 Apoll.
1426 1939 1475 1976 :c
1500 1919 1712 1994 ﬁculis,
1752 1919 2044 1994 translatio

439 1998 687 2066 corporis
735 1994 911 2066 sancti
944 1993 1225 2066 Rigoberti
1259 1990 1512 2066 episcopi
1545 1999 1598 2047 et
1626 1990 1978 2046 confessoris.
2010 2014 2030 2039 ι

441 2065 658 2126 Colitur
689 2084 745 2123 ιν
774 2065 1041 2120 Januarii.

509 2139 708 2194 Enmo
757 2135 1150 2192 LUBECO-COL.
1186 2136 1246 2190 In
1277 2135 1479 2190 Elizaeo
1527 2134 1911 2204 interpolatur.
1953 2133 2042 2189 Se-

439 2209 724 2282 quituride
756 2208 1000 2282 Valerio,
1031 2216 1162 2282 etc._,
1196 2223 1347 2282 pure.
1382 2207 1560 2282 Tu_m_:
1613 2205 1824 2282 _«__Apud
1855 2206 2044 2282 Caesa-

441 2277 589 2336 ream
621 2280 964 2352 Capadociaa,
988 2278 1472 2352 translatioisancli
1503 2277 1962 2352 Basiliiepiscopi
1989 2286 2043 2352 et

439 2347 790 2408 confessoris.
832 2351 1214 2408 Suessionensi
1245 2350 1492 2416 civitate,
1537 2349 1712 2404 sancti
1744 2347 2044 2404 Aristi’onis

439 2424 790 2480 confessoris.
826 2446 844 2470 ι
891 2423 1032 2478 Vide
1063 2422 1482 2478 Praetermissos.
1523 2444 1541 2467 ε
1573 2421 1825 2487 Viennae,
1865 2421 2041 2475 sancti

437 2495 699 2551 Eucherii
732 2494 1000 2566 (Etherii)
1046 2493 1289 2566 episcopi
1335 2502 1390 2550 et
1431 2493 1783 2552 confessoris.
1831 2491 2040 2547 Eodem

2154 411 2514 484 Aurelianis,‘
2537 411 3034 487 translatiogsancti
3078 411 3306 480 Aniani,
3337 435 3354 458 ι
3390 420 3496 468 etc.
3528 413 3608 468 De
3651 429 3762 487 qua

2154 489 2318 545 etiam
2353 490 2520 546 altera
2554 488 2751 544 BELINI
2781 485 2972 542 editio.

2227 560 2479 616 GREV’EN.
2527 560 2696 615 Nota:
2747 583 2764 606 ι
2795 559 2909 614 Hoc
2953 559 3043 614 die
3082 558 3379 614 translatus
3424 566 3508 614 est
3536 565 3762 615 sanctus

2153 633 2412 697 Basilius,
2448 631 2708 687 Kalendis
2737 646 2867 685 vero
2896 630 3140 685 Januarii
3173 629 3336 684 obiit.
3371 630 3505 685 Item
3543 640 3757 687 sancto-

2157 721 2277 758 rum
2316 703 2643 769 Antheonis,
2676 702 2889 769 Galani,
2919 711 2974 758 et
2993 702 3200 768 Jovini,
3234 701 3524 767 Theodoli,
3559 702 3684 758 Afri
3705 709 3759 758 et

2155 775 2365 830 Prothi.
2391 800 2408 822 ι
2451 775 2591 830 Vide
2622 775 2776 829 Acta.
2825 798 2843 821 ι
2880 773 3129 838 Viennae,
3163 772 3375 828 Etherii
3410 773 3652 845 episcopi
3706 781 3763 829 et

2154 847 2504 903 confessoris.
2539 845 2783 911 Gregorii
2817 845 3055 916 episcopi
3088 853 3141 900 et
3181 845 3532 900 confessoris.
3563 869 3581 892 ι
3624 845 3764 911 Quis

2153 919 2247 987 sit,
2280 920 2541 974 nescitur.
2589 942 2607 965 ι
2638 916 2926 972 Bertholdi
2957 917 3308 972 confessoris.
3340 940 3359 963 ι
3395 917 3560 972 Forte
3588 917 3634 971 is
3656 925 3760 984 est,

2154 989 2247 1062 qui
2276 991 2482 1045 colitur
2507 1007 2604 1046 xvr
2634 989 2805 1044 Junii.
2827 1013 2844 1036 ι
2883 987 3424 1062 Suessionis,_sancti
3457 989 3764 1062 Aristionis

2153 1059 2502 1118 confessoris.
2554 1085 2571 1107 ι
2619 1063 2694 1116 De
2732 1076 2842 1132 quo
2889 1059 2969 1132 in,
2991 1059 3178 1132 indice
3214 1059 3757 1132 Praetermissorum.

2168 1157 2186 1180 σ
2217 1133 2385 1200 Tulli,
2427 1132 2717 1188 translatio
2747 1131 2919 1186 sancti
2955 1131 3226 1202 Mansueti
3274 1131 3517 1202 episcopi
3549 1139 3603 1186 et
3629 1147 3761 1188 cono

2154 1204 2394 1260 fessoris.
2420 1229 2438 1251 ι
2481 1204 2695 1261 Colitur
2721 1221 2782 1259 ru
2811 1201 3164 1273 Septembris.
3212 1225 3230 1250 ι
3264 1202 3442 1257 Beatae
3468 1201 3751 1259 memoria:

2153 1275 2368 1342 Basilii,
2417 1275 2618 1346 prioris
2662 1273 2885 1345 majoris
2925 1273 3210 1346 Cartusize,
3236 1274 3354 1346 qui
3402 1282 3601 1346 octavo
3639 1281 3765 1345 post

2154 1345 2748 1402 sanctum’lirunonem
2777 1347 2914 1411 loco,
2948 1345 3109 1400 annis
3133 1345 3332 1415 viginti
3365 1345 3547 1401 tribus
3566 1346 3764 1415 praedi-

2154 1426 2300 1474 ctam
2331 1417 2477 1472 rexit
2492 1418 2741 1481 domum,
2771 1425 2826 1471 et
2853 1417 3135 1472 miraculis
3151 1432 3448 1473 coruscans
3475 1417 3764 1474 obdormi-

2154 1491 2238 1544 vit
2268 1489 2325 1544 in
2363 1489 2620 1544 Domino.
2656 1513 2674 1535 ι
2719 1488 2860 1544 Vide
2896 1489 3320 1544 Praermissos.

2223 1561 2461 1641 Mopag.‘
2492 1560 2564 1641 in.
2576 1559 2977 1641 posterioribus
3023 1559 3368 1641 editionibus
3393 1577 3405 1615 :
3427 1583 3470 1641 ’ς
3499 1560 3761 1641 Viennae,

2154 1632 2326 1687 sancti
2373 1630 2590 1687 Etherii
2633 1631 2896 1702 episcopi.
2930 1631 3238 1703 Syracusis,
3287 1630 3462 1688 sancti
3499 1630 3762 1688 Martiani

2068 1708 2119 1766 A
2151 1703 2418 1774 episcopi,
2459 1703 2553 1774 qui
2591 1703 2659 1758 ab
2688 1703 2953 1775 Apostolo
3003 1703 3223 1775 missus,
3259 1703 3548 1760 Seleucum
3599 1703 3678 1758 ibi
3707 1709 3766 1775 et

2153 1775 2421 1830 Gordium
2462 1782 2516 1829 et
2566 1774 2816 1846 magnam
2866 1774 3284 1830 multitudinem
3331 1775 3628 1830 convertit.
3662 1774 3765 1830 Die

2152 1846 2367 1928 decima
2408 1854 2631 1928 quarta_,_
2673 1846 2847 1928 sancti
2898 1845 3069 1928 patris
3113 1846 3381 1928 Methodii
3419 1845 3763 1928 patriarcha

2154 1917 2684 1989 Constantinopolis.
2709 1917 2883 1974 iDein
2911 1917 3223 1974 charactere
3255 1917 3540 1973 minutiori
3567 1937 3617 1973 ει
3651 1920 3762 1973 Au-

2153 1989 2397 2056 relianis,
2439 1989 2728 2044 translatio
2767 1997 3083 2044 sanctorum
3116 1989 3341 2057 Aniani,
3376 1989 3670 2045 Monitoris
3708 1997 3763 2044 et

2154 2061 2416 2127 Flosculi,
2433 2061 2679 2116 civitatis
2699 2059 2817 2131 ejus
2837 2061 3259 2132 episcoporum;
3282 2061 3527 2132 Euspicii
3544 2060 3764 2116 abbatis

2152 2132 2494 2189 Miciacensis
2521 2133 2708 2203 primi,
2743 2131 2990 2188 Baudelii
3014 2139 3093 2204 Aet
3114 2131 3321 2188 Scubili
3349 2141 3683 2204 martyrum,
3708 2141 3764 2189 et

2154 2205 2304 2277 Agite
2338 2202 2532 2277 matris
2558 2204 2733 2259 sancti
2770 2204 2906 2277 Lupi
2939 2202 3203 2277 episcopi,
3245 2212 3300 2260 et
3332 2202 3583 2259 libera—tio
3607 2204 3765 2260 civi-

2154 2276 2280 2331 tatis
2309 2276 2377 2331 ab
2409 2277 2624 2348 Hunnis
2655 2292 2750 2348 per
2768 2275 3018 2348 sanctum
3053 2275 3332 2331 Anianum
3365 2279 3707 2348 episcopum.
3727 2299 3745 2322 ι

2153 2349 2222 2422 In
2241 2347 2623 2422 Praetermissis
2654 2348 2859 2422 singuli
2881 2347 2950 2404 ad
2977 2347 3263 2420 proprium
3291 2347 3456 2405 suum
3486 2347 3632 2404 diem
3667 2363 3761 2404 na-

2152 2420 2317 2475 talem
2349 2420 2708 2477 reducuntur.
2753 2420 2764 2422 ’
3659 2436 3666 2443 ’

1894 2626 2299 2637 ...----

439 2677 595 2735 XVII
631 2677 762 2730 Kal.

3535 2675 3637 2732 Die
3670 2676 3758 2734 15.

509 2769 574 2824 In
609 2765 822 2832 Sicilia,
872 2765 1072 2822 natalis
1114 2772 1429 2821 sanctorum
1475 2763 1616 2832 Viti,
1667 2763 1920 2832 Modesti,
1953 2772 2007 2818 et
2047 2763 2396 2832 Crescentiae,
2432 2765 2526 2836 qui
2557 2764 2660 2820 sub
2687 2764 3032 2822 Diocletiano
3081 2765 3411 2837 imperatore
3439 2775 3561 2838 post
3588 2767 3759 2822 ollam

438 2858 652 2930 plumbi
689 2855 975 2922 ferventis,
1011 2863 1134 2925 post
1164 2854 1370 2909 bestias
1397 2863 1450 2910 et
1479 2862 1712 2910 catastas
1739 2853 1929 2908 divina
1983 2853 2189 2909 virtute
2219 2861 2520 2925 superatas,
2551 2871 2773 2911 cursum
2806 2855 3030 2927 gloriosi
3059 2855 3377 2911 certaminis
3409 2865 3760 2929 peregerunt.

442 2946 740 3022 [Interserit
779 2944 1083 3000 Bouillart:
1117 2957 1139 2981 ι
1170 2943 1409 3000 Civitate
1456 2944 1791 3010 Benevento,
1827 2944 2002 2998 sancti
2034 2944 2294 3001 Mercurii
2341 2944 2648 3018 martyris.]
2695 2945 2857 3018 Apud
2913 2947 3139 3001 Mesiam
3171 2946 3398 3002 civitate
3436 2948 3762 3017 Dorostoro,

439 3035 614 3094 sancti
639 3033 851 3091 Esichii
884 3033 1163 3102 militaris,
1196 3034 1290 3106 qui
1313 3050 1438 3090 cum
1471 3034 1630 3090 beato
1653 3033 1801 3090 Julio
1823 3033 2269 3106 comprehensus,
2300 3035 2403 3090 sub
2434 3034 2664 3107 praeside
2694 3035 2936 3093 Maximo
2958 3043 3146 3111 postea
3168 3037 3435 3109 martyrio
3464 3046 3764 3094 coronatus

437 3133 540 3184 θεῖ.

1985 3239 2218 3296 NOTAE.

507 3353 635 3415 Puri
660 3361 791 3410 sunt
820 3352 1119 3422 Herinien.,
1160 3354 1476 3420 Tornacen.,
1509 3351 1858 3423 Antuerpien.
1890 3358 1944 3406 et
1973 3348 2380 3415 Max.—Lubec.,
2417 3347 2712 3417 Munerat,
2757 3348 2959 3418 Belin.,
2991 3349 3212 3405 Greven.
3252 3356 3306 3404 et
3335 3348 3540 3408 Maian.

505 3499 527 3525 ³
566 3489 645 3544 De
673 3487 845 3544 sancti
873 3486 1129 3543 Mercurii
1163 3485 1464 3552 mentione,
1491 3501 1654 3556 quam
1684 3501 1751 3540 ex
1781 3484 2034 3541 codicum
2071 3487 2112 3544 (Γ.
2143 3483 2235 3538 illa
2273 3483 2509 3556 reperire
2548 3499 2662 3556 non
2707 3483 2884 3556 potui.
2929 3483 3095 3556 Forte
3143 3500 3261 3556 non,
3287 3483 3532 3540 restituit
3577 3483 3626 3538 is
3661 3485 3755 3541 cui

431 3575 656 3615 suorum
708 3558 931 3613 silentio
969 3566 1022 3612 et
1063 3557 1229 3612 litura
1268 3557 1542 3611 Pralensis
1590 3557 1872 3612 inductam
1918 3571 2032 3611 esse

429 3637 679 3686 autumat
720 3628 1016 3692 Sollerius;
1049 3628 1117 3682 ab
1143 3626 1261 3697 ejus
1285 3627 1500 3698 judicio
1541 3628 1608 3683 ad
1637 3643 1800 3698 sanos
1841 3628 2032 3682 oculos

432 3701 669 3780 appello.
705 3700 764 3754 Si
796 3700 882 3753 vel
914 3698 1256 3780 levissimum
1292 3697 1578 3779 scripturae
1617 3697 2031 3780 discrimengsu-

429 3769 730 3843 spicentur,
781 3785 1143 3843 causamnon
1174 3770 1319 3843 dico,
1369 3770 1503 3842 quin
1536 3785 1698 3841 super
1750 3769 2031 3843 inductam

429 3839 545 3898 esse
583 3841 854 3912 judicent.
907 3839 1165 3896 Additam
1220 3839 1401 3896 fuisse
1431 3839 1618 3895 verum
1671 3850 1772 3910 est,
1822 3842 1916 3896 sed
1964 3841 2032 3896 ab

431 3912 714 3979 Usuardo;
741 3912 886 3968 unde
914 3920 1212 3984 sumptam,
1235 3928 1345 3967 non
1371 3912 1561 3984 liquet.
1595 3913 1752 3968 Illius
1774 3913 2034 3984 martyris

427 3986 568 4041 Acta
596 4001 764 4057 penes
793 4001 900 4057 nos
929 3982 1062 4057 olim
1087 3983 1340 4057 fuerunt,
1379 3982 1654 4055 siquidem
1689 3983 1741 4037 in
1764 4000 1876 4057 ms.
1922 3982 2035 4057 no-_-

428 4053 670 4112 strortim
707 4055 962 4114 codicum
1008 4053 1193 4112 indice
1243 4053 1618 4111 memorantur
1648 4071 1704 4110 n.
1756 4055 1880 4111 461.
1929 4055 2034 4110 Sed

2143 3562 2340 3610 mutuo
2369 3555 2495 3610 data
2535 3555 2774 3622 fuerant,
2809 3554 2954 3610 forte
2985 3555 3150 3611 etiam
3182 3555 3397 3610 sublata
3423 3556 3572 3610 furta
3601 3563 3756 3612 sunt.

2142 3627 2238 3698 De_
2264 3627 2484 3691 Alexio,
2528 3627 2761 3698 margini
2802 3626 3013 3693 addito,
3053 3644 3162 3682 non
3197 3635 3278 3682 est
3317 3626 3464 3698 quod
3505 3627 3759 3684 Pratensi

2141 3696 2320 3768 codici
2347 3705 2562 3752 moveat
2586 3697 2763 3764 litem,
2787 3714 2912 3752 nam
2937 3699 3150 3753 nullum
3171 3707 3252 3757 est
3272 3696 3757 3768 Martyrologium,

2144 3767 2513 3841 quodsaltem
2547 3769 2604 3823 in
2652 3785 2753 3823 usu
2789 3769 2980 3841 fuerit,
3008 3771 3142 3841 quin
3175 3767 3496 3841 hujusmodi
3525 3767 3756 3825 addita?-

2144 3788 2291 3840 quoa
2321 3788 2513 3822 saltem
2547 3788 2604 3823 1η
2652 3788 2753 3823 11511
2789 3788 2975 3834 11181⁸11,
3008 3788 3142 3841 quin
3176 3788 3249 3825 nu
3278 3788 3496 3825 118le
3525 3788 3756 3825 200113-

2144 3839 2346 3913 mentis
2377 3839 2721 3913 infarciatur.
2741 3841 2826 3913 ‘Et
2853 3839 2988 3912 quid
3020 3841 3221 3898 mirum
3246 3788 3272 3898 ἐ
3299 3841 3386 3896 An
3419 3841 3757 3913 oportuisset

2144 3912 2419 3986 integrum
2440 3912 2702 3986 volumen
2725 3911 2962 3986 describi
2986 3914 3203 3985 quoties
3221 3919 3444 3970 sanctus
3457 3911 3670 3986 aliquis
3692 3913 3753 3970 in

2143 3983 2321 4039 Fastis
2349 3982 2652 4040 addebatur
2669 3983 2697 4040 ?
2726 3982 3067 4041 Βουιιιλιῐτ.

1602 4179 2006 4239 VARIANTES
2045 4180 2461 4240 LECTIONES.

499 4280 701 4337 Sensus
726 4278 898 4352 exigit
923 4285 1225 4335 sanctorum
1263 4280 1386 4348 Viti,
1409 4288 1514 4337 etc.
1543 4297 1554 4335 :
1585 4280 2030 4352 singularessunt

427 4355 664 4412 Greven.
695 4360 750 4408 et
781 4351 982 4408 Molan.
1035 4353 1094 4408 in
1122 4353 1290 4406 sancti
1331 4352 1450 4417 Viti,
1495 4361 1600 4407 etc.
1631 4351 1722 4407 Sic
1752 4352 2025 4424 superﬂua

426 4434 508 4482 est
537 4424 806 4497 particula
852 4431 905 4479 et
951 4424 1095 4480 inter
1141 4424 1244 4480 Viti
1288 4431 1342 4479 et
1372 4424 1611 4497 Modesti,
1649 4440 1811 4497 quam
1840 4432 2025 4497 tamen

425 4495 701 4570 adjiciunt
723 4496 1050 4570 Tornacen.,
1081 4497 1374 4568 Antuerp.,
1396 4495 2024 4570 ⁸Μειγιιμμῃῂθθ.,ᾏίιξῐιθτ

423 4565 529 4627 rat.
588 4578 642 4626 et
680 4569 858 4624 Belin.
907 4567 1000 4641 qui
1047 4565 1357 4638 postremus
1395 4568 1525 4640 legit
1581 4569 1682 4624 Viti
1713 4573 1770 4641 et
1805 4565 2027 4641 Modesti

425 4648 582 4711 atque
640 4639 965 4696 Crescentice.
1014 4641 1091 4696 De
1139 4641 1304 4695 Mesia
1349 4639 1488 4710 saepe
1532 4647 1586 4693 et
1623 4639 1754 4694 satis
1791 4640 2023 4703 dictum.

425 4711 544 4783 Cup
591 4712 932 4783 Heriniensis
961 4711 1241 4782 scripserit
1267 4711 1471 4783 :Apud
1508 4711 1731 4783 Mesiam
1769 4711 2028 4765 civitatem

425 4780 740 4850 Dei-astam,
765 4799 878 4838 non
903 4780 1116 4838 divino.
1146 4782 1415 4846 Messium,
1448 4781 1752 4849 Massiuam,
1785 4789 1838 4836 et
1859 4783 2028 4837 Doro-

2135 4286 2271 4353 stro,
2303 4278 2482 4353 Belini
2516 4279 2650 4335 vitia
2677 4286 2827 4335 sunt.
2860 4281 2994 4353 Item
3028 4280 3226 4349 Exitii,
3258 4297 3356 4353 pro
3385 4282 3608 4339 Esichii.
3640 4283 3757 4338 Vi-

2141 4350 2303 4407 detur
2333 4351 2569 4407 nimium
2591 4367 2780 4422 sapere
2809 4352 3055 4408 voluisse
3076 4350 3412 4421 Muneratus,
3444 4355 3576 4410 dum
3606 4356 3754 4410 mili-

2143 4422 2295 4491 taris,
2319 4439 2428 4496 quo
2451 4423 2614 4479 modo
2638 4425 2942 4480 Romanum
2967 4440 3221 4495 parvum,
3255 4424 3376 4480 Ado
3392 4433 3446 4480 et
3465 4427 3751 4484 Usuardus

2139 4503 2457 4568 constanter
2507 4497 2711 4567 legunt,
2759 4496 2996 4552 mutavit
3043 4496 3099 4551 in
3145 4496 3335 4551 militis
3373 4503 3419 4550 et
3467 4499 3748 4568 martyris.

2141 4565 2292 4641 Iidem;
2323 4565 2640 4641 Munerat‘us
2666 4583 2790 4641 cum
2823 4568 3016 4623 Belino
3039 4569 3222 4641 posuit
3254 4565 3630 4641 Maximiano;
3651 4587 3756 4641 pro

2139 4639 2400 4696 Maximo.
2436 4641 2520 4710 An
2553 4637 2856 4710 Usuardum
2902 4655 2970 4694 ex
3009 4637 3196 4695 Adone
3241 4639 3512 4710 corrigere
3544 4637 3753 4697 volue—

2140 4711 2272 4782 rint,
2307 4709 2493 4764 nescio
2520 4719 2712 4782 ;cert_e
2744 4709 2818 4782 ita
2853 4711 2984 4780 legit
3013 4718 3247 4782 utraque
3287 4709 3499 4769 Adonis
3528 4713 3745 4782 editio;

2138 4780 2357 4838 codices
2386 4781 2564 4837 nostri
2596 4779 2795 4854 reliqui
2818 4779 3030 4851 omnes,
3061 4791 3124 4839 ut
3155 4779 3213 4838 in
3238 4791 3416 4840 textu.

1726 4908 2226 4965 OBSERVATION
2228 4906 2330 4962 ES.

491 5007 908 5082 Nobilissimum
967 5015 1273 5082 martyrum
1346 5005 1667 5082 Sicnlorumi
1718 5007 2020 5082 ternarium
2053 5014 2097 5070 D
2129 5012 2446 5082 martyrum.
2467 5004 2589 5082 Ado
2611 5007 2782 5079 priori
2815 5008 3379 5082 Hieronymianorum
3403 5009 3599 5068 ordine
3620 5013 3747 5070 vin‘

424 5082 625 5155 passim
657 5081 936 5155 celebrant
966 5078 1145 5155 Latini
1177 5096 1368 5155 omnes
1408 5081 1784 5155 Martyrologi.
1820 5080 2023 5155 Hiero—

424 5140 966 5226 iiymusiimprimis,
1007 5151 1063 5206 in
1108 5151 1269 5226 cujus
1310 5140 1639 5224 apograpbis
1669 5140 1740 5226 ea
1770 5153 1884 5208 sola
1920 5169 2024 5207 oc—

422 5223 599 5282 currit
627 5223 937 5291 diversitas,
981 5223 1126 5294 quod
1160 5223 1416 5279 ultimum
1451 5223 1652 5279 nomen
1695 5225 1751 5279 in
1790 5241 1900 5279 uno
1930 5233 2023 5278 aut

423 5299 616 5362 altero,
651 5312 844 5365 genere
876 5295 1181 5352 masculino
1213 5297 1352 5351 male
1381 5296 1658 5363 efferatur,
1697 5297 2024 5352 Crescentius

424 5370 511 5423 vel
557 5369 975 5440 Crescentianus.
1029 5368 1193 5433 Beda,
1235 5367 1380 5440 quod
1423 5369 1642 5434 mirere,
1685 5368 1856 5424 solius
1923 5369 2024 5422 Viti

427 5437 703 5501 meminit,
741 5445 796 5491 at
827 5438 1022 5493 Florus
1068 5437 1590 5505 socios'restituens,
1625 5456 1734 5494 non
1766 5448 2022 5495 contem-

426 5509 608 5565 nendo
637 5508 817 5586 elogio
849 5524 1038 5586 omnes
1075 5521 1324 5586 exornat.
1361 5512 1618 5586 Babanus
1646 5511 1713 5586 de
1744 5512 1861 5565 solo
1881 5511 2022 5586 _Vit_o

425 5594 581 5651 agere
609 5578 773 5634 etiam
809 5578 1050 5652 videtur,
1081 5583 1334 5652 quamvis
1372 5581 1427 5636 in
1464 5582 1726 5652 longioris
1754 5581 2023 5636 orationis

424 5650 536 5707 suae
565 5656 842 5722 contextu;
859 5650 1036 5704 socios
1053 5650 1163 5706 non
1188 5650 1582 5722 praetermittat:
1608 5653 1724 5708 Jam
1745 5652 1811 5706 ad
1841 5653 2022 5707 fontes

424 5729 639 5796 nostros
684 5720 1299 5796 accedamus___propius.
1341 5726 1647 5781 Romanum
1681 5740 1908 5796 parvum
1942 5724 2021 5780 sic

425 5793 720 5852 enuntiat:
785 5794 850 5851 In
909 5792 1114 5860 Sicilia,
1159 5792 1407 5862 Modesti,
1468 5797 1570 5852 Viti
1613 5792 2023 5852 et'Crescentite

2131 5079 2351 5161 dicato,
2401 5079 2672 5205 egregiam
2725 5079 2895 5161 tradit
2939 5079 3207 5139 Aciorum
3267 5084 3746 5205 qualiumcuntgle

2131 5160 2430 5205 emtomen.
2472 5167 2503 5205 a
2579 5153 2876 5205 Iorentlmo
2911 5153 3210 5205 laudatam-
3248 5155 3532 5205 recitatam
3572 5172 3606 5205 a
3688 5173 3746 5205 a-

2131 5152 2430 5223 epitomeu,
2472 5167 2503 5205 a
2532 5152 2876 5207 Florentinio
2911 5153 3210 5222 laudatam,
3248 5152 3533 5212 recitatam
3572 5172 3606 5210 a
3645 5152 3746 5213 Pa-

2135 5223 2453 5298 pebrochio,
2483 5238 2562 5298 ea
2596 5239 2703 5298 qua
2731 5223 2926 5298 Noster
2967 5226 3414 5298 compendiosius
3456 5243 3616 5284 suum
3649 5244 3745 5285 en-

2133 5293 2375 5350 comium
2400 5293 2734 5370 nitidissiime
2766 5296 2963 5352 texuit.
2988 5299 3066 5354 De
3093 5293 3361 5369 palaestra,
3386 5301 3442 5355 in
3470 5315 3578 5370 qua
3600 5316 3745 5356 mar-

2137 5376 2284 5443 tyres
2303 5365 2661 5434 certaverint,
2687 5383 2982 5443 nonunam
3002 5365 3373 5443 recentiorum
3395 5365 3743 5443 Scriptorum

2133 5437 2459 5512 opinionem
2494 5446 2737 5512 recenset
2770 5440 3165 5509 Florentinius,
3200 5444 3450 5499 Lucanos
3469 5437 3538 5497 ei
3559 5442 3742 5512 Actis,

2132 5509 2258 5566 cum
2293 5510 2494 5566 Siculis
2510 5509 2808 5566 conciliare
2827 5521 3076 5580 conatus,
3101 5513 3168 5570 de
3184 5515 3384 5580 quibus
3405 5515 3569 5570 etiam
3602 5509 3743 5570 non;

2134 5582 2287 5661 nulla
2316 5583 2666 5661 elucidantur
2694 5582 2749 5636 in
2783 5582 3141 5661 Papebrochii
3173 5582 3602 5661 Commentario,
3627 5602 3742 5658 quo

2131 5652 2461 5729 curiosiores
2511 5652 2830 5729 huiusmodi
2862 5652 3068 5729 'rerum
3117 5657 3462 5729 indagatores
3502 5652 3744 5714 libenter

2132 5722 2488 5807 remittimus.
2656 5741 2895 5807 praesens
2929 5728 3077 5807 quod
3111 5722 3357 5807 attinet,
3385 5737 3734 5807 compertum

2132 5794 2415 5864 habemus,
2461 5794 2801 5870 antiquiores
2839 5807 2892 5854 et
2929 5794 3267 5872 probatiores
3306 5794 3735 5872 Martyrologos,
