4050 6178
392 143 493 201 163

1713 134 2021 197 USUARDI
2061 120 2381 198 MONACHI

3592 133 3691 195 164

388 269 517 336 tart,
544 281 672 338 pro,
701 263 842 322 Eod.
868 262 978 332 die,
1013 307 1027 319 .
1074 306 1086 319 .
1134 306 1146 319 .
1193 306 1206 319 .
1256 307 1269 319 .
1314 262 1423 318 viri
1445 280 1463 318 :
1489 275 1512 301 -
1542 263 1605 319 1n
1641 264 1924 321 territorio
1949 239 2304 334 Bituricensi,
2337 264 2513 322 sancti
2541 261 2805 322 Gundulﬁ
2833 263 3075 337 episcopi
3105 271 3160 319 et
3181 239 3557 338 confessoris]
3589 266 3700 322 An-

383 356 633 424 relianis,
664 354 839 413 sancti
869 352 1026 410 Aviti
1055 352 1363 426 presbyteri
1392 359 1448 409 et
1475 353 1825 411 confessoris.

1886 460 2119 518 NOTIE.

455 563 614 619 Hunc
650 576 765 617 esse
810 575 1004 614 verum
1051 564 1105 612 et
1153 557 1454 629 genuinum
1498 565 1714 613 textum
1752 557 1987 629 probant
2016 565 2065 621 Α
2102 559 2310 625 Lubec.,
2341 559 2632 623 Munerat,
2664 555 3029 627 Beliniprima
3048 557 3228 626 editio,
3257 557 3477 613 Greven.
3510 566 3561 614 et
3588 559 3696 617 Mo-

380 635 599 691 codices
638 632 935 697 Herinien.,
974 632 1286 697 Tornacen.,
1318 630 1689 700 Antuerpien.,
1727 638 1777 685 et
1809 631 1987 688 MM.-

451 754 474 780 ι
503 742 608 796 Pro
629 740 684 796 S.
709 737 995 795 Gundulfo
1019 738 1341 794 Carolinum
1363 737 1763 808 autographum
1795 737 1978 794 habet:

381 813 583 870 Eodem
615 812 719 878 die,
762 812 816 867 S.
871 810 1111 865 Vulmari
1137 809 1452 877 confessoris
1479 810 1816 863 admirandis
1848 827 1982 863 san-

381 884 576 940 ctitatis
603 890 650 939 et
669 881 940 952 religionis
962 881 1086 935 viri.
1111 881 1283 947 Quam
1313 881 1889 936 commemorationem
1913 897 1980 936 ex

380 956 576 1012 Adone
604 960 876 1024 sumptam
898 951 1105 1007 delevit
1132 959 1318 1023 postea
1348 952 1646 1024 Usuardus,
1679 962 1732 1007 et
1753 952 1804 1007 S.
1836 954 1981 1007 Gun-

380 1026 598 1083 dulfum
626 1023 938 1081 substituit.
967 1024 1276 1095 Utrumque
1306 1023 1537 1079 erudite.
1569 1025 1705 1079 Nam
1739 1041 1851 1079 non
1880 1024 1983 1080 hoc

380 1098 492 1167 die,
539 1097 636 1153 sed
672 1114 750 1151 xx
778 1096 910 1151 Julii
931 1094 1012 1167 iS.
1036 1094 1371 1167 AVulmarum
1416 1098 1531 1167 vita
1559 1096 1853 1152 excessisse
1883 1112 1984 1151 suo

384 1165 506 1226 loco
552 1168 772 1233 dicam;
820 1174 877 1239 et
922 1166 976 1239 SA.
1021 1165 1289 1239 Guudulﬁr
1338 1166 1560 1222 mentio.
1593 1168 1982 1239 opportunius,

381 1257 546 1315 quam
576 1239 818 1315 hoc_die,
845 1237 970 1315 fieri
1002 1253 1110 1315 non
1142 1238 1554 1315 potuit._L_ocus_
1580 1237 1683 1315 est,
1714 1256 1875 1315 quem
1905 1256 1983 1315 as-

379 1309 619 1391 signavit
652 1309 1043 1391 _He_nschenius
1090 1309 1226 1391 ipse2
1271 1309 1365 1391 qui
1395 1309 1741 1391 Breviarium
1783 1311 1984 1368 Bituri~

380 1381 561 1454 cense,
592 1382 808 1439 tabulas
838 1381 1084 1454 ejusdem
1116 1381 1381 1450 ecclesia,
1422 1389 1476 1437 et
1503 1382 1829 1454 purissimos
1858 1399 1984 1438 cum

2103 630 2215 686 lani
2243 631 2492 685 editiones
2514 630 2856 701 posteriores.

2093 745 2345 793 exaratos
2374 753 2559 806 manu,
2592 744 2711 792 tum
2742 737 2920 793 editos
2949 738 3179 794 Usuardi
3221 738 3439 793 codices
3465 739 3679 808 allegat.

2095 810 2214 876 Quo
2255 818 2519 879 tempore,
2560 809 2719 880 cujus
2764 810 2909 865 sedis
2950 810 3237 881 episcopus
3283 810 3449 881 fugrit
3479 819 3699 865 sanctus

2094 881 2190 937 ille
2219 882 2555 948 Gundulfus,
2590 882 2852 937 hactenus
2881 883 3191 949 ignoratum
3221 891 3320 936 est.
3343 881 3450 947 Qui
3475 883 3699 936 transla—

2096 953 2264 1009 tionis
2309 962 2363 1008 et
2408 954 2802 1009 miraculorum
2848 954 3136 1008 historiam
3178 953 3415 1022 scripsit,
3453 953 3700 1008 Gundul-

2093 1024 2213 1079 fum
2242 1026 2322 1079 ait
2342 1025 2730 1080 Mediolensem
2754 1025 3228 1095 archiepiscopum
3262 1024 3447 1078 fuisse.
3476 1025 3699 1079 Metten-

2096 1112 2207 1151 sem
2226 1097 2545 1167 episcopum
2566 1097 2705 1151 dicit
2731 1096 2788 1150 in
2812 1098 2927 1151 vita
2947 1098 3002 1150 S.
3026 1096 3374 1166 Radeguudis
3397 1096 3703 1150 \‘enantius

2097 1169 2451 1239 Fortunatus.
2497 1168 2604 1223 Sed
2644 1184 2823 1239 neque
2864 1167 3320 1234 Mediolanenses,
3362 1182 3538 1238 neque
3568 1168 3702 1222 Met-

2097 1246 2277 1295 tenses
2330 1238 2445 1294 suis
2494 1239 2652 1293 illum
2702 1238 3029 1310 p'rznsulibus
3080 1248 3465 1294 annumerant.
3516 1239 3705 1310 Neque

2098 1256 2277 1295 tenses
2330 1256 2445 1294 suis
2494 1256 2652 1293 unum
2742 1256 3029 1294 rmsunnus
3080 1256 3465 1294 annumerani.
3516 1256 3703 1310 neque

2098 1311 2153 1365 id
2176 1311 2521 1380 exploratum
2546 1310 2651 1364 fuit
2668 1256 2939 1383 illusum,
2973 1311 3063 1383 qui
3087 1311 3268 1365 sedem
3292 1312 3568 1382 appellare
3589 1323 3703 1365 non

2098 1383 2398 1450 omisisset,
2429 1383 2475 1438 si
2506 1389 2636 1437 nota
2663 1381 2770 1454 ipsi
2800 1381 3014 1438 fuisset.
3047 1383 3393 1451 Bourusaur.

1592 1490 1999 1550 VARIANTES
2038 1489 2446 1548 LECTIONES.

452 1592 647 1650 Ferme
684 1593 970 1651 reducitur
1001 1592 1067 1648 ad
1097 1590 1451 1646 librariorum
1486 1590 1574 1645 vel
1606 1589 1992 1663 typograpbo-

380 1681 504 1722 rum
544 1666 871 1739 spbalmata.
918 1663 1009 1739 Sic
1046 1670 1229 1739 vetere,
1273 1679 1371 1734 pro
1408 1664 1588 1739 veteri,
1622 1663 1835 1739 habent
1866 1663 1993 1739 An—

380 1733 646 1811 tuerpfet
667 1736 1050 1794 Max.-Lubec.
1082 1735 1146 1790 In
1175 1733 1445 1791 Munerat.
1470 1734 1632 1807 politi
1661 1751 1759 1806 pro
1784 1733 1993 1806 positi;

2098 1589 2279 1643 divum
2319 1605 2418 1660 pro
2449 1588 2664 1655 clivum,
2697 1587 2792 1643 ubi
2822 1589 3003 1643 Belin.
3038 1587 3203 1643 habet
3232 1585 3463 1660 clivium.
3498 1584 3709 1643 Rursus

2097 1660 2299 1738 Belin,
2320 1658 2630 1738 ἰζιιιηιανὶἱζ
2648 1660 2917 1738 Munerat.
2942 1658 3498 1738 autemninmirandte
3527 1667 3582 1715 et
3607 1674 3705 1738 pro

2090 1732 2383 1802 presbyteri
2417 1738 2464 1785 et
2502 1729 2837 1799 confessoris,
2882 1730 3013 1802 legit
3056 1730 3260 1785 abbatis
3289 1736 3337 1784 et
3365 1730 3700 1800 confessoris-

1731 1837 2225 1896 OBSERVATION
2230 1837 2333 1892 ES.

452 1932 581 1989 Haec
613 1929 780 1987 hodie
809 1929 1044 1987 Romani
1074 1928 1229 2002 parvi
1259 1929 1376 1985 sola
1402 1936 1456 1985 et
1484 1929 1651 1985 unica
1679 1929 1987 2002 annuntia—

381 2003 493 2060 tio:
536 2006 732 2071 Romw,
775 2001 1481 2073 martyrumi'duceutorum
1526 2001 1810 2071 sexaginta
1839 2001 1989 2055 duo—

2098 1927 2252 1982 nulla
2263 1926 2424 1983 nobis
2437 1927 2529 1984 hic
2540 1926 3175 1999 disceptatio;nunquam
3192 1926 3594 1983 facietutlectio
3609 1943 3703 1982 no-

2100 2005 2211 2078 stra
2227 2000 2415 2080 verissi
2427 2016 2509 2053 me
2528 2016 2634 2053 non
2658 2001 2730 2054 sit
2745 1999 3049 2080 llsuardina
3061 2014 3412 2080 ,quocuuque
3432 2000 3598 2080 titulo
3612 2015 3708 2071 po-

379 2091 530 2154 rum:
572 2070 802 2154 Reliqua
851 2070 1031 2130 teitus
1077 2075 1251 2154 nostri
1295 2074 1460 2154 verba
1501 2070 1791 2128 Adoniana
1839 2079 1986 2154 sunt.
2020 2097 2065 2154 Β
2101 2070 2205 2124 sita
2254 2071 2440 2139 fuerit,
2486 2079 2663 2154 stante
2706 2088 2802 2142 pro
2830 2089 2898 2152 ea
2925 2070 3707 2154 codicumintegerrimorum

382 2145 531 2219 Quid
580 2146 647 2201 de
685 2144 753 2202 iis
782 2153 1041 2219 praeterea
1072 2146 1179 2201 dici
1221 2145 1413 2219 possit,
1451 2160 1723 2219 nusquam
1757 2144 1988 2219 reperio,

382 2218 490 2273 nisi
541 2215 867 2274 censeantur
905 2217 1073 2273 iidem
1117 2215 1251 2285 esse,
1293 2215 1659 2289 quidqucenti
1709 2217 1994 2288 sexaginta

381 2305 619 2345 numero
648 2308 865 2346 arenam
897 2290 1151 2360 fodientes
1180 2287 1420 2343 damnati
1449 2287 1671 2358 fuerunt
1705 2295 1759 2343 et
1798 2287 1857 2341 in
1881 2306 1991 2342 am-

419 2362 679 2417 hitheatro
719 2359 946 2417 civitatis
988 2361 1193 2432 sagittis
1230 2359 1512 2430 interfecti,
1552 2376 1583 2415 a
1613 2360 1704 2415 SS.
1738 2360 1910 2415 Mario
1940 2366 1992 2415 et

419 2378 679 2417 mmeatro
719 2378 946 2417 cwuans
988 2378 1193 2432 saginis
1230 2378 1512 2430 mter/acu,
1552 2378 1583 2415 a
1613 2378 1704 2415 δδ.
1738 2378 1910 2415 mario
1940 2378 1992 2415 et

377 2378 598 2507 ﬁtartha
631 2434 723 2507 (de
758 2434 961 2507 quibus
991 2450 1067 2488 xx
1088 2432 1354 2507 januarii)
1386 2433 1576 2507 sepulti
1606 2432 1992 2507 iu_crypto_via

383 2504 814 2577 Salaria,juarth
843 2504 1393 2577 clivumZCucumeris.
1428 2506 1506 2560 lla
1539 2504 1821 2561 credidere
1854 2505 1991 2577 Hen-

382 2576 727 2634 scheniuset
763 2576 1193 2647 Papebrochius,
1240 2576 1313 2631 in
1339 2577 1561 2647 Sylloge
1598 2593 1696 2630 sua
1731 2576 1993 2630 historica

382 2650 523 2704 alios
551 2648 630 2703 eis
654 2657 942 2718 martyres,
961 2647 1033 2718 Ain
1058 2647 1632 2718 Hieronymianishoc
1656 2647 1744 2700 die
1774 2662 1989 2717 expres-

383 2735 472 2775 sos
498 2716 915 2789 conjungentes,
944 2716 1241 2789 dequibus
1264 2716 1467 2789 merito,
1491 2717 1731 2783 dubites,
1750 2716 1989 2789 panicum

384 2789 537 2846 hisce
565 2786 819 2845 ducentis
849 2786 1133 2857 sexaginta
1160 2786 1377 2842 duobus
1416 2788 1582 2842 ullam
1625 2796 1719 2844 aut
1749 2787 1855 2843 loci
1896 2796 1991 2844 aut

383 2859 652 2931 temporis
684 2859 918 2914 habeant
939 2859 1285 2931 aliinitatem.
1312 2859 1521 2931 Verum
1543 2859 1600 2912 in
1624 2866 1776 2913 tanta
1806 2875 1987 2931 rerum

382 2929 739 2996 obscuritate,
776 2946 886 2985 non
920 2929 1083 2983 video
1112 2946 1143 2984 a
1174 2929 1441 3000 Majorum
1476 2930 1693 3001 placitis
1722 2930 1991 2986 receden—

382 3002 537 3069 dum,
560 3001 737 3057 donec
757 3001 1129 3072 aliundeplus
1158 3000 1387 3057 luminis
1413 3002 1723 3057 accesserit.
1758 3003 1845 3057 An
1872 3003 1928 3057 id
1960 3020 1991 3058 a

382 3072 781 3130 Wandalberto
810 3071 1146 3142 aﬂ‘undatur,
1179 3090 1249 3129 ex
1287 3072 1404 3144 ejus
1432 3072 1723 3131 versiculis
1750 3082 1991 3132 statuere

383 3147 589 3218 poteris
608 3163 621 3201 :

505 3249 879 3315 Quiudecimus
902 3259 1100 3313 septem
1130 3249 1612 3315 quinquagenisque
1639 3251 1879 3302 ducentis

506 3314 821 3380 Martyribus
840 3315 1120 3379 jucundam
1149 3318 1303 3363 mittit
1327 3315 1390 3364 ad
1411 3314 1549 3363 astra
1576 3330 1839 3365 coronam.

453 3423 571 3481 Iam
613 3423 681 3481 ad
729 3423 1055 3481 ﬁrmandam
1094 3423 1162 3481 de
1206 3430 1409 3496 caetero
1449 3430 1634 3480 textus
1681 3424 1855 3480 nostri
1904 3441 1989 3496 ge-

384 3497 613 3553 nuinam
654 3496 1017 3574 Usuardinam
1052 3503 1106 3550 et
1135 3494 1985 3574 primigeniamsimplicitatem,

383 3577 721 3626 concurrunt
764 3584 875 3622 non
903 3568 1096 3638 solum,
1114 3566 1267 3621 citati
1302 3566 1417 3636 jam
1448 3566 1675 3622 codices
1694 3567 1987 3638 undequa-

383 3640 664 3720 que_puri,
701 3640 796 3720 sed
835 3639 1032 3720 reliqui
1073 3637 1245 3717 ferme
1283 3654 1484 3720 omlnes
1503 3646 1784 3720 utcunque
1814 3637 1983 3720 aucti,

382 3705 454 3766 iis
482 3705 755 3787 duntaxat
783 3705 1050 3780 exceptis,
1080 3705 1174 3787 qui
1205 3724 1330 3787 cum
1365 3708 1612 3787 Pratensi
1644 3705 1801 3763 eitra
1829 3718 1983 3787 caete:

381 3796 569 3837 rerum
600 3779 851 3836 ordinem
879 3779 1177 3836 ceuvenire
1202 3779 1408 3844 solent;
1442 3780 1592 3850 soliti
1625 3796 1820 3850 nempe
1848 3781 1985 3837 socii

380 3851 831 3925 Antuerp.-Maj.,
863 3850 1155 3921 Rosweyd.
1183 3859 1235 3906 et
1253 3849 1714 3925 ‘Aq‘uicinctiuus,
1752 3849 1819 3907 de
1849 3853 1984 3924 qui-

381 3923 485 3995 bus
501 3922 616 3995 jani
647 3922 811 3979 toties
840 3939 1018 3979 sermo
1060 3923 1319 3995 recurrit._
1346 3922 1556 3992 Leguut
1592 3922 1710 3979 illic
1739 3922 1980 3981 secundo

381 3993 542 4053 loco:
591 3997 657 4052 In
686 3996 957 4066 territorio
995 3993 1339 4066 Bituricensi,
1372 3994 1541 4066 salicti
1574 3995 1833 4066 Gundulﬁ
1860 3998 1981 4066 epi-

382 4067 528 4137 scopi
555 4072 602 4120 et
628 4065 977 4137 confessoris;
1014 4081 1243 4137 eamque
1278 4065 1568 4137 lectionem
1590 4065 1982 4137 iHenschenius

381 4136 583 4208 nostras
614 4136 1005 4208 praeferendam
1032 4136 1209 4208 putat,
1237 4153 1306 4191 ex
1333 4136 1550 4192 favente
1570 4136 1684 4193 diei
1710 4156 1982 4196 concursu

380 4215 435 4264 et
453 4207 843 4279 astipulatione
863 4207 1096 4264 duorum
1120 4208 1462 4263 Pratensium
1482 4208 1756 4265 codicum.
1776 4211 1980 4268 Verum

379 4287 444 4336 ut
462 4279 513 4335 ei
535 4280 680 4335 ultro
699 4280 1083 4347 concedamus,
1104 4281 1340 4335 natalem
1370 4281 1609 4336 Vulmari
1624 4281 1769 4337 diem
1792 4283 1983 4339 cadere

381 4352 535 4423 inxx
545 4350 681 4408 Julii
700 4352 955 4424 Gundutﬁ
965 4368 1096 4409 vero
1109 4351 1211 4409 hac
1225 4351 1316 4408 die
1331 4351 1708 4423 recolendum,
1724 4370 1829 4427 qua
1842 4354 1908 4410 de
1924 4371 1981 4410 re

2101 2158 2397 2214 consensu,
2440 2143 2531 2214 qui
2568 2143 2726 2211 plane
2756 2143 2965 2197 evincit
2999 2142 3331 2214 Gundulfmn
3373 2142 3431 2195 in
3462 2142 3709 2198 codicem

2099 2213 2437 2278 Pratensem,
2452 2213 2514 2268 ut
2534 2214 2670 2269 alias
2686 2215 2889 2269 factum
2916 2215 3077 2269 toties
3094 2213 3457 2280 ostendimus,
3474 2214 3712 2269 subinde

2102 2283 2272 2357 fuisse
2320 2286 2618 2352 intrusum,
2664 2303 2815 2341 erasa
2862 2286 3002 2340 forte
3042 2285 3212 2357 priori
3263 2285 3705 2341 annuntiatione.

2102 2356 2383 2438 Magisque
2410 2357 2465 2412 id
2492 2358 2628 2413 adeo
2661 2358 2827 2438 liquet
2859 2356 3193 2438 recurrendo
3218 2358 3284 2412 ad
3307 2358 3479 2438 ipsam
3515 2358 3709 2438 Usuar:

2102 2427 2159 2501 di
2203 2427 2519 2501 perpetuam
2560 2427 2992 2501 scaturiginem;
3028 2429 3299 2493 Adonem,
3331 2427 3579 2501 inquam,
3615 2428 3705 2484 cui

2106 2496 2415 2570 Gundulfus
2458 2502 2553 2556 ille
2601 2496 2951 2556 Bituricensis
3000 2501 3159 2571 plane
3217 2501 3323 2555 fuit
3375 2496 3708 2571 incognitus.

2102 2571 2310 2642 Itaque,
2362 2580 2423 2626 ut
2459 2572 2527 2627 ad
2578 2574 2888 2629 Vutmarum
2934 2570 3329 2642 regrediamur,
3380 2572 3446 2627 de
3488 2570 3551 2627 eo
3598 2570 3707 2643 pri-

2100 2658 2225 2715 mus
2256 2643 2509 2715 meminit
2533 2643 2827 2715 praedictus
2849 2643 2988 2709 Ado,
3018 2644 3326 2715 iisdemque
3349 2661 3571 2715 prorsus
3592 2659 3709 2698 ver-

2100 2712 2187 2767 bis
2216 2714 2482 2778 laudavit,
2505 2730 2625 2784 quae
2654 2714 2710 2767 in
2746 2715 3069 2769 laterculum
3101 2712 3260 2769 suum
3296 2712 3570 2771 Usuardus
3600 2732 3709 2770 uia-

2101 2784 2455 2859 niiestissinie
2478 2785 2783 2859 transtulit,
2804 2793 2865 2840 ut
2891 2785 3121 2856 proinde
3142 2787 3397 2859 dubitare
3420 2803 3709 2859 nequeam,

2100 2855 2344 2928 quiniita
2374 2855 2634 2928 primitus
2664 2856 2721 2911 in
2753 2855 3252 2928 vero’autographo
3289 2855 3555 2928 scriptuin
3588 2859 3714 2913 rell-

2099 2927 2303 3053 querit,
2350 2927 2497 2982 unde
2530 2928 2872 2998 probatiores
2906 2927 3081 2984 nostri
3114 2930 3331 2985 codices
3360 2927 3711 3002 acceperunt.

2152 3006 2280 3053 taue
2306 2998 2423 3053 haec
2452 3016 2549 3053 uro
2571 3016 2629 3053 re
2654 3008 2841 3053 nostra
2872 3000 2964 3053 hic
2993 3001 3155 3053 satis:
3188 3001 3232 3053 si
3256 3001 3387 3053 quid
3410 3001 3711 3053 desiderari

2152 3006 2280 3079 tque
2306 2998 2549 3079 haecpro
2571 3016 2629 3079 re
2642 3008 2841 3079 nostra
2872 3000 2969 3079 hic
2993 3001 3155 3079 satis;
3188 3001 3232 3056 si
3256 3001 3387 3073 quid
3410 2998 3713 3079 desiderari

2136 3070 2364 3144 atimur,
2381 3070 2447 3126 ad
2470 3088 2547 3125 xx
2564 3072 2696 3126 Julii
2716 3073 2933 3127 abunde
2958 3072 3014 3127 in
3040 3072 3187 3128 Actis
3208 3070 3713 3144 compensabimus.

2150 3158 2178 3195 e
2199 3143 2378 3197 Avito.
2408 3144 2788 3198 Aurelianensi
2820 3145 2972 3199 nulla
3004 3146 3245 3201 occurrit
3276 3146 3593 3213 ditIicultas,
3628 3153 3717 3201 ut-

2098 3221 2224 3341 Bote
2265 3215 2359 3285 qui
2400 3231 2471 3269 ex
2519 3215 2664 3269 Beda
2711 3224 2987 3287 acceptus,
3036 3218 3094 3272 in
3130 3216 3389 3273 omnibus
3427 3217 3719 3273 codicibus

2148 3287 2428 3341 suardinis
2477 3287 2832 3341 consignatus
2869 3298 2971 3341 est.
3012 3305 3139 3341 cum
3182 3305 3245 3341 eo
3291 3290 3490 3341 exiguo
3518 3289 3715 3341 discri-

2148 3287 2450 3361 suardinis
2477 3287 2832 3361 consignatus
2869 3298 2971 3354 est,
3012 3305 3139 3343 cum
3182 3305 3245 3361 eo
3291 3290 3490 3361 exiguo
3518 3289 3715 3345 discri-

2098 3358 2268 3431 mine,
2306 3358 2455 3429 quod
2487 3358 2762 3414 Pratensis
2789 3368 2842 3414 et
2872 3362 2917 3414 ei
2953 3361 3163 3415 similes
3191 3358 3477 3415 sistant‘in
3500 3361 3713 3431 presby-

2100 3429 2219 3503 teri,
2273 3437 2484 3503 resecto
2524 3431 2633 3484 fine
2678 3438 2726 3484 et
2772 3430 3108 3500 confessoris.
3152 3434 3235 3486 An
3280 3432 3347 3485 ad
3399 3429 3717 3503 apOgrapba

2100 3500 2532 3574 liieronymiana
2564 3503 2781 3574 proprie
2805 3510 3032 3574 spectet,
3062 3502 3282 3559 docebit
3309 3500 3710 3559 Florentinius.

2093 3572 2237 3627 Eum
2263 3589 2329 3626 ex
2356 3573 2523 3639 Beda,
2551 3572 2618 3627 de
2647 3590 2814 3639 more,
2836 3572 3227 3644 transsumpsit
3247 3575 3519 3641 Rabanus,
3543 3575 3711 3630 ditiu-

2093 3644 2336 3716 siorique
2368 3644 2591 3716 ornavit
2622 3644 2830 3716 elogio;
2874 3646 3068 3699 Florus
3093 3646 3274 3716 multo
3308 3646 3568 3701 breviori.
3602 3646 3713 3701 Sed

2094 3713 2213 3789 huic
2242 3713 2380 3789 nihil
2413 3713 2845 3789 adUsuard'um,
2882 3732 2979 3789 pro
3013 3715 3558 3789 cujussimplicitate
3590 3717 3710 3772 vin-

2093 3784 2327 3869 dicanda
2379 3786 2521 3869 nihil
2566 3786 2669 3869 hic
2709 3784 3704 3869 ultra:disputaudum'arbitramur.

2092 3857 2262 3913 Porro
2292 3873 2412 3928 quas
2444 3858 2511 3913 de
2544 3857 2702 3913 Avito
2734 3859 2822 3914 vel
2856 3857 3031 3914 Avitis
3062 3859 3231 3914 dubia
3258 3869 3312 3916 et
3353 3870 3711 3916 controversa

2090 3936 2240 4003 sunt,
2290 3929 2362 4003 in_
2394 3929 2810 4003 commentario
2838 3948 2979 4003 pag.
3022 3932 3125 3986 330
3164 3932 3404 4003 explicat
3434 3932 3709 3987 llensche-

2091 3999 2366 4075 n_ius,_ubi
2406 4001 2584 4075 etiam
2618 3999 3077 4075 recteob—servat,
3119 3999 3349 4058 Avitum
3380 4003 3704 4075 probabilis

2090 4070 2226 4145 sime
2250 4071 2399 4145 hunc
2426 4073 2706 4145 eumdem,
2738 4072 2805 4127 ab
2832 4073 3022 4129 Adone
3049 4070 3430 4145 consignatum
3460 4091 3574 4131 esse
3605 4091 3707 4130 xxx

2089 4142 2426 4198 Decembris.
2469 4144 2739 4199 Caeterum
2777 4160 2846 4198 ex
2882 4145 3023 4199 Vitae
3053 4146 3192 4200 serie
3215 4142 3281 4201 in
3314 4147 3467 4202 Actis
3496 4147 3707 4201 nostris

2089 4213 2311 4288 tradita,
2337 4215 2687 4288 satis‘refelli
2706 4215 2927 4288 videtur
2956 4216 3162 4272 eruditi
3194 4216 3480 4288 cujusdam
3514 4233 3701 4274 recen-

2090 4285 2247 4358 tioris
2286 4285 2551 4356 opinatio,
2598 4286 2709 4358 qui
2740 4287 3037 4342 Dunensem
3082 4285 3305 4343 Avitum
3346 4290 3414 4343 ab
3452 4290 3706 4345 Aurelia.

2088 4356 2255 4424 nensi,
2288 4373 2385 4412 seu
2408 4356 2711 4416 Miciocéusi
2745 4357 3202 4432 distinguendum
3228 4360 3531 4417 existimat.

1840 4480 2217 4540 AUCTARIA.

453 4577 733 4653 Pensm:
760 4574 1087 4634 Auctarium
1108 4574 1227 4648 ejus
1250 4584 1305 4633 et
1324 4575 1601 4635 defectum
1627 4578 1846 4636 abunde
1869 4580 1985 4653 jam

385 4647 778 4707 indicavimus.

452 4718 931 4793 Amoene-Mar,
951 4722 1187 4793 pratensi
1214 4721 1538 4791 conformis,
1558 4721 1617 4778 in
1639 4720 1747 4778 ﬁne
1766 4722 1980 4793 adjicit:

396 4791 568 4864 ¢_lpso
597 4788 1020 4864 die,__d_eposit'io
1058 4793 1240 4864 sancti
1273 4788 1535 4864 Botulphi
1565 4788 1897 4850 confessoris
1928 4802 1982 4850 et

381 4859 612 4936 abbatis.
636 4886 654 4909 ι
690 4859 791 4917 Ubi
822 4859 1014 4936 rursus
1035 4862 1276 4936 advertis
1306 4859 1632 4920 Auctarium
1663 4866 1977 4936 Anglicum.

454 4934 774 5000 Boswnrn.,
806 4933 1028 5006 utrique
1059 4934 1229 5006 priori
1260 4951 1570 4992 consonans
1602 4937 1658 4992 in
1691 4933 1869 5002 testu,
1902 4938 1983 4995 sic

2091 4580 2237 4661 apud
2265 4583 2573 4661 _civitat_em
2625 4583 3061 4661 Bothomagum,
3119 4585 3407 4661 translatio
3453 4588 3702 4661 corporis

2091 4654 2234 4730 beati
2265 4655 2494 4730 Romani
2526 4654 2937 4730 archiepiscopi
2955 4665 3009 4713 et
3041 4660 3391 4717 confessoris.
3424 4683 3442 4708 ι
3492 4654 3700 4717 Remit-

2089 4726 2228 4781 titur
2256 4726 2324 4781 ad
2354 4744 2497 4782 χχιιι
2529 4726 2803 4784 Octobris.

2162 4797 2357 4875 BEblNI
2387 4799 2572 4875 editio
2594 4799 2776 4875 altera
2799 4800 2974 4857 textui
3010 4801 3365 4875 superaddit;
3415 4827 3432 4851 ι
3464 4802 3524 4857 In
3562 4818 3697 4875 pago

2088 4868 2357 4935 Biturico,
2402 4872 2574 4926 sancti
2619 4872 2904 4929 Gundulﬁ.
2950 4868 3153 4930 Eodem
3193 4874 3304 4939 die,
3336 4874 3391 4929 S.
3428 4868 3694 4930 Possemii

2092 4941 2396 5015 (Possenni)
2420 4942 2749 5015 sacerdotis,
2784 4945 2937 5000 mine
2971 4946 3346 5015 simplicitatis
3378 4947 3505 5001 viri.
3542 4971 3559 4992 ι

382 5006 706 5086 Auctarium
753 5005 1039 5086 eﬂ'oﬂrm’atr:
1062 5005 1111 5054 7c
1154 5006 1277 5086 Ipso
1305 5006 1428 5086 ‘die,
1476 5006 1979 5086 sanctiLButhelmi
2010 5026 2055 5083 Ι)
2102 5005 2110 5012 ’
2160 5005 2387 5086 Momm
2413 5014 2467 5068 in
2500 5015 2677 5086 prima
2704 5005 2946 5072 editione
2986 5005 3172 5073 omisit
3204 5017 3319 5072 haec
3346 5019 3461 5072 sola
3491 5016 3689 5072 verba:

382 5078 727 5151 confessoris.
770 5103 803 5151 -_
844 5077 1113 5151 Sequitur
1158 5077 1363 5151 deinde
1402 5080 1788 5151 compendium
1846 5084 1978 5138 satis

380 5149 659 5226 prolixum
707 5149 877 5226 totius
920 5149 1182 5226 historiae
1208 5149 1622 5226 A_lexianee,_de
1656 5169 1762 5226 qua
1794 5153 1977 5224 plures

381 5220 598 5276 codices
627 5221 683 5274 in
711 5220 988 5277 Auctariis
1008 5238 1125 5277 xvn
1155 5221 1309 5278 Julii.

452 5289 761 5345 PULSANEN.
789 5311 799 5346 :
839 5316 855 5337 ι
886 5294 1091 5361 Romae,
1115 5292 1313 5349 natalis
1333 5296 1507 5350 sancti
1540 5295 1780 5363 Quiraci.
1805 5320 1823 5341 ι
1861 5296 1973 5351 Ad-

381 5360 514 5442 dere
547 5370 759 5442 poterat
789 5363 966 5442 socios
994 5360 1108 5442 non
1138 5382 1356 5442 paucos.
1404 5391 1421 5413 σ
1453 5368 1511 5442 I_n
1544 5360 1857 5442 Aurelianis
1883 5368 1974 5442 ci-

382 5430 890 5513 vitate',_depositio
938 5436 1111 5513 sancti
1138 5430 1302 5513 Aviti
1330 5438 1654 5513 presbyteri
1676 5448 1730 5494 et
1764 5439 1972 5513 confes-

379 5503 544 5584 soris.
569 5502 885 5584 flammeus
901 5505 1166 5584 .civitate,
1197 5502 1518 5565 beatissimi
1534 5509 1655 5584 Lini
1700 5509 1972 5584 confesso-

382 5574 479 5649 ris.
510 5574 772 5649 2__Fallor,
801 5575 1195 5649 niSimilinum
1218 5587 1532 5636 truncatum
1563 5581 1779 5649 innuat,
1814 5580 1972 5638 nobis

384 5645 746 5722 Sirpilianum,
789 5647 883 5722 qui
930 5648 1210 5722 etiamhab
1261 5651 1387 5705 aliis
1427 5651 1533 5708 hoc
1578 5650 1667 5707 die
1715 5645 1970 5722 refertur,

380 5717 476 5776 sed
505 5735 607 5776 nos
634 5735 759 5776 cum
798 5717 1046 5776 Usuardo
1083 5719 1174 5776 die
1203 5722 1551 5791 praecedenti.
1598 5748 1616 5771 α
1644 5724 1852 5781 Eodem
1881 5717 1972 5782 die

2102 5107 2119 5131 ι
2149 5085 2251 5150 Qui
2282 5086 2445 5155 positi
2479 5095 2609 5141 sunt
2636 5087 2724 5140 via
2752 5088 2959 5142 Salaria
2986 5089 3157 5144 veteri
3183 5088 3251 5143 ad
3276 5090 3484 5145 clivum
3516 5088 3691 5145 Cucu-

2086 5158 2271 5211 meris.
2299 5180 2316 5203 ι
2352 5157 2489 5211 Aliae
2520 5158 2810 5224 editiones,
2836 5166 2897 5212 ut
2917 5159 3184 5228 diximus,
3207 5175 3357 5230 pura:
3384 5170 3437 5217 et
3463 5161 3691 5232 integrae

2085 5234 2235 5281 sunt.

2156 5300 2642 5367 ANTUEup.-MAx.,
2667 5299 3028 5368 ULTRAJECT.,
3050 5302 3320 5371 Lernam,
3348 5304 3683 5372 Lemurum,

2083 5368 2353 5436 ALBERG.,
2388 5374 2582 5427 Dama.
2635 5380 2689 5426 et
2720 5389 2902 5427 EDITIO
2943 5368 3390 5431 ULrnu.-Bei.c.
3426 5368 3690 5431 videntur

2084 5439 2235 5527 litem
2266 5444 2407 5527 velle
2428 5459 2774 5527 componere,
2804 5444 2935 5525 dum
2961 5446 3138 5527 textui
3163 5447 3684 5527 purosubjungunt;

2096 5536 2114 5559 ι
2132 5513 2193 5567 In
2217 5515 2493 5591 territorio
2514 5513 2866 5585 Bituricensi,
2896 5518 3070 5575 sancti
3093 5513 3684 5591 Gundulphi'epi'scopi

2080 5591 2134 5640 et
2161 5585 2513 5642 confessoris.
2557 5612 2574 5635 ›

2150 5655 2463 5735 CENTULEN.
2496 5675 2507 5713 :
2556 5682 2573 5735 ε
2613 5659 2816 5735 Roma,
2861 5668 3175 5735 sanctorum
3214 5668 3529 5735 martyrum
3565 5660 3682 5735 du-

2078 5734 2361 5785 centorum
2391 5729 2675 5803 sexaginta
2703 5732 2962 5803 duorum,
2986 5731 3081 5804 qui
3110 5731 3273 5805 positi
3305 5729 3434 5789 sunt
3465 5735 3557 5790 via
3586 5732 3677 5792 Sa-
