4086 6174
510 210 617 277 203

507 346 680 405 Felice
705 350 753 401 et
781 342 1037 416 Spinella.
1066 365 1105 416 _c
1129 336 1441 416 Secundum
1474 339 1688 416 aliquos
1715 340 2109 416 hicLinventio
2138 353 2191 413 Α

508 426 715 490 septem
739 411 1044 490 martyrum
1065 411 1493 490 Dormientium.
1513 411 1618 490 Qui
1639 412 1783 490 apud
1804 411 2106 490 Ephesum,

511 483 756 561 tempore
806 483 980 561 Decii,
1041 483 1440 561 persecutionis
1493 483 1700 539 rabiem
1750 484 2110 561 declinantes,

510 555 827 633 speluncam
856 555 1225 633 intraverunt,
1255 555 1443 633 inqua
1465 572 1701 633 eccum
1731 556 1911 623 annis,
1939 571 2115 633 usque

508 627 577 687 ad
606 641 853 698 tempora
881 627 1177 683 Theodosii
1209 627 1441 683 senioris
1465 627 1794 698 [immensus
1826 627 2115 698 parachro-

506 698 744 769 nismus]
777 699 1022 757 suaviter
1050 698 1415 754 dormierunt.
1441 698 1551 754 Hos
1572 699 1850 754 Usuardus
1871 700 2111 769 primum

506 773 671 829 habet
710 769 767 827 vi
810 772 932 827 Kal.
979 769 1234 841 Augusti.
1283 770 1520 826 Ladislai
1564 770 1707 841 regis
1738 771 2029 840 Hungariae
2059 777 2114 824 et

504 844 855 912 confessoris,
887 842 1004 897 vita
1032 850 1086 898 et
1116 842 1397 897 miraculis
1423 841 1578 897 clari.
1608 865 1625 888 ›
1671 843 1748 897 De
1777 841 2113 897 revelatione

504 915 559 973 S.
595 914 827 972 Antonii
857 922 910 969 et
940 914 1301 969 translatione
1328 912 1384 968 S.
1418 913 1707 981 Florentii,
1736 921 1797 967 ut
1825 928 2008 983 supra.

576 988 820 1054 Monam,
856 985 925 1041 de
970 984 1297 1052 Tiburtinis,
1349 1000 1420 1040 ex
1462 984 1655 1039 Adone
1706 986 1901 1039 mortis
1943 999 2112 1055 genus

505 1058 700 1130 adjicit
733 1058 932 1115 litteris
957 1057 1196 1112 Italicis:
1245 1057 1597 1130 «imperator
1624 1056 1787 1130 enim
1797 1055 1963 1126 jussit
1986 1056 2109 1113 Cre-

504 1126 746 1186 scentem
780 1130 838 1184 in
872 1136 1094 1200 gutture
1112 1126 1401 1200 transﬁgi}
1422 1128 1744 1200 _Lucianum
1774 1126 2107 1200 inpectore;

503 1201 818 1278 lflemesium
864 1196 921 1255 in
969 1198 1169 1278 corde;
1217 1196 1571 1278 Primitivum
1613 1196 2107 1278 pecumbilicum;

503 1272 806 1347 Iustinum,
829 1286 925 1347 per
946 1268 1527 1347 membradistentum,
1551 1268 1728 1347 scindi
1752 1285 1846 1339 per
1865 1268 2112 1347 singulos

505 1343 752 1415 corporis
793 1339 968 1415 nodos
1014 1351 1178 1415 atque
1209 1339 1535 1411 juncturas;
1588 1340 1867 1415 S_lacteum
1910 1339 2111 1415 lanceis

504 1409 1025 1478 innumerabilibus,
1062 1409 1238 1466 donec
1272 1419 1579 1466 moreretur
1608 1410 1666 1464 in
1694 1417 1840 1464 terra
1868 1409 2068 1479 conﬁgi
2092 1426 2107 1476 ;

502 1486 815 1556 Eugenium
846 1483 988 1556 ﬁndi
1010 1498 1041 1537 a
1065 1488 1283 1556 pectore
1312 1497 1486 1553 usque
1505 1480 1889 1556 adinferiores
1909 1488 2108 1552 partes.

502 1499 815 1556 Eugenium
846 1499 984 1538 unm
1010 1499 1041 1537 a
1053 1499 1283 1609 Xectore
1312 1499 1486 1553 usque
1505 1499 1573 1536 au
1599 1499 1889 1536 interiores
1909 1499 2108 1552 partes.

502 1556 693 1611 Altera
721 1562 903 1611 autem
935 1553 1025 1609 die
1104 1553 1332 1608 drianus
1362 1552 1627 1623 praecepit
1657 1568 1884 1623 corpora
1919 1567 2109 1607 eorum

504 1627 564 1682 in
608 1626 825 1705 foveam
865 1627 1033 1681 altam
1077 1623 1308 1705 projici.‘
1336 1622 1406 1679 Et
1445 1622 1733 1705 pontiﬁces
1756 1622 2109 1705 templorum

506 1704 824 1771 posuerunt
840 1712 1059 1771 nom_en_
1078 1694 1382 1771 'loci_illius
1406 1712 1449 1771 :_
1450 1694 1537 1749 Ad
1576 1702 1789 1771 septem
1815 1694 2115 1771 biothana—
2143 1697 2188 1757 B

504 1764 612 1826 ios.
646 1792 665 1818 ι
701 1769 763 1823 In
795 1768 923 1833 line,
947 1766 1015 1822 de
1035 1765 1308 1831 Ladislao,
1327 1772 1390 1820 ut
1412 1764 1607 1820 Bsan.
1632 1764 1709 1820 De
1732 1764 2030 1833 Florentio,
2055 1773 2119 1821 ut

500 1839 620 1912 jam
647 1838 880 1912 saepius.
899 1837 1036 1893 Tum
1061 1854 1073 1893 :
1114 1860 1134 1884 ι
1163 1837 1225 1912 _In
1247 1836 1536 1912 _Gandavo,
1567 1835 1804 1912 elevatio
1831 1837 2007 1912 sancti
2027 1837 2116 1892 Li-

505 1906 624 1966 vini
652 1906 915 1981 martyris
926 1916 990 1981 _et
1010 1906 1298 1981 translatio
1318 1907 1561 1981 secunda
1588 1907 1843 1981 corporis,
1859 1906 2062 1981 ipsius.
2081 1932 2100 1958 ι

505 1980 724 2040 Colitur
766 1977 850 2037 x'n
894 1977 1244 2036 Novembris.
1292 2003 1311 2028 ι
1356 1978 1659 2053 Crispinio,
1686 1977 1910 2036 ‘natalis‘
1938 1980 2115 2037 sancti

505 2184 582 2246 IV
611 2184 741 2244 Kal.

1832 206 2139 272 USUARDI
2175 207 2517 272 MONACHI.

3706 209 3819 269 204

2224 340 2442 397 Adelmi
2498 339 2846 407 confessoris,
2898 336 3162 410 discipuli
3210 339 3383 410 sancti
3438 338 3755 410 Landelini.
3799 364 3820 390 ι

2224 413 2364 468 Vide
2403 413 2462 467 in
2508 411 2851 483 hujusVVita
2892 427 2966 483 xv
3006 409 3179 483 Junii,
3221 409 3564 483 ubi‘rectius
3601 419 3835 468 vocatur

2224 485 2501 552 Adelinus,
2562 480 2625 538 ut
2690 482 2782 537 hic
2831 482 3003 554 infra.
3060 481 3209 554 ATum
3271 480 3583 554 minoribus
3631 483 3785 554 typis
3815 500 3871 540 :.

2238 580 2256 601 ‹
2297 554 2397 611 Hic
2444 554 2668 609 Parisiis
2711 553 3020 609 celebratur
3049 552 3245 608 festum
3282 552 3633 609 Visitationis
3662 552 3834 613 beata

2222 626 2426 681 Marias.
2473 628 2531 680 ln
2560 642 2695 697 pago
2723 626 3020 692 Turonico,
3060 624 3233 697 sancti
3265 623 3495 697 Joannis
3524 625 3835 697 presbyteri

2223 706 2276 752 et
2307 695 2657 762 confessoris,
2691 697 2979 768 praecipua:
3012 695 3337 768 sanctitatis.
3372 697 3449 750 De
3478 712 3587 768 quo
3617 695 3837 768 Grego-

2223 712 2276 752 et
2307 712 2657 762 coniessorts,
2691 713 2979 767 praecipua:
3012 712 3337 750 sanctitatis.
3372 712 3449 750 ue
3478 712 3587 821 quo
3617 712 3836 768 urego-

2222 768 2338 823 rius
2382 769 2738 823 Turonensis.
2780 792 2797 814 ι
2843 766 2985 823 Vide
3033 767 3453 821 Prastermissos.
3518 769 3836 825 ’osteriores

2220 839 2491 895 editiones
2517 839 2837 894 Tiburtinos
2870 845 3280 910 expungerunt.
3321 838 3382 910 In
3411 837 3522 892 ﬁne
3547 838 3614 893 de
3646 839 3833 896 Ladis-

2222 913 2326 979 lao,
2353 920 2414 967 ut
2443 927 2608 983 supra
2635 928 2703 965 ex
2734 911 2987 983 Βιςιιιιςο.Δ
3009 932 3029 955 ‹
3049 909 3386 983 Catalaunis,
3418 918 3618 983 sanctae
3650 911 3833 983 Pomze

2220 982 2473 1054 virginis,
2505 980 2709 1037 sororis
2738 980 3071 1054 sanctissimi
3105 980 3371 1054 Mennnii.
3392 1005 3419 1054 _-
3456 982 3734 1054 _Dill’ertur
3762 982 3831 1038 ad

2219 1050 2456 1108 natalem
2503 1054 2710 1115 fratris,
2758 1071 2789 1106 v
2838 1051 3075 1121 Augusti
3104 1070 3133 1124 :c
3164 1076 3179 1097 ι
3225 1050 3835 1124 grispinii,depositio

2220 1125 2523 1180 beatissimi
2573 1124 2797 1180 Adelini
2837 1122 3168 1179 confessoris
3214 1121 3441 1178 Christi.
3475 1123 3581 1179 Hic
3604 1121 3646 1178 a'
3674 1124 3836 1181 beato

2220 1196 2543 1263 Landelino,
2567 1212 2731 1267 super
2752 1195 2984 1267 fluvium
3017 1195 3136 1267 Hon
3159 1194 3514 1267 constitutus,
3539 1202 3601 1249 ut
3618 1194 3834 1267 Christi

2219 1267 2447 1333 athleta,
2484 1264 2654 1321 vitam
2687 1266 2989 1321 virtutibus
3024 1264 3344 1320 odornatam
3377 1266 3569 1320 sedulo
3599 1266 3832 1335 ducens,

2219 1338 2479 1408 migravit
2517 1337 2585 1394 ad
2628 1337 2929 1394 Christum.
2975 1337 3035 1391 In
3056 1352 3174 1408 quo
3204 1336 3323 1392 loco
3358 1339 3604 1408 sepultus
3644 1337 3839 1394 fuisse-

2220 1407 2488 1475 creditur,
2538 1416 2599 1464 ut
2646 1408 2912 1463 miracula
2961 1407 3151 1463 crebra
3197 1407 3665 1465 monstraverunt.
3725 1409 3835 1466 Sed

2221 1489 2407 1551 postea
2436 1480 2715 1551 Crispinio
2735 1480 3049 1551 translatus,
3067 1494 3200 1551 cum
3230 1479 3491 1551 magistro
3520 1496 3618 1535 suo
3634 1479 3837 1537 adesse

2223 1549 2587 1623 monstratur:
2623 1576 2640 1598 ι
2680 1551 2826 1623 Yide
2864 1549 3029 1623 dicta.
3055 1573 3096 1623 _c
3142 1549 3239 1623 Die
3268 1549 3536 1622 vigesima
3571 1552 3835 1623 septima,

2219 1623 2395 1694 sancti
2448 1622 2624 1694 Patris
2669 1621 3006 1694 Sampsonis,
3054 1619 3354 1694 hospitum'
3389 1619 3723 1694 exceptoris.
3770 1619 3836 1679 In

2218 1693 2437 1765 Epheso
2457 1693 2701 1765 civitate,
2730 1692 3002 1765 festivitas
3034 1692 3345 1765 celebratur
3362 1692 3569 1765 septem
3598 1694 3834 1750 fratrum

2224 1763 2652 1832 Dermientium,
2678 1764 2783 1820 hoc
2799 1773 2899 1832 est,
2923 1763 3271 1829 Maximiani,
3293 1763 3520 1831 Malchi,
3542 1764 3832 1834 Marciani,

2225 1835 2502 1908 Dionysii,
2557 1836 2806 1908 Joannis,
2865 1835 3200 1908 Serapionis,
3244 1834 3630 1908 Constantini.
3690 1862 3708 1884 ι
3753 1839 3834 1893 De

2225 1906 2494 1963 Florentii
2523 1907 2882 1963 translatione
2911 1913 2965 1963 et
2992 1906 3179 1962 Livini
3210 1907 3537 1976 elevatione,
3560 1915 3623 1964 ut
3642 1924 3832 1981 supra.

3600 2175 3810 2237 Die28

580 2276 787 2351 Vigilia
814 2276 1189 2352 apostolorum
1216 2276 1365 2335 Petri
1393 2284 1450 2336 et
1491 2274 1670 2346 Pauli,
1701 2284 1756 2335 et
1786 2275 1988 2334 natalis
2023 2270 2171 2331 beati
2199 2267 2400 2328 Leonis
2429 2264 2710 2343 pontiﬁcis
2738 2272 2793 2324 et
2821 2261 3086 2324 doctoris.
3136 2263 3300 2338 Apud
3329 2259 3661 2338 Lugdunum
3697 2266 3837 2323 Gal-

508 2364 617 2440 liae,
650 2369 828 2427 sancti
854 2367 1079 2426 Hirenei
1109 2366 1355 2440 episcopi
1382 2376 1437 2424 et
1466 2367 1750 2440 martyris,
1774 2383 1937 2441 quem
1967 2370 2184 2424 constat
2206 2361 2352 2418 beati
2382 2360 2661 2432 Policarpi
2692 2356 3005 2417 sacerdotis
3034 2365 3088 2413 et
3136 2357 3399 2428 martyris
3427 2356 3595 2414 fuisse
3622 2357 3842 2431 discipu

509 2457 651 2528 lum,
681 2466 743 2515 ut
774 2456 970 2516 scribit
1000 2456 1377 2529 Hieronymus
1404 2456 1777 2529 apostolorum
1808 2463 2124 2527 temporum
2164 2450 2437 2508 vicinum.
2470 2451 2664 2506 Postea
2699 2464 2832 2505 vero
2864 2446 3244 2521 persecutione
3279 2446 3488 2517 Severi,
3522 2464 3648 2506 cum
3681 2448 3836 2504 omni

507 2559 623 2614 fere
651 2546 899 2606 civitatis
927 2563 1040 2603 sua:
1061 2545 1287 2619 populo,
1308 2546 1549 2619 glorioso
1576 2553 1875 2604 coronatus
1896 2551 1979 2601 est
2009 2542 2301 2614 martyrio.
2334 2538 2707 2607 Alexandriae,
2737 2544 3052 2594 sanctorum
3086 2546 3393 2608 martyrum
3414 2536 3720 2607 Plutarchi,
3742 2538 3834 2594 Se.

509 2636 649 2704 reni,
676 2635 1007 2700 Heraclidis,
1030 2635 1244 2703 Herois,
1269 2634 1625 2703 Potamienae,
1648 2634 1921 2692 Marcellae
1937 2650 2063 2691 cum
2085 2630 2211 2687 aliis
2233 2629 2435 2697 tribus,
2460 2629 2607 2684 inter
2621 2644 2758 2700 quos
2778 2625 3051 2699 praecipue
3073 2624 3303 2681 emicuit
3318 2625 3637 2684 Potamiena
3652 2626 3834 2700 virgo,

509 2708 631 2800 qua;
658 2726 840 2799 primo
878 2725 1178 2781 immensos
1224 2731 1279 2780 et
1322 2724 1646 2781 innumeros
1676 2740 1875 2797 agones
1917 2723 2017 2796 pro
2055 2719 2377 2794 virginitate
2415 2717 2709 2786 desudans,
2742 2713 2942 2772 deinde
2972 2713 3140 2770 etiam
3175 2729 3275 2787 pro
3327 2716 3598 2789 martyrio
3625 2718 3836 2791 exqui-

511 2816 616 2874 sita
643 2822 699 2872 et
729 2813 982 2871 inaudita
1009 2820 1284 2871 tormenta
1312 2830 1588 2888 perpessa,
1624 2812 1693 2870 ad
1721 2813 1983 2870 ultimum
2015 2809 2130 2885 igni
2159 2814 2487 2879 consumpta
2510 2816 2611 2864 est.

2045 2930 2283 2987 ΝΟΤΛΕ.

580 3028 662 3088 Ita
688 3028 935 3098 Praten.,
967 3027 1267 3099 Herinien.,
1298 3027 1754 3102 Antuerp.-Maj.,
1785 3028 2079 3099 Munerat.,
2117 3031 2339 3089 Greven.
2371 3036 2426 3085 et
2453 3028 2658 3088 Molon.
2692 3020 2905 3097 Quibus
2932 3029 3189 3088 accedere
3217 3036 3448 3102 possunt
3479 3029 3746 3102 Antuerp.
3774 3035 3831 3087 et

510 3122 882 3185 Mam-Labeo.

1721 3224 2133 3286 VARIANTES
2168 3230 2585 3290 LECTIONES.

579 3344 685 3402 Pro
707 3343 993 3417 pontiﬁcis,
1014 3345 1204 3417 legunt
1222 3344 1457 3417 Greven.
1482 3348 1536 3417 et
1564 3344 1767 3401 Molan.
1793 3362 1950 3417 papae
1964 3364 1983 3411 ;
2013 3345 2107 3402 sed

504 3416 735 3473 doctoris
746 3416 959 3474 addunt
977 3416 1187 3489 omnes,
1207 3416 1452 3489 exceptis
1472 3416 1739 3488 Antuerp.
1764 3418 2108 3489 etMax.-Lu-

504 3489 649 3557 bec.,
697 3490 791 3557 qui
835 3489 916 3543 sic
953 3488 1205 3544 scribunt
1234 3506 1245 3544 :
1280 3488 1478 3556 Romw,
1524 3490 1724 3544 natalis
1760 3489 1894 3543 beati
1922 3488 2109 3544 Leonis

496 3576 674 3633 papas.
706 3558 784 3615 De
811 3559 1050 3633 Hirenei,
1072 3559 1357 3633 _Poiicarpi
1378 3566 1432 3613 et
1457 3558 1816 3633 Hici'onimtls,
1844 3576 1914 3614 ex
1941 3560 2111 3633 medii

502 3601 607 3685 ἓνῆ
638 3647 762 3697 usu,
793 3630 926 3709 satis
952 3601 1086 3684 alibi
1117 3601 1332 3709 dictum
1358 3638 1457 3685 est.
1482 3630 1703 3709 _Aliqui,
1736 3603 1993 3709 Ηεξηεηεέζ
2014 3633 2111 3685 Je—

500 3718 757 3772 ronymus
774 3718 793 3764 ;
812 3700 1063 3755 Molanus
1082 3700 1325 3772 correxit
1344 3700 1550 3755 omnia.
1573 3700 1843 3772 Antuerp.
1866 3709 1920 3756 et
1940 3702 2115 3758 Max.-

502 3771 708 3854 Lubec:
758 3772 948 3843 legunt
985 3777 1197 3854 sanctus
1248 3770 1824 3854 Hieronymus.‘Sun_t
1873 3773 1967 3854 qui
1997 3790 2112 3854 _pro

502 3842 886 3915 apostolorum,
921 3842 1134 3899 malunt
1162 3858 1287 3915 cum
1318 3842 1511 3898 Adone
1541 3843 1780 3915 scribere
1802 3842 2113 3914 apostolico-

502 3913 666 3981 ritm;
693 3914 912 3973 codices
951 3914 1124 3970 nostri
1165 3913 1372 3971 habent
1412 3921 1475 3970 ut
1511 3922 1593 3972 est
1633 3914 1692 3970 in
1724 3913 1903 3971 textu.
1934 3916 2006 3970 Et
2032 3916 2113 3973 sic

2212 3347 2379 3403 etiam
2411 3353 2721 3416 temporum,
2753 3362 2866 3402 non
2898 3345 3236 3416 temporibus,
3268 3353 3332 3401 ut
3360 3345 3597 3404 Greven.
3631 3356 3685 3405 et
3714 3349 3833 3407 Mo-

2222 3419 2356 3490 ian.,
2390 3420 2567 3473 multo
2599 3418 2781 3490 minus
2812 3418 3053 3489 tempori,
3079 3424 3140 3472 ut
3167 3419 3435 3490 Antuerp.
3469 3428 3523 3475 et
3549 3421 3835 3477 Max.-Lu-

2220 3489 2341 3545 beo.
2366 3489 2957 3565 In_Alexandrinorum_
2973 3496 3278 3565 martyrum
3302 3489 3626 3565 nominibus
3644 3493 3836 3565 aliqua

2222 3570 2304 3616 est
2333 3561 2587 3634 variatio.
2635 3562 2725 3617 Sic
2771 3561 3079 3627 Herinien.,
3126 3561 3475 3634 Potamiante,
3515 3571 3571 3618 et
3619 3561 3836 3634 rursus,

2262 3632 2444 3688 uando
2495 3633 2640 3703 idem
2698 3649 2899 3687 nomen
2950 3640 3135 3703 postea
3183 3633 3439 3701 recurrit,
3488 3632 3834 3692 Potamiana.

2262 3649 2444 3688 uanuo
2495 3649 2640 3687 luem
2698 3649 2899 3687 nomen
2950 3649 3135 3703 poswa
3183 3649 3439 3701 recurrit,
3488 3649 3834 3692 rotamtana.

2222 3649 2623 3774 gntuerpsMaj
2638 3747 2647 3758 .
2660 3747 2673 3771 ,
2698 3703 2991 3774 Eraclidis,
3008 3704 3284 3771 ,Herroris.
3300 3704 3593 3773 Munerat.,
3608 3707 3838 3762 Herodi-

2222 3775 2326 3841 dis,
2352 3773 2655 3829 Patamene.
2684 3774 2843 3830 Mitto
2864 3773 3187 3845 hujusmodi
3204 3775 3312 3830 alia
3334 3774 3567 3832 minoris
3588 3794 3836 3835 momen-

2223 3846 2286 3901 ti.
2338 3845 2451 3901 Soli
2496 3848 2731 3923 Greven.
2774 3854 2828 3901 et
2869 3844 3071 3923 Moian.
3105 3844 3313 3903 habent
3351 3846 3470 3918 igne
3506 3858 3838 3923 consumpta

2223 3924 2332 3983 est;
2368 3917 2551 3973 caeteri
2579 3932 2707 3973 cum
2739 3923 2919 3986 textu,
2951 3916 3087 3986 igni.

1864 4038 2470 4099 OBSERVATIONES.

576 4139 728 4198 Petri
781 4144 829 4196 et
875 4138 1040 4212 Pauli
1084 4138 1469 4212 apostolorum
1509 4138 1700 4212 Vigilia
1752 4138 1812 4195 in
1862 4140 2111 4212 antiquis

506 4211 960 4271 Sacramentariis
1003 4217 1058 4266 et
1094 4210 1286 4267 Allatii
1329 4227 1392 4268 ac
1430 4210 1729 4267 Frontonis
1765 4210 2112 4268 Kalendariis

505 4285 739 4357 signata,
783 4283 930 4339 inter
971 4283 1385 4357 Martyrologos
1412 4298 1443 4357 ᾳ
1478 4282 1627 4357 Beda
1663 4283 1905 4355 primum
1945 4284 2115 4339 relata

504 4352 748 4422 videtur,
783 4370 945 4422 quem
977 4352 1198 4411 secutus
1239 4352 1321 4410 est
1357 4352 1501 4418 Ado,
1541 4352 1738 4410 Noster
1767 4371 1899 4411 vero
1938 4357 2113 4411 alter-

504 4435 694 4483 utrum
725 4426 815 4483 vel
844 4433 1162 4497 utrumque.
1214 4426 1402 4480 Leonis
1429 4426 1611 4497 magni
1639 4426 2021 4495 festivitatem,
2053 4443 2114 4483 χι

506 4497 719 4571 Aprilis
761 4497 973 4571 pridem
1013 4497 1082 4553 ab
1121 4497 1572 4571 Ecclesia‘recoli
1594 4497 1849 4571 solitam,
1882 4499 1940 4553 in
1970 4515 2115 4571 con-

505 4568 649 4627 fesso
678 4568 790 4655 est“;
825 4569 932 4655 hoc
950 4585 1170 4655 quoque
1196 4569 1289 4655 die
1315 4568 1448 4655 olim
1470 4570 1822 4651 celebratam,
1839 4587 1978 4655 _non‘
2000 4570 2116 4625 mi-
2140 4595 2189 4655 D

506 4657 612 4722 nus
640 4641 926 4722 evidenter
955 4640 1172 4722 ostendi
1201 4648 1401 4722 potest,
1433 4640 1690 4722 quamvis
1723 4650 1918 4722 neuter
1944 4642 2112 4722 £1ng:-

507 4712 715 4767 sitionis
744 4712 998 4783 proprius
1036 4712 1127 4779 sit,
1173 4719 1235 4783 ut
1270 4712 1461 4783 adﬁxi
1486 4712 1696 4783 Aprilis
1723 4712 1940 4767 abunde
1969 4712 2113 4768 dixi-

510 4798 651 4837 mus.
676 4781 957 4838 In’citatis
986 4781 1332 4837 Kalendariis
1352 4782 1458 4837 hoc
1477 4781 1565 4853 die
1590 4782 1814 4853 legitur:
1857 4786 2114 4840 Transla-

509 4853 581 4910 tio
608 4853 848 4925 corporis
876 4854 946 4925 _B.
970 4853 1177 4925 Leonis,
1200 4853 1393 4925 utique
1420 4852 1608 4925 primi,
1630 4852 1864 4925 utrrecte
1892 4863 2116 4911 conten-

507 4926 592 4983 dit
620 4922 818 4981 editor.
860 4922 1109 4998 Grcgorii
1151 4922 1649 4998 Sacramentarium
1683 4924 1887 4981 diserte
1924 4928 2110 4998 ponit:

506 4998 694 5055 Natat.
722 4996 892 5052 sancti
919 4995 1109 5051 Leonis
1135 5012 1323 5067 papae;
1350 4995 1446 5067 ubi
1478 4997 1657 5067 palam
1687 5006 1770 5053 est
1797 4995 2035 5055 Leonem
2064 5000 2114 5056 II

508 5068 784 5142 designari
807 5067 1037 5143 minime
1058 5066 1233 5140 poese.
1254 5066 1420 5135 Beda,
1438 5066 1537 5143 qui
1562 5084 1619 5143 xi
1639 5068 1848 5143 Aprilis
1866 5070 2114 5143 scripse-

509 5150 593 5213 rat
608 5138 831 5213 {Roma
860 5139 1045 5213 Leonis
1060 5138 1225 5213 papa:
1250 5145 1298 5193 et
1324 5138 1639 5213 confessoris
1662 5138 1816 5206 {hoc
1848 5142 1959 5210 die,
1983 5138 2113 5213 'post

509 5211 771 5285 Yigiliam
794 5211 1168 5285 apostolorum
1190 5211 1337 5285 Petri
1362 5219 1416 5285 et_
1440 5212 1626 5285 Pauli,
1642 5212 1958 5285 subjungit:
1989 5211 2113 5284 Ipso

508 5282 678 5364 dies.
711 5282 899 5340 Leonis
923 5301 1100 5365 papas,
1143 5282 1237 5339 sed
1275 5283 1664 5365 utrobiquede
1706 5282 1885 5365 Lacino
1916 5282 2111 5365 Magno

507 5353 593 5428 agi
623 5369 691 5408 ex
720 5370 789 5428 eo
797 5353 1129 5428 conjicitur,
1158 5354 1305 5427 quod
1327 5353 1629 5428 verisimile
1655 5357 1887 5411 omnino
1908 5353 2029 5411 non
2041 5357 2113 5412 sit

506 5424 746 5500 Leonem
768 5426 845 5500 Il,_
861 5424 955 5500 qui
978 5426 1137 5483 Beda;
1162 5424 1408 5500 tempore
1434 5427 1597 5500 vixit,
1618 5428 1679 5500 in
1710 5428 1913 5483 tabulis
1940 5428 2111 5484 eccle-

505 5494 744 5552 siasticis
797 5494 895 5568 ab“
925 5497 1044 5568 ipso
1099 5494 1482 5568 consignatum
1550 5498 1739 5554 fuisse.
1800 5500 2108 5555 Romanum

543 5582 760 5641 arvum,
806 5565 1199 5641 dum—scribit:
1245 5565 1426 5627 Romae
1451 5570 1639 5626 Leonis
1665 5586 1835 5641 papas,
1869 5577 1924 5627 et
1954 5570 2103 5626 Ado:

530 5638 630 5708 'pso
671 5637 756 5714 die
782 5638 983 5714 natalis
1010 5641 1179 5714 sancti
1212 5642 1400 5714 Leonis
1425 5658 1597 5714 papas,
1630 5637 1751 5714 non
1776 5642 1995 5696 Leonem
2025 5643 2104 5711 II,

500 5707 563 5765 ut
606 5709 749 5765 male
778 5708 995 5781 notavit
1032 5710 1394 5781 Rosweydus,
1425 5707 1521 5769 sed
1550 5707 1854 5769 certissime
1883 5707 2106 5769 Leonem

500 5729 563 5765 ut
606 5729 749 5765 male
779 5729 995 5766 noravu
1032 5729 1229 5767 noswe
1271 5729 1394 5781 ous,
1427 5729 1521 5769 seu
1550 5729 1854 5769 certissime
1883 5729 2100 5769 Leonem

498 5781 753 5854 Magnum
772 5779 1042 5849 indicant,
1063 5796 1192 5839 cum
1219 5729 1289 5839 tie
1308 5797 1373 5841 eo
1397 5799 1459 5840 xx
1478 5783 1687 5856 Aprilis
1706 5801 1819 5842 non
1837 5785 2100 5843 memine-

2221 4140 2353 4195 rint.
2389 4141 2605 4207 Noster,
2633 4139 2849 4211 adjecto
2890 4140 3120 4195 doctoris
3148 4140 3339 4207 titulo,
3370 4140 3612 4197 Leonem
3644 4142 3670 4197 Ι
3698 4142 3841 4200 satis

2220 4220 2404 4297 aperte
2435 4212 2787 4297 determinat:
2820 4211 2979 4297 Quod
3020 4212 3224 4297 clarius
3261 4212 3748 4297 fecere_Rabanus
3783 4224 3843 4297 et

2219 4282 2514 4357 Notkerus,
2563 4283 2781 4357 tametsi
2834 4300 2896 4357 _xr
2938 4284 3149 4357 Aprilis
3196 4285 3383 4357 eadem
3442 4284 3616 4339 ferme
3652 4286 3838 4357 elogia

2259 4356 2553 4426 osuissent.
2576 4354 2937 4426 Apertissime
2968 4354 3099 4410 item
3130 4355 3189 4411 in
3218 4356 3466 4411 eamdem
3498 4354 3841 4413 sententiam

2243 4425 2467 4499 oquitur
2497 4425 2947 4499 Wandalbertus,
2972 4427 3245 4499 quidquid
3271 4428 3435 4499 etiam
3460 4427 3566 4482 alia
3586 4427 3680 4483 die
3707 4429 3842 4485 Leo-

2221 4497 2347 4554 nein
2375 4499 2398 4553 Ι
2428 4497 2753 4555 laudaverit.
2786 4500 2873 4554 En
2899 4497 3231 4554 hodiernum
3260 4498 3631 4556 versiculum:

2344 4604 2577 4655 Praesule
2607 4612 2821 4669 quartus
2847 4612 2984 4665 ovat,
3021 4605 3161 4653 verbi
3194 4615 3243 4654 et
3273 4606 3483 4656 doctore
3513 4605 3705 4654 Leone.

2294 4714 2473 4786 Atque
2504 4715 2620 4769 haec
2636 4715 3005 4787 antiquorum
3034 4710 3294 4787 omn‘ium
3334 4715 3637 4787 sententia,
3667 4729 3701 4769 a
3730 4730 3847 4787 qua

2225 4801 2325 4840 nec
2354 4785 2762 4857 Papebrochius
2782 4785 3145 4842 recedendum
3173 4788 3411 4857 putavit,
3435 4804 3591 4842 num.
3615 4785 3648 4841 4
3671 4785 3848 4857 syno-

2225 4804 2325 4840 nec
2355 4804 2762 4857 rapenrocntus
2782 4804 3145 4842 receuenuum
3213 4804 3411 4854 utavu,
3435 4804 3591 4842 num.
3615 4804 3648 4841 ιι
3671 4804 3847 4857 syno-

2223 4873 2380 4982 Fseos
2411 4874 2520 4913 suae
2551 4856 2967 4982 Chronologicae
2999 4804 3359 4929 probabiliter
3388 4860 3694 4939 assignans,
3727 4873 3847 4930 quo

2247 4944 2396 4982 erme
2427 4936 2670 4982 tempore
2701 4928 2804 4982 hoc
2874 4945 2923 4982 1e
2952 4931 3009 4982 in
3044 4931 3239 4982 Leonis
3267 4931 3450 4982 Magni
3484 4931 3666 4982 locum
3700 4946 3847 4982 suc—

2247 4931 2670 5001 ‘ermectempore
2701 4928 2804 4985 hoc
2834 4928 2923 4984 die
2952 4928 3009 4984 in
3044 4931 3239 4985 Leonis
3267 4929 3450 5001 Magni
3484 4928 3666 5001 locum
3700 4928 3850 4986 suc-

2223 4999 2445 5072 cesserit
2474 5000 2582 5055 Leo
2611 5002 2680 5068 ll,
2709 5001 2913 5056 nativis
2938 5001 3219 5057 coloribus
3248 5018 3279 5056 a
3312 4999 3533 5057 Molano
3561 5000 3620 5055 in
3652 5008 3848 5072 poste-

2223 5070 2464 5146 rioribus
2502 5071 2843 5128 editionibus
2887 5089 3195 5146 expressus,
3246 5073 3343 5146 qui
3374 5072 3432 5127 in
3468 5072 3596 5146 aliis
3629 5070 3853 5146 rectius

2222 5143 2534 5215 oppositum
2566 5152 2888 5199 asserucrat.
2923 5145 3151 5199 Interim
3193 5143 3278 5200 ρι’
3315 5143 3597 5200 Auctariis
3626 5145 3855 5201 nostris

2222 5215 2447 5285 patebit,
2481 5231 2644 5287 quam
2673 5215 2889 5271 diversa
2924 5217 3221 5288 senserint,
3247 5217 3341 5288 qui
3374 5215 3693 5288 Usuardum
3726 5231 3856 5271 no-

2221 5295 2420 5354 strum,
2452 5286 2552 5359 pro
2580 5304 2681 5359 suo
2725 5288 2908 5359 genio,
2941 5287 3178 5343 subinde
3209 5286 3636 5359 in‘terpolarunt.
3673 5287 3859 5359 Plura

2221 5373 2331 5413 non
2362 5357 2503 5413 addo
2523 5357 2589 5413 de
2614 5357 2906 5414 duratione
2930 5359 3113 5413 cultus
3140 5359 3338 5415 Leonis
3360 5357 3410 5425 Ῑ,
3436 5357 3540 5413 hoc
3570 5357 3695 5429 ipso
3724 5357 3859 5427 die,

2220 5444 2351 5484 nam
2377 5447 2475 5501 pro
2507 5429 2760 5485 instituto
2782 5437 2971 5485 nostro
2994 5429 3141 5485 dicta
3170 5430 3387 5486 abunde
3418 5429 3734 5501 sulﬁciunt.

2291 5500 2704 5557 Illustrissimus
2751 5510 2964 5574 martyr
3006 5500 3337 5574 Iremeusin
3380 5500 3869 5574 Hieronymianis

2220 5572 2379 5643 plane
2409 5574 2657 5645 signatus
2697 5580 2800 5638 est,
2835 5572 2930 5629 sed
2958 5572 3353 5629 Alexandrinis
3384 5572 3737 5645 martyribus
3776 5574 3877 5631 ita

2218 5644 2521 5717 connexus,
2550 5654 2612 5701 ut
2638 5644 2808 5717 ferme
2838 5645 2905 5701 ad
2935 5644 3180 5701 eamdem
3215 5644 3876 5717 palmstram'pertinere

2217 5730 2456 5789 censeas.
2479 5716 2541 5771 In
2571 5716 2718 5789 Beda
2744 5726 2798 5773 et
2828 5720 3072 5774 Romano
3100 5716 3270 5789 parvo
3290 5717 3358 5789 de
3382 5733 3448 5772 eo
3480 5733 3594 5771 non
3624 5716 3871 5788 agitur.

2219 5786 2339 5843 Ado
2367 5795 2550 5844 autem
2571 5788 2808 5861 elogium
2830 5789 3013 5844 texuit
3039 5786 3137 5844 vii
3166 5788 3318 5845 aliud
3347 5789 3648 5846 continens
3668 5786 3878 5862 quam
