4086 6174
477 245 583 305 207
1803 246 2108 306 USUABDI
2145 246 2464 305 MONACHI
3673 238 3781 300 208

479 372 570 448 cui
591 378 713 448 post
740 370 952 448 He_ro_is,
975 369 1291 448 intruditur
1329 371 1535 448 Italicis
1564 388 1780 429 rursum
1825 373 2061 428 litteris:
2098 377 2149 435 A
2186 370 2475 448 miraculis
2494 371 2872 448 claru_eru_nt._»
2910 368 3187 448 gelantur
3215 367 3393 448 ambo.
3406 367 3496 448 die
3524 384 3666 423 xxxx
3695 367 3780 424 la-

478 439 611 517 Item
638 439 945 517 Sereni.gln
966 442 1106 500 ﬁne:
1155 469 1173 493 ε
1200 444 1302 501 Die
1331 443 1595 517 vigesima
1641 452 1850 513 octava,
1872 460 2065 517 repor-
2177 443 2379 517 nuarii.
2418 444 2590 499 «Item
2624 440 2883 514 Trajecti,
2910 439 3141 513 Benigni
3162 439 3426 511 martyris
3451 445 3616 512 atque
3646 455 3779 511 pon-

476 515 618 572 tatio
665 514 1025 589 reliquiarum
1074 514 1551 589 sanctorum‘Cyri
1591 523 1646 572 et
1686 514 2067 589 Joannis,_qui
2177 516 2363 573 tiﬁcis.
2395 538 2414 562 ι

475 688 552 745 ΙΙΙ
591 686 725 745 Kal.

3560 680 3663 737 Die
3690 681 3783 739 29.

547 778 755 845 Romae,
796 776 1000 833 natalis
1036 775 1327 834 beatorum
1353 780 1722 850 apostolorum
1753 780 1901 836 Petri
1928 788 1982 836 et
2005 779 2180 849 Pauli,
2205 780 2298 853 qui
2328 778 2470 852 passi
2500 786 2631 835 sunt
2659 776 2761 833 sub
2797 776 3010 832 Nerone
3050 773 3279 841 Caesare,
3311 771 3479 828 Basso
3509 778 3563 826 et
3601 772 3783 829 Tusco

473 867 816 925 consulibus.
870 866 1116 934 Quorum
1145 868 1297 940 prior
1331 868 1390 924 in
1436 869 1625 925 eadem
1675 870 1808 927 urbe
1848 869 2012 942 juxta
2040 871 2185 926 viam
2218 872 2633 944 Triumphalem
2664 869 2836 929 totius
2885 865 3033 923 orbis
3062 864 3418 920 veneratione
3447 863 3780 930 celebratur,

472 973 704 1031 sequens
737 973 952 1031 quoque
982 957 1040 1013 in
1087 958 1179 1015 via
1207 959 1443 1015 Ostiensi
1474 961 1738 1033 sepultus,
1775 962 1891 1034 pari
1924 962 2156 1018 habetur
2193 961 2420 1018 honore.
2460 962 2674 1016 Eodem
2705 959 2815 1026 die,
2846 956 3022 1014 sancti
3059 953 3299 1009 Marcelli
3351 955 3632 1026 martyris,
3685 953 3783 1026 qui

473 1045 619 1120 apud
647 1054 886 1103 castrum
914 1047 1375 1120 Argentomacum
1404 1066 1503 1122 pro
1540 1049 1646 1106 ﬁde
1676 1047 1884 1108 Christi
1915 1068 2023 1107 una
2050 1067 2176 1107 cum
2217 1050 2506 1108 Anastasio
2555 1048 2807 1116 militari,
2856 1047 3035 1118 capite
3076 1044 3273 1116 plexus
3302 1050 3383 1098 est
3426 1042 3780 1117 [Bouillart.:

471 1152 602 1195 cum
629 1137 920 1196 Anastasio
948 1137 1180 1193 militari
1209 1138 1331 1195 viro
1361 1140 1629 1212 martyrio
1658 1149 1952 1198 coronatus
1981 1140 2111 1214 est].
2141 1142 2204 1197 In
2233 1142 2514 1199 territorio
2543 1138 2841 1208 Senonico,
2881 1138 3085 1205 Beatus,
3117 1134 3375 1207 virginis.

1955 1268 2197 1325 NOTIE.

542 1363 702 1422 Puris
727 1379 1031 1422 annumero
1056 1365 1301 1437 Praten.,
1328 1366 1626 1437 Herinien.,
1666 1368 1979 1435 Tornacen.,
2011 1375 2065 1423 et
2092 1367 2476 1434 Muneratum.,
2506 1364 2762 1439 quamvis
2791 1364 2852 1420 in
2881 1363 3073 1436 aliquo
3123 1359 3461 1433 discrepent.

1697 1492 2103 1551 VARIANTES
2141 1491 2443 1550 LECTION
2453 1491 2555 1548 ES.

540 1591 792 1672 In_p_rima
810 1590 1232 1672 annuntiatione
1252 1608 1444 1672 omnes
1463 1591 1817 1672 concordant.
1837 1591 2065 1672 ΔΟειιίητςί,
2177 1591 2649 1672 queconformes.
2690 1587 2872 1672 Pluris
2901 1586 3062 1672 nobis
3088 1594 3169 1642 est
3186 1584 3423 1672 aliorum
3443 1588 3753 1672 auctoritas
3769 1606 3785 1657 ;

470 1658 1011 1738 apudMuneratum,
1035 1662 1364 1738 typographi
1396 1664 1656 1719 mendum
1686 1670 1786 1718 est.
1812 1658 2064 1738 Argento;
2177 1658 2305 1718 licet
2338 1679 2449 1717 non
2482 1661 2727 1738 ignorem
2759 1659 3113 1738 Anastasium
3142 1674 3211 1713 ex
3239 1658 3412 1726 Actis,
3444 1659 3554 1714 alio
3586 1660 3788 1738 mortis

470 1731 679 1792 manum
698 1736 888 1815 legunt
908 1731 1118 1815 passim
1138 1731 1354 1789 codices
1376 1750 1586 1815 omnes,
1618 1742 1849 1815 excepto
1877 1735 2063 1815 Mune-
2176 1749 2388 1815 genere,
2453 1731 2617 1813 quam
2664 1731 3061 1815 ‘deeollatione.
3114 1739 3583 1815 consummatum.
3630 1731 3789 1815 .Puto

470 1814 610 1874 rato,
643 1805 738 1878 qui
754 1801 990 1878 Argento
1008 1821 1300 1878 magnum;
1329 1805 1651 1878 et_Mo_lano,
1682 1801 1778 1877 qui
1804 1806 2062 1878 Argento-
2176 1801 2486 1878 Usuardum
2517 1802 2844 1878 simpliciter
2872 1801 3162 1878 scripsisse
3206 1803 3405 1868 Beatos,
3442 1802 3690 1878 virginis,
3721 1812 3789 1861 ut

469 1874 712 1934 machum
737 1874 1111 1932 substituunt.
1127 1875 1217 1932 Sic
1244 1875 1399 1948 citati
1419 1875 1636 1931 codices
1666 1874 1720 1931 et
1739 1874 1921 1931 caeteri
1951 1876 2063 1932 fere
2185 1875 2391 1948 habent
2416 1876 2658 1942 Praten.,
2692 1874 2993 1948 Tornacen.
3028 1883 3082 1931 et
3109 1874 3376 1948 Munerat.
3405 1881 3573 1948 atque
3614 1876 3788 1948 etiam

2170 1947 2477 2027 fierinien.,
2499 1947 2605 2027 nisi
2630 1946 2776 2027 quod
2792 1945 3067 2027 adjectum
3078 1946 3196 2027 .sit,‘
3211 1946 3355 2027 cruci
3378 1945 3643 2027 appensa.
3667 1946 3788 2003 Alii

471 1964 662 2006 omnes
684 1949 873 2019 legunt
895 1963 1022 2019 cum
1049 1953 1228 2015 textu,
1251 1947 1418 2018 capite
1431 1949 1627 2018 plexus
1643 1953 1718 2002 est
1740 1965 1753 2003 :
1787 1948 2063 2019 Pratensis

2168 2018 2330 2075 aliter
2360 2016 2712 2091 exprimunt,
2746 2025 2808 2074 ut
2837 2017 3046 2091 patebit
3074 2016 3131 2074 in
3164 2016 3465 2075 Auctarii’si

470 2035 601 2092 vero
631 2017 803 2092 magis
827 2017 1096 2092 generice,
1126 2017 1387 2092 martyrio
1427 2017 1710 2092 coronatus
1734 2025 1830 2092 est,
1857 2018 1917 2074 in
1950 2036 2061 2092 quo

467 2091 518 2146 ei
547 2088 904 2149 consentiunt
929 2088 1354 2162 Antuerp.-Maj.
1386 2097 1440 2146 et
1479 2091 1772 2164 Bosweyd.
1821 2088 2059 2163 plerum-

1809 2205 2415 2267 OBSERVATIONES.

538 2305 693 2364 Hunc
713 2320 854 2362 χχιχ
888 2303 1042 2362 Junii
1061 2308 1169 2361 tota
1187 2303 1500 2376 antiquitas,
1531 2303 1703 2361 media
1724 2310 1873 2374 tetas,
1903 2312 2060 2377 atque
2088 2308 2134 2368 B
2169 2306 2289 2377 ipso
2324 2303 2578 2377 martyrii
2607 2302 2718 2371 die,
2772 2302 2985 2377 Adonis
3035 2318 3221 2377 errore
3238 2302 3424 2377 fuisse
3452 2303 3777 2377 confusam.

467 2379 716 2436 Ecclesia:
740 2378 1021 2433 hodiedum
1047 2393 1243 2442 omnes,
1272 2374 1528 2449 veneratae
1561 2383 1686 2432 sunt
1719 2383 1769 2433 et
1795 2374 2061 2433 veneran-
2173 2374 2292 2446 Qua
2336 2378 2404 2434 de
2444 2374 2823 2449 controversia
2872 2374 3078 2449 videsis
3129 2375 3414 2449 laudatum
3443 2376 3781 2449 Janningum

469 2457 576 2517 tur,
602 2467 706 2523 pro
734 2449 819 2523 die
840 2448 1439 2523 legitimodepositionis
1459 2448 1839 2523 siveimartyrii
1858 2456 2060 2505 sancto-
2172 2449 2527 2523 citatoloco,
2568 2455 2621 2503 et
2673 2447 2879 2523 iterum
2937 2447 2964 2518 ἕ
3017 2447 3106 2514 20,
3158 2448 3574 2523 Analectorum,
3613 2447 3784 2523 atque

466 2518 784 2578 rum—Petri
834 2518 902 2577 et'
923 2521 1105 2577 Pauli.
1154 2518 1283 2588 Quis
1319 2521 1469 2576 ausit
1500 2522 1585 2575 vel
1631 2518 1827 2576 hiscere
1877 2527 2061 2577 contra
2174 2522 2304 2577 item
2357 2520 2416 2575 in
2479 2519 2918 2592 praecedentibus
2964 2518 3316 2592 paragraphis
3367 2518 3783 2592 Henschenium

465 2594 833 2650 auctoritatem
883 2599 1102 2659 tantam,
1147 2599 1195 2646 et
1241 2609 1400 2647 usum
1442 2591 1690 2648 Ecclesia
1743 2592 2061 2649 universalis
2173 2601 2225 2649 et
2258 2590 2714 2663 Papebrochium.
2743 2590 3069 2663 Persuasum
3101 2590 3299 2663 habeo,
3322 2606 3385 2647 ea
3409 2591 3536 2648 istic
3562 2593 3784 2649 curioso

2174 2662 2367 2743 lectori
2405 2662 2819 2743 suppeditatum
2849 2662 3094 2743 iri,_quae
3143 2662 3392 2718 animum
3430 2680 3651 2743 prorsus
3688 2681 3785 2720 ex-
3822 2664 3829 2668 ’

2172 2737 2381 2808 pleant.
2424 2734 2601 2808 Sicui
2632 2734 2781 2808 forte
2816 2734 2987 2808 magis
3018 2734 3229 2808 placeat
3251 2734 3656 2808 rerumpseries
3686 2752 3786 2808 per

2171 2805 2421 2863 ordinem
2444 2805 2673 2877 digesta,
2696 2806 2847 2862 adire
2874 2805 2919 2861 is
2943 2806 3575 2876 poteritTillemontium
3588 2805 3743 2864 tonio
3765 2824 3784 2864 t

2170 2895 2202 2933 a
2230 2895 2351 2951 pag.
2408 2876 2521 2951 108
2557 2876 2623 2931 ad
2674 2878 2777 2933 317
2816 2877 3101 2951 utriusque
3138 2878 3369 2948 apostoli
3406 2886 3553 2951 gesta
3583 2895 3786 2951 prose-

2170 2948 2456 3023 quentem:
2484 2949 2699 3023 interea
2740 2948 3029 3023 manifeste
3056 2957 3202 3023 patet
3238 2948 3429 3021 quam'
3450 2948 3787 3023 simpliciter

2169 3020 2225 3078 et
2252 3022 2398 3077 bona
2427 3020 2533 3074 fide
2566 3021 2844 3076 Usuardus
2874 3021 3123 3075 Adonem
3172 3020 3456 3077 ductorem
3497 3020 3679 3090 suum,
3713 3022 3785 3079 de

2170 3110 2319 3148 more
2348 3099 2566 3148 secutus
2588 3091 2771 3147 fuerit.
2804 3092 3028 3146 Nullum
3059 3092 3252 3147 habuit
3285 3092 3340 3147 in
3382 3094 3638 3149 Marcello
3667 3094 3780 3150 Ar-

2169 3164 2525 3236 gentoniensi
2556 3170 2608 3218 et
2634 3164 2783 3236 socio
2823 3163 3033 3236 milite;
3067 3164 3474 3236 adeoqueAActa
3503 3166 3552 3220 ei
3586 3166 3783 3236 praelu-

2171 3232 2319 3291 itisse
2378 3232 2678 3302 credimus,
2745 3235 2801 3289 in
2859 3235 3059 3306 quibus
3105 3232 3249 3291 clare
3297 3234 3504 3291 dicitur
3538 3232 3783 3293 Marcel—

2169 3309 2255 3364 lus
2285 3308 2450 3379 capite
2474 3308 2684 3377 plerus,
2709 3306 3029 3379 Anastasius
3050 3323 3180 3362 vero
3202 3306 3315 3362 alio
3347 3308 3544 3363 martis
3575 3324 3780 3379 genere

2166 3396 2396 3450 agonem
2429 3394 2859 3450 consummasse.
2896 3378 3049 3433 Unde
3078 3378 3124 3450 si
3169 3379 3227 3433 in
3273 3380 3540 3435 laterculo
3570 3381 3780 3436 utrius-

2175 3449 2280 3524 que
2307 3450 2637 3524 martyrium
2661 3449 3038 3524 eonjungitur,
3060 3449 3292 3524 dubium
3321 3460 3525 3524 manet,
3551 3452 3785 3524 rectius-

2179 3521 2248 3578 ne
2277 3521 2554 3578 Pratensis
2601 3538 2727 3577 cum
2770 3522 2950 3593 solitis
2980 3521 3165 3586 sociis,
3196 3522 3273 3576 an'
3294 3523 3475 3593 potius
3520 3523 3615 3577 alii
3648 3523 3784 3578 scri-

2174 3597 2411 3666 pserint;
2450 3610 2555 3666 qua
2587 3610 2749 3666 causa
2778 3592 2994 3649 codices
3040 3609 3205 3664 puros
3245 3592 3782 3666 imultiplicavimus,

2094 3670 2137 3730 (1
2170 3665 2492 3721 notabiliter
2520 3665 2651 3721 licet
2682 3665 3071 3735 discrepantes.
3108 3665 3461 3720 Movitetiam
3486 3667 3785 3721 annuntia-

2178 3738 2258 3792 tio
2295 3737 2513 3801 ultima,
2536 3735 2766 3807 judicio
2796 3745 2985 3790 nostro
3020 3736 3179 3807 plane
3212 3736 3542 3805 Usuardina,
3599 3738 3695 3793 sed
3723 3739 3785 3793 in

2172 3807 2460 3882 codicibus
2488 3806 2861 3882 diversiinode
2885 3824 3162 3882 expressa.
3179 3808 3359 3882 Nobis
3372 3810 3595 3882 quidem
3622 3810 3784 3882 longe

467 2665 578 2720 sine
629 2663 1016 2719 intermissione
1067 2663 1473 2719 continuat-um?
1531 2663 1705 2719 Verba
1756 2673 1887 2719 sunt
1936 2664 2060 2719 Jan-

465 2734 622 2807 ningi
654 2735 681 2807 §
711 2735 766 2803 5,
788 2804 794 2807 λ
819 2732 1097 2807 uum._ll;6,
1148 2733 1550 2807 Commentarii
1581 2734 1773 2805 praevii
1820 2735 1888 2790 ad
1914 2750 2059 2807 rapo-

466 2804 736 2863 stolbnim
766 2804 923 2873 Acta,
944 2804 1040 2878 ubi
1061 2804 1241 2860 varias
1253 2804 1389 2861 alias
1416 2804 1705 2878 intricatas
1721 2804 2059 2878 quaestiones

466 2879 613 2949 circa
640 2876 1109 2949 locum,_modum
1135 2883 1191 2932 et
1218 2883 1434 2949 tempus
1479 2876 2059 2949 martyrii'enucleate

461 2947 625 3020 juxta
653 2964 716 3020 ac
743 2947 959 3003 erudite
987 2947 1265 3020 explanat,
1315 2947 1589 3003 videndus
1629 2947 1876 3020 omnino
1907 2965 1938 3004 a
1966 2966 2057 3005 cu-

466 3018 612 3092 rioso
658 3019 882 3092 lectore.
932 3018 1020 3074 Ad
1071 3020 1388 3092 institutum
1433 3025 1694 3092 nostrum
1742 3019 1889 3092 quod
1936 3037 2057 3091 pro-

507 3090 590 3147 ius
640 3091 856 3158 attinet,
907 3098 1105 3162 praeter
1153 3089 1480 3162 Kalendaria
1512 3098 1566 3146 et
1603 3089 2053 3160 Sacrainentaria,

508 3108 590 3147 IIIS
640 3107 856 3158 attinet,
907 3107 1105 3162 praeter
1153 3107 1480 3146 uatenuarta
1512 3107 1566 3146 et
1603 3107 2053 3160 aacramentaria,

466 3107 823 3234 Riartyrologi
854 3161 1069 3234 antiqui
1090 3161 1393 3234 universim
1419 3178 1610 3218 omnes
1630 3180 1728 3233 pro
1746 3162 1847 3218 hac
1867 3164 2055 3220 eadem

466 3233 556 3315 die
584 3233 837 3316 certatim
857 3240 947 3315 oet.
981 3233 1423 3317 constantissime
1467 3235 2055 3317 pugnantL.Hierony-

466 3305 651 3377 miana
705 3304 980 3377 imprimis
1027 3304 1336 3377 apographa
1382 3304 1569 3362 omnia
1626 3323 1657 3360 a
1711 3304 2055 3362 Florentinio

464 3376 630 3444 edita,
662 3384 780 3433 tum
809 3376 976 3444 Beda,
1024 3376 1239 3445 Florus,
1274 3377 1546 3434 Rabanus.
1580 3378 1715 3433 Item
1748 3379 2053 3435 Romanum

461 3463 715 3519 parvum,
746 3447 897 3517 Ade;
921 3448 1194 3504 Notkerus
1213 3456 1266 3505 et
1284 3449 1500 3506 Noster.
1529 3451 1602 3505 Et
1630 3449 2055 3506 Wandalbertus

461 3519 625 3575 etiam
657 3519 737 3575 sic
773 3520 1049 3591 eleganter
1076 3520 1314 3576 cecinit:

583 3596 789 3647 Tertius
813 3605 1039 3649 auratam
1065 3599 1289 3646 sustollit
1313 3598 1377 3647 ad
1402 3600 1580 3649 ethera
1612 3599 1829 3649 Romam

582 3660 832 3721 Martyrio
865 3663 1054 3722 pariter
1073 3660 1208 3709 Petri
1239 3661 1485 3724 Paulique
1513 3663 1681 3713 beato.

533 3736 620 3792 Ex
644 3735 851 3810 quibus
878 3751 994 3810 non
1021 3751 1214 3807 parum
1242 3735 1537 3810 roboratur
1582 3739 1815 3810 relatum
1865 3755 2061 3810 nuper-

462 3807 602 3882 rime
633 3806 893 3882 J_anningi
921 3806 1210 3882 assertum.
1242 3807 1414 3882 Porro
1443 3808 1776 3865 Viennensis
1796 3806 2064 3882 Μωσῑῇτο-

463 3881 623 3953 logus
652 3879 800 3953 inter
828 3877 1179 3953 Festivitates
1207 3880 1589 3953 apostolorum
1617 3882 1796 3953 primo
1833 3889 1887 3937 et
1916 3877 2064 3953 pm—

462 3949 628 4023 cipuo
654 3951 798 4016 loco,
827 3952 1004 4006 multa
1035 3949 1093 4023 in
1130 3949 1277 4023 Petri
1308 3958 1361 4023 et
1390 3951 1546 4023 Pauli
1579 3949 1797 4007 laudem
1827 3949 2062 4009 comme-

463 4021 661 4096 morat,
711 4038 846 4096 quae
879 4021 1149 4096 exactiori
1198 4021 1566 4096 cris_i__subigi
1623 4031 1861 4094 possent,
1911 4041 2065 4096 aeque

461 4108 526 4149 ac
570 4093 679 4148 alia
723 4091 755 4147 ὁ.
801 4091 1042 4149 Notkero
1091 4093 1482 4164 superaddita.
1519 4091 1666 4161 'Quaa
1732 4103 1917 4151 textus
1970 4091 2064 4151 no-

461 4172 574 4237 ster
619 4171 881 4237 tanquam
932 4179 1059 4237 vere
1111 4164 1419 4221 Usuardina
1456 4175 1830 4237 repraesentat,
1884 4183 1946 4223 ea
1996 4184 2065 4222 ex

459 4234 655 4310 Adone
683 4234 1196 4310 omninodecerpta
1224 4245 1372 4304 sunt,
1399 4234 1630 4294 servatis
1649 4234 1875 4310 Bassi—et
1911 4239 2067 4294 Tusci

461 4307 755 4380 consulum
786 4307 1131 4376 nominibus,
1157 4324 1441 4380 perperam
1470 4326 1597 4367 cum
1625 4307 1832 4367 Nercne
1858 4310 2067 4366 Ccesare

462 4378 753 4452 connexis,
782 4386 974 4451 utpote
1002 4378 1174 4452 aquo
1199 4378 1333 4452 totis
1362 4380 1534 4437 ferme
1586 4381 1803 4438 duobus
1849 4382 2065 4437 szeculis

460 4448 866 4533 sejunguntur;
895 4458 964 4533 ut
1004 4448 1150 4507 clare
1192 4450 1468 4533 intelligas
1520 4454 1923 4533 translationem
1970 4469 2067 4510 seu

457 4521 833 4595 depositionem
888 4524 1115 4580 alteram
1173 4523 1219 4580 si
1280 4523 1359 4580 ita
1381 4521 1594 4584 'vocari
1649 4525 1883 4599 possint,
1931 4542 2061 4583 cum

2172 3878 2512 3953 probabilior
2557 3886 2639 3934 est
2674 3879 2920 3953 laterculi
2957 3879 3154 3953 nostri;
3174 3880 3359 3948 lectio,
3388 3878 3594 3953 multis
3622 3878 3785 3953 argu-

2178 3950 2381 4006 inentis
2402 3950 2461 4006 in
2492 3953 2755 4007 Actorum
2786 3951 2995 4022 sylloge
3019 3950 3369 4020 conﬁrmata;
3394 3952 3488 4008 sed
3511 3969 3612 4008 nec
3630 3950 3788 4009 codi-

2173 4038 2297 4096 cum
2352 4023 2588 4079 aliorum
2620 4023 3039 4096 contemnenda
3085 4024 3404 4093 auctoritas,
3457 4025 3554 4096 qui
3583 4027 3781 4093 Beata,

2180 4095 2270 4148 vel
2302 4102 2494 4149 sanclm
2525 4094 2739 4167 faciunt
2767 4093 3102 4167 adjectivum
3133 4111 3228 4150 seu
3259 4093 3542 4167 epitheton
3576 4097 3783 4152 benedi-

2173 4172 2283 4246 ctre,
2316 4174 2377 4246 ut
2409 4166 2637 4246 proinde
2668 4181 2869 4219 nomen
2901 4166 3185 4246 proprium
3218 4166 3787 4246 in:dubio~relinq_ua-

2174 4244 2285 4309 tur.
2317 4237 2471 4293 llaud
2498 4238 2700 4292 absone
2721 4253 2923 4291 nomen
2945 4237 3097 4292 aliud
3120 4238 3460 4309 excogitavit
3477 4240 3623 4297 Clar.
3652 4237 3787 4297 Cas-

2172 4308 2433 4379 tellanus,
2465 4309 2531 4363 de
2552 4326 2661 4381 quo
2690 4325 2816 4364 cum
2854 4309 2912 4363 in
2942 4309 3167 4380 praefata
3200 4308 3410 4383 sylloge
3439 4311 3652 4367 dictum
3682 4311 3784 4379 sit,

2176 4396 2303 4453 non
2322 4390 2404 4437 est
2445 4397 2661 4453 necesse
2692 4389 2873 4453 actum
2913 4397 3113 4453 ageres
3137 4383 3223 4437 Ex
3255 4382 3420 4439 dictis
3470 4382 3786 4453 colligitur,

2175 4450 2309 4523 quid
2338 4452 2671 4526 primigenia
2695 4452 2879 4524 phrasi
2911 4450 3216 4510 Usuardum
3243 4454 3531 4528 scripsisse
3560 4450 3784 4512 censeaé

2176 4540 2321 4580 mus.

1933 4652 2315 4711 AUCTARIA.

528 4747 994 4831 AmnpﬁMu.
1017 4747 1271 4831 Prateusi
1285 4765 1384 4831 pro
1412 4749 1671 4831 more_de_
1686 4759 1883 4831 caetero
1893 4751 2056 4831 simi-

459 4819 563 4904 lis,
580 4828 729 4879 caret
760 4820 958 4876 ultima
985 4819 1410 4878 annuntiatioue
1437 4822 1499 4877 de
1539 4825 1708 4879 Beata
1745 4823 1833 4878 vel
1880 4824 2058 4879 Bene-

457 4894 837 5022 ἀκιξῗῑὶεωκ.
869 4977 1040 5036 purus
1065 4970 1360 5038 estusque
1388 4964 1457 5021 ad
1485 4965 1729 5025 Marcelli
1756 4966 2012 5038 martyris
2034 4984 2056 5034 ;

458 5037 765 5094 inclusive:
799 5043 995 5093 cattera
1022 5036 1211 5092 omnia
1239 5036 1456 5093 desunt.

529 5111 823 5166 Boswsro.
863 5108 1022 5166 Caret
1047 5107 1213 5164 etiam
1244 5108 1304 5164 in
1334 5108 1443 5165 ﬁne
1470 5108 1893 5166 annuntiatione
1923 5110 2054 5167 Bea-

2236 4752 2432 4826 Banmr
2454 4750 2631 4823 prima
2649 4748 2860 4826 editio,
2875 4757 3072 4826 praeter
3099 4751 3297 4826 menda
3323 4752 3586 4826 plurima,
3607 4755 3783 4813 etiam

2164 4823 2376 4890 scribit,
2428 4829 2622 4888 sanctae
2665 4824 2973 4879 Benedictw.
3022 4824 3273 4881 Secunda
3315 4823 3469 4894 vero,
3516 4827 3583 4882 de
3615 4828 3786 4884 Petro

2164 4903 2218 4971 et
2251 4895 2654 4971 Paulo_inseri_t
2680 4914 2690 4951 :
2741 4920 2757 4941 -
2782 4912 2929 4951 anno
2952 4895 3235 4967 trigesimo
3265 4905 3459 4954 octavo
3488 4907 3614 4970 post
3644 4915 3787 4971 pas-

2173 4968 2383 5023 sionem
2424 4966 2670 5023 Domini.
2702 4992 2719 5015 ι

2233 5039 2700 5095 AN'l‘UERP.-MAX.
2713 5083 2726 5108 ,
2742 5042 3079 5099 ULTRAJECT.
3091 5086 3106 5112 ,
3122 5040 3395 5110 Lernam,
3413 5041 3650 5111 LOVAN.,
3672 5042 3786 5099 AI.-

2169 5127 2357 5181 BERG.,
2389 5113 2582 5167 Damc.
2615 5119 2669 5167 et
2684 5112 2844 5170 Enrr.
2874 5115 3306 5170 ULTRAJ.-BELG.
3342 5113 3641 5169 ordiuntur
3671 5114 3789 5173 hoc

461 5186 543 5248 ιω,
572 5181 735 5258 cujus
772 5182 895 5239 loco
921 5180 1039 5236 hac
1069 5179 1232 5238 habet
1256 5197 1267 5235 :
1289 5206 1336 5258 ἐ
1362 5181 1493 5237 Item
1529 5183 1734 5258 Romae,
1767 5182 2061 5258 Novatiani
2089 5184 2138 5243 D
2171 5179 2369 5258 modo:
2415 5207 2440 5258 ξ
2475 5185 2680 5258 Romae,
2712 5186 2888 5257 passio
2914 5186 3358 5242 beatissimorum
3393 5187 3786 5258 apostolorum

458 5252 781 5328 e_t_aliorum_
828 5269 1199 5328 peccauuxru.
1226 5277 1245 5300 ι
1289 5252 1574 5328 Notantur_
1601 5252 1970 5328 bimartyres
2001 5255 2059 5328 in

460 5322 928 5395 ﬂieronymianis,
960 5324 1051 5381 sed
1088 5324 1291 5380 mirum
1321 5333 1404 5380 est
1432 5341 1531 5381 nec
1560 5325 1617 5379 in
1650 5326 1822 5395 Actis,
1849 5322 1968 5382 'nec
2000 5326 2058 5381 in

459 5392 867 5471 Prasterinissis,
901 5397 1072 5471 ullam
1098 5412 1287 5471 eorum
1322 5392 2057 5471 ﬁeri‘mentionemLSequi-

458 5469 554 5544 tur
576 5480 642 5544 χε
664 5464 952 5521 Fortunati
972 5469 1217 5542 episcopi
1246 5475 1300 5524 et
1329 5468 1678 5526 confessoris.
1701 5493 1718 5516 ι
1756 5469 1897 5527 Vide
1917 5464 2055 5525 Prai-

459 5543 758 5592 termtssos.

521 5605 816 5688 .Anrmtap.
837 5614 891 5663 et
910 5607 1307 5688 Mair._-Lunnc.
1333 5611 1635 5688 incipiunt:
1676 5613 1913 5681 «Romae,
1935 5629 2055 5669 san-

459 5681 841 5761 ctissimorum
864 5681 1261 5761 apostolorum,
1288 5707 1307 5731 ι
1353 5681 1468 5742 θεοῖ
1490 5686 1551 5761 I_n
1578 5684 1686 5761 ﬁne
1719 5693 2054 5761 autem,_pro

459 5751 946 5829 _B_gth,_virgini§
1000 5752 1207 5824 legunt,
1258 5763 1451 5812 sanctee
1489 5757 1779 5814 Benedicta:
1806 5751 2050 5829 virginis.

459 5820 603 5880 Vide
631 5820 1073 5879 Observationes:

2170 5255 2315 5330 Petri
2338 5261 2390 5309 et
2414 5256 2590 5311 Pauli.
2616 5255 2860 5324 Quarum
2886 5258 3035 5329 prior
3061 5258 3211 5314 cruci
3237 5255 3444 5313 afﬁxus
3460 5266 3562 5324 est,
3593 5259 3787 5330 capite

2167 5326 2234 5381 ad
2258 5335 2458 5401 terram
2478 5344 2671 5401 verso,
2709 5337 2774 5401 et
2793 5330 2847 5383 in
2880 5326 3116 5385 sublime
3141 5330 3372 5401 pedibus
3401 5330 3632 5385 elevatis
3658 5326 3681 5385 Ξ
3695 5348 3788 5386 as-

2166 5398 2378 5455 serebat
2399 5400 2556 5474 eni_m_
2579 5415 2635 5474 se
2663 5399 2950 5472 indignum
2982 5419 3045 5457 eo
3074 5398 3260 5469 modo,
3283 5418 3391 5474 quo
3420 5417 3558 5474 suus
3576 5402 3789 5474 Domi-

2166 5486 2289 5545 nus,
2313 5470 2581 5541 cruciﬁgi.
2605 5470 2847 5544 Sequens
2867 5490 3019 5541 vero,
3051 5474 3275 5545 pretiosi
3298 5470 3507 5544 capitis
3536 5472 3789 5529 obtrun-

2164 5542 2398 5614 catione,
2435 5551 2664 5614 mortem
2692 5542 3000 5614 pretiosam
3034 5542 3269 5601 invenit.
3316 5542 3464 5600 Passi
3503 5552 3636 5599 sunt
3667 5562 3792 5601 au-

2166 5620 2274 5668 tem
2292 5613 2653 5669 illustrissimi
2676 5613 2895 5672 athletae
2914 5633 3058 5672 anno
3076 5616 3380 5673 Dominica:
3400 5616 3790 5674 incarnationi

2162 5700 2319 5760 Lxxrr
2350 5685 2618 5760 passionis
2645 5703 2770 5760 vere
2794 5705 2975 5744 χχχιχ
3008 5689 3279 5760 (LEYDEN.
3314 5690 3465 5744 solus
3495 5687 3630 5759 legit
3657 5706 3788 5746 an

2161 5756 2431 5832 passionis
2460 5758 2623 5832 xxx).
2657 5783 2675 5805 ι
2718 5759 2781 5814 In
2812 5760 2919 5815 fine
2948 5777 2959 5815 :
3009 5756 3027 5808 ἐ
3056 5761 3119 5816 In
3147 5760 3430 5817 territorio
3461 5756 3778 5832 Senonico,

2162 5836 2362 5885 sanctae
2397 5829 2705 5888 Benedicta:
2740 5832 2973 5902 virginis
3009 5833 3164 5889 cruci
3205 5848 3476 5905 appensae.
3501 5856 3519 5880 ι
