4078 6174
482 148 586 206 347

480 277 531 333 V
558 276 708 332 Idus.

1814 140 2116 199 USUARDI
2147 139 2467 200 MONACHI

3676 140 3783 198 248

3537 268 3639 324 Die
3679 269 3771 325 11.

550 365 858 422 Translatio
886 364 1062 421 sancti
1105 361 1385 420 Benedicti
1428 361 1659 418 abbatis.
1695 361 1859 433 Apud
1892 354 2211 417 Armeniam
2262 361 2553 426 minorem,
2606 356 2832 415 civitate
2884 356 3155 430 Nicopoli,
3206 357 3405 412 natalis
3447 365 3777 415 sanctorum

480 452 789 529 martyrum
819 454 1087 522 Januarii,
1111 461 1164 510 et
1194 450 1446 522 Pelagia»,
1472 449 1567 523 qui
1596 451 1850 523 equuleo,
1873 448 2114 523 ungulis,
2148 458 2201 506 et
2220 457 2484 507 testarum
2513 445 2833 520 fragmentis
2861 445 3056 503 diebus
3080 453 3318 519 quatuor
3344 445 3599 515 cruciati,
3632 464 3781 504 mar-

478 546 689 626 tyrium
720 545 1092 620 impleverunt
1122 542 1425 617 [Interserit
1459 541 1755 597 Bouillart.
1782 560 1794 597 :
1848 552 1872 579 ι
1894 543 1957 598 In
1987 541 2316 598 Mauritania
2363 538 2703 607 Caesariensi,
2731 547 2933 595 sanctae
2958 536 3240 594 Martianaa
3271 535 3506 608 virginis
3529 545 3585 593 et
3623 554 3784 593 mar-

478 635 667 710 tyris].
701 637 762 692 In
793 633 1074 691 territorio
1121 630 1416 700 Senonico,
1452 629 1599 688 beati
1635 629 1881 689 Sidronii
1929 631 2210 707 martyris.
2252 633 2388 690 Item
2432 630 2492 687 in
2522 629 2799 687 territorio
2828 629 3164 697 Pictavensi,
3189 628 3368 687 sancti
3397 627 3592 687 Sabini
3626 644 3777 686 con-

478 723 718 792 fessoris.

2016 822 2253 881 NOTAE.

547 924 659 982 Soli
692 922 921 980 omnino
948 922 1074 995 puri
1103 930 1233 979 sunt
1260 923 1576 992 .Putsanen.,
1614 923 1912 990 Munerat,
1949 922 2171 980 Graven.
2195 929 2250 978 et
2279 921 2486 980 Maian.

549 1052 726 1110 IICum
755 1050 905 1106 solus
930 1048 1180 1105 veritatis
1223 1065 1377 1104 amor
1425 1066 1508 1104 me
1537 1049 1840 1121 impulerit,
1871 1057 1933 1105 ut
1962 1049 2068 1105 hoc
2095 1055 2145 1113 Α
2173 1047 2293 1121 Non
2328 1046 2549 1121 idcirco
2592 1053 2778 1101 tamen
2823 1043 3002 1121 ausim
3048 1042 3346 1121 afﬁrmare,
3397 1052 3458 1121 ut
3487 1043 3788 1121 Soilerius,

478 1123 1027 1198 quantulumcunque
1056 1137 1193 1193 opus
1207 1121 1577 1198 susciperem,
1606 1120 1763 1198 longe
1779 1120 1969 1198 absum
2006 1127 2069 1176 ut

478 1192 765 1250 veritatem
814 1192 1103 1248 occultare
1136 1192 1304 1248 velim
1352 1200 1447 1247 aut
1503 1192 1666 1247 etiam
1704 1192 2071 1259 dissimulare,

478 1266 567 1321 vel
597 1264 736 1320 mihi
785 1263 1212 1320 incommodam.
1257 1265 1445 1335 Itaque
1495 1263 1642 1319 ultro
1684 1262 1860 1318 fateor
1909 1264 2079 1335 litura

478 1336 628 1392 hunc
678 1334 975 1390 articulum
1022 1335 1301 1405 deturpari
1342 1332 1410 1390 ab
1455 1335 1556 1391 hac
1589 1351 1721 1390 voce
1763 1335 1985 1388 cruciati
2009 1332 2078 1389 ad

478 1407 679 1473 ﬁnem;
725 1413 778 1461 et
806 1406 1131 1478 scripturam
1162 1422 1282 1477 quae
1311 1421 1460 1478 nunc
1493 1406 1674 1478 liturae
1703 1405 1941 1478 spatium
1977 1421 2079 1478 oc-

478 1485 662 1553 cupat,
695 1474 935 1534 alterius
963 1492 1080 1535 esse
1122 1474 1338 1545 manus,
1370 1476 1499 1535 licet
1528 1474 1776 1534 Usuard'o
1828 1474 2076 1549 aequalis.

2182 1118 2507 1175 Martianam
2536 1116 2806 1173 intrusam
2839 1116 3029 1171 fuisse.
3058 1116 3192 1173 Rem
3221 1115 3278 1170 in
3302 1114 3485 1170 medio
3505 1116 3787 1186 relinquo;

2221 1206 2345 1245 nam
2377 1190 2566 1256 lector,
2598 1188 2644 1243 si
2674 1186 3085 1255 velit,'deﬁniet
3113 1185 3439 1242 auctoritate
3478 1185 3648 1241 trium
3672 1185 3790 1241 co-

2224 1261 2378 1337 iculn
2418 1257 2869 1337 Autuerp.-Maj.,
2919 1257 3235 1329 Rosweyd.,
3268 1256 3609 1337 Aquicinct.,
3650 1272 3793 1337 quos

2186 1331 2450 1387 Sollerius
2482 1331 2791 1385 Pratensem
2823 1336 3038 1385 secutos
3066 1345 3182 1384 esse
3214 1336 3465 1395 testatur,
3509 1335 3565 1383 et
3613 1331 3789 1384 trium

2187 1402 2530 1458 Pratensium
2563 1401 2625 1468 Β,
2650 1403 2717 1469 D,
2739 1401 2804 1468 E,
2830 1399 3139 1457 Conchens.
3169 1408 3222 1456 et
3267 1398 3659 1470 Montisburg.,
3692 1397 3793 1470 qui

2185 1473 2481 1530 lectionem
2511 1471 2759 1528 eamdem
2796 1471 3059 1528 referunt.
3091 1471 3431 1527 BOUILLART.

1691 1598 2095 1657 VARIANTES
2134 1595 2438 1653 LECTION
2444 1595 2544 1652 ES.

551 1702 612 1758 In
641 1700 934 1756 Pulsanem
988 1706 1069 1754 est
1123 1697 1396 1768 Nycopoli,
1434 1698 1625 1768 eculeo.
1667 1697 1727 1751 In
1775 1697 2067 1763 Munerat.,

479 1770 726 1842 Peltagii,
761 1769 997 1842 Sidroni.
1029 1767 1186 1824 Sunt
1206 1767 1319 1842 qui
1348 1767 1593 1842 scribant
1622 1768 1677 1821 in
1717 1785 1854 1842 pago
1875 1768 2073 1842 Picta-

480 1837 651 1908 censi,
697 1849 759 1897 ut
797 1841 1040 1909 Praten.,
1070 1847 1176 1896 etc.
1220 1837 1326 1896 Sed
1370 1838 1546 1896 nostri
1586 1837 1733 1896 cum‘
1759 1837 2069 1906 Herinien.,

2180 1695 2487 1774 Tornacenn.
2520 1700 2573 1774 et
2604 1691 2853 1774 plerique
2891 1692 3236 1774 aiiis,.utnest
3264 1692 3322 1749 in
3366 1699 3542 1774 textu.
3568 1692 3798 1774 .Mune-

2180 1775 2282 1821 rat.
2305 1780 2410 1845 pro
2443 1764 2651 1831 Sabini,
2698 1764 2827 1845 legit
2864 1764 3068 1821 Albini.
3119 1764 3252 1832 Qum
3283 1764 3535 1823 confusio
3565 1764 3624 1819 in
3652 1764 3786 1820 Au-

2182 1843 2370 1893 ctariis
2394 1850 2535 1908 saepe
2566 1843 2840 1891 recurret.

1830 1962 2327 2023 OBSERVATION
2332 1963 2433 2018 ES.

561 2063 952 2121 Translationis
980 2063 1218 2134 corporis
1247 2063 1415 2118 sancti
1440 2062 1707 2118 Benedicti
1734 2079 1803 2119 ex
1832 2063 1991 2118 Italia
2016 2063 2075 2118 in

483 2135 739 2208 Galliam,
786 2135 1061 2208 plerisque
1106 2134 1803 2208 antiquisMartyrologiis,
1836 2134 1948 2190 imo
1989 2135 2077 2208 vel

482 2208 618 2280 ipsis
646 2205 1094 2280 Hieronymianis
1121 2205 1469 2280 apographis,
1509 2205 1743 2261 Lucensi
1774 2206 2076 2280 praesertim

483 2276 537 2336 ἐι
567 2276 905 2345 Οοώθὶθηδῖ,
930 2277 1134 2333 inserta
1156 2276 1247 2333 est
1260 2276 1355 2333 aut
1379 2276 1590 2348 adjecta
1610 2276 1893 2344 memoria,
1921 2276 2078 2349 quid-

484 2351 617 2424 quid
662 2350 719 2424 in
750 2350 899 2405 hunc
939 2365 1112 2421 usque
1145 2349 1679 2424 diem_obluc_tentur
1709 2349 2076 2424 Cassiuenses,

484 2418 545 2478 tit
574 2438 643 2477 ex
690 2421 934 2493 ipsorum
975 2418 1214 2493 querelis
1242 2418 1764 2493 aliquandoicoram-
1779 2420 1970 2475 audire
2001 2420 2081 2475 li—

483 2493 619 2550 cuit.
669 2492 836 2561 Beda,
894 2491 1682 2564 prdtranslationeyscripsit
1726 2492 2002 2562 depositio,
2051 2508 2083 2546 a
2117 2501 2159 2560 Β

484 2566 648 2635 Floro
681 2562 1094 2619 translationem
1123 2562 1486 2635 describente,
1510 2562 1690 2635 in’qhac
1710 2571 1863 2635 parte
1882 2579 2080 2635 emen-

485 2634 663 2701 datus,
697 2635 845 2705 quod
874 2643 1057 2705 tamen
1084 2634 1337 2689 Rabanus
1367 2633 1961 2705 servandum‘censuit.
2002 2637 2080 2689 De

487 2714 681 2761 neutra
714 2704 966 2759 meminit
994 2706 1299 2760 Romanum
1331 2720 1585 2774 parvum,
1609 2704 1730 2759 Ado
1758 2712 1939 2760 autem
1961 2705 2080 2759 bre-

486 2792 610 2831 vem
642 2775 1018 2832 translationis
1044 2774 1331 2830 historiam
1362 2775 1559 2842 texuit,
1592 2792 1623 2831 a
1658 2776 1900 2831 Notkero
1931 2792 2081 2830 non—

486 2847 631 2926 nihil
669 2855 905 2926 auctam,
951 2846 1111 2926 cujus
1137 2845 1637 2926 compendiumjn
1668 2847 1947 2926 Auctariis
1975 2847 2082 2926 da-

486 2917 689 2973 bimus.
717 2918 930 2989 Noster,
963 2917 1180 2989 omissis
1202 2916 1450 2989 reliquis,
1473 2917 1603 2989 satis
1624 2917 1818 2973 habuit
1838 2919 2082 2974 transla-

488 2989 696 3060 tionem
728 2988 899 3058 ipsam
950 2988 1289 3058 consignare,
1326 2988 1405 3042 ut
1437 2988 1670 3060 probant
1716 2988 1908 3060 primae
1938 2998 2081 3044 nota)

487 3059 785 3132 codices,ie
802 3076 1039 3132 quorum
1069 3075 1200 3128 uno,
1231 3074 1425 3132 nempe
1461 3059 1793 3127 Heriniensi,
1821 3061 2082 3132 scalpello

488 3130 906 3186 verosimillime
935 3147 1086 3187 erasa
1113 3138 1215 3200 est,
1251 3131 1371 3185 loco
1413 3146 1587 3186 vacuo
1617 3132 1827 3188 relicto.
1860 3133 1921 3187 In
1940 3130 2081 3186 *Τοῖ’-

486 3203 707 3258 nacensi
740 3210 927 3257 notata
956 3219 1065 3274 non
1094 3210 1195 3274 est,
1226 3211 1279 3257 et
1321 3218 1384 3257 ea
1398 3211 1631 3274 propter
1666 3203 1829 3259 ambo
1865 3203 2081 3259 codices

487 3274 592 3341 illi,
622 3283 815 3345 caetera
844 3272 1147 3345 purissimi,
1180 3289 1209 3328 e
1248 3272 1613 3345 genuihor’um
1660 3274 1833 3329 classe
1867 3275 2081 3331 exclusi

486 3353 634 3401 sunt.
671 3344 868 3403 Videat
894 3344 1145 3400 curiosus
1174 3345 1346 3400 lector
1373 3353 1544 3401 totam
1577 3346 1954 3401 translationis
1980 3345 2079 3401 bu-

479 3414 594 3488 jus,
642 3416 711 3472 ad
777 3416 1121 3488 Floriacense
1179 3415 1592 3488 monasterium,
1652 3415 1963 3485 historiam,
2021 3416 2079 3472 in

485 3487 641 3545 Actis
678 3489 883 3542 nostris
912 3487 979 3541 ad
1010 3504 1108 3541 χχι
1133 3487 1313 3542 Martii
1338 3487 1455 3543 fuse
1475 3488 1540 3542 de
1570 3489 1797 3553 luctam,
1830 3505 1953 3544 cum
1981 3487 2080 3542 mi-

488 3556 908 3629 raculorumiib‘i
939 3565 1276 3629 patratorum
1303 3558 1637 3629 narratione,
1673 3574 1703 3612 a
1724 3575 1843 3629 pag.
1882 3559 1985 3614 299
2012 3559 2079 3613 ad

486 3628 610 3684 357.
642 3627 1023 3699 Wandalberti
1066 3643 1273 3699 versus
1305 3627 1449 3699 infra
1486 3627 1757 3699 dabimus.
1804 3627 2081 3699 Martyres

487 3698 739 3769 Armeui,
787 3697 1089 3769 Januarias
1137 3704 1191 3750 et
1236 3698 1477 3769 Pelagia,
1524 3697 1583 3751 in
1633 3697 2079 3769 Hieronymianis

488 3767 746 3822 nonnihil
771 3766 1060 3823 deformati
1092 3774 1238 3822 sunt.
1272 3768 1334 3822 In
1364 3768 1606 3824 Romano
1645 3784 1813 3838 parvo
1842 3766 1907 3825 Iit
1933 3786 2079 3825 com-

487 3839 810 3894 memoratio
840 3838 1011 3910 solius
1030 3838 1303 3894 Januarii.
1333 3839 1453 3910 Αάο
1484 3847 1777 3910 utrumque
1797 3857 1866 3895 ex
1893 3841 2079 3896 Hiero-

487 3908 1049 3982 nymianis,_opinor,_
1079 3916 1173 3982 aut
1198 3924 1266 3962 ex
1297 3909 1449 3982 Actis
1493 3908 1815 3982 conjunxit,
1865 3910 2078 3981 adjecto

486 3978 643 4052 brevi
676 3978 874 4052 elogio,
909 3979 1055 4052 quod
1082 3980 1277 4035 Noster
1302 3978 1621 4052 adiverbum
1670 3978 2073 4052 transsumpsit.

486 4050 900 4107 Notkerus’sola
920 4050 1117 4105 ultima
1146 4066 1280 4106 voce
1307 4050 1529 4117 differt;
1562 4058 1616 4106 at
1647 4052 1843 4106 Florus
1880 4061 1934 4108 et
1951 4050 2079 4109 Ba-

485 4121 681 4188 banus,
714 4121 966 4195 quamvis
996 4121 1055 4176 in
1086 4121 1164 4195 rei
1193 4120 1498 4195 substantia
1526 4123 2079 4195 conveniant,phrasi

487 4208 709 4266 prorsus
730 4192 1046 4266 discrepant
1081 4192 1157 4266 ab
1187 4192 1399 4266 Adone,
1435 4200 1511 4266 _u_t
1558 4193 1697 4248 mihi
1738 4192 1956 4266 semper
1984 4195 2079 4251 ﬁat

486 4263 880 4331 verosimilius,
911 4264 1049 4319 duos
1077 4263 1225 4336 illos,
1258 4264 1387 4336 licet
1401 4263 1616 4336 Adone
1635 4263 1993 4336 antiquiores,
2010 4266 2079 4326 ab

486 4351 550 4391 eo
595 4343 779 4391 tamen
824 4351 1108 4408 nunquam
1141 4335 1288 4391 visos
1333 4334 1519 4391 fuisse.
1567 4335 1688 4391 Non
1718 4334 1892 4392 habeo
1932 4337 2080 4409 quod

2185 2061 2278 2116 hic
2343 2057 2725 2132 superaddamﬁ,
2795 2065 2991 2132 praeter
3046 2058 3333 2132 metricum
3393 2059 3790 2132 Wandalberti

2186 2130 2519 2199 encomium,
2554 2146 2661 2203 quo
2690 2130 2977 2188 Benedicti
3004 2131 3423 2188 translationem
3444 2130 3609 2187 etiam
3634 2147 3791 2188 com-

2187 2204 2449 2277 plectitur
2473 2221 2485 2258 :

2314 2294 2559 2358 Martyrio
2584 2294 2818 2358 quintum
2849 2294 3010 2358 sancti
3039 2294 3338 2353 Januarius,
3374 2304 3529 2358 atque

2312 2356 2578 2407 Consimili
2604 2356 2819 2405 decorat
2842 2356 3056 2418 Pelagia
3083 2366 3259 2406 sancta
3287 2356 3472 2406 nitore.

2312 2420 2443 2470 Tum
2476 2420 2855 2469 Beneventanis
2887 2422 3130 2467 translata
3163 2420 3422 2469 montibus
3450 2419 3572 2468 almi

2315 2483 2466 2531 Justa
2502 2483 2672 2532 Patris
2705 2481 2988 2540 Benedicti,
3025 2496 3158 2531 nunc
3194 2483 3350 2543 Liger
3373 2482 3508 2531 altus
3552 2482 3793 2530 honorat.

2262 2565 2521 2637 Sequitur
2534 2563 2588 2618 in
2602 2562 2845 2637 Pratensi
2860 2569 2915 2618 et
2934 2562 2997 2637 in
3015 2563 3063 2618 ei
3077 2563 3227 2619 consi
3238 2562 3483 2637 milibus.
3494 2565 3797 2637 Antuerp.-

2192 2633 2671 2707 Maj.,’Bosweyd.
2709 2643 2761 2689 et
2800 2633 3162 2707 Aquicinct;
3194 2637 3262 2707 In
3287 2635 3620 2707 Mauritania
3670 2636 3801 2691 οω-

2191 2706 2439 2770 sariensi.
2470 2712 2661 2760 sancta:
2684 2706 2976 2777 Marciana:
3004 2706 3229 2775 virginis
3258 2712 3304 2761 et
3332 2706 3608 2777 martyris,
3632 2722 3800 2777 super

2191 2778 2359 2833 erasis
2387 2777 2602 2849 aliquot
2633 2776 2857 2849 verbis,
2877 2775 3045 2849 citato
3075 2777 3321 2849 Pratensi
3350 2775 3529 2833 codici
3557 2775 3796 2849 intrusa,

2192 2858 2254 2905 ut
2289 2865 2375 2904 me
2410 2847 2628 2903 monuit
2657 2847 3068 2903 oculatissimus
3099 2848 3254 2904 tesﬁs
3274 2848 3404 2904 clar.
3430 2848 3796 2915 Castellanus,

2192 2919 2338 2993 quod
2379 2920 2632 2993 superius
2668 2935 2716 2993 at
2762 2919 3007 2993 Januarii
3039 2919 3237 2974 iterum
3269 2919 3670 2993 indicavimus,
3711 2921 3796 2993 De

2192 2989 2323 3046 vero
2353 2989 2624 3061 passionis
2653 2989 2741 3045 die
2781 3007 2892 3045 non
2917 2989 3161 3061 disputo,
3203 3007 3326 3045 nam
3376 2999 3431 3047 et
3473 2990 3574 3047 hac
3618 2991 3707 3046 die
3736 2991 3796 3046 in

2193 3061 2641 3133 Hieronymianis
2661 3062 2966 3133 Martianus
2981 3061 3182 3133 aliquis
3202 3061 3259 3116 in
3280 3061 3630 3133 Mauritania,
3650 3062 3798 3133 forte

2192 3150 2292 3206 pro
2340 3131 2634 3199 Martiana,
2678 3131 2963 3187 recolitur.
3017 3131 3223 3187 Unicus
3267 3141 3346 3188 est
3387 3132 3800 3206 disquisitionis

2192 3203 2391 3260 nostrai
2443 3220 2660 3275 scopus,
2718 3210 2903 3258 utrum
2948 3219 3017 3257 ex
3067 3211 3177 3275 tam
3231 3203 3797 3260 unanimi'codicum

2190 3276 2424 3330 aliorum
2455 3273 2748 3347 consensu,
2778 3291 2908 3347 vera
2942 3273 3172 3347 U_s_uardi
3193 3276 3465 3347 sententia
3488 3292 3599 3330 non
3626 3291 3799 3347 aper-

2190 3347 2403 3418 tissime
2432 3345 2684 3418 liqueat?
2701 3346 2771 3418 Et
2790 3345 2875 3418 ita,
2897 3344 3120 3417 quidem
3142 3346 3301 3401 nobis
3324 3345 3566 3414 videtur,
3588 3344 3794 3417 urgen-

2190 3417 2426 3473 tioribus
2453 3417 2792 3489 argumentis
2822 3417 3056 3473 libenter
3079 3425 3133 3471 et
3164 3418 3577 3489 ultrocessuri.
3629 3418 3792 3473 Binan

2190 3487 2638 3560 annuntiationes
2688 3487 3079 3560 ultimaspure
3123 3488 3445 3560 Usuardina:
3491 3496 3641 3556 sunt,
3674 3489 3789 3543 nisi

2190 3560 2420 3631 fortasse
2440 3560 2497 3615 in
2528 3559 2839 3631 depravatis
2860 3559 3419 3631 Hieronymianorum
3446 3560 3799 3628 nominibus,

2191 3647 2317 3686 cum
2345 3630 2496 3685 hisce
2527 3630 2732 3686 sanctis
2763 3630 3083 3686 afﬁnitatem
3116 3630 3389 3697 invenias,
3428 3638 3484 3687 et
3533 3632 3801 3687 Basinum

2194 3717 2249 3755 v.
2283 3718 2331 3767 g.
2362 3700 2541 3756 codici
2576 3701 2805 3756 Lucensi
2832 3710 3100 3770 assutum,
3124 3717 3222 3770 pro
3253 3702 3449 3758 Sabino
3481 3709 3669 3758 nostro
3689 3718 3798 3758 ac-

2189 3771 2506 3842 cipiendum
2538 3772 2840 3842 existimes.
2869 3772 2952 3826 An
2983 3771 3075 3827 hic
3117 3771 3352 3829 Sabinus
3381 3773 3572 3828 Brixia
3599 3788 3801 3829 accer-

2117 3857 2160 3914 G
2191 3841 2393 3914 sendus
2413 3842 2504 3909 sit,
2537 3841 2755 3914 docebit
2786 3842 3081 3899 Castellani
3110 3845 3298 3899 notula
3328 3844 3398 3900 ad
3427 3844 3578 3900 hunc
3605 3844 3796 3910 diem;

2189 3913 2479 3985 ubialiam
2511 3912 2702 3984 adjicit
2727 3913 2794 3969 de
2816 3914 3010 3970 Sabino
3040 3923 3093 3969 et
3134 3915 3403 3985 Cypriane
3457 3915 3515 3970 in
3546 3917 3799 3972 Romano

2186 3983 2448 4056 moderno
2476 3983 2724 4055 signatis.
2758 3985 3053 4056 Utramque
3079 3986 3136 4040 in
3167 3983 3304 4041 actis
3328 3987 3531 4042 nostris
3558 3988 3794 4042 exami-

2188 4055 2465 4130 iiabimus:
2488 4056 2576 4130 Ex_
2603 4056 2866 4111 hactenus
2894 4055 3060 4130 dictis
3090 4064 3527 4130 patetgermana
3571 4065 3625 4113 et
3655 4074 3801 4130 pura

2189 4125 2422 4200 Usuardi
2452 4126 2651 4200 lectio:
2687 4142 2850 4200 quem
2881 4125 3219 4200 mirum'est,
3241 4125 3401 4200 Pium
3431 4146 3634 4200 papam,
3655 4125 3798 4200 prte-

2188 4196 2424 4272 teriisse,
2443 4196 2510 4251 ab
2522 4195 2724 4272 Adone
2745 4197 2849 4253 hac
2877 4197 2974 4272 die
2987 4205 3105 4272 tam
3126 4197 3388 4256 distincte
3421 4195 3795 4272 propositum,

2190 4284 2222 4324 a
2249 4267 2490 4323 Notkero
2517 4268 2574 4322 in
2605 4275 2923 4340 sequentem
2944 4268 3207 4327 dilatum.

1931 4462 2314 4523 AUCTARIA.

557 4561 636 4615 De
665 4560 935 4627 Pas-ram,
983 4568 1037 4615 et
1069 4575 1197 4616 cum
1235 4574 1299 4614 eo
1336 4558 1761 4628 cohaerentibus,
1809 4561 1892 4619 uti
1924 4570 1978 4618 et
2014 4562 2083 4619 de

488 4630 783 4686 ﬂammam.
816 4638 871 4686 et
901 4631 1244 4697 TOBNACEN.,
1266 4629 1382 4701 jam
1414 4632 1546 4686 satis
1574 4631 1841 4689 diximus.

558 4701 847 4755 Amusnr.
879 4709 934 4756 et
960 4701 1343 4756 Mam-Lunae.
1368 4708 1423 4755 et
1450 4701 1793 4758 UGHELLIAN.
1817 4704 2083 4760 omittunt

487 4771 547 4826 in
608 4770 1347 4841 principiortranslationem
1400 4771 1456 4826 S.
1516 4772 1819 4831 Benedicti.
1874 4777 2083 4832 Desunt

487 4841 655 4897 etiam
695 4840 987 4913 Sidronius
1013 4850 1068 4896 et
1096 4840 1350 4907 Sabinus,
1383 4858 1618 4913 quorum
1658 4844 1779 4899 loco
1809 4844 2077 4902 habetur:

503 4938 521 4961 ι
549 4913 757 4980 Romaa,
785 4911 964 4984 passio
992 4919 1307 4984 sanctorum
1336 4911 1599 4984 Stephani
1630 4922 1684 4970 et
1712 4915 1949 4972 Leontii.
1980 4941 1998 4965 ι

559 4983 1046 5050 Ammiane-Mam,
1080 4983 1414 5041 ULTRAJECT.
1435 4983 1506 5040 iet
1532 4984 1778 5041 Lnrnmv.
1806 5004 1817 5042 :
1849 5012 1866 5033 ι
1890 4988 2082 5043 Trans-

489 5055 620 5111 latio
649 5055 794 5111 beati
841 5053 1126 5111 Benedicti
1172 5054 1407 5123 abbatis,
1439 5062 1493 5111 et
1534 5066 1735 5113 sanctae
1773 5058 2083 5115 Scolasticaa

487 5128 690 5182 sororis
719 5126 854 5199 ejus.
888 5126 1096 5199 Romae,
1114 5196 1132 5199 _
1138 5125 1215 5199 in,
1245 5125 1527 5199 Vaticano,
1577 5129 1757 5183 natale
1793 5130 1969 5186 sancti
1996 5129 2082 5184 Pii

2189 4563 2300 4618 fine
2327 4561 2578 4637 adjungit
2606 4565 2694 4621 bis
2723 4565 2926 4637 verbis.
2969 4590 2989 4614 ι
3008 4569 3069 4622 In
3100 4568 3288 4635 Dacia,
3312 4567 3538 4625 civitate
3563 4566 3798 4624 Wibur-

2191 4635 2364 4705 gensi,
2413 4635 2612 4692 natalis
2660 4636 2835 4693 sancti
2864 4638 3066 4693 Ketelli
3109 4639 3460 4694 confessoris.
3494 4663 3511 4685 -
3556 4639 3799 4696 Videtur

2192 4715 2401 4776 martyr
2432 4706 2618 4762 fuisse.

2264 4777 2576 4833 CENTULEN.
2605 4794 2655 4831 ;‹
2682 4778 2747 4832 In
2775 4778 2989 4846 Galliis,
3021 4777 3274 4834 cmnobio
3304 4779 3794 4847 Floriaco,adven-

2190 4854 2281 4919 tus
2313 4854 2402 4919 _et_
2423 4847 2709 4919 translatio
2747 4848 2992 4919 corporis
3023 4848 3355 4904 sanctissimi
3400 4850 3579 4907 Patris
3605 4852 3797 4908 Bene-

2191 4916 2327 4973 dicti
2352 4916 2902 4994 _abb_atis,_simulque
2923 4919 3093 4994 beata;
3136 4918 3488 4994 scholasticae
3507 4922 3793 4994 virginis,

2192 4987 2395 5043 sororis
2423 4989 2559 5059 ejus.
2594 4990 2658 5045 In
2678 4987 2960 5065 Armenia,
2981 4989 3226 5065 civitatis
3253 4987 3794 5065 Nichopoli,sa}1ctol

2193 5075 2315 5135 rum
2362 5067 2670 5135 martyrum
2717 5060 2985 5135 Januarii
3011 5067 3066 5118 et
3105 5062 3355 5135 Pelagia.
3401 5060 3462 5119 In
3507 5064 3794 5135 territorio

2194 5130 2528 5199 Pictavensi,
2574 5133 2752 5189 sancti
2802 5131 2990 5188 Sabini
3035 5130 3384 5190 confessoris.
3434 5134 3538 5192 Hic
3582 5134 3693 5191 fuit
3719 5152 3793 5192 ex

524 5215 638 5274 apag
689 5196 1088 5274 et_'_martyri_s._
1112 5196 1350 5274 Huic_a_b
1396 5199 1588 5274 angelo
1635 5198 1948 5274 nuntiatum
1978 5207 2078 5274 est,
2112 5199 2159 5256 D
2194 5201 2482 5274 discipulis
2510 5196 2693 5274 magni
2721 5203 2897 5259 Patris
2925 5204 3098 5260 sancti
3129 5204 3407 5262 Germani.
3447 5230 3467 5257 ι

530 5266 695 5324 ascba
724 5270 814 5325 die
868 5266 1160 5326 Dominica
1197 5266 1605 5325 celebrandum.
1633 5292 1651 5315 ι
1718 5271 1782 5325 In
1824 5271 2082 5326 Armenis

487 5339 627 5409 satis
675 5339 800 5409 puri
848 5347 996 5395 sunt.
1046 5339 1221 5395 Tum:
1292 5340 1471 5395 «Item
1524 5340 1730 5408 Romae,
1769 5348 2083 5397 sanctorum

488 5408 749 5482 Stephani
770 5416 824 5482 et
844 5409 1105 5482 Leontii.-
1123 5411 1357 5466 Demum
1378 5428 1391 5466 :
1443 5433 1462 5456 ι
1482 5411 1710 5482 inpage
1754 5411 2084 5478 Pictavensi,

489 5478 664 5534 sancti
699 5478 889 5535 Sabini
918 5480 1265 5537 confessoris.
1296 5506 1315 5530 ι
1354 5482 1521 5538 Deest
1550 5478 1814 5538 Sidi-onii.

552 5550 623 5622 In
652 5547 983 5622 LovANtnN.,
1018 5550 1169 5607 deest
1186 5553 1426 5609 Sidronii
1444 5559 1491 5608 et
1507 5552 1729 5621 Sabini;
1773 5559 1987 5622 cratera,
2026 5561 2088 5608 ut

488 5618 717 5747 priores.
751 5621 813 5676 In
835 5620 1155 5677 ALBEBGEN.
1188 5623 1403 5679 Omissa
1449 5618 1737 5680 translatio
1779 5618 2083 5681 Benedicti.

516 5698 624 5747 tem
659 5691 719 5747 in
739 5693 973 5747 DANlco.
994 5691 1091 5747 nui
1118 5693 1401 5747 Dronrium
1424 5695 1742 5747 nonularem
1762 5703 2012 5747 sanctum
2030 5695 2083 5747 in

516 5698 624 5747 tem
659 5691 719 5747 in
739 5693 973 5759 Damco,
994 5691 1091 5764 qui
1118 5693 1401 5764 proprium
1424 5695 1742 5765 popularem
1762 5703 2012 5752 sanctum
2030 5695 2088 5751 in

2262 5272 2621 5328 BRUXELLENI
2649 5291 2661 5328 :
2699 5297 2718 5320 ι
2754 5273 3021 5343 Floriaco,
3067 5277 3336 5332 adventus
3377 5293 3470 5333 seu
3498 5276 3797 5334 translatio

2194 5343 2364 5399 sancti
2394 5343 2939 5421 Benedictiabbatis.
2989 5346 3157 5421 Cujus
3212 5364 3409 5421 corpus
3435 5364 3503 5404 ex
3539 5348 3797 5421 Italiade

2195 5422 2381 5469 monte
2424 5415 2649 5472 Cassino
2687 5418 2745 5471 in
2791 5416 2997 5473 Gallias
3033 5415 3101 5474 ad
3140 5415 3532 5475 monasterium
3563 5418 3800 5474 Floria-

2192 5501 2362 5569 cense
2397 5488 2724 5569 translatum
2777 5495 2923 5569 estsi
2982 5490 3044 5545 In
3082 5489 3341 5569 Armenia
3388 5491 3793 5569 satis__purus;

2195 5558 2406 5627 pergit:
2446 5580 2465 5603 ι
2492 5558 2686 5632 Romae
2710 5558 2768 5615 in
2799 5559 3083 5626 Vaticano,
3114 5562 3294 5632 natale
3320 5561 3492 5617 sancti
3524 5558 3606 5617 Pii
3632 5558 3793 5632 papae

2194 5634 2248 5705 et
2274 5627 2554 5705 martyris.
2585 5629 2691 5705 Qui
2721 5646 2790 5705 est
2827 5630 3249 5705 annuntiatioue
3283 5632 3546 5705 angelica,
3576 5627 3794 5705 Pascha

2195 5697 2657 5773 Domini'semper
2677 5699 2734 5755 in
2755 5700 3043 5759 Dominica
3066 5697 3453 5762 celebrandum
3468 5702 3788 5765 constituit.
