4078 6174
427 273 530 328 303

1737 269 2038 329 USUABDI
2081 269 2421 329 MONACHI.

3619 265 3725 325 30’s

427 412 536 452 non
569 395 805 466 multum
833 393 1161 466 discrepent.
1193 393 1440 466 Possitne
1470 393 1718 466 Gregorii
1740 395 2018 452 Turonen-
2052 405 2101 462 Α
2200 397 2264 452 In
2307 397 2514 464 Sicilia,
2559 394 3126 466 Simeonisimottachi,
3160 392 3353 466 scribit
3398 394 3569 466 Romi
3606 409 3724 466 par-

428 467 503 522 sis
522 475 617 522 aut
637 464 872 521 aliorum
903 463 1099 520 relatio
1127 463 1282 520 Actis
1312 463 1424 519 illis
1452 463 1833 522 auctoritatem
1856 467 2015 523 adde-

428 554 506 606 re,
547 537 680 593 satis
708 536 951 607 explicat
982 535 1272 607 Baronius,
1304 536 1394 607 cui
1429 535 1570 591 adde
1598 537 2014 594 Tillemontiuni

428 617 578 664 tomo
609 609 703 672 III,
739 606 914 678 apag.
953 606 1080 672 348,
1113 613 1166 661 et
1197 607 1252 679 in
1283 606 1429 662 notis
1459 624 1579 679 pag.
1609 609 1729 664 712.

500 682 576 735 De
607 681 723 751 solo
745 680 1028 751 Hermolao
1052 677 1349 751 meminere
1372 677 1676 751 Romanum
1706 696 1936 751 parvum
1967 690 2019 738 et

429 752 569 817 Ado,
603 749 760 820 cujus
797 748 1038 821 elogium
1071 748 1264 821 mediae
1298 757 1440 803 notre
1468 750 1686 806 codices
1710 748 1775 806 in
1805 754 2021 807 Aucta—

429 821 528 876 riis
568 819 920 876 immutatum
952 819 1317 874 exhibebunt.
1374 821 1572 876 Noster
1629 823 1806 878 socios
1861 823 2020 879 binos

429 892 719 965 adjunxit,
739 908 809 946 ex
848 891 1099 965 passione
1137 891 1310 965 sancti
1354 892 1704 965 Pantaleonis
1746 905 2018 965 acceptos,

429 962 508 1019 iis
531 963 751 1018 resectis
780 962 900 1034 quae
930 962 999 1034 de
1030 962 1254 1033 praefato
1276 963 1606 1018 Pantaleone
1637 963 1692 1018 in
1721 962 2020 1020 Viennensi

429 1033 948 1107 commemorantur.
971 1033 1101 1107 Quae
1119 1034 1193 1107 de
1209 1050 1397 1107 eorum
1429 1035 1679 1107 passione
1709 1045 2021 1107 supersunt,

429 1122 500 1160 ex
530 1107 683 1160 Actis
707 1105 1056 1160 Pantaleonis
1084 1105 1403 1175 accipienda
1433 1105 1581 1162 Sunt.
1607 1105 2023 1164 Solus‘Hermo-

432 1177 550 1232 laus
578 1193 610 1230 a
641 1175 1038 1231 Wandalberto
1066 1175 1146 1232 sic
1173 1176 1390 1232 canitur
1421 1193 1432 1230 :

539 1257 818 1319 Presbyter
845 1255 1151 1318 Hermolaus
1172 1264 1313 1305 sexta
1334 1266 1625 1321 martyrque
1652 1259 1889 1320 refulget.

2127 483 2282 536 vum,
2310 468 2457 540 quod
2487 462 2738 540 sequitur
2769 465 2919 540 A_do,_
2955 462 3496 540 huncAUsuardusAet
3523 462 3724 540 Notke-

2125 555 2240 605 rus,
2263 534 2368 593 nisi
2400 555 2469 594 ex
2498 534 2952 610 Hieronymianis
2971 535 3218 610 hausisse
3242 535 3477 610 velis,_in
3499 534 3725 607 quibus,

2129 609 2327 665 iisdem
2357 626 2525 680 prope
2555 607 2737 664 verbis
2761 609 3027 680 signatur.
3043 607 3284 680 Necdum
3307 607 3442 662 satis
3461 623 3725 678 assequar

2128 697 2226 737 cur
2251 697 2281 735 a
2297 679 2751 736 reformatoribus
2772 679 3028 734 hodierni
3062 679 3275 734 romani
3305 693 3334 732 e
3357 685 3514 732 textu
3542 679 3728 734 exclu-

2130 769 2222 807 sus
2251 752 2342 806 sit.
2377 753 2456 807 De
2487 751 2705 806 Etherio
2735 749 3225 816 Autissiodorensi,
3257 749 3436 815 Bedze,
3482 751 3730 805 Romano

2130 839 2320 902 parvo,
2346 830 2402 877 et
2415 821 2598 902 Adoni
2630 829 2907 902 praeterito
2937 821 3308 902 indubitatum
3339 819 3580 887 videtur,
3600 837 3728 876 eum

2130 892 2199 949 ex
2221 892 2673 964 Hieronymianis
2701 892 3052 964 aersuardo
3078 899 3362 964 acceptum
3382 907 3534 964 esse,
3563 908 3727 963 quem

2131 965 2334 1036 pariter
2363 961 2669 1019 memorant
2698 961 3355 1036 RabanusetNotkerus.
3375 961 3479 1036 Sed
3501 961 3730 1036 quoquo

2133 979 2334 1036 pariter
2363 979 2669 1019 memorant
2698 979 2956 1020 nananus
2984 979 3038 1018 et
3065 979 3355 1018 Homerus.
3375 979 3479 1018 aea
3501 979 3729 1088 quoquo

2133 1036 2298 1092 modo
2327 1036 2384 1090 in
2413 1042 2628 1090 textum
2659 1043 2908 1090 nostrum
2939 1034 3187 1090 derivata
3217 1034 3330 1089 sint
3357 1033 3517 1102 singu
3543 1050 3592 1102 a,
3615 1049 3729 1090 cer-

2131 1114 2250 1162 tum
2277 1105 2733 1178 puto,verissime
2755 1106 3063 1178 Usuardina
3090 1121 3206 1161 esse
3237 1121 3356 1177 quae
3378 1105 3436 1159 in
3460 1105 3731 1161 laterculo

2133 1177 2412 1250 proposita
2442 1185 2590 1232 sunt.
2642 1177 2769 1250 Solo
2813 1177 2988 1250 ferme
3018 1179 3433 1250 nominenotus
3465 1185 3548 1232 est

2133 1246 2254 1304 rius
2279 1249 2338 1305 in
2371 1265 2475 1305 ms.
2516 1255 2705 1305 nostro
2735 1248 2802 1304 de
2829 1247 3101 1321 episcopis
3129 1246 3727 1304 Autissiodorensibus.

1890 1373 2274 1433 AUCTARIA.

505 1475 802 1533 Roswnvn.
834 1471 1031 1545 incipit
1057 1491 1066 1529 :
1110 1499 1127 1521 ι
1155 1472 1263 1530 Via
1288 1472 1505 1541 Latina,
1533 1482 1847 1530 sanctorum
1875 1489 2030 1545 mar-

432 1555 621 1620 tyrum
671 1545 818 1620 Boni
860 1543 1192 1620 presbyteri,
1229 1545 1454 1620 _Fau_sti,
1501 1545 1714 1620 Mauri,
1747 1562 1873 1620 cum
1903 1543 2031 1620 aliis

435 1615 779 1691 septem,qui
805 1615 1068 1691 insancti
1098 1616 1360 1691 Stephani
1392 1632 1540 1691 papae
1570 1617 1804 1691 Actibus
1829 1615 2030 1691 descri-

433 1686 663 1745 buntur.
696 1686 716 1736 ἶ
751 1686 1274 1766 Βθίὶρίῌιιηδθρῐὲιῃ
1296 1686 1777 1766 ‘Do’rmien‘tibuss
1815 1686 2029 1766 reliquo

434 1769 593 1816 textu
624 1775 816 1830 purus:
850 1758 923 1830 At
953 1756 1364 1830 inﬁnesubdit
1399 1775 1410 1812 :
1460 1782 1477 1802 ι
1507 1756 1716 1812 Sanctae
1746 1756 2025 1821 Artemiae,

437 1826 821 1906 matris—sancti
849 1827 1048 1906 Nisetii
1079 1826 1392 1906 episcopi._-

2140 1471 2379 1528 Siculus.
2400 1472 2714 1529 Hodiernus
2731 1473 2916 1530 senior
2933 1481 2987 1530 et
3007 1472 3191 1529 minus
3219 1471 3359 1529 forte
3389 1479 3572 1539 notus,
3594 1471 3734 1528 alter

2134 1543 2348 1612 junior,
2381 1544 2636 1600 Treveris
2654 1545 2996 1600 notissimus.
3016 1544 3284 1602 Caeterum
3307 1543 3495 1599 nullus
3518 1543 3624 1600 hoc
3641 1541 3734 1599 die

2139 1615 2538 1688 Simeonapud
2570 1616 2902 1688 Baronium._
2927 1615 3232 1688 Sequitur;
3271 1614 3525 1688 «AMettis,
3554 1613 3736 1688 sancti

2138 1685 2384 1765 F_romini
2414 1684 2657 1757 episcopi
2688 1695 2742 1742 et
2772 1684 3120 1742 confessoris.
3150 1711 3168 1733 ι
3198 1687 3259 1740 In
3289 1685 3418 1752 ﬁne,
3451 1685 3520 1740 de
3551 1684 3738 1741 Ethe-

2137 1771 2242 1821 l‘lO,
2274 1770 2426 1826 pure.

2209 1826 2613 1898 Haemona;
2661 1850 2680 1874 ι
2737 1826 2900 1898 Apud
2957 1825 3260 1898 Ephesum,
3311 1827 3491 1882 natale
3523 1834 3737 1896 septem

507 1903 818 1957 PULSANEN.
849 1897 1037 1954 deﬁcit
1063 1896 1227 1954 etiam
1259 1896 1316 1951 in
1345 1897 1781 1965 Dormientibus,
1811 1896 1879 1953 de
1904 1897 2029 1953 reli-
2058 1910 2102 1968 Β
2135 1897 2563 1969 Dormientium,
2595 1896 3160 1965 Malci,‘Maximiani,
3191 1897 3531 1964 Martiniani,
3572 1899 3737 1969 Dyo-

439 1989 548 2045 quo
583 1973 714 2026 satis
744 1987 935 2045 purus.

509 2038 852 2097 Amusnir.et
869 2039 1252 2095 Max-Lunae.
1273 2040 1353 2096 sic
1372 2038 1603 2112 habent:
1634 2065 1651 2086 ι
1673 2039 1834 2112 Apud
1856 2039 2033 2112 Ephe-

438 2130 580 2180 sum,
616 2113 796 2166 natale
824 2119 1135 2182 sanctorum
1169 2120 1373 2182 septem
1404 2111 1834 2177 Dormientium,
1864 2111 2032 2166 Maxi-

441 2184 631 2252 miani,
682 2181 904 2249 Malchi,
950 2181 1286 2249 Martiniani,
1321 2182 1580 2250 Dionisii,
1611 2182 1896 2250 Johannis,
1942 2184 2032 2238 Se-

443 2255 711 2327 rapionis,
758 2253 1109 2327 Constantini
1146 2270 1157 2307 :
1212 2270 1443 2327 quorum
1491 2261 1638 2327 gesta
1678 2253 1971 2327 habentur.
2005 2280 2022 2301 ι

441 2324 700 2392 Sequitur
719 2333 904 2380 textus
924 2324 1247 2380 Adonianus
1269 2343 1280 2380 :
1311 2350 1328 2370 ι
1351 2324 1704 2392 Nicomediae,
1725 2325 2033 2381 sanctiHer-

443 2395 608 2453 molai
645 2397 972 2469 presbyteri,
1017 2395 1176 2466 cujus
1209 2395 1464 2450 doctrina
1501 2396 1709 2469 beatust
1735 2397 2034 2469 Pantaleon

443 2469 510 2525 ad
541 2466 702 2525 fidem
739 2466 945 2539 Christi
984 2483 1284 2539 conversus
1313 2474 1393 2539 est
1423 2475 1478 2539 et
1506 2466 1714 2539 illustri
1765 2468 2036 2539 martyrio

441 2548 875 2597 consummatus.
901 2537 1006 2604 Qui
1037 2547 1222 2594 tentus
1242 2556 1273 2594 a
1291 2538 1648 2606 Maximiano,
1667 2538 1886 2608 capitali
1914 2537 2035 2594 sen-

441 2611 617 2667 tentia
645 2611 714 2665 ob
746 2609 1144 2664 confessionem
1168 2609 1375 2666 Christi
1405 2611 1633 2680 punitus
1661 2619 1762 2665 est.
1797 2635 1815 2658 ι
1845 2611 1905 2665 In
1928 2609 2037 2665 fine

447 2681 710 2758 Etherius
739 2680 982 2734 Simeoni
1011 2681 1367 2758 praeponitur.

514 2753 809 2807 Munna”.
838 2757 982 2810 errat
1011 2750 1068 2803 in
1100 2750 1371 2821 principio
1398 2750 1484 2806 his
1517 2750 1702 2807 verbis
1731 2769 1743 2806 :
1783 2775 1800 2798 ι
1827 2751 2036 2806 Trans—

443 2823 698 2895 ﬁguratio
715 2821 917 2895 Christi
936 2821 1006 2895 in
1034 2829 1216 2895 monte
1238 2821 1471 2876 Thabor.
1509 2847 1527 2895 ξ

517 2893 768 2948 Gnnvan.
804 2891 1243 2964 pluribusidem
1279 2893 1627 2964 prosequitur
1655 2909 1666 2946 :
1711 2918 1728 2939 ι
1757 2894 1817 2947 In
1851 2901 2037 2948 monte

447 2964 687 3030 Thabor,
716 2962 1125 3032 transﬁguratio
1167 2963 1390 3017 Domini
1438 2962 1610 3019 nostri
1642 2964 1768 3018 Jesu
1802 2965 2032 3033 Christi,

484 3034 666 3090 uando
697 3035 939 3100 Petrum,
991 3040 1045 3086 et
1094 3034 1379 3101 Jacobum,
1430 3042 1484 3089 et
1534 3035 1803 3089 Joannem
1852 3052 2033 3092 secum

486 3106 638 3178 uxit._
656 3129 674 3153 ι
694 3105 883 3178 ΔΗξὼθι
908 3103 1100 3178 omnia
1115 3105 1517 3161 Dormientium
1553 3105 1796 3178 nomina,
1827 3115 1880 3161 et
1905 3124 2035 3178 pra:-

442 3186 590 3249 terea
610 3176 796 3249 deficit
815 3177 867 3230 in
899 3175 1139 3249 secunda
1168 3177 1612 3249 annuntiatione,
1635 3177 1692 3231 in
1714 3194 1821 3249 qua
1841 3175 2039 3233 desunt

449 3247 615 3304 verba
657 3271 675 3295 ι
706 3247 776 3304 ob
806 3247 1203 3303 confessionem
1239 3247 1464 3304 Christi.
1509 3275 1526 3296 ι

514 3321 730 3375 Momm.
760 3328 815 3375 et
836 3319 930 3378 hic
965 3319 1189 3374 nomina
1218 3319 1379 3375 habet
1406 3321 1829 3388 Dormientium,
1862 3321 1942 3376 uti
1979 3321 2038 3375 in

445 3391 800 3447 Variantibus
828 3390 1040 3446 dictum
1071 3399 1172 3459 est,
1206 3399 1464 3462 praeterea
1492 3392 1682 3448 eodem
1721 3409 1846 3450 cum
1894 3394 2037 3448 Gre-

442 3480 584 3518 veno
613 3463 830 3518 defectu
861 3462 1088 3517 laborat.

515 3533 999 3608 Amans-Max,
1031 3534 1388 3608 ULATRAJECTq
1425 3535 1693 3602 LEYDEN.,
1729 3536 2032 3591 LOVANIEN.

442 3613 493 3659 et
523 3607 842 3660 ALBERGEN.
883 3606 1222 3660 conveniunt
1252 3606 1377 3660 cum
1424 3607 1708 3661 ANTUERP.
1751 3615 1804 3661 et
1843 3607 2036 3662 Max.-

442 3677 646 3730 Lcnsc.
679 3675 820 3731 Vide
851 3673 948 3727 ibi.

513 3748 721 3818 Dama:
751 3743 1259 3818 praafatissimilis,
1306 3745 1483 3818 initio,
1504 3745 1736 3817 praeﬁgit
1769 3765 1780 3801 :
1823 3772 1840 3793 ι
1871 3748 2035 3818 Apud

440 3814 838 3888 Nicomediam,
883 3815 1061 3888 passio
1106 3814 1246 3888 beati
1298 3814 1682 3884 Pantaleonis;
1719 3818 1811 3888 qui
1851 3814 2035 3874 tentus

440 3905 539 3959 pro
569 3887 676 3944 ﬁde
706 3885 912 3959 Christi
942 3903 972 3940 a
991 3885 1348 3959 Maximiano,
1370 3888 1587 3959 equulei
1621 3885 1778 3959 poena
1807 3898 1858 3944 et
1887 3891 2034 3944 lam—

439 3957 705 4030 padarum
733 3957 1022 4013 exustione
1049 3957 1346 4030 cruciatus,
1379 3957 1473 4012 sed
1504 3957 1650 4030 inter
1677 3958 1813 4027 haec,
1848 3961 2032 4015 Domi-

441 4027 515 4084 no
552 4030 669 4102 sibi
705 4035 1020 4100 apparente,
1064 4027 1434 4102 refrigeratus,
1469 4028 1687 4102 tsndem
1721 4030 1834 4086 ictu
1865 4032 2031 4102 gladii

439 4099 773 4173 martyrium
803 4100 1299 4173 consummavitsi
1321 4099 1463 4173 Yide
1493 4099 1583 4173 die
1615 4099 1884 4173 sequenti:

510 4169 825 4242 Csaream.
863 4185 883 4242 :_
943 4195 961 4217 ι
1017 4169 1180 4242 Apud
1235 4169 2029 4242 Nichomediamfsanctorum

442 4241 718 4322 Hermolai
747 4240 1436 4322 presbyteriiﬂernempii,
1454 4250 1510 4296 et
1523 4243 1896 4322 H_erm_o_g_ra_tis
1925 4245 2028 4300 fra-

441 4313 720 4387 trum.qui
741 4312 844 4368 sub
865 4313 1198 4387 Maximiano
1219 4312 1359 4387 passi
1381 4323 1527 4387 sunt.
1547 4312 2026 4387 ApudAEphesum,

439 4384 753 4464 senctofum
785 4384 1516 4464 septemDohrmientiude
1547 4393 1663 4464 est,"
1681 4384 2026 4464 Maiimiani,

439 4457 663 4528 Malchi,
698 4456 1036 4528 Martiniani,
1079 4456 1338 4522 Dionisii,
1360 4456 1608 4528 Joannis,
1633 4456 1945 4528 Serapionis
1976 4467 2028 4513 et

441 4527 788 4584 Constantini
841 4534 1165 4598 martyrum.
1200 4528 1261 4581 In
1314 4527 1524 4594 Sicilia,
1571 4527 1713 4582 beati
1755 4527 2028 4586 Simeonis

442 4599 716 4679 monachi.
750 4599 1129 4666 Autisiodoro,
1164 4599 1336 4655 sancti
1358 4597 1582 4679 Etherii
1615 4599 1877 4679 episcopi.
1911 4625 1928 4679 τ

512 4669 1022 4740 BnUXELLEN.,post
1037 4669 1759 4725 enumerataDormientium
1781 4669 2023 4738 nomina,

441 4739 647 4811 subdit:
670 4766 687 4786 ι
705 4741 948 4804 Quorum
986 4751 1131 4809 gesta
1165 4747 1465 4809 tanguntur
1492 4757 1653 4810 supra
1671 4759 1701 4794 v
1723 4743 1842 4796 Kal.
1867 4743 2022 4811 Julii,

441 4826 550 4881 quo
579 4809 668 4864 die
697 4811 1045 4881 omnipotens
1081 4813 1222 4865 Deus
1252 4811 1397 4881 ipsos
1424 4812 1481 4865 in
1526 4809 1902 4867 testimonium
1937 4809 2033 4868 re-

440 4880 819 4946 s’urrectionls,
852 4880 920 4935 de
953 4889 1125 4934 monte
1158 4883 1224 4936 ad
1251 4880 1420 4937 vitam
1451 4883 1758 4938 suscitavit.
1778 4885 1837 4938 In
1859 4884 2042 4939 Nico-.

441 4953 640 5025 media,
675 4953 856 5025 natale
883 4952 1057 5025 sancti
1090 4952 1385 5025 Hermolai,
1421 4955 1725 5025 presbyteri
1774 4964 1828 5009 et
1875 4972 2032 5010 mar-

441 5024 600 5094 tyris,
624 5022 782 5094 cujus
830 5023 1081 5077 doctrina
1128 5023 1319 5078 beatus
1371 5022 1706 5080 Panthaieon
1750 5025 1818 5080 ad
1865 5026 2028 5081 ﬁdem

486 5095 644 5150 hristi
675 5110 972 5168 conversus
1010 5102 1108 5149 est.
1138 5096 1226 5168 _Et
1275 5096 1556 5151 beatorum
1612 5097 1920 5168 Hermippa:
1978 5107 2031 5152 et

438 5165 810 5238 Herniogratis
841 5165 1093 5220 fratrum.
1126 5165 1235 5238 Qui,
1261 5183 1452 5221 omnes
1483 5169 1640 5231 tenti,
1681 5165 2030 5238 post'multas

438 5253 624 5307 poenas
650 5237 753 5294 sibi
800 5239 1000 5304 illatas,
1035 5255 1066 5292 a
1097 5237 1433 5292 Maximiano
1465 5237 1792 5308 imperatore
1824 5239 2028 5294 illustri

436 5309 705 5380 martyrio
734 5310 980 5364 coronati
1009 5317 1158 5375 sunt,
1191 5318 1242 5362 et
1269 5309 1338 5363 ob
1369 5309 1770 5364 confessionem
1798 5309 2024 5378 Christi,

436 5381 709 5435 sententia
738 5380 914 5449 puniti
963 5388 1092 5434 sunt
1139 5380 1380 5450 capitali.
1417 5404 1434 5426 ι
1481 5380 1580 5434 Ubi
1636 5381 1791 5435 vides
1818 5381 2029 5437 Adonis

435 5457 644 5521 textum
678 5465 802 5521 cum
837 5458 1023 5504 nostro
1053 5451 1436 5521 commistum.
1485 5451 1744 5521 Sequitur
1781 5452 2025 5520 Simeon,

435 5519 501 5592 de
524 5519 805 5592 quo‘addit
831 5537 900 5592 ελ
922 5522 1027 5592 Qui
1061 5521 1165 5576 fuit
1185 5520 1471 5592 Syracusis
1504 5519 1706 5577 Siciliae
1735 5519 2024 5591 oriundus,

434 5587 685 5665 Treveris
715 5606 812 5665 pro
845 5587 1280 5665 Christo,_diuin
1300 5591 1452 5665 turri
1472 5593 1784 5662 conclusus,
1817 5587 2028 5665 migra-'-

434 5661 515 5716 vit
541 5660 608 5716 ad
649 5659 972 5735 Dominum:
1002 5688 1020 5708 ι
1049 5663 1348 5735 Connexio
1379 5659 1803 5735 disparatorum,
1835 5659 2028 5721 de'Si-

432 5747 626 5787 meone
655 5732 976 5787 Treverensi
1006 5731 1135 5788 vide
1159 5734 1364 5789 rJunii.
1389 5731 1501 5791 Nec
1527 5736 1676 5792 enim
1709 5731 2026 5792 verosimile

430 5811 531 5870 est,
564 5802 727 5860 hosce
760 5799 1043 5857 Simeones
1073 5804 1512 5874 confundendos,
1541 5807 1668 5865 licet
1697 5817 1927 5881 uterque
1954 5809 2026 5864 sit

2141 1968 2544 2040 nisii,Joannis,
2575 1969 2923 2026 Constantini
2943 1979 2997 2025 et
3012 1969 3387 2040 Seraphionis.
3409 1969 3504 2025 Isti
3527 1968 3734 2039 septem

2141 2039 2247 2094 viri
2297 2041 2468 2096 sancti
2501 2050 2656 2097 erant
2681 2040 2835 2096 Decii
2866 2039 3215 2112 imperatoris
3243 2040 3414 2096 curia;
3444 2040 3726 2112 ofﬁciales,

2142 2118 2196 2166 et
2224 2127 2346 2165 cum
2380 2111 2477 2166 ille
2505 2128 2696 2167 omnes
2721 2110 3134 2182 cogeret‘idolis
3163 2112 3474 2178 immolare,
3505 2110 3609 2182 ipsi
3648 2111 3734 2166 fu-

2144 2189 2339 2254 gerunt
2365 2182 2423 2237 in
2457 2192 2723 2254 montem,
2767 2182 3008 2254 aliquam
3050 2183 3339 2253 pecuniam
3384 2199 3568 2238 secum
3599 2198 3739 2254 por:

2144 2250 2341 2317 tantes,
2372 2261 2426 2308 et
2457 2254 2514 2308 in
2545 2250 3423 2326 tribulationeobdormiverunt
3447 2250 3620 2326 usque
3656 2253 3737 2326 ad

2143 2331 2390 2405 tempora
2421 2325 2604 2397 magni
2652 2324 2947 2405 Theodosii
2971 2324 3334 2405 imperatoris
3367 2324 3739 2405 Christianis-

2144 2395 2292 2468 simi,
2324 2395 2646 2468 coram'quo
2678 2395 2761 2450 illi
2793 2396 2861 2451 ad
2901 2395 3272 2451 ostensionem
3309 2396 3508 2451 futurae
3540 2411 3736 2451 resur-

2146 2466 2428 2534 rectionis,
2460 2466 2809 2540 asseruerunt
2845 2483 2902 2540 se
2929 2468 3302 2540 resuscitatos,
3335 2469 3464 2540 quia
3494 2474 3738 2540 mortuo-

2147 2553 2268 2593 rum
2309 2539 2638 2610 resurrectio
2667 2546 2801 2595 tunc
2829 2538 2897 2593 ab
2929 2537 3202 2594 haereticis
3235 2537 3740 2610 impugnabatur,et

2147 2619 2432 2681 postquam
2467 2609 2549 2664 illi
2581 2611 2884 2681 generalem
2916 2608 3372 2665 resurrectionem
3398 2608 3413 2676 ξ
3444 2608 3737 2681 splendore

2147 2681 2335 2735 vultus
2366 2697 2555 2736 eorum
2586 2690 2640 2737 et
2668 2681 2869 2748 verbis,
2903 2681 3271 2752 probaverunt
3292 2697 3476 2736 coram
3508 2681 3740 2752 impera-

2145 2759 2276 2824 tore
2314 2759 2368 2806 et
2423 2760 2623 2807 cuncto
2671 2755 2895 2824 populo,
2933 2752 3132 2824 iterum
3188 2752 3643 2824 obdormiverunt
3682 2753 3742 2807 in

2147 2821 2387 2878 Christo.
2420 2847 2438 2869 ι
2476 2825 2554 2878 De
2585 2821 2913 2896 Hermolao,
2940 2823 3132 2896 eadem
3172 2823 3354 2896 ferme
3404 2823 3571 2896 habet
3618 2839 3742 2896 quae

2145 2910 2308 2965 supra
2337 2911 2405 2948 ex
2435 2896 2646 2949 Adone.
2681 2895 2818 2949 Tum
2852 2893 3005 2949 addit
3039 2912 3050 2950 :
3095 2919 3113 2942 ι
3151 2894 3355 2950 Eodem
3387 2894 3496 2961 die,
3527 2893 3740 2950 sancto-

2148 2981 2267 3019 rum
2310 2974 2613 3037 martyrum
2648 2966 2942 3037 Hernempi
2997 2973 3051 3021 et
3090 2966 3454 3037 Hermograti,
3505 2966 3739 3020 fratrum

2145 3037 2320 3091 sancti
2371 3038 2660 3117 He_r_mo_lai_
2697 3037 3030 3117 presbyteri,
3043 3038 3154 3117 qui
3207 3038 3346 3117 passi
3363 3047 3508 3117 sunt
3539 3039 3742 3117 multas

2150 3124 2334 3179 poenas
2359 3125 2390 3180 a
2437 3108 2775 3180 Maximiano
2830 3108 2933 3164 sibi
2994 3109 3190 3180 illatas,
3218 3109 3483 3180 tandem
3515 3108 3742 3180 capitali

2148 3178 2419 3234 Sententia
2457 3179 2526 3251 ob
2573 3179 2971 3235 confessionem
3023 3179 3229 3236 Christi
3274 3179 3518 3235 nominis
3557 3178 3739 3251 puniti

2067 3267 2109 3326 ρ
2147 3258 2295 3305 sunt.
2328 3275 2345 3297 ι
2391 3251 2451 3306 In
2492 3250 2745 3306 Simeone
2774 3258 2829 3306 et
2856 3251 3083 3306 Etherio
3113 3252 3244 3306 satis
3273 3267 3444 3322 purus
3472 3250 3574 3306 est.

2218 3338 3092 3412 MATRIC.-CARTUS.-ULTRAJECT.
3111 3356 3125 3394 :
3161 3365 3180 3386 ι
3199 3339 3487 3411 Lutgardis
3506 3338 3743 3412 virginis

2153 3411 2244 3484 (de
2275 3412 2713 3484 quaxviJunii).
2748 3411 3019 3484 Beatricis
3043 3411 3276 3484 virginis
3307 3411 3460 3481 (vide
3479 3411 3622 3484 xxix
3642 3412 3742 3467 hu-

2144 3481 2307 3552 jus)._
2326 3481 2676 3550 Maximiani,
2720 3482 2944 3550 Malchi,
3007 3481 3346 3550 Mart’iniani,
3397 3492 3452 3538 et
3505 3483 3741 3538 aliorum

2147 3562 2381 3628 quatuor
2411 3565 2738 3628 martyrum.
2762 3626 2771 3628 _
2792 3554 3069 3628 Hermolai
3106 3571 3234 3610 cum
3260 3554 3446 3628 sociis
3485 3561 3646 3628 mart.
3673 3554 3741 3628 in

2147 3623 2398 3695 passione
2456 3623 2824 3692 Pan’taleonis,
2878 3625 3071 3696 inclyti
3118 3634 3172 3680 et
3225 3625 3451 3696 gloriosi
3491 3623 3738 3696 juvenis,

2145 3712 2306 3768 quem
2336 3699 2483 3752 Deus
2513 3697 2843 3752 mirabiliter
2873 3697 2930 3750 in
2961 3696 3208 3768 passione
3237 3697 3573 3768 confortavit
3607 3713 3618 3750 :
3672 3697 3741 3768 de

2144 3767 2309 3840 cujus
2341 3784 2570 3840 corpore
2604 3769 2686 3822 lac
2725 3784 2825 3840 pro
2856 3767 3122 3838 sanguine
3155 3767 3419 3840 manavit.
3455 3791 3477 3840 ιν
3497 3767 3645 3840 ΑΗωο
3674 3767 3742 3824 ad

2144 3837 2588 3911 marginem'cum
2608 3837 2865 3911 asterisco
2894 3837 3139 3911 remissa,
3157 3838 3389 3894 dubium
3409 3838 3735 3911 relinquunt

2141 3923 2210 3962 an
2243 3908 2393 3983 huic,
2423 3926 2490 3964 an
2523 3909 2706 3981 potius
2733 3910 2844 3983 diei
2877 3910 3130 3983 proxime
3159 3911 3411 3982 sequenti
3445 3910 3538 3981 (ad
3568 3908 3744 3983 quem

2143 3980 2360 4050 proprie
2387 3980 2657 4052 spectant)
2699 3981 2812 4036 sint
2845 3981 3158 4037 tribuenda.

2212 4070 2412 4148 Enmo
2444 4072 2924 4148 Luesco-Cot.._in
2965 4074 3279 4148 Hermolso,
3311 4091 3505 4148 parum
3553 4076 3745 4134 differt

2140 4139 2207 4194 ab
2228 4141 2438 4198 Adonis
2468 4151 2645 4210 textu,
2667 4145 2757 4200 cui
2779 4145 3064 4216 subjungit
3098 4160 3110 4198 :
3140 4169 3158 4192 ι
3189 4139 3346 4215 Ιιόῐῐῐ,
3379 4147 3740 4215 Nicomediae,

2140 4219 2454 4292 sanctorum
2473 4223 2794 4292 martyrum
2827 4216 3125 4292 Hernempi
3160 4227 3214 4292 et
3256 4217 3603 4292 Hermograti
3634 4221 3744 4292 fra-

2139 4289 2310 4362 trum,
2332 4284 2434 4339 sub
2473 4284 2808 4362 Mattimiano
2831 4284 3160 4362 imperatore
3179 4284 3597 4362 decollatofum.
3625 4316 3640 4337 -
3679 4291 3742 4346 In

2139 4353 2392 4434 Simeone
2414 4365 2468 4412 et
2488 4357 2717 4434 Etherio
2747 4359 2880 4414 satis
2911 4353 3047 4430 pura
3073 4368 3173 4416 est.
3206 4359 3497 4434 Sequitur:
3537 4362 3743 4434 «Apud

2138 4424 2438 4502 Ephesum,
2465 4430 2644 4502 natale
2665 4424 2981 4486 sanctorum
3014 4439 3220 4502 septem
3253 4424 3661 4489 D'ormientium
3684 4433 3742 4488 in

2139 4505 2324 4574 monte
2357 4498 2588 4574 Ceylon,
2621 4500 2992 4574 inispelunca,
3023 4498 3117 4574 qui
3143 4501 3302 4573 jussu
3325 4503 3553 4560 Caesaris
3586 4504 3740 4560 Decii

2139 4517 2324 4552 uwnte
2357 4517 2588 4572 ueyton,
2621 4517 2678 4555 in
2709 4517 2734 4556 s
2773 4517 2988 4569 etunca,
3023 4518 3117 4574 qui
3143 4519 3302 4573 jussu
3325 4517 3553 4560 Caesaris
3586 4517 3740 4560 Uecn

2138 4567 2378 4645 obturati
2409 4579 2538 4645 sunt
2562 4517 2834 4645 lap‘idigus
2856 4573 3155 4645 quadratis.
3190 4574 3396 4629 Eodem
3431 4575 3540 4643 die,
3563 4583 3742 4631 trans-

2057 4625 2104 4682 D
2137 4637 2275 4716 latio
2301 4641 2445 4716 beati
2471 4625 3741 4716 Κειτώί’Μὶέξιίζῖἶῆῥὲὲξίοῆἐἐἰ”ξ;ο“ιὶἱὲεέἆιῖίἑ,

2135 4710 2279 4780 apud
2301 4714 2728 4784 Aquisgranum.
2761 4739 2778 4760 ι

2212 4798 2402 4878 Betis.
2437 4800 2494 4854 in
2525 4801 2702 4878 prima
2730 4810 2789 4878 et
2811 4804 3055 4878 seeunda
3081 4812 3134 4878 et
3156 4804 3316 4860 tertia
3347 4814 3741 4878 purus,quarto

2148 4868 2270 4947 l_oco
2302 4870 2465 4947 habet
2497 4868 2574 4924 :‘c
2634 4874 2793 4947 Apud
2850 4875 3250 4943 Nicomediam,
3320 4868 3735 4947 p'assio'sancti

2147 4940 2499 5020 Pantateonis
2526 4940 2805 5020 martyris,
2839 4948 2933 5018 qui
2966 4954 3168 5012 tentus,
3213 4940 3245 5020 ξ’
3277 4940 3405 5020 etc,
3440 4959 3500 5005 ut
3527 4948 3618 5003 die
3657 4965 3741 5003 se-

2144 5013 2333 5090 quenti
2369 5013 2646 5090 gsuardus
2674 5013 2739 5070 in
2785 5013 2942 5072 teiitu
2991 5018 3304 5074 annuntiat.
3354 5013 3459 5075 Pro
3501 5019 3734 5086 Etherii,

2141 5083 2331 5137 scribit
2363 5085 2595 5152 Etherci,
2630 5095 2824 5142 cmtera
2855 5105 3044 5159 purus.

2211 5171 2484 5248 (iuvas;
2506 5175 2601 5248 gln
2628 5175 2941 5248 Campiana,
2971 5186 3283 5235 sanctorum
3318 5181 3538 5247 Felicis,
3563 5180 3733 5237 Julia

2138 5251 2192 5324 et
2220 5243 2638 5324 Jocundieltem
2651 5243 2812 5324 juxta
2832 5249 3096 5324 quosdam
3120 5249 3212 5306 hic
3229 5253 3406 5324 passio
3435 5243 3576 5324 Boni
3600 5268 3738 5324 pre-

2137 5313 2365 5394 sbyteri,
2418 5316 2601 5371 Fausti
2626 5313 2678 5373 et
2705 5313 2938 5394 aliorum
2971 5320 3181 5394 decem,
3214 5313 3283 5378 ex
3314 5323 3473 5394 Clero
3507 5323 3566 5378 Β.
3600 5313 3737 5380 Ste-

2139 5384 2302 5467 phani
2339 5403 2673 5467 paptehquns
2717 5389 2993 5467 Usu_ardus
3042 5384 3206 5467 habet
3252 5393 3415 5467 infra,
3467 5394 3738 5467 Kalendis

2139 5455 2391 5536 Augusti.
2411 5455 2590 5536 Metis.
2611 5463 2784 5536 sancti
2811 5463 3081 5518 Frominii
3103 5465 3343 5536 episcopi
3374 5455 3429 5520 et
3459 5465 3739 5536 confesso-

2138 5529 2231 5609 t'is.
2278 5529 2440 5609 Apud
2480 5531 2911 5609 Aquisgranunt,
2965 5529 3253 5609 translatio
3290 5529 3482 5609 'sancti
3550 5535 3737 5593 Caroli

2137 5597 2365 5679 Magni;
2384 5597 2730 5679 imperatoris
2759 5597 3107 5679 confessoris.
3141 5607 3348 5679 Eodem
3393 5607 3505 5675 die,
3533 5616 3738 5664 sancta

2137 5672 2416 5752 memoriae
2438 5672 2728 5752 ﬁuigonis
2779 5677 3128 5752 confessqris,
3174 5678 3287 5734 vita
3325 5685 3379 5734 et
3418 5672 3740 5752 eruditione

2135 5741 2402 5822 praeclari.
2419 5742 2541 5822 AHic
2570 5741 2692 5822 post
2720 5756 2972 5822 sanctum
3001 5741 3339 5822 Brunonem,
3356 5749 3554 5822 quinto
3570 5751 3735 5822 loco,

2136 5811 2360 5881 majoris
2414 5811 2676 5873 Cartusiae
2735 5819 3037 5889 prioratum
3085 5811 3334 5888 tenuit;'
3363 5811 3740 5878 Cartusiensis
