4086 6174
259 276 367 341 333

260 413 449 472 Nonis.

1338 278 1969 344 MARTYROLOGIUM.
2012 316 2081 329 —
2120 276 2327 344 MENS.
2373 282 2520 345 IUL.

3466 285 3573 350 334

3388 421 3487 478 Die
3513 424 3568 483 5.

337 502 502 575 Apud
536 500 892 575 provinciam
927 500 1094 559 Retiae
1123 503 1347 560 civitate
1379 505 1718 577 Augustana,
1743 506 1941 563 natalis
1970 510 2167 560 sanctae
2198 503 2366 572 Afrae,
2397 520 2517 577 quae
2548 521 2672 561 cum
2709 513 2849 562 esset
2880 518 3092 578 pagana
3110 512 3163 562 et
3190 509 3573 584 meretrix,per

264 591 582 649 doctrinam
612 591 794 647 sancti
823 591 1066 647 Narcissi
1092 591 1334 664 episcopi
1365 592 1433 649 ad
1456 592 1741 651 Christum
1767 611 2054 666 conversa,
2085 606 2138 653 et
2160 614 2284 654 cum
2317 598 2469 653 omni
2487 598 2652 654 domo
2668 616 2765 655 sua
2780 598 3073 670 baptizata,
3106 615 3204 671 pro
3232 601 3575 659 confessione

264 680 490 736 Domini
514 679 637 751 igni
674 679 877 735 tradita
903 687 1004 735 est.
1039 680 1246 736 Eodem
1280 681 1388 750 die,
1415 691 1590 739 sancti
1612 683 1854 740 Oswaldi
1886 687 2027 759 regis
2065 688 2392 760 Anglorum,
2422 689 2581 760 cujus
2610 693 2782 745 Actus
2810 698 3202 746 commemorat
3230 690 3575 748 Venerabilis

267 771 412 827 Beda
438 770 735 842 presbyter
765 769 821 823 in
847 769 1013 839 gestis
1042 768 1288 840 ejusdem
1314 771 1510 843 gentis.
1546 775 1943 848 Augustudini,
1983 776 2128 834 beati
2179 778 2427 836 Cassiani
2473 779 2717 853 episcopi
2753 787 2807 836 et
2835 780 3189 837 confessoris.
3238 780 3572 851 Catalaunis,

267 861 441 919 sancti
469 859 729 918 Memmii
761 859 1027 931 episcopi.

1784 990 2017 1051 NOTz’E.

341 1084 595 1142 Sumitur
636 1100 708 1140 ex
738 1084 987 1153 Praten.,
1027 1082 1326 1154 Herinien.,
1366 1086 1652 1159 Antuerp.,
1679 1090 1905 1161 Majore.
1940 1093 2267 1166 Antuerpien
2298 1104 2352 1152 et
2376 1094 2578 1155 Molan.

1503 1208 1905 1268 VARIANTES
1944 1214 2352 1272 LECTIONES.

341 1308 540 1385 Scriba
565 1305 750 1385 Retia,
800 1311 865 1360 ut
900 1302 1105 1385 habent
1137 1302 1374 1385 codices
1403 1322 1613 1385 omnes,
1643 1319 1872 1385 excepto
1906 1320 1956 1376 Α
1991 1312 2118 1367 inde
2148 1314 2436 1385 Praten.et
2461 1314 2731 1385 Antuerp.
2756 1321 2969 1385 ponunt
2998 1314 3252 1371 Oswaldi.
3286 1316 3492 1374 Rursus
3520 1315 3579 1374 in

274 1380 637 1468 Antuerpieu.
664 1379 735 1468 ‘in
766 1394 876 1450 quo
918 1376 1103 1468 Ileciw.
1137 1375 1338 1468 Liol‘ap.
1397 1377 1648 1468 Adqnem
1691 1375 1875 1451 potius

275 1471 437 1528 quam
469 1446 1187 1528 Usuardum'secutus_,post
1215 1446 1387 1528 Afr-te,
1421 1448 1635 1505 addidit
1664 1446 1878 1528 marty-

278 1518 352 1581 r'is
378 1545 390 1581 :
416 1542 520 1598 nos
543 1536 874 1598 eam‘vocem
904 1518 1239 1598 exaliorum
1267 1518 1520 1598 codicum
1550 1518 1876 1598 auctoritate

278 1590 1306 1661 exclusimus.Antuerp.-Maj.sensum
1341 1592 1548 1661 profert
1579 1610 1688 1648 non
1743 1596 1876 1651 satis

282 1607 1306 1661 exclusimusantuerpnmaj.sensum
1379 1607 1548 1646 rorert
1579 1610 1688 1648 non
1743 1607 1876 1651 satis

282 1668 615 1741 perfectum,
642 1665 768 1741 dum
802 1661 951 1741 legit,
982 1667 1200 1741 propter
1233 1607 1613 1741 cqgiﬁssionam
1659 1667 1876 1741 Domini

283 1732 489 1795 tradita
517 1743 611 1811 est,
650 1732 874 1811 omisso,
905 1732 1315 1811 igni..08_teal_cli_
1333 1743 1478 1811 recte
1492 1735 1617 1811 heri
1653 1738 1875 1811 scripsit

277 1807 663 1872 Tomacensis,
694 1814 838 1861 recte
860 1804 963 1862 hac
999 1804 1090 1859 die
1130 1804 1435 1873 Herinien.,
1460 1806 1660 1863 Molan.
1684 1816 1739 1863 et
1766 1804 1871 1865 'alii

279 1880 541 1947 Oswaldi,
578 1878 673 1933 ubi
704 1878 928 1951 adverte
968 1890 1177 1931 morem
1205 1876 1512 1946 Gallorum,
1553 1879 1648 1950 qui
1678 1879 1874 1951 dupli-

274 1962 394 2009 cato
428 1952 520 2019 W,
554 1957 652 2006 aut
679 1949 899 2016 nolunt,
949 1955 1042 2003 aut
1081 1962 1195 2003 non
1239 1956 1470 2020 possunt
1525 1949 1867 2019 assuescere;

1989 1384 2481 1458 Antuerp.-Major.
2533 1384 3238 1458 constructioidefectuosa
3266 1396 3383 1456 est;
3430 1388 3582 1458 cujus

1986 1456 2394 1530 actusmeminit
2420 1456 3111 1530 venerabiliterBeda.Lego
3133 1476 3145 1513 :
3183 1456 3584 1530 Augustuduni,

1987 1526 2248 1598 quoniam
2282 1527 2359 1581 ita
2388 1527 2608 1583 codices
2642 1527 2807 1583 hodie
2832 1546 2845 1595 ;
2870 1526 3456 1598 Augustuduno'habet
3476 1526 3587 1586 An;

1985 1599 2259 1672 tuerpien.
2298 1600 2609 1672 Cautalonis
2637 1615 2794 1672 error
2844 1606 2929 1672 est
2974 1600 3031 1653 in
3052 1600 3578 1672 Antuerp.-Majore,

1986 1670 2083 1742 uti
2108 1679 2162 1725 et
2196 1670 2435 1742 Memini.
2473 1671 2825 1725 Cathalaunis
2854 1688 2874 1734 ;
2901 1670 3170 1742 Antuerp.
3215 1670 3533 1728 Cdtaulanis
3563 1690 3584 1738 ;

1986 1740 2188 1825 reliqui
2213 1741 2376 1825 bene,
2413 1742 2566 1825 utin
2596 1749 2777 1825 textu,
2836 1742 3069 1799 Memmii
3119 1740 3364 1814 episcopi,
3398 1745 3588 1825 legunt

1987 1811 2347 1886 simpliciter“
2370 1812 2587 1869 codices
2611 1883 2621 1886 _
2644 1813 2904 1886 plerique
2931 1811 3156 1886 omnes
3186 1811 3547 1886 manuscripti
3567 1857 3583 1883 ,

1986 1883 2190 2010 Molpn.
2223 1883 2380 1941 addit
2409 1891 2461 1941 et
2494 1883 2843 1956 confessoris.
2875 1884 3025 1953 Alia,
3054 1892 3117 1941 ut
3140 1892 3270 1957 aput
3297 1883 3596 1957 Amaietc.

1986 1970 2092 2010 orae
2120 1971 2267 2010 ereo.

1984 1970 2267 2026 praetereo.

1645 2075 2228 2137 OBSERVATIONES

346 2171 590 2233 Romani
624 2169 785 2244 parvi
815 2180 1003 2229 textus
1032 2170 1139 2228 hoc
1162 2167 1251 2244 die
1272 2170 1352 2228 ita
1370 2179 1557 2228 sonat:
1592 2174 1659 2228 In
1687 2176 1895 2232 civitate

282 2249 557 2319 Augusta,
577 2243 640 2299 in
661 2245 1076 2319 Rhetia,sanct_ag
1108 2243 1262 2319 Afra:
1288 2244 1565 2316 martyris.
1584 2247 1663 2319 De
1683 2264 1745 2303 ea
1763 2264 1894 2304 vero

286 2315 392 2375 nec'
412 2316 857 2386 Hieronymian‘a
883 2316 986 2372 hac
1015 2315 1105 2371 die
1133 2317 1567 2388 loquuntur,nec
1598 2318 1761 2387 Beda,
1794 2336 1895 2377 nec

287 2393 502 2447 Florus.
532 2390 730 2462 Priora
765 2388 987 2462 diserte
1022 2395 1219 2462 notant
1236 2406 1253 2462 _:
1294 2390 1361 2462 in
1391 2389 1600 2444 civitate
1628 2392 1893 2462 Augusta,

280 2462 462 2535 passio
486 2460 661 2515 sancti
691 2460 842 2535 Afri.
888 2460 1049 2535 llunc
1076 2459 1248 2535 aliqui
1288 2459 1897 2535 dicuntsanctae'Afren

288 2530 572 2607 patruum,
590 2548 765 2607 egoque
794 2530 958 2607 titulo
984 2531 1156 2607 Nppis
1180 2530 1445 2607 Augusta;
1478 2533 1892 2607 Yindelicorum

2075 2176 2266 2232 Surius
2295 2176 2513 2234 hocdie.
2561 2177 2880 2235 Cassianum
2904 2179 2985 2236 sic
3002 2179 3429 2239 Adoannuntiat
3457 2199 3470 2239 :
3504 2181 3593 2239 Au

2001 2249 2287 2324 gnstodini,
2346 2251 2552 2324 natalis
2606 2252 2775 2324 sancti
2834 2252 3084 2307 Cassiani
3132 2254 3377 2324 episcopi.
3447 2253 3593 2321 Quid

2006 2319 2284 2375 Usuardus
2309 2320 2583 2376 addiderit
2611 2330 2664 2376 et
2694 2321 3015 2390 detraxerit,
3045 2340 3114 2378 ex
3137 2319 3383 2381 {ridiculo
3404 2319 3593 2381 nostro

2006 2391 2199 2463 liquet.
2231 2391 2285 2466 A
2311 2392 2473 2447 Floro
2504 2392 2817 2466 procedunt
2837 2395 3033 2464 elogia,
3056 2411 3177 2466 quae
3216 2396 3273 2449 in
3308 2396 3592 2452 Aucrariis

2007 2461 2436 2530 recesenbimus,
2470 2461 2531 2518 tu
2551 2463 2679 2519 vide
2710 2463 2911 2519 Bedam
2931 2461 2973 2519 Va
3020 2461 3181 2521 nobis
3237 2466 3447 2521 editum
3468 2476 3593 2522 ante

2011 2542 2121 2589 tom
2158 2535 2207 2589 ll
2237 2534 2442 2590 Martii.
2475 2534 2586 2591 Cur
2612 2552 2644 2590 a
2697 2536 3064 2603 Florentinio,
3116 2536 3226 2591 alio
3256 2537 3589 2605 charactere,

290 2602 485 2672 recoli,
510 2605 792 2683 tut-legere
825 2608 907 2683 est
946 2602 1002 2683 in
1033 2602 1202 2683 Marci
1232 2603 1445 2683 Velseri
1472 2605 1631 2683 tVotis
1654 2623 1775 2678 pag.
1792 2606 1895 2683 _54,
1925 2624 1972 2683 Β
2008 2621 2219 2683 nempe_
2232 2606 2442 2683 Italico,
2473 2605 2794 2683 inscriptus,
2816 2602 3080 2683 tanquam
3101 2606 3415 2683 adjectitius
3434 2602 3591 2683 repu-

288 2693 481 2743 versa;
512 2675 611 2730 ubi
641 2675 807 2730 etiam
829 2673 1381 2739 doceberis,sanctam
1414 2675 1604 2732 Afram
1644 2673 1754 2732 non
1792 2673 1895 2733 hac

290 2749 401 2816 die,
435 2748 532 2803 sed
565 2763 645 2801 vn
676 2746 806 2802 ldus
835 2744 903 2800 ab
926 2745 1261 2816 Augustanis
1290 2745 1578 2816 celebrari,
1606 2749 1895 2805 Raderoin

290 2819 526 2892 Bavaria
549 2826 741 2875 sancta
761 2817 907 2892 idem
927 2817 1432 2892 testante.iPoniturr
1448 2828 1502 2892 et
1522 2820 1782 2892 praedicta
1804 2821 1894 2876 die

291 2909 367 2948 vn
401 2890 557 2956 Idus,
593 2906 688 2945 seu
719 2907 799 2944 vn
830 2888 1064 2959 Augusti
1086 2905 1117 2943 a
1145 2891 1308 2944 Floro
1337 2899 1391 2945 et
1420 2888 1897 2959 Wandalberto,et

291 2964 337 3019 si
366 2961 724 3019 Florentinio
741 2960 1137 3035 _credimus_,A_b
1164 2961 1895 3035 Hieronymianis,quamvis

295 3043 346 3090 et
384 3035 482 3115 die
503 3032 757 3115 sequenti
788 3048 881 3115 seu
927 3049 986 3111 vi
1018 3031 1184 3113 hujus
1208 3031 1417 3115 diserte
1460 3031 1672 3115 legant?
1706 3036 1897 3115 Passio

292 3112 496 3163 sancta:
525 3103 696 3172 Afrae.
720 3104 870 3169 Quod
900 3104 1101 3157 mirum
1131 3103 1309 3159 videri
1342 3121 1451 3159 non
1477 3103 1659 3174 debet,
1690 3123 1813 3163 cum
1838 3107 1897 3161 in

292 3176 456 3234 Actis
488 3176 749 3248 distincta
793 3175 1145 3248 dieinotitia
1192 3192 1303 3230 non
1359 3179 1720 3248 exprimatur.
1772 3179 1898 3234 Haec

294 3248 487 3306 omnia
511 3247 772 3302 dirimere
786 3246 968 3301 voluit
994 3247 1293 3315 Notkerus,
1316 3249 1394 3304 sic
1412 3246 1523 3304 rem
1540 3257 1712 3305 totam
1733 3249 1898 3305 hodie

296 3320 570 3376 deﬁniens
606 3338 617 3373 :
656 3319 722 3373 In
761 3320 1000 3389 Augusta
1037 3318 1377 3388 Eufratensi,
1408 3322 1663 3376 nativitas
1730 3321 1899 3376 sancti

297 3392 423 3462 Afri
462 3391 740 3461 martyris.
778 3391 1013 3457 Quornm
1035 3392 1309 3445 nominum
1341 3393 1707 3459 similitudine,
1740 3394 1799 3449 id
1825 3399 1901 3447 est

299 3471 343 3517 et
375 3464 634 3533 Augusta:
669 3469 718 3515 et
750 3462 901 3531 Afri,
940 3468 1201 3517 nostrates
1229 3462 1452 3529 inducti,
1485 3467 1581 3520 hac
1640 3466 1721 3519 die
1756 3464 1902 3534 apud

302 3537 605 3607 Augustam
642 3534 980 3602 Rhetianam,
1042 3534 1147 3589 sive
1212 3535 1550 3603 Vindeticam,
1603 3536 1902 3607 passionem

302 3613 492 3660 sancite
524 3605 681 3674 Afra:
710 3613 1125 3661 consummatam
1144 3612 1485 3677 putaverunt.
1517 3605 1724 3678 Dequa
1744 3608 1799 3661 in
1829 3624 1900 3662 se-

302 3678 613 3750 quentibus;
635 3679 747 3732 Deo
780 3679 1013 3750 volente,
1041 3678 1289 3734 dicemus.
1331 3681 1441 3735 Nec
1469 3696 1531 3735 ea
1560 3681 1748 3750 procul
1801 3697 1903 3735 ac—

301 3749 564 3822 cersenda
594 3757 723 3822 sunt
750 3767 764 3815 ;
800 3765 926 3822 nam
953 3749 1039 3822 ad,
1068 3767 1148 3805 vn
1177 3752 1432 3822 Augusti,
1482 3749 1695 3807 Adonis
1736 3752 1903 3806 verba

308 3820 479 3895 ferme
510 3820 724 3895 recitat,
756 3821 934 3895 socias
954 3820 1290 3895 adjungens,
1314 3840 1451 3895 quas
1477 3823 1675 3895 iterum
1708 3823 1904 3894 repetit

310 3908 413 3946 xu.
452 3893 521 3967 At
547 3907 693 3967 sero;
707 3891 963 3967 laudatus
992 3892 1116 3967 Ado
1138 3891 1375 3949 Notkeri
1422 3894 1570 3950 haud
1629 3891 1902 3967 quaquam

347 3961 612 4037 opularis,
667 3963 901 4037 Romani
958 3966 1113 4037 parvi
1146 3974 1468 4037 auctorem,
1504 3961 1692 4037 procul
1734 3961 1905 4021 dubio

308 3979 612 4090 popularis,
668 3979 901 4019 nomani
958 3980 1113 4035 parvn
1169 3979 1468 4033 auctorem,
1504 3979 1692 4037 procul
1734 3979 1903 4021 dumo

335 4035 508 4109 talum
538 4035 975 4109 secutus,Afr_am
1007 4035 1110 4092 hac
1130 4035 1219 4091 die
1248 4053 1283 4091 v
1312 4037 1712 4109 Augusti,cum
1734 4054 1903 4108 parvo

304 4106 486 4187 elogio
502 4106 899 4187 _retulit,‘quod
930 4114 1131 4187 totum,
1148 4116 1375 4187 excepta
1405 4106 1567 4187 unica
1588 4106 1901 4187 voce—Mar-

307 4178 459 4248 tyris,
498 4178 697 4233 Noster
726 4178 1034 4249 descripsit.
1060 4180 1249 4234 Plures
1270 4178 1362 4236 hic
1392 4179 1744 4237 difﬁcultates
1764 4180 1905 4236 atti-

307 4251 508 4325 gimus,
540 4266 642 4325 suo
664 4251 797 4325 loco
835 4250 894 4325 in
940 4250 1095 4325 Actis
1152 4250 1549 4325 discutiendas,
1580 4252 1799 4325 quando
1848 4260 1904 4307 et

307 4320 470 4395 Angli
493 4320 678 4395 critici
700 4320 941 4395 ineptiae,
963 4322 1356 4395 Martyrologio
1378 4320 1623 4380 Romano
1643 4324 1903 4395 inspersa)

308 4392 550 4467 satisque
579 4392 979 4467 inprzefatione
1008 4392 1246 4467 explosae
1269 4392 1290 4463 ξ
1311 4403 1580 4467 quantum
1608 4395 1680 4467 ad
1710 4392 1901 4467 Afrani

304 4464 564 4532 attinent,
606 4464 832 4520 uberius
868 4464 1268 4522 convellentur.
1302 4464 1529 4522 Interim
1561 4466 1689 4520 vide
1712 4465 1903 4522 ActaS

302 4536 543 4591 Narcissi
586 4535 864 4591 illustrata
889 4536 957 4592 ad
1012 4554 1151 4592 xrm
1197 4537 1414 4605 Martii;
1456 4537 1899 4605 Tillemontium,

304 4614 453 4679 tomo
486 4607 557 4675 ν,
593 4623 624 4661 a
653 4624 775 4679 pag.
800 4608 928 4673 270,
954 4615 1009 4663 et
1038 4608 1410 4679 Ruinartium,
1434 4609 1579 4667 inter
1607 4608 1833 4665 Sincera
1851 4616 1904 4665 et

304 4677 517 4753 Selecta
539 4677 854 4753 martyrum
884 4679 1023 4736 Acta
1048 4696 1208 4753 apag.
1242 4681 1367 4737 500.

378 4751 665 4827 Osicatdas
696 4767 797 4806 rex
827 4760 880 4807 et
908 4760 1119 4824 martyr
1138 4751 1181 4807 ai
1199 4754 1353 4808 nullo
1382 4752 1610 4827 antiquo
1636 4760 1903 4827 martyre-

304 4820 428 4897 logo
460 4821 710 4897 liac__d_ie_
746 4820 1121 4897 memoratur,
1150 4820 1533 4897 praeterquam'
1563 4841 1594 4879 a
1644 4820 1903 4897 Wandal-

304 4891 478 4970 berto.
498 4893 647 4970 alibi
680 4893 915 4970 dubium
940 4911 1051 4950 non
1069 4891 1293 4970 videtur
1307 4891 1441 4970 quin
1453 4897 1521 4952 ab
1545 4896 1793 4970 Usuardo
1813 4911 1903 4950 ex-

307 4963 461 5021 Bedze
498 4965 745 5022 Historia
776 4966 832 5023 in
861 4982 1045 5023 sacros
1068 4968 1259 5024 Fastos
1288 4963 1492 5025 relatus
1512 4968 1619 5025 sit:
1655 4968 1906 5024 videatur

2004 2676 2174 2751 tetur,
2206 2676 2355 2751 haud
2385 2678 2516 2751 satis
2549 2676 2842 2751 perspicio.
2875 2676 3026 2733 Idem
3058 2676 3181 2751 esto
3216 2676 3513 2751 judicium—
3528 2678 3596 2735 de

2004 2748 2247 2807 Memmio
2295 2748 2719 2820 Catalaun’ensi,
2747 2748 2843 2820 qui
2893 2765 3005 2804 non
3051 2748 3235 2804 minus
3264 2750 3322 2804 in
3364 2751 3596 2806 Lucensi

2004 2820 2215 2887 codice,
2246 2835 2408 2891 quam
2441 2819 2500 2893 in
2530 2818 2847 2893 Corbeiensi
2878 2828 2932 2875 et
2974 2822 3387 2893 Epternacensi,
3413 2831 3597 2893 aperte

2005 2899 2377 2964 memoratur,
2400 2891 2468 2945 ad
2494 2908 2614 2963 quae
2654 2891 2907 2964 laudatus
2937 2891 3115 2947 editor
3139 2892 3256 2948 haec
3283 2891 3463 2948 solum
3492 2909 3598 2964 ap—

2007 2962 2190 3033 posuit
2218 2980 2229 3017 :
2263 2964 2310 3017 A
2348 2962 2551 3035 Gallico
2579 2963 2853 3033 scriptore,
2913 2964 3187 3018 vestutiori
3214 2962 3598 3035 Martyrologio

2008 3040 2212 3106 sanctos
2253 3035 2345 3088 hos
2370 3034 2637 3106 episcopos
2677 3034 3598 3091 CassianumetMemniumadditos

2007 3105 2190 3174 fuisse,
2227 3122 2332 3177 non
2357 3105 2561 3177 difﬁcile
2614 3106 2859 3161 suadeor.
2909 3106 3127 3177 Poterat
3156 3107 3321 3162 citius
3354 3106 3596 3175 suaderi,

2008 3192 2197 3232 omnes
2223 3176 2289 3231 ab
2320 3176 2664 3248 Antiquariis
2683 3176 2866 3248 Gallis
2895 3176 3134 3247 adjectos
3174 3177 3460 3232 eliminare
3489 3194 3599 3234 vo-

2011 3249 2221 3320 luisset.
2253 3247 2479 3302 lnterim
2510 3247 2693 3319 phrasi
2727 3249 2887 3320 paulo
2917 3248 3193 3303 diffusiori
3231 3249 3539 3320 celebratur
3567 3265 3599 3304 a

2010 3319 2253 3391 Rabano,
2284 3334 2354 3373 ex
2382 3335 2492 3391 quo
2514 3336 2668 3374 suam
2702 3319 3107 3391 licetnonnihil
3139 3320 3404 3374 variatam
3452 3319 3598 3375 Not-

2009 3391 2175 3462 kerus
2204 3389 2965 3462 desumpsniquodimirum
2997 3397 3389 3462 estnunquam
3420 3406 3452 3445 a
3476 3391 3597 3462 Flo-

2010 3460 2253 3516 rentinio
2283 3460 2599 3528 observari,
2610 3476 2706 3531 per
2730 3460 2957 3515 Notkeri
2986 3460 3152 3515 verba
3180 3460 3479 3516 identidem
3508 3460 3597 3532 jue

2010 3548 2129 3587 rare
2161 3532 2344 3587 solito.
2379 3532 2648 3588 Caeterum
2678 3532 2971 3600 Memmius,
3004 3548 3036 3587 a
3096 3532 3386 3588 Mosandro
3417 3531 3601 3587 AdOni

2013 3606 2172 3676 plane
2184 3604 2473 3675 ascriptus,
2489 3620 2518 3658 a
2538 3603 2915 3676 Rosweydoin
2937 3603 3293 3676 appendicem
3319 3603 3592 3675 rejicitur,

2011 3675 2221 3748 indicta
2250 3691 2431 3731 causa.
2464 3675 2755 3748 Mihisatis
2785 3675 3101 3748 verosimile
3137 3683 3219 3731 est
3248 3676 3406 3748 illum
3446 3691 3601 3748 mque

2012 3764 2074 3802 ac
2102 3747 2421 3803 Cassianum
2450 3764 2520 3803 ex
2550 3747 2998 3818 Hieronymianis
3027 3754 3298 3818 acceptos,
3320 3746 3388 3801 ab
3410 3746 3603 3803 Adone

2017 3818 2218 3889 pariter
2251 3826 2468 3874 notatos
2494 3819 2682 3886 fuisse,
2715 3826 2768 3873 et
2790 3818 2918 3874 inde
2938 3819 2996 3873 in
3024 3818 3284 3874 Nostrum
3298 3818 3599 3874 traductos.

2011 3890 2121 3946 Nec
2154 3898 2334 3945 tamen
2357 3890 2509 3946 lubet
2538 3889 2889 3958 contendere,
2936 3889 2983 3945 si
3018 3889 3170 3961 aliud
3220 3890 3557 3961 praeplaceat
3579 3932 3594 3957 ,

2014 3962 2216 4029 dicam,
2248 3970 2606 4033 postremum,
2648 3977 2843 4033 nempe
2896 3960 3237 4030 Memmium,
3271 3960 3361 4033 abi
3390 3960 3602 4016 Usurdo

2016 4035 2132 4104 ipso
2153 4049 2222 4088 ex
2250 4032 2697 4105 Hieronymianis
2717 4032 3024 4090 extractum
3049 4051 3062 4100 ;
3096 4040 3240 4089 certe
3268 4040 3322 4089 et
3350 4032 3530 4105 ipsum
3549 4040 3603 4088 et

2012 4104 2254 4176 reliquos
2273 4104 2469 4159 omnes
2484 4121 2617 4175 pure
2641 4113 2695 4159 et
2723 4105 2959 4174 genuine
2990 4105 3328 4161 Usuardinos
3353 4121 3489 4172 esse,
3524 4120 3594 4159 ex

2009 4177 2261 4233 codicum
2284 4177 2534 4230 omnium
2575 4178 2935 4230 consonantia
2990 4177 3193 4231 clarius
3253 4176 3439 4232 evinci
3486 4191 3598 4230 non

2011 4254 2206 4319 potest.
2237 4247 2359 4319 Non
2405 4244 2765 4319 dissimulabo
2798 4244 3173 4319 _M_a_bilionem
3203 4246 3604 4319 Bosweydiana

2011 4315 2197 4373 omnia
2216 4315 2523 4387 rejectanea
2543 4315 2725 4371 Adoni
2756 4315 3038 4387 vindicare
3062 4333 3074 4370 :
3109 4323 3192 4370 ast
3220 4315 3336 4387 haec
3365 4315 3423 4369 in
3453 4321 3603 4387 praef-

2012 4390 2222 4445 fatione
2252 4385 2494 4445 discussa
2523 4394 2671 4444 sunt.
2732 4388 2809 4442 De
2865 4386 3080 4443 duobus
3137 4385 3351 4441 ultimis
3398 4385 3603 4441 sanctis

2012 4462 2151 4517 Acta
2179 4476 2291 4514 non
2308 4459 2527 4529 desunt,
2550 4459 2644 4515 sed
2665 4473 2785 4529 quin
2814 4466 3069 4514 accurato
3088 4464 3280 4529 egeant
3325 4456 3599 4529 examine.

2012 4533 2317 4601 Utrumque
2341 4525 2605 4585 memorat
2629 4525 2922 4601 Gregorius
2950 4525 3285 4601 Turonensis
3320 4526 3387 4581 de
3414 4525 3603 4581 Gloria

2013 4598 2387 4660 confessbrum
2411 4619 2423 4667 ;
2450 4598 2770 4670 Memmium
2802 4600 2978 4670 capite
3008 4600 3098 4667 66,
3140 4598 3460 4655 Cassianum
3481 4613 3599 4668 cap.

2016 4675 2101 4732 74.
2134 4672 2341 4728 Ambos
2368 4690 2492 4729 cum
2524 4669 2780 4729 Oswaldo
2808 4669 3011 4727 cecinit
3058 4670 3505 4738 Wandalbertus,
3539 4676 3600 4724 ut

2051 4754 2139 4802 ote
2167 4744 2263 4817 qui
2285 4744 2497 4815 Afram,
2530 4752 2591 4800 ut
2620 4743 2886 4811 diximus,
2919 4743 2989 4799 ad
3013 4760 3075 4800 γι
3094 4742 3332 4816 Augusti
3359 4740 3602 4799 distulit.

2051 4764 2139 4802 013
2167 4764 2263 4817 (Illi
2285 4764 2497 4815 suram,
2530 4764 2591 4800 ιιι
2620 4764 2886 4811 υιχιωυδ,
2919 4764 2989 4799 au
3013 4764 3058 4800 Vl

2013 4764 2104 4876 gic
2132 4816 2298 4872 habet
2326 4817 2731 4891 Martyrologus
2752 4823 3016 4887 metricus
3046 4834 3058 4873 :

2138 4909 2315 4958 Nonas
2338 4909 2604 4968 Casianus,
2633 4906 2908 4956 Memmius
2930 4919 3084 4971 atque
3111 4904 3371 4957 Osualdus

2137 4972 2250 5023 Rex
2276 4977 2393 5035 pius
2421 4971 2706 5033 Anglorum
2741 4971 2924 5021 merito
2948 4970 3011 5019 et
3032 4970 3218 5019 virtute
3244 4971 3514 5017 retentant.

1725 5097 2107 5159 AUCTARIA.

374 5212 701 5293 Tonnacnn.
734 5216 829 5293 qui
858 5217 924 5293 de
953 5215 1210 5293 Oswaldﬁo
1265 5217 1361 5293 die,
1401 5216 1745 5293 praecedenti
1764 5219 1895 5290 egit,
1934 5224 1982 5282 D
2016 5214 2109 5273 bet
2132 5235 2146 5293 ε
2206 5238 2225 5264 ι
2254 5211 2499 5293 civitate
2511 5210 2781 5293 Bononia,
2813 5208 3088 5293 depositio
3115 5206 3289 5268 sancti
3320 5203 3602 5272 Dominici

306 5286 398 5342 hic
426 5288 547 5357 ejus
582 5290 703 5345 loco
734 5286 928 5346 inserit
965 5310 975 5346 :
1022 5316 1039 5337 ι
1071 5292 1278 5346 Eodem
1310 5286 1422 5357 die,
1460 5292 1685 5347 civitate
1723 5286 1895 5345 Bono-

300 5359 417 5426 'nia,
454 5359 601 5415 beati
632 5362 911 5417 Dominici
944 5363 1296 5428 confessoris,
1338 5364 1405 5418 de
1435 5362 1626 5417 ordine
1659 5364 1911 5417 Fratrum

307 5430 765 5515 Praedicatorum.
793 5458 825 5514 ι.
866 5435 1093 5515 lteliqua
1125 5443 1308 5490 textus
1338 5434 1632 5515 purissima
1656 5443 1802 5515 sunt.

379 5504 644 5578 Ross-nn.
705 5505 905 5578 omisit
960 5504 1052 5562 hic
1117 5504 1595 5563 annuntiationem
1658 5506 1911 5578 primam,

311 5589 471 5645 quam
494 5575 568 5649 ad
598 5593 677 5630 vn
704 5575 853 5644 Idus,
888 5594 981 5633 seu
1010 5595 1088 5632 vu
1136 5578 1368 5649 Augusti
1400 5575 1674 5635 nonnihil"
1711 5576 1915 5633 auctio-

310 5659 418 5721 rem
446 5648 653 5701 ultimo
688 5649 811 5703 loco
842 5650 1102 5721 reposuit.

336 5789 346 5798 .
377 5718 729 5801 Βριεέξκιεκη.
757 5718 1091 5801 satis—purus
1120 5722 1175 5801 in
1209 5720 1439 5801 duabus
1476 5720 1669 5794 primis
1707 5737 1918 5776 annun-

308 5791 663 5859 tiationibus,
700 5792 887 5848 deﬁcit
919 5791 975 5847 in
1015 5793 1232 5848 duabus
1257 5791 1492 5849 ultimis:

382 5861 801 5934 Mam-Lunam,
832 5874 1029 5937 prmter
1057 5865 1367 5937 spbalmata.
1397 5866 1575 5939 plura,
1602 5865 1659 5921 in
1682 5865 1789 5922 ﬁne
1815 5863 1924 5920 ha-

2015 5288 2362 5347 confessoris.
2399 5314 2416 5336 ι
2458 5289 2528 5342 Et
2557 5288 2633 5343 ita
2662 5287 2826 5341 etiam
2856 5287 3262 5339 UGHELLIANUS.

2090 5359 2383 5415 Munna”.
2414 5376 2513 5414 nec
2546 5359 2776 5431 ipsein!
2805 5363 2958 5411 textu
2989 5356 3361 5431 satis__ters_us,
3392 5355 3451 5411 in
3498 5354 3609 5431 ﬁne

2021 5430 2239 5503 adjicit:
2280 5457 2307 5503 γε
2340 5426 2839 5503 (ἐθείνοβφηὺυὶιορ
2888 5427 3066 5503 sancti
3110 5426 3274 5503 Yonii
3324 5429 3603 5503 martyris.

2022 5498 2232 5560 Eadem
2262 5502 2371 5569 die,
2402 5500 2675 5556 Dominici
2704 5498 3053 5567 confessoris,
3085 5498 3299 5555 ordinis
3344 5498 3609 5558 Praedica—

2024 5585 2205 5631 torum
2239 5582 2406 5645 patris
2435 5581 2593 5643 atque
2624 5571 2976 5645 institutoris.
3006 5596 3022 5615 -

2099 5642 2347 5703 Gnsvex.
2378 5642 2591 5699 textum
2622 5643 2842 5714 quidem
2875 5658 3072 5713 purum
3128 5642 3313 5712 habet,
3368 5652 3421 5700 et
3462 5645 3614 5700 inte—

2031 5736 2207 5792 grum,
2236 5718 2328 5773 sed
2370 5717 2524 5796 signo
2553 5713 2838 5796 appposito
2870 5714 2974 5796 LhL_,
3007 5716 3360 5796 Dominicum
3388 5716 3613 5796 inserit,

2032 5787 2125 5865 qui
2162 5791 2233 5865 ad
2254 5788 2512 5865 Auctaria
2543 5787 2868 5865 pertinebat.
2901 5787 2991 5865 Sic
3020 5787 3189 5865 igitur
3220 5788 3380 5865 habet
3414 5790 3466 5840 in
3516 5802 3617 5865 pse-

2033 5856 2214 5918 cunde
2271 5863 2389 5918 loco
2419 5880 2430 5917 :
2489 5884 2507 5905 ε
2545 5856 2617 5915 Ἰιι
2654 5858 2829 5928 Italia,
2880 5856 3107 5917 civitate
3140 5858 3405 5922 Bononia,
3440 5856 3618 5909 natale
