4086 6174
249 231 354 290 385

1310 224 1948 290 MABTYROLOGIUM.
1991 263 2060 276 —
2091 226 2299 292 MENS.
2346 233 2510 290 AUG.

3475 241 3582 299 386

1737 385 2119 443 AUCTARIA.

321 507 620 576 Roswnvu.
647 500 829 576 textui
858 515 996 573 puro
1024 500 1214 576 subdit
1241 518 1252 556 :
1293 524 1311 550 ι
1333 503 1395 558 In
1417 500 1715 576 Hispaniis,
1739 519 1858 558 san-
1889 505 1941 563 A
2012 503 2380 576 _UGHELLIA_N.
2410 519 2422 557 :
2465 526 2483 549 ε
2506 503 2640 576 Item
2663 502 2925 570 Quadrati
2955 502 3219 576 episcopi.
3250 527 3268 551 ν
3305 504 3453 563 Idem
3481 525 3574 565 sae-

245 578 326 635 cti
353 575 557 632 Iuliani
588 573 857 645 martyris
883 589 1010 628 cum
1033 573 1159 629 aliis
1188 581 1444 646 quatuor.
1467 598 1484 621 ι
1517 573 1742 631 Variant
1771 591 1858 632 co-

247 651 418 707 dices.

317 720 658 791 Punsmaxu
708 717 777 791 in
826 723 981 772 textu
1035 717 1201 791 etiam
1258 733 1463 791 purus,
1504 717 1754 791 adjuugit
1800 719 1860 776 in

247 791 392 848 ﬁne:
439 816 457 837 ε
480 789 692 846 Eodem
724 788 835 855 die,
857 789 1198 844 consecratio
1228 788 1416 844 altaris
1452 789 1596 845 beati
1631 788 1858 847 Andreae

247 863 504 918 apostoli.
538 886 557 907 ι

281 881 611 990 plagiam.
655 941 710 988 et
751 932 1154 988 MAX.-LUBEC.
1202 932 1440 988 addunt:
1486 958 1502 979 ι
1534 934 1668 989 Item
1702 937 1858 1003 Qua—

248 1006 390 1062 drati
421 1006 692 1076 episcopi.
726 1029 747 1076 ξ
801 1003 943 1058 Vide
973 1004 1429 1075 Martyrologium
1465 1006 1773 1063 Romanum
1805 1017 1858 1064 et

248 1023 390 1062 ﬂfall
421 1023 450 1060 8
495 1023 692 1076 lSCOpI.
726 1029 744 1048 ι
811 1023 943 1058 V108
974 1023 1237 1075 martyror

248 1086 432 1134 notam
455 1023 698 1131 ghronii
737 1075 848 1130 huc
877 1084 1238 1146 spectantem.

316 1147 811 1214 ANTUERP.-MAX.,
827 1146 1192 1214 ULTRAJECT.,
1229 1147 1498 1215 Lamum,
1521 1149 1853 1219 Lovaman.,

249 1220 570 1276 ALBERGE—N.
607 1227 662 1274 et
689 1221 924 1292 Dama,
965 1219 1020 1272 in
1051 1219 1228 1290 prima
1251 1227 1304 1292 et
1333 1219 1573 1292 secunda
1596 1222 1744 1292 puri,
1775 1223 1856 1278 sic

249 1292 471 1347 tertiam
504 1307 577 1345 ex
621 1289 816 1345 Adone
861 1288 1132 1345 adornant
1167 1307 1178 1344 :
1228 1314 1246 1336 σ
1275 1291 1337 1345 In
1366 1288 1609 1347 civitate'
1634 1293 1852 1360 Salona,

250 1365 420 1420 sancti
476 1361 756 1418 Anastasii
805 1362 1086 1433 martyris.
1119 1361 1225 1427 Qui
1270 1378 1395 1417 cum
1443 1371 1582 1418 esset
1615 1365 1772 1419 miles
1803 1373 1856 1419 et

249 1435 464 1490 videret
484 1443 732 1489 sanctum
767 1435 1061 1504 Agapitum
1096 1433 1238 1487 inter
1267 1439 1542 1489 tormenta
1571 1434 1854 1490 Christum

249 1506 471 1561 fortiter
515 1505 887 1571 conﬁtentem,
929 1505 1243 1560 exclamans
1271 1505 1382 1560 ait:
1433 1506 1656 1575 Magnus
1713 1508 1856 1562 Deus

253 1577 699 1635 Christianorum
725 1585 915 1649 etnon
943 1586 1026 1632 est
1050 1577 1192 1649 alius
1220 1583 1414 1649 praeter
1443 1592 1588 1631 eum.
1634 1579 1713 1649 De
1747 1595 1855 1649 quo

258 1665 466 1729 praeses
482 1665 608 1729 cum
642 1647 933 1729 nuntiasset
958 1647 1854 1729 Aprelianonimperatori,jubehte

258 1717 281 1774 ἱ
321 1736 382 1774 so
411 1720 766 1790 interemptus
795 1726 894 1774 est.
929 1744 946 1766 ι
990 1719 1130 1774 Dein
1162 1719 1221 1772 in
1251 1717 1397 1774 ﬁne:
1445 1743 1463 1765 ι
1492 1717 1648 1786 Item,
1678 1720 1853 1776 sancti

254 1736 516 1856 dliadrati
549 1791 804 1856 episcopi.
838 1814 856 1837 ι

303 1790 516 1862 uadrati
549 1791 804 1862 episcopi.
838 1814 856 1837 ι

1969 573 2096 644 pius
2120 573 2372 642 recurrit,
2398 582 2460 629 ut
2491 575 2617 630 vide
2648 592 2833 646 supra.

2042 682 2401 755 FLORENTlNd
2421 706 2438 728 ι
2461 682 2623 751 Apud
2645 681 2980 748 Sardiniam,
3003 683 3232 738 civitate
3249 683 3574 755 Carilitana,

1967 753 2148 826 passio
2173 761 2488 826 sanctorum
2510 761 2814 826 martyrum
2835 754 3088 811 Russoris
3111 755 3364 826 (MEDIC.,
3393 753 3574 814 Buxe-

1969 824 2068 896 ris]
2094 824 2288 880 Caselli
2305 833 2357 879 et
2378 824 2783 892 Cainerini,sub
2806 824 3150 882 Diocletiano
3167 835 3220 882 et
3237 828 3577 885 Maximiano

1969 895 2408 967 imperatoribus,
2461 896 2785 967 praesidente
2841 898 3060 953 Dalasio
3119 899 3382 967 praesidii.
3447 900 3576 956 Ad-

1969 915 2408 965 imperatormus,
2461 915 2785 967 praesmente
2841 915 3060 953 uatasm
3159 915 3382 953 rzesmu.
3447 915 3576 956 Aa-

1961 965 2148 1052 jungit
2176 968 2500 1052 Srnoaata‘x.
2528 986 2540 1023 :
2587 993 2604 1014 ι
2632 969 2938 1052 Passi‘sunt
2970 985 3066 1052 pro
3107 915 3350 1052 Ehris'to.
3402 969 3580 1052 Caput

1966 1048 2146 1094 autem
2201 1039 2374 1111 sancti
2421 1041 2674 1095 Russoris
2718 1040 2844 1095 inde
2897 1042 3223 1095 translatum
3259 1039 3574 1111 Florentiae,

1965 1111 2204 1181 positum
2235 1121 2315 1166 est
2344 1109 2401 1164 in
2423 1112 2652 1167 ecclesia
2672 1113 2921 1166 omnium
2951 1120 3326 1168 sanctorum»
3368 1113 3508 1170 Vide
3525 1109 3580 1171 et

1967 1182 2297 1252 martyrium
2345 1189 2398 1236 et
2439 1183 2682 1238 locorum
2734 1183 2960 1237 nomina
3010 1184 3292 1239 meliusin
3329 1186 3578 1242 Romano

1965 1269 2238 1324 expressa.
2274 1253 2477 1320 Quanti
2493 1263 2676 1310 autem
2698 1253 2948 1308 facienda
2974 1254 3108 1320 sint,
3130 1272 3252 1325 quas
3275 1257 3574 1312 occasione

1969 1325 2195 1396 Lurorii
2222 1332 2276 1379 et
2307 1325 2577 1380 Camerini
2596 1342 2627 1379 a
2648 1325 2890 1396 'l‘amayo
2921 1325 3024 1380 hac
3052 1325 3145 1380 die
3175 1342 3394 1382 corrasa
3424 1337 3574 1396 sunt,

1965 1395 2110 1450 dicet
2137 1395 2297 1452 Card.
2351 1396 2610 1520 Aiuirius
2662 1395 3270 1468 apud’Papebrochium
3318 1398 3375 1452 in
3405 1395 3567 1471 Resp.

1965 1473 2069 1521 art.
2108 1466 2194 1522 18.
2225 1483 2378 1521 num.
2445 1468 2500 1521 2.

1963 1473 2069 1521 art.
2108 1473 2194 1534 I8,
2225 1483 2378 1521 num.
2409 1473 2500 1521 42.

2035 1564 2222 1619 Editio
2251 1564 2652 1622 Lenaea-Con.
2681 1583 2692 1620 :
2735 1588 2752 1611 ι
2777 1566 2839 1620 In
2873 1566 3156 1623 territorio
3186 1568 3431 1624 civitatis
3458 1568 3576 1623 Ga—

1965 1636 2239 1712 valitanze,
2272 1636 2743 1712 vicolVIinacensi2
2779 1639 2980 1707 passio,
3011 1647 3116 1695 etc.
3152 1664 3169 1685 ι
3215 1639 3478 1712 Sequitur
3507 1640 3575 1695 de

1965 1707 2276 1780 Anastasio,
2299 1715 2360 1760 ut
2377 1708 2867 1775 Acarnane-Max”
2891 1716 3021 1778 etc.,
3045 1726 3227 1780 supra.
3263 1707 3321 1765 Iri
3357 1712 3574 1766 Bonoso

1963 1778 2376 1853 etMAaximiano
2410 1794 2541 1853 pura
2571 1785 2670 1853 est.
2704 1779 3006 1853 Denique
3036 1804 3054 1826 ‹
3082 1778 3144 1834 In
3181 1781 3300 1853 ipso
3335 1782 3424 1837 die
3454 1798 3573 1837 san-

320 1848 679 1918 Camena-im
717 1848 746 1907 ι’
763 1863 824 1916 In
880 1860 1162 1916 territorio
1204 1859 1450 1916 civitatis
1497 1862 1851 1932 Gavalitanaa,

1973 1848 2037 1905 cti
2067 1849 2329 1916 Quadrati
2347 1850 2590 1921 episcopi
2621 1857 2676 1905 et
2704 1848 3058 1906 confessoris.
3094 1877 3110 1899 ι

251 1934 422 2005 sancti
470 1933 682 1988 Privati
738 1933 980 2005 episcopi
1024 1941 1078 1987 ει
1118 1933 1398 2004 martyris,
1430 1933 1525 2005 qui
1557 1950 1745 2005 passus
1771 1944 1854 1991 est

250 2003 654 2077 subGallieno.
689 2003 895 2060 Eodem
927 2004 1038 2073 die,
1062 2003 1375 2060 sanctorum
1408 2003 1711 2077 martyrum
1738 2006 1853 2062 Ba—

251 2075 389 2130 uosii
419 2083 474 2131 et
504 2076 853 2131 Maximiani.
887 2101 906 2123 ν

313 2146 703 2215 Βκυηιιεκη
757 2149 816 2202 in
860 2147 1037 2203 tribus
1068 2147 1264 2218 primis
1309 2148 1847 2216 annuntiationibus,

250 2219 721 2274 Ameana-Max.
753 2227 806 2274 et
835 2219 1048 2275 caeteris
1077 2219 1362 2275 codicibus
1382 2219 1528 2275 haud
1554 2220 1847 2288 absimilis,

248 2290 578 2364 subjungit:
609 2316 628 2337 ι
659 2292 732 2364 Et
755 2291 810 2364 in
831 2290 1127 2364 Hispaniis,
1162 2293 1341 2364 natale
1365 2300 1687 2364 sanctorum
1713 2307 1849 2364 mar-

249 2369 432 2434 tyrum
447 2362 581 2434 Julii
605 2369 663 2417 et
679 2362 908 2434 Iuliani.
931 2362 1004 2434 Et
1023 2363 1198 2434 sancti
1229 2362 1490 2429 Quadrati
1512 2362 1851 2434 episcopi.Et

246 2431 386 2488 beati
415 2433 568 2488 Flori
599 2433 838 2500 abbatis,
871 2433 1128 2504 discipuli
1151 2435 1324 2490 sancti
1357 2431 1788 2490 Mauri'abbatis.
1817 2459 1834 2481 ι

311 2504 681 2560 HAGENOYEN.
725 2528 743 2550 ι
767 2506 827 2560 In
855 2505 1078 2561 civitate
1113 2505 1456 2572 Gavalitana,
1485 2505 1541 2559 in
1573 2505 1850 2562 territorio

245 2575 510 2646 ejusdem,
547 2577 731 2647 passio
782 2577 958 2632 sancti
1000 2576 1229 2643 Privati,
1262 2584 1393 2645 etc.,
1425 2601 1441 2622 -
1485 2585 1546 2631 ut
1579 2577 1637 2631 in
1667 2585 1845 2632 textu.

256 2648 670 2719 {Itemrsancti
727 2647 988 2714 Quadrati
1045 2649 1306 2719 episcopi.
1342 2673 1358 2695 ι
1414 2649 1476 2702 In
1527 2647 1744 2703 Bonoso
1795 2656 1850 2703 et

244 2718 584 2773 Maximiano
617 2736 789 2790 purus
817 2726 919 2774 est.
950 2721 1028 2774 De
1053 2718 1340 2775 Anastasio
1373 2720 1563 2786 ferme,
1596 2728 1656 2774 ut
1685 2736 1851 2790 supra

244 2805 305 2844 ex
331 2791 840 2858 ΑΝτσειιρ.οΜΑΧ.,
863 2799 966 2846 etc.
1005 2792 1238 2846 Demum
1258 2809 1269 2846 :
1291 2793 1530 2857 -Romae,
1549 2791 1721 2845 sancti
1743 2792 1850 2845 An-

245 2861 380 2946 tonii
407 2862 812 2946 martyris,‘qui
833 2879 967 2946 eum
991 2862 1367 2946 Christianum
1380 2860 1494 2943 [se]
1520 2862 1698 2946 libere
1718 2861 1850 2946 fate-

241 2941 414 3000 retur,
443 2933 676 3006 jubente
700 2933 928 2989 Vitellio
943 2933 1152 3004 judice,
1171 2933 1686 3006 capitalfiiseutentia
1701 2933 1848 3006 dam-

239 3012 404 3058 natus
426 3005 737 3076 est,viaque
755 3006 978 3077 Aurelia
990 3004 1254 3076 sepultus.
1273 3030 1289 3052 ι
1309 3004 1554 3077 Videdie
1568 3005 1847 3077 sequenti.

308 3075 668 3147 Αοωειδ-ατξ
702 3077 757 3130 in
805 3076 941 3132 fine:
989 3102 1005 3123 ι
1037 3075 1192 3144 Item,
1226 3077 1399 3132 sancti
1431 3075 1691 3142 Quadrati
1722 3076 1849 3147 epi-

236 3148 420 3272 sconpi.
458 3170 476 3191 ι
520 3145 660 3202 Vide
686 3148 934 3219 superius
962 3147 1131 3204 dicta.

368 3217 1131 3272 armc.-Caarus.-Ucrnamc

368 3235 448 3272 AT

2032 1949 2261 2023 Basia.“
2285 1949 2515 2023 incipit:
2549 1971 2599 2023 με
2646 1948 2836 2023 Natale
2891 1958 3207 2023 sanctorum
3265 1959 3576 2023 martyrum

1961 2020 2201 2088 Lusorii,
2224 2021 2422 2077 Ceselli
2452 2027 2506 2075 et
2539 2020 2842 2076 Camerini.
2869 2047 2885 2068 ι
2927 2021 2982 2075 Si
3007 2021 3124 2076 haec
3143 2039 3213 2076 ex
3235 2020 3572 2078 FLoaaNriN.

1960 2101 2180 2163 accepta
2235 2099 2384 2158 sunt,
2432 2091 2618 2163 polita
2655 2091 2923 2146 videntur
2975 2093 3221 2148 nomina.
3263 2094 3326 2148 In
3356 2093 3579 2149 Privata

1961 2162 2104 2219 satis
2125 2180 2293 2235 purus
2317 2162 2721 2234 estﬁSequitur
2753 2181 2774 2235 :7
2813 2187 2830 2208 ε
2862 2163 3069 2219 Eodem
3101 2164 3212 2231 die,
3255 2172 3573 2221 sanctorum

1960 2234 2268 2307 martyrum
2324 2235 2572 2307 Bonosii,
2631 2234 2861 2307 Maximi
2919 2242 2974 2290 et
3023 2235 3368 2307 Maximiani,
3423 2253 3574 2307 quo—

1960 2306 2116 2372 rum,
2150 2315 2254 2360 etc.
2291 2331 2308 2352 »
2351 2306 2410 2359 in
2459 2306 2752 2360 Anastasio
2807 2322 2997 2376 purus,
3060 2306 3250 2363 subdit
3309 2307 3366 2362 in
3422 2306 3571 2363 ﬁne:

1975 2402 1992 2425 ι
2027 2379 2163 2432 Item
2192 2376 2454 2444 Quadrati
2489 2377 2752 2448 episcOpi.
2790 2401 2809 2424 ι

2031 2473 2282 2530 German.
2313 2492 2324 2529 :
2373 2498 2390 2521 ι
2431 2472 2637 2528 Iuliani
2674 2481 2728 2529 et
2767 2473 3004 2528 aliorum
3036 2481 3577 2547 ‘quatuormmarty-

1959 2562 2103 2601 rum.
2139 2547 2295 2612 Item,
2326 2552 2643 2600 sanctorum
2675 2553 3008 2615 martyrum,
3033 2544 3274 2612 Lusorii,
3306 2544 3572 2602 Ciselli'et

1959 2617 2257 2674 Camerini.
2275 2615 3224 2687 Quadratiepiscopietconfessoris.
3249 2618 3307 2670 In
3335 2618 3569 2672 Alexan-

1959 2689 2098 2755 dria,
2153 2687 2340 2743 Contze
2384 2686 2606 2742 nobilis.
2659 2686 2955 2753 Quiriacas,
2993 2694 3258 2741 matrona
3288 2688 3568 2755 Romamn,

1958 2769 2012 2816 et
2042 2759 2321 2831 martyris,
2355 2759 2414 2813 in
2449 2757 2686 2813 Wesalia
2719 2756 2990 2828 superiori
3021 2757 3373 2829 quiescentis.
3407 2782 3425 2805 ι

2030 2859 2247 2914 ΜοιΑΝ.
2283 2857 2340 2911 in
2371 2856 2623 2924 Lusorio,
2658 2866 2712 2913 et
2761 2855 2927 2913 sociis
2957 2856 3148 2912 BELIN.
3191 2865 3287 2912 aut
3317 2858 3568 2913 Gnavsx.

1959 2930 2268 3000 descripsit.
2300 2929 2478 3000 Tum:
2529 2953 2547 2977 ε
2576 2930 2712 3000 Item
2769 2926 3033 2995 Quadrati
3074 2929 3336 3000 episcopi.
3369 2953 3386 2976 ι
3431 2930 3571 2983 Dein

1960 3003 2110 3074 typis
2141 2999 2485 3074 minoribus:
2531 3024 2548 3046 ι
2576 2999 2873 3074 Quiriacas,
2911 2999 3174 3074 matronae
3205 2999 3482 3068 Remanm,
3517 3008 3570 3074 et

1960 3071 2222 3153 martyris
2279 3071 2338 3125 in
2370 3071 2648 3153 ‘Uvesalia
2683 3071 2954 3152 superiori
3011 3072 3366 3153 quiescentis,
3425 3071 3571 3153 apud

1960 3141 2303 3208 Carmelitas,
2355 3141 2422 3196 de
2471 3159 2584 3215 qua
2624 3143 2693 3215 in_
2733 3141 2982 3213 passione
3008 3141 3554 3215 beati_Laurentii.__-

449 3213 1220 3292 RIC:CARTI}3.~U[.TRAJECT.Z
1259 3219 1502 3275 «Privati
1530 3219 1772 3292 episcopi
1799 3227 1854 3292 et
1887 3227 1930 3286 ο
1961 3217 2248 3292 Editiones
2277 3213 2629 3292 posterioges,
2666 3213 2858 3292 BELIIi.
2894 3215 3132 3292 pressius
3159 3213 3408 3281 imitatae,
3442 3213 3568 3268 aliis

243 3291 523 3370 martyris.
549 3289 774 3346 Bonosii
799 3299 853 3346 et
875 3291 1196 3348 Maximiani
1223 3300 1548 3364 martyrum.
1564 3289 1849 3347 Anastasii

244 3370 523 3433 martyris.
557 3385 576 3408 ›

308 3433 616 3506 Varium,
662 3449 819 3489 num.
851 3434 1009 3502 5949,
1041 3434 1266 3506 adjicit:
1316 3460 1333 3482 ι
1370 3433 1578 3490 Natalis
1623 3441 1851 3506 sancto-

245 3519 359 3578 rum
394 3503 645 3561 Valentii
667 3516 720 3561 et
743 3507 962 3578 Leoncii
996 3507 1051 3561 in
1083 3503 1269 3563 sancta
1299 3507 1522 3578 Sophia.
1567 3507 1626 3578 In
1662 3505 1850 3578 Hispa-

247 3575 349 3647 aia,
411 3585 734 3632 sanctorum
765 3577 919 3644 Julii,
979 3579 1207 3646 Iuliani,
1240 3575 1543 3645 Vincentii,
1592 3575 1848 3647 Augurii,

248 3645 555 3721 Fructuosi.
593 3650 654 3704 In
695 3647 974 3721 Sardinia,
1001 3645 1198 3707 sancti
1228 3649 1492 3717 Quadrati
1522 3645 1785 3721 episcopi.
1818 3670 1836 3695 ι

247 3731 303 3784 1n
332 3719 456 3776 aliis
481 3721 638 3775 deest
677 3719 972 3793 depositio.

255 3913 335 3970 XI
377 3914 510 3971 Kal.

1967 3286 2166 3342 litteris
2197 3284 2375 3340 textui
2407 3285 2729 3356 praefigunt:
2766 3308 2784 3330 ε
2806 3284 2994 3339 Natale
3015 3293 3341 3356 sanctorum,
3366 3293 3568 3356 marty-

1966 3375 2087 3413 rum
2120 3357 2356 3423 Lusorii,
2390 3354 2582 3412 Ciselli
2611 3367 2662 3411 et
2693 3355 2990 3411 Camerini.
3022 3381 3040 3401 ιι
3085 3356 3147 3410 In
3176 3355 3285 3411 ﬁne
3315 3355 3381 3410 de
3411 3354 3569 3421 Qua-

1966 3430 2142 3495 drato,
2195 3435 2254 3482 ut
2304 3428 2361 3480 in
2420 3427 2597 3498 prima
2649 3426 2909 3480 editione.
2973 3426 3149 3480 Tum:
3198 3427 3316 3482 «Et
3369 3435 3570 3498 sanctas

1969 3499 2228 3571 martyris
2258 3497 2454 3571 Bassze.
2488 3498 2671 3571 Romae
2702 3500 2771 3571 in
2789 3513 2918 3571 agro
2950 3498 3187 3571 Verano,
3218 3505 3417 3571 sanctae
3451 3497 3571 3571 Cy-

1967 3568 2128 3626 riacai
2149 3568 2408 3640 martyris
2426 3585 2590 3642 aqua)
2622 3569 2688 3642 in
2702 3569 2960 3642 Wesalia,
2989 3570 3246 3625 translata
3268 3568 3555 3642 quiescit.»

1967 3645 2045 3699 De
2086 3639 2314 3713 Cyriaca
2343 3647 2398 3713 et
2432 3639 2594 3697 Bassa
2637 3639 2765 3696 vide
2794 3642 3123 3708 Romanum,
3156 3641 3253 3697 ubi
3284 3639 3569 3712 utriusque

1969 3711 2146 3786 elogia
2168 3711 2435 3768 invenies.

3344 3911 3445 3970 Die
3481 3911 3572 3972 22.

317 4005 509 4060 Bome
540 4004 624 4061 via
653 4003 916 4073 Ostiensi,
948 4005 1147 4062 natalis
1179 4004 1326 4061 beati
1357 4003 1634 4062 Timothei
1665 4003 1946 4078 martyris,
1977 4003 2070 4079 qui
2113 4007 2297 4062 tentus
2322 3999 2390 4060 ab
2421 4000 2584 4062 Urbis
2613 3999 2899 4077 praefecto,
2934 4007 2988 4060 et
3014 4003 3178 4077 longa
3202 4004 3436 4061 carceris
3464 4020 3572 4060 cu-

246 4091 427 4149 stodia
458 4103 786 4164 maceratus,
810 4112 936 4152 cum
958 4095 1266 4153 sacrificare
1292 4095 1458 4152 idolis
1487 4093 1773 4164 noluisset,
1807 4094 1972 4151 tertio
1999 4113 2170 4152 cassus
2197 4104 2250 4152 et
2271 4095 2611 4167 gravissimis
2638 4095 2944 4168 suppliciis
2972 4100 3318 4163 attrectatus,
3340 4094 3408 4152 ad
3428 4096 3574 4152 ulti—

248 4200 395 4239 mum
427 4185 735 4242 decollatus
765 4195 867 4242 est.
909 4186 1114 4242 Eodem
1156 4187 1246 4242 die
1294 4187 1707 4258 Augustuduni,
1754 4187 1930 4243 sancti
1962 4187 2365 4260 Simphoriani,
2390 4195 2636 4257 tempore
2665 4186 2881 4241 Aurelii
2921 4187 3288 4257 imperatoris,
3325 4188 3422 4260 qui
3446 4203 3572 4244 cum

249 4274 408 4331 idolis
432 4277 746 4334 sacrificare
776 4277 966 4345 nollet,
999 4277 1178 4348 primo
1209 4277 1528 4333 verberibus
1559 4278 1807 4346 allectus,
1839 4279 2037 4334 deinde
2068 4277 2432 4348 mancipatus,
2469 4272 2536 4330 ad
2561 4275 2822 4330 ultimum
2855 4292 2996 4330 creso
3027 4278 3205 4346 capite
3241 4277 3571 4348 martyrium

254 4366 684 4423 consummavit.
717 4367 779 4421 In
813 4373 975 4437 portu
996 4367 1263 4432 Romano,
1285 4375 1599 4423 sanctorum
1632 4368 2045 4440 peregrinorum
2090 4374 2395 4437 martyrum
2427 4363 2717 4431 Martialis,
2742 4361 3000 4434 Epicteti,
3025 4362 3333 4429 Saturnini,
3364 4365 3573 4434 Aprilis

251 4462 301 4508 et
329 4455 534 4512 Felicis
560 4473 693 4512 cum
724 4455 890 4512 sociis
917 4473 1127 4512 eorum.
1169 4457 1304 4513 Item
1337 4457 1540 4524 Roma},
1570 4458 1744 4512 sancti
1773 4456 2003 4514 Antonii
2035 4455 2314 4527 martyris,
2355 4453 2471 4525 qui,
2503 4469 2630 4508 cum
2662 4469 2720 4507 se
2750 4450 3131 4509 Christianum
3163 4449 3336 4505 libere
3366 4449 3572 4505 fatere-

253 4550 357 4614 tur,
383 4543 623 4616 jubente
654 4545 884 4602 Vitellio
907 4545 1115 4617 judice,
1145 4546 1369 4619 capitali
1397 4548 1670 4603 sententia
1701 4556 1781 4603 est
1801 4547 2115 4615 damnatus,
2156 4545 2354 4616 viaque
2383 4541 2614 4597 Aurelia
2641 4541 2909 4613 sepultus.

1745 4689 1960 4748 NOTIE
1973 4733 1986 4747 .

317 4817 402 4878 Ita
426 4820 676 4889 Praten.,
709 4820 1009 4890 Herinien.,
1037 4819 1530 4892 Antuerp.-Major,
1559 4818 1859 4890 Rosweyd.,
1893 4818 2187 4888 Munerat,
2223 4817 2444 4876 Greeen.
2477 4823 2533 4874 et
2559 4816 2764 4876 Melan.

1468 4973 1872 5032 VARIANTES
1924 4974 2341 5032 LECTIONES.

318 5099 384 5156 In
417 5098 654 5156 Greven.
679 5106 762 5155 est
784 5097 1068 5168 Hostiensi,
1099 5099 1158 5154 in
1186 5099 1610 5172 Antuerp.-Maj.
1641 5107 1695 5155 et
1724 5101 1854 5156 Ros-
1885 5103 1933 5161 D
1962 5101 2166 5172 Iterum
2211 5095 2563 5172 conveniunt
2604 5097 2805 5172 vetusti
2839 5093 3055 5172 codices
3086 5094 3143 5150 in
3186 5092 3416 5172 Aurelii,
3435 5088 3573 5172 licet

249 5172 438 5246 vrede
470 5172 804 5246 Ostiensi._ln
829 5165 1110 5246 Herinien.
1131 5180 1184 5227 et
1206 5165 1626 5246 Antuerp.-Maj.
1651 5171 1855 5226 Thimo-
1967 5171 2088 5246 Ado
2111 5170 2363 5246 posuerit
2374 5169 2676 5246 Aureliani.
2696 5169 2852 5246 Nota,
2876 5168 3234 5246 Mune-ratum
3266 5171 3387 5246 post
3425 5165 3569 5234 Sym-

420 5245 556 5299 ltem
589 5245 647 5298 in
695 5242 900 5299 eisdem
930 5252 984 5318 et
1009 5243 1300 5318 Bosweyd.
1321 5237 1511 5318 tercio.
1542 5237 1855 5318 A'ntuerp.-
1961 5237 2235 5318 phorilmi,
2269 5237 3075 5318 adjicerenmartyris:Scribit
3108 5237 3197 5318 hic
3247 5237 3411 5318 etiam
3441 5252 3572 5318 eum

247 5313 400 5389 Maj.‘
437 5325 561 5387 post
618 5332 801 5389 caesas,
861 5315 1063 5389 omisit,
1105 5309 1428 5389 particulam
1468 5321 1548 5389 _et.
1590 5309 1856 5389 Quodque
1961 5309 2400 5389 Antuerp-Maj.
2427 5321 2481 5367 et
2519 5309 2772 5389 Greveij._
2799 5309 3080 5389 Martialis
3113 5325 3129 5360 :
3161 5309 3293 5389 item
3336 5309 3570 5389 Epictei,

251 5377 497 5461 maxime
538 5377 844 5443 notandum
876 5395 976 5453 est,
1026 5377 1260 5461 Greven.
1294 5395 1347 5441 et
1377 5384 1578 5461 Molan.
1609 5377 1857 5461 prmfécto
1966 5400 2092 5461 cum
2133 5377 2798 5461 eodein_'Antuerp.-Maj.
2854 5390 2907 5436 et
2934 5377 3246 5461 .Bosweydo
3272 5396 3314 5461 ᾖ
3331 5377 3570 5461 Greven.

249 5457 590 5530 addiderunt
637 5475 863 5523 nomen,
921 5450 1232 5528 Tarquinio,
1265 5457 1411 5530 quod
1453 5450 1623 5530 etiam
1647 5450 1858 5512 faciunt
1968 5454 2117 5526 legit,
2149 5453 2371 5530 Epiceti.
2408 5455 2484 5530 _De
2531 5450 2888 5530 Dampaatus
2915 5450 3033 5530 dixi
3087 5450 3569 5530 alilii._B<§weyd.

249 5529 471 5585 codices
500 5530 869 5594 recentiores;
894 5540 975 5586 ast
999 5527 1303 5586 Usuarduni
1337 5527 1477 5584 illud
1497 5529 1855 5599 expunxisse,

252 5599 634 5657 indubitatum
656 5601 894 5657 videtur.
914 5602 1194 5656 Herinien.
1221 5618 1316 5671 pro
1337 5607 1664 5664 attrectatus,
1697 5599 1859 5654 habet

253 5674 610 5741 adtractatus,
670 5672 824 5744 pejus
877 5671 1302 5744 Antuerp.-Maj.
1335 5678 1612 5744 attractus.
1657 5671 1860 5727 Omnes

253 5745 506 5816 scribunt
535 5743 933 5816 Augustuduni,
965 5746 1053 5800 vel
1084 5743 1488 5816 Augustuduno.
1513 5743 1780 5800 Munerat.
1807 5748 1861 5797 et

253 5812 458 5873 Melan.
494 5812 874 5888 Symphoriani
891 5835 911 5882 ;
939 5817 1120 5874 caeteri
1149 5812 1474 5889 simpliciter
1521 5832 1647 5872 cum
1679 5820 1854 5871 textu.

1968 5521 2248 5598 postponit
2273 5531 2363 5598 est,
2389 5521 2788 5598 AntuerpéMaj
2802 5567 2822 5598 ,ι
2838 5522 2893 5577 id
2912 5521 3073 5598 linem
3108 5521 3310 5598 rejicit,
3333 5521 3569 5598 Greven.

1968 5592 2023 5652 et
2042 5592 2498 5676 Melanzp-hrasim
2520 5592 2865 5676 nonnihilni-n
2893 5592 3173 5676 principio
3195 5594 3416 5676 lat-iant
3432 5613 3455 5676 A;
3478 5593 3573 5664 qui

1968 5685 2083 5723 cum
2134 5684 2186 5721 se
2240 5665 2396 5740 libere
2448 5665 2730 5740 [αις-νείκη⁸
2760 5665 3158 5740 Christianum.
3195 5665 3266 5722 Et
3313 5673 3574 5740 praeterea

1969 5741 2171 5798 Melan.
2205 5755 2302 5810 pro
2341 5737 2581 5805 Antonii,
2607 5735 2800 5794 scribit
2832 5738 3146 5795 Anthom'ni.
