4086 6174
468 218 572 276 387

1802 211 2105 272 USUARDI
2146 211 2466 273 MONACHI

3676 205 3786 266 388

1817 382 2317 441 OBSERVATION
2319 383 2426 440 ES.

538 510 878 568 Hodiernum
900 507 1226 564 laterculum
1249 513 1425 580 totum
1447 523 1514 562 ex
1536 507 1840 564 Adonianis
1861 509 2065 577 verbis,
2100 511 2150 570 A
2172 507 2285 580 jam
2319 507 2525 580 laudati
2559 505 3452 580 SymphorianiAugustodunensis
3491 507 3784 574 memoria,

466 592 682 641 servato
711 580 1196 638 annuntiationum
1225 579 1440 646 ordine,
1471 588 1790 635 contextum
1832 589 1913 636 est
1947 582 2070 647 ;al—-

466 658 579 713 tius
637 665 816 712 tamen
868 652 1038 723 repeti
1089 651 1487 723 potestrprima
1537 667 1722 707 earum
1771 653 2064 723 scaturigo.

467 730 648 800 Atque
696 736 757 782 ut
805 742 858 800 a_
885 721 1061 794 prima
1090 721 1382 800 exordiar,
1423 723 1677 800 Timothei
1705 721 2067 800 illustrissimi

467 794 596 856 sane
631 796 892 867 martyris
907 794 1358 867 commemoratio
1380 794 1521 867 miro
1538 810 1812 867 consensu
1839 795 2068 867 vetustis

466 865 832 935 Kalendarii's,
883 866 1249 933 Bucheriano,
1293 865 1734 936 Carthaginensi,
1767 866 2064 933 Allatiano,

467 941 866 1006 Frontoniano,
898 938 1147 1008 Gregorii
1179 937 1614 993 Sacramentario
1648 945 1701 993 et
1731 938 2069 1008 Martyrolo—

468 1013 572 1085 giis
600 1011 860 1085 omnibus
885 1011 1090 1085 inserta
1117 1016 1216 1085 est.
1236 1009 1412 1085 Illum
1438 1009 1928 1085 itaq_ue_ce1e_brant
1947 1009 2070 1085 Hie-

467 1080 814 1157 ronymiana,
838 1082 935 1157 sed
965 1099 1111 1157 cum_
1119 1081 1286 1157 titulo
1305 1080 1571 1157 _di_scip_uli
1583 1082 1774 1157 _Pau_li
1817 1080 2064 1157 apostoli,

468 1151 632 1229 quain
662 1153 1040 1229 confusionem
1073 1151 1447 1229 Florentinius
1481 1152 1534 1206 in
1551 1152 2068 1229 Notationibusex-

508 1226 662 1284 endit
691 1233 744 1281 et
773 1226 1040 1296 explicat:
1067 1223 1165 1296 sed
1190 1223 1372 1296 dubiae
1395 1225 1616 1294 plenum
1647 1239 1786 1294 opus
1813 1232 1893 1280 est
1913 1225 2063 1278 aleae.

508 1244 662 1284 θηαιι
691 1244 744 1281 BI
773 1244 1040 1296 explicat:
1067 1244 1160 1278 seu
1190 1244 1372 1278 UUDIZB
1396 1244 1616 1294 plenum
1647 1244 1786 1294 opus
1813 1244 1893 1280 851.
1913 1244 2063 1278 ὃΙΘὶἙ.

468 1244 683 1356 ἓιειῐίιιε
720 1298 1024 1369 loquuntur
1049 1295 1226 1369 Deda,
1277 1295 1548 1369 Rabauus,
1591 1297 1898 1369 Romanum
1934 1311 2068 1366 par-

467 1387 622 1437 vum,
655 1368 775 1424 Ado
794 1365 858 1423 et
888 1365 1336 1422 Wandalbertus.
1360 1368 1578 1421 Primus
1597 1366 1646 1420 ei
1677 1367 1915 1436 elogium
1938 1365 2065 1422 con-

466 1440 716 1498 cinnavit
759 1439 1011 1494 laudatus
1067 1438 1230 1504 Beda,
1276 1437 1612 1509 descriptum
1643 1457 1673 1491 a
1704 1439 1946 1504 Rabano,
1998 1437 2066 1491 ab

467 1513 662 1568 Adone
692 1510 904 1566 modice
925 1511 1270 1565 decurtatum
1295 1528 1307 1576 ;
1337 1526 1406 1564 ex
1439 1510 1541 1565 hoc
1569 1526 1599 1563 a
1627 1509 1826 1564 Nostro
1856 1510 2064 1579 elegan-

467 1591 551 1639 ter
579 1591 948 1649 contractum,
981 1582 1122 1637 sicut
1151 1590 1335 1636 textus
1363 1598 1528 1652 supra
1556 1581 1800 1636 exhibet.
1818 1581 1934 1648 Qua
1960 1580 2068 1635 ﬁde

468 1655 678 1710 nitatur
721 1653 996 1709 Timothei
1053 1652 1218 1724 hujus
1267 1652 1516 1724 historia,
1574 1653 1665 1707 hic
1695 1669 1792 1706 nos
1823 1652 2064 1724 disputo,

467 1735 612 1783 certe
636 1743 759 1782 cum
793 1741 862 1780 ex
891 1724 1043 1778 Actis
1074 1723 1245 1778 sancti
1269 1723 1520 1778 Silvestri
1553 1731 1831 1783 acceptam
1863 1723 2065 1776 fatean-

467 1806 559 1853 tur
605 1805 658 1851 et
707 1797 851 1851 Beda
891 1803 943 1849 et
991 1794 1130 1862 Ado,
1164 1793 1230 1848 de
1258 1793 1374 1864 ejus
1421 1793 1651 1848 veritate
1678 1793 1837 1849 facile
1865 1799 2068 1848 statuet

2176 577 2297 652 quae
2328 579 2548 652 quidem
2581 579 2636 632 in
2655 577 2900 652 vetustis
2923 577 3268 652 Kalendariis
3298 577 3650 652 signata‘non
3680 587 3787 645 est,

2177 648 2358 706 nihilo
2391 659 2570 705 tamen
2595 649 2778 704 minus
2808 657 2863 704 et
2892 649 3177 704 notissima
3205 659 3260 704 et
3307 649 3365 702 in
3405 648 3600 704 Galliis
3629 652 3793 706 cele-

2176 722 2509 778 bratissima.
2534 721 2668 791 Ejus
2689 721 3058 778 meminerunt
3078 721 3295 776 codices
3325 721 3748 792 Hieronymiani
3773 741 3786 788 ;

2177 795 2306 850 item
2341 793 2486 849 Beda
2511 803 2566 849 et
2589 793 2817 853 totidem
2866 793 3048 847 verbis
3087 791 3358 848 liabanus.
3392 791 3590 847 Florus
3617 792 3791 848 breve

2176 866 2413 935 elogium
2463 865 2636 929 addit,
2670 865 2934 936 temporis
2969 873 3124 919 notas
3161 863 3430 936 deﬁniens
3457 864 3562 936 sub
3597 865 3794 919 Aure—

2179 938 2321 992 liano
2356 938 2673 1008 imperatore
2691 944 2744 992 et
2773 935 3020 990 Heraclio
3052 935 3346 1008 iConsitlari
3367 954 3386 999 ;
3405 935 3634 1008 etiipsas
3655 953 3790 993 eas-

2175 1009 2298 1064 dem
2333 1006 2512 1064 servat
2539 1008 2683 1075 Ado,
2715 1023 2783 1063 ex
2813 1008 2970 1063 Actis
2988 1023 3019 1062 a
3045 1006 3362 1062 Mombritio
3382 1015 3436 1062 et
3461 1006 3625 1062 Surio
3648 1009 3792 1064 vul-

2177 1081 2336 1152 gatis,
2365 1089 2529 1152 atque
2555 1097 2586 1135 a
2617 1079 2854 1152 Barouio
2887 1079 3149 1150 probatis,
3197 1078 3386 1150 procul
3417 1078 3586 1133 dubio
3615 1096 3792 1152 acce—

2213 1159 2314 1206 tas.
2349 1151 2485 1206 Acta
2520 1151 2636 1223 ipsa
2665 1151 2807 1223 apud
2845 1168 2956 1223 nos
2984 1157 3203 1223 exstant
3235 1167 3362 1223 mss.
3412 1167 3602 1205 eorum
3635 1151 3788 1207 inter

2176 1168 2314 1278 gms.
2349 1168 2485 1206 nota
2520 1168 2636 1223 ipsa
2665 1168 2807 1222 apud
2857 1168 2956 1206 nos
2984 1168 3203 1204 exsrant
3235 1168 3362 1205 mss.
3412 1168 3602 1205 eorum
3635 1168 3788 1207 inter

2215 1224 2386 1278 electa
2412 1223 2590 1278 editor
2609 1230 2662 1278 et
2689 1222 3028 1293 primigenia:
3051 1221 3617 1293 puritatisrestitutor
3643 1223 3792 1279 Rui—

2175 1295 2390 1350 uartius
2417 1311 2448 1349 a
2479 1310 2597 1365 pag.
2631 1293 2722 1360 69,
2757 1292 3064 1364 praedictas
3095 1292 3360 1364 temporis
3391 1302 3547 1348 notas
3577 1293 3787 1365 rejicit,

2176 1373 2229 1421 et
2260 1382 2357 1437 pro
2381 1364 2686 1432 Aureliani,
2709 1364 3063 1437 scribendum
3094 1365 3531 1437 censetAarelii,
3560 1364 3790 1422 ut'fecit

2175 1436 2371 1493 Noster
2395 1437 2506 1508 jam
2539 1453 2646 1491 non
2671 1436 2858 1502 semel,
2885 1437 3097 1509 deserta
3119 1436 3330 1491 Adonis
3351 1436 3603 1504 lectione,
3628 1454 3791 1509 aquo

2175 1517 2358 1564 tamen
2409 1510 2620 1581 reliqua
2664 1524 2761 1562 sua
2802 1508 2988 1563 omnia
3026 1508 3093 1563 ad
3121 1509 3332 1581 apicem
3353 1508 3783 1581 itranssumpsit.

2178 1581 2308 1652 Utra
2339 1596 2504 1652 porro
2531 1580 2841 1651 temporum
2893 1581 3033 1634 ratio
3072 1580 3407 1652 praeferenda
3435 1581 3526 1648 sit,
3559 1597 3669 1636 non
3701 1589 3789 1636 est

2175 1651 2340 1722 hujus
2364 1652 2467 1707 loci
2488 1659 2743 1707 statuere.
2772 1651 2894 1722 Legi
2921 1661 3097 1723 potest
3117 1651 3505 1707 Tillemontius
3525 1661 3662 1708 tom.
3691 1654 3786 1721 llI,

2135 1779 2145 1790 ,
2173 1739 2204 1777 a
2234 1740 2286 1794 p.
2319 1723 2387 1778 43
2413 1742 2426 1790 ;
2461 1723 2557 1778 sed
2585 1723 2824 1778 maxime
2843 1739 2874 1777 a
2901 1740 2950 1794 p.
2979 1723 3103 1794 609,
3127 1723 3220 1778 ubi
3252 1723 3318 1778 de
3348 1724 3626 1794 praedictis
3649 1732 3790 1779 tem-

2175 1793 2370 1867 porum
2411 1794 2567 1867 notis
2605 1811 2694 1867 ex,
2711 1793 2953 1867 professo
2978 1793 3238 1867 disputat.
3277 1793 3416 1851 Vide
3455 1797 3618 1851 etiam
3651 1798 3790 1852 mis-

466 1868 716 1925 eruditus
749 1869 939 1934 lector,
970 1866 1121 1920 salva
1149 1880 1363 1937 semper
1390 1864 1763 1937 antiquissimi
1806 1873 1861 1920 et
1912 1865 2064 1920 cele-
2095 1875 2139 1935 Β
2174 1864 2288 1921 sam
2320 1865 2377 1920 in
2408 1866 2614 1921 Missali
2665 1864 2920 1929 Gothico,
2946 1881 3040 1922 seu
3063 1864 3347 1922 Gallicano
3377 1867 3521 1937 apud
3549 1867 3789 1923 Thoma-

467 1939 699 1994 berrimi
727 1940 912 1993 cultus
939 1937 1254 2008 integritate
1273 1936 1286 2002 ς
1307 1937 1352 1992 si
1378 1936 1542 1992 modo
1571 1946 1626 1992 et
1656 1937 1985 1992 Kalendaria
2012 1945 2066 2008 et

467 2009 856 2080 Martyrologia
892 2006 1145 2080 eumdem
1194 2007 1373 2078 ipsum
1417 2007 1768 2063 Timotheum
1818 2008 1874 2080 in
1915 2006 2068 2080 Actis

467 2080 642 2137 sancti
674 2079 924 2135 Silvestri
953 2086 1315 2134 memoratum
1344 2080 1691 2149 consignent,
1721 2079 1869 2150 quod
1897 2079 2066 2151 equi-

467 2152 589 2208 dem
615 2151 879 2207 hactenus
905 2151 1042 2222 satis
1060 2158 1244 2222 aperte
1275 2151 1580 2222 perspicere
1611 2166 1843 2222 nequeo.
1867 2151 2064 2216 Multa,

466 2223 753 2280 occasione
785 2221 1105 2290 'l'imothei,’
1130 2221 1344 2276 notavit
1376 2221 1480 2277 hoc
1502 2222 1591 2276 die
1629 2221 1920 2288 Ba’ronius,
1971 2221 2065 2277 sed

467 2311 588 2368 quae
615 2303 857 2368 nostram
887 2293 1043 2368 hanc
1071 2293 1454 2368 difﬁcultatem
1479 2309 1596 2368 non
1628 2301 1878 2368 tangunt.
1905 2293 2066 2348 Non-

468 2365 622 2422 nulla
650 2366 856 2421 delibat
886 2365 1273 2420 Tillemontius
1304 2373 1454 2419 tomo
1478 2365 1548 2436 ll,
1568 2381 1687 2436 pag.
1714 2365 1850 2430 618;
1872 2381 2064 2419 verum

467 2439 624 2509 plura
647 2438 757 2492 alia
785 2437 842 2490 in
875 2435 1584 2509 Actiseruntdiscutienda.
1610 2437 1766 2502 Quod
1785 2437 1956 2491 nostri
1977 2436 2067 2491 hic

466 2507 633 2564 ofﬁcii
657 2517 756 2576 est,
788 2507 1169 2580 Wandalberti
1193 2523 1400 2572 versus,
1434 2507 1527 2580 qui
1558 2507 1700 2580 hanc
1716 2515 1801 2580 et
1823 2523 2066 2580 sequen—

467 2589 576 2636 tem
609 2579 1087 2635 annuntiationem
1117 2577 1581 2650 complectuntur,
1607 2577 1934 2650 subjicimu's
1959 2597 1969 2635 :

529 2693 868 2745 Undeciutam
906 2693 1088 2743 Romae
1119 2693 1420 2741 Timotheus
1451 2708 1628 2756 passus
1654 2695 1884 2747 honorat,

528 2757 908 2818 Eduatumque
935 2770 1081 2804 suum
1109 2759 1334 2818 celebrat
1365 2758 1510 2814 plebs
1546 2758 1998 2818 bymphorianum,

530 2820 696 2869 Mater
713 2817 864 2882 quem
900 2819 1100 2867 Christo
1121 2817 1311 2879 pariter
1336 2817 1813 2868 moritura’dicavit.

467 2941 588 2999 Non
618 2941 802 2997 minus
846 2939 1057 3013 inclyta
1086 2947 1167 2996 est
1208 2948 1262 2995 et
1292 2938 1620 2997 certioribus
1654 2939 1810 2996 Actis
1838 2938 2064 2995 suffulta

2175 1938 2318 2010 sium
2352 1953 2493 2010 pag.
2541 1938 2666 2010 371,
2687 1937 2978 2010 Peregrini
3002 1944 3297 2010 martyres,
3325 1954 3397 2010 an
3425 1938 3466 1992 ii
3495 1955 3620 1994 vere
3647 1940 3785 2006 sint,

2175 2009 2270 2134 glui
2306 2009 2396 2065 hic
2427 2009 2755 2064 nominatim
2803 2011 3216 2080 exprimuntur,
3269 2009 3500 2065 dubium
3541 2011 3788 2066 reddunt

2229 2081 2608 2134 ieronvmiana
2654 2082 2982 2134 anonranha.
3017 2097 3137 2134 quae
3187 2081 3566 2134 Florentinius
3594 2083 3783 2134 conci-

2229 2081 2608 2151 ieronymiana
2654 2082 2982 2151 apographa,
3017 2097 3137 2152 quae
3187 2081 3566 2137 Florentinius
3594 2083 3783 2138 conci-

2177 2153 2310 2206 liare
2344 2161 2593 2226 conatur.
2648 2153 2956 2208 Romanum
2988 2169 3229 2226 parvum
3275 2153 3355 2208 sic
3396 2153 3677 2226 loquitur:
3714 2157 3793 2210 Et

2171 2223 2574 2295 peregrinorum
2601 2230 2924 2294 martyrum,
2973 2223 3265 2292 Martialis,
3307 2223 3554 2294 Epitecti,
3596 2227 3789 2280 Satur-

2174 2295 2309 2368 nini,
2348 2311 2463 2350 eum
2480 2295 2644 2368 sociis
2663 2312 2866 2368 eorum.
2900 2296 3143 2368 Aprilem
3171 2303 3227 2352 et
3268 2297 3489 2351 Felicem
3523 2297 3790 2368 adjuuxit

2175 2366 2330 2442 Ado_,_
2349 2367 2571 2442 praefixa
2601 2367 2880 2442 positione
2899 2383 2968 2422 ex
3000 2367 3466 2439 Hieronymianis,
3490 2367 3547 2422 in
3577 2366 3790 2442 quibus

2175 2446 2228 2492 et
2262 2438 2368 2492 alia
2400 2439 2626 2493 nomina
2670 2438 2953 2494 confusius
2981 2438 3395 2496 enumerantur.
3426 2438 3662 2496 quorum
3697 2442 3781 2496 in-

2173 2509 2469 2582 diculusin
2499 2509 2654 2582 Actis
2676 2511 3042 2582 opportunius
3071 2513 3176 2566 erit
3201 2509 3549 2582 digerendus.
3582 2512 3786 2567 Usuar-

2173 2581 2276 2636 dus
2320 2581 2798 2636 annuntiationem
2845 2598 3000 2637 suam
3037 2581 3309 2637 verbatim
3361 2599 3430 2638 ex
3458 2582 3652 2638 Adone
3690 2583 3786 2639 de-

2172 2653 2410 2726 scripsit.
2435 2653 2658 2707 Antonii
2679 2655 2940 2726 martyris,
2953 2655 3038 2709 vel
3061 2653 3335 2722 Antonini,
3355 2654 3568 2726 primus
3589 2656 3788 2710 memi-

2172 2724 2257 2796 nit
2288 2731 2478 2779 auctor
2508 2724 2739 2780 Romani
2790 2725 2965 2796 parvi,
3001 2741 3070 2780 ex
3099 2742 3208 2796 quo
3240 2726 3298 2780 in
3328 2724 3574 2782 Adonem
3605 2735 3787 2782 trans-

2173 2795 2258 2874 iit,
2291 2796 2470 2874 elogio
2512 2813 2581 2850 ex
2620 2795 2773 2874 Actis
2792 2795 2976 2874 sancti
3010 2795 3238 2874 Eusebii
3279 2797 3566 2874 ador-nato,
3615 2799 3788 2874 cujus

2172 2866 2506 2940 principium
2547 2875 2600 2940 et
2629 2867 2794 2923 ﬁnem
2833 2869 3027 2940 Noster
3053 2868 3366 2940 conjunxit,
3399 2869 3458 2924 in
3488 2866 3782 2940 omnibus,

2172 2947 2234 2993 ut
2251 2953 2414 3010 supra
2439 2938 2708 3008 dicebam,
2741 2941 2901 3012 plane
2927 2938 3272 2998 Adonianus.

1936 3063 2166 3122 AUCTA
2179 3063 2316 3120 RIA.

538 3186 846 3243 PULSANEN.
880 3180 1112 3255 incipit:
1153 3208 1169 3229 ι
1199 3181 1405 3240 Octava
1435 3182 1763 3240 beatissima:
1793 3181 1889 3238 Dei
1921 3181 2067 3252 geni-
2095 3183 2138 3242 Ο
2173 3179 2460 3255 historiam
2493 3179 2799 3255 subjungit,
2827 3197 2990 3255 quam
3015 3181 3208 3255 majori
3239 3183 3566 3241 auctoritate
3593 3183 3786 3241 ﬁrma-

467 3259 623 3316 tricis
670 3266 724 3314 et
769 3257 1014 3327 Virginis
1043 3255 1243 3311 Mariae.
1276 3280 1293 3301 ι
1347 3255 1406 3328 _ln
1439 3255 1728 3311 Timotheo
1759 3271 1929 3328 purus
1959 3260 2061 3308 est.

467 3333 538 3388 Et
567 3331 627 3386 in
657 3325 1082 3401 Symphoriano,
1103 3325 1365 3401 usquead
1413 3352 1430 3374 ε
1461 3325 2066 3398 Αιιι-θιίδηὶἷωρεξωω-

467 3404 563 3460 ris.
595 3427 613 3448 ι
671 3399 876 3457 Desunt
902 3399 1346 3473 reliquaiomnia.

538 3477 823 3530 ANTUERP.
847 3479 900 3526 et
930 3469 1311 3527 Mair-Lunam.
1345 3471 1402 3525 in
1431 3477 1590 3526 textu
1620 3471 1752 3527 satis
1783 3469 2063 3542 purisub-

468 3545 640 3602 dunt:
689 3571 706 3592 ι
733 3545 800 3599 Et
837 3543 1055 3598 Octavae
1111 3551 1311 3599 sancta:
1349 3542 1444 3598 Dei
1485 3541 1766 3611 genitricis
1786 3541 1999 3597 Mariae.
2034 3565 2052 3588 ι

469 3617 635 3673 Varia
663 3623 742 3671 est
773 3614 1052 3669 variorum
1081 3614 1334 3669 codzcum
1368 3613 1437 3682 ph
1450 3613 1601 3668 rasis.

540 3685 1028 3745 ANTUERP.-MAX.,
1080 3685 1417 3738 ULTRAJECT.
1463 3691 1517 3737 et
1583 3685 1828 3738 LEYDEN.
1888 3683 2066 3738 textui

507 3764 797 3828 raaponuut
823 3773 834 3810 :
869 3779 886 3800 ε
905 3756 1123 3828 Octava
1142 3754 1548 3828 Assumptionis
1578 3763 1778 3828 sanctae
1807 3755 2052 3828 Mariae.)

507 3775 797 3828 raaponunt
823 3775 834 3810 Σ
869 3779 886 3800 ⁸
905 3775 1111 3809 υειξινδ
1142 3775 1548 3823 Λδδιιηψιιυιιιδ
1578 3775 1778 3810 saneta:
1807 3775 2011 3810 ΜὲὶΙΊἘ.
2036 3780 2052 3800 ’

469 3775 704 3898 tegunt,
752 3851 769 3874 ε
799 3825 1053 3898 praefecto
1082 3823 1401 3897 Tarquinio,
1424 3850 1441 3872 ι
1487 3832 1540 3879 et
1569 3841 1667 3896 pro
1691 3827 1912 3881 Antonii
1941 3826 2066 3881 sub-

470 3896 711 3956 stituunt
741 3896 1052 3953 Anthonini.

539 3973 788 4026 ALBEBG.
821 3976 874 4023 et
920 3970 1118 4024 Dama.
1152 3965 1538 4038 Superioribus
1566 3967 1776 4023 similes
1805 3976 1952 4036 sunt,
1973 3968 2067 4024 sed

471 4048 885 4116 praeterea_ante
927 4064 944 4086 ι
976 4038 1033 4094 in
1064 4046 1225 4116 portu
1258 4039 1522 4116 Romano,
1555 4063 1571 4116 τ
1615 4039 1793 4094 textui
1827 4041 2068 4116 interse-

470 4109 641 4170 runt:
681 4136 700 4159 ι
729 4113 886 4184 Item,
925 4109 1116 4184 natale
1167 4110 1311 4184 beati
1362 4109 1570 4182 Ypoliti
1622 4112 1899 4184 martyris.
1929 4136 1945 4157 ι
1989 4115 2068 4168 De

471 4202 580 4259 quo
603 4183 880 4239 Usuardus
909 4182 1297 4259 diesequenti.
1400 4252 1415 4259 _
1498 4255 1520 4259 _
1592 4235 1601 4249 ,

543 4258 848 4337 LovamnN.
879 4252 1115 4337 orditur
1145 4255 1308 4308 etiam
1367 4252 1679 4337 ab_chtava
1719 4254 2070 4337 Assumptio-

474 4329 579 4396 nis,
630 4335 735 4384 etc.
780 4329 840 4384 In
878 4325 1167 4398 Timotheo
1199 4341 1366 4396 purus
1396 4332 1476 4380 est
1499 4325 1933 4398 :Symphoriani
1961 4328 2069 4382 elo-

472 4402 619 4474 gium
650 4407 875 4456 resecat.
912 4399 1118 4474 Rursus
1147 4396 1205 4450 in
1236 4396 1632 4452 Portuensibus
1650 4396 1819 4469 purus
1840 4398 2068 4453 Antonii

470 4469 708 4544 elogium
734 4469 1020 4544 expungit,

2172 3261 2280 3308 tam
2312 3253 2500 3308 velim.
2534 3253 2672 3308 Tum
2701 3273 2712 3309 :
2745 3277 2762 3300 ι
2795 3253 2979 3310 Romae
3006 3253 3382 3324 via‘Ostiensi,
3416 3258 3596 3312 natale
3628 3257 3782 3314 beati

2174 3325 2448 3380 Timothei
2492 3326 2770 3399 martyris,
2818 3325 2918 3399 qui
2957 3328 3061 3382 sub
3093 3330 3470 3399 persecutione
3522 3330 3783 3399 Neronis,

2175 3405 2362 3472 tentus
2393 3403 2473 3451 est
2503 3397 2865 3472 a_Tarquinio
2888 3399 3040 3455 urbis
3071 3397 3346 3471 praefecto,
3370 3410 3422 3472 et
3455 3402 3616 3472 longa
3649 3397 3787 3456 car!-

2175 3470 2313 3525 ceris
2341 3468 2588 3525 custodia
2624 3477 2704 3524 est
2755 3468 3086 3538 maceratus,
3111 3480 3165 3527 et
3202 3489 3326 3527 cum
3358 3471 3522 3528 idolis
3551 3468 3785 3528 sacriﬁ—

2175 3541 2624 3615 carenoluisset,
2674 3542 2836 3596 tertio
2873 3549 2955 3615 est
3001 3560 3196 3610 cassus,
3233 3551 3286 3599 et
3330 3543 3670 3615 gravissimis
3699 3555 3787 3600 est

2175 3613 2352 3684 pmnis
2397 3619 2738 3679 attrectatus,
2785 3621 2858 3686 et_
2887 3613 3033 3686 viva,
3068 3617 3215 3670 calce
3245 3613 3474 3670 vulnera
3499 3614 3618 3686 ejus
3653 3624 3792 3671 sunt

2176 3699 2412 3757 aspersa,
2443 3691 2496 3757 et
2528 3691 2734 3757 martyr
2763 3683 2860 3738 Dei
2903 3685 3102 3757 gratias
3151 3686 3262 3757 egit
3301 3689 3431 3742 Deo.
3483 3683 3638 3742 Tunc
3667 3687 3786 3743 duo

2177 3755 2281 3809 sibi
2320 3755 2496 3828 angeli
2527 3755 2826 3811 dixerunt:
2853 3756 3078 3828 Respice
3108 3755 3346 3824 sursum,
3379 3768 3431 3814 et
3453 3758 3596 3813 vidit
3621 3775 3784 3814 coro-

2178 3843 2303 3881 nam
2336 3825 2440 3880 sibi
2473 3833 2822 3952 praegaratam
2856 3829 2914 3882 in
2947 3825 3112 3884 manu
3135 3830 3378 3897 Domini,
3413 3838 3467 3884 et
3494 3830 3574 3885 sic
3597 3829 3784 3885 decol-

2178 3898 2320 3952 latus
2350 3905 2448 3951 est.
2496 3898 2576 3952 Eo
2618 3914 2703 3952 om
2749 3898 2858 3952 die.
2908 3901 3082 3952 sancti
3117 3901 3454 3952 Anollinaris
3486 3901 3780 3952 martvris-

2178 3898 2320 3972 latus
2346 3905 2448 3972 est.
2496 3898 2703 3972 Eodem
2749 3898 2858 3965 die,
2899 3901 3082 3972 sancti
3117 3901 3454 3972 Apollinaris
3486 3901 3781 3972 martyris.

2178 3969 2283 4043 qui
2302 3968 2445 4043 vivit
2478 3969 2705 4040 gloriam
2738 3970 2909 4043 s_ancti
2933 3968 3229 4038 Timothei,
3263 3982 3315 4028 et
3345 3973 3468 4028 ideo
3496 3989 3552 4028 se
3583 3968 3785 4043 bapti—

2176 4040 2287 4095 zari
2325 4040 2478 4107 fecit,
2510 4047 2564 4094 et
2592 4057 2717 4095 cum
2749 4041 3038 4098 Timotheo
3081 4043 3384 4100 decollatus
3421 4052 3520 4099 est.
3557 4069 3574 4092 ι
3631 4040 3782 4100 Satis

2178 4119 2325 4238 gatet
2371 4111 2644 4176 confusio,
2680 4128 2781 4167 nec
2817 4115 3188 4184 explicatione
3219 4132 3337 4170 mea
3367 4115 3601 4187 indiget.
3637 4114 3786 4171 Vide

2220 4183 2269 4237 ie
2298 4183 2566 4238 sequenti.
2593 4185 2670 4238 De
2699 4183 3107 4238 Svmnhoriano
3137 4197 3258 4238 post
3303 4212 3320 4234 ι
3352 4187 3722 4238 imperatoris-
3750 4213 3770 4235 ι

2220 4183 2269 4237 ie
2296 4183 2566 4263 sequenti.
2592 4183 3107 4263 DeSymphoriauo
3137 4197 3258 4260 post
3303 4212 3320 4234 ι
3351 4183 3722 4263 imperatoris,
3750 4213 3770 4235 ι

2179 4255 2257 4331 ita
2296 4253 2490 4331 habet:
2539 4279 2556 4300 ε
2586 4253 2688 4331 Qui
2722 4253 2779 4309 in
2823 4253 3246 4331 juventute_'sua
3287 4267 3398 4314 tam
3430 4253 3632 4331 :gravis
3663 4253 3786 4314 erat

2181 4326 2236 4404 in
2262 4325 2526 4404 moribus.
2545 4327 2679 4392 suis,
2708 4325 3080 4404 ut__s_ervorum
3120 4325 3652 4404 [senioi‘umIvitain
3684 4347 3785 4386 an-

2179 4398 2408 4473 ticipare
2438 4396 2734 4473 videretur.
2756 4398 2867 4473 ilic
2886 4396 3013 4455 cum
3031 4396 3264 4457 statuam
3300 4396 3530 4458 Veneris
3547 4401 3782 4457 adorare

2180 4471 2374 4533 nollet,
2407 4470 2584 4542 primo
2609 4470 2713 4524 sub
2755 4471 2971 4527 Eraclio
3001 4474 3256 4542 praefecto
3292 4473 3614 4529 verberibus
3645 4473 3782 4529 afﬁ-

543 4539 890 4621 CnN'rUtiesa
929 4539 955 4588 *ι
985 4539 1424 4621 Octavatubeatze
1471 4548 1524 4595 et
1570 4539 1816 4612 gloriosa:
1860 4556 2073 4621 semper
2101 4549 2148 4607 D
2178 4543 2344 4621 citur,
2397 4540 2594 4621 deinde
2641 4544 2844 4621 carceri
2901 4539 3263 4621 mancipatur,
3310 4553 3363 4600 et
3412 4545 3479 4601 ad
3510 4545 3779 4600 ultimum

475 4614 721 4685 Virginis
746 4615 844 4669 Dei
877 4613 1158 4685 genitricis
1203 4612 1560 4685 Mariae,iquae
1599 4629 1834 4685 superno
1873 4613 2070 4668 nuntio

471 4683 770 4743 clarificata
807 4694 860 4740 et
884 4683 1119 4755 'Spiritu
1150 4693 1357 4756 sancto
1407 4683 1734 4756 fmcundata,
1766 4686 1834 4756 ab
1877 4701 1940 4738 eo
1977 4685 2069 4756 qui

474 4757 541 4812 de
572 4758 666 4811 illa
699 4772 918 4812 carnem
949 4755 1208 4825 suscepit,
1243 4770 1351 4825 prae
1380 4755 1638 4809 omnibus
1663 4755 1975 4820 sublimata,
1998 4755 2069 4810 in

474 4836 736 4883 teternum
790 4835 1081 4898 veneratur
1127 4825 1432 4898 benedicta.
1484 4827 1696 4898 Romae,
1739 4828 1909 4882 sancti
1951 4827 2072 4898 Ty-

475 4899 684 4954 mothei
718 4898 997 4968 martyris.
1039 4896 1432 4966 Augustudini,
1463 4898 1636 4953 sancti
1677 4896 2070 4968 Symphoriani

474 4971 757 5042 martyris,
806 4968 1147 5042 temporibus
1175 4968 1479 5042 Aureliani.
1526 4969 1660 5023 Item
1692 4971 1896 5037 Romae,
1925 4970 2068 5025 beati

472 5040 703 5122 Antonii
738 5042 1016 5122 martyris.
1042 5040 1128 5122 In.
1151 5046 1316 5122 portu
1343 5041 1607 5122 Romano,
1642 5049 2068 5122 inartyrnnrpe-

477 5115 844 5187 regrinorum,
885 5109 1180 5180 Marcialis,
1215 5109 1472 5182 Epicteti,
1521 5113 1750 5185 Aprilis,
1786 5109 1843 5168 et
1874 5109 2070 5168 Felicis

474 5186 599 5243 cum
634 5186 799 5242 sociis
828 5201 1037 5241 eorum.
1073 5210 1090 5232 ι

544 5259 902 5316 BRUXELLEN.
928 5276 939 5313 :
979 5282 996 5304 ι
1023 5256 1229 5312 Octava
1257 5253 1666 5326 Assumptionis
1693 5255 1863 5311 beatze
1883 5255 2066 5311 Marias

472 5327 663 5385 Matris
695 5328 916 5384 Domini
948 5329 1121 5384 nostri
1141 5328 1267 5382 Jesu
1297 5327 1521 5384 Christi.
1556 5351 1573 5374 ι
1614 5329 1674 5382 In
1704 5327 1860 5382 beato
1885 5328 2064 5382 Timo-

473 5400 603 5455 theo
647 5400 908 5456 describit
954 5399 1111 5454 Bedae
1156 5398 1413 5469 elogium.
1467 5399 1526 5453 ln
1564 5397 1741 5453 tribus
1768 5399 1892 5454 aliis
1935 5401 2066 5454 satis

475 5486 644 5548 purus
680 5478 779 5526 est.
815 5471 876 5524 In
908 5471 1014 5525 fine
1043 5469 1363 5548 subjungit:
1410 5469 1642 5548 «_Remis
1679 5469 1923 5548 civitate,
1959 5487 2065 5525 na-

471 5540 580 5597 tale
625 5549 928 5612 martyrum
968 5540 1383 5614 quinquaginta.
1435 5540 1506 5596 Et
1533 5543 1819 5614 translatio
1861 5557 2065 5614 corpo-

474 5627 620 5685 rum,
671 5612 998 5685 sanctorum
1029 5612 1252 5685 ily‘larii
1310 5612 1549 5685 episcopi
1604 5621 1658 5669 et
1713 5613 2060 5682 confessoris,

473 5684 781 5758 Innocentii
813 5683 1103 5758 martyris,
1119 5691 1172 5738 et
1201 5683 1373 5758 sancti
1419 5683 1695 5758 Peregrini
1743 5685 1980 5758 episcopi
2011 5693 2065 5740 et

475 5755 736 5827 martyris
767 5753 823 5806 in
853 5753 1077 5827 basilica
1097 5753 1577 5827 sanctiDyonisii'.
1611 5782 1627 5804 ι

547 5823 909 5882 ΗᾸθεΝογΕΝ.
943 5823 1136 5894 incipit
1173 5825 1240 5879 ab
1278 5823 1484 5883 Octava
1512 5827 1940 5900 Assumptionis,
1970 5829 2064 5901 qui

2179 4614 2355 4694 capite
2385 4614 2631 4683 punitur.
2651 4613 2727 4694 _In
2775 4613 3230 4694 portnﬁoniano,
3261 4624 3578 4694 sanctorum
3605 4633 3783 4688 pere-

2179 4686 2461 4755 grinorum
2526 4691 2854 4754 martyrum,
2911 4686 3207 4754 Marcialis,
3260 4688 3547 4760 Epycteci,
3580 4686 3780 4756 -'etc.,

2179 4772 2330 4826 pure.

2251 4826 3142 4903 Marino.ZQAnrusiULrnArecr.:
3179 4854 3196 4876 ε
3211 4831 3417 4886 Octava
3433 4830 3781 4903 Assumptio-

2178 4897 2264 4952 nis
2298 4897 2466 4974 beatae
2499 4899 2701 4974 Mariis.
2735 4901 3008 4956 Timothei
3037 4911 3090 4957 et
3139 4903 3528 4974 Symphoriani
3569 4897 3782 4974 marty-

2178 4986 2346 5045 rum.-
2366 4971 2695 5045 Inniargiue
2714 4982 2938 5045 notatur
2962 4991 2972 5028 :
3009 4999 3023 5018 -
3045 4971 3237 5030 Deisto
3259 4971 3550 5031 Timotheo
3574 4971 3783 5045 legitur

2177 5041 2234 5096 in
2266 5042 2382 5116 vita
2410 5042 2472 5116 Βἷ
2507 5042 2794 5113 Sylvestri.
2821 5070 2838 5091 ι
2884 5043 3172 5116 Sequitur:
3219 5073 3234 5091 -
3268 5046 3532 5101 Martialis
3562 5041 3783 5102 confes-

2177 5113 2334 5168 soris:
2369 5137 2386 5159 ›
2415 5115 2504 5187 Et
2531 5130 2720 5169 rursus
2751 5116 2806 5170 in
2841 5113 3116 5187 margine:
3163 5141 3181 5163 ι
3214 5117 3517 5174 Martialem
3563 5117 3782 5172 confes-

2177 5201 2352 5260 sorem
2376 5184 2508 5240 alibi
2534 5203 2642 5241 non
2675 5188 2940 5242 invenies.
2964 5184 2984 5234 ἰ
3011 5189 3193 5260 Pergit
3221 5197 3408 5244 textus
3435 5207 3446 5244 :
3486 5214 3501 5233 ι
3526 5189 3585 5243 In
3611 5197 3781 5260 portu

2177 5257 2443 5333 Romano,
2474 5267 2789 5333 sanctorum
2816 5257 3235 5333 Peregrinoi'um
3269 5257 3778 5333 martyrumear-

2173 5329 2340 5393 tialis,
2399 5328 2635 5400 Epicteti
2689 5338 2741 5384 et
2781 5328 3057 5386 sociorum
3097 5348 3287 5388 eorum
3333 5328 3543 5389 decem.
3579 5356 3596 5378 ι
3647 5333 3778 5388 Haec

2173 5401 2375 5455 clarius
2407 5400 2465 5472 in
2497 5408 2651 5456 textu
2677 5417 2930 5472 expressa
2958 5410 3107 5458 sunt.

2244 5473 2379 5551 lien.
2407 5471 2607 5551 “Suec”
2655 5471 2918 5543 signatus,
2973 5490 3124 5530 num.
3181 5473 3324 5551 428:
3364 5500 3382 5522 ι
3422 5475 3633 5551 Eodem
3662 5475 3775 5551 die,

2174 5545 2458 5598 translatio
2495 5559 2787 5614 corporum
2832 5552 3147 5601 sanctorum
3206 5547 3260 5600 in
3305 5549 3561 5604 omnobio
3591 5549 3778 5604 sancti

2172 5615 2462 5690 Dionys_i_i_;
2514 5615 2619 5690 hoc
2661 5623 2764 5690 est,
2814 5617 3114 5690 Peregrini,
3149 5618 3410 5690 Patrocli,
3457 5621 3777 5677 Innocentii

2173 5685 2333 5758 atque
2367 5685 2562 5740 Hilarii
2588 5686 2827 5759 episcopi
2859 5696 2913 5743 et
2943 5685 3292 5746 confessoris.
3328 5715 3346 5737 ι

2246 5759 2607 5814 FLORENTINJ
2654 5782 2671 5804 ι
2701 5759 2885 5816 Sancti
2916 5760 3149 5817 Andreae
3179 5762 3418 5829 diaconi,
3443 5773 3498 5819 et
3527 5763 3781 5820 ministri

2173 5829 2347 5886 sancti
2395 5829 2593 5885 Donati
2637 5829 2704 5886 de
2735 5830 2936 5900 Scotia,
2989 5834 3227 5905 episcopi
3281 5835 3558 5903 Fesulani,
3611 5835 3781 5906 cujus
