4108 6172
302 201 411 259 ωδ
1365 196 1995 255 MARTYROLOGIUM.
2036 228 2106 240 -
2146 198 2353 256 MENS.
2396 200 2563 256 AUG.
2652 170 2659 177 ’
3520 203 3627 263 tos

311 328 381 383 VI
411 326 549 381 Kal.

3399 327 3500 383 Die
3528 327 3616 387 27.

372 412 544 487 Apud
578 411 853 484 Capuam,
885 410 1088 465 natalis
1116 409 1291 465 sancti
1323 409 1445 466 Ruﬁ
1478 410 1757 482 martyris,
1790 429 1951 485 quem
1982 412 2172 470 docuit
2199 414 2393 471 beatus
2441 412 2805 487 Apollinaris,
2835 413 2983 470 Petri
3011 413 3245 485 apostoli
3296 413 3624 488 discipulus,

301 519 431 561 cum
464 507 609 557 esset
640 499 791 554 idem
842 496 1018 554 Rufus
1044 498 1288 569 patriciae
1319 498 1628 571 dignitatis.
1690 500 1918 559 Thomis
1952 503 2196 571 civitate,
2245 512 2561 561 sanctorum
2614 512 2920 577 martyrum
2968 502 3275 560 Marcellini
3326 503 3537 562 tribuni
3570 516 3624 565 et

300 592 500 651 uxoris
523 590 645 662 ejus
671 589 940 654 Manneze,
972 587 1221 656 Joannis,
1254 588 1568 660 Serapionis
1595 599 1649 646 et
1677 592 1843 647 Petri.
1878 593 2085 649 Eodem
2115 592 2223 659 die,
2259 593 2455 650 natalis
2498 603 2812 650 sanctorum
2855 592 3074 665 Georgii
3105 593 3345 662 diaconi,
3386 594 3620 665 Aurelii,

303 682 528 747 Felicis,
590 677 865 735 Nathaliae
895 685 950 733 et
980 676 1219 745 Liliosae,
1251 694 1485 750 quorum
1541 680 1755 751 primus
1788 681 1938 738 mirae
1988 681 2338 738 abstinentiae
2388 684 2710 752 monachus,
2762 683 2829 737 ab
2875 681 3275 755 Hierosolymis
3310 680 3621 740 Cordubam

299 770 628 837 adveniens,
652 785 780 825 cum
814 766 1045 838 reliquis
1072 784 1142 822 ex
1172 768 1359 823 eadem
1391 769 1527 823 urbe
1556 770 1705 825 claro
1736 770 1980 842 germine
2000 773 2138 828 ortis
2159 773 2257 829 diu
2280 781 2529 846 Optatum
2560 774 2774 845 sibique
2803 790 2834 828 a
2865 772 3100 827 Domino
3140 781 3621 844 praemonstratum

300 860 508 916 meruit
536 857 757 932 assequi
791 856 1141 929 martyrium.
1173 856 1410 913 Civitate
1442 858 1771 927 Arelatensi,
1803 861 1977 916 sancti
2006 862 2226 919 Caesarii
2256 863 2517 936 episcopi,
2558 862 2711 918 mirae
2741 861 3049 918 sanctitatis
3085 868 3140 917 et
3183 861 3407 933 pietatis
3447 862 3618 920 studii

301 950 428 1006 viri.
460 946 884 1022 Augustuduni,
920 946 1095 1004 sancti
1127 946 1324 1019 Siagrii
1355 946 1597 1021 episcopi
1629 958 1683 1005 et
1704 951 2059 1007 confessoris.

1846 1093 2082 1150 NOTIE.

369 1212 451 1267 Ita
474 1210 726 1276 Praten.,
763 1206 1064 1276 Herinien.,
1095 1208 1396 1279 Rosweyd.,
1426 1210 1690 1281 Antuerp.
1722 1217 1773 1265 et
1798 1211 2192 1279 Moon-Labeo,
2224 1213 2518 1279 Munerat,
2552 1210 2771 1267 Greven.
2800 1216 2854 1265 et
2875 1210 3081 1269 Molon.

1481 1337 1883 1393 VARIANTES
1923 1338 2335 1396 LECTIONES.

374 1443 1075 1525 Malescripsit-Herjnien.
1095 1445 1411 1525 gappuam,
1444 1445 1589 1525 sicut
1633 1447 1904 1504 Munerat.
1936 1450 1986 1507 A
2016 1446 2333 1525 deﬂectunt.
2362 1447 2656 1525 Munerat.,
2688 1454 2809 1525 post
2846 1447 3059 1525 Georgii
3088 1447 3317 1525 diaconi,
3352 1445 3620 1525 interjicit

304 1514 870 1590 Appellinaris._lde_m
892 1514 1058 1590 habet
1093 1514 1287 1590 Ioniis,
1318 1517 1409 1590 sed
1441 1518 1776 1590 reliquorum
1801 1526 1907 1573 tor-

306 1586 455 1645 renti
488 1589 584 1643 hic
628 1586 924 1643 cedendum
960 1586 1084 1642 fuit.
1118 1588 1326 1644 Rursus
1356 1586 1622 1645 Munerat.
1669 1590 1903 1646 Greven.

318 1660 599 1717 et‘Molan.
632 1659 1083 1731 ponuntManeaa,
1112 1659 1206 1731 alii
1239 1660 1437 1716 melius
1455 1677 1579 1717 cum
1612 1668 1783 1717 textu.
1808 1663 1907 1717 Hic

316 1732 372 1787 in
401 1728 710 1802 aliquorum
733 1728 969 1802 lectione
1001 1730 1261 1785 notabilis
1289 1740 1370 1786 est
1390 1732 1624 1787 varietas
1669 1734 1902 1788 Greveu.

312 1813 363 1859 et
388 1800 595 1875 Mcl—an.
630 1802 687 1875 in
718 1800 826 1856 ﬁne
867 1810 988 1873 post
1005 1802 1182 1875 Petri,
1215 1803 1478 1875 subdunt,
1509 1805 1743 1875 ﬁliorum
1774 1804 1903 1871 ejus.

311 1874 514 1946 Gratis,
563 1873 782 1946 Opinor,
816 1872 939 1928 nam
971 1873 1017 1928 si
1048 1872 1181 1946 quid
1229 1874 1352 1929 addi
1388 1872 1587 1946 potuit,
1620 1893 1689 1930 ex
1718 1876 1907 1931 Adone

309 1945 709 2018 desumendum
732 1952 864 2012 erat,
888 1961 1050 2018 quem
1069 1945 1262 2016 presse
1290 1945 1463 2001 secuti
1486 1955 1615 2002 sunt
1635 1947 1904 2018 Antnerp.

306 2026 357 2098 et
382 2016 786 2100 tiam-Lubiam,
807 2016 916 2100 qui
934 2018 1431 2100 postOMannemJta
1466 2019 1681 2100 legunt:
1708 2016 1908 2100 In.

309 2088 468 2159 ipsius
495 2087 753 2159 Joannis,
785 2094 834 2143 et
877 2088 1185 2159 Serapionis
1216 2089 1414 2153 clerici,
1445 2096 1491 2143 et
1519 2087 1666 2144 Petri
1695 2087 1897 2144 militis.

304 2158 402 2217 Sed
447 2165 503 2216 et
540 2159 602 2214 bi
649 2168 705 2215 et
742 2158 826 2214 illi
869 2174 901 2213 a
947 2158 1183 2231 puritate
1213 2160 1523 2216 Usuardina
1549 2161 1607 2216 in
1640 2177 1705 2217 eo
1744 2163 1906 2233 plane

2015 1526 2081 1573 et.
2141 1519 2345 1574 Scribit
2376 1519 2504 1574 item
2561 1519 2813 1584 Natalia,
2845 1535 2971 1572 cum
3018 1519 3346 1590 Rosweyd.;
3407 1519 3616 1587 caeteri,

2017 1591 2305 1645 Nathalite.
2339 1591 2601 1661 Sequitur
2624 1591 2922 1645 difﬁcultas
2948 1591 3119 1645 altera
3148 1590 3205 1645 in
3242 1590 3469 1645 Casarii
3494 1590 3619 1644 elo-

2017 1662 2125 1732 gio,
2162 1661 2308 1733 quod
2339 1678 2406 1715 ex
2436 1661 2626 1717 Adone
2656 1661 2736 1716 sic
2767 1662 3002 1716 formant
3031 1661 3266 1716 Greven.
3300 1669 3355 1717 et
3384 1661 3613 1716 Molan.:

2016 1734 2168 1786 mine
2194 1734 2490 1787 sanctitatis
2517 1740 2564 1787 et
2593 1733 2805 1800 pietatis
2835 1738 2882 1785 et
2927 1733 3090 1786 studii
3118 1733 3244 1787 viri.
3295 1733 3615 1803 Rosweyd.,

2024 1805 2178 1859 mine
2219 1804 2513 1858 sanctitatis
2558 1803 2989 1875 etpietatisrvifi.
3017 1804 3282 1875 Antuerp.
3330 1812 3386 1860 et
3412 1805 3620 1875 Max.-

2015 1876 2241 1943 Lubec.,
2263 1876 2416 1929 mine
2438 1875 2732 1930 sanctitatis
2754 1874 2877 1928 viri.
2906 1874 3101 1930 Nostra
3121 1874 3461 1930 constructio
3499 1875 3616 1929 mi-

2015 1964 2123 2019 nus
2143 1947 2366 2019 quidem
2389 1954 2640 2002 accurata
2660 1945 2900 2019 videtur,
2923 1946 3017 2001 sed
3045 1947 3160 2017 ipsa
3187 1955 3267 2019 est
3287 1945 3613 2019 Usuardina.

2016 2018 2106 2074 Sic
2136 2016 2256 2074 Ado
2284 2026 2337 2073 et
2376 2019 2650 2074 Notkerus
2705 2017 2954 2088 scribunt
3007 2016 3240 2087 Syagrii,
3274 2017 3421 2088 quod
3453 2016 3619 2072 habet

2015 2090 2243 2172 Mplan.,
2273 2090 2490 2147 Praten.
2519 2089 2719 2161 Siagri.
2753 2087 2992 2161 Reliqui,
3040 2096 3104 2144 ut
3133 2088 3191 2143 in
3222 2087 3382 2144 teXtu
3422 2102 3621 2144 serva-

2015 2176 2218 2217 v1mus.

1642 2284 2141 2343 OBSERVATION
2146 2286 2247 2343 ES.

376 2384 630 2455 Disputat
655 2381 823 2455 hodie
852 2382 1228 2455 Florentinius
1257 2382 1324 2438 de
1353 2382 1598 2455 nomine,
1639 2383 1904 2455 dignitate

308 2464 357 2511 et
389 2453 610 2511 aureola
637 2454 763 2524 Ruﬁ
792 2453 875 2508 vel
902 2454 1083 2524 Ruﬁni
1109 2454 1374 2524 Capuani,
1399 2453 1683 2510 oceasione
1708 2453 1909 2525 'Ruﬁni

303 2526 560 2598 alicujus,
614 2526 675 2579 in
722 2525 1032 2598 Capua_ab
1073 2525 1523 2598 Hieronymianis
1572 2526 1903 2596 consignati,

304 2595 517 2672 qualem
543 2598 698 2672 inter
719 2595 985 2672 Auctaria
1006 2612 1115 2651 non
1138 2595 1305 2652 semel
1329 2598 1650 2672 reperimus.
1674 2595 1901 2672 verum,

303 2667 371 2751 an
396 2667 1033 2751 episcopalisdignitas,
1073 2676 1270 2750 praeter
1320 2667 1571 2751 martyrii
1604 2670 1902 2750 aureolam,

303 2739 449 2798 Rufo
479 2739 615 2796 huic
646 2746 834 2794 nostro
863 2739 1034 2811 aptari
1079 2740 1273 2810 possit,
1316 2756 1427 2795 non
1467 2739 1537 2796 iis
1566 2742 1905 2811 argumentis

301 2813 497 2886 probat
548 2811 834 2886 U_ghellus,
880 2809 943 2865 ut
972 2809 1334 2886 adversantes
1367 2809 1682 2886 convincat.
1738 2813 1907 2886 Ruqu
1934 2809 1981 2869 B

300 2881 546 2957 geminat
576 2882 864 2957 Baropius,
896 2890 951 2937 et
982 2899 1077 2952 pro
1098 2881 1336 2954 episcopi
1368 2884 1534 2957 titulo
1563 2883 1690 2939 huic
1712 2883 1898 2957 vindi-

299 2953 501 3020 cando,
547 2955 681 3026 citat
705 2953 929 3021 Bedam,
963 2953 1156 3026 nempe
1178 2953 1321 3021 tunc
1349 2956 1655 3026 vulgatum,
1709 2956 1899 3010 Usuar-

297 3027 434 3084 dum
460 3034 518 3081 et
541 3025 949 3091 Adonem,cum
971 3025 1153 3081 tamen
1186 3026 1373 3081 nullus
1402 3025 1591 3082 eorum
1616 3042 1732 3081 eam
1763 3026 1901 3082 Rufo

296 3099 641 3170 dignitatem
687 3097 935 3170 ascribat.
979 3098 1152 3170 Magis
1202 3097 1475 3153 laudanda
1501 3106 1647 3166 sunt,
1684 3115 1804 3170 qua;
1834 3097 1902 3154 de

296 3168 831 3243 patritiadignitate
859 3168 1467 3243 eruditecoacervavit.
1511 3170 1614 3225 Sed
1656 3168 1771 3226 haec
1804 3172 1900 3243 im:

335 3240 720 3297 resentiarum
759 3240 1026 3313 versanda
1072 3251 1392 3313 nonsunt;
1446 3242 1633 3296 omnia
1682 3259 1801 3313 quas
1833 3240 1902 3297 ad

335 3259 720 3297 resenuarum
759 3259 1026 3296 versanda
1072 3259 1184 3296 non
1232 3259 1392 3305 sunt;
1446 3259 1633 3296 omnia
1682 3259 1801 3313 quas
1833 3259 1900 3297 au

295 3259 509 3385 Rufum
552 3328 722 3366 unum
755 3312 841 3385 vel
874 3312 1054 3385 plures
1078 3312 1374 3385 pertinent,
1404 3329 1529 3368 cum
1564 3312 1716 3369 Actis
1747 3313 1900 3385 ipsis,

299 3385 366 3441 de
394 3383 600 3456 quibus
632 3400 772 3439 χχιιι
811 3383 943 3456 Julii
988 3383 1045 3456 in
1080 3383 1405 3454 Apollinare
1437 3384 1811 3456 meminimus,
1844 3383 1902 3438 in

300 3455 493 3527 majOri
526 3470 711 3525 opere,
729 3471 829 3509 suo
851 3455 970 3510 loco
995 3455 1365 3511 discutientur
1395 3455 1637 3510 uberius.
1672 3456 1900 3511 Interim

302 3526 847 3598 commemorationis
876 3534 1072 3582 nostra:
1094 3530 1366 3598 scaturigo
1387 3543 1456 3581 ex
1478 3528 1721 3583 Romano
1736 3541 1904 3598 parvo

305 3597 593 3669 repetenda
626 3597 871 3671 videtur,
916 3598 989 3671 ita
1029 3597 1322 3671 loquentei
1359 3600 1573 3668 Capua,
1603 3597 1903 3668 Ruﬁ’mar-

303 3668 453 3741 tyris,
514 3668 861 3739 Apollinaris
914 3668 1179 3740 discipuli.
1232 3671 1362 3737 Quae
1417 3670 1471 3723 in
1510 3679 1662 3741 textu
1715 3677 1903 3724 nostro

302 3740 563 3813 adjuncta
585 3746 735 3805 sunt,
762 3756 921 3813 eaex
956 3741 1146 3797 Adone
1177 3742 1387 3811 accepit
1418 3740 1713 3803 Usuardus,
1741 3757 1902 3813 vocu-

301 3811 412 3868 lam
441 3829 625 3879 unam,
660 3820 780 3883 post
808 3811 1000 3878 docuit,
1034 3829 1374 3883 expungens,
1406 3828 1618 3883 nempe,
1661 3819 1708 3865 et
1736 3812 1902 3881 bapti-

306 3890 477 3939 zatus.
511 3883 799 3949 Notkerus,
852 3900 919 3939 ex
962 3885 1154 3940 lacuna
1202 3901 1299 3939 sua
1330 3884 1418 3939 hic
1451 3884 1689 3954 primum
1730 3900 1902 3954 emer-

304 3971 460 4082 gens,
490 3954 831 4041 Adonianam
864 3955 1104 4026 phrasim
1138 3957 1300 4026 paulo
1328 3953 1750 4011 contractiorem
1783 3953 1901 4009 red-

348 4025 473 4081 idit.
505 4025 687 4081 Nudo
720 4026 1145 4082 Wandalbertus
1178 4044 1190 4082 :

348 4025 473 4081 idit.
505 4025 687 4081 Nitide
720 4025 1152 4082 Wandalbertus
1178 4044 1190 4082 :

425 4134 560 4184 Rufe
588 4142 705 4182 tuos
737 4134 966 4182 recolens
992 4133 1220 4182 ostendit
1253 4143 1396 4181 sexta
1430 4131 1717 4193 triumphos
1744 4144 1755 4178 :

380 4240 687 4323 Tomitanae
716 4247 972 4323 martyres
991 4243 1251 4323 recolunt
1279 4240 1589 4323 apographa
1635 4239 1901 4312 Hierony-

302 4314 506 4384 miana,
539 4312 609 4368 ad
634 4329 755 4386 qua;
785 4313 1179 4382 Ftorentinius,
1218 4312 1409 4369 inutili
1458 4312 1680 4384 prorsus
1712 4327 1899 4383 opera,

1935 4179 1979 4239 ς,
2007 4171 2345 4229 Celebriores
2372 4176 2501 4222 sunt
2525 4167 2713 4239 Sancti
2748 4167 2852 4233 illi,
2886 4183 3054 4239 quam
3086 4176 3147 4221 ut
3168 4166 3261 4222 hic
3290 4165 3358 4221 ad

2014 2386 2316 2462 Notlgerum
2348 2401 2509 2462 suum
2540 2385 2800 2462 explicat,
2833 2386 2989 2457 quasi
3036 2385 3343 2462 obs_ervare_
3369 2405 3481 2445 non
3512 2406 3623 2462 po-

2013 2458 2214 2533 tuerit,
2260 2456 2509 2527 singulos
2539 2456 2655 2526 ejus
2712 2456 2894 2533 apices
2942 2474 3011 2512 ex
3054 2457 3256 2533 Adone
3312 2456 3621 2533 descriptos

2013 2545 2149 2584 esse.
2185 2530 2487 2583 Romanum
2524 2544 2755 2598 parvum
2786 2529 2866 2583 sic
2905 2530 3093 2600 paucis
3125 2530 3476 2600 praeluxerat,
3497 2529 3617 2587 ’Το-

2015 2601 2130 2667 mis,
2170 2599 2473 2671 Marcellini
2497 2605 2543 2652 et
2563 2600 2818 2655 Mannere.
2842 2599 2963 2655 Ado
2984 2599 3433 2671 Hierbnymianis
3452 2602 3615 2658 simi-

2014 2672 2123 2726 lior
2152 2681 2249 2736 est,
2284 2687 2352 2725 ex
2386 2670 2588 2741 quibus
2636 2670 2980 2741 singulorum
3012 2670 3352 2727 characteres
3398 2673 3620 2729 desum-

2013 2743 2182 2814 psisse
2212 2742 2451 2807 videtur,
2492 2758 2628 2813 quos
2658 2759 2689 2814 a
2718 2743 2958 2797 Notkero
3009 2742 3138 2797 inde
3180 2751 3433 2814 acceptos
3472 2743 3621 2800 dixi-

2016 2813 2155 2869 inus.
2192 2814 2628 2868 Nosteruxorem
2648 2813 2928 2877 distinxit,
2958 2822 3012 2869 et
3031 2813 3326 2884 expunctis
3355 2816 3543 2870 clerico
3572 2822 3621 2871 et

2010 2886 2195 2947 milite,
2219 2886 2335 2940 sola
2366 2885 2594 2939 nomina
2625 2885 2848 2956 propria
2872 2901 3222 2942 enumerasse
3250 2886 3384 2941 satis
3406 2887 3618 2943 habuit.

2009 2957 2112 3024 Qui
2146 2964 2452 3028 sequuntur
2485 2957 2840 3012 Cordubenses
2868 2964 3152 3028 martyres,
3197 2958 3424 3026 Georgio
3455 2958 3620 3027 duce,

2010 3027 2303 3101 Usuardiui
2336 3028 2740 3101 propriesunt,
2784 3027 3200 3101 antiquioribus
3234 3029 3624 3101 Martyrologis

2009 3100 2297 3173 incogniti,
2321 3099 2414 3154 sed
2437 3100 2504 3154 ab
2536 3099 2939 3173 UsuardoAcum
2976 3100 3165 3173 multis
3195 3100 3319 3173 aliis
3343 3099 3399 3155 in
3424 3099 3621 3173 Hispa-

2011 3170 2189 3226 niensi
2260 3187 2431 3225 messe
2479 3170 2719 3225 collecti.
2781 3170 3032 3240 Signavit
3088 3186 3180 3225 eos
3238 3170 3622 3227 Baronius'in

2015 3244 2261 3298 Romano
2284 3242 2551 3295 hodierno
2582 3257 2741 3295 xxvu
2763 3240 2920 3307 Julii,
2953 3256 3190 3311 eumque
3218 3240 3362 3296 diem
3383 3244 3622 3300 natalem

2011 3331 2124 3369 esse
2156 3331 2223 3368 ex
2254 3313 2487 3383 Eulogio
2519 3312 2735 3377 statuit,
2766 3312 2982 3383 aliaque
3012 3312 3268 3365 observat
3312 3312 3447 3366 alibi
3477 3314 3623 3367 illu-

2011 3384 2251 3453 stranda.
2288 3384 2424 3439 Acta
2450 3384 2566 3453 ipsa
2613 3382 2823 3453 egregie
2870 3382 3189 3453 prosecutus
3240 3390 3321 3436 est
3368 3383 3623 3439 laudatus

2002 3450 2278 3527 'Eulogius
2311 3455 2405 3509 lib.
2434 3450 2494 3509 11—.
2524 3450 2997 3527 Memoralisftoto
3027 3469 3145 3523 cap.
3178 3452 3621 3527 i_0,gubi_expre_s-

2011 3523 2225 3583 sissime
2287 3533 2509 3580 notatur
2565 3524 2837 3598 passionis
2895 3523 3012 3578 dies
3075 3541 3135 3598 _v_1
3176 3524 3298 3579 Kal.
3358 3523 3618 3598 Augusti.

2011 3600 2328 3670 Sequuntur
2350 3607 2535 3670 tamen
2557 3597 2847 3670 Pratenses
2878 3595 3137 3670 monachi
3164 3602 3438 3670 errantem
3457 3595 3622 3670 :Usu-

2012 3666 2227 3726 ardum.
2266 3672 2341 3725 De
2372 3668 2593 3739 Georgii
2621 3677 2675 3723 et
2725 3667 2937 3722 Aurelii
2968 3667 3329 3722 translatione
3385 3666 3512 3723 vide
3544 3684 3622 3724 xx

2012 3742 2286 3799 Octobris.
2324 3738 2619 3796 Cres/trium
2650 3740 3028 3804 Arelatensem,
3053 3747 3107 3793 et
3130 3738 3401 3807 Siagrium
3436 3741 3622 3809 Augu-

2011 3815 2368 3868 stodunensem
2395 3811 2843 3882 Hieronymianis
2862 3809 3104 3882 adjectos
3148 3817 3364 3882 reputat
3396 3810 3620 3866 Floren-

2013 3826 2368 3868 stodunensem
2395 3826 2843 3882 Hieronymianis
2862 3826 3104 3878 adjectos
3148 3826 3203 3864 re
3250 3826 3364 3863 utar
3397 3826 3613 3866 moren-

2013 3885 2204 3940 tinius.
2265 3884 2394 3954 Agit
2451 3882 2518 3937 de
2575 3890 2808 3954 utrique
2871 3826 3343 3954 Rabanus.__(3uid
3384 3882 3613 3937 Florum

2014 3956 2268 4023 moverit,
2322 3950 2388 4010 ut
2444 3950 2741 4011 Caesarium
2789 3960 3075 4022 martyrem
3131 3950 3358 4019 diceret,
3409 3955 3619 4009 nescio.

2012 4027 2293 4084 Usuardus
2336 4036 2390 4082 et
2438 4027 2710 4082 Notkerus
2744 4032 3068 4096 perpetuum
3101 4023 3389 4096 ductorem
3419 4024 3619 4091 secuti,

2011 4099 2173 4154 ambo
2203 4097 2654 4153 aununtiationes
2684 4094 2807 4150 suas
2845 4094 2922 4151 ex
2961 4094 3155 4151 Adone
3186 4094 3361 4151 descri
3407 4104 3618 4151 serunt.

2011 4171 2345 4222 Celebriores
2372 4176 2501 4222 sunt
2525 4167 2713 4222 Sancti
2748 4167 2852 4222 illi.
2886 4183 3054 4222 uuam
3086 4176 3147 4221 ut
3168 4166 3261 4222 hic
3290 4112 3419 4221 adigi
3462 4166 3618 4222 uuid-

3404 4184 3419 4221 ι
3462 4184 3620 4222 αιιια-

2011 4183 2345 4229 uelenriores
2372 4183 2501 4222 sunt
2525 4183 2713 4223 sancti
2748 4183 2852 4233 un,
2886 4183 3054 4237 quam
3086 4183 3147 4221 ut
3169 4183 3261 4222 nnc
3290 4183 3419 4221 auat
3462 4183 3620 4239 quiu-

2011 4258 2173 4314 quam
2231 4239 2462 4304 debeat;
2524 4237 2717 4314 legesis
2768 4237 3040 4308 tantisper
3069 4246 3351 4293 accuratas
3394 4237 3622 4295 Baronii

2010 4307 2081 4368 ad
2110 4320 2409 4381 utrumque
2440 4307 2778 4365 natationes.

1780 4439 2163 4499 AUCTARIA.

372 4556 899 4615 AK‘I'UBRP.-MAJOR.
949 4555 1115 4612 hodie
1155 4562 1443 4612 truncatus
1478 4564 1577 4623 est,
1627 4572 1753 4611 nam
1785 4563 1907 4627 post

312 4630 525 4686 Themis
571 4628 802 4695 civitate,
857 4635 1159 4682 sanctorum
1214 4634 1532 4698 martyrum,
1594 4627 1909 4684 immediate

305 4701 533 4757 subdit:
598 4701 831 4771 Georgii,
888 4708 993 4755 etc.
1038 4699 1255 4755 omissis
1304 4698 1668 4771 intermediis.
1708 4700 1767 4754 In
1800 4699 1912 4754 fine

303 4772 570 4844 adjicitur
596 4770 774 4844 ginso
815 4771 917 4840 die,
973 4771 1140 4826 sancti
1186 4771 1456 4827 Bernardi
1493 4770 1716 4826 abbatis.
1770 4771 1908 4827 Puto

305 4842 550 4900 voluisse
581 4842 795 4899 dicere:
840 4867 857 4890 ι
889 4844 1113 4908 Octava,
1144 4868 1162 4890 ι
1206 4850 1310 4898 etc.
1583 4878 1589 4884 -

378 4917 689 4971 PULSANBN.
723 4916 782 4970 in
820 4914 999 4985 prima
1035 4931 1223 4986 purus,
1256 4913 1467 4969 omittit
1494 4914 1810 4970 secundam.
1844 4914 1907 4970 In

310 4987 492 5068 tertia,
523 4987 789 5043 rescindit
818 4986 1080 5057 elogium.
1111 4987 1171 5042 In
1192 4993 1405 5059 quarta,
1429 5002 1598 5056 purus
1616 4995 1716 5042 est.
1750 4988 1911 5042 Deest

350 5068 525 5114 mnta.

350 5074 525 5114 mnia.

313 5074 344 5130 q
378 5129 890 5196 Amoene-Max,
914 5129 1335 5195 ULTRAJECTIN.,
1370 5128 1636 5196 Lernan”
1660 5128 1906 5183 ALBERG.

309 5209 359 5256 et
380 5203 581 5257 Dama.
604 5201 659 5255 in
692 5200 998 5255 Tomitanis
1028 5200 1274 5255 Adonem
1298 5207 1622 5269 sequuntur,
1644 5207 1703 5253 ut
1724 5215 1907 5270 supra.

307 5273 377 5327 Et
407 5271 611 5328 deinde
641 5271 886 5327 addunt:
932 5297 949 5319 ι
979 5271 1082 5339 Qui
1106 5270 1209 5326 sub
1233 5270 1496 5328 Culciano
1526 5269 1910 5341 praaside,post

307 5342 613 5399 edomitam
663 5342 939 5398 feritatem
997 5344 1255 5407 ferarum,
1307 5352 1427 5412 post
1462 5341 1709 5396 ﬂammas
1754 5356 1909 5410 supe-

2019 4572 2177 4628 quem
2210 4553 2429 4635 docuit_
2443 4561 2503 4635 et
2526 4552 2829 4635 baptizavit
2856 4553 3057 4635 beatus
3070 4631 3079 4635 _
3099 4552 3464 4635 Apolliparis,
3494 4569 3622 4635 cum

2018 4623 2159 4683 esset
2216 4626 2357 4680 idem
2394 4624 2566 4681 Rufus
2600 4623 2862 4694 patriciae
2907 4623 3213 4694 dignitatis.
3269 4624 3477 4680 Eodem
3511 4623 3623 4693 die,

2018 4707 2331 4755 sanctorum
2365 4696 2583 4767 Georgii
2612 4695 2855 4764 diaconi,
2879 4695 3112 4764 Aurelii,
3146 4695 3368 4764 Felicis,
3392 4697 3622 4753 Natalia:

2018 4779 2073 4827 et
2094 4770 2331 4836 Liliosm,
2355 4769 2603 4841 omnium
2649 4784 2748 4840 pro
2775 4768 2996 4827 Christo
3026 4784 3329 4841 passorum.
3364 4768 3623 4841 Augusti-

2018 4843 2176 4908 duni,
2210 4841 2387 4897 sancti
2419 4840 2615 4911 Siagrii
2643 4841 2883 4913 episcopi
2927 4849 2983 4898 et
3012 4840 3360 4898 Confessoris.
3394 4867 3413 4892 ι
3455 4840 3621 4899 Deest

2019 4914 2261 4970 secunda
2289 4922 2343 4970 et
2374 4921 2567 4986 quarta
2596 4914 2967 4986 anrnuntiatio.

2090 4983 2430 5042 BauxeLLE'N
2486 4985 2543 5039 in
2570 4985 2729 5058 Rufo.
2763 5002 2896 5058 pure
2924 4984 3246 5058 Adonianus
3283 4993 3395 5058 est:
3440 4983 3579 5058 Tum
3608 4997 3619 5035 :

2035 5084 2052 5106 ι
2076 5058 2238 5136 Apud
2261 5059 2476 5123 Nolam,
2500 5057 2675 5136 sancti
2696 5052 2892 5136 Felicis
2913 5052 3176 5136 episcOpi,
3198 5056 3313 5136 sub
3328 5052 3620 5136 yarciano

2019 5122 2271 5201 praeside,
2299 5146 2424 5184 cum
2462 5122 2585 5183 aliis
2618 5129 2864 5201 triginta
2894 5122 3306 5201 mhr_tyri;a_ti.»_
3328 5126 3406 5201 De
3436 5122 3619 5177 Tomi-

2020 5193 2185 5266 tanis,
2220 5207 2279 5254 ut
2302 5193 2791 5267 Amoene-Mai”
2816 5207 2920 5253 etc.
2959 5193 3149 5265 :Apud
3168 5193 3502 5267 Cordubam,
3530 5209 3623 5248 na-

2020 5272 2127 5328 tale
2157 5264 2471 5325 sanctorum
2503 5269 2741 5341 Georgii,
2776 5264 2792 5318 ὲ
2864 5275 2969 5324 etc.
3012 5264 3148 5323 Item
3184 5265 3250 5320 de
3302 5264 3541 5323 Caesarie
3568 5273 3622 5321 et

2021 5340 2253 5408 Siagrio,
2286 5342 2416 5396 satis
2458 5358 2613 5412 pure.

308 5423 477 5491 ratas,
513 5415 698 5487 gladio
729 5414 1023 5491 feriuntur,
1051 5406 1448 5491 et_sic_demu_m
1472 5429 1699 5491 ροτροΨ
1720 5406 1910 5491 eorum
1944 5417 1992 5475 D
2094 5406 2501 5491 llaosxorex.':_
2526 5437 2559 5491 -ι
2589 5411 2750 5491 Apud
2768 5408 3041 5491 Capuam,
3067 5408 3246 5463 natale
3269 5406 3414 5491 beati
3438 5408 3621 5491 Ruphi

310 5487 436 5543 igne
485 5483 825 5543 cremantur.
876 5510 894 5533 ι
939 5487 1025 5542 Ex
1067 5485 1154 5541 his
1203 5483 1489 5541 Maurolici
1540 5483 1592 5539 et
1647 5483 1912 5539 Galesinii

310 5505 324 5541 ι
366 5505 436 5542 ne
485 5505 825 5543 cremantur.
876 5510 894 5533 ι
939 5505 1025 5542 nx
1067 5505 1082 5540 ι

310 5505 494 5630 θῗοεὶα
523 5558 778 5614 confecta
806 5558 1086 5630 existimo.

378 5626 676 5686 IIOVANIEN
729 5629 1107 5701 superioribus
1136 5629 1326 5700 purior
1354 5636 1453 5695 est,
1475 5626 1568 5684 sed
1597 5626 1913 5684 Corduben-

310 5701 457 5757 sium
487 5701 734 5773 elogium
765 5700 823 5756 in
853 5717 917 5757 eo
955 5701 1315 5773 desideratur.

382 5771 708 5831 CENTULEN.
736 5790 749 5827 :
788 5797 807 5820 ι
827 5772 990 5845 Apud
1011 5772 1273 5845 Capuam,
1295 5772 1469 5830 sancti
1490 5772 1612 5829 Ruﬁ
1636 5771 1914 5844 martyris,

2024 5484 2301 5564 martyris,
2340 5484 2457 5564 _qui
2488 5481 2617 5564 ideo
2642 5479 2733 5564 ad
2764 5479 3283 5564 ﬁdemﬁc‘onversus
3340 5479 3625 5564 est,._q'ui'a

2021 5550 2722 5634 beatusApollinaris,Pe‘tri
2739 5551 2974 5634 apostoli
2996 5550 3621 5634 discipulps,suscitavit

2026 5629 2195 5683 ﬁliam
2224 5623 2342 5698 ej'us
2372 5625 2590 5698 unicam
2627 5624 2943 5698 defunctam
2969 5623 3111 5698 ;Aqui
3144 5623 3201 5698 in
3223 5624 3487 5698 Ravenna
3502 5630 3628 5698 erat

2026 5693 2310 5772 patricius,
2364 5705 2418 5752 et
2450 5695 2570 5751 ideo
2600 5696 2702 5772 sub
2731 5693 3116 5772 persecutione
3159 5693 3623 5772 Domici_ani_[Ca-

2028 5763 2215 5844 puam]
2252 5763 2447 5826 ductus
2469 5775 2571 5832 est,
2594 5775 2647 5824 et
2670 5763 2751 5824 ibi
2774 5766 2952 5839 capite
2978 5774 3287 5825 truncatus.
3309 5792 3325 5813 -
3367 5763 3628 5837 InLTomi-
