4108 6172
255 254 364 311 413

1321 251 1955 311 MARTYBOLOGIUM.
1996 285 2066 295 —
2100 254 2311 311 MENS.
2353 254 2519 310 AUG.

3470 252 3576 341 iis

256 385 619 445 falsissimum
651 391 770 439 est:
823 399 949 440 cum
989 386 1282 441 Dervensis
1318 385 1493 441 codex
1537 386 1869 442 Medericum
1897 391 1947 450 Α
1981 386 2038 442 in
2070 388 2237 442 litura
2279 386 2335 441 S.
2366 386 2688 454 Medericus,
2733 386 2792 440 in
2821 383 3008 440 eadem
3057 392 3305 441 versatur
3341 387 3396 443 S.
3434 388 3572 445 Can-

252 476 365 516 non
389 458 711 537 episcopum
735 463 918 523 vocet,
941 456 1033 511 sed
1056 457 1752 537 presbyterumduntaxat.
1770 460 1870 514 Ne-

256 548 377 606 que
396 529 561 606 etiarn
592 529 887 606 episcopus
912 544 1152 606 unquam
1187 529 1294 606 fuit
1322 548 1334 595 ;
1361 530 1452 606 sed
1482 532 1719 603 primum
1754 547 1865 606 nio-

255 599 489 668 tiachus,
521 600 654 655 dein
685 599 853 653 abbas
884 599 1113 655 alterius
1142 616 1209 654 ex
1248 601 1465 657 duobus
1485 599 1863 669 monasteriis,

253 692 377 748 quas
404 683 542 729 tunc
576 671 846 741 temporis
876 671 1261 748 Augustoduni
1288 682 1481 748 erant;
1518 674 1739 730 tandem
1772 676 1865 729 Pa-

254 743 421 811 risiis,
448 760 561 816 quo
581 760 744 797 causa
763 743 1023 816 oratiqnis
1053 751 1297 816 venerat,
1326 745 1498 800 vitam
1524 756 1697 801 morte
1720 762 1867 801 com-

254 814 492 874 mutavit
518 816 608 871 die
651 820 846 884 quarto
878 814 1250 869 Kalendarum
1297 816 1696 886 Septembrium.
1742 818 1868 874 Haec

255 907 322 947 ex
352 887 510 944 Actis
539 886 683 958 ejus,
713 902 835 958 quae
873 885 1098 958 Mabilio
1128 895 1313 958 noster
1332 885 1508 944 edidit
1547 906 1596 955 p.
1634 891 1683 956 1,
1713 889 1865 945 tertii

253 961 440 1018 saeculi
472 977 526 1031 p.
555 956 643 1031 {0.
678 956 989 1031 Antequam
1020 956 1151 1031 hinc
1171 957 1415 1027 discedo,
1435 960 1695 1031 nonnihil
1726 960 1865 1016 dilIi-

255 1028 696 1104 cultatis'patior,
716 1028 866 1084 unde
881 1044 938 1084 se
958 1028 1224 1086 Sollerius
1247 1030 1504 1102 expediat
1525 1032 1714 1087 velim.
1744 1031 1885 1099 Qua’

1980 459 2127 514 dida.
2173 458 2379 514 Eadem
2431 457 2719 527 utriusque
2764 455 3125 512 correctionis
3158 457 3429 527 scriptura
3466 469 3568 516 est.

1975 531 2178 586 Tamen
2197 530 2264 585 de
2284 537 2472 585 sancta
2491 527 2740 587 Candida
2758 527 3025 583 Sollerius
3043 528 3124 583 sic
3148 546 3158 583 :
3199 529 3349 583 Certe
3374 531 3570 587 Usuar-

1974 604 2155 657 dinam
2182 620 2286 656 esse
2313 608 2442 656 satts
2487 602 2727 655 euincunt
2759 599 2954 672 codices
2989 599 3179 672 nostri.
3212 599 3369 672 Quod
3400 601 3572 672 igitur

1975 673 2041 729 de
2079 673 2350 729 Mederico
2397 672 2649 727 additum
2692 671 2819 736 fuit,
2854 670 3566 743 aequenUsuardinum'est.

1974 746 2091 800 Jam
2122 744 2412 800 Sollerium
2446 760 2579 813 rogo
2608 743 2794 814 veniat
2840 741 2974 811 ipse,
3007 741 3271 814 docturus
3309 742 3443 814 quid
3472 743 3571 799 di-

1974 817 2253 872 scriminis
2277 815 2494 870 intersit
2526 813 2688 884 hujus
2709 813 3066 870 correctionis
3094 813 3237 867 inter
3251 821 3305 867 et
3329 813 3567 870 aliarum

1976 888 2381 944 correctionum
2407 886 2754 957 scripturam.
2785 886 2917 957 Nam
2942 901 3043 941 nec
3067 901 3188 957 ego,
3216 900 3316 940 nec
3336 885 3482 941 ullus
3497 901 3569 942 ex

1976 959 2141 1031 hujus
2172 958 2325 1014 urbis
2354 955 2584 1015 eruditis
2606 957 2783 1013 ullum
2812 955 3084 1012 videmus.
3117 955 3458 1013 BOUILLART.

1457 1147 1861 1205 VABIANTES
1898 1147 2307 1205 LECTlONES.

323 1242 543 1297 Praten.
582 1239 738 1311 legit,
770 1239 1002 1294 inventir
1047 1239 1236 1310 capitis
1264 1239 1509 1308 Joannis,
1554 1248 1659 1296 etc.
1712 1242 1863 1295 Ant-

256 1311 573 1384 verp-Maj.,
621 1312 855 1384 inventio
918 1311 1206 1384 beatissimi
1250 1312 1501 1384 Joannis.
1566 1311 1858 1384 Rosweyd.

258 1382 378 1441 cum
410 1382 660 1439 Pratensi
687 1383 976 1456 convenit,
1007 1391 1091 1438 ast
1135 1383 1416 1456 Herinien.
1452 1392 1506 1439 et
1537 1383 1732 1456 reliqui
1765 1382 1862 1440 di-

258 1464 394 1513 serte
424 1462 641 1527 ponunt
689 1463 751 1509 ut
779 1464 860 1527 est
891 1455 943 1508 in
979 1461 1154 1527 textu.
1196 1454 1457 1527 Diximus
1484 1454 1616 1509 alibi
1656 1454 1728 1510 de
1765 1472 1863 1509 so-

261 1525 635 1598 lempnitatem,
668 1534 729 1580 ut
753 1525 969 1581 codices
997 1525 1128 1580 alibi
1161 1525 1625 1598 scriberesolent.
1660 1527 1862 1581 Mune-

262 1597 373 1654 rat.
399 1615 500 1669 pro
548 1598 837 1668 evangelica
882 1598 1256 1667 comprobatur
1303 1597 1533 1664 lectione,
1574 1598 1863 1654 substituit

268 1670 566 1739 evangelica
590 1670 844 1739 probatur
870 1669 1201 1724 auctoritate.
1245 1669 1480 1724 Greven.
1513 1679 1568 1726 et
1596 1670 1796 1724 Molan.
1830 1686 1861 1724 a

268 1740 497 1821 reliquis
527 1740 808 1821 discedunt
838 1740 917 1821 in,
949 1740 1159 1821 quando
1180 1747 1338 1810 caput
1366 1739 1861 1821 ejusfepertumest

263 1811 483 1868 secundo
521 1812 574 1865 in
602 1812 820 1866 Edissa.
854 1811 1215 1867 Scribendum
1264 1818 1405 1866 esset
1451 1814 1666 1878 Emesa,
1697 1811 1791 1867 sed
1829 1827 1860 1867 a

259 1883 541 1940 codicibus
570 1899 681 1937 non
713 1883 1038 1939 recedimus.
1080 1884 1184 1939 Pro
1206 1883 1492 1949 conditum,
1535 1883 1695 1939 habet
1729 1883 1859 1940 Mu-

260 1963 408 2011 nerat
462 1956 811 2011 reconditum.
844 1956 981 2010 Item
1013 1955 1224 2010 Sabinae
1240 1954 1485 2025 virginis,
1505 1960 1555 2009 et
1578 1955 1855 2026 martyris.

260 2026 393 2083 Vide
418 2026 871 2083 Observationes.
917 2027 981 2082 In
1014 2025 1298 2081 Herinien.
1327 2021 1412 2082 est
1451 2021 1754 2082 Trecasino.
1795 2027 1857 2082 In
1893 2021 1938 2081 Β

2042 1240 2459 1313 Antuerp.-Ma.
2489 1240 2712 1313 Legim,
2745 1257 2844 1313 pro
2874 1240 3100 1309 Sabinae,
3125 1242 3213 1313 vel
3245 1242 3475 1309 Sabinae,
3507 1247 3570 1299 ut

1972 1313 2164 1368 scribit
2189 1314 2455 1368 Munerat.
2490 1312 2713 1383 Notavit
2749 1312 3093 1370 Castellanus
3121 1312 3343 1369 lituram
3376 1315 3433 1368 in
3461 1329 3583 1383 co-,

1969 1382 2090 1438 dice
2131 1384 2397 1450 Pratensi,
2438 1382 2752 1454 incipiendo
2781 1400 2813 1438 a
2842 1384 3088 1439 Parisius
3123 1384 3240 1453 dep.
3294 1400 3467 1449 usque
3495 1383 3560 1439 ad

1970 1454 2175 1535 finem,
2200 1456 2290 1535 cui
2329 1455 2760 1535 superscriptum
2802 1455 3068 1535 advertit,
3119 1455 3272 1535 ositio
3310 1454 3568 1535 blederici

1964 1526 2257 1596 presbyteri
2300 1533 2348 1580 et
2376 1526 2637 1592 monachi,
2663 1533 2768 1581 etc.
2801 1526 2873 1581 Et
2901 1542 3019 1581 eam
3068 1526 3347 1582 scribendi
3390 1526 3564 1596 ratio-

1969 1595 2095 1652 nem
2138 1605 2445 1669 sequuntur
2488 1597 2732 1669 perpetui
2762 1596 2992 1655 comites
3036 1595 3462 1669 Antuerp.-Maj.
3512 1603 3566 1652 et

1973 1667 2263 1741 Rosweyd.
2297 1670 2475 1724 Antea
2522 1667 2831 1741 habebatur
2866 1668 3118 1741 Mederici
3153 1667 3402 1741 episcopi,
3451 1684 3563 1740 quo

1969 1739 2134 1811 modo
2163 1739 2296 1811 legit
2323 1741 2524 1795 Molan.
2564 1739 2669 1811 Sed
2699 1740 3038 1810 praeferenda
3063 1746 3144 1794 est
3189 1739 3480 1795 Herinien.’
3506 1746 3563 1796 et

1969 1810 2435 1879 Greveni'lectio,
2476 1810 2728 1880 depositio
2772 1811 3022 1866 Mederici
3064 1810 3374 1880 presbyteri,
3425 1826 3558 1877 non,

1968 1883 2135 1937 sancti
2163 1882 2411 1937 Mederici
2433 1881 2657 1947 abbatis,
2692 1890 2755 1936 ut
2784 1881 3018 1937 habetur
3047 1881 3105 1936 in
3135 1882 3439 1937 Munerato.
3470 1881 3563 1938 Ni-

1967 1952 2273 2010 hilominus
2302 1953 2518 2011 codices
2540 1952 2627 2009 illi
2655 1953 2802 2009 inter
2829 1970 2995 2026 puros
3034 1952 3308 2009 numerati
3336 1962 3487 2010 sunt.

1614 2151 2110 2211 OBSERVATION
2115 2152 2220 2210 ES.

324 2252 397 2306 De
423 2249 729 2322 inventione
746 2250 936 2321 capitis
960 2251 1215 2322 Baptistae
1234 2250 1539 2319 Prodromi,
1568 2266 1632 2307 ea
1662 2252 1851 2322 paucis

260 2320 325 2378 ad
356 2338 485 2377 xxrv
517 2320 1099 2393 Februarii’complexi
1127 2339 1336 2390 sumus,
1360 2339 1479 2394 quae
1497 2322 1589 2378 hic
1608 2320 1851 2394 repetere

260 2409 725 2465 supervacaneum
746 2402 903 2450 esset.
926 2395 1096 2450 Porro
1116 2394 1183 2449 ad
1198 2411 1336 2449 xxxv
1355 2394 1505 2449 Junii
1529 2394 1737 2450 dictum
1752 2464 1755 2465 ν
1770 2403 1853 2451 est

260 2464 799 2538 ign’liieronymianis
821 2467 1094 2538 plerisque
1120 2465 1448 2537 apoaraphis
1476 2473 1530 2520 et
1552 2465 1655 2538 illo
1678 2473 1731 2520 et
1747 2464 1853 2521 hoc

256 2536 339 2593 die
365 2535 600 2592 natalem
630 2535 752 2607 ejus
778 2535 834 2590 in
864 2535 1099 2594 Sebastia
1128 2535 1600 2606 recoli,‘quamvis
1628 2536 1694 2591 de
1720 2552 1851 2592 vero

258 2617 306 2663 et
332 2609 577 2679 genuino
598 2607 768 2678 hujus
782 2608 890 2664 diei
918 2617 1073 2664 textu
1102 2609 1343 2680 disputet
1363 2608 1737 2680 Florentinius
1760 2607 1852 2680 ad-

256 2678 565 2735 monitione
587 2680 642 2746 6,
668 2696 722 2751 p.
756 2680 825 2735 26
845 2688 898 2735 et
913 2679 1002 2735 28.
1025 2679 1172 2735 Beda
1194 2678 1479 2751 signanter
1500 2678 1665 2734 hodie
1684 2679 1848 2751 legit:

256 2752 448 2806 Eodem
468 2752 580 2819 die,
611 2750 889 2806 decollatio
919 2753 1085 2807 sancti
1103 2750 1326 2807 Joannis
1347 2750 1613 2821 Baptistae.
1645 2750 1851 2805 Verum

256 2839 367 2895 quae
398 2823 616 2895 ibidem
646 2822 1046 2895 adjunguntur,
1090 2823 1220 2879 satis
1250 2822 1495 2877 innuunt
1523 2821 1852 2895 translatio-

255 2893 372 2949 nem
405 2894 613 2965 capitis
644 2894 897 2965 intelligi.
932 2896 1239 2951 Romanum
1278 2910 1505 2965 parvum
1535 2902 1588 2948 et
1620 2893 1739 2948 Ado
1770 2893 1850 2947 in-

252 2965 438 3021 dicant
482 2964 889 3020 decollationem
947 2966 1098 3020 hodie
1158 2966 1418 3020 venerari.
1481 2964 1687 3021 Caetera
1732 2980 1851 3036 qua)

253 3047 565 3109 postremus
582 3036 761 3109 habet
800 3038 917 3109 ipsa
959 3045 1088 3092 sunt
1123 3037 1282 3091 Beda:
1337 3037 1520 3102 verba,
1568 3052 1599 3091 a
1631 3036 1852 3092 Rabano

252 3107 424 3180 etiam
466 3116 521 3163 et
553 3107 796 3164 Notkero
825 3107 1124 3180 descripta.
1158 3110 1267 3164 Nec
1303 3110 1537 3180 clariora
1574 3116 1703 3180 sunt
1731 3124 1851 3180 qua:

252 3179 323 3234 ab
346 3179 544 3235 Adone
564 3180 620 3233 in
650 3179 1048 3235 festivitatibus
1064 3181 1454 3251 Apostolorum
1480 3179 1581 3234 hac
1606 3179 1696 3251 die
1718 3179 1851 3251 refe:

252 3260 475 3306 runtur.
523 3251 719 3305 Noster
769 3267 837 3305 ex
885 3259 1041 3306 textu
1074 3248 1362 3306 Adoniano
1394 3268 1528 3305 xxxv
1568 3248 1853 3306 Februarii

253 3323 460 3379 eruisse
511 3321 752 3390 videtur,
804 3323 1236 3391 decollationem,
1289 3339 1409 3391 quae
1457 3322 1604 3377 circa
1649 3321 1851 3376 festum

254 3395 499 3461 Paschaa,
532 3393 687 3465 verbi
710 3398 893 3465 gratia
922 3411 938 3448 ι
970 3394 1197 3465 Aprilis,
1244 3393 1508 3449 celebrari
1548 3409 1659 3465 non
1690 3401 1855 3465 pote—

264 3474 361 3534 rat,
396 3466 526 3521 ideo
558 3464 661 3520 hac
689 3464 778 3520 die
822 3464 1220 3535 consignatam,
1260 3465 1406 3536 quod
1439 3481 1502 3520 eo
1543 3464 1662 3534 ipso
1710 3464 1855 3536 facta

1960 2252 2128 2319 tonis,
2164 2250 2243 2307 uti
2273 2258 2327 2306 et
2347 2250 2405 2306 in
2434 2250 2872 2307 Sacramentario
2900 2250 3170 2321 Gregorii,
3193 2251 3313 2306 solo
3338 2249 3565 2307 nomine

1961 2323 2232 2394 signatur.
2280 2324 2391 2378 Nec
2427 2330 2623 2392 praeter
2670 2322 3211 2394 martyristitulum
3257 2320 3561 2394 quidquam

1959 2392 2199 2449 astruxit
2227 2396 2534 2451 Romanum
2566 2392 2829 2464 parvum,
2853 2392 2961 2448 nisi
2992 2393 3139 2464 quod
3165 2392 3343 2448 locum
3372 2392 3559 2460 addat,

1960 2466 2031 2520 ad
2055 2483 2242 2519 arcum
2273 2464 2537 2520 Faustini.
2570 2464 2735 2519 Plura
2763 2480 2833 2518 ex
2868 2464 3107 2533 praetatis
3142 2464 3377 2534 Serapim
3408 2464 3564 2520 Actis

1960 2537 2248 2593 contexuit
2276 2536 2416 2603 Ado,
2441 2534 2676 2606 indeque
2705 2534 2811 2590 hoc
2834 2535 3105 2605 praecipue
3132 2536 3344 2606 accepit
3367 2534 3561 2589 Usuar-

1961 2608 2083 2675 dus,
2117 2624 2225 2679 quo
2254 2604 2675 2679 illustrissimum
2705 2604 3013 2679 martyrem,
3035 2604 3317 2679 praedicet:
3345 2606 3562 2679 Ngtke-

1960 2695 2056 2734 rus
2086 2676 2257 2750 pauca
2308 2678 2471 2750 etiam
2511 2677 2690 2750 capita
2736 2676 3054 2750 summatim
3100 2676 3367 2750 decurrit.
3402 2676 3564 2750 Plura

1963 2746 2519 2827 dabunt_Notat_ioues
2549 2746 2771 2827 Banqnii
2793 2756 2847 2801 et
2867 2747 3219 2827 Florentinii.
3250 2746 3564 2827 Ex‘prioris

1963 2821 2274 2876 Annalibus
2302 2820 2371 2876 ad
2399 2836 2603 2874 annum
2636 2819 2759 2885 432,
2795 2834 2950 2873 num.
2985 2818 3075 2883 37,
3107 2817 3284 2874 disces
3322 2816 3562 2874 dicatam

1961 2893 2010 2948 ei
2065 2908 2161 2963 per
2215 2892 2274 2948 id
2320 2891 2586 2963 temporis
2641 2890 2967 2963 ecclesiam,
3008 2888 3188 2963 etiam
3246 2887 3410 2963 hodie
3462 2905 3563 2963 ce-

1963 2959 2547 3033 lebratissimam,fad
2600 2977 2764 3033 quam
2818 2960 2880 3014 fit
2918 2959 3239 3033 _prima_eg
3262 2959 3568 3016 solemnior

1960 3036 2127 3092 statio
2170 3035 2309 3091 feria
2340 3052 2394 3089 IV
2424 3031 2708 3100 Cinerum,
2741 3040 2802 3087 ut
2842 3031 2969 3087 vide
3007 3031 3153 3103 apud
3201 3031 3560 3099 Frontonem,

1997 3124 2080 3169 ag.
2113 3106 2201 3163 33.

1997 3124 2027 3161 a
2070 3151 2080 3161 .
2113 3123 2156 3161 δ
2188 3150 2201 3163 .

1961 3123 1994 3179 p
2032 3123 2287 3233 gabijnam
2331 3193 2427 3232 seu
2478 3176 2730 3231 Sabinam
2777 3176 3075 3229 Trecensem
3122 3189 3405 3244 perperam
3454 3173 3566 3230 huc

1960 3248 2028 3305 ab
2061 3249 2306 3305 Usuardo
2336 3247 2607 3302 intrusam
2638 3254 2783 3302 recte
2810 3245 3051 3301 advertit
3080 3244 3441 3313 Castellanus,
3479 3253 3564 3299 ut-

1999 3330 2087 3376 ote
2133 3336 2295 3392 quam
2347 3317 2487 3392 scire
2537 3317 2802 3392 potuerit,
2832 3333 2942 3392 non
2989 3316 3092 3392 hac
3138 3317 3249 3382 die,
3278 3314 3378 3392 sed
3424 3332 3565 3392 xx1x

1999 3336 2087 3376 Ole
2133 3336 2295 3392 quam
2347 3336 2487 3374 solre
2537 3336 2795 3389 patuerit,
2832 3336 2942 3371 non
2990 3336 3092 3373 nac
3138 3336 3249 3382 uie,
3283 3336 3378 3370 seu
3425 3336 3565 3370 xxrx

1961 3336 2206 3447 gannarii
2242 3408 2268 3447 a
2327 3389 2696 3460 popularibus
2713 3387 2935 3460 publica
2962 3387 3169 3460 ubique
3214 3386 3564 3460 solemnitate
3608 3407 3619 3421 κ

1964 3462 2252 3529 celebrari,
2272 3457 2340 3517 ut
2366 3457 2422 3515 in
2457 3459 2611 3515 Actis
2638 3457 2853 3514 adeam
2883 3458 3030 3513 diem
3066 3457 3242 3512 fusius
3272 3457 3563 3527 probatum

257 3529 418 3592 fuerit
447 3536 696 3593 secunda
726 3537 863 3593 sacri
909 3529 1108 3607 capitis
1140 3529 1408 3591 inventio.
1442 3539 1512 3590 At
1557 3529 1705 3607 enim
1740 3535 1853 3607 fere
1883 3535 1925 3596 Ο
1958 3535 2226 3607 invenies,
2260 3532 2514 3607 idemque
2546 3529 2978 3607 ferme_Usuardi
3023 3529 3265 3607 elogium
3309 3544 3379 3607 ex
3406 3544 3563 3607 non-

254 3609 541 3664 arbitraria
576 3607 693 3663 haec
722 3623 857 3673 esse,
890 3608 935 3663 si
964 3607 1151 3663 omnia
1182 3616 1326 3663 recte
1359 3606 1728 3678 perpenderis,
1762 3606 1855 3660 fa-

254 3680 354 3736 cile
379 3680 703 3751 perspicies.
731 3679 921 3734 Melior
947 3679 1177 3751 fortasse
1198 3677 1490 3751 castellani
1515 3677 1848 3751 conjectura,

256 3748 531 3807 censentis
557 3750 943 3806 decollationis
974 3750 1173 3805 festum
1205 3750 1510 3805 obtinuisse
1539 3750 1608 3804 ob
1639 3748 1852 3804 dedica-

253 3823 462 3878 tionem
497 3823 817 3877 hodiernam
850 3822 1045 3894 templi
1072 3838 1103 3876 a
1134 3821 1444 3894 Theodosio
1463 3819 1699 3894 conditi.
1730 3819 1852 3894 Alii

259 3894 367 3947 alia
395 3895 731 3965 excogitant,
758 3910 878 3965 qum
898 3891 1120 3965 uberius
1140 3893 1261 3948 loco
1290 3893 1517 3965 proprio
1533 3891 1743 3965 discuti
1762 3908 1853 3965 po-

262 3972 473 4030 terunt,
509 3963 559 4019 et
578 3965 693 4020 illis
721 3963 1013 4036 superaddi
1037 3980 1157 4036 quae
1179 3963 1306 4019 fuse
1321 3972 1375 4019 et
1389 3963 1854 4036 eruditededuitit

256 4036 664 4108 Papebrochius
696 4034 845 4092 tonio
872 4036 947 4091 IV
967 4034 1169 4108 Juniia
1188 4036 1534 4108 pag._7ll,_et
1554 4034 1853 4108 Till_e_mon-

254 4104 363 4162 tius
382 4108 590 4164 citatus
609 4107 757 4162 dicta
781 4108 871 4163 die
890 4123 1027 4179 xxiv
1044 4104 1350 4179 Februarii,
1380 4104 1583 4179 quibus
1607 4104 1857 4179 addenda

255 4188 379 4235 sunt
431 4196 558 4250 quae
605 4189 809 4250 contra,
841 4179 898 4250 P7.
952 4178 1137 4250 l’Amy
1186 4176 1331 4250 idem
1379 4176 1857 4250 auctordisputat

254 4259 401 4306 torno
421 4247 499 4318 II,
520 4268 547 4305 a
572 4266 693 4321 pag.
719 4249 841 4307 714.
865 4248 1010 4321 Quid
1034 4248 1547 4321 Wandalbertusde
1578 4247 1678 4321 hac
1708 4248 1857 4303 festi-

255 4322 421 4399 vitate
449 4319 826 4399 _senseri_t,_ex
872 4320 991 4399 ej_us
1036 4319 1289 4375 versibus
1324 4320 1615 4399 intelliges.
1650 4320 1856 4399 [meum

253 4392 413 4449 etiam
449 4393 621 4449 habet
667 4392 868 4448 Sabina
904 4390 1174 4459 Romana,
1224 4408 1345 4464 quae
1374 4390 1642 4463 sequitur,
1677 4390 1768 4448 hic
1797 4397 1859 4446 ut

254 4465 398 4537 virgo
428 4465 709 4521 celebrata
735 4483 745 4519 :

343 4592 533 4641 Praeco
572 4590 685 4645 Dei,
717 4588 872 4641 Verbi
898 4603 1013 4649 vox,
1051 4596 1103 4637 et
1136 4588 1368 4649 Baptista
1389 4587 1635 4647 Joannes,

341 4655 518 4714 Quem
551 4653 707 4701 eﬂ‘era
743 4653 947 4701 saltanti
978 4653 1267 4700 tribuerunt
1289 4652 1432 4713 jussa
1464 4649 1668 4712 puellae,

344 4717 582 4776 lusignit
610 4726 843 4777 quartam
872 4718 1167 4762 meritorum
1199 4714 1349 4762 laude
1378 4715 1608 4777 perenni.

338 4774 513 4840 Virgo
540 4774 735 4828 Sabina
766 4778 919 4825 simul
957 4777 1137 4828 Romae
1168 4791 1259 4825 sua
1291 4776 1481 4838 templa
1504 4774 1702 4824 revisit.
1788 4808 1805 4827 .

1962 3605 2132 3660 nullis
2182 3598 2307 3659 mss.
2361 3598 2768 3673 Martyrologiis
2814 3602 3068 3673 relatum.
3114 3598 3257 3656 Satis
3311 3598 3562 3673 insinuat

1962 3677 2216 3732 laudatus
2266 3670 2608 3733 Castellanus
2655 3670 2909 3744 Bimestri
2960 3672 3139 3744 primo
3169 3714 3182 3738 ,
3224 3687 3385 3744 ipag.
3431 3670 3560 3739 452,

1962 3748 2109 3803 diem
2150 3747 2298 3803 hunc
2340 3747 2408 3802 ab
2442 3745 2687 3803 Usuardo
2725 3743 2940 3800 Sabinae
2965 3743 3236 3798 ’Trecensi
3269 3758 3560 3799 consecra-

1963 3828 2082 3875 tum
2131 3819 2320 3886 fuisse,
2353 3818 2501 3889 quod
2546 3833 2611 3872 eo
2651 3815 2764 3887 jam
2809 3814 2959 3871 dicta
3004 3830 3317 3889 synonyma
3363 3812 3567 3889 Sabina

1962 3893 2207 3948 Romana
2254 3885 2988 3960 recoleretur,'quanquam
3038 3885 3106 3942 de
3157 3901 3288 3941 vera
3337 3885 3568 3940 alterius

1964 3963 2269 4018 festivitate
2298 3961 2495 4017 melius
2524 3958 2739 4016 edoceri
2774 3958 3060 4029 potuisset.
3122 4018 3126 4026 ,

2038 4033 2338 4090 Medericus
2365 4050 2397 4087 a
2422 4034 2541 4088 solo
2574 4032 2703 4087 item
2735 4032 2934 4087 Nostro
2978 4036 3197 4085 notatus
3234 4036 3335 4085 est.
3364 4043 3474 4082 non
3506 4032 3569 4081 ut

1963 4108 2272 4171 monachus,
2313 4105 2474 4159 abbas
2494 4112 2604 4159 aut
2621 4104 2911 4174 episcopus,
2934 4108 2996 4157 ut
3010 4117 3176 4172 supra
3201 4098 3565 4174 ostendimus,

1964 4178 2185 4233 tametsi
2230 4177 2561 4241 monachum,
2612 4172 2684 4241 et,
2734 4172 2917 4240 si’vis,
2972 4174 3209 4228 abbatem
3246 4172 3417 4228 fuisse
3456 4185 3567 4225 non

1966 4249 2321 4312 dilIiteamur,
2354 4246 2447 4300 sed
2479 4254 2541 4300 ut
2569 4244 2858 4315 presbyter,
2883 4244 3026 4298 sicut
3054 4252 3243 4315 textus
3260 4252 3448 4315 noster
3473 4258 3567 4315 βξ(-
3658 4297 3670 4309 ,

1968 4320 2148 4397 hibet_._
2187 4316 2489 4397 _Vide_qu2e
2535 4313 2604 4370 de
2632 4330 2712 4397 eo_
2742 4313 2909 4368 refert
2958 4322 3014 4368 et
3040 4313 3568 4397 observat-Mabilio

1967 4390 2153 4446 saeculi
2187 4382 2471 4467 Benedict.
2508 4391 2819 4467 triparte‘t,
2851 4399 2882 4438 a
2912 4399 3033 4467 pag.
3064 4384 3120 4463 β,
3153 4383 3248 4438 ubi
3291 4383 3360 4438 de
3390 4382 3569 4467 sancti

1969 4469 2148 4528 aetate,
2179 4459 2247 4533 de
2270 4465 2501 4533 auctore
2549 4453 2710 4523 Vita),
2744 4455 2833 4533 de“
2857 4453 3197 4533 professione
3240 4454 3564 4533 monastica,

1968 4533 2036 4588 de
2064 4522 2235 4586 variis
2266 4529 2421 4595 locis,
2453 4528 2570 4583 sive
2598 4522 2874 4584 coenobiis
2894 4525 3014 4580 sive
3043 4523 3189 4589 aliis,
3231 4540 3262 4579 a
3288 4522 3564 4595 Mederico

1969 4603 2153 4668 cultis,
2185 4601 2423 4672 denique
2443 4599 2516 4672 de?
2533 4599 2756 4672 cellula,
2786 4597 2846 4672 in
2867 4595 3203 4651 suburbanis
3228 4594 3567 4672 Parisiorum

1970 4674 2072 4731 sub
2094 4665 2320 4728 nomine
2334 4665 2610 4744 principis
2629 4667 3002 4744 apostolorum
3022 4670 3355 4744 consecrata,
3380 4665 3439 4721 in
3460 4681 3570 4744 qua

1971 4753 2307 4819 postremum
2332 4739 2573 4819 fixerit.
2606 4739 2677 4819 ac
2697 4741 2921 4819 demnm
2951 4739 3335 4819 exspiraverit,
3355 4740 3566 4819 multa,

1974 4810 2123 4873 inore
2165 4832 2286 4884 suo,
2315 4815 2610 4887 diligenter
2653 4811 2891 4887 inquirit
2914 4818 2968 4867 et
3016 4812 3281 4887 explicat,
3318 4810 3570 4887 plnribus

316 4896 493 4952 Ponit
519 4894 685 4950 hodie
721 4894 897 4966 primo
930 4896 1050 4950 loco
1081 4893 1228 4948 Beda
1260 4910 1272 4947 ε
1304 4894 1509 4966 Romae,
1541 4899 1735 4948 sancta:
1766 4892 1859 4948 Sa-
1891 4897 1939 4955 D
1969 4889 2099 4945 alibi
2126 4883 2801 4966 deduCenda._Candiddm
2820 4885 3060 4966 aliquam
3075 4883 3352 4966 virginem
3380 4885 3569 4965 Bema-

252 4968 385 5023 binaz
427 4968 661 5037 virginis
688 4965 844 5037 atque
885 4966 1181 5034 martyris:
1223 4965 1475 5037 Babanus
1522 4966 1721 5037 solum,
1758 4966 1857 5020 Sa-

253 5040 388 5111 bime
416 5036 705 5111 martyris,
746 5036 855 5111 quo
888 5037 1049 5092 modo
1086 5036 1401 5111 verosiinnile
1431 5044 1512 5091 est
1546 5036 1801 5111 primum
1829 5051 1859 5088 a

249 5109 398 5166 Beda
431 5107 702 5182 scriptum
738 5107 927 5176 fuisse,
956 5126 1081 5182 cum
1112 5124 1179 5163 ex
1211 5107 1613 5182 Actisconstet
1640 5107 1859 5177 pracla-

249 5183 461 5237 rissimi
489 5178 757 5253 quondam
789 5180 1051 5237 Valentini
1064 5196 1285 5253 amorem
1312 5179 1478 5233 fuisse
1532 5178 1598 5253 de
1621 5194 1731 5253 qua
1746 5193 1856 5253 me-

254 5255 471 5309 minere
497 5249 641 5309 Acta
669 5252 904 5324 Serapim
937 5251 1189 5324 Virginis,
1246 5268 1307 5324 tu
1338 5249 1861 5324 septem‘brisjllu-

250 5328 501 5383 stranda.
552 5326 607 5380 ln
642 5321 924 5379 veteribus
964 5321 1331 5377 Kalendariis.
1372 5321 1566 5377 Allatii
1596 5328 1650 5376 et
1678 5321 1861 5376 Fron-

1969 4978 2096 5017 nam
2136 4960 2300 5017 sociis
2327 4960 2453 5016 aliis
2485 4958 2782 5015 immistam
2822 4955 3033 5029 profert
3073 4955 3569 5031 Hieronymianum

1966 5034 2368 5104 Epternacense
2398 5022 2860 5104 vetustissimum,
2903 5044 3083 5104 quani
3119 5022 3569 5104 faciie'cred‘ide-

1968 5096 2073 5160 riin
2120 5121 2189 5159 ex
2225 5102 2542 5174 hujusmodi
2588 5096 3007 5175 apographotab
3039 5096 3285 5175 Usuardo
3330 5099 3565 5175 erutam.

1969 5177 2126 5233 Certe
2148 5166 2508 5229 Usuardinam
2531 5166 2665 5243 esse,
2693 5166 2827 5227 satis
2849 5170 3117 5224 evincunt
3130 5166 3347 5221 codices
3369 5166 3564 5243 nostri,

1968 5263 2036 5301 ex
2089 5245 2291 5317 quibus
2337 5261 2488 5316 aeque
2535 5241 2819 5299 evidenter
2882 5245 3031 5310 patet
3078 5250 3334 5309 germana
3398 5241 3569 5291 totius

1970 5315 2158 5373 textus
2184 5315 2531 5387 simplicitas.

1726 5445 2108 5506 AUCTARIA.

329 5553 674 5619 PULSANEN.,
709 5551 767 5607 in
816 5551 993 5623 prima
1036 5548 1485 5623 annuntiatione_
1502 5546 1634 5623 satis
1674 5563 1866 5623 purus,

258 5625 479 5695 pergit:
526 5648 544 5669 ε
578 5624 641 5679 In
662 5618 1186 5695 pago—Trecassino,
1227 5629 1426 5679 sanctae
1456 5618 1671 5675 Sabinae
1703 5618 1869 5689 virgi-

258 5694 375 5771 nis.
411 5720 434 5743 ι
466 5694 685 5751 Desunt
714 5694 976 5771 reliqua._
1240 5765 1251 5771 _
1516 5762 1550 5771 __
1619 5761 1630 5771 ,
1687 5760 1698 5771 ,

321 5768 620 5823 Amoene.
668 5774 725 5822 et
754 5760 1157 5823 Max—Luem.
1199 5765 1361 5837 plane
1392 5761 1633 5837 mutilati
1655 5760 1735 5837 sic
1763 5760 1872 5816 ha-

252 5834 393 5893 bent
420 5856 433 5893 :
466 5858 491 5889 u
521 5838 832 5895 Decollatio
863 5838 1044 5895 sancti
1072 5834 1299 5894 Joannis
1331 5834 1611 5908 Baptistae.
1662 5834 1871 5897 Romae,

1979 5550 2184 5615 sanctae
2212 5541 2427 5615 Sabinae
2447 5532 3063 5615 virginis‘etnmartyris.
3096 5534 3219 5615 Ipso
3241 5530 3351 5601 die,
3372 5541 3573 5615 sanctas

1979 5614 2239 5671 Candida:
2270 5603 2626 5680 virginisfln
2673 5603 2983 5680 Antiochia
3016 5603 3211 5677 Syriis,
3255 5614 3571 5680 sanctorum

1979 5687 2155 5743 Niceae
2186 5693 2239 5741 et
2267 5676 2442 5739 Pauli.
2475 5683 2537 5737 In
2570 5679 2810 5750 Syrmia,
2842 5678 3022 5750 natale
3049 5676 3249 5750 sanctae
3279 5676 3515 5733 Basilla}.
3541 5703 3560 5726 ι

1980 5759 2272 5814 Postremae
2297 5754 2420 5811 duae
2448 5768 2519 5809 ex
2549 5748 2998 5821 Hieronymianis
3027 5748 3251 5819 adjectae
3278 5757 3427 5805 sunt.

2050 5825 2540 5893 Amoene-Mam,
2573 5817 2909 5881 ULTnaiscr.
2942 5829 2997 5878 et
3026 5817 3272 5877 Latona.
3306 5834 3477 5891 usque
3505 5817 3574 5872 ad
