4108 6172
251 267 355 321 417
1346 270 1974 332 MARTYROLOGIUM.
2020 309 2088 319 —-
2125 279 2332 338 MENS.
2379 284 2539 337 AUG.
3467 292 3576 352 418

245 402 324 447 tes
352 388 690 486 (ibristianli,
722 387 1048 486 Adauctuni
1222 397 1662 467 appellaverunt,
1695 400 1840 471 quod
1873 412 2063 458 sancto
2094 405 2265 460 Felici
2294 415 2487 463 auctus
2515 409 2585 464 sit
2614 408 2681 464 ad
2713 427 2991 468 coronam.
3026 414 3158 469 Item
3192 416 3395 486 Romae,
3429 435 3569 476 san-

241 487 340 534 ctm
373 476 702 533 Gaudentius
731 478 989 550 virginis.
1027 477 1219 552 [Addit
1247 483 1542 543 Bouillart.
1571 505 1588 541 :
1620 499 1642 526 ³
1675 490 1737 544 In
1769 505 1906 562 pago
1934 491 2223 562 Meldensi,
2256 498 2430 553 sancti
2465 497 2612 570 Agili
2644 499 3024 574 confessoris]

1800 607 2037 666 ΝΟΤΛΕ.

311 693 442 749 Puri
475 701 607 786 sunt
637 693 940 786 Herinien.,
993 695 1306 786 Pulsanen.,
1354 701 1618 773 Antuerp.
1659 711 1712 760 et
1759 705 2152 778 Mam-Labeo,
2199 711 2378 768 Belini
2414 714 2597 785 prima
2627 714 2809 786 editio,
2846 717 3066 775 Greven.
3109 726 3164 775 et
3189 721 3394 779 Melan.
3431 723 3564 780 Item

240 784 715 855 Antuerp.~Max.,
754 783 1048 853 Ultraject.,
1081 785 1326 858 Leyden.,
1359 789 1672 862 Lovanien.,
1713 795 1991 868 Albergen.
2025 807 2077 854 et
2106 801 2363 858 Danicus.

305 924 327 950 ι
360 911 688 1007 Falsus-est
723 919 775 966 et
825 910 1023 967 fefellit
1060 912 1354 971 Sollerium
1403 917 1767 987 Castellanus,
1817 939 1941 978 cum
1982 925 2203 997 scripsit
2249 936 2499 984 sanctum
2551 928 2774 1001 Agilum
2830 948 2939 988 non
2981 932 3149 991 fuisse
3191 937 3367 1007 prima
3400 953 3568 996 manu

240 999 532 1071 signatum.
568 1000 915 1056 Bomuanr.

1467 1105 1871 1165 VARIANTES
1926 1111 2340 1172 LECTIONES.

309 1200 498 1288 Fet-me
530 1197 1158 1288 iptnaevisjfgnfiittlupt-
1190 1199 1280 1288 Sig:
1304 1203 1518 1288 Rhoete,
1554 1207 1839 1288 ῌοειίεηεὶ,
1877 1213 1926 1270 Α
1955 1211 2191 1288 quidam_
2207 1212 2329 1288 fuit.
2365 1214 2424 1269 In
2455 1219 2750 1288 Aptaerpw
2784 1225 2904 1288 post
2933 1218 3255 1288 Adductum,
3281 1223 3567 1283 omittitur

242 1272 412 1360 eculei.
461 1273 522 1360 in
556 1271 1338 1360 ﬁeriniensigprodupfretm;
1368 1284 1449 1360 est
1479 1271 1846 1360 deduceretur;
1954 1271 2089 1360 éltttt.
2161 1271 2406 1358 Denique
2479 1271 2689 1342 Belin.‘
2715 1271 3564 1360 [ιι-ὃὲὰῖιὶῶηῇέίέὲῖξψέέξῖίῆῖ

245 1344 414 1400 Belin.
466 1343 600 1415 legit
634 1342 820 1397 obvius
862 1339 968 1410 fuit
1005 1341 1072 1410 ei,
1121 1343 1516 1405 Max.-Lubec.
1565 1349 1747 1405 obvius
1800 1352 1846 1406 ei
1958 1354 2147 1410 Felice.

1594 1475 2203 1536 OBSERVATIONES.

313 1566 751 1642 Derconfusione
804 1567 1442 1642 v‘ariorumimartyrum
1493 1573 1595 1629 sub
1651 1575 1844 1630 Felicis

247 1640 617 1769 appellatione
661 1637 950 1720 dicendum
994 1641 1154 1696 nobis
1195 1637 1300 1697 fuit
1339 1642 1406 1698 ad
1439 1660 1535 1698 xxv
1569 1645 1838 1704 Januarii.

248 1731 286 1769 ιι
332 1731 346 1768 ι
399 1711 585 1766 fontes
635 1727 1055 1769 assignawmus.
1111 1729 1182 1768 ex
1236 1714 1437 1769 auibus
1497 1717 1653 1769 olura
1710 1718 1838 1769 huic

248 1711 346 1786 ubi
399 1711 585 1786 fontes
635 1711 1055 1786 assignavimus,
1111 1729 1182 1786 ex
1236 1714 1437 1786 quibus
1497 1717 1653 1783 plura
1710 1718 1842 1774 huic

245 1785 404 1860 etiam
434 1783 547 1837 diei
571 1782 890 1860 servientia,
935 1783 1176 1839 inveniet
1209 1782 1461 1840 curiosus
1495 1782 1686 1860 lector,
1721 1807 1840 1860 quae

242 1854 402 1912 modo
433 1869 552 1928 nec
571 1853 719 1928 lubet
749 1863 1013 1928 repetere,
1047 1873 1147 1928 nec
1178 1866 1334 1912 vacat
1361 1859 1645 1928 operosius
1673 1853 1839 1916 retra-

238 1936 398 2004 ctare.
429 1923 639 2004 Nodus
654 1925 755 1982 hac
784 1923 876 1981 die
905 1927 1219 2004 intricatior
1250 1923 1426 2004 videri
1460 1939 1656 2004 potest,
1691 1933 1839 2004 quod

237 1997 588 2075 Martyroiogi
623 1996 772 2075 inter
813 2013 870 2052 se
913 1998 1245 2075 discrepent.
1274 1996 1722 2075 ‘Nami'Beda'et'
1745 2005 1837 2075 qui

237 2068 380 2137 eum,
405 2070 579 2125 unico
605 2068 698 2144 die
741 2068 1111 2144 transposito,
1132 2071 1405 2144 sequitur,
1439 2073 1714 2141 Rabanus,
1747 2068 1839 2132 éos

237 2152 498 2213 martyres
545 2141 802 2216 recolunt
833 2141 971 2213 quos
1001 2142 1195 2199 diebus
1211 2141 1665 2216 praecedentibus
1696 2147 1840 2203 inter

236 2216 486 2288 Auctaria
540 2213 942 2288 recensuimus,
1000 2231 1195 2286 nempe
1227 2213 1472 2270 'Felicem
1516 2219 1834 2288 episcopum,

242 2287 530 2370 adauctum
579 2285 670 2339 vel
693 2285 1106 2370 "Adaclumheot
1135 2285 1473 2370 ’Januariiﬂn
1505 2285 1837 2370 presbyteros

244 2357 434 2427 (aliqui
468 2357 523 2410 in
550 2357 818 2411 omnibus
848 2356 1104 2412 nonnihil
1130 2358 1363 2429 variant)
1389 2356 1835 2416 Fortunatianum

229 2435 282 2504 et
302 2429 606 2504 Septimium
635 2429 724 2482 vel
757 2429 1408 2504 Septiminpm,_lectores,_
1435 2447 1466 2485 a
1507 2431 1667 2487 nobis
1699 2450 1834 2504 pro-
1862 2430 1903 2489 Β

233 2500 372 2555 xime
391 2516 457 2554 ex
484 2499 710 2554 Molano
729 2499 794 2554 ad
829 2516 968 2554 xxxv
998 2500 1251 2556 Octobris
1276 2502 1531 2557 remissos
1555 2547 1567 2569 ,
1602 2499 1714 2569 quo
1741 2504 1828 2560 die

231 2571 412 2626 iisdem
453 2571 613 2626 Beda
642 2571 828 2626 verbis
852 2587 921 2625 ex
947 2573 1139 2627 Adone
1168 2581 1221 2627 et
1250 2589 1318 2627 ex
1348 2573 1453 2630 hoc
1480 2575 1548 2628 ab
1582 2571 1827 2631 Usuardo

229 2643 589 2718 celebrantur.
655 2642 788 2698 lude
829 2643 1229 2718 recentioribus
1283 2661 1415 2700 ansa
1470 2647 1698 2718 praebita
1747 2657 1828 2704 est

228 2714 535 2780 dubitandi,
587 2721 778 2768 utrum
836 2730 962 2770 vere
1020 2715 1173 2770 Felix
1221 2725 1406 2771 noster
1449 2714 1502 2771 e't
1557 2719 1828 2773 Adauclus

229 2787 399 2842 Romae
423 2785 752 2841 vindicandi
783 2786 914 2841 sint.
947 2786 1066 2853 Quo
1096 2787 1150 2842 id
1175 2787 1533 2843 fundamento
1554 2800 1824 2858 astruant,

228 2859 317 2930 ipsi
343 2858 612 2914 viderint.
635 2858 798 2930 Certe
817 2866 999 2912 vetera
1023 2859 1350 2914 Kalendaria
1370 2860 1562 2915 Allatii
1585 2869 1638 2916 et
1659 2863 1824 2916 Fron-

227 2929 532 3005 tonissaepe
559 2933 750 3005 citata,
779 2929 1276 3005 Sacramentarium
1300 2933 1571 3002 Gregorii,
1603 2950 1824 3005 apogra-

225 3001 321 3073 pba
364 3001 830 3074 llieronymiana,
880 3002 1186 3074 Romanum
1238 3001 1487 3074 parvum,
1548 3001 1821 3072 Rabanus,

223 3072 358 3141 Ado,
395 3073 691 3147 Notkerus,
729 3072 1176 3147 Wandalbertus,
1221 3072 1371 3147 aeque
1405 3092 1468 3130 ac
1498 3075 1691 3131 Noster
1729 3077 1827 3132 di-

221 3146 529 3201 sertissime
558 3143 715 3200 hodie
746 3146 965 3216 signant
999 3147 1215 3200 Felicem
1244 3143 1514 3201 duntaxat
1544 3155 1597 3202 et
1627 3148 1824 3202 Adau-

221 3223 376 3284 ctum,
434 3218 520 3272 vel
571 3232 661 3288 per
711 3216 1057 3272 metathesim
1105 3218 1424 3284 Auilvictum,
1454 3219 1539 3272 via
1575 3220 1820 3287 Ostiensi,

221 3305 418 3360 eosque
454 3296 532 3344 tot
563 3298 822 3359 praeterea
850 3289 1259 3344 characteribus
1289 3298 1341 3344 et
1392 3290 1822 3346 circumstantiis

222 3359 589 3432 distinguunt,
623 3368 683 3415 ut
710 3360 976 3432 hactenus
1001 3377 1110 3415 non
1142 3361 1356 3417 videam
1389 3361 1522 3432 quid
1553 3379 1677 3418 cum
1719 3380 1822 3418 su—

223 3431 548 3502 perioribus,
606 3431 884 3487 Africanis
931 3433 1208 3500 omnibus,
1270 3431 1564 3488 commune
1625 3435 1821 3489 habere

223 3513 437 3583 queant.
495 3505 712 3583 Fateor,
763 3504 1011 3583 Adonem
1053 3505 1190 3583 duos
1245 3504 1440 3559 fratres
1480 3505 1671 3583 Felices
1720 3507 1821 3561 hac

224 3575 325 3647 ipsa
372 3575 471 3631 die
520 3575 770 3641 innuere,
821 3584 875 3630 at
922 3575 1050 3630 dum
1098 3575 1259 3630 unius
1305 3577 1685 3647 tantummodo
1737 3594 1820 3632 res

249 3641 385 3703 cstas
434 3647 809 3718 prosequitur,
865 3648 997 3701 satis
1047 3647 1386 3702 demonstrat
1432 3641 1603 3701 un'uin
1659 3648 1817 3702 illum

245 3720 378 3774 uisse
412 3719 507 3791 qui
543 3719 635 3772 via
664 3718 902 3791 Ostiensi
935 3735 1060 3773 cum
1091 3720 1394 3774 accesserio
1414 3720 1614 3791 comite
1639 3719 1818 3773 Adau-

1951 1578 2119 1659 passi)
2154 1578 2455 1663 gloriosum
2482 1595 2734 1663 agonem,
2760 1580 3184 1663 haudquaquam
3212 1584 3556 1663 obluctabor;

1951 1650 2082 1729 quin
2119 1651 2316 1729 potius
2333 1650 2670 1729 subscribam
2697 1650 3008 1729 Buinartio,
3036 1650 3094 1709 id
3115 1671 3238 1729 non
3270 1651 3560 1729 improbaé

1950 1719 2140 1804 biliter
2186 1722 2455 1804 suadenti
2483 1739 2513 1777 a
2552 1739 2668 1794 pag.
2705 1723 2843 1804 ἒξᾙιε
2879 1724 3011 1780 satis
3043 1725 3200 1804 nobis
3230 1738 3311 1804 est
3340 1719 3554 1804 Marty-

1951 1792 2285 1861 rologiorum
2338 1792 2652 1848 nostrorum
2708 1794 2870 1850 fidem
2902 1797 3219 1852 asseruisse.
3255 1801 3330 1855 De
3360 1792 3558 1860 caetero

1949 1863 2017 1943 ad
2050 1865 2372 1943 laterculum
2407 1865 2553 1937 quod
2582 1865 2801 1943 attinet,
2833 1867 3118 1943 omniaex
3148 1871 3385 1941 longiori
3413 1875 3558 1930 Ado-

1949 1935 2036 1989 nis
2087 1935 2788 1992 narratione‘contraxisse
2843 1938 3149 1994 Usuardum
3205 1935 3557 2002 manifestum

1948 2013 2050 2084 est.
2084 2006 2318 2084 Multum
2355 2008 2616 2084 innititur
2651 2011 3032 2084 Florentinius
3061 2027 3163 2066 ms.
3199 2013 3399 2084 regina:
3430 2017 3559 2073 Sue-

1947 2078 2066 2145 ciaa,
2107 2078 2200 2133 sed
2242 2079 2518 2150 ignoravit
2558 2080 2717 2156 Beda;
2746 2082 2964 2156 propria
2994 2097 3110 2156 esse
3141 2078 3370 2156 quaevibi
3404 2089 3558 2143 refe-

1948 2158 2168 2216 runtur,
2213 2167 2441 2222 quaeque
2488 2152 2718 2222 proinde
2747 2152 2903 2207 inihil
2940 2153 2994 2207 in
3027 2153 3129 2209 hac
3157 2152 3226 2210 're
3258 2156 3554 2216 immutare

1946 2222 2588 2295 possunt.__Communem
2621 2224 3116 2295 Martyrologorum
3150 2243 3374 2285 sensum
3402 2247 3556 2288 secu-

1947 2299 2035 2347 tus
2060 2301 2142 2347 est
2173 2292 2620 2362 Wandalbertus,
2651 2292 2783 2350 dum
2817 2295 2893 2349 ita
2919 2292 3142 2367 scripsit
3167 2315 3179 2353 :

2068 2399 2236 2447 Terna
2261 2414 2375 2448 cum
2408 2400 2579 2449 Felice
2607 2401 2689 2464 pio
2729 2402 2985 2462 praecellet
3019 2401 3298 2456 Adauctus.

2007 2507 2069 2562 In
2109 2505 2576 2587 Hieronymianis
2613 2505 3206 2587 p_rimo_loco.notﬁatur
3251 2510 3552 2587 Gaudentio

1935 2577 2083 2647 virgo
2128 2595 2244 2631 cum
2289 2578 2512 2647 reliquis
2561 2577 2748 2632 tribus.
2801 2578 2927 2634 Haec
2965 2578 3021 2633 in
3063 2581 3282 2636 Rabano
3314 2582 3548 2638 totidem

1937 2649 2120 2723 verbis
2148 2650 2426 2723 leguntur,
2449 2649 2650 2723 quibus
2679 2649 2937 2723 alicunde
2971 2651 3116 2723 lucis
3129 2651 3339 2723 aliquid
3361 2653 3548 2708 afferri

1936 2721 2126 2794 velim.
2153 2719 2328 2794 Pcrro
2355 2719 2665 2794 Gaudentid
2684 2720 2780 2794 illa
2814 2719 2994 2775 Adoni
3026 2729 3078 2775 et
3101 2719 3343 2794 Notlkero
3359 2732 3548 2794 praete-

1937 2792 2040 2846 rita
2065 2799 2185 2865 est;
2220 2791 2365 2846 unde
2399 2791 2537 2865 mihi
2575 2791 2804 2847 dubium
2837 2807 2948 2865 non
2981 2799 3082 2859 est,
3111 2794 3244 2865 quin
3269 2791 3549 2850 Usuardus

1933 2879 2002 2945 ex
2035 2864 2633 2945 Hieronymianis‘eain
2667 2864 2956 2945 acceperit.
2984 2867 3068 2943 ᾼιι
3095 2864 3550 2945 martyristitulo

1932 2934 2240 2990 decoranda
2286 2935 2378 3001 sit,
2415 2934 2540 3007 vide
2585 2935 2641 3007 in
2686 2934 3061 3007 Florentinio.
3096 2934 3358 3007 Sequitur
3401 2937 3548 3007 apud

1932 3007 2238 3070 Rabanum,
2290 3006 2551 3076 Depositio
2591 3006 2737 3076 Agili
2768 3005 2996 3070 abbatis,
3034 3005 3264 3076 reliquis
3289 3005 3549 3064 omnibus

1932 3077 2358 3150 antiquioribus
2391 3076 2783 3150 Martyrologis
2825 3077 3112 3150 incogniti.
3150 3076 3325 3144 Hunc,
3363 3080 3548 3136 nescio

1932 3148 2084 3220 quis,
2117 3149 2294 3204 codici
2331 3149 2576 3203 Pratensi
2609 3164 2824 3203 assuere
2856 3149 3053 3220 voluit,
3090 3148 3189 3204 hac
3219 3150 3404 3220 phrasi
3432 3168 3444 3204 :
3481 3152 3546 3206 In

1926 3218 2064 3290 pago
2083 3220 2355 3286 Meldensi,
2379 3220 2548 3273 sancti
2571 3220 2717 3291 Agili
2740 3218 3076 3287 confessoris,
3100 3218 3294 3291 exquo
3318 3221 3373 3274 in
3399 3221 3545 3276 ordi-

1931 3289 2115 3346 narios
2157 3293 2386 3346 comites
2421 3290 2657 3357 transiit,
2705 3306 2765 3344 ea
2807 3306 2968 3344 causa
3010 3307 3040 3362 a
3071 3289 3223 3362 puris
3258 3293 3534 3348 exclusos.

1929 3365 2190 3419 Assutum
2223 3363 2290 3416 ab
2312 3362 2498 3433 aliquo
2519 3377 2613 3416 seu
2643 3361 2982 3431 adscriptum
3014 3361 3255 3416 dicimus
3284 3375 3534 3417 sanctum

1929 3434 2152 3505 Agilum
2185 3433 2239 3486 in
2280 3433 2522 3486 Pratensi
2563 3433 2799 3498 codicis,
2833 3448 2982 3505 nam,
3027 3440 3163 3487 teste
3198 3433 3532 3500 Castellano,

1929 3503 2105 3576 prima
2138 3521 2300 3558 manu
2331 3505 2574 3576 signatus
2600 3520 2709 3557 non
2739 3513 2838 3559 est.
2865 3503 3071 3559 Verum
3103 3520 3443 3576 quaecunque
3472 3520 3536 3560 ea

1930 3575 2124 3630 manus
2155 3576 2342 3647 fuerit,
2374 3575 2653 3647 antiquam
2681 3591 2794 3647 esse
2817 3583 3050 3646 oportet,
3083 3575 3531 3646 quandoquidem

1928 3645 2352 3726 Alituerp.-Maj.
2386 3655 2438 3701 et
2471 3645 2784 3726 Rosweyd.,
2833 3645 2974 3726 quos
3006 3645 3224 3726 codices
3258 3647 3533 3726 Pratensis

1926 3719 2107 3774 socios
2141 3717 2419 3784 vocamus,
2466 3735 2589 3772 eum
2631 3717 2795 3772 etiam
2830 3717 3026 3772 iisdem
3058 3718 3240 3774 verbis
3270 3719 3530 3774 referant.

222 3797 299 3846 cto
327 3788 599 3846 coronam
655 3790 906 3860 martyrii
956 3791 1288 3861 promeritus
1317 3791 1409 3845 sit.
1447 3790 1656 3844 Adonis
1687 3794 1823 3847 Acta
1854 3795 1896 3855 C
1926 3791 2050 3845 Alia
2082 3789 2264 3860 phrasi
2295 3788 2546 3861 eumdem
2580 3791 2810 3861 protulit
2841 3789 3178 3851 Muneratus,
3213 3790 3306 3845 sed
3335 3798 3388 3844 et
3421 3792 3534 3861 ipse

223 3861 474 3932 rejiciunt
518 3861 719 3932 aliqui,
753 3877 851 3932 ego
888 3861 1118 3916 necdum
1165 3870 1225 3916 ut
1271 3862 1486 3917 sincera
1536 3863 1817 3918 venditare

220 3935 413 4000 ausim,
445 3942 692 3988 attamen
727 3936 860 3988 tales
897 3949 1091 3988 censeo
1123 3935 1319 3988 relatas
1348 3933 1723 4001 auctoritates,
1758 3943 1818 3990 ut

222 4007 462 4076 geminos
492 4015 712 4060 nostros
739 4005 995 4060 Ostienses
1016 4004 1082 4060 ab
1113 4005 1237 4059 aliis
1266 4005 1674 4076 diversissimos
1703 4022 1819 4062 esse

219 4075 480 4147 oporteat.
525 4076 688 4142 Quod
720 4077 916 4143 velint,
962 4076 1092 4132 huic
1121 4077 1285 4130 etiam
1319 4075 1429 4131 diei
1475 4077 1680 4132 innecti
1729 4077 1818 4133 de-

219 4147 331 4205 bere
380 4148 778 4204 Africanorum
827 4149 1041 4219 (saltem
1071 4148 1260 4204 Felicis
1299 4148 1527 4220 episcopi
1564 4147 1822 4205 Venusiae

1925 3871 1979 3916 et
2006 3859 2214 3932 praefati
2242 3861 2330 3915 isti
2360 3859 2678 3932 codicesita
2709 3859 2775 3914 ab
2797 3861 3059 3916 omnibus
3079 3861 3220 3926 aliis,
3249 3877 3345 3932 pro
3375 3859 3534 3915 teitu

1926 3931 2180 4004 superius
2209 3931 2413 3995 citatis,
2456 3931 2803 3998 refelluntur,
2852 3941 2914 3987 ut
2961 3931 3268 3987 indubitata
3320 3939 3534 4004 maneat

1928 4003 2248 4060 Us’uardinai
2283 4004 2534 4059 lectionis
2567 4013 2764 4059 nostra
2798 4005 3213 4075 germanissima
3243 4003 3451 4075 puritas
3480 4010 3534 4058 et

1929 4076 2272 4148 simplicitas.
2306 4075 2410 4140 Qui
2441 4075 2507 4130 de
2536 4075 2696 4146 Agilo
2717 4074 2890 4148 plura
2917 4075 3089 4146 legere
3117 4074 3379 4148 voluerit,
3401 4090 3528 4131 con-

1930 4146 2072 4204 sulat
2103 4147 2455 4203 Mabilionem
2487 4163 2611 4202 saec.
2646 4163 2684 4201 II
2716 4146 3019 4214 Benedict.,
3053 4163 3083 4202 a
3111 4162 3232 4219 pag.
3266 4146 3390 4203 315.

1681 4277 2062 4338 AUCTARIA.

279 4379 528 4437 Panas.
563 4385 619 4434 et
654 4378 948 4451 Roswsvfo.
981 4375 1177 4451 infine
1205 4375 1512 4451 adjiciunt:
1548 4403 1565 4426 ε
1594 4377 1654 4434 In
1685 4393 1820 4449 pago

220 4452 503 4518 Meldensi,
535 4450 713 4506 sancti
745 4449 893 4521 Agili
926 4449 1285 4506 confessoris;
1309 4475 1327 4497 ι

279 4539 738 4614 Animum-Mai.
760 4538 905 4593 idem
928 4537 1089 4596 habet
1105 4549 1461 4612 augmentum
1483 4549 1536 4597 et
1557 4548 1822 4614 praeterea

221 4614 269 4668 in
298 4613 484 4669 Felice
519 4611 749 4666 mutilus
769 4619 870 4666 est.

282 4699 609 4768 Museum,
644 4699 821 4756 textui
861 4716 997 4771 puro
1026 4699 1248 4757 subdit:
1296 4726 1313 4748 ι
1348 4701 1588 4758 Resbaco
1621 4718 1823 4756 mona-

221 4772 404 4848 sterio,
452 4773 1236 4848 cogpomentoiiierusalem,
1287 4774 1462 4848 sancti
1513 4774 1683 4848 Agili,
1726 4774 1821 4848 qui

221 4843 458 4910 ejusdem
492 4844 660 4899 abbas
681 4844 917 4899 cmnobii
953 4845 1142 4900 multis
1177 4845 1476 4901 virtutibus
1506 4843 1821 4902 claruitfln

221 4916 498 4969 territorio
529 4915 818 4982 Meldensi,
850 4917 1022 4970 sancti
1057 4916 1255 4973 Fiacrii
1290 4918 1640 4974 confessoris.
1683 4945 1700 4966 ι

285 5002 608 5059 CnerLRN.
638 5022 648 5058 :
690 5029 706 5049 ι
729 5005 914 5060 Romae
946 5005 1034 5060 via
1055 5004 1320 5072 Ostiensi,
1354 5006 1635 5062 beatorum
1665 5025 1821 5064 mar-

221 5081 406 5148 tyrum
451 5075 652 5148 Felicis
682 5083 735 5130 et
766 5076 1024 5144 Audacti,
1058 5087 1301 5148 tempore
1335 5077 1680 5147 Diocletiani,
1719 5080 1822 5136 sub

218 5146 476 5214 praefecto
500 5147 651 5202 urbis
673 5149 865 5204 Draco.
897 5148 1030 5203 Item
1057 5146 1260 5217 Romae,
1285 5158 1484 5206 sanctae
1503 5146 1822 5207 Gaudentiaa

1931 4393 2040 4432 non
2073 4373 2426 4442 invenerunt,
2454 4371 2764 4429 Adauctum
2797 4371 2976 4444 ipsum
3007 4371 3444 4444 appellaverunt,
3468 4389 3532 4430 eo

1930 4448 2076 4522 quod
2105 4456 2292 4504 sancto
2326 4445 2494 4501 Felici
2520 4444 2746 4516 martyri
2777 4441 2992 4510 auctus,
3025 4441 3242 4567 sibique
3272 4458 3370 4513 pro
3400 4443 3530 4498 fidei

1930 4519 2291 4567 confessione-
2319 4517 2568 4567 martvrii
2598 4532 2801 4567 corona
2831 4522 2990 4567 aucta
3022 4521 3112 4567 snt.
3180 4521 3287 4567 tem
3319 4514 3527 4567 Rom-re.

1929 4513 2291 4584 confessione,
2319 4517 2568 4588 martyrii
2598 4513 2801 4588 corona
2831 4522 2990 4588 aucta
3022 4513 3128 4588 _s_it.A
3153 4513 3287 4568 Item
3319 4514 3527 4588 Romae,

1930 4600 2129 4648 sancta:
2156 4584 2476 4646 Gaudentiai
2503 4587 2754 4657 Virginis.
2780 4585 2986 4641 Eodem
3005 4584 3092 4640 die
3107 4585 3170 4657 in
3196 4585 3528 4657 monasterio

1929 4663 2248 4729 Jerusalem,
2299 4659 2568 4733 depositio
2598 4655 2771 4714 sancti
2804 4657 2949 4729 Agili
2983 4656 3314 4714 confessoris
3344 4665 3396 4712 et
3424 4655 3532 4711 ab-

1930 4735 2102 4791 batis.
2143 4759 2161 4780 ι

2005 4807 2361 4863 ΗΑαεΝογεκ.
2396 4826 2407 4861 :
2457 4830 2473 4851 ι
2505 4805 2689 4861 Romae
2727 4802 2817 4858 via
2859 4801 3122 4872 Ostiensi,
3174 4801 3353 4857 natale
3387 4799 3532 4856 beati

1932 4879 2130 4935 Felicis
2159 4877 2459 4950 presbyteri
2478 4885 2533 4932 et
2562 4873 3529 4950 Ada_u_cti_cujusdain_al[Christia-

1931 4952 2012 5024 ni,
2043 4947 2533 5024 sub—Dyoc'letiano
2575 4957 2630 5003 et
2673 4947 3027 5024 Maximiano.
3218 4947 3372 5024 Felix
3406 4961 3529 5024 cum

1931 5017 2129 5079 ductus
2183 5017 2325 5079 esset
2377 5021 2442 5078 ad
2497 5029 2703 5078 statuas
2770 5021 2972 5092 plures,
3031 5019 3239 5092 scilicet
3293 5017 3529 5085 Serapis,

1931 5095 2189 5151 Mercurii
2243 5105 2296 5152 et
2327 5097 2550 5166 Dyanze,
2581 5109 2701 5165 quae
2731 5090 2920 5148 omnes
2955 5090 3288 5166 reciderunt,
3323 5096 3374 5166 e_t
3401 5101 3528 5140 cum

1933 5167 1989 5222 in
2021 5168 2267 5222 eculeum
2302 5158 2544 5232 levatus,»
2567 5158 2620 5220 et
2651 5171 2848 5230 tortus,
2883 5174 2935 5219 et
2971 5169 3154 5234 postea
3185 5159 3253 5214 ad
3283 5158 3532 5234 arborem

220 5217 472 5310 fi'ngﬂiF-
507 5217 773 5275 Εωηοδίο
802 5221 1133 5288 Βθείᾶοθηείι
1166 5221 1438 5292 ἀθροείίίο
1469 5223 1641 5278 sane“
1673 5223 1820 5296 Αϐίιί
1856 5238 1904 5298 D
1933 5217 3273 5310 sacrilegam.ductuquuainvsi‘miiitei'ilejecit,et
3295 5228 3533 5300 simula—

221 5286 457 5344 abbatis.
494 5315 512 5338 ι

287 5374 654 5435 Βιισχειιεκ.
689 5397 700 5434 :
748 5381 981 5454 o_Romze
1012 5380 1103 5436 via
1121 5381 1393 5454 Ostiensi,
1429 5383 1606 5454 passio
1641 5381 1819 5439 beato-

222 5462 341 5526 rum
365 5452 954 5526 _ln_artyi'um__Felici_s
994 5453 1296 5526 presbyteri
1328 5452 1670 5526 etﬂAdaucti,
1719 5455 1820 5511 sub

223 5517 572 5576 Diocletiano
610 5530 663 5577 et
706 5517 1041 5595 Maximiano
1072 5517 1498 5595 iii-iperatoribus
1527 5517 1819 5582 decollato-

224 5604 368 5668 rum.
398 5595 645 5668 Quorum
679 5594 905 5668 primus,
931 5595 1058 5650 dum
1095 5594 1215 5668 post
1245 5597 1414 5653 eculei
1449 5601 1818 5667 vexationem,

226 5660 349 5737 data
379 5666 652 5720 sententia
679 5660 973 5721 duceretur
1003 5668 1068 5722 ad
1097 5660 1355 5737 mortem,
1408 5670 1606 5727 obvius
1636 5672 1684 5726 ei
1720 5660 1825 5726 fuit

224 5734 384 5811 alter,
407 5745 460 5792 et
478 5737 613 5793 dum
653 5738 830 5811 il|e_se
859 5747 1049 5811 sponte
1080 5734 1455 5798 Christianum
1481 5759 1596 5800 esse
1622 5745 1825 5800 fatere—

224 5810 500 5899 {ui'zLinox
530 5826 658 5899 cum
689 5809 866 5899 primo
889 5809 1099 5893 pariter
1128 5813 1431 5896 decollatus
1461 5817 1668 5899 estLEt
1696 5816 1826 5899 quia

226 5872 400 5946 hujus
426 5880 649 5936 secundi
686 5872 942 5955 martyris
963 5900 1164 5942 nomen
1190 5885 1502 5958 ignorantes
1524 5872 1824 5949 Christiani

1939 5328 2091 5384 crum
2115 5305 2238 5384 cum
2267 5312 2471 5381 templo
2492 5305 2553 5365 et
2564 5325 2655 5384 ara
2676 5307 2904 5384 corruit,
2929 5313 2982 5361 et
3005 5305 3534 5384 tuncillum‘przeses

1933 5383 2229 5455 decollari,
2257 5392 2310 5438 et
2356 5373 2553 5455 corpus
2593 5379 2711 5452 ejus
2749 5373 2993 5455 lupis_et
3036 5376 3264 5455 canibus
3290 5373 3530 5455 dimitti.

1931 5456 2082 5511 Tunc
2105 5445 2325 5529 quidam
2361 5445 2706 5529 Chiistianus
2732 5468 2785 5506 in
2812 5445 3052 5529 medium
3075 5447 3348 5529 prosiluit,
3372 5445 3532 5529 Chri-

1931 5538 2074 5585 stum
2106 5519 2392 5591 éonfitens,
2425 5536 2476 5581 et
2507 5525 2817 5582 osculantes
2847 5539 2901 5577 se
2935 5519 3174 5576 invicem
3210 5519 3413 5592 pariter
3443 5519 3532 5575 de.

1931 5600 2114 5657 collati
2161 5608 2309 5655 sunt.
2362 5597 2535 5670 Hujus
2582 5611 2783 5652 nomen
2841 5592 3140 5673 Christiani
3199 5593 3531 5673 ignorantes,

1934 5673 2240 5728 Adauctum
2287 5688 2411 5727 eum
2444 5665 2818 5736 'vocaverunt,
2864 5685 2927 5722 eo
2967 5666 3113 5736 quod
3145 5675 3333 5722 sancto
3363 5665 3533 5721 Felici

1933 5745 2196 5820 adauctus
2225 5744 2296 5820 sit
2325 5743 2393 5820 ad
2423 5759 2763 5820 cogonam.)
2815 5741 2954 5798 Vide
2985 5738 3103 5820 haec
3130 5740 3191 5820 in_
3221 5738 3410 5820 Adone
3441 5753 3534 5809 pu-

1935 5820 2070 5875 rius.
2108 5844 2125 5866 ι
2146 5819 2208 5875 In
2237 5817 2462 5875 civitate
2487 5814 2827 5883 Trecassina,
2860 5813 3038 5888 sancti
3069 5812 3352 5888 Saviniapi
3384 5825 3537 5888 mar-

1934 5892 2074 5964 tyris
2104 5899 2158 5948 et
2185 5899 2383 5950 sanctae
2411 5893 2627 5951 Savium
2665 5888 2868 5947 sororis
2896 5887 3035 5961 ejus,
3069 5912 3086 5936 ι
3134 5894 3240 5943 etc.
3281 5883 3539 5952 Sequitur
