4108 6172
299 203 402 262 505

1334 203 1973 263 MARTYROLOGIUM.
2015 237 2086 247 —
2125 207 2332 264 MENS.
2376 208 2571 266 SEPT.

3505 212 3610 270 506

299 328 517 394 militis,
555 326 653 400 qui
685 325 743 382 in
776 325 1029 400 passione
1070 327 1374 384 Alexandri
1405 329 1647 402 episcopi
1681 331 1902 403 legitur.
1948 331 2311 388 Autisiodoro
2340 345 2387 402 ι,
2416 333 2600 390 sancti
2640 333 2874 391 Aunarii
2903 335 3144 410 episcopi
3174 343 3228 393 et
3257 337 3606 396 confessoris.

296 416 493 491 [Addit
523 415 828 472 Bouillart.
856 415 1026 470 :ltem
1059 415 1234 472 sancti
1265 416 1700 490 Sollempnensis
1720 419 2013 495 episcopi.]

1808 559 2019 614 NOTAE
2030 603 2042 616 .

362 663 517 717 lnter
547 675 720 732 puros
741 655 922 714 solum
959 671 1210 724 numero,
1242 656 1538 725 Munerat.,
1573 656 1795 713 Greven.
1829 665 1881 714 et
1905 659 2109 716 Melan.

357 829 378 853 ³
397 815 552 870 Bene
576 809 794 868 monuit
811 809 1155 867 Castellanus
1177 809 1407 864 Aunarii
1425 810 1903 868 annuntiationem

287 903 500 942 erasam
533 884 728 949 fuisse,
777 888 832 936 et
863 879 1122 952 pressiori
1169 880 1485 937 charactere
1517 882 1689 937 fuisse
1718 883 1904 940 denuo

287 959 576 1032 scriptam,
636 962 699 1010 ut
749 962 972 1032 sanctus
1011 952 1667 1032 Sollempnisjaccedere
1699 962 1899 1032 posset.

287 1022 498 1086 Verum
536 1028 644 1082 ista
672 1022 1430 1094 correctiorejusdem’aetatis
1459 1033 1513 1080 et
1531 1022 1776 1081 auctoris
1796 1033 1899 1094 est,

286 1099 445 1173 cujus
484 1107 604 1154 tres
637 1097 761 1153 alia:
792 1111 930 1168 quas
949 1093 1065 1166 jam
1097 1094 1203 1152 hoc
1231 1111 1417 1152 mense
1455 1096 1721 1153 vidimus.
1754 1099 1903 1154 Der-

1936 821 1986 880 Α
2014 812 2200 868 vensis
2215 812 2366 868 enim
2395 829 2522 869 cum
2552 811 2866 868 Heriniensi
2886 812 3075 869 codice
3095 815 3392 881 consentit,
3413 822 3467 872 et
3488 833 3606 871 san-

2013 891 2164 940 ctum
2187 884 2556 964 Sollempnem
2581 885 2775 964 refert._
2792 885 3266 964 Utriusqueigitur
3283 888 3608 964 autographi

2010 964 2092 1082 Est
2121 956 2389 1012 correctio
2416 957 2662 1029 adeoque
2692 957 2778 1012 vel
2807 956 3274 1030 primoexemplo
3303 956 3604 1031 antiquior.

2056 1043 2350 1083 ourncan'r.

1510 1223 1683 1282 VARI
1691 1225 1916 1282 ANTES
1957 1223 2370 1284 LECTIONES.

354 1323 568 1396 Scripsi
584 1325 811 1396 Emaus,
830 1327 890 1376 ut
906 1319 1123 1396 codices
1143 1319 1347 1396 habent
1368 1323 1740 1396 communitis,
1768 1323 1894 1396 licet

284 1397 462 1470 aliqui
485 1393 682 1450 malint
697 1395 971 1470 Emmaus.
999 1393 1266 1470 Nonnulli
1283 1395 1490 1470 legunt,
1516 1395 1896 1470 Lupiepiscopi

285 1463 625 1524 andchoreta
650 1465 738 1520 vel
785 1464 1130 1531 anachoritre,
1175 1463 1270 1518 sed
1311 1465 1510 1520 melius
1557 1463 1809 1521 Molanus
1836 1463 1893 1522 et

289 1541 391 1596 alii
436 1545 562 1610 post
590 1537 852 1610 Adonem,
881 1553 947 1589 ea:
983 1537 1322 1610 anachoreta.
1354 1535 1444 1610 Sic
1476 1553 1664 1592 rursus
1684 1539 1887 1610 Molan.

289 1628 364 1668 ex
385 1606 583 1666 eodem
633 1607 837 1674 Adone,
882 1606 1039 1678 ponit
1076 1607 1366 1662 Herculani
1412 1624 1524 1662 non
1555 1609 1886 1664 Herculiani.

284 1683 562 1754 Superest
592 1679 858 1751 praecipua
885 1676 972 1754 et‘
988 1676 1270 1754 difﬁcilior
1316 1679 1584 1754 varietas,
1609 1680 1754 1736 circa
1781 1697 1891 1754 ang-

284 1750 707 1808 nuiitiationem
734 1751 901 1804 sancti
934 1750 1213 1817 Solemnis,
1247 1751 1354 1816 vel,
1377 1757 1439 1804 ut
1463 1750 1712 1807 scribunt
1741 1751 1891 1808 codi-

280 1841 395 1891 ces,
434 1822 778 1894 Sollempnis,
810 1837 970 1894 quam
1003 1829 1215 1876 certum
1244 1831 1324 1877 est
1354 1837 1462 1876 non
1497 1821 1563 1876 ad
1596 1823 1762 1891 hunc,
1795 1823 1890 1879 sed

279 1896 347 1951 ad
383 1892 1295 1966 praecedentemdiemupertinere,
1347 1900 1408 1947 ut
1452 1902 1594 1966 recte
1635 1894 1890 1966 observat

282 1963 594 2022 Bollandus
628 1982 683 2019 tv
715 1963 1020 2030 Februarii,
1045 1964 1113 2020 ad
1155 1964 1337 2019 Vitam
1369 1965 1544 2019 sancti
1575 1965 1838 2021 Aventini
1871 1987 1885 2032 ;

277 2047 331 2094 et
362 2038 485 2093 alii.
521 2037 633 2093 Nos
653 2035 744 2090 die
774 2035 1101 2107 praecedenti
1122 2036 1466 2107 Muneratum
1490 2045 1544 2092 et
1573 2037 1887 2092 Grevenum

277 2127 306 2166 e
341 2108 500 2181 puris
525 2106 892 2181 exclusimus,
915 2107 1062 2179 quod
1095 2106 1171 2162 ibi
1201 2107 1256 2162 in
1284 2123 1346 2162 ea
1369 2108 1794 2181 annuntiatione
1821 2109 1888 2181 ab

280 2177 547 2236 omnibus
577 2179 808 2250 reliquis
835 2177 1230 2250 discreparent,
1261 2179 1536 2250 quamvis,
1562 2179 1606 2234 si
1641 2180 1889 2249 ponenda

280 2195 547 2236 omnibus
577 2195 808 2250 reliquis
835 2195 1013 2234 tuscre
1055 2195 1230 2246 arent,
1297 2195 1536 2246 uamvrs,
1562 2196 1606 2234 si
1641 2195 1889 2249 ponenua

279 2254 370 2317 sit,
412 2268 479 2307 eo
510 2250 601 2306 die
637 2249 906 2322 signanda
947 2195 1532 2317 videatutguaaritur
1566 2258 1753 2306 utrum
1785 2251 1890 2307 hoc

280 2325 369 2380 die
393 2321 1011 2379 Solemnem’collocarit
1045 2321 1344 2393 Usuardus,
1375 2332 1429 2376 et
1468 2338 1575 2376 non
1609 2322 1792 2393 potius
1820 2322 1888 2377 ab

2004 1325 2182 1396 Cogor
2202 1324 2572 1380 nihilominus
2599 1325 2923 1381 existimare
2944 1324 3316 1383 Usuardinnm
3346 1343 3455 1382 non
3489 1344 3604 1385 esse

2003 1395 2105 1468 hac
2139 1396 2488 1468 potissimum
2536 1397 2750 1468 ratione
2793 1396 3015 1463 ductus,
3050 1397 3196 1468 quod
3229 1398 3598 1468 Castellanus,

2001 1467 2461 1540 diligentissimus
2489 1467 2698 1523 codicis
2729 1468 3004 1540 Pratensis
3029 1468 3306 1540 inspector
3334 1467 3604 1525 observa-4

2000 1546 2164 1606 verit,
2187 1538 2361 1608 prima
2391 1554 2558 1594 manu
2585 1540 2756 1594 solam
2780 1538 2834 1594 S.
2860 1540 3091 1594 Aunarii
3119 1538 3598 1597 annuntiationem

2001 1610 2201 1664 ultimo
2232 1613 2348 1664 loco
2367 1610 2602 1682 positam,
2627 1610 2812 1676 fuisse,
2842 1628 2962 1682 quae
2981 1610 3214 1666 subinde
3235 1628 3388 1668 erasa
3406 1612 3595 1680 fuerit,

2003 1687 2226 1752 tumque
2257 1681 2511 1752 pressiori
2547 1681 2871 1752 charactere
2916 1682 2991 1735 ita
3021 1684 3304 1752 rescripta,
3338 1692 3398 1738 ut
3425 1684 3597 1740 altera

2001 1752 2054 1807 S.
2088 1751 2364 1807 SOlemnis
2401 1751 2658 1808 accedere
2704 1761 2903 1822 posset.
2947 1753 3106 1819 Quod
3156 1751 3301 1809 idem
3358 1755 3598 1810 habeant

1999 1822 2402 1895 Antuerp.-Maj
2437 1867 2450 1891 ,
2471 1823 2762 1895 Rosweyd.
2779 1823 3008 1895 etetiam
3026 1824 3364 1895 Aquicinct.,
3389 1842 3595 1882 novum

1999 1910 2111 1949 non
2141 1894 2249 1962 est,
2299 1911 2425 1966 cum
2475 1894 2686 1966 passim
2721 1911 2788 1966 ex
2837 1894 3028 1949 eodem
3082 1894 3232 1952 fonte
3276 1897 3594 1966 procedant.

1997 1966 2124 2020 Sola
2155 1982 2240 2021 me
2270 1965 2532 2020 retineret
2565 1965 2908 2020 Heriniensis
2929 1967 3248 2034 auctoritas,
3281 1965 3386 2021 nisi
3421 1975 3475 2023 et
3507 1967 3599 2022 hic

1999 2036 2164 2110 hodie
2201 2037 2418 2093 auctior
2443 2045 2614 2110 esset.
2649 2036 2881 2110 Namad
2914 2037 3174 2110 Belinum
3207 2037 3354 2110 quod
3376 2038 3595 2105 attinet,

1997 2115 2079 2163 tot
2103 2108 2273 2163 ferme
2301 2107 2550 2180 quotidie
2581 2107 2860 2180 Auctariis
2880 2107 3144 2180 abundat,
3170 2107 3238 2163 ut
3262 2125 3386 2164 raro
3417 2109 3600 2166 incor-

1998 2187 2193 2250 ruptus
2226 2179 2500 2250 appareat.
2532 2180 2613 2234 Ita
2641 2179 2895 2250 equidem
2948 2179 3324 2250 verosimilius
3353 2197 3549 2237 censeo
3583 2198 3594 2236 :

1997 2250 2043 2304 si
2073 2249 2172 2305 cui
2223 2249 2517 2322 Solemnem
2560 2249 2807 2322 Usuardo
2857 2249 3149 2322 vendicare
3188 2249 3390 2322 lubeat,
3424 2268 3596 2322 argu-

2000 2322 2201 2376 mentis
2231 2321 2392 2376 facile
2425 2320 2613 2376 cedam
2639 2339 2652 2385 ;
2678 2321 2837 2376 liceat
2868 2320 3006 2375 mihi
3038 2321 3260 2376 interim
3301 2320 3595 2391 Munerat.,

285 2395 394 2451 alio
429 2393 684 2465 adjectus
727 2393 846 2449 sit?
894 2393 1051 2449 Vidit
1079 2392 1205 2458 hoc,
1245 2391 1764 2464 opinor,‘Molanus,
1797 2393 1891 2465 qui
1928 2393 1970 2451 Β
2001 2392 2238 2465 Greven.
2268 2392 2624 2465 etpraecipue
2653 2392 3177 2465 Molanuimcatteris
3196 2391 3483 2465 codicibus
3506 2393 3597 2450 hic

285 2475 486 2523 neutro
514 2466 606 2522 die
644 2466 826 2536 ipsum
873 2465 1082 2519 retulit.
1130 2467 1202 2520 At
1249 2465 1588 2536 contrarium
1638 2473 1892 2536 statuunt

284 2539 531 2605 Praten.,
591 2535 898 2608 Herinien.,
939 2535 1410 2608 AAntuerpr-Majq
1476 2535 1769 2608 Rosweyd.
1834 2544 1892 2608 et

284 2609 486 2676 Belin.,
519 2607 665 2680 apud
687 2623 824 2680 quos
848 2606 1047 2680 ultimo
1069 2606 1193 2680 loco
1221 2606 1888 2680 disertissimeexprimif

288 2689 408 2736 tur:
469 2678 600 2736 Item
653 2678 828 2734 sancti
881 2679 1175 2750 Solempnis
1218 2679 1306 2733 vel
1364 2679 1601 2734 Solennii
1640 2678 1892 2750 episcopi.

2001 2464 2290 2535 anteferre.
2325 2464 2401 2535 De
2428 2462 2672 2518 Solemni
2705 2463 2831 2518 vide
2865 2462 3144 2535 Babanum
3180 2479 3318 2535 xxxv
3347 2463 3593 2535 Septem-

2001 2533 2132 2588 bris.
2161 2533 2424 2606 Actaejus
2445 2550 2554 2589 non
2577 2550 2729 2590 esses
2749 2535 2838 2606 itis
2859 2533 3598 2606 indicatBollandus,_citata

1998 2606 2248 2678 superius
2278 2604 2367 2662 die
2398 2623 2454 2661 ιν
2485 2605 2767 2662 Februarii
2799 2605 2858 2660 in
2896 2604 3174 2672 Aventino,
3201 2612 3308 2661 etc.

1624 2803 2230 2862 OBSERVATIONES.

282 2909 357 2964 De
392 2906 628 2977 Cleopha
653 2904 814 2977 nihil
845 2910 927 2960 est
973 2903 1117 2976 apud
1155 2903 1606 2977 Hieronytniana,
1653 2903 1878 2970 Bedam,

282 2974 540 3044 Florum;
575 2975 851 3031 llabanum
884 2982 979 3031 aut
1005 2974 1478 3032 Wandalbertum.
1508 2976 1723 3030 Primus
1755 2991 1879 3030 eum

277 3048 532 3122 signavit
552 3055 742 3122 auctor
773 3047 998 3104 Romani
1035 3047 1212 3122 parvi,
1246 3047 1332 3122 his
1365 3046 1582 3122 verbis:
1616 3047 1881 3122 Cleoplue,

276 3117 363 3177 cui
389 3120 661 3176 Dominus
684 3125 800 3190 post
827 3117 1255 3174 resurrectionem
1278 3119 1331 3172 in
1352 3120 1439 3173 via
1461 3119 1735 3190 apparuit.
1761 3117 1882 3173 Ado

278 3139 361 3177 cut
389 3137 661 3176 uomtnus
684 3137 800 3190 post
827 3137 1255 3174 resurrectionem
1278 3137 1331 3172 ιη
1352 3137 1439 3173 υια
1461 3137 1530 3190 ap
1570 3137 1735 3173 aruit.
1761 3137 1882 3173 Atio

278 3193 335 3272 i_n
367 3208 476 3248 suo
514 3191 1181 3272 Martyrologiopraaligit
1205 3209 1230 3272 :7
1263 3137 1680 3272 λδζαιιιιίδῖηίεςιιὶξ
1723 3198 1774 3244 et
1807 3189 1884 3244 ita

279 3265 454 3320 ferme
497 3261 788 3332 descripsit
831 3261 1147 3318 Notkerus’:
1185 3271 1238 3318 at
1279 3261 1511 3317 Usuardi
1542 3261 1781 3332 elogium
1813 3276 1883 3314 ex

279 3337 660 3408 apostolorum
693 3333 1109 3408 Festivitatibus
1148 3333 1217 3389 ad
1264 3333 1495 3408 verbum
1537 3339 1882 3408 contractum

278 3402 376 3463 est.
413 3407 538 3474 Qua
555 3415 741 3460 autem
765 3404 872 3460 ﬁde
918 3413 1186 3462 assertum
1234 3405 1301 3460 ab
1335 3404 1524 3459 Adone
1548 3402 1880 3474 martyrium

280 3479 514 3545 nitatur,
549 3477 819 3537 hactenus
852 3493 964 3548 non
997 3477 1193 3548 reperi.
1221 3477 1332 3532 Alii
1365 3492 1491 3531 cum
1525 3474 1883 3548 Tillemontio

280 3558 430 3606 tomo
459 3543 507 3616 I,
545 3566 663 3621 pag.
697 3547 949 3621 366,559
975 3559 1028 3603 et
1057 3543 1182 3616 622,
1215 3548 1622 3621 cognationem
1647 3543 1766 3614 ejus
1797 3544 1884 3621 vel

276 3616 771 3677 aﬂinitatein'cum
826 3619 1046 3676 Christo
1099 3616 1387 3676 Servatore
1445 3617 1786 3678 examinant,
1817 3616 1884 3671 de

351 3709 384 3746 a
415 3700 471 3747 et
504 3709 605 3746 nos
649 3692 781 3747 alibi
824 3691 1054 3760 egimus,
1097 3701 1150 3746 et
1198 3707 1361 3762 porro
1406 3689 1585 3745 fusius
1632 3705 1733 3743 suo
1766 3689 1886 3743 loco

1991 2911 2211 2958 secutus
2237 2901 2476 2970 videtur,
2507 2901 2639 2957 dum
2672 2908 2818 2957 recte
2853 2898 3047 2954 scribit
3075 2915 3094 2970 γε
3126 2896 3388 2970 Lugduni,
3435 2896 3603 2970 sancti

1991 2975 2135 3045 ινιρὶ
2159 2974 2390 3064 Episcopi
2421 2968 2484 3028 ei:
2511 2974 2832 3053 anachoreta
2856 2989 2872 3025 :
2896 2970 3040 3064 upde
3062 2968 3498 3064 jam'perspicis,
3532 2983 3600 3064 es

1993 3040 2100 3115 quo
2157 3040 2354 3118 Noster
2408 3061 2506 3101 sua
2557 3043 2849 3118 acceperit.
2912 3042 3027 3098 Hoc
3069 3041 3119 3096 ei
3152 3040 3394 3110 elogium
3451 3040 3600 3096 canit

1995 3115 2424 3176 Wandalbertus
2457 3133 2468 3171 :

2056 3230 2281 3291 Septena
2317 3229 2488 3287 Lupus
2511 3228 2729 3276 antistes
2763 3224 3211 3291 Lugdunirevis‘it

2057 3286 2246 3351 Mdma,
2278 3292 2476 3340 devowe
2515 3299 2686 3354 pastor
2716 3286 3067 3337 memorabilis
3091 3286 3225 3335 urbi.

2067 3402 2167 3457 Res
2200 3397 2319 3470 ejus
2347 3406 2508 3470 gestae
2552 3397 2742 3470 colligi
2797 3403 3177 3470 po_t_erunt_ex_
3207 3396 3440 3470 iisquae
3466 3392 3600 3448 satis

1996 3473 2114 3527 fuse
2143 3465 2377 3526 deduxit
2413 3465 2810 3526 Severtius'in
2843 3467 3215 3538 Chronologia
3247 3465 3600 3538 historica,_a

1996 3561 2114 3614 pag.
2147 3543 2242 3610 84,
2279 3549 2332 3596 et
2371 3557 2439 3596 ex
2469 3542 2592 3597 aliis
2645 3540 2718 3614 ab
2745 3540 2865 3614 ipso
2894 3536 3502 3614 cita_tis._'Herculanus,
3542 3536 3598 3614 in

1997 3605 2152 3670 Actis
2189 3605 2366 3670 sancti
2419 3611 2724 3669 Alexandri
2768 3605 3035 3682 episcopi,
3090 3609 3156 3664 de
3203 3624 3314 3682 quo
3339 3624 3505 3682 supra
3532 3605 3602 3662 ad

1999 3703 2096 3741 χχι
2127 3685 2464 3758 Septembris
2513 3684 2746 3758 egimus,
2799 3679 3143 3758 memeratus
3170 3679 3599 3758 apud_A(l_o_ne_m

314 3709 384 3748 ua
415 3709 471 3747 ει
504 3709 605 3746 nos
649 3709 781 3747 allDl
824 3709 1054 3760 egimus,
1097 3709 1150 3746 θι
1198 3709 1361 3762 ρΟΓΓΟ
1406 3709 1585 3745 11181113
1632 3709 1733 3743 SUO
1766 3709 1886 3743 1000
1999 3709 2096 3741 xm
2127 3709 2464 3758 nepteluurls
2513 3709 2746 3755 egimus,
2799 3709 3132 3736 umluuratua
3170 3709 3315 3750 apuu
3351 3709 3599 3734 nuuucm

276 3709 713 3835 (disputabimus.
733 3762 1051 3818 lndubitata
1069 3773 1334 3835 suntquze
1350 3763 1726 3835 exliucaecap.
1753 3776 1888 3835 xniv
1921 3761 1962 3819 C
1995 3775 2129 3835 xxvi
2161 3755 2645 3835 Nove_mbris,_h.oc
2665 3753 2754 3809 die
2785 3769 2881 3835 pro
2915 3769 3066 3835 mero
3101 3749 3342 3835 Usuardi
3365 3749 3600 3835 arbitrio

287 3831 463 3889 refert
489 3833 752 3889 laudantis
783 3835 1172 3888 Tilletnontius
1215 3831 1332 3903 pag.
1380 3833 1502 3889 368.
1537 3835 1612 3887 De
1644 3831 1884 3887 Firmino

286 3905 430 4033 lieth
446 3904 727 4031 pranus:
773 3906 968 3963 Natale
982 3905 1150 3961 sancti
1169 3905 1400 3961 Firmi-ni
1421 3904 1694 3975 martyris.
1723 3903 1884 3960 Wan-

325 3994 353 4031 a
424 3993 490 4033 er
519 3993 580 4032 us
604 3995 617 4032 :

475 4083 732 4133 Avnbiana
769 4084 921 4132 micat
957 4082 1185 4133 Firmino
1225 4091 1444 4146 martyre
1471 4081 1666 4146 plebes.

282 4192 450 4246 Plura
479 4191 680 4248 Florus
710 4198 993 4248 memorat.
1041 4190 1224 4246 Adoni
1269 4206 1300 4246 a
1329 4189 1619 4246 Mosandro
1643 4188 1885 4244 ascribi-

281 4270 391 4317 tur.
431 4263 665 4330 Verum,
695 4263 802 4318 nisi
847 4264 1084 4318 multum
1116 4263 1298 4330 fallor,
1331 4278 1438 4316 non
1470 4262 1638 4316 alium
1681 4260 1878 4315 ducem

282 4333 481 4406 habuit
513 4333 793 4390 Usuardus
817 4351 980 4406 quam
1014 4335 1147 4390 Acta
1187 4333 1326 4406 ipsa,
1367 4350 1508 4404 quae,
1558 4340 1619 4385 ut
1655 4331 1884 4406 fortasse
1939 4390 1944 4396 _

282 4405 500 4460 sincera
528 4405 760 4461 omnino
799 4401 911 4461 non
941 4406 1075 4473 sint,
1125 4401 1312 4477 gravia
1340 4401 1525 4477 tamen
1565 4410 1618 4477 et
1659 4401 1886 4477 antiqua

282 4492 400 4532 esse
429 4493 534 4532 suo
563 4486 806 4548 tempore
837 4473 1325 4548 demonstrabitur.
1355 4473 1630 4548 ,Mul‘tade
1656 4474 1882 4548 transla-

286 4548 554 4613 tionibus,
588 4543 696 4603 una
715 4557 809 4619 aut
831 4547 1102 4619 pluribus,
1137 4547 1171 4602 h
1195 4546 1304 4619 tjus
1325 4545 1560 4602 Firmini
1583 4554 1636 4601 et
1655 4543 1884 4619 alterius

286 4620 638 4700 cognominis
651 4616 992 4700 confessoris,
1005 4618 1119 4700 jam
1142 4616 1373 4690 pridem,
1399 4625 1452 4673 et
1475 4616 1871 4700 recentissi_i.ne,

289 4688 374 4745 vel
399 4690 548 4762 ipsas
561 4691 704 4746 inter
724 4691 946 4763 umbras
961 4688 1237 4763 disputata
1252 4697 1402 4763 sunt,
1423 4705 1544 4763 qua}
1569 4688 1885 4763 tuncetiam

289 4759 602 4818 accuratius
627 4759 1114 4818 examinabunttir.
1150 4763 1287 4832 Lupi
1317 4759 1570 4832 depositio
1598 4760 1665 4832 ab
1699 4759 1882 4832 Hiero-

292 4779 602 4818 accurauus
627 4779 1114 4818 exammanuntur.
1150 4779 1228 4817 ιιι
1271 4780 1287 4815 ι
1317 4779 1570 4832 aepostuo
1598 4779 1665 4815 an
1699 4779 1882 4815 mero-

292 4833 572 4905 nymianis
601 4833 777 4905 pridie
815 4840 1019 4900 notata,
1064 4849 1095 4889 a
1125 4779 1440 4890 Corbeiensi
1494 4831 1782 4905 Lugdune,
1815 4829 1883 4886 ab

292 4903 686 4976 Epternacensi
723 4905 1126 4976 Augustoduno
1171 4904 1457 4961 tribuitur.
1491 4903 1612 4960 Ado
1642 4903 1882 4976 priorem

1996 3830 2208 3901 positus
2233 3828 2470 3901 videtur,
2490 3827 2615 3901 aliis
2646 3821 2906 3901 omnibus
2936 3823 3181 3896 antiquis
3211 3821 3602 3901 Martyrologis

1997 3893 2326 3972 praeteritus.
2371 3893 2678 3972 ubi‘etiam
2718 3895 3000 3972 advertes,
3025 3893 3451 3972 perperatn,_vel
3482 3894 3602 3947 sal-

1996 3964 2104 4027 iexn
2134 3972 2323 4043 gratis,
2354 3972 2404 4027 ei
2453 3970 2520 4026 ab
2544 3971 2749 4043 Nostro
2782 3968 2901 4043 dari
2960 3964 3195 4043 titulum
3236 3964 3442 4043 militis,
3473 3979 3599 4043 cum

1995 4044 2062 4098 ab
2097 4035 2286 4100 Adone
2309 4035 2496 4098 solum
2526 4039 2996 4110 dicatur,,juvenis
3021 4056 3086 4094 ea:
3115 4037 3280 4110 o/ﬁcio
3314 4035 3598 4110 Antonini.

1994 4117 2254 4187 Sequitur
2301 4114 2600 4187 (lanarius,
2660 4108 2798 4187 sive,
2861 4119 2920 4187 ut
2975 4108 3174 4187 scribit
3235 4108 3600 4187 Castellanus,

1994 4178 2392 4250 Auitacharius,
2424 4184 2490 4238 ab
2527 4178 2774 4238 Usuardo
2811 4180 2976 4250 etiam
3019 4181 3262 4250 primum
3293 4178 3598 4247 consigna-

1996 4265 2103 4323 tus,
2136 4257 2203 4312 de
2225 4249 2384 4326 cujus
2413 4253 2565 4308 Actis
2594 4255 2750 4326 plura
2787 4249 3416 4326 sparsim’inveniuntur
3445 4256 3600 4304 torno

2032 4319 2173 4382 rimo
2201 4319 2556 4381 Bibliotheca}
2594 4319 2935 4385 'Labbeanaa,
2971 4319 3064 4374 sed
3117 4319 3388 4389 praecipue
3411 4334 3442 4372 a
3475 4333 3597 4388 pag.

2039 4400 2096 4455 19
2112 4398 2314 4475 _et_52_8,
2339 4395 2408 4450 ad
2430 4411 2556 4475 quae
2569 4396 2824 4475 accedere
2852 4397 3027 4462 potest
3043 4388 3384 4475 'Cqmpila'tio
3411 4396 3600 4475 nostra

1991 4458 2491 4526 Autissiodorensis
2521 4466 2715 4521 itidem
2776 4458 2874 4518 ms.
2916 4479 2988 4517 ex
3039 4458 3258 4516 Labbeo
3288 4458 3460 4513 ferme
3501 4473 3598 4528 pro

1994 4542 2096 4598 hac
2127 4548 2276 4611 parte
2304 4539 2618 4611 desumpta,
2650 4553 2701 4608 p.
2735 4534 2827 4591 53.
2862 4535 3048 4611 Atque
3081 4531 3346 4587 hactenus
3375 4528 3592 4611 confor-

1998 4598 2272 4669 mes'sunt
2324 4598 2851 4682 probat'ioris‘_notae
2911 4598 3401 4682 cddicesnomnes,
3444 4607 3506 4682 _ut
3534 4598 3600 4655 de

1993 4683 2232 4757 genuino
2271 4673 2428 4739 te'xtu
2457 4679 2699 4757 dubitari
2758 4683 3014 4757 nequeat.
3048 4674 3194 4757 Quid
3239 4673 3307 4757 de
3363 4673 3602 4757 S_o_lemm

1992 4745 2090 4815 seu
2141 4757 2358 4812 Selenne
2397 4751 2735 4812 censendum
2783 4745 3038 4823 superius
3096 4747 3314 4806 abunde
3379 4745 3602 4803 discus-

1993 4845 2115 4885 sum
2149 4835 2255 4884 est.

1301 5077 1308 5082 .
1764 5025 2146 5084 AUCTARIA.

360 5128 635 5195 Panum,
658 5127 1110 5186 Amoene-Max.
1139 5136 1193 5185 et
1225 5129 1521 5186 Roswsvo.
1554 5125 1621 5182 de
1650 5126 1888 5182 Sole'nne
1921 5130 1965 5186 D
1997 5121 2184 5179 subdit
2209 5139 2219 5177 :
2265 5144 2282 5166 ε
2307 5121 2464 5195 Item,
2486 5118 2660 5174 sancti
2695 5115 3029 5186 Sollempnis
3056 5111 3320 5185 episcopi.
3344 5133 3360 5154 ι
3389 5110 3598 5165 Desunt

289 5197 498 5272 habent
527 5208 590 5255 ut
616 5215 784 5272 supra
811 5200 1079 5256 diximus.
1115 5200 1218 5255 Sed
1247 5201 1304 5254 in
1339 5197 1628 5272 Rosvveyd.
1661 5203 1889 5272 praeter;

289 5271 604 5398 pasdditur
635 5288 647 5327 :
686 5267 711 5317 '-
733 5272 795 5327 In
825 5272 1154 5328 monasterio
1187 5270 1501 5337 Glestiensi,
1529 5267 1706 5325 sancti
1737 5267 1890 5324 Ceol-

316 5359 362 5398 τι
409 5361 449 5398 ι.
481 5367 500 5390 ι

362 5415 692 5471 figuramus.
733 5413 975 5472 secundo
1004 5415 1126 5472 loco
1157 5413 1436 5484 proprium
1467 5411 1661 5484 inserit
1686 5428 1702 5484 :_
1740 5435 1756 5456 ε
1789 5410 1891 5484 Eo-

292 5484 446 5559 dem
479 5487 594 5554 die,
641 5488 816 5542 sancti
857 5486 1120 5559 Principii
1159 5481 1886 5559 'suessionensisepiscopi,

293 5556 483 5613 fratris
521 5559 670 5614 beati
720 5558 976 5630 Remigii.
1021 5555 1061 5605 »⁷
1107 5559 1169 5614 In
1224 5556 1356 5625 ﬁne,
1399 5555 1467 5612 de
1525 5555 1781 5620 Solemne,
1829 5561 1890 5608 ut

295 5644 485 5684 supra.

405 5645 485 5684 ra.

363 5645 704 5766 Paeanem,
725 5699 782 5756 in
803 5700 982 5771 prima
999 5699 1132 5755 satis
1156 5716 1348 5771 purus,
1369 5697 1426 5754 in
1452 5696 1694 5771 secunda
1720 5703 1891 5771 trun-

295 5779 383 5827 cat
411 5773 678 5845 elogium,
711 5780 766 5828 et
795 5767 928 5828 tunc
970 5767 1288 5829 immediate
1344 5786 1469 5828 cum
1515 5767 1890 5842 superioribus

2001 5195 2213 5265 reliqua
2250 5192 2492 5265 omnia._
2621 5260 2642 5265 _
3093 5262 3101 5265 _
3307 5249 3424 5265 _._.

2074 5257 2357 5318 Aitrtntnp.
2373 5271 2427 5316 et
2439 5260 2803 5317 Mam-Lusco
2821 5257 3596 5313 .omittuntannuntiationem

1999 5334 2256 5396 Aunarii,
2289 5342 2340 5390 et
2363 5341 2508 5389 recte
2529 5330 2692 5387 etiam
2719 5329 2975 5386 Solemnis
3000 5370 3010 5382 .
3042 5327 3144 5382 Pro
3168 5323 3472 5379 Alexandri
3492 5325 3600 5396 epi-

1998 5406 2157 5474 scopi,
2201 5411 2417 5476 ponunt
2447 5401 2952 5476 Αιε-ΒᾳηάιῖίἮαΡως
2989 5469 2998 5476 .
3285 5474 3292 5476 ξ
3333 5465 3342 5476 ο

2071 5465 2261 5533 Bautis.
2293 5475 2458 5530 etiam
2512 5474 2641 5544 legit
2675 5465 2998 5544 ,Alépdndri
3024 5484 3200 5544 papae,
3245 5474 3300 5523 et
3328 5465 3545 5544 in‘ﬁne
3583 5486 3595 5524 :

2014 5575 2032 5597 ι
2072 5551 2206 5605 Item
2233 5547 2404 5604 sancti
2443 5537 2708 5602 Solemnii
2735 5541 3001 5613 episcopi,
3024 5537 3052 5589 ῐ›
3077 5540 3252 5595 altera
3279 5537 3457 5596 editio
3486 5538 3596 5596 dis-

1999 5621 2230 5678 tinctius
2256 5618 2434 5690 legit;
2475 5641 2492 5664 ι
2528 5616 2662 5690 Item
2697 5613 2929 5679 Blesis,»
2963 5620 3076 5690 _etc.

2070 5682 2556 5755 ΑκτυειῖιῖρΜΑχη
2591 5687 2839 5742 Lernan.
2881 5694 2934 5740 et
2963 5685 3267 5742 LOVANIEN.
3299 5682 3587 5755 scribunt:

1998 5763 2299 5822 Alexandri
2322 5776 2509 5834 papte;
2542 5753 2826 5814 omittunt
2853 5755 3113 5824 Aunarii,
3151 5763 3205 5812 et
3234 5753 3432 5812 ultimo
3472 5753 3594 5808 loco
