4108 6172
1486 252 2122 310 MARTYROLOGIUM.
2165 285 2232 294 —
2280 254 2487 310 MENS.
2531 254 2686 312 OCT.

2253 379 2482 438 Imperii,
2520 380 2726 429 laudum
2751 389 2922 428 servat
2944 389 3306 440 monumenta;
3336 383 3476 432 fuisti

2255 442 2316 490 Et
2342 452 2484 503 pater
2515 452 2566 490 et
2597 451 2768 504 pastor
2800 451 2952 490 tanta}
2981 441 3318 502 dignissimus
3344 445 3501 506 urbis,
3529 455 3625 495 etc.

411 257 510 311 5H
1486 257 2022 310 MARTYROLOGII

2119 298 2122 307 .
2165 285 2232 294 —
2280 257 2487 310 MENS.
2531 257 2686 312 OCT.
3619 257 3724 313 542

409 399 497 453 ego
526 380 694 452 diligo
721 379 1064 453 invergitateu
1082 403 1100 424 ι
1127 378 1188 433 In
1215 377 1325 453 ﬁne
1361 377 1428 453 de
1457 382 1640 434 Aurea
1665 377 1819 453 addit
1849 379 2016 436 verba
2047 386 2099 444 Α

407 449 713 511 Museum-1
739 450 841 506 :de
872 449 1166 505 Francisco
1197 449 1364 504 verba
1392 451 1586 506 BELINI
1613 451 1799 518 refert,
1832 453 2013 507 solum

405 525 619 581 addens
645 529 770 587 post
797 521 1072 587 deductus,
1117 547 1133 567 ε
1159 537 1306 576 anno
1332 522 1638 578 Dominicis
1667 523 2016 578 lncarnatio-

407 597 496 652 nis
529 590 708 660 1226;
742 618 760 638 ι
807 600 862 648 et
890 609 901 645 :
949 617 966 639 ε
998 590 1169 662 Cujus
1204 593 1376 648 vitam
1408 593 1698 662 inclytam,
1727 595 2013 651 miraculis

402 670 626 740 plenam
653 664 922 740 describit
947 665 1353 740 Bonaventura.
1372 665 1509 720 Item
1531 664 1805 740 Treveris,
1827 666 2011 740 Thirsi

403 734 458 796 et
483 734 959 808 sociorumejus,_
994 735 1096 808 sub
1123 735 1464 808 ABictiovaro
1507 737 1761 808 praeside.
1803 762 1819 784 ι
1867 738 2008 793 Tum

399 810 566 892 typis.
585 805 906 892 minoribus
930 806 998 862 de
1028 805 1320 892 Quintino,
1355 814 1440 892 u‘t.
1460 805 1644 892 supra.
1695 809 2011 892 succedunt

396 828 554 938 ἔγριδ
585 828 906 888 mmor-mus
930 828 998 862 ue
1028 828 1320 888 uulnuuo,
1355 828 1422 862 ut
1460 828 1644 878 supra.
1695 828 2008 891 Succedunt

437 881 603 937 einde
655 886 987 951 sequentia:
1037 900 1056 924 ι
1107 879 1356 950 Baptista
1388 879 1720 936 Mantuanus
1745 897 1803 936 in
1831 883 2008 937 Fastis

400 950 820 1010 Ecclesiasticis
850 950 949 1005 lib.
976 966 1015 1003 x
1048 968 1059 1005 :
1093 974 1113 999 ι

2125 525 2400 581 Hactenus
2444 525 2623 597 prima
2659 535 2713 582 et
2765 527 2956 598 purior
3001 527 3195 582 editio.
3228 529 3290 583 In
3323 529 3722 598 posterioribus

2123 599 2298 670 sancti
2339 598 3000 670 Francisciannuntiatio
3028 599 3229 655 litteris
3257 599 3465 655 Italicis
3496 601 3722 670 ponitur

2121 668 2304 743 primo
2335 669 2475 743 locu.
2509 671 2587 724 De
2619 669 2751 743 Caio
2784 669 3066 725 adduntur
3086 687 3207 743 quae
3235 668 3630 742 supra.In_ﬁne
3653 672 3721 729 de

2119 740 2302 813 Aurea
2326 749 2383 813 et
2413 740 2649 813 Thyrso,
2677 741 2844 813 etiam
2875 748 2937 796 ut
2965 740 3148 813 supra.
3175 740 3348 797 Tum:
3389 767 3408 790 ‹
3429 743 3718 812 Bononiaa,

2118 811 2569 894 sanati-Petronii
2599 811 2842 894 episcopi
2886 819 2940 868 et
2955 811 3416 894 “cunfessoris.‘-
3457 811 3718 894 Sequitur

2117 881 2184 937 de
2214 882 2506 950 Quintino,
2539 891 2600 938 ut
2629 881 2688 938 in
2721 881 2915 954 prima.
2954 884 3094 939 Dein
3128 902 3141 939 :
3196 909 3214 932 ι
3245 885 3506 952 Virduni,
3539 881 3716 942 sancti

2114 954 2419 1024 Magdalvei
2450 954 2693 1026 episcopi
2717 963 2770 1010 et
2796 955 3128 1011 confessoris
3157 956 3372 1011 eximii.
3407 982 3425 1005 ι
3468 957 3586 1012 Jam
3612 974 3716 1013 su-

2116 1041 2212 1098 pra
2237 1041 2347 1098 non
2391 1027 2559 1081 semel
2609 1026 2896 1098 diximus,
2930 1028 3222 1098 legendum
3269 1044 3386 1084 esse
3430 1028 3710 1087 Madelvei.

2128 1120 2146 1142 ε
2187 1097 2284 1150 Die
2314 1105 2528 1171 quarta,
2556 1097 2932 1171 sanctiPatris
2951 1097 3233 1171 Hierothei
3259 1099 3504 1171 episcopi
3529 1099 3714 1156 Athe-

2113 1183 2331 1242 narum.
2366 1194 2405 1242 -_
2430 1169 2565 1242 Vide
2599 1168 2846 1242 notulam
2878 1168 3197 1242 castellani,
3229 1168 3350 1242 quae
3377 1169 3424 1226 si
3449 1168 3586 1226 vera
3607 1179 3708 1238 est,

2111 1245 2164 1293 et
2191 1237 2283 1294 hic
2311 1247 2365 1295 et
2393 1239 2451 1294 in
2478 1241 2723 1296 Romano
2757 1239 3026 1297 delendus
3051 1240 3177 1296 erit.

524 1073 655 1122 Hac
675 1070 855 1120 eadem
886 1071 994 1128 tibi,
1034 1071 1264 1132 Petroni,
1299 1072 1636 1122 celeberrime
1660 1075 1832 1134 gentis

526 1135 851 1184 Flamminiaa
875 1135 1130 1197 princeps,
1162 1136 1247 1184 lux
1269 1144 1348 1183 est
1371 1145 1570 1185 sacrata
1596 1146 1814 1194 tuarum,

527 1197 738 1247 Felsina
759 1210 876 1262 quae
902 1197 1162 1260 quondam
1184 1198 1371 1248 Thusci
1397 1207 1552 1262 caput
1580 1213 1696 1249 esse
1721 1201 1921 1249 solebat

397 1425 476 1481 III
506 1426 651 1481 Non.
3525 1429 3625 1486 Die
3652 1430 3705 1486 5.

477 1515 642 1589 Apud
669 1513 934 1583 Siciliam,
959 1514 1160 1571 natalis
1189 1525 1506 1574 sanctorum
1537 1524 1845 1590 martyrum
1866 1517 2097 1587 Placidi,
2117 1519 2322 1576 Euticii
2344 1528 2398 1577 et
2417 1520 2653 1577 aliorum
2681 1521 2930 1594 triginta.
2971 1523 3032 1577 In
3063 1521 3354 1588 Eumenia,
3386 1520 3532 1578 beati
3564 1521 3710 1575 Tra-

409 1605 488 1661 sei
522 1603 776 1677 episcopi,
796 1602 941 1675 apud
966 1603 1244 1695 Smiruam
1277 1604 1545 1676 martyrio
1574 1606 1962 1662 consummati.
1998 1609 2060 1663 In
2101 1609 2298 1664 Galliis
2322 1609 2548 1666 civitate
2569 1611 2846 1676 Valentia,
2869 1611 3045 1667 sancti
3074 1610 3418 1682 Apollinaris
3438 1609 3704 1695 episcopi,

403 1692 567 1765 cujus
588 1700 640 1748 et
661 1692 772 1748 vita
801 1691 1106 1749 virtutibus
1132 1691 1368 1764 insignis
1396 1693 1522 1760 fuit,
1557 1703 1608 1750 et
1637 1710 1784 1750 mors
1808 1695 2178 1753 nihilominus
2207 1698 2379 1768 signis
2404 1706 2458 1752 et
2486 1698 2754 1771 prodigiis
2777 1699 3087 1754 decoratur.
3119 1698 3504 1765 Autisiodoro,
3535 1691 3703 1768 depol

397 1784 529 1842 sitio
558 1790 876 1840 sanctorum
906 1784 1307 1840 Germanorum
1336 1783 1568 1841 Firmati
1601 1784 1821 1842 diaconi
1851 1795 1907 1842 et
1936 1787 2212 1844 Flavianas
2243 1787 2498 1860 virginis.

1897 1914 2130 1971 NOTAE.

454 2013 586 2069 Puri
616 2020 749 2068 sunt
779 2012 1024 2078 Praten.,
1057 2009 1354 2080 Herinien.,
1396 2011 1846 2086 Antucrp.-Maj.,
1885 2014 2182 2087 Rosweyd.,
2223 2014 2484 2088 Antuerp.
2521 2019 2576 2069 et
2614 2011 3006 2082 Max.-Lubec.,
3047 2012 3338 2079 Munerat,
3390 2011 3612 2068 Grc-ven.
3644 2009 3698 2069 el-

383 2106 592 2164 Melan.

1605 2223 2011 2282 VABIANTES
2051 2223 2466 2282 LECTIONES.

457 2323 734 2396 Syciliam,
756 2322 950 2379 scribit
976 2323 1140 2396 solus
1190 2323 1442 2396 Praten.;
1486 2324 1649 2396 solus,
1685 2325 1983 2396 Antuerp.-
2010 2327 2055 2386 B
2099 2327 2359 2392 Tharsew,
2391 2327 2654 2396 Transere,
2680 2331 2784 2396 etc.
2815 2322 3320 2396 RursusSmirnam
3339 2321 3533 2394 scripsi
3556 2321 3699 2396 sim-

385 2395 538 2466 Maj..
577 2395 846 2452 Ceciliam.
871 2396 932 2449 In
954 2395 1317 2520 Antuerﬁien.
1345 2401 1426 2451 est
1455 2395 1670 2463 Placiti,
1703 2403 1765 2452 ut
1795 2395 1981 2451 Hiero-

385 2467 650 2520 nvmiana
668 2467 855 2520 aliaua
883 2465 1087 2520 habent
1110 2484 1122 2520 :
1211 2467 1538 2520 ax.-Lubec.
1563 2467 1779 2520 mendis
1798 2468 1981 2520 scrin-

385 2465 650 2538 nyiniana
668 2467 855 2538 aliqua
883 2465 1122 2538 habent;
1155 2465 1538 2538 Max.-Lubec.
1563 2467 1779 2522 mendis
1798 2468 1982 2538 scrip-

387 2537 547 2594 toriis
584 2539 744 2610 plena
764 2537 846 2592 est
873 2537 1165 2610 Eutycbius
1195 2538 1345 2593 varie
1374 2537 1622 2606 elfertur,
1648 2539 1847 2610 reliqui
1872 2537 1980 2594 Eu-

387 2611 519 2677 ticii,
569 2609 888 2682 pluralitate
945 2609 1357 2682 suffragiorum,
1408 2625 1607 2682 nempe
1665 2609 1978 2682 [losiveydL

384 2682 650 2748 Greven.,
703 2681 1035 2746 Tornacen.,
1079 2689 1188 2736 etc.
1228 2681 1448 2737 Praten.
1497 2681 1662 2737 habet
1709 2681 1976 2748 Euticii-ii;

387 2753 699 2818 Herinien.,
724 2751 960 2824 Eutbici;
985 2752 1654 2824 Antuerpienses,Eulici;
1682 2755 1976 2818 Munerat.,

381 2823 600 2890 Ethici;
634 2825 783 2878 solus
811 2823 1040 2887 Molan.,
1073 2823 1237 2878 recte.
1276 2824 1425 2880 Idem
1455 2826 1689 2880 recurrit
1719 2825 1775 2878 in
1813 2826 1981 2880 Thra-

383 2913 507 2960 seae,
543 2893 701 2966 cujus
731 2911 932 2949 nomen
967 2894 1254 2950 efformavi
1285 2911 1355 2950 ex
1384 2897 1626 2963 Praten.,
1667 2895 1980 2962 Herinien.,

384 2966 632 3023 Greven.
682 2974 734 3022 et
775 2967 976 3022 Melan.
1008 2967 1168 3038 Apud
1200 2966 1340 3023 alios
1368 2975 1450 3023 est
1490 2968 1712 3037 Tracice,
1755 2969 1981 3036 Tarsam,

2091 2396 2310 2473 pliciter
2338 2412 2406 2473 ea
2437 2395 2700 2473 omnibus
2743 2394 2920 2473 ferme
2943 2392 3249 2473 codicibus,
3281 2392 3514 2473 excepto
3541 2393 3696 2473 Era—

2090 2463 2230 2522 tensi
2281 2475 2334 2521 et
2379 2467 2510 2521 item
2552 2466 2755 2520 Molan.
2790 2466 2953 2534 Lego,
2985 2463 3140 2531 cujus
3167 2471 3215 2516 et
3245 2463 3355 2518 vita
3385 2463 3690 2530 virtutibus,

2091 2546 2221 2610 etc.,
2252 2547 2444 2594 contra
2471 2553 2634 2610 quam
2666 2533 2905 2591 habeant
2930 2536 3148 2589 Praten.
3174 2543 3229 2589 et
3256 2534 3568 2610 H_e_rinien_.,
3592 2533 3688 2606 qui

2092 2609 2358 2664 omittunt
2386 2605 2711 2679 particulam
2734 2614 2799 2679 et,
2823 2623 2988 2678 quam
3015 2612 3228 2679 certum
3250 2605 3474 2679 videtur
3493 2605 3693 2660 Usuar-

2091 2681 2223 2737 dum
2268 2697 2339 2735 ex
2378 2675 2574 2750 Adone
2617 2675 2884 2750 posuisse,
2935 2675 3032 2748 qui
3084 2683 3282 2750 caetera
3311 2675 3502 2730 omnia
3530 2691 3599 2730 ex
3629 2692 3692 2730 eo

2091 2752 2345 2822 sumpsit.
2379 2749 2575 2806 Nescio
2603 2747 2702 2822 cur
2735 2747 2973 2803 Greveni
3003 2755 3056 2801 et
3083 2747 3288 2822 Melan.
3325 2754 3452 2800 ante
3476 2763 3692 2822 _germa-

2091 2817 2281 2878 norum
2317 2821 3040 2894 expunxerintsanctagjum,
3092 2817 3174 2894 uti
3223 2817 3520 2894 Rosweyd:
3565 2824 3694 2872 ante

2101 2897 2308 2951 Traseaz
2335 2888 2541 2949 delevit
2570 2892 2727 2948 beati.
2757 2893 2835 2948 De
2854 2888 3262 2956 Nichilominus,
3295 2888 3540 2959 dyaconi,
3559 2896 3690 2956 etc.,

2092 2965 2234 3022 nihil
2265 2964 2564 3022 dicendum
2594 2972 2695 3020 est.

1695 3091 2299 3151 OBSERVATIONES.

456 3186 691 3244 Codices
739 3187 1159 3260 Hieronymiani
1207 3189 1471 3246 Lucensis
1508 3200 1562 3246 et
1611 3191 1976 3258 Corbeiensis,

381 3267 507 3333 tum
529 3274 638 3333 _ms_.
679 3267 794 3333 tum
826 3259 1170 3333 ab‘Acherio
1200 3262 1478 3332 vulgatus,
1514 3262 1717 3318 diserte
1745 3264 1933 3333 legunt
1963 3281 1973 3318 :

380 3333 448 3387 In
479 3331 689 3397 Sicilia,
709 3330 940 3398 Placidi,
968 3333 1054 3386 vel
1086 3330 1505 3398 Placiti,_Eutici
1523 3330 1822 3388 etalioruni
1837 3351 1974 3389 xxx.

378 3401 612 3457 Mutilus
659 3401 882 3474 videtur
926 3404 1371 3474 Epternacensis,
1404 3405 1536 3460 dum
1567 3407 1747 3460 solum
1779 3415 1931 3461 notat
1962 3423 1973 3460 :

378 3474 629 3553 _Euticiet
654 3473 1045 3553 aliorum-vui.
1078 3476 1334 3553 Babanus
1358 3475 1416 3531 in
1446 3477 1670 3532 nomine
1699 3493 1824 3532 cum
1858 3493 1977 3549 pos-

378 3551 558 3620 tremo
586 3545 872 3620 convenit,
895 3545 959 3620 _in
991 3547 1276 3620 sociorum,
1306 3564 1712 3620 anonymorum
1744 3545 1976 3620 nurnero

2086 3188 2387 3246 contrahit.
2422 3189 2591 3243 Porro
2627 3187 2765 3241 Acta
2793 3185 3020 3256 praefata
3038 3183 3308 3256 atrocibus
3335 3183 3538 3256 mendis
3570 3194 3699 3256 excf

2085 3278 2278 3315 nerare
2331 3259 2507 3314 conati
2562 3264 2688 3311 sunt
2734 3253 3004 3312 Acherius
3035 3263 3088 3310 et
3117 3253 3366 3326 Mabilioi,
3393 3255 3460 3326 de
3489 3254 3695 3326 quibus

2088 3331 2295 3387 videsis
2333 3332 2524 3401 paucis
2551 3327 2958 3401 Responsiones
2987 3324 3361 3401 Papebrochii
3377 3325 3446 3380 ad
3477 3324 3582 3380 art.
3604 3342 3685 3381 χι»

2088 3419 2244 3458 num.
2278 3397 2382 3458 238
2411 3409 2464 3456 et
2504 3399 2628 3456 239.
2659 3397 2768 3454 Nos
2796 3406 2992 3454 caetera
3022 3399 3144 3453 loco
3179 3397 3404 3469 proprio
3433 3412 3695 3452 reserva-

2091 3490 2238 3601 m'iii
2284 3545 2516 3599 Thrasea
2544 3543 2625 3597 sic
2654 3542 2865 3613 primus
2906 3541 3071 3596 hodie
3122 3555 3192 3595 ex
3244 3538 3411 3613 solito
3459 3537 3690 3613 ductore

379 3615 508 3696 aliis
538 3609 867 3699 subscribit.
894 3617 995 3699 Hic
1017 3616 1130 3699 jam
1164 3619 1314 3699 varie
1347 3637 1402 3675 se
1431 3609 1648 3699 torquet
1676 3619 1975 3699 _Florenti-
2013 3639 2056 3699 ο
2088 3616 2288 3699 Ruﬁna
2319 3614 2415 3668 lib.
2441 3631 2503 3695 .v,
2537 3609 2769 3699 capit,
2799 3613 3052 3694 meminit
3084 3619 3275 3699 auctu!
3306 3609 3552 3699 Romani
3572 3625 3691 3699 par-

379 3687 531 3753 nius,
551 3694 610 3742 ut
637 3687 837 3762 spiras,
854 3687 1178 3762 amfractus,
1201 3692 1463 3762 ambages,
1488 3687 1601 3746 imo
1616 3691 1974 3759 labyrinthum

384 3775 632 3812 errorum
660 3760 992 3843 complanet,
1022 3761 1116 3833 qui
1144 3777 1213 3816 ex
1243 3760 1399 3843 Actis
1444 3763 1973 3843 pseudo-Gordianis

386 3831 900 3906 emana_runt,_quod
929 3831 1093 3906 quain
1124 3842 1266 3887 esset
1285 3831 1672 3906 difﬁcile,satis
1694 3835 1975 3906 perspexit

382 3899 656 3971 Baronius
678 3901 741 3956 ad
767 3899 980 3957 annum
1015 3903 1140 3968 529,
1173 3921 1325 3958 num.
1364 3904 1429 3960 10
1455 3912 1508 3959 et
1533 3899 1710 3971 alibif
1740 3899 1974 3960 fatenti-

378 3970 488 4047 _bus
523 3972 682 4047 modo
712 3973 1090 4047 Benedictinis
1118 3974 1274 4047 ipsis,
1294 3975 1502 4030 fontem
1525 3992 1590 4030 ex
1623 3970 1730 4047 quo
1759 3977 1971 4031 Mauro-

379 4043 542 4114 lycus
568 4043 772 4118 aliique
802 4045 1051 4118 hausere,
1082 4043 1368 4118 turbidum
1399 4063 1618 4118 prorsus
1639 4043 1699 4102 et
1731 4049 1972 4118 lutosum

373 4129 534 4199 esse;
568 4115 712 4199 adeo.
732 4124 792 4170 ut
820 4115 1198 4197 Theodoricus
1231 4115 1553 4199 Ruinartius
1573 4119 1631 4173 in
1655 4117 1972 4199 Appendice

374 4185 447 4257 ad
480 4186 806 4257 Apologiam
841 4187 1121 4243 missionis
1148 4190 1324 4244 sancti
1366 4190 1563 4257 Mauri,
1599 4185 1718 4245 non'
1739 4185 1818 4244 ita
1847 4191 1972 4257 pri—

375 4255 502 4330 dem
526 4255 702 4330 edita,
733 4258 895 4330 aliam
929 4261 1090 4330 plane
1123 4260 1272 4314 viam
1295 4261 1521 4315 iniverit
1548 4255 1616 4315 ad
1645 4255 1971 4316 salvandum

372 4328 617 4402 Placidi,
634 4328 1219 4402 Benedictidiscipuli,
1238 4333 1448 4387 cultum
1462 4331 1598 4386 .Non
1619 4332 1761 4386 alius
1780 4349 1967 4388 occur-

376 4398 452 4452 rit
494 4399 690 4474 m_odus
719 4400 1034 4471 expeditior
1061 4398 1225 4474 quam
1254 4403 1302 4458 si
1336 4403 1586 4474 Placidus
1614 4403 1753 4456 alter
1781 4404 1849 4457 ab
1879 4404 1972 4458 al-

374 4477 497 4524 tero
522 4471 920 4542 distinguatur.
964 4471 1094 4529 Hoc'
1129 4483 1275 4530 certe
1323 4473 1698 4528 indubitatum
1748 4474 1972 4529 videtur

375 4542 607 4616 nullum
619 4544 971 4615 antiquorum
995 4545 1648 4616 Martyrologorum,dum
1674 4546 1968 4611 Placidum,

371 4614 698 4688 Eutychium
735 4614 794 4688 et
817 4616 995 4670 socios
1023 4614 1333 4688 anonymos
1366 4623 1697 4688 memorant,
1739 4617 1827 4671 vel
1876 4633 1972 4687 per

372 4683 631 4759 umbram
665 4686 948 4759 cogitasse
997 4683 1293 4759 monachos
1323 4687 1491 4759 ipsos,
1523 4686 1758 4742 necdum
1788 4683 1972 4759 Bene-

373 4754 622 4831 dictinus
654 4754 846 4831 fuisse,
879 4757 1025 4828 quod
1057 4758 1323 4831 profecto,
1349 4754 1451 4831 'qui
1478 4754 1741 4814 monachi
1773 4769 1826 4815 et
1865 4758 1970 4830 ipsi

371 4833 552 4902 erant,
580 4826 862 4902 insinuare
881 4826 994 4902 non
1013 4826 1401 4902 neglexissent,
1426 4838 1488 4885 ut
1509 4831 1709 4902 passim
1737 4826 1968 4898 faciunt,

372 4896 579 4952 frustra
610 4898 702 4953 hic
730 4906 784 4953 et
813 4896 1114 4956 subtimide
1146 4903 1476 4957 reclamante
1511 4896 1821 4959 Ruinartio.
1860 4896 1970 4957 Faé

2086 3688 2139 3742 vi
2177 3704 2188 3741 :
2223 3686 2518 3750 Eumenia,
2555 3683 2798 3741 Thrasea:
2824 3685 3073 3755 episcopi,
3106 3683 3178 3737 ad
3210 3683 3506 3755 Smyrnam
3534 3698 3690 3755 coro-

2082 3760 2218 3825 nati,
2253 3759 2345 3828 qui
2375 3774 2512 3810 unus
2528 3755 2634 3824 fuit
2660 3774 2725 3810 ea:
2745 3753 3148 3828 antiquisIHaac
3174 3753 3242 3828 ab
3272 3753 3466 3808 Adone
3492 3769 3561 3808 ex
3584 3753 3692 3808 Eu-

2082 3830 2234 3885 sebio
2254 3825 2510 3884 nonnihil
2531 3827 2792 3898 ampliata
2812 3825 2963 3894 sunt,
2992 3843 3061 3882 ex
3084 3825 3188 3880 hoc
3211 3825 3413 3898 iterum
3438 3840 3694 3898 accepere

2083 3901 2365 3957 Usuardus
2393 3907 2447 3955 et
2488 3895 2782 3954 Notkerus.
2830 3899 3037 3954 Textus
3085 3895 3262 3951 nostri
3298 3896 3483 3961 verba,
3517 3895 3586 3950 an
3619 3895 3687 3950 ad

2085 3973 2268 4028 Ruﬁni
2301 3987 2520 4027 sensum
2553 3970 2688 4025 satis
2717 3978 2910 4026 exacta
2940 3970 3075 4035 sint,
3106 3984 3219 4022 non
3252 3968 3414 4038 plane
3452 3973 3689 4033 constat,

2084 4060 2211 4098 nam
2238 4042 2397 4114 apud;
2415 4041 2716 4096 Eusebium
2742 4042 2902 4114 aliter
2934 4040 3182 4113 loquitur
3215 4039 3554 4114 Polycrates,
3581 4053 3692 4093 non

2083 4111 2330 4170 asserens
2341 4112 2634 4167 Thraseam
2661 4112 2930 4181 martyrio
2953 4111 3404 4167 consummatum
3426 4111 3687 4179 Smyrnae,

2081 4192 2175 4247 sed
2205 4193 2523 4261 requiescere
2551 4189 2636 4242 vel
2671 4189 3007 4261 requievisse,
3038 4191 3357 4261 nesciunt-ac,
3389 4189 3483 4261 ubi
3527 4188 3693 4244 Ruﬁ-

2083 4279 2185 4334 nus
2205 4258 2532 4334 simpliciter
2565 4259 2733 4313 vertit
2761 4265 3171 4315 consummatus.
3201 4258 3306 4313 Sed
3328 4258 3394 4312 de
3425 4258 3511 4314 his
3532 4261 3689 4330 plura

2082 4333 2238 4387 alibi.

2153 4401 2489 4458 Prseceditin
2509 4401 2812 4458 Viennensi
2833 4399 3171 4471 Apollinaris
3191 4415 3316 4455 cum
3340 4397 3519 4469 elogio
3541 4400 3688 4471 quod

2080 4475 2348 4530 verbatim
2381 4474 2437 4528 in
2464 4481 2679 4528 textum
2713 4481 2966 4527 nostrum
2999 4473 3326 4526 translatum
3347 4477 3457 4534 est;
3490 4485 3521 4523 a
3549 4473 3680 4525 Not-

2081 4546 2232 4611 kero,
2262 4553 2323 4618 ut
2354 4545 2604 4618 proxime
2631 4545 2904 4618 superius,
2927 4542 3140 4618 m_odi_ce
3160 4541 3680 4618 decurtatum.Non-

2081 4618 2235 4672 nulla
2264 4615 2330 4670 de
2355 4613 2468 4670 hoc
2515 4613 2716 4671 sancto
2752 4615 2929 4670 edidit
2958 4614 3171 4678 Surius,
3205 4613 3298 4668 sed
3345 4613 3580 4668 certiora
3618 4629 3688 4668 ex

2080 4688 2205 4743 aliis
2231 4687 2603 4742 monumentis
2632 4703 2731 4742 suo
2762 4695 3009 4757 tempore
3040 4685 3427 4757 producemus.
3463 4685 3687 4756 Apolli—

2080 4775 2268 4814 narem
2289 4775 2357 4814 ex
2383 4757 2834 4830 Hieronymianis
2863 4756 2932 4813 ab
2965 4758 3157 4830 Adone
3189 4756 3541 4830 desumptum
3563 4757 3684 4830 uexi-

2080 4831 2267 4899 stimo,
2289 4848 2357 4886 ex
2379 4831 2581 4903 quibus
2595 4827 2771 4885 etiam
2798 4831 2853 4884 in
2879 4829 3166 4903 Rabanum
3188 4829 3381 4903 purius
3401 4827 3682 4903 transivit,

2079 4919 2206 4971 cum
2236 4899 2660 4958 annuntiatione
2691 4903 2888 4958 ultima
2932 4901 2998 4956 de
3033 4899 3300 4972 germanis
3335 4899 3686 4972 Autissiodu—

370 4975 518 5053 cta‘rn
550 4968 1035 5053 inteupolationem
1068 4973 1125 5026 in
1160 4974 1405 5029 Romano
1436 4974 1702 5053 moderno
1737 4973 1965 5053 (verosi-
1999 4996 2046 5053 D
2083 4968 2340 5053 rensibus.
2376 4975 2571 5053 Utrum
2603 4990 2742 5053 vero,
2763 4968 3138 5053 Elorentinius
3177 4988 3299 5053 pro_
3321 4986 3421 5024 suo
3453 4968 3684 5047 arbitrio

370 5038 664 5114 militet-ex
685 5038 1264 5114 MaurolyciActorum
1287 5044 1638 5114 compendio)
1654 5038 1970 5099 observavit

371 5109 740 5184 Castellanus,
771 5109 994 5184 quze'ibi
1025 5130 1134 5168 non
1174 5116 1341 5170 semel
1364 5109 1597 5170 subinde
1621 5109 1836 5170 mutata
1865 5126 1964 5182 est,

371 5187 434 5235 ut
465 5183 673 5252 patebit
715 5183 802 5238 vel
849 5185 992 5240 solas
1044 5184 1314 5241 editiones
1359 5187 1736 5240 Plantinianas
1784 5186 1964 5241 confe-

370 5253 537 5327 r_e_nt_i.
562 5254 788 5327 Belinus
817 5257 996 5311 solum
1028 5257 1306 5311 Placidum
1327 5257 1539 5327 primus
1565 5257 1678 5327 ipse
1703 5257 1967 5311 Benedicti

367 5323 693 5394 discipulum
723 5326 944 5394 fecerat,
977 5335 1192 5384 textum
1222 5323 1415 5384 caetera
1465 5323 1734 5384 intactum
1784 5329 1964 5382 relin-

369 5411 565 5467 quens.
585 5395 690 5452 Sed
717 5406 770 5452 et
790 5397 897 5453 hoc
917 5399 1182 5455 novitatis
1212 5399 1538 5465 revincitur,
1574 5415 1700 5455 cum
1728 5399 1785 5453 in
1812 5406 1966 5454 tanto

369 5465 632 5543 codicum
661 5477 976 5543 nnstrorum
1007 5486 1259 5543 numero,
1305 5486 1540 5543 quorum
1571 5485 1693 5542 pars
1722 5470 1967 5543 maxima

369 5552 400 5590 a
431 5537 808 5595 Benedictinis
835 5541 1118 5597 monachis
1145 5537 1365 5596 exarata
1393 5549 1496 5608 est,
1527 5537 1627 5597 nec
1657 5557 1801 5596 unus
1830 5541 1967 5595 uni-

370 5624 468 5686 cus
519 5611 847 5686 reperiatur,
886 5611 959 5686 _in
995 5629 1127 5686 _quo
1156 5612 1390 5686 Usuardi
1420 5612 1606 5686 verbis
1636 5613 1729 5686 vel
1752 5612 1966 5686 syllaba

372 5679 706 5755 adjecta'siti.
731 5682 956 5738 Interim
979 5679 1047 5738 de
1069 5684 1284 5739 Placido
1298 5692 1393 5740 aut
1411 5684 1575 5740 sociis
1592 5683 1733 5755 nihil
1767 5679 1967 5755 legitur

373 5750 631 5836 in‘Beda,
679 5754 929 5836 Rpmano
977 5771 1176 5836 parva,
1205 5757 1516 5836 Floro,__aut
1545 5750 1962 5836 Wandalberto.

371 5821 587 5879 Adonis
623 5824 792 5881 verba
822 5821 1084 5884 describit
1130 5821 1346 5893 Noster,
1377 5821 1650 5883 Notkerus
1679 5827 1966 5900 paululum

2083 5053 2227 5100 recte
2258 5047 2350 5099 hos
2379 5045 2569 5099 caelites
2590 5062 2654 5097 ex
2673 5045 2871 5098 add-itis
2889 5063 2923 5099 a
2950 5044 3153 5098 Galli-co
3179 5038 3493 5109 antiquaria
3524 5056 3684 5107 agno-

2079 5123 2208 5182 scat,
2244 5115 2379 5189 mihi
2410 5115 2542 5189 satis
2574 5125 2915 5189 compertum
2949 5130 3060 5189 non
3090 5120 3190 5178 est,
3212 5109 3681 5189 quemadmodum

2077 5203 2177 5241 nec
2198 5187 2328 5240 satis
2344 5185 2594 5255 intelligo
2615 5201 2715 5240 cur
2739 5185 3156 5255 ultimamhanc
3175 5185 3680 5255 annuntiationem,

2075 5273 2118 5332 a_
2140 5256 2428 5310 Mosandro
2457 5249 2710 5332 positam,
2748 5253 3086 5324 Rosweydus
3118 5252 3299 5332 Adoni
3332 5249 3681 5331 abiudicave-

2074 5328 2167 5401 rit,
2194 5334 2256 5381 ut
2286 5335 2408 5401 pote
2440 5327 2534 5401 qui
2558 5326 2872 5401 hanc_aeque
2890 5341 2950 5380 ac
2976 5326 3580 5401 proxi_me_superi_o[em
3612 5341 3681 5401 ex

2077 5393 2525 5464 Hieronymianis
2554 5412 2664 5451 una
2684 5393 3192 5464 desumere’potuit.
3221 5393 3676 5463 ConjicitCasteI-

2077 5471 2235 5525 ianus
2277 5465 2596 5522 Flavianum
2625 5467 2785 5532 hanc,
2815 5473 3080 5520 mutatam
3110 5465 3167 5520 in
3194 5466 3441 5521 Flauiam
3488 5467 3676 5536 (sicuti

2077 5540 2210 5595 alias
2243 5543 2515 5607 vocatur),
2548 5537 2838 5594 accessisse
2886 5537 3226 5607 martyribus
3272 5537 3494 5604 Siculis,
3538 5538 3683 5592 inter

2113 5628 2216 5667 uos
2245 5611 2410 5666 etiam
2445 5612 2610 5665 frater
2641 5607 2758 5679 ejus
2790 5608 3103 5675 Firmatus;
3147 5609 3228 5665 uti
3287 5609 3583 5667 Victori-nus
3627 5616 3681 5664 et

2123 5686 2327 5749 'austus,
2360 5680 2469 5762 qui
2487 5681 2544 5736 in
2576 5679 3673 5762 Ilieronymianis_apographis.expresse

2077 5771 2204 5832 cum
2240 5750 2520 5832 particula
2535 5751 2668 5808 alibi
2700 5750 3002 5832 pouuutur.
3015 5750 3360 5832 _i‘j'esciocur
3391 5751 3448 5805 in
3481 5750 3678 5832 ultima

2077 5820 2456 5897 Martyrologii
2487 5820 2716 5882 Romani
2746 5823 2990 5880 editione
3015 5824 3366 5880 Plantiniana
3381 5820 3510 5876 anni
3541 5820 3674 5875 1701
