4066 6174
517 243 621 303 579

1872 237 2174 296 USUARDI
2207 237 2529 296 MONACHI

3739 226 3841 294 580

518 358 580 422 In
631 366 740 422 ﬁne
779 358 1037 421 additur:
1085 386 1104 434 ᾳ
1133 357 1194 418 In
1227 353 1431 434 Capua,
1462 325 1777 418 sanctorum
1808 371 2114 434 martyrum
2152 367 2201 424 A
2233 370 2562 434 martyrum.
2595 386 2612 407 ›
2660 361 2721 417 In
2756 360 2900 417 ﬁne:
2951 383 2970 408 ι
3000 358 3061 416 In
3093 359 3296 432 Capua,
3325 359 3527 432 Lupini
3555 367 3609 416 et
3636 361 3840 417 Fortu-

519 437 672 492 Lusii
720 444 775 492 et
821 433 1129 506 Fortunati.
1161 434 1233 506 Ine
1250 432 1429 506 Syria,
1460 433 1634 488 sancti
1664 432 2119 506 Eustachii—pre—

518 508 725 581 sbyteri
756 517 810 564 et
838 505 1184 581 confessoris.
1218 504 1507 581 Bituricas,
1539 505 1713 560 sanéti
1743 504 2120 577 Epionis'pre-

519 576 726 652 sbyteri
755 588 809 635 et
838 576 1210 635 confessoris.»
1254 576 1331 630 De
1361 583 1598 648 utroque
1626 583 1810 632 actum
1841 584 1922 633 est
1952 576 2119 649 supra

519 667 602 706 χιι
631 650 905 706 Octobris.

518 667 602 706 x11
631 659 905 706 Octobris.

588 723 913 784 Aomcmcr.
946 719 1133 776 subdit
1160 718 1213 773 in
1245 718 1354 773 ﬁne
1380 734 1391 770 :
1431 743 1448 765 ι
1469 718 1531 772 In
1563 718 1767 788 Capua.
1799 725 2115 775 sanctorum

517 793 700 864 Lupili
724 801 778 847 et
808 793 1117 864 Fortunati.
1141 790 1347 864 Eodem
1364 789 1477 854 die,
1500 790 1674 844 sancti
1692 790 2012 846 Wulfranni
2034 807 2116 845 ar-

517 863 855 936 chiepiscopi
882 863 1253 936 Senonensis»

589 929 879 991 Vicronix.
909 944 962 991 et
992 935 1126 990 Rea.
1159 933 1346 999 Susa,
1381 931 1628 999 signatus
1654 946 1807 984 num.
1847 929 1946 985 130
1972 946 1981 982 :
2005 954 2023 976 ι
2053 930 2114 984 In

515 1007 797 1062 territorio
831 1004 1227 1071 Lemovicensi,
1247 1002 1421 1058 sancti
1441 1001 1710 1057 Leonardi
1727 1001 2101 1058 confessoris.-

515 1078 712 1154 Me_lius
744 1078 885 1132 infra
910 1077 1003 1154 alii
1034 1076 1360 1154 positionem
1383 1073 1678 1154 assignant.
1779 1144 1812 1154 Α
1845 1143 1866 1154 _
2072 1141 2109 1154 ν

588 1151 902 1204 ΒΑγειιοΝ.;
926 1173 942 1195 ι
965 1141 1192 1211 Ιιίρδςο
1225 1141 1612 1211 Cenomanico,
1641 1144 1816 1200 sancti
1843 1141 2114 1198 Leonardi

514 1220 866 1277 confessoris.
899 1244 917 1266 ι
960 1217 1102 1274 Vide
1131 1217 1523 1274 Castellanum.

585 1290 1468 1347 MATRIC.-CARTUS.-ULTRAJECT.
1497 1305 1508 1342 :
1556 1311 1574 1334 ι
1610 1285 1790 1340 Basoli
1820 1285 2032 1340 abbatis
2061 1290 2115 1338 et

513 1361 1180 1419 confessoris.Translatio
1197 1367 1510 1416 sanctorum
1528 1366 1837 1428 martyrum
1847 1356 2114 1428 quinqua-

549 1433 685 1501 inta,
727 1451 797 1489 ex
828 1433 1041 1505 legione
1080 1432 1460 1505 Thebaoruru.
1497 1427 1784 1505 Obiithhoc
1813 1427 1900 1505 die
1930 1434 2116 1482 sancta

563 1499 814 1586 edvvigis,
845 1499 1063 1560 ducissa
1092 1503 1370 1569 Moravia,
1405 1499 1939 1586 Slesia,“S_laven-i‘a,
1969 1513 2116 1586 r{uno

509 1569 737 1633 Dominir
767 1569 1038 1643 siccum,
1070 1582 1361 1630 matertera
1391 1579 1590 1628 sancta
1613 1569 2114 1643 Elizabetha‘Thu-

509 1647 722 1720 ringia,
757 1665 878 1720 qua
907 1640 1225 1720 canonizata
1246 1651 1331 1720 est
1356 1660 1386 1698 a
1415 1643 1696 1720 Clemente
1727 1642 1826 1697 IV.
1859 1640 2113 1720 Quicum

2230 434 2342 489 nati
2373 443 2703 505 martyrum.
2727 457 2744 479 ι

2301 503 2553 560 Gnsvan.
2591 524 2602 561 :
2640 530 2656 551 ι
2697 504 2860 576 Apud
2899 503 3164 576 Capuam,
3210 510 3524 576 sanctorum
3578 503 3744 576 Luﬁli
3786 513 3837 561 et

2229 577 2517 632 Fortunati
2572 574 2908 647 martyrum.
2935 574 3201 647 Vienna,
3241 575 3416 630 sancti
3447 574 3675 647 Deodati
3715 576 3837 646 epi—

2229 649 2378 719 scopi
2421 656 2473 702 et
2507 645 2858 704 confessoris.
2903 645 3176 719 Treveris,
3226 645 3593 719 natalebeati
3651 645 3836 703 Severi

2229 717 2471 790 episcopi
2512 727 2566 774 et
2592 719 2948 775 confessoris.
2985 717 3318 790 Vuﬁlframmi
3339 717 3590 790 episcopi
3608 725 3667 790 et
3697 735 3838 773 con-

2230 787 2468 846 féssoris.
2510 791 2850 857 Lemovicas,
2899 789 3083 844 sancti
3130 787 3440 844 Austridini
3488 787 3836 846 confessoris.

2228 861 2494 932 Speciosa
2561 862 2813 933 virginis.
2875 859 3214 933 Antiochia,
3275 867 3472 933 sancta
3532 860 3838 933 Margarita

2230 930 2482 1004 virginis.
2535 930 2688 1000 Qua,
2740 942 2802 988 ut
2849 931 3017 986 seculi
3075 930 3245 1004 hujus
3291 932 3512 1004 pelagus
3560 931 3834 1004 evaderet,

2227 1001 2421 1076 relicto
2443 1022 2666 1076 sponso,
2689 1004 2896 1060 carnali
2919 1001 3835 1076 monasteriumvirorumingressa,

2225 1075 2430 1154 Pelagii
2465 1072 2571 1131 sibi
2608 1091 2807 1130 nomen
2839 1074 3150 1154 assumpsit.
3177 1073 3279 1128 Ubi
3310 1072 3367 1127 in
3399 1089 3593 1154 magna
3623 1072 3840 1154 sancti-

2225 1153 2336 1201 tate
2362 1145 2585 1214 vivens,
2615 1146 2944 1201 monasterio
2978 1145 3256 1215 virginum
3283 1145 3524 1216 pralata,
3553 1145 3620 1200 de
3649 1145 3840 1200 fomi-

2225 1219 2441 1275 catione
2487 1219 2621 1273 falso
2651 1225 2920 1290 accusata,
2960 1215 3332 1290 panitentiam
3384 1216 3514 1288 egit,
3566 1215 3846 1290 plenaque

2226 1290 2515 1346 sanctitate
2551 1288 2786 1360 quievit.
2827 1286 2985 1360 Nota.
3020 1286 3331 1358 Supradicti
3363 1286 3633 1360 martyres
3663 1286 3836 1343 cchx

2227 1363 2452 1416 fuerunt
2481 1377 2548 1415 ex
2569 1359 2938 1426 ’Mauricania,
2963 1375 3082 1431 qua
3103 1366 3186 1431 est
3216 1375 3340 1430 pars
3369 1359 3592 1431 Africa,
3620 1377 3735 1431 non
3764 1377 3836 1415 ex

2231 1433 2442 1503 legione
2492 1431 2860 1496 Thebeorum,
2880 1429 3020 1503 licet
3047 1429 3169 1503 Ado
3196 1429 3250 1484 et
3281 1429 3557 1503 Usuardus
3587 1431 3676 1503 Asic
3725 1430 3837 1486 ha-

2226 1500 2392 1558 beant
2421 1513 2833 1575 :veneruntque
2866 1500 3149 1575 Colonjam
3174 1502 3394 1575 nagivig
3416 1519 3542 1575 cum
3558 1501 3712 1575 duce
3731 1519 3837 1575 suo

2225 1575 2508 1645 Gregorio.
2569 1572 2960 1640 Item,'sancti
3023 1572 3292 1645 Leonardi
3350 1573 3835 1645 Corbiginacensis

2225 1643 2576 1702 confessoris.
2608 1646 2734 1712 Qui,
2759 1653 2821 1700 ut
2851 1645 3016 1699 refert
3040 1643 3365 1700 Vincentius
3391 1644 3486 1699 lib.
3520 1643 3662 1713 ixn,
3696 1654 3835 1702 tem-

510 1710 1254 1788 diflhrretcanonizationeln
1287 1714 1423 1786 ejus.
1458 1714 1515 1768 in
1547 1713 1712 1788 missa
1741 1729 1924 1788 orans.
1956 1719 2036 1777 ιιι,
2061 1710 2108 1766 Si
2142 1722 2186 1781 B
2221 1717 2443 1788 poribus
2473 1710 2727 1772 Lotharii
2763 1717 2926 1785 regis,
2960 1715 3016 1770 in
3049 1732 3184 1787 pago
3215 1714 3623 1788 Cenomannico
3648 1710 3755 1772 Sibi
3779 1725 3835 1772 et

508 1791 650 1846 tanti
678 1789 863 1862 meriti
890 1798 1029 1844 esset
1057 1787 1201 1860 apud
1228 1782 1424 1854 Deum,
1455 1794 1509 1840 et
1529 1785 1786 1862 voluntas
1809 1782 1927 1862 ejus
1947 1789 2109 1862 esset,

507 1869 572 1916 ut
617 1861 1018 1918 adscriberetur
1065 1854 1377 1915 sanctorum
1426 1857 1690 1927 catalogo,
1719 1863 1789 1927 ut
1831 1854 1948 1909 ﬁlia
1993 1854 2113 1927 ejus

507 1949 669 2004 caca,
721 1949 883 2004 quam
915 1931 972 1986 in
1002 1939 1148 2004 statu
1172 1927 1416 2004 militari
1447 1927 1513 2004 de
1544 1925 1766 1999 propria
1795 1942 1968 2004 uigore
2000 1925 2112 1979 ha-

505 1997 885 2076 bueratfejus
929 2002 1357 2076 meritis_lumen
1387 1997 1673 2076 reciperet,
1715 1997 1861 2070 quod
1883 1998 2109 2076 factum

507 2081 625 2140 est;
674 2068 820 2129 unde
868 2090 983 2129 eam
1035 2072 1218 2128 statim
1269 2068 1635 2137 canonizavit,
1683 2068 1828 2140 anno
1881 2068 2105 2140 Domini

509 2137 796 2211 ucc'van,
829 2144 958 2201 licet
989 2144 1266 2200 Urbanum
1291 2142 1365 2197 1V
1393 2158 1511 2196 eam
1542 2139 1861 2195 intendebat
1885 2137 2106 2211 canoni-

505 2233 646 2284 zare,
697 2209 792 2272 sed
837 2225 1145 2286 praeventus
1179 2214 1286 2286 fuit
1317 2229 1410 2285 per
1448 2220 1702 2268 mortem.
1734 2235 1752 2258 ι
1796 2212 1917 2266 Hac
1957 2209 2106 2278 infra

503 2289 813 2358 marginem,
836 2285 1018 2361 inquit
1037 2285 1360 2361 descriptgr.
1386 2353 1417 2361 _
1761 2343 1770 2352 ,
1938 2352 1960 2361 ν
2028 2351 2054 2361 η
2067 2351 2100 2361 η

578 2351 864 2416 Bicoriaiv.
896 2351 1038 2430 sign.
1069 2359 1111 2413 P
1136 2358 1170 2413 5
1197 2351 1261 2410 εἰ
1287 2357 1350 2411 In
1379 2353 1582 2426 Capua,
1599 2351 1915 2410 sanctOrum
1938 2351 2101 2408 Luﬁli

505 2441 560 2488 et
589 2430 920 2488 Fortunati»

575 2503 862 2560 Bicorum.
896 2502 1035 2573 sign.
1058 2500 1104 2554 E
1121 2498 1188 2573 40
1215 2514 1226 2551 :
1267 2497 1511 2573 fEedem
1537 2495 1646 2566 die,
1668 2495 1955 2552 translatio
1977 2510 2102 2550 san-

503 2575 580 2633 cti
613 2575 860 2646 Gregorii
895 2569 1064 2645 papa,
1091 2571 1162 2646 ab
1200 2569 1333 2624 urbe
1348 2571 1592 2646 Poma.-

574 2637 788 2701 Ausim.
818 2663 829 2700 :
876 2637 1057 2714 (Ipso
1073 2641 1184 2709 die,
1215 2641 1414 2696 natalis
1445 2640 1620 2697 sancti
1650 2638 1964 2696 Beracharii
1997 2637 2104 2693 ab-

505 2712 650 2772 batis
679 2725 730 2771 et
763 2712 1066 2786 martyris.»

575 2787 784 2843 Conax.
825 2789 872 2842 D
899 2779 964 2841 in
995 2785 1159 2840 MARE
1188 2784 1329 2855 sign.
1363 2784 1411 2839 A
1435 2798 1450 2855 :7
1495 2807 1512 2831 σ
1539 2783 1600 2838 In
1629 2781 1878 2855 partibus
1919 2779 2100 2851 Augu-

505 2857 736 2926 stodini,
769 2857 942 2913 sancti
975 2854 1530 2910 Leonardiabbatis.»

577 2923 768 2986 Cooax
799 2930 866 2984 D.
889 2930 973 2984 DU
1005 2927 1252 2983 CHEVAL.
1283 2927 1424 2998 sign.
1457 2927 1526 2981 B:
1550 2926 1638 2980 «Ιη
1661 2923 1865 2995 Capua,
1888 2928 2101 2977 sancto-

508 3013 632 3056 rum
666 3000 836 3055 Lusili
871 3009 924 3056 et
957 2999 1290 3055 Fortunati.»

570 3073 632 3128 In
681 3072 952 3129 VATICAN.
995 3070 1208 3141 signato
1242 3086 1398 3141 num.
1448 3066 1587 3141 5949
1636 3065 1786 3120 deest
1823 3061 2100 3141 memoria
2139 3086 2155 3140 ί

498 3143 784 3203 Fortunati
827 3153 879 3199 et
916 3132 1122 3200 Βαεόιὶ.
1153 3140 1465 3216 Adjicitur:
1489 3133 1860 3216 -_i_3eneventi,
1896 3132 2098 3216 patelis

497 3225 810 3272 sanctorum
861 3223 1165 3284 martyrum
1197 3205 1394 3284 Lupuli
1432 3218 1484 3265 et
1510 3207 1769 3284 Modesti,
1801 3207 1857 3260 in
1987 3206 2097 3261 So—

496 3288 645 3362 phia.
677 3288 749 3343 Et
775 3287 951 3344 sancti
977 3277 1250 3341 'I'ammari
1283 3277 1523 3355 episcopi
1552 3288 1606 3335 et
1635 3277 2012 3334 confessoris.-

564 3378 843 3434 Acrsxps.
880 3395 931 3432 ;‹
963 3376 1084 3434 Ipso
1113 3373 1200 3429 die
1233 3370 1494 3426 translata
1523 3375 1651 3424 sunt
1679 3367 1746 3422 de
1775 3367 1946 3422 Roma
1973 3380 2094 3421 san-

492 3457 706 3506 ctorum
737 3437 1292 3521 corpora_Sebastiani
1332 3451 1385 3498 et
1413 3440 1682 3521 Gregorii.
1711 3439 1770 3494 In
1806 3437 2094 3493 Britannia

495 3521 716 3587 minori,
748 3514 923 3576 san-eti
958 3517 1173 3572 Erkleti
1205 3514 1507 3585 martyris»

589 3610 948 3664 FLORENTINJ
970 3605 1208 3676 -Capua,
1240 3610 1552 3658 sanctorum
1577 3609 1883 3673 martyrum
1906 3597 2096 3656 Ruﬁlii

489 3681 569 3735 vel
600 3678 790 3744 Ruﬁli,
819 3685 874 3732 et
903 3676 1237 3730 Fortunati»

562 3769 868 3822 Luxova.
905 3780 917 3818 :
967 3786 987 3810 ε
1016 3760 1276 3830 Luxovii,
1303 3759 1577 3817 dedicatio
1606 3757 1852 3815 ecclesia
1884 3765 2090 3815 sancta

486 3839 583 3895 Dei
617 3836 898 3909 genitricis
927 3833 1157 3891 Maria»

558 3928 746 3983 Editio
782 3925 1156 3982 Luasco-Con.
1207 3922 1264 3978 in
1309 3921 1512 3979 Mauris
1540 3921 1704 3989 paulo
1737 3920 1950 3977 auctior
1980 3930 2087 3989 est,

486 3999 727 4057 addens:
776 4024 793 4045 ι
831 3998 966 4054 Cum
998 3995 1136 4051 duce
1163 3994 1426 4065 Gregorio
1456 4001 1509 4048 et
1539 3992 1697 4047 beato
1739 3992 2084 4065 constantia,

485 4087 708 4128 cursum
741 4072 822 4125 sui
855 4067 1044 4140 agonis
1063 4063 1507 4140 compleverunt,
1538 4071 1592 4119 et
1620 4080 1745 4119 cum
1782 4063 1939 4140 beato
1969 4065 2087 4119 Ge-

487 4158 650 4198 reone
698 4135 920 4212 ejusque
962 4138 1145 4205 sociis,
1188 4135 1477 4212 beatorum
1516 4151 1808 4206 corporum
1846 4135 2084 4212 quietem

485 4205 798 4286 perpetuam
833 4205 1165 4286 delegerunt
1216 4209 1272 4286 in
1321 4207 1567 4286 basilica,
1598 4205 1717 4286 qua
1743 4205 2084 4286 ammirabili

485 4277 646 4357 opere
658 4300 741 4357 ex
769 4299 958 4357 musco
973 4277 1266 4357 Imusivo]_
1290 4277 1696 4357 quodammodo
1713 4277 1995 4357 deaurata
2005 4294 2084 4333 re-

482 4349 783 4428 splenduit.
818 4349 1507 4428 Treveris,‘natale“_s_aneti
1539 4349 1726 4428 Severi
1757 4349 1999 4420 episcopi
2031 4357 2084 4428 et

481 4421 830 4502 cbnfesgoris.
883 4451 902 4476 ›
953 4423 1212 4502 Sequitur
1241 4422 1469 4502 reliqua
1514 4436 1634 4502 pars
1692 4421 2081 4502 textususatis
2112 4446 2157 4502 ι)
2203 4445 2220 4502 ¢_

520 4515 636 4554 ura.
669 4499 807 4553 Tum
841 4504 1023 4552 autem
1038 4490 1061 4548 ’ξ
1102 4521 1118 4542 ι
1149 4495 1209 4550 In
1236 4490 1791 4564 Capua,rsanctorum
1826 4490 1990 4546 Luﬁli
2029 4500 2081 4547 et

526 4569 1178 4648 ortunatiﬂmartyrum.‘
1201 4563 1377 4648 Apud.
1406 4563 1704 4644 Viennam,
1765 4571 2079 4648 sanctorum

480 4641 668 4710 Agrati
703 4649 754 4694 et
782 4634 1010 4706 Castuli,
1028 4634 1271 4710 ejusdem
1296 4634 1448 4710 urbis
1469 4634 1864 4710 episeoporum
1875 4642 1928 4688 et
1955 4651 2081 4710 con-

482 4705 773 4766 fessorum.
815 4705 1154 4774 Lemovicas,
1196 4707 1336 4761 beati
1377 4705 1690 4760 Austridini
1732 4705 2080 4761 confessoris.

482 4779 688 4836 Eodem
711 4779 1025 4847 die,sancta
1040 4777 1321 4848 Hadwigis
1342 4777 1556 4847 regina.
1581 4777 1715 4831 Item
1734 4776 1907 4831 sancti
1929 4777 2085 4830 Wul-

480 4851 664 4907 franni
681 4850 1336 4922 episcopietconfessoris.
1350 4849 1410 4902 In
1431 4848 1748 4922 Argentiua,
1766 4848 1953 4922 natale
1965 4863 2082 4922 san-

477 4931 579 4981 cta
598 4918 836 4978 Aurelia
849 4918 1102 4993 virginis,
1121 4938 1239 4993 qua
1259 4919 1366 4975 fuit
1379 4935 1491 4993 una
1505 4918 1571 4974 de
1583 4918 1836 4993 undecim
1862 4918 2085 4993 milibus

478 4994 837 5066 virginum,et
850 4993 912 5066 in
926 4987 1179 5066 r'editude
1189 4989 1651 5066 Romainﬁrmata
1670 4987 1873 5043 ibidem
1887 4989 2071 5045 obiit.»

551 5059 942 5124 ﬁxum—editio
970 5065 1141 5124 altera
1168 5064 1335 5120 habet
1365 5061 1422 5117 in
1448 5059 1648 5134 prima,
1667 5067 2083 5130 «trecentorum,

2221 1786 2546 1860 sequacibus
2573 1788 3058 1860 suisrcons‘tructo
3098 1786 3451 1860 monasterio,
3483 1795 3648 1843 tanta
3683 1789 3836 1860 inter

2220 1857 2408 1915 omnes
2429 1859 2761 1931 humilitatis
2775 1857 2983 1931 extitit,
2999 1865 3060 1912 ut
3082 1857 3279 1931 prioris
3300 1874 3499 1931 nomen
3526 1859 3834 1931 refugiens,

2219 1931 2434 1987 cunctis
2459 1947 2515 1986 se
2539 1930 2792 1986 viliorem
2816 1929 3101 1984 exhiberet
3127 1947 3137 1985 :
3174 1929 3290 1984 vita
3319 1929 3534 1985 tandem
3568 1939 3622 1986 et
3660 1929 3834 1988 mira;

2218 2003 2359 2057 culis
2388 2002 2629 2074 inclytus
2649 2002 2860 2074 quievit
2878 2001 3026 2058 circa
3046 2017 3251 2054 annum
3277 2017 3430 2074 ομιχ.
3463 2026 3482 2074 ξ
3522 2002 3639 2057 Imo
3662 2004 3834 2074 paulo

2218 2074 2411 2128 serius.
2460 2099 2475 2120 ι
2499 2071 2558 2128 In
2583 2071 2914 2146 Argentina,
2926 2079 3140 2146 sancta
3168 2071 3685 2146 Aurelia_virginis,
3705 2091 3831 2146 qua

2217 2161 2341 2200 cum
2391 2152 2536 2200 esset
2579 2161 2646 2199 ex
2675 2143 2870 2199 nobili
2903 2144 2997 2198 illa
3026 2143 3284 2198 societate
3314 2143 3571 2200 undecim
3605 2143 3831 2202 mili—um

2218 2216 2524 2286 virginum,
2557 2214 2702 2286 apud
2750 2215 3029 2286 prafatam
3061 2215 3252 2270 urbem
3286 2214 3341 2286 in
3381 2215 3562 2270 reditu
3591 2216 3659 2271 ab
3690 2219 3831 2274 urbe

2220 2285 2390 2342 Roma
2420 2285 2716 2350 inﬁrmata,
2752 2285 2897 2341 obiit
2930 2286 2986 2340 in
3020 2301 3167 2356 pace.
3204 2285 3409 2341 Eodem
3449 2286 3538 2341 die
3567 2288 3831 2345 Placidia

2217 2357 2472 2428 virginis,
2509 2357 2637 2412 ﬁlia
2669 2357 2801 2430 Vale
2817 2357 3056 2430 ntiniani
3090 2357 3454 2430 imperatoris,
3480 2369 3832 2430 qua,spreto

2215 2427 2420 2496 seculo,
2444 2429 2582 2484 avia
2613 2446 2725 2484 sua
2756 2429 2930 2484 Galla
2962 2427 3266 2493 adhare’ns,
3292 2427 3543 2499 jejuniis,
3575 2427 3830 2488 eleémo-

2215 2501 2370 2572 synis
2390 2508 2441 2555 et
2463 2501 2700 2556 assiduis
2719 2500 3068 2555 orationibus
3090 2500 3322 2572 intenta,
3347 2500 3561 2555 tandem
3589 2501 3830 2558 Verona

2215 2570 2448 2698 quievit,
2482 2573 2653 2643 signis
2683 2588 2991 2627 coruscans.
3026 2573 3147 2642 Ipso
3169 2570 3276 2638 die,
3304 2581 3504 2626 sancta
3536 2572 3830 2646 Hadwigis

2257 2645 2444 2698 ucissa
2474 2643 2734 2698 Polonia.
2760 2651 3064 2698 matertera
3093 2651 3292 2698 sancta
3324 2643 3609 2698 Elizabeth
3640 2645 3829 2698 Lant-

2257 2645 2444 2699 ucissa
2474 2643 2734 2710 Polonia,
2760 2651 3064 2698 matertera
3093 2651 3292 2698 sancta
3324 2643 3609 2698 Elizabeth
3640 2643 3829 2702 Lan't-

2215 2715 2434 2785 gravia.
2487 2716 2613 2770 Hac
2659 2723 2907 2770 matrona
2933 2714 3299 2786 sanctissima,
3338 2715 3483 2786 ultra
3509 2731 3670 2786 quam
3707 2717 3826 2773 dici

2216 2794 2392 2858 potest
2436 2786 2580 2858 piam
2615 2786 2671 2841 in
2701 2801 2964 2858 pauperes
2991 2801 3046 2840 se
3072 2785 3360 2858 exhibens,
3395 2785 3552 2840 flexis
3587 2788 3828 2857 genibus

2213 2855 2474 2930 alimenta
2529 2858 2607 2930 eis
2662 2855 2960 2930 praebebat,
3017 2855 3180 2930 pedes
3241 2858 3381 2930 lotos
3430 2855 3822 2930 osculabatur,

2212 2928 2408 2983 virtuti
2468 2927 2970 2984 etiam'continua
3021 2927 3287 2999 orationis
3354 2927 3513 2984 valde
3581 2927 3820 2999 intenta,

2211 3016 2409 3080 corpus
2450 3017 2610 3080 suum
2653 2999 2878 3080 frigore,
2912 2998 3440 3080 nudita_te,.jejun_iis
3485 3008 3536 3055 et
3585 2998 3824 3080 ﬂagellis

2212 3070 2350 3151 diris
2391 3070 2681 3143 castigans,
2726 3071 2927 3143 spiritu
2966 3070 3287 3143 prophetico
3325 3072 3556 3139 clarens,
3601 3070 3824 3145 quievit

2211 3159 2268 3196 in
2299 3158 2474 3212 pace.-

2281 3213 2498 3270 MOLAN.
2530 3213 2595 3269 de
2630 3213 2837 3269 Mauris
2867 3214 2923 3269 in
2954 3219 3111 3270 textu
3138 3214 3262 3270 aliis
3291 3215 3490 3271 litteris
3519 3230 3589 3270 ex
3619 3214 3820 3272 Adone

2206 3283 2460 3359 atljungit
2487 3303 2496 3340 :
2521 3310 2538 3332 ι
2568 3285 2792 3359 Conditi
2823 3285 2880 3340 in
2902 3285 3150 3359 basilica,
3173 3303 3292 3358 qua
3313 3285 3628 3359 admirabili
3648 3303 3820 3359 opere

2205 3371 2274 3410 ex
2293 3426 2301 3429 _
2322 3357 2538 3412 musivo
2567 3356 2980 3429 quodammodo
3009 3356 3268 3413 deaurata
3299 3357 3629 3429 resplendet,
3666 3356 3819 3414 unde

2207 3435 2260 3482 et
2289 3426 2484 3483 incola
2509 3445 2539 3482 a
2561 3426 2812 3484 ‘Csanctos
2843 3431 3049 3483 Aureos
3075 3431 3315 3484 vocitare
3344 3426 3806 3486 consueverunt.»

2204 3499 2265 3554 ln
2301 3499 2428 3572 ﬁne,
2462 3516 2531 3554 ex
2565 3500 2891 3572 HERINiassI
2922 3517 2932 3554 :
2985 3525 3001 3547 ε
3028 3499 3234 3554 Eodem
3268 3500 3376 3566 die,
3413 3499 3655 3572 Dswaldi
3687 3501 3818 3572 epi—

2203 3571 2352 3640 scopi
2385 3579 2436 3626 et
2461 3571 2808 3626 confessoris.
2833 3571 2895 3626 In
2918 3571 3200 3627 territorio
3222 3571 3497 3639 Remensi,
3522 3571 3818 3627 translatio

2202 3643 2377 3713 sancti
2410 3643 2591 3698 Basoli
2615 3643 2964 3710 confessoris,
2999 3657 3118 3713 qua
3150 3642 3291 3699 facta
3319 3651 3399 3698 est
3423 3643 3492 3699 ab
3515 3643 3818 3700 Hincmare

2199 3712 2635 3785 archiepiscopo,
2673 3713 2794 3768 viro
2838 3712 3161 3769 venerabili.
3197 3739 3215 3761 ι
3257 3714 3433 3769 Tum:
3483 3741 3499 3760 ε
3525 3715 3662 3785 Ipso
3695 3713 3814 3782 die,

2200 3784 2605 3857 sa_ncti__Severi
2645 3785 2895 3857 episcopi
2955 3785 3366 3857 TreverensisJ
3438 3784 3816 3857 Dein,typis

2200 3803 2374 3838 sancti
2421 3803 2605 3838 beven
2655 3803 2895 3856 episcopi
2956 3803 3366 3840 ireverensm.’
3438 3803 3599 3852 vein,
3652 3803 3722 3857 ty
3769 3803 3814 3841 is

2197 3854 2541 3928 minoribus:
2587 3880 2605 3928 ε
2637 3855 2821 3910 Slesiae
2857 3855 2973 3928 ipso
3003 3856 3111 3924 die,
3143 3864 3342 3912 sancta
3364 3855 3664 3928 Hadwigis
3706 3803 3814 3912 dpu-

2197 3925 2350 3982 cissa
2404 3926 2668 3994 Polonia,
2715 3925 3016 3983 matertera
3065 3935 3263 3983 sancta
3311 3925 3603 3984 Elisabetb'
3641 3927 3816 3983 Lant-

2235 3997 2438 4071 ravia,
2467 3999 2527 4053 In
2584 3998 2786 4071 scotia,
2835 3999 3009 4071 sancti
3062 3999 3539 4071 Malcolmiregis,
3591 3999 3690 4071 qui
3742 4016 3814 4054 ex

2249 4069 2478 4139 ungaria
2526 4069 2813 4140 conjugem
2847 4069 3040 4125 habuit
3068 4069 3278 4124 beatam
3312 4069 3694 4140 Margaretam,
3759 4078 3814 4126 et

2195 4140 2485 4222 serictitate
2538 4141 2718 4222 clarus
2752 4141 2809 4195 in
2840 4140 3077 4196 Domino
3104 4142 3314 4222 quievit
3344 4157 3489 4222 auno
3517 4158 3744 4222 mxevu.
3779 4165 3797 4187 -

2193 4210 2482 4283 Editiones
2509 4211 2630 4267 alia
2662 4211 2720 4266 in
2752 4219 2930 4278 textu,
2962 4221 3022 4267 ut
3051 4210 3247 4283 prima.
3280 4214 3341 4268 In
3372 4212 3480 4267 ﬁne
3508 4229 3517 4266 :
3541 4238 3557 4258 -
3588 4213 3809 4268 Eodem

2192 4280 2300 4354 die,
2333 4283 2580 4349 Osualdi,
2610 4283 2848 4354 episcopi
2871 4280 3292 4354 Vuigorniensis
3317 4291 3369 4339 et
3391 4283 3752 4340 confessoris.
3777 4307 3797 4332 ο

2193 4351 2334 4428 Vid_e
2379 4371 2542 4428 supra
2592 4351 2658 4409 in’
2704 4351 3078 4428 Variantibus.
3123 4357 3207 4428 De
3243 4355 3464 4428 Severo,
3514 4365 3574 4428 ut
3611 4372 3811 4428 supra.

2279 4424 2576 4494 Cracovia,
2627 4432 2827 4481 sancta
2888 4425 3186 4496 Hedwigis,
3241 4426 3472 4482 ducissa
3529 4424 3807 4482 Polonia.

2190 4495 2530 4570 Argeutina,
2565 4507 2764 4570 sancta
2792 4495 3315 4570 Aureliavirginis.
3339 4499 3462 4570 Ipso
3485 4496 3594 4559 die,
3619 4498 3813 4570 sancti

2191 4565 2542 4635 Theodorici,
2574 4569 2928 4640 confessoris,
2960 4565 3454 4640 ordinisCarmeli.
3484 4569 3645 4640 Apud
3683 4569 3814 4626 Ve-

2191 4653 2402 4711 ronam,
2436 4647 2634 4695 sancta
2679 4639 2957 4711 Placidia,
2991 4639 3222 4711 virginis
3251 4639 3632 4706 sanctissima,
3681 4640 3815 4696 Va-

2192 4707 2483 4764 lentiniani
2516 4710 2862 4782 imperatoris
2894 4707 3190 4766 ﬁliafDe
3225 4712 3582 4766 translatione
3614 4711 3812 4766 Basoli

2192 4788 2253 4834 ut
2282 4797 2464 4852 supra.
2498 4783 2765 4852 Demum:
2812 4805 2828 4828 ε
2858 4782 2919 4836 In
2952 4789 3112 4852 portu
3146 4782 3526 4850 Valencianas,
3560 4783 3815 4837 elevatio

2193 4851 2572 4924 pretiosissimi
2605 4853 2850 4924 corporis
2878 4851 3022 4924 beati
3064 4853 3235 4908 Salvii
3269 4854 3547 4924 martyris,
3577 4869 3642 4909 ac
3673 4856 3815 4908 An-

2191 4922 2438 4996 colisma
2465 4922 2718 4996 civitatis
2735 4923 2999 4996 episcopi.
3031 4949 3049 4971 ι
3101 4925 3203 4980 Hic
3230 4926 3375 4996 clare
3402 4922 3675 4996 designari
3723 4926 3812 4979 vi-

2193 4991 2353 5047 detur
2409 4993 2626 5050 Salvius
2682 4991 2798 5065 ille',
2853 4991 2940 5052 de
2988 5011 3098 5066 quo
3164 4995 3405 5053 videnda
3469 4991 3811 5054 Observatio

2196 5071 2382 5120 nostra
2412 5081 2430 5121 ι
2459 5065 2616 5121 Julii.

2196 5071 2382 5120 nostra
2412 5081 2430 5121 ι
2459 5065 2616 5123 Julii.

1916 5228 2319 5248 ῌὲ-ὲ-ἐ--α

546 5317 701 5382 XVII
721 5323 855 5382 Kal.

3581 5323 3682 5390 Dic
3708 5328 3808 5403 16,

543 5409 604 5469 I‘n
642 5413 829 5470 Africa
866 5415 1179 5470 sanctorum
1212 5412 1520 5482 martyrum
1550 5399 1922 5466 ducentorum
1963 5410 2334 5484 septuaginta,
2366 5414 2572 5486 pariter
2601 5423 3012 5486 coronatorum,
3043 5427 3100 5475 et
3129 5427 3444 5478 sanctorum
3485 5399 3814 5492 martyrum

469 5495 722 5560 Martiani
769 5509 824 5558 et
857 5501 1118 5560 Satiriani
1165 5516 1292 5558 cum
1342 5493 1559 5554 duobus
1593 5499 1862 5556 fratribus
1892 5515 2108 5570 eorum,
2142 5503 2237 5576 qui
2268 5521 2370 5576 pro
2407 5507 2720 5564 constantia
2771 5508 2906 5566 ﬁdei
2947 5511 3256 5581 catholica,
3309 5513 3549 5586 primum
3596 5512 3812 5571 nodosi

468 5593 707 5651 fustibus
750 5595 896 5663 casi,
941 5601 994 5650 et
1038 5609 1210 5666 usque
1237 5591 1307 5648 ad
1333 5607 1453 5647 ossa
1491 5591 1706 5660 laniati,
1743 5609 1868 5649 cum
1905 5592 2079 5647 multo
2108 5601 2355 5666 tempore
2387 5597 2527 5653 talia
2571 5605 2909 5671 paterentur,
2959 5604 3208 5675 sequenti
3255 5603 3345 5660 die
3386 5620 3598 5675 semper
3639 5603 3815 5661 inco-

469 5683 646 5765 lumes
691 5680 1091 5750 reddebantur;
1138 5680 1438 5737 novissime
1469 5679 1524 5734 in
1556 5679 1718 5735 exilii
1747 5681 2099 5753 relegatione,
2139 5685 2343 5741 vinctis
2379 5686 2611 5758 pedibus
2645 5696 2768 5760 post
2796 5696 2948 5761 terga
2975 5694 3320 5748 currentium
3371 5692 3813 5765 quadrigarum.

466 5764 619 5831 inter
645 5768 866 5843 spinosa
909 5771 1028 5827 loca
1078 5770 1366 5838 silvarum,
1410 5767 1614 5840 pariter
1641 5767 1782 5841 jussi
1821 5777 1949 5826 sunt
1983 5769 2230 5831 interire.
2273 5775 2434 5832 Passa
2463 5782 2546 5832 est
2575 5777 2740 5833 etiam
2781 5778 3021 5836 Maxima
3060 5781 3215 5853 virgo
3249 5798 3373 5839 cum
3393 5764 3500 5838 eis.
3537 5783 3595 5838 In
3628 5783 3818 5845 terri-
