4108 6172
219 230 329 298 581

1288 232 1924 296 MARTYROLOGIUM.
1963 270 2034 281 —
2074 235 2283 296 MENS.
2326 234 2484 298 OCT.

3428 242 3534 301 382

221 365 376 422 torio
405 357 769 430 Bituricensi,
803 361 981 418 sancti
1011 361 1289 419 Ambrosii
1315 363 1643 420 confessoris
1674 363 1991 437 [Bo-uillart.
2020 379 2073 420 ε·
2093 365 2267 422 sancti
2297 364 2579 421 Ambrosii
2599 360 2946 422 Caturcensis
2967 363 3206 440 episcopi
3231 385 3246 436 ;
3283 374 3329 423 el
3357 369 3532 438 addit,

218 457 536 512 charactere
565 451 777 507 cursivo
807 468 826 506 :
865 451 1197 507 Monasterio
1221 452 1424 522 Dervo,
1455 453 1631 510 sancti
1665 453 1945 511 Bercharii
1983 457 2245 529 martyris
2273 463 2438 529 atque
2468 453 2732 527 abbatis.]

1761 598 1972 656 NOTAE
1983 643 1995 656 .

295 697 461 756 Solus
491 697 640 753 inter
667 692 887 752 codices
913 709 1102 758 omnes
1131 701 1220 750 aut
1258 712 1444 768 purus,
1476 706 1572 754 aut
1609 713 1749 769 puro
1771 700 2062 770 proximus
2091 708 2173 756 est
2201 701 2472 758 Nolanus.

341 841 710 924 Pio-inpage
736 838 1061 924 Brituricensi
1083 839 1265 924 scribit
1297 840 1637 924 Solleriushin
1669 843 1822 924 terri-
1854 847 1904 904 Α
1937 851 2032 898 aut
2057 862 2228 924 purus
2247 851 2495 924 autpuro
2515 846 2799 924 proximus
2823 851 2916 924 est.
2942 846 3091 924 Quae
3131 868 3294 908 causa
3341 859 3524 911 tamen

219 915 356 968 torio
384 909 728 983 Bituricensi.
761 909 884 983 Quo
929 919 1150 983 auctore
1174 911 1202 966 ?
1229 912 1315 966 An
1357 911 1484 983 quia
1533 912 1698 968 litura
1735 913 1827 970 hic

217 993 298 1041 est
344 985 404 1039 in
444 981 696 1038 Pratensi
745 980 987 1037 codice?
1034 981 1137 1036 Sed
1171 980 1421 1038 sanctum
1472 984 1825 1040 Ambrosium

221 1057 611 1113 Caturcensem
669 1053 874 1125 pariter
933 1053 987 1107 in
1047 1053 1214 1108 litura
1264 1054 1502 1125 positum
1559 1055 1824 1112 admittit.

217 1127 429 1184 Deinde
459 1125 660 1199 frigide
677 1124 768 1178 ait
793 1141 805 1179 :
852 1125 1017 1199 Hab_et
1058 1124 1330 1199 praeterea
1359 1127 1632 1181 Pratensis
1659 1128 1826 1182 addi-

219 1206 508 1255 tamentum
531 1197 555 1253 ξ’
582 1197 906 1251 monasterio
939 1197 1135 1263 Dervo,
1159 1198 1332 1252 sancti
1362 1199 1644 1253 Bercharii
1666 1199 1825 1254 abba-

219 1271 282 1330 tis
309 1277 358 1325 et
385 1269 674 1340 martyris.
717 1267 897 1339 Atque
925 1284 1038 1322 eam
1067 1268 1128 1322 ob
1164 1285 1380 1324 causam
1408 1271 1552 1324 solus
1581 1271 1826 1327 Molanus

1939 931 2047 970 non
2082 916 2300 996 videtur
2321 916 2630 996 j_usta,__nisi
2661 920 2791 991 quia
2820 916 3153 988 dissimulat,
3183 924 3330 996 quod
3361 927 3530 996 probe

1937 995 2190 1055 noverat,
2219 987 2359 1043 illud
2389 987 2829 1046 additamentum
2877 1008 2991 1048 esse
3039 987 3377 1050 recentioris-
3397 1013 3528 1053 ma—

1935 1074 2059 1114 nus.
2092 1059 2386 1114 Dervensis
2409 1059 2584 1115 codex
2619 1062 2976 1119 Ambrosium
3007 1064 3392 1123 Caturcensem
3416 1085 3527 1124 non

1934 1129 2271 1211 episcopum,
2316 1130 2434 1211 __sed
2497 1133 2866 1211 cgnfessorem
2935 1138 3444 1211 vocat,___additque
3515 1159 3527 1196 :

1935 1202 2060 1255 Item
2092 1201 2145 1254 in
2195 1201 2465 1257 territorio
2521 1204 2775 1273 Tullensi,
2837 1208 3008 1261 sancti
3053 1201 3208 1280 Eli/ii
3247 1201 3524 1280 martyris.

1931 1272 2269 1326 BOUILLART.

1977 1289 2269 1329 OUILLART.

1456 1395 1858 1453 VARIANTES
1897 1396 2199 1454 LECTION
2203 1399 2306 1456 ES.

288 1499 496 1556 Molan.
541 1498 706 1555 habet
749 1497 1069 1570 Satyrian-i,_
1095 1513 1198 1554 nos
1254 1511 1380 1555 cum
1439 1497 1668 1570 reliquis
1713 1499 1826 1555 fere

218 1573 484 1627 omnibus
531 1570 805 1628 Satiriani.
861 1568 1169 1636 Legendum
1226 1576 1367 1626 esset
1417 1568 1714 1636 Saturiani,
1762 1579 1824 1626 ut

219 1586 484 1627 omnibus
531 1586 805 1628 satiricus.
861 1586 1169 1695 Legenuum
1226 1586 1367 1626 esset
1417 1586 1714 1636 autumant,
1762 1586 1822 1626 ut

219 1642 372 1697 infra
411 1643 612 1698 dicam.
658 1643 862 1698 Rursus
907 1641 924 1695 i
968 1657 1053 1712 em
1103 1657 1227 1696 cum
1279 1642 1530 1695 Greveno
1569 1641 1718 1712 legit,
1766 1642 1822 1696 in

217 1714 449 1768 exilium
478 1714 800 1784 relegatione,
832 1711 1032 1784 reliqui
1062 1719 1124 1767 ut
1154 1712 1212 1767 in
1229 1720 1401 1767 textu.
1433 1711 1680 1784 Denique
1703 1729 1820 1783 pro,

207 1801 379 1855 passa
412 1791 488 1840 est
526 1783 701 1852 etiam,
735 1783 912 1855 ponit,
940 1783 1104 1854 passa
1135 1790 1211 1838 est
1237 1790 1431 1838 autem.
1463 1783 1622 1839 Nunc
1651 1792 1823 1839 caete-

212 1871 400 1927 rorum
435 1856 690 1912 codicum
709 1856 1050 1927 corruptelas
1079 1855 1472 1927 expendamus.
1508 1856 1585 1910 De
1610 1871 1820 1927 annun-

212 1925 444 2008 t_iatione
468 1925 1006 2008 Ambrosiihinzqua
1031 1925 1735 2008 Praten.,ﬁntuerpubiaj.
1768 1934 1822 1982 et

213 1998 507 2080 Roswexd.
540 2015 572 2053 a
593 1997 834 2080 reliquis
867 1997 1206 2080 discordant,
1239 1997 1488 2080 dicemus
1520 1997 1576 2051 in
1609 1997 1820 2080 Obser-

211 2068 551 2125 vationibus.
592 2068 765 2124 Habet
793 2079 1052 2140 praeterea
1081 2070 1299 2124 Praten.
1331 2068 1767 2124 additamentum
1806 2087 1818 2124 :

209 2141 535 2196 Monasterio
583 2143 756 2196 clervo
807 2140 973 2210 (forte
1022 2140 1255 2195 habetur
1285 2140 1461 2194 Derno
1491 2140 1577 2194 vel
1619 2140 1816 2210 Dervo)

209 2213 378 2266 sancti
406 2213 687 2267 Bercharii
731 2212 990 2282 martyris
1027 2218 1074 2265 et
1115 2211 1338 2266 abbatis.
1383 2212 1633 2266 Mortuus
1662 2211 1708 2266 is
1737 2219 1820 2282 est

209 2299 345 2355 xxvi
405 2283 586 2355 Martii
634 2301 648 2349 ;
705 2281 1226 2355 adeoquegmelius,
1286 2283 1418 2355 licet
1472 2298 1584 2337 non
1645 2281 1818 2355 magis

207 2354 515 2410 Usuardine
562 2354 744 2426 posuit
784 2354 1075 2426 Herinien.
1115 2372 1126 2408 :

204 2427 377 2480 sancti
421 2425 698 2482 Bercharii
739 2425 943 2481 abbatis
989 2432 1035 2480 et
1084 2425 1355 2496 martyris.
1398 2425 1698 2480 Tornacen.
1751 2426 1808 2479 in

1932 1499 2109 1574 prima
2135 1500 2364 1574 mutilus
2392 1509 2494 1569 est,
2551 1508 2606 1558 et
2652 1501 2710 1558 in
2747 1502 2857 1558 ﬁne
2894 1501 3088 1574 adjicit
3121 1521 3133 1560 :
3167 1504 3318 1560 Iotro
3350 1521 3533 1561 mona-

1931 1572 2110 1648 sterio,
2143 1572 2342 1648 natalis
2367 1574 2537 1648 sancti
2570 1574 2756 1648 Prisci
2786 1572 3064 1648 martyris.
3096 1576 3526 1648 Antuerp.-Maj.

1935 1641 2129 1716 incipit
2153 1662 2164 1698 :
2188 1644 2463 1716 Dedicatio
2493 1645 2726 1716 basilica:
2742 1647 2878 1700 beati
2901 1641 3205 1716 archangeli
3232 1641 3530 1716 Michaelis,

1931 1714 2186 1788 in_monle
2220 1715 2440 1782 Tu—mba,
2472 1715 2563 1770 ubi
2589 1718 2756 1770 multa
2787 1717 3059 1772 mirabilia
3085 1714 3227 1773 Deus
3255 1720 3483 1774 ostendit

1929 1784 2031 1866 sub
2059 1784 2224 1866 finem
2251 1788 2830 1866 a‘ttexenrs,et.e.pceplio
2880 1788 3230 1866 reliquiarum
3279 1784 3530 1866 ejusdem.

1929 1855 2060 1922 Quae
2089 1856 2328 1911 ridicula
2357 1865 2507 1924 sunt,
2541 1857 2647 1912 nisi
2677 1855 2911 1926 ejusdem
2942 1855 3210 1914 referatur
3239 1855 3314 1917 ad
3334 1862 3531 1918 basili-

1929 1943 2063 2001 cam,
2104 1926 2181 2001 ita
2211 1929 2550 2001 ut_exceptio
2580 1929 2652 2001 sit
2684 1929 3040 2001 reliquiarum
3089 1929 3332 2001 ejusdem
3373 1933 3531 1988 basi—

1928 1997 2172 2073 l_icaa,de
2201 1997 2361 2073 cujus
2391 1997 2971 2073 dedicationegafgitur.
3006 1997 3295 2073 Bos'wcyd.
3321 2003 3378 2056 in
3397 2003 3527 2058 fine:

1928 2069 2395 2142 [niAlemannim
2445 2070 2614 2124 sancti
2650 2069 2823 2142 Galli
2855 2071 3060 2124 abbatis
3103 2079 3149 2126 et
3190 2069 3529 2142 confessoris,

1931 2139 2182 2212 Coloniae,
2215 2140 2382 2212 Eli/iii
2429 2141 2706 2210 martyris.
2733 2141 3062 2212 iPulsanen.,
3084 2143 3142 2198 in
3168 2139 3347 2212 prima
3367 2139 3532 2202 muti-

1927 2211 2033 2277 lus,
2070 2210 2129 2265 in
2158 2210 2396 2266 secunda
2429 2227 2624 2282 purus,
2663 2211 2852 2267 subdit
2884 2231 2896 2268 :
2929 2215 3060 2268 Item
3087 2210 3344 2270 dedicatio
3376 2217 3531 2272 basi-

1929 2283 2039 2336 licae
2084 2282 2252 2335 sancti
2303 2283 2576 2354 Michaelis
2619 2283 2924 2354 archangeli
2970 2284 3025 2337 in
3067 2287 3228 2353 mari,
3260 2287 3316 2340 in
3352 2293 3527 2343 monte

1183 2355 1308 2426 Ipso,
1365 2354 1468 2426 due,
1527 2353 1809 2408 translatio
1839 2356 1882 2414 Β
1920 2354 2024 2422 qui"
2037 2353 2233 2426 dicitur
2271 2353 2488 2426 Tumba,
2522 2354 2647 2426 Haec
2676 2353 2746 2409 ad
2775 2353 3053 2426 specimen
3081 2357 3378 2426 sufﬁciant,
3410 2375 3528 2414 cas-

1924 2433 2036 2478 tera
2063 2425 2122 2479 in
2147 2424 2431 2480 Auctariis
2459 2423 2746 2481 dabimus.

1550 2551 1773 2609 OBSER
1783 2550 2047 2608 VATION
2053 2550 2156 2606 ES.

272 2652 427 2727 inter
471 2650 1204 2727 ,Hieronymianastabulas
1244 2668 1307 2727 ea
1348 2649 1513 2727 hodie
1564 2650 1805 2727 occurrit

197 2725 517 2799 differentia
547 2723 834 2799 quod'alize
862 2725 1106 2799 scribant
1133 2743 1144 2780 :
1176 2726 1249 2780 Et
1266 2724 1322 2799 in
1351 2723 1564 2799 Africa,
1601 2724 1803 2788 Came,

196 2798 286 2852 vel
342 2796 520 2852 Cecra:
563 2795 610 2852 ct
649 2797 884 2854 aliorum
923 2797 1133 2867 pariter
1160 2795 1342 2867 passio
1391 2796 1477 2851 vel
1522 2811 1806 2866 passorum

196 2885 380 2924 cccxx
407 2869 569 2933 ;aliaa
598 2886 730 2925 vero
756 2888 767 2924 :
803 2871 868 2925 In
895 2867 1048 2936 Asia,
1084 2868 1256 2923 Cerea:
1271 2873 1319 2922 et
1343 2867 1577 2922 aliorum
1605 2883 1801 2922 ccnxx.

196 2941 344 2995 Huic
405 2949 696 3011 postremas
747 2941 970 2997 lectioni
1040 2939 1248 2994 insistit
1305 2939 1578 3011 Rabanus,
1641 2939 1802 2994 aliam

195 3009 510 3084 praeferunt
539 3011 639 3084 alii
665 3031 681 3078 -,
709 3019 762 3067 at
801 3012 866 3067 de
893 3011 1274 3084 persecutione
1301 3009 1623 3084 Wanﬁdalica
1662 3026 1805 3084 nus-

193 3081 370 3156 quam
405 3084 498 3137 vel
531 3083 758 3156 verbum
787 3102 800 3151 ;
840 3081 911 3138 ut
937 3083 1134 3138 merito
1171 3089 1403 3156 censeat
1436 3081 1806 3156 Florentinius

193 3152 523 3226 anonymos
547 3155 671 3210 illos
701 3163 908 3210 nostros
936 3171 1133 3223 CCLXX,
1166 3163 1227 3209 ut
1248 3152 1618 3226 utAfricanos
1639 3153 1806 3226 fuisse

194 3223 586 3298 admittamus,
637 3227 825 3298 saltem
870 3235 1116 3298 tempore
1146 3224 1325 3281 dividi
1369 3223 1437 3280 ab
1484 3225 1596 3280 illis
1625 3224 1802 3298 quiin

198 3297 470 3375 laterculo
502 3297 830 3375 nominatim
865 3296 1650 3375 e_x_pri_m_untur_,_quorumque
1681 3296 1803 3375 illu-

194 3370 328 3423 stria
361 3369 664 3425 certamina
711 3367 972 3424 describit
1014 3369 1208 3425 Victor
1248 3367 1490 3424 Vitensis
1536 3367 1630 3422 lib.
1675 3385 1712 3435 ι,
1746 3367 1803 3422 in

197 3439 446 3512 editione
493 3439 842 3512 Chiﬂletiana
879 3456 908 3494 a
936 3456 1056 3512 pag.
1093 3441 1176 3507 10,
1209 3439 1303 3494 ubi
1337 3455 1436 3512 nec
1466 3439 1672 3512 apicem
1709 3439 1806 3492 in-

198 3511 394 3584 venias
433 3511 527 3584 qui
557 3511 626 3567 ad
658 3529 835 3584 ccux
874 3509 1060 3584 reduci
1102 3520 1284 3584 queat,
1315 3511 1423 3565 nisi
1450 3509 1519 3566 ex
1554 3509 1804 3564 indeter—

198 3583 412 3655 minato
441 3583 748 3655 martyrum
783 3583 915 3655 hinc
943 3583 1070 3639 inde
1097 3583 1377 3655 passorum
1411 3597 1660 3655 numero,
1693 3596 1804 3655 cer-

198 3661 315 3708 tum
343 3652 602 3726 aliquem'
624 3672 722 3727 pro
753 3654 985 3711 arbitrio
1012 3652 1256 3726 colligas.
1298 3653 1478 3709 Aliter
1506 3652 1805 3727 nihilomi-

196 3740 300 3780 nus
361 3723 967 3806 loquit11[:Romanuni
1011 3723 1261 3806 parvum,
1316 3741 1634 3806 anonymos
1679 3723 1806 3805 illos

196 3742 300 3780 nus
361 3742 608 3806 loquitur
655 3742 961 3782 nomanum
1011 3743 1261 3798 parvum,
1316 3742 1634 3852 anondymos
1679 3742 1805 3805 unos

191 3812 323 3852 cum
383 3799 530 3863 aliis,
586 3799 878 3866 Martiano,
930 3798 1223 3865 Satiriano,
1273 3806 1402 3864 etc.,
1487 3797 1805 3852 isertissme

193 3866 563 3947 conjungeus,
595 3868 677 3947 his
707 3870 926 3947 verbis:
963 3871 1276 3947 Sanctorum
1304 3875 1604 3947 martyrum
1643 3871 1805 3947 Mare

197 3931 341 3993 tiarii
371 3931 743 4009 et'Satyriani,
797 3959 915 3996 cum
951 3941 1153 3995 duobus
1198 3931 1469 4010 fratribus
1510 3957 1710 4007 eorum,
1760 3931 1878 3992 etC
1911 3933 2178 4010 turicensi,
2225 3935 2395 4010 sancti
2445 3933 2716 4010 Ambrosii
2755 3950 2855 4010 _co_n

195 4011 437 4066 aliorum
468 4029 643 4067 CCLXX
669 4013 880 4084 pariter
915 4019 1312 4084 coronatorum,
1350 4011 1660 4066 Wandalica
1687 4027 1806 4080 per-

197 4084 479 4137 secutione.
515 4085 614 4139 Ast
649 4082 796 4140 certe
824 4101 891 4140 ex
939 4084 1163 4140 Victore
1193 4082 1310 4138 haec
1341 4097 1530 4137 eruere
1558 4097 1668 4135 non
1699 4097 1808 4152 po—

195 4153 299 4227 tuit
340 4153 512 4226 hujus
553 4156 930 4227 Martyrologii
978 4163 1193 4227 auctor,
1242 4170 1342 4210 nec
1386 4152 1806 4227 aliumiontem

198 4223 352 4280 facile
401 4223 792 4298 assignaveris.
849 4223 1056 4283 Rursus
1104 4226 1327 4282 videtur
1385 4225 1477 4298 hic
1529 4223 1645 4280 dies
1689 4241 1808 4298 Apro

195 4311 342 4350 mero
373 4295 612 4352 arbitrio
644 4298 711 4353 ab
739 4299 838 4353 illo
870 4299 1132 4353 delectus.
1163 4298 1433 4354 Craterum
1461 4297 1516 4350 in
1549 4295 1807 4351 omnibus

203 4383 324 4422 eum
353 4369 612 4451 sequitur
649 4369 790 4451 Ado,
825 4369 1097 4451 principio
1126 4368 1348 4451 quidem
1359 4384 1554 4451 ‘ccnxx
1585 4383 1807 4451 anony-

206 4453 316 4493 mos
353 4439 660 4512 collocans,
693 4441 786 4496 sed
825 4439 902 4496 ita
929 4439 1055 4496 cum
1103 4439 1460 4512 sequentibus
1501 4439 1805 4512 populatos,

203 4518 261 4584 ut
298 4511 365 4584 ad
415 4508 663 4568 eamdem
709 4512 1141 4584 persecutionem
1179 4508 1384 4566 'omnes
1431 4508 1648 4584 referat,
1681 4524 1807 4564 cum

206 4580 446 4655 interim,
477 4580 725 4655 longiori
763 4601 860 4639 sua
908 4582 1219 4655 narratione
1265 4597 1327 4637 ea
1356 4597 1424 4655 ex
1458 4581 1690 4655 Victore
1711 4596 1810 4634 so-

207 4651 490 4728 lummodo
544 4651 926 4728 prosequatur,
975 4671 1094 4728 quae
1142 4654 1211 4710 ad
1257 4653 1810 4728 Martianum,_$a_ty-_

208 4724 425 4780 rianum
473 4723 591 4781 cum
626 4723 828 4781 duobus
873 4723 1157 4796 fratribus,
1215 4732 1262 4779 et
1317 4725 1573 4795 egregiam
1613 4723 1810 4796 Christi

204 4797 482 4866 ancillam,
532 4799 832 4854 Maximam
875 4795 1155 4868 virginem,
1201 4797 1427 4852 seorsim
1483 4803 1554 4868 et
1594 4795 1810 4868 proprie

203 4869 464 4938 attinent.
492 4869 706 4925 Adonis
734 4867 1062 4926 sententiam
1089 4884 1237 4923 more
1257 4885 1356 4923 suo
1381 4867 1654 4938 complexi
1683 4873 1813 4922 sunt

204 4936 485 4995 Usuardus
515 4949 569 4996 et
611 4941 902 5008 Notkerus,
939 4940 1101 4996 ambo
1145 4940 1404 5010 elogium,
1455 4936 1547 4994 sed
1585 4955 1682 5010 pro
1711 4954 1810 4994 suo

207 5012 442 5084 quisque
471 5013 716 5084 ingenio,
750 5012 1171 5084 contrahentes;
1202 5019 1364 5082 atque
1388 5010 1523 5084 inde
1547 5010 1812 5084 inomnes

202 5082 554 5157 recentiores
587 5084 985 5157 Martyrologos
1024 5083 1364 5157 dimanavit.‘
1387 5083 1547 5157 Putat
1576 5082 1811 5157 Floren-

202 5152 380 5209 tinius
424 5154 682 5210 Belinum
731 5152 932 5212 classes
979 5155 1207 5209 omnino
1252 5153 1501 5208 dividere
1546 5152 1806 5221 voluisse,

201 5222 331 5278 dum
363 5234 488 5297 post
518 5241 826 5298 anonymos
853 5227 1018 5282 aliam
1047 5223 1535 5298 annuntiationem
1555 5231 1810 5298 ut_sepa—

1916 2655 2185 2722 acceptos.
2238 2648 2664 2706 Wandalbertus
2693 2665 3096 2722 anonymorum
3122 2667 3414 2710 numerum
3448 2653 3526 2712 ita

1917 2720 2198 2802 exprimit,
2222 2729 2284 2802 ut
2306 2737 2425 2802 quae
2452 2728 2690 2802 gentem,
2725 2720 2907 2779 locum
2933 2729 2993 2778 et
3015 2730 3235 2795 tempus
3249 2733 3518 2796 spectant,
3589 2757 3598 2763 -

1918 2791 2138 2864 penitus
2165 2791 2410 2848 indecisa
2442 2791 2738 2865 relinquat.

2015 2907 2103 2973 [Bis
2128 2919 2335 2973 centum
2370 2916 2421 2973 et
2447 2907 2625 2973 decies
2660 2916 2857 2973 septem
2874 2916 3202 2973 memoratur
3237 2905 3452 2973 iniquus

2012 2970 2152 3030 Quos
2185 2971 2328 3020 furor
2351 2971 2416 3020 ob
2439 2969 2698 3019 Christum
2725 2971 2883 3019 simili
2912 2974 3152 3020 mactavit
3180 2969 3393 3021 honore.

1988 3080 2174 3152 Neque
2202 3095 2299 3151 ego
2325 3079 2383 3152 in
2404 3078 2556 3152 hisce
2576 3077 2885 3152 quidquam
2919 3078 3286 3152 determinare
3315 3076 3518 3152 ausim,

1919 3149 2102 3206 donec
2125 3149 2451 3207 accuratiori
2483 3149 2752 3205 examine
2779 3149 2996 3220 singula
3019 3151 3328 3221 expendere
3358 3149 3523 3208 licue-

1920 3223 2026 3289 rit;
2059 3223 2192 3276 satis
2216 3221 2318 3293 rbic
2367 3229 2448 3276 est
2490 3221 2736 3276 diversas
2783 3221 3074 3293 opiniones
3109 3222 3517 3293 proposuisse:

1918 3309 2091 3364 unum
2134 3292 2314 3364 obiter
2353 3308 2569 3357 moneo,
2630 3293 2819 3347 luxata
2853 3307 2968 3364 esse
3016 3292 3073 3346 in
3107 3292 3519 3364 Martyrologiis

1919 3363 2122 3419 nostris
2151 3363 2386 3435 duorum
2418 3372 2725 3435 martyrum
2746 3362 3168 3435 nominaLnam
3217 3362 3315 3435 pro
3353 3362 3518 3420 Mar-

1921 3435 2055 3489 tiani
2083 3441 2136 3488 et
2163 3434 2425 3488 Satiriani
2452 3435 2540 3489 vel
2571 3432 2849 3503 Satyriani
2887 3449 2955 3488 ex
2989 3432 3370 3490 Victorevcum
3401 3435 3516 3492 Ba-

1918 3505 2076 3560 ronio
2115 3504 2402 3576 legendum
2434 3512 2515 3560 est
2544 3503 2866 3576 Martiniani
2894 3511 2948 3576 et
2978 3505 3275 3561 Saturiani.
3306 3505 3515 3563 Conve-

1919 3578 2082 3631 niunt
2123 3575 2338 3632 cedices
2389 3576 2446 3630 in
2493 3575 2758 3646 signanda
2789 3575 3062 3630 Ambrosii
3106 3593 3517 3633 commemora-

1917 3648 2087 3715 tione,
2123 3648 2181 3702 in
2233 3646 2397 3703 modo
2443 3663 2666 3719 prorsus
2720 3646 3072 3719 dissentiunt.
3135 3648 3354 3704 Praten.
3387 3665 3514 3705 cum

1917 3719 2052 3786 suis,
2085 3735 2282 3790 nempe
2306 3717 2755 3791 Antuerp._-Maj.
2792 3726 2846 3774 et
2871 3719 3192 3791 Bosweyd.,
3241 3719 3373 3790 legit
3404 3737 3416 3775 :
3453 3721 3518 3776 In

1911 3809 2050 3862 pago
2071 3789 2415 3858 Bituricensi,
2439 3789 2609 3845 sancti
2627 3789 2899 3845 Ambrosii
2913 3789 3249 3847 Caturcensis
3267 3789 3513 3862 episcopi.

1917 3862 2130 3930 Quibus
2175 3863 2287 3918 fere
2334 3862 2545 3918 accedit
2571 3863 2840 3918 Munerat.
2865 3879 2993 3930 per:
3023 3863 3089 3918 In
3121 3863 3388 3917 territorio
3409 3862 3518 3918 Bi-

2899 3879 2993 3918 er:
3023 3879 3089 3918 1n
3121 3879 3388 3917 territorio
3409 3879 3516 3918 m-

2857 3879 3098 4003 fessoris,
3139 3933 3367 4005 episcopi
3417 3933 3516 3990 Ca-

1916 4005 2190 4060 turcensis.
2224 4006 2430 4062 Contra
2455 4021 2607 4072 vero,
2642 4005 2948 4073 Herinien.,
2972 4005 3299 4073 Tornacen.,
3332 4005 3516 4061 Pulsa-

1916 4093 2042 4132 nen.
2065 4076 2266 4143 Belin.,
2289 4076 2525 4148 Greven.
2550 4084 2603 4131 et
2612 4077 2842 4148 Molan.,
2861 4075 3186 4148 simpliciter
3199 4076 3246 4132 ei
3265 4076 3519 4134 tribuunt

1915 4149 2140 4204 titulum
2172 4146 2488 4215 confessoris
2509 4147 2584 4200 ila
2610 4147 2849 4217 legentes
2882 4165 2893 4202 :
2946 4146 3011 4202 In
3043 4148 3319 4202 territorio
3348 4148 3519 4202 Bitu-

1913 4219 2129 4284 r-icensi,
2162 4218 2332 4272 sancti
2356 4217 2630 4270 Ambrosii
2655 4217 2992 4288 confessoris.
3024 4218 3293 4288 Equidem
3343 4218 3518 4273 fateor

1916 4305 2100 4345 veram
2133 4289 2299 4342 etiam
2332 4304 2450 4342 esse
2485 4289 2723 4358 priorem
2753 4287 3100 4358 lectionem,
3123 4287 3216 4358 sed
3262 4288 3516 4358 alteram,

1917 4377 2037 4432 quae
2069 4368 2255 4432 nostra
2285 4356 2519 4432 est,ve_re
2560 4357 2921 4412 Usuardinam
2972 4356 3251 4432 existimo.
3286 4357 3417 4432 Quae
3447 4357 3517 4432 ad

1916 4425 2187 4508 Ambrosii
2218 4427 2385 4508 hujus
2415 4429 2859 4508 Vitam-pthgesta
2890 4426 3182 4508 pertinent,
3221 4441 3332 4507 non
3372 4425 3516 4508 indi-

1921 4503 2156 4574 ligenter
2179 4496 2563 4574 scrutatusest
2593 4496 3022 4574 Guilielmusﬁde
3042 4498 3093 4574 la
3108 4496 3277 4552 Croix
3308 4496 3366 4550 in
3388 4497 3516 4566 Epi-

1919 4567 2100 4644 scbpis
2121 4569 2579 4644 Cadurcensibus,
2607 4585 2638 4624 a
2668 4585 2788 4644 pag;
2821 4567 3242 4644 32_.O_i_nnia_suo
3271 4575 3515 4644 tempore

1919 4638 2244 4714 diligentius
2269 4638 2832 4714 illustrabuntu'rL’De
2863 4639 3023 4714 Callo
3053 4638 3246 4714 abbate
3301 4639 3516 4710 egimus

1919 4710 2049 4772 cuni
2076 4713 2324 4770 Usuardo
2360 4730 2436 4768 xx
2466 4711 2770 4779 Februarii,
2824 4710 2920 4766 ubi
2964 4711 3282 4766 notavimus
3328 4727 3456 4766 eum
3485 4727 3520 4768 a

1920 4786 2162 4843 Notkero
2195 4785 2445 4857 aliisque
2491 4785 2689 4857 melius
2741 4782 3088 4857 referri_boc
3121 4783 3233 4857 die,
3265 4789 3326 4838 ut
3381 4783 3522 4857 facit

1919 4859 2084 4914 etiam
2111 4855 2285 4914 codex
2316 4854 2632 4929 Bosweydi,
2667 4872 2800 4929 cum
2825 4854 3226 4929 pluribusaliis
3254 4855 3517 4929 auctiori-

1918 4931 2021 4986 bus
2066 4928 2409 4997 Usuardinis,
2452 4927 2528 4983 in'
2557 4927 2836 4986 Auctariis
2887 4927 3146 4996 citandis,
3203 4927 3404 4998 quibus
3460 4933 3517 4981 et

1919 5001 2348 5058 Wandalbertus
2380 4998 2592 5058 accedit
2628 5018 2640 5055 :

2046 5121 2270 5183 Septeno
2287 5117 2522 5183 denoque
2559 5118 2905 5183 Novembrem
2934 5119 3021 5181 qui
3041 5116 3339 5167 venientem

2043 5181 2350 5244 Praesignat,
2383 5181 2564 5232 Gallus
2596 5181 2780 5230 colitur
2803 5183 3092 5233 confessor.

206 5280 388 5352 ratam
420 5280 821 5354 exorsusest:
1021 5304 1324 5352 sanctorum
1369 5295 1650 5362 Martiani,
1700 5280 1803 5350 etc.
1834 5293 1885 5352 D
1990 5292 2094 5348 Sed
2125 5303 2250 5362 cum
2283 5285 2400 5362 haec
2449 5289 2630 5362 textui
2680 5287 2949 5345 hodierno
2993 5293 3253 5362 extranea
3281 5280 3424 5362 sint,_
3446 5283 3516 5342 ad

204 5365 376 5432 Quasi
409 5383 502 5424 eas
526 5369 796 5425 Baronius
832 5370 996 5425 etiam
1030 5385 1140 5424 non
1162 5367 1413 5424 diviserit
1443 5383 1552 5437 per.
1589 5366 1807 5437 Ibidem,

202 5447 335 5506 etc.,
385 5441 480 5512 qui
535 5440 907 5497 nihilominus
946 5440 1155 5512 priores
1202 5439 1366 5512 etiam
1402 5436 1459 5492 in
1491 5436 1813 5512 Wandalica

202 5509 595 5583 persecutione
638 5529 825 5585 passos
860 5509 1115 5579 aﬂi’rmat,
1160 5518 1214 5566 et
1240 5509 1459 5584 quidem
1491 5525 1560 5566 ex
1589 5509 1812 5566 Victore

1920 5367 2058 5492 ﬁcta
2100 5357 2460 5419 remittimus.
2511 5361 2643 5418 Vita
2687 5367 2866 5416 exstat
2911 5357 3056 5430 apud
3122 5355 3346 5413 Surium
3410 5357 3516 5415 hoc

1959 5451 2030 5491 ie.

1959 5451 2030 5491 le.

1674 5635 2055 5699 AUCTARIA.

276 5737 357 5800 De
378 5735 582 5812 Passa,
602 5735 1042 5814 Hunm.,TonN.,
1064 5737 1387 5812 Am.-MAJ.,
1409 5740 1588 5814 Rosw.
1613 5739 1810 5814 etPUL-

199 5829 323 5872 sax.
350 5817 484 5874 satis
511 5811 719 5874 dictum
745 5811 827 5873 est
849 5831 1013 5890 supra
1027 5811 1434 5875 inlectionibus
1448 5811 1807 5871 variantibus.

1993 5724 2758 5803 ANTUERP.-MAX.,LUBEC.el
2779 5726 3116 5803 UCHELLIAN.
3145 5725 3287 5803 nihil
3309 5726 3516 5803 habent

1918 5811 1986 5867 de
2013 5807 2273 5870 Maxima.
2307 5806 2368 5862 In
2398 5801 2508 5862 fine
2545 5824 2556 5864 :
2605 5830 2622 5854 ι
2649 5806 2784 5861 Item
2832 5802 3135 5871 Saturnini,
3178 5801 3336 5858 Nerei
3384 5815 3514 5859 cum
