4058 6180
203 302 309 362 621

1267 301 1900 363 MARTYBOLOGIUM.
1939 334 2011 348 —
2050 303 2257 363 MENS.
2300 301 2460 365 OCT.

3414 302 3519 366 622

204 434 421 508 130mm,
446 445 581 508 xui
611 428 855 508 militum
880 438 1207 504 martyrum.
1230 433 1548 504 Frontonis,
1570 434 1812 508 episcopi
1843 439 1893 496 Α
1924 435 2153 508 praeside
2182 435 2500 508 Rictiovaro
2526 434 3254 508 agentetgladiotrucidati,
3279 437 3518 508 glorioso

205 500 696 574 Petragoricensis.
733 526 751 549 ι

278 573 626 632 Cuiusnam.
654 579 711 628 et
740 573 1017 630 Aureum.
1064 575 1312 631 scribunt
1341 585 1402 632 ut
1430 576 1605 634 codex
1635 579 1818 641 Λουπ-

206 662 390 721 cruor.
435 660 604 716 supra
631 644 892 721 citatus:
952 670 970 693 ι
1006 646 1069 702 In
1119 664 1256 721 pago
1310 647 1586 705 Turonico
1641 648 1816 707 sancti

205 716 378 790 Spani
409 714 696 790 martyris:
728 740 745 762 ο

278 790 420 845 RBG.
454 786 625 859 Suec.
654 786 900 859 signatus
920 804 1073 844 num.
1099 789 1204 846 428
1232 808 1244 845 :
1293 815 1311 838 ‹
1340 791 1618 859 Corboilo,
1640 793 1814 849 sancti

206 859 351 930 Lupi
382 858 631 930 episcopi
661 858 1094 930 etconfessoris.
1127 885 1145 908 ι
1194 861 1335 917 Vide
1363 858 1675 927 Davssouu
1708 874 1813 921 etc.

366 929 433 987 ei
458 930 624 985 Suec.
654 929 940 1001 subrnum.
971 930 1072 987 130
1106 949 1117 987 :
1165 957 1183 980 ε
1214 934 1346 988 Item
1393 934 1596 1001 Romae,
1639 936 1819 990 Boni-

208 1002 339 1076 fac_i_i
369 1017 546 1073 papae.
577 1001 715 1057 Item
747 1000 1051 1076 Chrysanti
1073 1010 1127 1058 et
1156 1004 1333 1061 Dariaa
1354 1000 1681 1076 martyrum.
1712 1031 1730 1055 ι

278 1071 564 1129 vmm.
618 1088 775 1127 num.
823 1071 965 1129 5949
1020 1072 1171 1130 deest
1219 1076 1437 1131 Miniati
1488 1071 1536 1130 et
1588 1076 1811 1133 Hilarii.

209 1142 495 1215 Adjicitur
527 1162 539 1215 ;
568 1168 607 1215 γι
635 1143 944 1215 Translatio
979 1146 1153 1201 sancti
1196 1146 1583 1204 Bartholomaei
1614 1148 1682 1204 de
1718 1148 1816 1204 in-

210 1214 329 1272 sula
350 1214 539 1286 Lipari
561 1214 621 1269 in
653 1214 1052 1286 Beneventum.
1085 1239 1103 1263 ι

281 1284 624 1365 FLOR—euris.
650 1284 828 1365 primo
858 1286 979 1342 loco
1007 1303 1021 1365 ς
1068 1312 1086 1334 ε
1115 1287 1277 1359 Apud
1306 1289 1676 1365 F_l_oreu_tiam,_
1696 1307 1813 1365 pas-

211 1358 290 1433 sio
318 1357 500 1433 sancti
525 1356 774 1413 Miniatis
795 1357 1054 1433 martyris
1081 1356 1205 1413 cum
1219 1360 1402 1433 _sociis
1426 1362 1561 1430 suis,
1584 1356 1678 1433 qui
1700 1356 1812 1418 sub

213 1430 380 1486 Decio
415 1439 658 1500 tyranno
688 1428 829 1499 passi
860 1428 990 1483 sunt
1026 1445 1174 1485 anno
1219 1431 1441 1488 Domini
1490 1428 1751 1489 cdxivm.
1778 1457 1795 1480 ι

212 1499 570 1582 ilaud_dubie
600 1500 762 1571 paulo
792 1500 986 1582 seritis.
1024 1524 1041 1547 ι
1059 1500 1225 1582 Apud
1243 1502 1559 1582 Sardiniam
1592 1504 1648 1558 in
1678 1503 1813 1582 civi-

214 1579 326 1646 tate
354 1570 667 1638 Turritana,
700 1570 874 1646 sancti
906 1570 1139 1646 C_rayini
1184 1573 1382 1646 militis
1428 1582 1482 1630 et
1527 1574 1810 1646 martyris,

256 1642 317 1717 ui
347 1641 744 1717 passusestsub
765 1642 1279 1717 praisideBarbaro,
1302 1645 1405 1701 sub
1434 1641 1811 1717 persecutione

270 1712 565 1795 ioc'letiani
580 1712 976 1795 «Maximiani
998 1712 1452 1795 imperaiornmj
1481 1718 1542 1771 In
1566 1718 1811 1795 Romano

216 1783 496 1840 habentur
518 1784 712 1839 Protus
752 1792 806 1840 et
850 1783 1167 1840 Ianuarius.
1204 1785 1346 1841 Vide
1373 1786 1811 1843 observationem
1847 1791 1891 1849 B
1919 1785 2151 1840 aliorum

210 1863 458 1929 nostram
483 1854 769 1929 xxxAMaii.
808 1881 825 1903 ι
854 1855 1059 1923 Romae,
1079 1856 1252 1929 sancti
1274 1856 1545 1929 Bionifacii
1567 1873 1717 1929 papa:
1738 1856 1809 1926 V,

207 1927 326 2000 qui,
350 1951 369 1972 ι
427 1933 534 1981 etc.
568 1926 710 1983 Vide
739 1925 862 2000 haec
884 1943 1047 2000 supra
1078 1926 1365 2000 Bonifacio
1394 1929 1417 1983 Ι
1446 1925 1701 1999 ascripta.

276 2000 683 2069 Buunscsunx.
720 2016 731 2053 :
789 2024 807 2045 ι
835 1998 1167 2069 Andegavis,
1198 2000 1485 2055 translatio
1512 1998 1686 2055 sancti
1718 1999 1812 2054 Al-

204 2067 345 2123 bini.
380 2094 400 2117 ι
442 2068 637 2124 Natale
665 2077 748 2125 est
778 2086 795 2124 ι
823 2067 1025 2125 Martii.

281 2140 600 2223 Luxovnm:
636 2158 648 2197 ε
685 2140 1037 2223 _¢_Translatio
1057 2139 1231 2223 sancti
1252 2140 1812 2223 Simeonishepiscopi

110 2254 115 2259 .
207 2219 261 2267 et
276 2210 651 2293 confessoris,
680 2211 937 2293 Metensis
968 2212 1467 2293 ecclesiaipastoris
1489 2210 1796 2293 piissimi.“-

276 2283 528 2354 BIMENS.
570 2282 663 2338 SS.
696 2282 940 2337 Timoth.
991 2291 1044 2338 et
1073 2282 1257 2354 Apoll?
1294 2302 1305 2339 :
1355 2308 1373 2330 ι
1402 2282 1605 2351 Remis,
1636 2282 1812 2339 sancti

210 2351 442 2421 Celsini,
473 2353 736 2425 discipuli
766 2354 942 2425 sancti
965 2351 1267 2425 Remigii,-

276 2424 480 2497 Em'rio
503 2424 875 2497 Lenaeo-Cor.
904 2424 971 2497 de
1002 2424 1285 2497 Bonifacio
1307 2424 1420 2497 jam
1457 2441 1620 2497 supra
1649 2424 1815 2482 dictis

208 2494 463 2567 adjungit
497 2514 509 2551 :
558 2496 700 2563 «Qui
735 2496 878 2552 rexit
913 2496 1212 2551 Ecclesiam
1245 2494 1404 2552 annis
1450 2494 1647 2552 tribus.
1685 2521 1702 2543 ι
1742 2497 1815 2552 Et

210 2577 519 2637 praeterea:
568 2592 585 2614 ι
632 2567 812 2622 Etiam
868 2567 1132 2635 decrevit,
1176 2575 1238 2622 ut
1285 2568 1439 2622 nulla
1486 2568 1686 2622 mulier
1721 2575 1815 2623 aut

211 2638 484 2710 monacha
513 2638 714 2709 pallam
744 2646 1010 2710 sacratam
1043 2639 1231 2693 altaris
1264 2646 1504 2710 tangeret
1536 2646 1628 2693 aut
1656 2639 1815 2694 lava—

209 2717 309 2780 ret.
343 2709 453 2780 Qui
481 2708 728 2780 sepultus
758 2717 839 2764 est
861 2708 1024 2780 juxta
1060 2726 1259 2780 corpus
1298 2708 1499 2765 sanctae
1548 2710 1816 2765 Felicita-

210 2779 301 2835 tis.
336 2806 354 2825 -
402 2779 669 2852 Sequitur
708 2779 887 2852 prima
917 2788 971 2852 et
1001 2779 1240 2835 secunda
1286 2781 1636 2836 annuntiatio
1683 2782 1815 2836 satis

209 2866 369 2934 pura.
404 2851 545 2905 Tum
564 2870 585 2934 ξ
635 2877 658 2934 εΔ
683 2851 744 2907 In
776 2851 993 2934 Galliis,
1022 2852 1604 2934 civitatesuessionis,
1638 2851 1816 2934 passio

208 2922 535 2995 sanctorum
559 2922 791 2995 fratrum
816 2922 1064 2995 Crispini
1087 2930 1141 2978 et
1171 2922 1527 2994 Crispiniani.
1559 2922 1663 2995 Qui
1689 2939 1814 2995 cum

206 3001 395 3049 essent
446 2994 784 3065 nobilissimi
839 2993 1362 3065 Romanitpmpt’er
1412 2995 1575 3051 ﬁdem
1608 2993 1814 3051 Christi

205 3064 565 3138 dilatandam
596 3079 628 3118 a
656 3066 824 3138 Boma
859 3065 1055 3137 egressi
1109 3063 1286 3138 [sunt]
1340 3074 1403 3122 ut
1445 3065 1693 3120 eamdem
1742 3065 1818 3119 ti-

1926 506 2193 579 martyrio
2221 506 2467 579 coronati
2497 506 2645 564 sunt.
2683 533 2700 556 ι
2742 506 3060 579 InMiniate
3086 516 3140 563 et
3160 506 3369 563 Hilario
3388 508 3519 579 satis

1925 577 2209 650 pura'est.
2256 580 2335 635 De
2383 577 2547 635 Beato
2592 589 2646 637 et
2698 577 2965 648 Benigno,
3012 584 3073 633 ut
3128 594 3291 649 supra
3345 578 3520 650 codex

1926 648 2245 711 Aomcmc'r.
2292 651 2572 707 Demum:
2640 676 2658 700 ι
2704 650 2999 717 Bituricas,
3047 648 3223 706 sancti
3257 648 3516 705 Dulcardi

1925 720 2271 777 confessoris.
2295 745 2312 767 -

1997 792 2190 846 Benm.
2239 791 2434 864 incipit
2475 809 2507 848 a
2554 791 2866 864 Chrysanto
2911 798 2965 848 et
3006 791 3171 848 Daria
3215 792 3407 862 ferme,
3457 800 3522 850 ut

1926 864 2222 935 Roswsvn.
2256 881 2437 935 supra.
2460 864 2599 919 Tum
2635 882 2647 919 :
2688 888 2709 935 ν·
2734 864 2876 935 Item
2908 865 3114 933 Romae,
3157 866 3337 920 natale
3384 881 3521 921 san-

1924 941 2138 990 ctorum
2168 934 2401 990 Mari’et
2447 952 2580 991 var
2624 934 2887 1002 militum,
2945 960 2963 983 ι
3020 943 3125 992 etc.
3183 937 3518 993 Frontonem

1925 1005 2314 1080 ponit_ultim_o
2344 1006 2483 1080 loco.
2503 1007 2589 1080 ,Et
2613 1006 2671 1080 in
2693 1007 2864 1080 altera
2883 1006 3129 1063 editione
3148 1007 3474 1080 superaddit
3502 1025 3514 1064 :

1940 1101 1958 1122 ι
1986 1075 2194 1148 Eodem
2224 1076 2334 1144 die,
2363 1078 2513 1148 Beati
2549 1086 2603 1133 et
2631 1077 2862 1148 Benigni
2890 1094 3015 1133 cum
3048 1075 3451 1135 sociis'eorum.
3485 1103 3505 1126 ›

1923 1146 2132 1224 Deinde
2160 1165 2189 1224 ξ
2224 1172 2247 1224 _-
2276 1148 2343 1224 _In_
2368 1147 2648 1204 territorio
2678 1146 2973 1217 Turonico,
2996 1149 3184 1221 Spani.
3210 1176 3227 1199 ι
3270 1150 3519 1224 Denique

1922 1218 2117 1291 Remis,
2146 1219 2364 1291 Celsiui,
2384 1228 2457 1291 ⁸ιιι
2484 1236 2669 1291 supra.

1994 1288 2247 1361 Gnnven.
2282 1290 2338 1345 in
2368 1289 2477 1345 fine
2514 1309 2525 1346 :
2555 1288 2597 1338 ἰ
2626 1291 2750 1361 Ipso
2798 1289 2886 1345 die
2929 1290 3231 1347 secundum
3264 1291 3519 1348 Vincen-

1922 1358 2060 1434 tium
2092 1360 2190 1434 lib.
2224 1361 2292 1434 26
2324 1362 2607 1434 translatio
2637 1358 2810 1417 sancti
2841 1362 3230 1434 Bartholomaai
3259 1363 3515 1434 apostoli,

1920 1430 1989 1485 de
2016 1431 2200 1486 insula
2221 1432 2553 1502 Luparitana
2572 1433 2948 1488 Beneventum
2978 1432 3124 1489 facta
3156 1430 3311 1488 anno
3331 1435 3516 1489 Domi-

1923 1501 1979 1555 ni
2010 1518 2269 1576 ncccvm.
2303 1501 2507 1576 Romae,
2539 1511 2855 1576 sanctorum
2886 1512 3192 1576 martyrum
3225 1504 3514 1560 Maximini

1920 1580 1974 1667 et
1996 1573 2233 1667 quorum
2251 1573 2804 1667 cxxEodemdien'el
2818 1573 3120 1667 secundum
3136 1576 3273 1657 alios
3283 1591 3515 1667 se'qnen-

1920 1644 1985 1715 ti,
2009 1643 2404 1710 Nichomedias,
2427 1655 2740 1702 sanctorum
2764 1646 3019 1715 Luciani,
3035 1647 3320 1714 Marciani,
3342 1643 3514 1714 Flori,

1920 1714 2157 1800 fieracli,
2194 1716 2344 1784 Tuti,
2374 1717 2607 1797 Florini,
2633 1717 2792 1800 Beati
2805 1726 2860 1773 et
2879 1714 3131 1800 Benigni,
3157 1725 3513 1800 martyrum”

1921 1788 2264 1911 aliorumqiue
2291 1803 2416 1842 cum
2446 1788 2599 1859 ipsis.
2657 1788 2719 1842 In
2758 1788 2960 1859 Anglia
3005 1788 3516 1845 translatio'saucti

1921 1856 2148 1929 Joannis
2200 1856 2537 1929 ‘boracensis
2565 1857 2803 1929 episcopi
2832 1868 2887 1914 et
2914 1859 3263 1916 confessoris.
3296 1861 3357 1915 In
3381 1861 3516 1915 Nor-

1922 1928 2164 2000 mannia,
2195 1928 2381 2000 sancti
2400 1928 2539 2000 Lupi
2568 1928 2810 2000 episcopi
2839 1929 3153 1999 Bajocensis
3171 1938 3225 1985 et
3244 1931 3517 1987 confesso-

1921 1998 2277 2080 riszMasnoei
2299 1998 2539 2080 episcopi
2564 1998 2619 2080 et
2638 1998 2987 2080 confessoris:
3018 2001 3309 2069 Bituricas,
3340 2001 3517 2057 sancti

1920 2068 2544 2126 Dulcardiconfessoris.
2570 2071 2706 2126 Item
2737 2071 3025 2127 translatio
3046 2079 3361 2128 sanctorum
3379 2088 3520 2127 mar-

1921 2147 2133 2211 tyrum,
2165 2139 2403 2196 Crisanti
2433 2150 2488 2197 et
2516 2142 2717 2206 Darim,
2749 2141 2817 2197 ab
2846 2141 2981 2198 urbe
3019 2143 3191 2199 Roma
3218 2141 3283 2197 ad
3318 2159 3520 2199 mona-

1922 2210 2150 2283 sterium
2178 2210 2390 2283 Eystia.
2420 2236 2437 2258 ι

1992 2282 2240 2357 Morsu,
2254 2291 2387 2357 post
2416 2284 2631 2357 Petrus,
2667 2298 2737 2338 ex
2760 2282 2955 2357 Adone
2980 2283 3106 2339 aliis
3140 2283 3341 2357 litteris
3370 2284 3522 2357 adji—

1922 2352 2002 2427 cit
2032 2371 2042 2407 :
2066 2377 2084 2427 τ
2113 2352 2177 2427 iii
2211 2352 2462 2427 videntes
2481 2354 2549 2409 ad
2566 2370 2628 2427 se
2656 2354 2847 2427 venire
2867 2363 3125 2427 armatos,
3152 2352 3520 2427 rogabantfut

1922 2424 2088 2496 primi
2110 2423 2540 2496 decollarentur.
2558 2423 2835 2496 Scriptum
2862 2433 2943 2479 est
2959 2425 3016 2480 in
3038 2423 3287 2496 passione
3307 2434 3519 2482 sancto-

1922 2494 2044 2549 rum
2067 2494 2237 2561 Sixti;
2267 2495 2544 2568 Laurentii
2576 2504 2629 2551 et
2661 2494 2965 2568 Hippolyti.
3000 2494 3107 2568 (In
3128 2494 3237 2568 ﬁne
3258 2496 3325 2568 de
3345 2496 3519 2568 Chry-

1922 2575 2079 2639 santo
2096 2566 2343 2639 etDaria,
2372 2566 2480 2639 fere
2500 2574 2563 2621 ut
2580 2566 2875 2639 Boswsvu.
2894 2566 3132 2639 chdem
3154 2566 3266 2639 die,
3288 2566 3519 2639 Benigni

1923 2646 1977 2692 et
2003 2636 2155 2691 Beati
2184 2653 2309 2692 cum
2342 2637 2507 2693 sociis
2529 2654 2739 2693 eorum.
2792 2638 2853 2691 In
2893 2637 3172 2693 territorio
3219 2636 3518 2704 'l‘uronico,

1923 2709 2097 2764 sancti
2148 2707 2298 2780 Spati
2332 2710 2608 2780 martyris.
2643 2732 2661 2755 -
2698 2708 2848 2780 Vide
2876 2708 3197 2780 AQUiClNCT_.
3251 2708 3518 2780 «__Bemis,

1925 2780 2098 2835 sancti
2157 2777 2362 2836 Celsini
2409 2777 2739 2835 confessoris
2787 2786 2841 2832 et
2888 2778 3216 2849 presbyteri,
3258 2777 3522 2849 discipuli

1924 2851 2071 2906 beati
2103 2850 2365 2921 Remigii.
2392 2874 2409 2895 ι
2455 2851 2532 2905 De
2572 2851 2724 2921 Lupo
2754 2856 2815 2903 ut
2860 2848 3157 2921 Munensr.
3202 2872 3221 2894 ι
3251 2848 3523 2921 Bonifacii

1924 2939 2100 2994 papa},
2130 2922 2224 2994 qui
2257 2920 2398 2994 sedit
2428 2921 2633 2987 Romaa,
2660 2920 2841 2975 annos
2868 2920 3137 2994 tre_s._iiic
3164 2920 3414 2994 sepultus
3442 2927 3524 2975 est

1925 2989 2018 3049 via
2045 2989 2273 3058 Salaria,
2302 2990 2463 3062 juxta
2481 3008 2678 3063 corpus
2704 2998 2903 3063 sanctas
2934 2989 3254 3063 Felicitatis.
3279 2990 3381 3046 Hic
3397 3006 3524 3046 con-

1925 3063 2130 3131 stituit,
2161 3079 2402 3130 servum,
2449 3086 2467 3108 ι
2522 3061 2627 3118 etc.
2675 3061 2960 3118 Editiones
2987 3062 3109 3117 aliae
3135 3061 3194 3116 in
3225 3061 3344 3132 ipso
3369 3068 3526 3117 textu

203 3136 339 3192 dem
378 3135 523 3190 alibi
552 3132 921 3261 gradicamnt.
951 3138 1025 3191 Et
1050 3132 1397 3209 quocumque
1416 3144 1805 3209 pervenerunt,
1849 3145 1892 3205 ί]
1921 3135 2231 3210 praeﬁgunt,
2275 3135 2579 3204 Chrysanti,
2614 3133 2811 3198 Darice,
2857 3140 2905 3186 et
2943 3132 3170 3188 Diodori
3215 3133 3524 3213 presbyteri,

203 3207 412 3261 nullus
441 3222 534 3261 eos
603 3207 797 3261 osuitio
824 3208 1061 3261 recinere
1102 3208 1449 3261 dignabatur.
1496 3217 1551 3261 et
1594 3208 1663 3261 ob
1708 3207 1812 3261 hoc
1924 3219 2028 3261 etc.
2054 3207 2181 3261 Post
2210 3207 2421 3261 Petrus.
2455 3203 2598 3259 idem
2632 3204 2781 3261 quod
2810 3219 2993 3261 supra.
3026 3205 3087 3257 In
3109 3202 3217 3257 ﬁne
3251 3220 3262 3257 :
3302 3204 3524 3261 Bemam

202 3207 412 3261 nullus
441 3222 534 3261 eos
560 3207 797 3279 hospitio
824 3207 1082 3279 recipere'
1102 3207 1449 3279 dignabatur,
1496 3217 1551 3264 et
1594 3208 1663 3263 ob
1708 3207 1812 3279 hoc

204 3293 338 3351 ergo
371 3286 550 3333 artem
581 3278 840 3351 sutoriam
871 3278 1205 3351 didicerunt,
1236 3287 1297 3333 ut
1326 3280 1657 3351 pauperibus
1687 3278 1810 3334 sub-

207 3350 493 3422 venirent,
518 3349 611 3421 qui
640 3349 999 3422 quidquidex
1018 3350 1202 3405 olIicio
1226 3349 1420 3422 iuerati
1439 3349 1597 3418 sunt,
1623 3358 1819 3421 praeter

208 3420 446 3492 victum,
480 3420 667 3475 totum
702 3420 1034 3492 pauperibus
1070 3420 1285 3492 elargiti
1320 3429 1468 3476 sunt.
1506 3422 1570 3476 Hi
1604 3420 1816 3476 inventi

209 3491 357 3571 quod
387 3491 929 3571 Christiani’essent,
970 3491 1227 3571 fustibus
1240 3502 1371 3571 sunt
1400 3492 1525 3548 caesi
1542 3500 1723 3571 atque
1750 3492 1817 3571 ad

210 3562 445 3634 trocleas
472 3564 713 3628 extensi,
744 3563 907 3634 digiti
933 3579 1123 3618 eorum
1145 3563 1361 3618 subulis
1382 3562 1657 3630 transﬁxi,
1679 3569 1733 3617 et
1753 3562 1820 3617 de

213 3633 397 3706 dorsis
426 3649 618 3706 eorum
651 3650 750 3689 ora
778 3633 1023 3706 praecisa,
1056 3642 1111 3690 et
1139 3636 1221 3691 sic
1251 3634 1487 3706 diversis
1521 3634 1821 3706 tormentis

212 3705 426 3770 vexati,
458 3704 563 3761 sub
590 3704 972 3777 persecutione
997 3704 1332 3762 Diocletiani
1379 3713 1435 3763 et
1476 3704 1819 3773 Maximiani,

1924 3202 2181 3284 etcLPost
2210 3202 2422 3284 Petrus,
2455 3203 2598 3284 idem
2632 3204 2781 3284 quod
2810 3219 2993 3274 supra.
3011 3205 3087 3284 in
3109 3202 3217 3284 fine
3251 3220 3262 3257 :
3302 3204 3528 3284 Benigni

1924 3287 1974 3353 et
2001 3277 2174 3353 Beati,
2200 3276 2355 3353 _Spat_i
2378 3281 2425 3328 et
2458 3273 2674 3353 Celsini,
2706 3282 2780 3353 ui
2792 3273 2977 3353 supra.
3011 3276 3089 3353 De
3120 3274 3275 3353 Lupo
3302 3273 3528 3330 additur

1926 3344 2711 3418 Bajocensisfepiscopi,_etc.__-
2740 3344 3032 3418 Biturigas,
3056 3344 3365 3418 Ambiliaco
3397 3361 3528 3418 mo-

1926 3414 2188 3485 nasterio,
2237 3414 2381 3472 beati
2428 3414 2689 3471 Dulcardi
2733 3414 3084 3471 confessoris.
3127 3417 3229 3471 Die
3260 3416 3525 3485 vigesima

1928 3491 2123 3564 quinta
2142 3498 2455 3564 sanctorum
2492 3495 2794 3564 martyrum
2824 3494 2879 3564 et
2900 3486 3237 3564 notariorum
3269 3486 3526 3543 Martiani

1927 3556 1982 3619 ét
2009 3558 2280 3631 Martyrii.
2324 3560 2508 3615 Romae
2552 3556 2647 3614 via
2679 3556 2908 3626 Salaria,
2955 3556 3229 3614 Bonifacii
3279 3572 3449 3631 papas.
3490 3579 3510 3606 ι

1929 3632 2072 3692 Vide
2100 3630 2369 3704 superius.

1667 3832 2084 3845 —-—o~—-——

218 3864 324 3922 VII
354 3865 487 3922 Kal.

3303 3865 3405 3927 Dte
3433 3866 3524 3928 26.

291 3956 459 4028 Apud
491 3956 749 4029 Africam,
782 3955 989 4017 natalis
1017 3968 1331 4017 sanctorum
1364 3967 1669 4035 martyrum
1700 3959 1985 4036 Rogatiani
2024 3958 2331 4036 presbyteri
2361 3966 2415 4021 et
2444 3960 2794 4033 Felicissimi,
2828 3957 2923 4036 qui
2964 3959 3342 4034 persecutione
3369 3958 3518 4015 Decii

216 4057 272 4104 et
304 4048 585 4105 Valeriani
614 4050 819 4106 illustri
858 4058 989 4107 sunt
1021 4051 1290 4123 martyrio
1320 4054 1590 4120 coronati,
1622 4053 1688 4108 de
1724 4054 1927 4126 quibus
1954 4052 2122 4108 etiam
2153 4052 2346 4109 scribit
2375 4052 2567 4111 beatus
2595 4052 2905 4125 Cyprianus
2933 4050 2994 4107 in
3025 4049 3259 4122 epistola
3284 4048 3352 4105 ad
3382 4063 3526 4106 con-

218 4135 472 4194 fessores.
507 4137 748 4196 Civitate
776 4140 1055 4210 Narbona,
1087 4139 1265 4197 sancti
1294 4140 1506 4198 Rustici
1536 4141 1782 4213 episcopi
1811 4150 1864 4197 et
1893 4141 2245 4199 confessoris.

1754 4264 1993 4325 NOTAE.

285 4362 367 4421 Ita
387 4364 639 4434 Prateu.,
671 4363 968 4436 Heriuien.,
997 4363 1310 4434 Tomacm.,
1335 4362 1842 4435 Antuerp.-Major,
1872 4365 2164 4432 Munerat,
2196 4362 2417 4419 Greveu.
2440 4368 2495 4417 et
2520 4361 2726 4421 Melan.

1435 4487 1841 4546 VABIANTES
1881 4486 2293 4546 LECTIONES.

284 4588 347 4647 In
376 4589 558 4646 naavis
590 4587 822 4658 haerent,
854 4595 914 4645 ut
943 4586 1257 4658 Aphricam,
1303 4585 1585 4658 Africam,
1635 4588 1820 4658 Roga-

215 4660 375 4730 ciaui,
402 4661 718 4733 Ciprianus.
746 4661 965 4733 Poterat
982 4657 1469 4733 Antuerpi-rMajor
1496 4674 1525 4714 e
1556 4657 1816 4733 purorum

216 4730 752 4803 numero—excludi,
800 4732 931 4806 quia
974 4739 1089 4789 tota
1148 4730 1417 4788 bedierna
1467 4730 1818 4787 annuntiatio

1926 4588 2105 4660 prima
2132 4604 2299 4660 manu
2327 4586 2530 4660 omissa
2558 4592 2666 4654 est;
2719 4592 2775 4641 at
2817 4600 2943 4660 cum
2972 4583 3051 4660 _ad
3079 4583 3272 4660 horam
3312 4580 3522 4660 codicis

1924 4654 2040 4716 tota
2073 4658 2307 4716 subinde
2334 4657 2573 4731 ascripta
2597 4664 2652 4715 et
2681 4672 2820 4730 pura
2847 4657 2943 4724 sit,
2972 4656 3156 4714 locum
3178 4654 3272 4714 hic
3299 4655 3351 4712 ei
3376 4654 3527 4712 dedi-

1928 4747 2071 4788 mus.
3465 4752 3489 4768 ⁸

1570 4846 2174 4906 OBSERVATIONES.

283 4946 622 5031 Rogatiauus
662 4953 717 5003 et
760 4945 1118 5003 Felicissimus
1155 4962 1228 5074 {is

283 5036 440 5074 iams.
473 5019 656 5074 Bedaa.
684 5019 868 5074 Floro.
896 5018 1137 5074 Rabano.

214 5017 440 5088 mianis,
473 5019 656 5087 Bedaa,
684 5019 868 5087 Floro,
896 5018 1137 5090 Babano,
1155 5017 1551 5090 Wandalberto
1584 5017 1819 5090 praeter-

213 5091 302 5162 iti,
331 5091 403 5147 ab
431 5099 659 5147 auctore
686 5088 918 5162 Romani
950 5089 1111 5162 parvi
1136 5089 1375 5162 primum
1403 5088 1817 5162 consignantur,

212 5161 303 5218 his
330 5162 524 5219 verbis
552 5180 564 5219 ε
599 5163 665 5219 In
684 5161 898 5231 Africa,
920 5160 1205 5231 Πυραιὶᾱηί
1229 5160 1522 5231 presbyteri
1547 5160 1819 5215 etFelicisL

211 5234 337 5289 simi
373 5233 658 5304 martyris.
688 5232 821 5299 Quae
853 5241 1112 5303 praeterea
1140 5233 1303 5304 paulo
1322 5232 1511 5304 iusius
1530 5240 1585 5304 et
1610 5232 1819 5304 elegan-

213 5305 328 5377 tius
350 5302 593 5377 exponit
618 5311 804 5360 textus
834 5302 1048 5377 noster,
1067 5319 1129 5359 ea
1141 5302 1228 5358 ex
1257 5302 1449 5358 Adone
1487 5302 1818 5377 ad_verb_um_

212 5372 515 5449 desumpta
552 5385 701 5449 sunt,
750 5375 973 5449 exclusa
1020 5374 1289 5449 duntaxat
1322 5373 1520 5449 Amagni
1558 5372 1821 5449 Cypriani

213 5444 725 5516 commendatione,
770 5462 840 5501 ex
878 5446 1107 5518 epistola
1155 5445 1271 5518 ejus
1317 5444 1408 5512 81,
1442 5444 1615 5516 apud
1645 5444 1821 5518 Vien-

215 5535 448 5576 nensem
481 5518 729 5586 recitata,
758 5516 1047 5583 nimirum,
1080 5516 1281 5589 inquit,
1330 5523 1386 5570 ut
1427 5516 1722 5589 sequamini
1754 5516 1822 5589 iu

216 5590 468 5646 omnibus
505 5590 861 5660 Rogatianum
899 5587 1328 5660 presbyterum...
1381 5589 1628 5660 quicum
1671 5587 1823 5660 Feli-

218 5662 431 5741 cissimo
460 5658 639 5741 fratre
668 5665 877 5741 nostra,
898 5658 1079 5741 :quieto
1113 5666 1403 5741 semperet
1436 5658 1632 5741 sobrio,
1672 5658 1823 5741 esci-

213 5734 366 5804 piens
394 5729 704 5804 ferocientis
744 5729 932 5803 populi
970 5731 1249 5804 impetum,
1294 5736 1397 5804 etc.
1452 5729 1648 5804 Plures
1689 5729 1825 5804 aiias

219 5799 471 5881 ejusdem
494 5799 759 5881 Cypriani
791 5799 1312 5881 epistolasappellat
1340 5800 1617 5881 Baronius
1635 5799 1691 5855 in
1720 5801 1823 5881 No:

218 5872 460 5948 talione,
492 5872 644 5931 etde
672 5872 914 5946 praefatis
948 5872 1151 5930 sanctis
1180 5872 1355 5927 fusius
1386 5878 1578 5928 tractat
1606 5879 1755 5927 tomo
1777 5873 1825 5928 II

1231 4934 1489 5020 ograpbis
1537 4946 1822 5020 Hierony—
1850 4946 1894 5007 C
1923 4945 2250 5020 Annalium,
2271 4946 2340 5003 ad
2359 4963 2565 5005 annum
2592 4948 2716 5020 253,
2740 4964 2895 5006 num.
2924 4947 3032 5015 42;
3064 4950 3197 5007 item
3218 4948 3520 5020 25A,,num.

1926 5018 2015 5086 35,
2046 5017 2142 5075 sed
2160 5020 2502 5091 expressius,
2538 5019 2604 5075 ad
2639 5017 2764 5089 209,
2794 5037 2949 5077 num.
2989 5021 3059 5077 59
3101 5028 3156 5076 et
3182 5020 3272 5091 60,
3307 5019 3402 5074 ubi
3428 5035 3525 5074 re-

1928 5098 2097 5161 ceptae
2126 5089 2497 5163 chronologize
2522 5091 2790 5146 rationem
2822 5091 3043 5163 videtur
3072 5090 3355 5163 excedere,
3385 5106 3523 5163 san-

1928 5160 2143 5217 ctorum
2166 5160 2621 5230 obitumfcontra
2639 5170 2826 5219 textus
2846 5162 3019 5217 nostri
3039 5161 3421 5216 auctoritatem
3442 5160 3520 5215 ni-

1931 5232 2104 5287 mium
2125 5231 2403 5305 differens,
2426 5249 2533 5305 qua
2553 5233 2692 5288 forte
2711 5248 2895 5305 causa,
2914 5233 2974 5305 in
2997 5232 3262 5305 hodierno
3274 5232 3521 5305 Romano

1930 5309 2140 5357 mutata
2169 5300 2559 5373 imperatorum
2590 5304 2816 5359 nomina
2836 5301 3355 5373 animadvertimus.
3379 5303 3521 5358 Inte-

1933 5374 2045 5445 rim_
2063 5388 2131 5427 ex
2162 5372 2421 5445 praedicta
2467 5374 2730 5445 Cypriani
2779 5375 3008 5445 epistola
3054 5373 3118 5428 81
3172 5372 3517 5445 potissimum

1931 5442 2428 5516 eruissevidentur
2454 5442 3012 5516 Martyrologi'nostri
3043 5442 3189 5515 quod
3219 5443 3287 5499 de
3314 5445 3518 5500 illustri

1930 5515 2181 5584 martyrii
2209 5532 2403 5569 corona
2422 5515 2719 5595 praedicant
2741 5515 2846 5582 ;an
2868 5517 2998 5570 satis
3017 5522 3185 5580 certo,
3211 5532 3319 5595 non
3342 5518 3517 5573 ausim

1931 5602 2167 5641 asserere
2203 5604 2213 5641 :
2249 5602 2373 5641 nam
2404 5587 2448 5641 si
2483 5602 2611 5642 vera
2649 5596 2775 5643 sunt
2811 5602 2931 5656 qua:
2973 5596 3221 5643 accurate
3269 5587 3522 5644 observat

1932 5656 2320 5731 Tillemontius
2348 5665 2497 5711 tomo
2522 5658 2616 5724 III,
2649 5674 2766 5731 pag.
2801 5658 2925 5731 389,
2948 5675 3132 5729 passos
3151 5658 3372 5731 quidem
3394 5676 3523 5715 con-

1934 5738 2041 5802 stat
2076 5729 2435 5802 Bogatianum
2482 5735 2535 5783 et
2582 5728 2981 5786 Felic’issimum
3015 5728 3193 5802 primo
3223 5730 3340 5802 ipso
3370 5731 3525 5800 fero-

1935 5800 2118 5873 cientis
2142 5800 2330 5873 populi
2352 5800 2567 5873 impetu,
2592 5808 2653 5873 at
2672 5802 2728 5856 in
2756 5800 3047 5873 tormentis
3070 5801 3235 5857 vitam
3248 5800 3526 5873 posuisse,

1938 5887 2050 5927 non
2079 5871 2231 5927 item.
2272 5872 2542 5928 Notkerus
2573 5872 2788 5930 diversa
2815 5872 2884 5929 ab
2914 5873 3104 5930 Adone
3136 5871 3316 5947 phrusi
3352 5872 3528 5931 utitur
