4066 6174
540 211 645 273 653

1589 209 2224 271 MARTYBOLOGIUM.
2266 245 2333 255 —
2372 210 2583 270 MENS.
2621 205 2794 268 NOV.

3737 210 3832 269 656

540 336 712 416 citur,
743 332 1014 416 depositio
1046 335 1227 416 sancti
1245 334 1487 416 iluberti
1504 335 1833 416 episcopict
1853 336 2142 416 confess-of
2162 345 2213 404 Α
2250 335 2425 416 cando
2446 337 2617 416 beatae
2648 333 2925 416 memoriae
2957 328 3834 416 Leodiensinepiscopo,.annuente

541 407 637 463 ris.
657 405 877 489 ‘Eode'rn
908 407 1018 489 die,
1041 405 1316 489 depositio
1341 405 1517 462 sancti
1539 405 1808 489 Pnir‘minii-
1827 407 2070 489 episcopi
2090 415 2144 462 et

541 477 893 549 confessoris.
940 478 1149 549 Eodem
1181 478 1292 544 die,
1332 484 1533 549 sanctae
1565 477 1795 533 0dradae
1827 477 2078 549 virginis.
2113 504 2131 525 ι

542 550 614 604 Et
644 548 952 604 minoribus
978 548 1128 618 typis
1159 567 1169 602 :
1208 572 1225 592 ι
1260 547 1420 618 Apud
1448 549 1603 602 Alem
1643 548 1700 602 in
1731 547 2044 605 Brabantia.
2082 551 2145 604 In

542 621 799 686 Barduyc
818 619 1120 673 cathedrali
1143 619 1391 683 civitate,
1415 620 1589 674 sancti
1612 619 1863 686 Mariani,
1882 629 1983 675 etc.
2008 622 2144 675 Item

544 689 888 746 Weuefredze
911 689 1146 761 virginis
1176 697 1229 744 et
1252 690 1531 761 martyris.
1556 715 1574 734 ι
1612 690 1749 745 Aliae
1776 690 2045 745 editiones
2067 690 2145 746 sic

543 762 749 816 habent
776 779 786 815 :
825 784 843 806 α
866 760 1121 815 Andaino
1144 761 1693 827 monasterio,natale
1713 762 2011 816 beatissimi
2038 762 2143 816 Hu-

542 833 707 897 berti,
742 831 1076 901 Tungrensis
1104 832 1346 887 ecclesiae
1394 832 1673 902 pontiﬁcis
1711 841 1763 886 et
1794 832 2139 887 confessoris.

544 903 649 970 Qui
670 903 832 957 beato
848 903 916 956 La
927 902 1139 956 mberto
1162 903 1389 973 martyri
1414 903 1471 956 in
1496 903 1810 973 episcopatu
1823 904 2139 970 succedens,

543 991 689 1029 anno
720 991 802 1028 x11
828 990 939 1028 suae
970 974 1358 1040 ordinationis,
1392 976 1614 1028 oraculo
1653 974 1847 1028 divino
1880 974 2142 1029 admoni-

544 1054 652 1111 tus,
684 1062 837 1100 sacra
873 1062 993 1116 ossa
1021 1043 1265 1114 ejusdem
1304 1045 1583 1116 martyris,
1620 1045 1912 1116 sedemque
1938 1046 2141 1116 episco-

544 1125 704 1189 patus
733 1132 763 1169 a
795 1114 1336 1189 Trajectobeodium
1379 1114 1471 1170 ubi
1501 1114 1925 1189 passustuerat,
1954 1114 2143 1189 trans-

543 1186 695 1243 tulit.
722 1186 932 1242 Deinde
956 1187 1145 1241 multis
1170 1203 1484 1242 accrescens
1506 1187 1826 1254 virtutibus,
1854 1188 2056 1241 multos
2076 1187 2143 1241 de

547 1258 863 1313 idololatria
881 1257 949 1311 ad
968 1257 1176 1313 Christi
1206 1259 1369 1313 ﬁdem
1401 1259 1696 1326 convertit,
1726 1261 1911 1329 plures
1942 1258 2141 1313 daemo-

546 1330 734 1384 niacos
760 1329 978 1396 vivens,
1008 1329 1275 1400 plurimos
1311 1337 1432 1400 post
1454 1329 1735 1385 decessum
1761 1346 1920 1384 suum
1946 1329 2140 1383 libera-

546 1400 646 1455 vit.
677 1401 917 1455 Transiit
953 1408 1136 1455 autem
1163 1401 1307 1456 idem
1337 1401 1605 1470 pretiosus
1636 1401 1862 1456 Domini
1894 1400 2144 1471 pontifex

545 1479 599 1525 et
644 1472 891 1553 egregius
914 1472 1136 1553 galbleta
1167 1489 1229 1526 ιιι
1258 1472 1399 1553 Non.
1431 1470 2055 1553 Novembristsep’ultus
2085 1470 2141 1525 in

546 1543 778 1615 ecclesia
804 1543 949 1599 beati
983 1543 1127 1598 Petri
1155 1544 1530 1615 apostolorum
1570 1543 2144 1615 principis.'Nonage-

546 1614 687 1669 simo
714 1631 845 1670 vero
872 1631 1016 1670 anno
1047 1613 1345 1671 translatus
1368 1622 1449 1669 est
1469 1615 1538 1670 ad
1571 1613 1911 1682 Andainum,
1943 1630 1974 1668 a
2009 1613 2141 1669 Vul-

545 1796 731 1853 Pridie
759 1799 901 1855 Non.

2257 407 2538 463 Ludovico
2568 407 2895 478 imperatore
2916 404 3186 478 piissimo.
3212 403 3315 458 Ubi
3348 403 3483 478 quid
3513 403 3706 478 vivens
3726 406 3836 478 ejus

2253 477 2487 551 spiritus
2529 474 2772 548 gesserit,
2816 474 3123 551 virtutibus
3153 474 3459 551 innumeris
3508 482 3561 529 et
3602 474 3839 551 gloriosis

2295 545 2551 619 rodigiis,
2567 565 2667 603 nec
2686 564 2797 603 non
2828 546 3112 619 miraculis
3132 545 3386 619 assiduis,
3412 561 3584 616 usque
3601 545 3760 602 hodie
3779 550 3839 605 ad

2276 616 2470 675 audein
2500 628 2552 674 et
2582 620 2811 690 gloriam
2844 618 3068 673 Domini
3097 616 3455 690 Atmirabiliter
3482 624 3785 690 attestatur.
3812 645 3829 668 ι

2254 693 2332 747 De
2364 687 2651 758 Pirminio,
2691 689 2970 744 Adventio
3001 696 3054 742 et
3084 687 3342 754 Guinalo,
3368 695 3427 741 ut
3458 703 3639 759 supra.
3673 689 3836 746 Tum:

2269 787 2285 807 ι
2306 764 2363 816 in
2386 762 2641 818 districtu
2666 760 3032 827 Maeslandiae,
3058 759 3193 813 villa
3215 760 3605 825 Alem,sanctze
3628 760 3840 816 Odradae

2254 834 2504 903 virginis.
2544 857 2561 879 ι
2605 834 2684 887 De
2712 831 3013 903 Valentino
3036 838 3089 885 et
3126 830 3378 903 Hilario,
3406 837 3469 883 ut
3498 847 3680 901 supra.
3732 856 3749 877 α
3788 832 3841 887 In

2253 898 2450 973 Anglia
2496 911 2697 958 sanctae
2754 902 3125 968 Vuenefridze,
3175 898 3514 973 vir'ginisdet
3566 898 3839 973 martyris,

2252 971 2412 1046 quam
2446 975 2714 1041 Cadocus,
2746 972 3087 1046 ﬁliusoAlani
3112 972 3274 1041 regis,
3313 971 3519 1046 occidit
3550 971 3843 1046 prc_casti-

2252 1043 2381 1100 tate.
2408 1071 2424 1093 ν
2466 1047 2579 1101 Hoc
2613 1046 2866 1099 observat
2892 1043 3233 1116 Castelrlanus
3259 1045 3319 1116 in
3352 1044 3543 1098 notula
3560 1044 3845 1116 adMarty-

2254 1116 2522 1187 rologium
2572 1118 2898 1187 Romanum.
2949 1140 2967 1161 «
3015 1113 3340 1187 Glasconize,
3396 1114 3569 1169 sancti
3622 1113 3842 1184 Benigui

2251 1186 2493 1258 episcopi
2518 1194 2572 1241 et
2601 1186 2955 1258 confessoris:
2990 1186 3089 1258 Die
3140 1186 3321 1258 tertia,
3355 1193 3671 1258 sanctorum
3702 1203 3844 1240 mar-

2252 1256 2798 1329 tyrum‘Acepsimaa,
2844 1256 3101 1329 Aithalze,
3135 1262 3188 1312 et
3229 1256 3449 1329 Ioseph.
3495 1257 3845 1329 Etrenczenia

2253 1327 2431 1385 divini
2449 1336 2554 1383 tem
2564 1327 2838 1398 pli,sancti
2860 1327 3039 1398 magni
3063 1327 3324 1398 martyris
3342 1327 3558 1398 Georgii
3579 1328 3638 1382 in
3656 1328 3839 1398 Lydia,

2253 1407 2306 1454 et
2334 1400 2602 1471 depositio
2632 1399 2805 1454 sancti
2855 1400 3100 1467 corporis
3132 1398 3326 1471 ipsius.
3375 1400 3439 1471 In
3489 1401 3614 1455 vico
3654 1400 3847 1471 Flori-

2253 1469 2431 1552 nensi‘,
2451 1471 2716 1552 exceptio
2750 1470 2995 1542 corporis
3027 1469 3201 1552 sancti
3247 1469 3445 1552 Mauri,
3482 1470 3687 1550 egregii
3719 1486 3845 1552 mar:

2252 1543 2413 1614 tyris.
2449 1540 2639 1597 Leodii
2672 1540 2737 1614 in,
2780 1540 2968 1597 monte
3009 1541 3255 1613 publico,
3292 1540 3569 1597 dedicatio
3612 1540 3843 1599 coenobii

2253 1612 2432 1669 sancti
2459 1612 2763 1669 Laurentii.
2802 1636 2821 1659 ιι

3668 1787 3842 1845 Diei.

615 1888 780 1959 Apud
815 1885 1229 1952 Alexandriam,
1264 1886 1411 1941 beati
1442 1886 1614 1941 Hierii
1643 1883 1952 1957 presbiteri,
1987 1883 2077 1954 qui
2110 1883 2166 1937 in
2199 1880 2411 1939 divinis
2441 1881 2745 1953 Scripturis
2781 1881 3049 1937 nobiliter
3083 1880 3353 1947 eruditus,
3387 1880 3504 1934 vita
3532 1880 3843 1951 purissima,

543 1982 706 2046 atque
743 1974 812 2029 ad
844 1974 1216 2030 Christianam
1263 1973 1674 2046 philosophiam
1724 1973 1904 2028 nudus
1949 1980 2003 2027 et
2045 1971 2266 2042 penitus
2312 1970 2623 2042 expeditus,
2675 1970 2869 2026 doctor
2914 1969 3176 2026 Ecclesiae
3222 1967 3681 2039 incomparabilis
3727 1968 3843 2036 fuit,

543 2062 755 2135 quievit
780 2068 962 2116 autem
992 2060 1238 2131 Philippi
1261 2061 1609 2131 imperatoris
1627 2068 1890 2130 tempore.
1916 2061 1979 2114 In
2010 2058 2205 2115 Galliis
2230 2060 2457 2114 civitate
2488 2062 2753 2126 Rotenus,
2786 2060 2962 2114 sancti
2985 2057 3231 2113 Amantii
3265 2057 3528 2129 episcopi,
3550 2056 3721 2127 cujus
3743 2057 3847 2111 vita

539 2153 831 2209 sanctitate
862 2159 915 2206 et
947 2150 1230 2207 miraculis
1258 2151 1473 2207 exstitit
1494 2151 1749 2223 gloriosa.
1775 2151 1837 2204 In
1859 2165 1994 2222 pago
2015 2148 2320 2215 Vilcasiuo,
2349 2147 2525 2204 sancti
2547 2147 2698 2206 Clari
2724 2147 3014 2220 presbiteri
3037 2154 3091 2202 et
3113 2146 3395 2217 martyris.
3425 2145 3843 2218 Augustuduni,

543 2240 719 2298 sancti
750 2240 970 2297 Proculi
997 2239 1260 2312 episcopi.

2044 2364 2278 2421 NOT/E.

611 2480 742 2538 Puri
770 2487 901 2537 sunt
937 2479 1180 2548 Praten.,
1211 2477 1508 2547 Herinien.,
1549 2477 1842 2545 Munerat.,
1872 2476 2092 2532 Graven.
2124 2482 2180 2529 et
2205 2474 2410 2532 Maian.

1755 2600 2159 2658 VARIANTES
2201 2598 2502 2655 LECTION
2506 2598 2608 2654 ES.

609 2702 795 2759 Prima
822 2702 875 2757 e't
903 2702 1015 2756 fere
1042 2702 1288 2757 maxima
1312 2700 1603 2757 diversitas
1628 2702 1861 2757 recurrit
1887 2700 1943 2755 in
1974 2700 2139 2771 primi
2181 2705 2225 2763 B
2241 2705 2381 2763 ten.,
2405 2714 2578 2771 neque
2599 2696 2813 2771 Rotenis
2833 2704 2926 2752 aut
2947 2696 3441 2771 Rotenius,_otalii;
3466 2697 3644 2771 multo
3667 2700 3848 2755 minus

540 2775 715 2830 sancti
747 2772 991 2839 nomine,
1022 2773 1167 2853 quod
1197 2773 1345 2826 solus
1376 2773 1626 2827 Molanus
1651 2771 1941 2895 receptiori
1974 2772 2135 2826 modo

540 2841 742 2895 extulit
771 2860 866 2895 ner
895 2844 1084 2895 Pierii.
1126 2851 1187 2895 ut
1220 2850 1301 2895 est
1332 2842 1388 2895 in
1416 2842 1655 2895 Eusebio
1686 2843 1768 2895 Va
1793 2843 1914 2895 esii.
1945 2852 1998 2895 et
2021 2859 2135 2895 nas-

539 2841 742 2899 extulit
771 2860 866 2914 per
895 2841 1084 2910 Pierii,
1126 2851 1187 2897 ut
1220 2850 1301 2896 est
1332 2842 1388 2895 in
1416 2842 1655 2897 Eusebio
1686 2843 1768 2898 Va

539 2916 642 2969 sim
676 2913 862 2969 vocari
907 2914 1062 2968 solet.
1098 2915 1170 2968 At
1201 2929 1328 2968 cum
1378 2930 1448 2968 ex
1482 2914 1679 2969 Rufino
1717 2920 1998 2983 acceptum
2039 2913 2131 2979 sit,

539 2986 691 3057 isque
716 2984 919 3057 scribat
947 2984 1136 3051 Hierii,
1169 2985 1249 3038 sic
1276 2983 1331 3037 in
1368 2986 1611 3057 Romano
1643 3000 1842 3057 parvo,
1867 2983 2058 3057 Adone
2079 2990 2131 3038 et

536 3053 785 3112 Usuardo
814 3062 1089 3110 servatum
1130 3062 1211 3109 est
1234 3071 1247 3119 ;
1285 3070 1316 3108 a
1336 3054 1623 3109 nonnullis
1646 3053 1931 3109 codicibus
1951 3054 2129 3109 defor-

534 3136 743 3183 matum
776 3143 871 3198 per
901 3127 1074 3194 Herii,
1107 3127 1261 3198 Jerii.
1298 3126 1497 3198 Hierei,
1545 3125 1751 3194 Hyerii,
1784 3125 1970 3198 Hyrei,
1999 3126 2130 3198 Hye-

533 3199 634 3267 νεὶ,
662 3195 1043 3266 θῐο.Ῥι·εῐθη.,
1074 3196 1378 3263 Herinien.,
1403 3197 1702 3251 Tornacen.
1729 3205 1782 3251 et
1809 3196 1904 3250 alii
1929 3195 2131 3251 habent

532 3278 595 3325 ut
616 3279 698 3326 est
729 3271 786 3325 in
818 3278 994 3326 textu.
1022 3269 1146 3323 Alia
1168 3268 1401 3323 variatio
1421 3276 1501 3322 est
1524 3268 1580 3322 in
1607 3268 1957 3339 expressione
1978 3267 2129 3339 urbis

534 3342 882 3409 Rutenensis,
918 3339 1076 3411 cujus
1099 3356 1302 3411 nomen
1331 3356 1457 3395 cum
1499 3340 1691 3394 Adone
1721 3356 1791 3394 ex
1820 3338 2125 3411 Herinieu,,

532 3413 858 3480 Tornacen.,
886 3410 1343 3483 Antuerp.-Maj.,
1366 3411 1683 3482 Rosweyd.,
1714 3420 1844 3477 etc.,
1868 3410 2126 3483 formavi-

535 3500 658 3541 mus
681 3501 832 3540 more
856 3483 974 3553 ejus
1003 3482 1180 3539 aetatis
1206 3484 1456 3550 Rotenus,
1481 3498 1593 3537 non
1622 3483 1875 3551 Rotemis,
1912 3490 1974 3537 ut
2003 3482 2125 3535 Pra-

1793 2843 1914 2909 esii,
1945 2852 1998 2897 et
2019 2859 2135 2913 pas-
2170 2867 2178 2874 η

2240 2770 2489 2837 Redonis,
2537 2776 2597 2823 ut
2644 2769 2877 2840 pessime
2923 2769 3165 2824 correxit
3215 2769 3485 2827 Molanus.
3528 2770 3742 2826 Ruteni
3786 2771 3847 2826 ad

2244 2841 2596 2912 Aquitaniam
2634 2840 2931 2911 pertinent,
2987 2840 3330 2896 Redonenses
3361 2841 3431 2896 ad
3472 2842 3845 2909 Aremoricos,

2241 2911 2337 2985 seu
2365 2911 2709 2985 Britanniam
2741 2911 3029 2985 minorem.
3060 2912 3266 2985 Scripsi
3304 2912 3565 2985 Yilcasino
3584 2929 3722 2967 cum
3748 2914 3848 2985 ple-

2241 2983 2424 3053 risque
2457 2982 2774 3054 codicibus;
2814 2982 2949 3038 editi
2996 2982 3197 3054 passim
3247 2983 3447 3039 habent
3498 2982 3800 3040 Vilcassiito
3829 3002 3845 3037 :

2240 3062 2373 3126 sunt
2396 3053 2489 3124 qui
2538 3053 2830 3126 praeferant
2870 3053 3168 3126 Vutcasino.
3204 3055 3353 3109 Inter
3404 3071 3571 3126 puros
3601 3054 3842 3111 Greven.

2239 3133 2292 3179 et
2322 3125 2522 3178 Molan.
2560 3125 2794 3196 Proculo
2826 3125 3110 3196 ascribunt
3134 3126 3358 3181 titulum
3386 3125 3671 3196 martyris,
3698 3136 3756 3182 et
3775 3126 3845 3182 sic

2238 3196 2416 3269 etiam
2440 3196 2626 3264 legunt
2654 3195 3107 3269 Antuerp.-Maj.,
3142 3200 3432 3269 Antuerp.,
3460 3195 3842 3269 max-Labeo.

2238 3273 2291 3320 et
2326 3266 2528 3332 Belln.,
2561 3265 2792 3342 un‘deet
2950 3265 3257 3323 Romanum
3284 3265 3547 3342 transiit,
3593 3268 3712 3342 sed!
3752 3284 3847 3342 pro

2237 3344 2423 3411 nostra
2447 3336 2731 3411 etrveriori
2760 3337 2997 3411 lectione
3027 3346 3174 3411 stant
3200 3339 3420 3411 codices
3441 3336 3846 3411 praecipui—De

2233 3408 2611 3479 Augustuduni
2647 3415 2700 3464 et
2726 3408 3005 3465 similibus
3029 3409 3163 3466 alibi
3190 3410 3326 3466 satis
3355 3408 3567 3466 dictum
3601 3408 3713 3466 est.

1880 3610 2374 3669 OBSERVATION
2382 3613 2483 3667 ES.

604 3711 691 3763 Ex
722 3709 913 3764 eodem
945 3708 1116 3774 fonte,
1155 3708 1268 3761 imo
1305 3722 1374 3761 ex
1406 3706 1599 3762 eodem
1648 3707 1791 3762 libro
1830 3716 1883 3762 et
1928 3708 2126 3778 capite,

532 3781 781 3852 procedit
814 3778 1028 3852 Hiarbas
1070 3779 1157 3852 vel
1192 3777 1535 3852 Pierius,_ex
1566 3795 1674 3849 quo
1704 3778 1908 3833 nudius
1934 3777 2128 3834 tertius

532 3847 787 3921 acceptus
817 3849 923 3902 fuit
954 3847 1270 3921 Theodotus
1289 3847 1647 3921 Laodicemis,
1684 3865 1878 3921 nempe
1902 3866 1971 3903 ex
2010 3852 2128 3905 ltu—

533 3918 786 3986 tiniflib.
833 3935 935 3982 vn,
976 3934 1094 3988 cap.
1151 3919 1240 3985 29,
1280 3918 1428 3973 unde
1465 3935 1663 3988 rursus
1705 3918 2004 3974 conﬂatum
2046 3929 2126 3976 est

532 3999 710 4066 totum
734 3987 1088 4045 Adonianum
1110 3989 1371 4058 elogium,
1387 3987 1545 4066 cujus
1565 3989 1865 4066 elegantior
1886 3991 2126 4066 medulla

534 4063 588 4117 in
614 4069 772 4116 textu
796 4069 985 4133 nostro
1008 4066 1443 4133 repraesentetur.
1469 4059 1558 4133 Sic
1580 4059 1790 4130 primus
1810 4062 2120 4133 scripserat,

2240 3725 2361 3780 quae
2386 3708 2526 3780 apud
2559 3708 2782 3782 Surium
2813 3716 3013 3777 exstat,
3044 3726 3147 3782 nec
3172 3709 3307 3765 satis
3333 3709 3548 3782 integra
3574 3726 3686 3766 nec
3717 3711 3847 3767 satis

2238 3782 2472 3852 sincera,
2515 3787 2675 3850 atque
2720 3780 2856 3852 adeo
2891 3797 2968 3852 ex
3005 3781 3150 3849 aliis,
3206 3780 3509 3852 praesertim
3549 3798 3619 3836 ex
3676 3798 3846 3840 manu

2236 3850 2437 3921 scripta
2473 3862 2656 3906 nostra
2685 3859 2739 3905 et
2768 3851 3059 3907 Labbeano
3102 3850 3252 3908 torno
3296 3853 3345 3908 ΙΙ
3389 3852 3661 3908 Biblioth.
3719 3870 3846 3917 ms.,

2235 3920 2363 3991 pag.
2389 3921 2513 3989 474,
2536 3920 2861 3991 corrigenda
2891 3924 2947 3976 in
2966 3922 3123 3979 Actis
3150 3933 3204 3979 et
3230 3924 3591 3979 restituenda.
3616 3924 3775 3981 Bene
3795 3932 3848 3980 et

2234 4008 2362 4066 vere
2410 3992 2631 4066 scripsit
2676 3992 3106 4050 Wandalbertus
3149 3995 3379 4050 Rutenos
3430 4011 3526 4066 per
3578 4003 3846 4052 sanctum

2231 4064 2553 4146 Amantium
2598 4066 2947 4146 ornarrhnon
2998 4066 3252 4146 Redones,
3294 4074 3355 4120 ut
3400 4064 3688 4146 perperam
3735 4075 3845 4146 tam

533 4133 630 4204 qui
661 4133 872 4204 primus
916 4130 1064 4204 hunc
1107 4138 1359 4204 sanctum
1410 4130 1470 4204 in_
1516 4132 1706 4204 Fastos
1741 4148 1868 4204 suos
1909 4130 2120 4202 retulit,
2155 4135 2198 4195 C
2231 4134 2473 4189 studiose
2499 4134 2740 4189 inculcat
2767 4130 3037 4201 Molanus,
3090 4130 3359 4191 afﬁnitate
3400 4130 3713 4192 hominum
3745 4137 3848 4193 de-

534 4201 724 4285 auctor
752 4201 985 4283 Romani
1006 4202 1162 4285 parvi
1185 4220 1197 4282 _:
1224 4202 1590 4285 Alemandrire,
1611 4203 2120 4285 Hieriipresbyteri,

532 4275 645 4347 cita
666 4272 1053 4347 purissimum
1078 4273 1369 4342 Scripturis
1394 4274 1641 4328 nobiliter
1669 4272 1883 4331 eruditi.
1940 4272 2122 4347 Atque

534 4344 628 4418 hic
662 4343 846 4418 denuo
877 4343 1198 4418 ex_illorur_n
1244 4352 1557 4418 sanctorum
1598 4361 1828 4399 numero
1861 4353 1943 4401 est
1986 4343 2122 4418 quos

533 4415 767 4489 Romani
809 4414 965 4489 parvi
992 4415 1242 4486 proprios
1271 4414 1539 4489 dicimus,
1578 4424 1765 4488 utpote
1811 4433 1948 4489 quos
1977 4414 2123 4488 apud

534 4488 685 4566 alios
700 4485 1239 4566 Martyrologos,.aut
1249 4495 1420 4566 extra
1440 4485 1897 4566 seriem—nostram
1920 4485 2123 4566 frustra

535 4556 908 4629 requisiveris.
951 4556 1082 4621 Quae
1106 4556 1173 4611 de
1202 4556 1865 4629 Pieriirebusgestisaut
1902 4559 2121 4629 scriptis

534 4627 649 4706 dici
668 4635 916 4706 possunt,
940 4642 1010 4706 cx
1035 4629 1203 4706 citato
1232 4627 1468 4706 Eusebio
1497 4628 1582 4681 vel
1605 4644 1675 4706 ex
1696 4627 2034 4706 Hieronymo
2054 4629 2121 4706 de
2213 4641 2223 4651 '

535 4697 1395 4777 script,cap..76,._desumeri_da
1423 4705 1549 4777 sunt
1580 4715 1590 4751 :
1623 4700 1877 4777 pleraque
1898 4697 1969 4754 ex
1988 4701 2122 4777 ipsis

535 4774 590 4823 et
620 4767 818 4822 Photio
847 4767 1068 4837 collegit
1109 4774 1163 4822 et
1210 4767 1416 4823 Gallice
1470 4767 1695 4837 digessit
1737 4767 2122 4828 Tillemontius

533 4845 688 4892 tomo
714 4837 811 4904 IV,
842 4853 961 4907 pag.
998 4838 1103 4893 582
1131 4845 1183 4891 et
1215 4838 1356 4903 583;
1392 4854 1490 4893 nos
1522 4840 1751 4907 paucula
1779 4840 2032 4897 dedimus
2062 4843 2121 4898 in

536 4907 879 5035 tractatogrle
926 4907 1257 4964 Patriarchis
1292 4907 1702 4976 Alexandrinis,
1754 4926 1874 4982 pag.
1924 4912 2010 4981 36,
2067 4931 2117 4982 a,

536 4996 690 5035 num.
849 5025 859 5035 .

534 4996 690 5037 num.
739 4982 859 5037 191.

606 5052 848 5124 Sequens
890 5050 1338 5124 commemoratio
1379 5057 1514 5124 tota
1539 5049 1829 5107 Adoniana
1870 5061 1971 5121 est,
2019 5057 2121 5111 sub

533 5123 657 5197 istis
685 5121 876 5197 saltem
921 5121 1441 5197 terminisprimum
1472 5121 1702 5197 signata.
1742 5124 2119 5197 Hieronymia-

534 5194 622 5267 nis
635 5193 899 5267 adjectam
923 5200 1106 5267 censet
1134 5192 1645 5267 Florenti_nius,sed
1666 5196 1850 5267 quales
1871 5192 2120 5267 plurimae

533 5266 655 5320 aliae
682 5263 739 5318 in
766 5265 879 5320 illis
908 5263 1192 5320 codicibus
1212 5264 1564 5334 reperiuntur
1587 5282 1599 5330 ;
1632 5263 1776 5321 certe
1803 5263 1901 5321 vix
1926 5268 2119 5324 dubito

574 5335 668 5407 uin
707 5336 959 5407 Rabanus
995 5334 1468 5407 annuntiationem
1502 5350 1655 5390 suam
1686 5337 1812 5392 inde
1843 5338 2117 5407 eduxerit,

586 5405 981 5479 ieronymianis
1022 5406 1191 5479 ferme
1228 5405 1416 5479 verbis
1437 5413 1758 5479 conceptam
1798 5426 1809 5462 :
1841 5424 1908 5462 an
1954 5405 2117 5465 etiam

2234 4212 2424 4276 ceptus
2469 4207 2607 4276 ipse,
2657 4214 2819 4276 atque
2864 4205 3022 4274 alios,
3079 4207 3220 4262 forte
3264 4207 3431 4262 etiam
3491 4208 3847 4276 Ferrarium,

2234 4275 2290 4329 in
2312 4274 2550 4350 errorem
2586 4274 2874 4350 inducens.
2908 4278 3204 4350 Yidequae
3230 4294 3393 4350 supra
3422 4279 3490 4333 de
3518 4277 3731 4336 horum
3768 4274 3846 4335 lo;

2233 4362 2422 4401 corum
2466 4345 2784 4402 diversitate
2832 4348 2890 4401 in
2940 4345 3315 4404 Varia—ntibus'
3338 4349 3631 4405 observata
3684 4357 3844 4407 sunt.

2235 4417 2337 4473 Hic
2374 4417 2572 4474 unicus
2596 4426 2677 4474 est
2717 4418 2931 4474 metrici
2962 4419 3319 4491 Martyrologi
3349 4420 3661 4477 versiculus
3700 4441 3714 4479 :

2350 4525 2484 4574 Hinc
2513 4526 2673 4590 pridie
2699 4526 2927 4576 Rutenos
2957 4529 3224 4576 confessor
3249 4530 3527 4578 Amantius
3549 4538 3727 4578 ornat.

2309 4633 2505 4688 Clarus
2532 4634 2822 4691 Vilcasinus
2849 4634 2994 4709 apud
3023 4636 3207 4691 nullos
3226 4636 3482 4707 antiquos
3502 4634 3851 4709 Martyrolo-

2235 4719 2348 4774 gos,
2379 4712 2739 4777 praeterquam
2774 4705 2919 4777 apud
2946 4714 3198 4761 nostrum
3230 4705 3392 4762 notus
3420 4714 3519 4773 est,
3553 4705 3722 4764 nul—lo
3756 4727 3848 4764 or-

2232 4781 2398 4849 rratus
2425 4775 2619 4849 elogio,
2666 4775 2822 4849 haud
2852 4776 3020 4833 dubie
3053 4778 3200 4849 quod
3246 4778 3400 4849 nulla
3444 4779 3583 4832 Acta
3624 4779 3851 4836 viderit

2234 4844 2531 4921 Usuardus,
2569 4862 2635 4900 ex
2678 4847 2878 4921 quibus
2901 4844 3275 4904 distinctiores
3300 4848 3521 4921 aliquast
3542 4857 3714 4921 notas
3746 4868 3853 4907 seu

2233 4916 2643 4991 missionis,seu
2671 4916 3099 4991 praedicationis,
3120 4922 3267 4986 vitae,
3285 4916 3551 4991 martyrii
3573 4930 3675 4975 aut
3700 4931 3851 4979 tem-

2232 4987 2381 5071 poris
2409 4987 2769 5071 depromeret.
2802 4990 2880 5046 De
2899 4991 3009 5071 alio
3023 4990 3194 5071 .Claro
3208 4987 3464 5071 episcopo
3484 4999 3537 5045 et
3559 5000 3850 5071 martyre,

2232 5058 2374 5184 apud
2407 5061 2713 5139 Aquitanos
2740 5061 3057 5130 percelebri,
3085 5058 3259 5142 multa
3284 5058 3499 5142 curiose
3524 5071 3580 5116 et
3609 5058 3855 5146 eru'dite

2232 5145 2257 5182 a
2326 5129 2671 5184 Henschenlo
2708 5138 2761 5183 et
2792 5131 3163 5184 Panebrochio
3191 5132 3486 5184 disoulsna
3515 5140 3648 5184 sunt
3671 5152 3687 5184 :
3727 5136 3852 5184 alia

2231 5129 2298 5184 ab
2326 5129 2671 5204 He_ns_chenio
2708 5129 2768 5204 et
2792 5131 3163 5204 Papebrochio
3191 5132 3486 5204 disquisita
3515 5140 3687 5200 sunt;
3727 5136 3853 5191 alia

2230 5215 2352 5255 cum
2386 5200 2609 5276 Baluzio
2646 5199 2950 5276 conjectata
2981 5203 3126 5276 circa
3146 5199 3441 5276 variorum
3472 5199 3855 5276 synonymo-

2231 5287 2354 5325 rum
2379 5270 2510 5347 satis
2539 5270 2907 5347 verosimilem
2940 5274 3345 5347 confusionem,
3381 5270 3731 5347 quae'omnfia
3767 5278 3858 5333 fa-

2229 5357 2347 5396 cem
2391 5342 2919 5415 fortasseﬂprazferre
2962 5351 3219 5415 poterunt
3263 5345 3331 5401 ad
3378 5342 3726 5402 excutienda
3781 5365 3854 5405 ea

2229 5426 2351 5483 qua:
2384 5413 2450 5468 de
2478 5414 2585 5489 hoc
2614 5413 2996 5489 Vulcasipensi
3025 5415 3343 5489 Denyaldus
3374 5425 3425 5471 et
3454 5416 3573 5489 alii,
3610 5417 3655 5472 si
3719 5435 3855 5476 non

529 5472 898 5559 A'doufo'ntem
933 5478 1186 5559 eumdem
1230 5477 1590 5559 consuluerit,
1610 5472 1627 5479 ’
1647 5494 1867 5559 paruul-
1889 5478 2114 5559 interest
2145 5485 2191 5543 D
2227 5472 2448 5559 temere,
2494 5484 2687 5540 saltem
2722 5484 2911 5559 valde
2935 5472 3239 5559 liberaliter
3268 5472 3603 5559 congessisse
3630 5472 3857 5546 viden:

572 5543 1069 5623 luribusquarere.
1100 5548 1224 5602 Alia
1254 5548 1379 5602 vide
1402 5548 1459 5602 in
1485 5543 1709 5603 Baroriii
1734 5556 1789 5604 et
1809 5549 2113 5623 Florentini

529 5614 932 5691 Notationibus.
955 5618 1076 5671 Non
1101 5626 1212 5691 tam
1236 5635 1417 5691 rerum
1449 5628 1721 5691 gestarum
1749 5635 1913 5691 quam
1938 5620 2115 5675 mira-

526 5685 777 5765 culorum
807 5687 1242 5765 aliquot_ser_iem
1272 5689 1432 5745 nobis
1448 5685 1701 5765 ireliquit
1725 5685 1820 5746 seu
1848 5692 2113 5765 Fortuna-

530 5764 635 5823 tus,
679 5770 773 5809 seu
822 5757 1071 5826 quisquis
1099 5759 1240 5815 alius
1280 5757 1610 5831 compilator
1648 5763 1902 5834 synopsis
1937 5762 2111 5833 illius,

2227 5560 2334 5631 tur.
2369 5553 2647 5631 Quosnam
2677 5557 2833 5631 alios,
2869 5557 3115 5631 Usuardo
3144 5553 3523 5631 astipulantes,
3572 5575 3707 5631 quae
3748 5578 3853 5619 ve-

2224 5629 2338 5706 tera
2360 5628 2957 5706 manuscriptaalleget
2979 5627 3452 5706 Barouiusiplane
3473 5627 3855 5701 ignoramus.

2222 5692 2327 5771 Sed
2358 5694 2449 5771 hi_c
2482 5692 2717 5771 statutos
2748 5692 2952 5755 limifes
2984 5692 3535 5771 transgredi'necess‘e
3566 5716 3689 5757 non
3728 5715 3853 5762 est.

2292 5766 2371 5821 De
2391 5767 2621 5825 Proculo
2642 5777 2790 5826 certo
2807 5770 3105 5827 meminere
3130 5766 3346 5829 codices
3366 5772 3857 5852 Hieronymiani,
