4066 6174
577 264 680 323 659

1899 259 2202 318 USUARDI
2240 259 2560 319 MONACHI

3771 265 3865 324 660

574 393 868 468 duceretur
895 393 964 468 ad
990 393 1348 466 supplicium,
1381 390 1437 448 S.
1482 391 1677 448 Petrus
1705 389 1774 446 ad
1811 404 1932 447 eam
1963 389 2178 446 clama-
2205 392 2256 450 Α
2286 387 2580 468 Gregorius
2615 385 2821 468 Turou.
2855 384 3298 468 archiepiscopus
3325 384 3638 468 descripsit:
3671 411 3689 434 ι
3737 389 3866 468 ῌάί-

574 466 686 521 vit:
731 464 776 521 Ο
797 463 1022 536 conjux,
1056 463 1073 511 ἱ

644 537 863 594 MOLAN.
892 532 916 590 ε’
944 537 1114 592 «Item
1137 535 1432 605 Bituriges,
1461 532 1732 606 depositio
1751 534 1924 589 sancti
1956 532 2178 606 Lusoris

575 608 732 680 pueri
764 617 818 664 et
839 608 1192 680 confessoris,
1215 607 1310 679 qui
1336 606 1486 680 ﬁlius
1512 605 1755 680 ejusdem
1779 605 2048 680 senatoris
2075 605 2179 680 fer-

572 677 666 736 tur
694 681 752 736 in
782 679 924 734 albis
963 677 1248 748 migrasse:
1297 677 1574 749 Scriptum
1607 678 1664 732 in
1700 677 1842 732 libro
1873 677 2178 749 miraculo-

574 769 697 807 rum
743 752 990 824 Gregorii
1024 747 1361 824 Turonensis
1389 747 1651 824 episcopi.
1693 747 2099 824 ,__De_Modesta
2127 755 2179 802 et

572 820 939 887 Emericofut
961 823 1212 877 Gnesz.
1239 823 1314 877 De
1335 821 1592 890 Agricola
1618 829 1671 874 et
1701 820 1883 876 Vitale
1905 829 1964 874 ut
1984 821 2175 874 BELIN.

573 895 675 951 Sed
711 903 875 950 recte.
908 896 985 949 De
1005 894 1275 964 Perpetuo
1297 901 1348 947 et
1370 893 1656 964 Perpetua,
1679 892 1850 964 ferme
1879 890 2176 964 utacodices

575 983 757 1037 supra.
783 967 919 1020 Tum
943 967 1092 1036 typis
1114 961 1424 1037 minoribus
1443 961 1510 1037 de
1532 963 1814 1037 Gregorio,
1843 970 1904 1017 ut
1925 961 2171 1037 GREVEN.

572 1034 713 1093 Dein
739 1055 750 1092 :
808 1062 824 1083 ι
845 1034 1131 1107 Depositio
1153 1037 1294 1091 beati
1319 1036 1464 1091 Flori
1489 1035 1734 1106 episcopi
1755 1042 1806 1088 et
1823 1034 2174 1102 confessoris,

573 1107 732 1180 cujus
761 1108 1104 1180 episcopatus
1147 1107 1212 1162 de
1252 1123 1351 1162 suo
1395 1107 1618 1161 nomine
1653 1122 1801 1180 nunc
1849 1107 2172 1180 appellatur.

573 1178 710 1234 Item
737 1178 994 1246 Turonis,
1023 1189 1339 1234 sanctorum
1371 1187 1574 1246 septem
1611 1179 2039 1243 Dormientium,
2060 1178 2176 1232 Cle-

575 1251 796 1318 mentis,
830 1249 1028 1318 Primi,
1067 1250 1228 1318 Cleti,
1262 1247 1558 1316 Theodori,
1584 1249 1904 1311 Gaudentis,
1933 1247 2178 1315 Quiriaci

575 1329 628 1377 et
653 1323 985 1390 Innocentii,
1018 1338 1087 1376 ex
1116 1322 1332 1378 duobus
1363 1321 1628 1376 fratribus
1656 1321 1803 1376 beati
1833 1321 2055 1376 Martini
2087 1337 2175 1375 ne-

575 1402 789 1464 potum,
826 1410 1062 1466 quorum
1105 1394 1275 1450 vitam
1310 1401 1363 1450 et
1402 1393 1878 1451 conversationem
1905 1392 2177 1450 celebrem

1123 473 1175 520 et
1204 471 1400 520 caetera
1427 469 1491 518 ut
1516 479 1698 534 supra.

2285 455 2464 516 tion'es
2503 460 2624 516 alia
2653 458 2966 530 Agricolam
2997 455 3319 530 et'Vitalem
3339 455 3526 530 textui
3552 459 3730 530 primo
3757 463 3868 521 loco

2287 533 2557 588 inserunt.
2577 533 2638 587 In
2659 527 2768 586 ﬁne
2791 530 2858 585 de
2877 530 3152 595 Emerico,
3179 536 3240 583 ut
3268 527 3518 585 diximus
3535 527 3605 587 ex
3627 531 3863 594 Graves.

2286 605 2547 679 Sequitur
2576 621 2587 658 :
2634 626 2660 679 «_
2684 603 2746 658 In
2775 601 3074 679 Dionanto,
3107 600 3282 679 sancti
3331 601 3607 679 Peppetpi,
3640 604 3864 679 episcopi

2286 684 2340 731 et
2365 671 2695 748 confessoris
2723 672 2966 748 ecclesiae
2989 671 3323 748 Leodiensis.
3340 697 3374 748 ζ
3409 671 3489 728 De
3515 671 3796 748 Perpetua,
3816 671 3869 735 fit

2285 747 2575 825 codices:
2605 746 2773 825 Juxta
2791 746 3222 825 Aquisgranum,
3254 743 3590 825 inPorceto,
3620 743 3870 825 transitus

2286 818 2460 875 sancti
2511 818 2759 890 Gregorii
2805 815 3038 873 abbatis.
3087 816 3222 890 Item
3274 815 3559 890 Biturigis,
3611 819 3871 890 depositio

2282 891 2458 968 sancti
2480 885 2700 968 liusoris
2715 890 2894 968 pueri,
2915 914 2933 937 ι
2967 897 3106 968 etc,
3120 895 3182 942 ut
3206 885 3264 968 in
3278 885 3482 968 priori.
3503 889 3662 968 Tum,
3681 885 3753 968 de
3771 893 3868 968 M9.

2283 964 2453 1044 desta.
2487 961 2665 1044 Hinc:
2767 960 3048 1044 Valauniin,
3077 958 3348 1041 depositio
3386 959 3561 1044 sancti
3592 962 3742 1044 Flori
3774 963 3872 1044 epi-

2283 1035 2436 1105 scopi
2492 1041 2547 1088 et
2604 1032 2954 1089 confessoris.
3008 1031 3180 1105 Cujus
3227 1030 3572 1103 episcOpatus
3613 1033 3682 1089 de
3709 1030 3871 1105 ipsius

2285 1103 2510 1178 nomine
2533 1121 2690 1178 nunc
2717 1106 3043 1178 appellatur.
3070 1103 3168 1160 Die
3188 1110 3402 1178 quarta,
3427 1105 3600 1178 sancti
3624 1103 3873 1178 martyris

2284 1176 2546 1233 Nicandri
2577 1176 2816 1304 episcolpi
2838 1176 3167 1256 _Mireorum.
3195 1175 3485 1257 .Et.sancti.
3511 1178 3679 1247 patris
3706 1175 3872 1235 Joan-

2287 1248 2422 1304 nicii
2444 1263 2645 1304 magni.
2680 1273 2699 1296 ι
2797 1263 2919 1304 uius
2946 1248 3290 1304 celeberrimi
3313 1255 3489 1304 sancti
3509 1249 3724 1304 egregia
3747 1251 3872 1304 Acta

2287 1248 2422 1304 nicii
2444 1247 2645 1317 magni.
2680 1273 2699 1320 η
2744 1247 2919 1318 Hujus
2946 1247 3290 1304 celeberrimi
3313 1247 3489 1320 sancti
3509 1249 3724 1320 egregia
3747 1251 3874 1305 Acta

2288 1320 2552 1393 Graeceet
2582 1319 2774 1374 Latine
2803 1335 2901 1374 suo
2931 1328 3194 1393 tempore,
3218 1326 3281 1375 ut
3301 1318 3514 1390 pridem
3536 1318 3776 1391 polliciti
3797 1338 3872 1378 su-

2286 1407 2431 1459 mus,
2461 1390 2758 1447 dabuntur.

573 1563 764 1621 Nonis.

3687 1560 3810 1616 Die.
3828 1562 3873 1619 5.

643 1655 920 1710 Zachariae
950 1638 1250 1726 prophetae,
1286 1653 1458 1725 patris
1489 1651 1716 1707 Joannis
1744 1651 2026 1724 Baptista.
2054 1652 2117 1708 In
2148 1650 2442 1707 Terracina
2479 1649 2708 1706 civitate
2743 1647 3078 1719 Campaniae,
3111 1647 3310 1704 natalis
3339 1655 3655 1705 sanctorum
3685 1651 3878 1707 Felicis

574 1745 860 1816 presbiteri
891 1754 945 1800 et
977 1743 1200 1798 Eusebii
1233 1744 1513 1810 monachi,
1546 1751 1792 1814 tempore
1817 1741 2034 1800 Claudii
2065 1740 2438 1812 imperatoris,
2461 1741 2556 1812 qui
2585 1738 2862 1795 Eusebius
2889 1754 3018 1796 cum
3043 1737 3328 1812 sepelisset
3346 1746 3565 1796 sanctos
3589 1747 3877 1812 martyres,

571 1837 854 1891 lulianum
888 1841 941 1890 et
967 1833 1284 1900 Caesarium,
1317 1840 1372 1888 et
1399 1840 1746 1889 converteret
1783 1833 1988 1887 multos
2016 1829 2084 1886 ad
2117 1829 2302 1900 ﬁdem,
2335 1847 2470 1903 quos
2499 1830 2658 1885 Felix
2687 1829 2964 1900 presbiter
3009 1827 3343 1902 baptizabat,
3375 1830 3518 1885 tenti
3555 1836 3686 1885 sunt
3722 1828 3878 1885 ambo

575 1929 629 1978 ct
656 1923 725 1978 ad
750 1923 930 1978 forum
957 1921 1166 1993 judicis
1195 1921 1371 1989 ducti,
1402 1937 1505 1976 nec
1533 1922 1774 1992 superati
1801 1939 1813 1988 ;
1857 1920 1986 1976 inde
2016 1936 2233 1977 carcere
2261 1920 2483 1986 reclusi,
2518 1927 2573 1974 et
2610 1927 2774 1977 nocte
2804 1918 2998 1975 eadem
3027 1933 3154 1976 cum
3182 1916 3490 1974 sacriﬁcare
3520 1918 3762 1986 nollent,
3788 1920 3882 1976 de-

575 2011 761 2066 collati
791 2017 940 2068 sunt.
974 2011 1036 2066 In
1065 2010 1348 2067 territorio
1376 2009 1786 2079 Aurelianensi,
1817 2010 1995 2066 sancti
2024 2010 2160 2066 Laeti
2194 2009 2511 2082 presbiteri.

2109 2135 2345 2191 NOT/E.

643 2235 835 2291 Plures
862 2234 968 2291 hoc
996 2234 1086 2290 die
1121 2234 1245 2306 puri
1288 2241 1438 2298 sunt,
1492 2234 1736 2302 Praten.,
1786 2233 2414 2301 Herinien.,Tornacen.,
2473 2231 2931 2303 Antuerp.-Maj.,
2990 2233 3288 2302 Rosweyd.,
3335 2233 3636 2302 Munerat.,
3684 2218 3903 2300 Belin,

575 2329 796 2382 Greven.
829 2333 882 2380 et
913 2326 1119 2380 Melan.
1153 2337 1172 2350 ⁴

1794 2437 2108 2494 VARIANT
2117 2438 2195 2493 ES
2234 2435 2537 2495 LECTION
2541 2435 2644 2493 ES.

644 2537 835 2610 Aliqui
866 2537 1083 2610 codices
1111 2537 1258 2610 inter
1290 2535 1467 2610 patris
1495 2544 1549 2591 et
1576 2536 1803 2610 Joannis
1833 2544 2046 2610 ponunt
2075 2537 2182 2593 de-
2207 2538 2253 2598 B
2282 2553 2381 2610 pro
2400 2541 2758 2610 convgrteret;
2784 2535 3104 2610 Bosvveyd.,
3129 2535 3423 2610 baptizavit
3440 2553 3539 2608 pro
3559 2537 3879 2609 baptizabat.

572 2607 946 2666 bitumsancti
975 2609 1063 2664 vel
1095 2607 1229 2664 beati
1257 2609 1507 2676 titulum,
1539 2625 1639 2679 ego
1672 2609 1798 2664 illos
1827 2607 2044 2680 praetuli
2076 2610 2168 2680 qui

572 2682 825 2752 proxime
846 2680 914 2735 ad
935 2681 1242 2737 Romanum
1271 2696 1503 2752 parvum
1531 2687 1585 2735 et
1604 2679 1856 2736 Adonem
1879 2679 2168 2752 accedunt.

579 2751 809 2808 Tracina
838 2759 892 2806 et
923 2754 1225 2809 Caesareum
1260 2751 1471 2807 errores
1495 2753 1721 2824 suntin
1741 2751 2170 2824 Antuerp.-Maj.

570 2824 655 2881 uti
681 2833 735 2880 et
754 2825 996 2881 Cesarem
1019 2825 1078 2880 in
1099 2825 1406 2881 Munerato.
1431 2824 1611 2880 Belin.
1636 2823 1802 2880 habet
1821 2823 2176 2879 converterent

2331 2625 2492 2664 ursus
2523 2607 2702 2663 Belin.
2727 2608 2847 2662 inde
2868 2608 3107 2665 mutavit
3127 2607 3185 2663 in
3214 2609 3418 2676 deinde,
3443 2607 3503 2664 et
3522 2607 3730 2666 nomen
3765 2611 3880 2666 Latt-

2280 2681 2338 2822 )irn
2371 2680 2559 2762 Leuiti.
2592 2679 2753 2736 Solus
2784 2680 3057 2736 Munerat.
3091 2687 3212 2752 post
3226 2681 3523 2752 presbyteri
3551 2680 3763 2753 adjecit
3782 2680 3882 2736 coni

2307 2768 2519 2807 essorts.

1919 2947 2523 3007 OBSERVATIONES.

637 3053 765 3108 Haec
792 3049 974 3123 prima
991 3047 1099 3123 hoc
1126 3047 1217 3123 die
1245 3047 1658 3123 Romani_parvi
1683 3047 2037 3123 annuntiatio
2065 3054 2170 3113 est,

567 3133 620 3181 et
651 3118 990 3196 primumab
1010 3118 1384 3196 ipso‘signata
1418 3137 1437 3196 :_
1463 3120 1746 3196 Zachariae
1768 3122 2053 3196 propltetw,
2077 3137 2170 3190 pa-

569 3189 670 3252 tris
720 3193 943 3250 Joannis
999 3189 1276 3263 Baptista}.
1327 3189 1532 3246 Eadem
1568 3192 1779 3247 Adonis
1826 3189 1992 3246 verba
2019 3189 2167 3258 sunt,

567 3267 754 3323 eadem
786 3264 1042 3326 Usuardi.
1074 3271 1136 3318 ut
1164 3280 1234 3318 ex
1262 3269 1421 3318 textu
1443 3271 1632 3318 nostro
1664 3270 1844 3335 patet;
1870 3279 1971 3318 nec
2000 3263 2058 3317 in
2081 3279 2170 3316 ve-

566 3338 898 3395 tustioribus
913 3335 1371 3408 Kalendariisiaut
1386 3335 1798 3408 Martyrologiis
1819 3335 2165 3408 Hieronymi,

567 3353 898 3395 tusuorinus
913 3353 1261 3392 naienuarus
1277 3353 1371 3390 aut
1389 3353 1690 3408 martyrmo
1730 3353 1798 3390 IIS
1819 3353 2165 3406 hieronymi,

567 3410 748 3476 Bedes,
781 3409 954 3475 Flori,
981 3407 1190 3465 Rabani
1224 3407 1336 3462 ulla
1385 3406 1552 3478 hujus
1591 3353 1866 3464 Zaciarize
1905 3406 2171 3462 memoria

568 3481 840 3550 reperitur
867 3499 877 3534 :
914 3479 1059 3534 unde
1090 3479 1182 3535 hic
1203 3495 1394 3534 rursus
1422 3479 1582 3550 facile
1614 3479 1733 3550 conj
1746 3479 1877 3536 icias
1903 3478 2050 3534 diem
2071 3494 2170 3550 pro

569 3498 625 3536 re
665 3498 840 3536 eritur
867 3499 877 3534 :
914 3498 1059 3534 unde
1090 3498 1182 3535 mc
1203 3498 1394 3534 rursus
1422 3498 1582 3535 Iacue
1614 3498 1877 3550 conjicias
1903 3498 2050 3534 uiem
2071 3498 2170 3550 pro

569 3498 799 3608 arbitrio
827 3551 1090 3605 selectum
1120 3566 1256 3605 esse.
1283 3551 1370 3604 An
1390 3549 1458 3604 ab
1479 3559 1702 3607 auctore
1720 3549 1950 3607 Romani
1984 3549 2170 3620 parvi?

568 3621 930 3693 Itaequidem
951 3620 1234 3693 existimo,
1263 3637 1387 3676 cum
1413 3620 1468 3693 id
1495 3623 1694 3690 passim
1718 3624 1899 3693 ipsum
1920 3621 2170 3693 factitare

569 3689 818 3758 solitum,
847 3689 962 3760 jam
992 3689 1155 3744 toties
1176 3689 1575 3746 monuerimus.
1609 3693 1714 3748 Sed
1740 3689 1886 3746 unde
1912 3692 2169 3746 Wandal—

569 3763 724 3834 berto
750 3761 909 3834 “dies
951 3759 1053 3814 iste
1115 3776 1221 3834 prae
1253 3761 1380 3834 aliis
1421 3762 1687 3830 innotuit,
1721 3762 2167 3834 quandoquidem

568 3831 704 3906 alibi
734 3830 994 3906 dixerim,
1028 3831 1344 3885 verosimile
1399 3848 1508 3906 non
1540 3849 1668 3906 esse
1694 3830 1845 3906 quod
1894 3830 2170 3906 Wandal-

2279 3049 2538 3122 Eusebius
2566 3063 2635 3122 ex
2665 3048 2820 3122 Actis
2840 3048 3016 3122 sancti
3033 3049 3274 3122 Caesarii,
3302 3049 3497 3122 dequo
3519 3067 3538 3104 ι
3555 3049 3883 3108 Novembris

2279 3120 2510 3190 egimus,
2543 3136 2573 3174 a
2605 3120 2748 3175 Beda
2779 3121 3020 3192 primum
3052 3121 3260 3186 accepti
3289 3128 3345 3178 et
3372 3120 3428 3176 in
3460 3137 3645 3178 sacras
3675 3123 3885 3179 tabulas

2279 3192 2435 3245 relati
2464 3199 2617 3258 sunt,
2640 3192 2788 3246 unde
2812 3199 2989 3247 totum
3014 3192 3253 3262 elogium
3283 3209 3442 3249 suum
3465 3193 3723 3252 Adonem
3753 3205 3883 3251 tran-

2278 3263 2575 3333 sumpsisse
2597 3262 2952 3318 manifestum
2966 3271 3071 3319 est:
3092 3265 3288 3320 Noster
3301 3273 3514 3320 textum
3533 3282 3601 3321 ex
3618 3267 3885 3322 alterutro

2280 3351 2390 3389 non
2419 3334 2764 3405 ineleganter
2791 3335 3092 3390 contraxit.
3120 3336 3376 3391 Rabanus
3405 3337 3607 3392 Bedam
3639 3337 3712 3393 de
3744 3355 3885 3393 more

2279 3415 2498 3462 secutus
2527 3413 2627 3460 est.
2677 3407 2741 3460 In
2790 3407 3034 3478 Romano
3079 3422 3248 3477 parvo
3289 3408 3620 3478 simpliciter
3646 3410 3878 3478 legitur:

2285 3478 2604 3545 Terracina},
2634 3477 2824 3532 Felicis
2847 3478 3141 3548 presbyteri
3180 3485 3227 3533 et
3253 3477 3469 3535 Eusebii
3514 3477 3787 3537 monachi.
3815 3483 3885 3536 De

2278 3549 2499 3605 Caesarii
2526 3548 2680 3622 Actis
2698 3549 2911 3622 dictum
2936 3557 3018 3605 est
3034 3549 3206 3622 citata
3228 3551 3404 3622 prima
3423 3550 3513 3606 die
3532 3551 3882 3616 Novembris,

2283 3639 2383 3677 nec
2412 3630 2493 3677 est
2523 3619 2670 3692 quod
2696 3620 2787 3676 hic
2819 3621 3206 3691 superaddam,
3228 3619 3404 3678 donec
3431 3623 3548 3692 ipsa
3569 3624 3886 3679 accuratius

2279 3694 2492 3785 possint
2512 3693 2803 3785 recenaeri,
2821 3699 2875 3747 et
2897 3692 3036 3749 forte
3059 3696 3391 3785 propugppri
3402 3692 3476 3785 ad
3485 3709 3677 3785 versus
3697 3703 3884 3778 notaui

2288 3762 2824 3838 l‘illemont_ii__tomo
2872 3781 2911 3819 ιι
2961 3762 3177 3838 apag.—
3223 3762 3347 3838 574,
3387 3767 3566 3838 Atque
3606 3766 3704 3822 hic
3749 3765 3886 3823 sistit

2281 3834 2610 3918 Viennensis
2626 3833 3245 3918 Martyrographusmisi
3262 3839 3386 3909 quis
3400 3833 3886 3918 annuntiationein

567 3905 758 3981 bertus
786 3905 1094 3981 Rom-anum
1124 3917 1352 3981 parvum
1379 3902 1615 3981 viderit?
1649 3902 1740 3981 Sic
1767 3912 1911 3960 certe
1932 3904 2053 3981 Ado
2076 3906 2167 3981 lo-
2199 3911 2241 3968 C
2276 3925 2304 3961 a
2324 3903 2656 3981 Rosweydo_
2662 3908 2720 3960 in
2751 3902 3415 3981 a'ppendicem’rejec'tam,
3445 3911 3632 3981 Capua
3651 3910 3887 3981 civitate,

606 3976 780 4042 uitur,
802 3989 864 4029 ac
889 3973 934 4027 si
957 3972 1274 4028 thesaurum
1307 3973 1369 4045 in
1397 3974 1554 4028 Italia
1583 3975 1847 4031 refossum
1876 3975 2088 4045 primus
2109 3977 2164 4031 in

606 3994 780 4042 lllllll',
802 3994 864 4029 ac
889 3994 934 4027 Sl
959 3994 1274 4028 tuesaurum
1307 3994 1367 4026 ΙΙΙ
1397 3994 1554 4028 Italia
1583 3994 1847 4031 TBIOSSUII]
1876 3994 2088 4045 primus
2109 3994 2164 4031 1n

569 3994 775 4101 gallias
793 4045 1131 4110 deportasset
1155 4063 1167 4110 ;
1189 4042 1471 4098 fatendum
1493 4054 1676 4102 tamen
1701 4047 1955 4102 notitiam
1974 4047 2165 4102 saltem

568 4117 831 4189 aliquam,
859 4114 1002 4189 forte
1022 4130 1090 4189 ex
1120 4115 1236 4186 ipsa
1253 4114 1389 4170 urbe
1409 4117 1597 4185 Roma,
1621 4119 1689 4174 ad
1712 4117 2166 4174 Wandalbertum

568 4184 922 4262 praegressam
964 4184 1158 4262 fuisse;
1204 4189 1512 4262 namaadeo
1555 4184 1742 4262 aperta
1787 4191 1845 4244 in
1887 4206 2021 4262 non;
2043 4191 2169 4245 unis

568 4257 851 4343 prophetis
876 4259 1168 4343 consensio
1195 4257 1426 4343 fortuita
1455 4257 1968 4343 esse—nonpotuit.‘
1986 4259 2169 4343 Caete-

569 4329 691 4386 rum
741 4329 1108 4401 undecunque
1155 4329 1262 4386 hoc
1312 4331 1662 4401 potissimum
1712 4329 1802 4390 die
1847 4331 2167 4388 Zachariam

568 4400 958 4483 celebrandum
999 4400 1280 4458 invenerit
1306 4400 1712 4477 Martyrologus
1761 4405 2042 4474 metricus,
2090 4405 2170 4461 sic

569 4480 750 4546 ipsum
777 4480 929 4530 canit
953 4489 964 4528 :

693 4553 859 4618 Nonis
885 4552 1160 4618 Zacharias
1184 4561 1328 4618 vates
1359 4556 1638 4618 templique
1673 4555 1913 4605 sacerdos

695 4614 920 4678 Eminet,
957 4615 1168 4678 oblitam
1206 4616 1310 4664 nati
1341 4619 1429 4678 qui
1466 4614 1675 4668 munere
1705 4633 1878 4668 vocem

693 4675 844 4726 Vatis
874 4685 924 4724 et
953 4677 1120 4726 ofﬁcio
1150 4675 1374 4739 priscum
1406 4678 1469 4727 de
1504 4693 1642 4728 more
1675 4684 1885 4743 recepit.

641 4758 890 4830 Certiora
921 4757 989 4830 de
1019 4757 1125 4813 hoc
1169 4765 1360 4830 sancto
1398 4759 1668 4830 Propheta
1710 4771 2068 4821 monumenta
2096 4781 2165 4821 ex

569 4827 871 4898 Evangelia
909 4826 1246 4884 desumenda
1294 4836 1463 4896 sunt;
1507 4826 1867 4888 controversa
1897 4837 2167 4892 nonnulla

2274 3985 2578 4052 sanctorum
2606 3979 2789 4032 Eurus
2833 3984 2893 4052 et_
2912 3980 3106 4045 Quarti
3152 3979 3204 4035 et
3226 3983 3400 4037 Pardt'
3444 3979 3777 4052 mdrtyrmn,
3809 3980 3887 4036 illi

2275 4049 2626 4135 tribuendam
2659 4049 3048 4135 co‘ntendat‘d‘e
3086 4049 3615 4135 qua‘videri-potest
3643 4055 3889 4135 lj‘loren-

2278 4121 2402 4175 tinii
2437 4122 2648 4198 notatio
2679 4121 2877 4198 ultima
2909 4121 2978 4198 ad
3009 4121 3152 4198 hanc
3177 4124 3345 4198 diem.
3380 4121 3481 4198 Hic
3507 4126 3739 4182 interim
3772 4137 3889 4198 p06-

2277 4199 2515 4248 tremum
2548 4192 2930 4248 Wandalberti
2960 4195 3295 4250 versiculum
3326 4196 3600 4268 subjicio:

2341 4298 2550 4361 Hasque
2576 4311 2724 4346 sacer
2742 4297 2887 4347 Felix
2909 4301 3293 4363 monachusque
3320 4301 3580 4352 Eusebius
3604 4315 3829 4369 augent.

2351 4410 2525 4496 Laetus
2575 4425 2724 4496 vere.
2758 4409 3583 4496 et“proprie‘ysuardinusLest
3605 4416 3892 4496 Presbyter

2277 4480 2478 4545 dictus,
2509 4481 2729 4536 tametsi
2775 4478 2891 4535 vita.
2945 4478 3017 4534 ex
3065 4481 3410 4539 Bibliotheca
3471 4478 3821 4541 Floriacensi
3864 4500 3894 4537 a

2277 4553 2438 4629 Surio
2492 4552 2825 4629 et_Gonono
2861 4550 3026 4629 redita
3073 4553 3285 4609 lenitum
3309 4555 3579 4612 duntaxat
3618 4557 3889 4629 appellet.

2277 4626 2418 4708 Sunt
2436 4624 2528 4708 qui
2560 4624 2617 4708 in
2647 4622 2906 4708 praedicta
2932 4622 3047 4678 vita
3075 4639 3187 4682 non
3215 4642 3384 4698 pauca
3403 4622 3681 4708 carpenda
3695 4622 3891 4684 'oﬂ'en-

2277 4639 2418 4680 sunt
2436 4639 2528 4749 qui
2560 4639 2617 4679 ιη
2647 4639 2906 4706 praedicta
2932 4639 3047 4678 uta
3075 4639 3187 4682 non
3215 4642 3384 4698 pauca
3406 4639 3681 4708 carpenda
3715 4639 3890 4684 oneu-

2276 4697 2426 4752 dant.
2510 4702 2655 4775 xstat
2697 4710 2754 4749 in
2795 4692 2981 4775 Museo
3010 4704 3200 4775 nostro
3247 4698 3475 4775 sect-sim
3500 4713 3791 4775 _impressa
3840 4706 3890 4775 et

2278 4768 2668 4836 manuscripts,
2697 4781 2759 4822 ac
2791 4771 3052 4836 praeterea
3081 4769 3190 4824 viri
3229 4769 3432 4826 eruditi
3464 4768 3795 4827 observatio
3823 4768 3888 4824 ad

2275 4853 2414 4905 eam,
2477 4809 2956 4914 (χὼ-ἀειγοῆροιὶ
3003 4809 3795 4914 νιιιέείενξξῖ
3816 4809 3896 4896 in

570 4899 833 4985 expendit
859 4899 1138 4985 Baronius
1185 4900 1244 4956 in
1265 4899 1611 4985 _Aunalibus
1666 4918 1730 4985 ac
1777 4903 1837 4958 in
1881 4906 2164 4985 notatione
2267 4899 2884 4985 piirdm_'verbcsitateut
2949 4899 3244 4985 ostentare.
3288 4913 3358 4969 iis
3385 4899 3637 4985 exceptis
3660 4925 3796 4985 qua
3825 4913 3894 4969 de

570 4971 838 5060 9.93.119!“
855 4989 885 5060 ἱ
898 4978 1061 5060 ﬁmi"
1093 4971 1233 5060 ,ίιθφ
1265 4971 1654 5060 Τωθῖηίέηίίῖέξ
1673 5059 1676 5060 ,
1698 4979 1877 5060 “"32.
1897 4976 1957 5060 Ῑ».
1973 4993 2004 5033 ³
2018 5057 2026 5060 .
2040 4995 2159 5060 P38-

570 5044 694 5112 482,
722 5043 790 5100 de
819 5041 1020 5116 quibus
1049 5046 1221 5116 utiet
1261 5041 1328 5116 de
1355 5043 1760 5116 conjunctione
1788 5041 2072 5105 Elisabeth
2106 5041 2164 5106 in

570 5112 1029 5184 Romano'l‘acta,
1076 5114 1211 5174 alibi
1257 5112 1438 5171 fusius
1473 5112 1830 5175 disseremus.
1899 5119 2053 5176 Felix
2110 5129 2164 5178 et

2275 4979 2524 5052 reliquiis
2559 4981 2693 5036 satis
2737 4980 3054 5039 authentice
3092 4983 3425 5042 referuntur.
3469 4979 3740 5041 Nostrum
3775 4999 3890 5039 non

2273 5058 2354 5107 est
2373 5059 2575 5108 temere
2631 5052 2895 5126 uidquam
2911 5062 3007 5110 aut
3064 5064 3356 5112 raemature
3373 5056 3432 5113 in
3452 5055 3606 5114 hisce
3620 5055 3892 5118 deﬁnire;

2272 5122 2580 5180 Usuardum
2596 5069 2823 5180 (damus.
2844 5122 2992 5180 quod
3017 5070 3110 5180 εἰσ
3129 5129 3282 5180 satis.

2645 5122 2823 5191 amns,
2844 5122 2992 5197 quod
3017 5122 3110 5184 hic
3129 5129 3282 5185 satis.

1979 5245 2361 5304 AUCTARIA.

636 5340 969 5421 Pensavqu
992 5340 1062 5421 _in_
1099 5340 1276 5421 prima
1302 5339 1436 5421 satis
1472 5357 1671 5421 purus,
1701 5342 1998 5421 secundam
2031 5362 2168 5418 pro-
2192 5353 2240 5411 D
2338 5345 2802 5421 Amoene-Max.
2837 5348 3238 5421 maleiscribat,
3275 5373 3293 5399 ι
3325 5351 3383 5406 in
3413 5349 3701 5409 territorio
3736 5352 3894 5409 Lin—

567 5410 721 5487 ducit
745 5429 916 5485 usque
944 5412 1013 5469 ad
1043 5410 1381 5487 imperatoris
1405 5431 1425 5479 ;
1457 5410 1662 5487 desunt
1685 5414 1919 5487 reliqua.

638 5482 920 5558 Anniane.
955 5491 1008 5539 et
1032 5484 1630 5558 aMax.-Lunnc.textui
1658 5482 1884 5558 puro'in
1925 5487 2033 5544 ﬁne
2059 5505 2163 5544 su-

569 5551 911 5626 peraddunt:
973 5578 991 5601 ‹
1030 5556 1093 5610 In
1123 5556 1404 5614 territorio
1429 5551 1786 5626 Lingonénsi,
1830 5560 2158 5616 monasterio

567 5622 907 5704 Clarevallios,
955 5626 1229 5684 festivitas
1275 5628 1452 5686 sancti
1497 5622 1781 5687 Malachiae
1815 5630 2055 5702 episcopi
2105 5638 2158 5686 et

567 5694 917 5750 confessoris.
957 5721 976 5744 ι

570 5833 580 5842 ο
603 5833 619 5842 _
634 5767 1122 5842 ΑΝΤρΕῃΡηΜΑΧη
1138 5769 1496 5842 timemur,
1519 5772 1764 5828 LEYDEN.
1778 5781 1832 5828 et
1848 5774 2150 5829 Lovammv.

567 5833 714 5890 idem
761 5833 964 5890 habent
1024 5837 1170 5905 quod
1232 5839 1342 5895 duo
1397 5833 1782 5914 praecedentes,
1831 5844 1940 5899 nisi
2004 5844 2150 5916 quod

2267 5419 2438 5487 gensi,
2473 5445 2490 5467 ι

2272 5489 2419 5546 tibus
2449 5491 2608 5562 plena
2635 5490 2872 5550 refulsit.
2914 5515 2933 5540 ι

2534 5418 2627 5476 sed
2663 5435 2854 5495 omnes
2889 5419 3163 5493 adjiciunt
3187 5418 3230 5479 ε’
3259 5445 3278 5470 ι
3321 5421 3490 5495 Cujus
3539 5425 3657 5481 vita
3681 5425 3898 5482 virtu-

2339 5562 2583 5640 ALnuac.
2615 5570 2669 5618 et
2706 5564 2901 5640 Dante.
2935 5571 3130 5640 praeter
3162 5563 3487 5640 Malachiam
3519 5567 3854 5640 adjungnnt
3883 5588 3894 5623 :

2278 5633 2570 5710 yTrevreris,
2602 5633 3115 5710 sanc_t_i_Ab_runculi
3139 5637 3380 5710 episcopi
3402 5647 3455 5695 et
3475 5633 3888 5697 confessbriw

2261 5705 2356 5830 IFtab
2371 5706 2593 5830 quidem
2635 5705 2830 5762 scribit
2864 5708 3111 5769 Αιδης.
3145 5705 3238 5766 sed
3268 5705 3407 5767 alter
3454 5711 3653 5772 melius
3708 5711 3900 5769 habet

2311 5796 2323 5829 ι
2363 5794 2380 5829 ι
2405 5795 2464 5830 ιι.

2311 5794 2464 5832 ιοιιιι.

2329 5845 2643 5905 Cunnum.
2695 5848 2755 5904 in
2793 5849 2968 5921 prima
3019 5868 3189 5925 purus
3232 5863 3332 5912 est.
3383 5855 3710 5927 Sequuntur
3769 5856 3907 5915 hac
