4066 6174
232 171 335 227 737

1322 169 1958 227 MABTYROLOGIUM.
1998 200 2069 211 —
2107 170 2317 226 MENS.
2359 171 2528 227 NOV.

3452 174 3556 231 738

300 296 529 351 Momm.
553 292 752 366 incipit
780 290 981 348 litteris
1005 292 1233 366 Italicis,
1264 292 1331 348 de
1368 293 1663 366 Qatbarina
1689 296 1841 351 refe-
1872 304 1912 361 Α
1947 296 2079 351 satis
2109 303 2239 350 nota
2269 295 2359 362 sit,
2394 296 2481 350 vel
2512 294 2657 366 quod
2687 295 2745 349 in
2786 295 2936 350 fonte
2968 295 3070 366 legi
3106 295 3296 365 possit.
3341 297 3402 352 In
3442 296 3555 354 ﬁne

230 383 355 423 rens
385 374 560 421 totam
607 364 804 437 Burin
828 364 1333 437 annuntiationem.
1382 364 1643 437 Sequitur
1679 384 1840 421 com-

228 437 564 494 memoratio
607 435 755 489 Petri
804 435 1170 490 Alexandrini
1201 451 1338 505 pura
1378 435 1503 490 cum
1533 445 1712 505 textu,
1743 438 1838 494 sed

228 512 276 566 ei
308 509 518 590 litteris
546 522 739 590 rursus
776 506 983 590 Italicis
1015 506 1437 590 longa‘bis'toria
1463 506 1836 590 subjuiigitur,

1951 384 2017 423 ex
2035 367 2223 421 eodem
2251 367 2455 422 BELINO
2471 365 2690 422 subdit:
2714 368 2942 422 «Eodem
2964 365 3221 436 die,apud
3242 367 3549 437 ZEmiliam,

1951 446 2151 493 sanctae
2204 438 2468 493 Jucundze
2517 438 2769 509 virginis.
2805 463 2823 484 ι
2889 437 3554 509 Εᾱὶῑὶοηθεγροδιετὶοιδθε

1951 510 2097 564 idem
2130 509 2333 565 habent
2354 509 2579 564 initium
2601 508 2655 565 et
2689 509 2881 565 eodem
2912 508 3077 564 modo
3107 508 3393 578 scriptum,
3429 511 3553 566 sub-

228 598 295 657 ex
345 580 549 657 Adone
594 579 1070 657 _d.esumpta,‘_qua
1112 578 1461 657 potissimum
1509 578 1842 657 describitur
1944 579 2196 657 jungunt
2237 581 2401 637 etiam
2453 580 2598 657 idem
2647 588 3025 657 augmentum,
3088 578 3182 634 sed
3240 586 3355 657 tota
3408 580 3555 636 Petri

230 652 374 709 Petri
406 650 480 707 ad
509 648 792 705 Achillam
812 648 877 703 et
906 648 1287 705 Alexandrum
1318 650 1386 706 de
1424 651 1562 707 Ario
1590 652 1840 708 admoni-

230 725 326 791 tio,
374 732 514 791 etc.,
558 737 724 794 quam
751 719 866 777 ‘bic
899 736 1013 775 non
1044 729 1201 778 vacat
1246 721 1506 791 inserere,
1556 724 1645 779 vel
1692 724 1841 796 quod

234 911 304 968 VI
341 911 482 966 Kal.

1950 650 2250 708 Alexandr.
2286 652 2637 707 annuntiatio
2659 650 2885 709 in’diem
2907 659 3227 723 sequentem
3252 650 3422 706 dilata
3450 659 3552 708 est.

3322 908 3424 963 Die
3450 908 3547 964 26.

297 998 514 1055 Natalis
535 996 685 1053 beati
720 993 846 1051 Lini
874 1011 1046 1067 papa,
1079 994 1177 1067 qui
1205 1004 1328 1068 post
1351 996 1573 1054 Petrum
1599 998 1833 1070 primus,
1858 1000 2159 1056 Romanam
2184 998 2485 1054 Ecclesiam
2514 998 2697 1055 tenuit
2724 999 2889 1055 annis
2926 998 3242 1068 duodecim,
3267 1007 3321 1054 et
3351 1007 3553 1075 marty-

236 1089 316 1145 rio
334 1093 659 1152 coronatus,
683 1085 935 1156 sepultus
955 1090 1036 1138 est
1058 1083 1115 1137 in
1148 1083 1436 1142 Vaticano.
1468 1085 1632 1158 Apud
1665 1086 2085 1155 Alexandriam,
2105 1095 2421 1143 sanctorum
2453 1096 2762 1160 martyrum
2796 1087 2985 1144 Fausti
3013 1087 3325 1161 presbiteri,
3379 1087 3472 1143 Dii
3498 1093 3554 1143 et

236 1176 541 1243 Ammonii,
571 1175 666 1248 qui
696 1191 823 1231 cum
859 1173 1019 1228 beato
1055 1173 1216 1231 Petro
1245 1174 1491 1246 ejusdem
1526 1175 1681 1232 urbis
1720 1176 2000 1249 episcOpo,
2028 1176 2259 1248 jubente
2287 1178 2615 1247 Maximino,
2658 1177 2920 1234 trucidati
2965 1186 3113 1233 sunt.
3150 1176 3549 1248 Augustudini,

237 1266 408 1324 sancti
438 1265 721 1322 Amatoris
747 1263 1011 1335 episcopi.

1744 1380 1979 1437 ΝΟΤΛΕ.

312 1480 403 1535 Ex
433 1479 674 1546 Praten.,
704 1479 1019 1543 Tornacen.,
1049 1475 1516 1550 Antuerp.-Mai.,
1548 1480 1820 1537 Mnnerati
1840 1480 2026 1550 prima
2055 1480 2299 1549 editione,
2328 1482 2547 1537 Greven.
2583 1488 2637 1536 et
2664 1482 2870 1539 Molon.

1447 1617 1851 1674 VARIANTES
1902 1617 2207 1676 LECTION
2209 1618 2316 1674 ES.

327 1713 479 1788 Nibil
510 1728 825 1784 magnopere
846 1713 1253 1788 observandum
1278 1723 1578 1788 suggerunt
1620 1716 1839 1774 codices
1866 1720 1912 1779 B
1949 1717 2251 1773 Tornacen.
2279 1735 2292 1783 ;
2334 1716 2394 1771 in
2424 1716 2871 1787 Antuerp.-Max.
2915 1716 3115 1788 Viatico
3143 1733 3240 1788 pro
3281 1716 3554 1785 Vaticano,

252 1786 448 1858 nostri,
479 1792 847 1858 ~pr'mterquam
896 1785 1044 1858 quod
1092 1785 1548 1858 AntuerpI-Maj.,
1600 1788 1838 1844 Greveni

245 1857 417 1930 editio
441 1856 631 1923 altera,
660 1872 820 1928 quam
852 1856 1157 1930 sequimur,
1176 1867 1229 1913 et
1252 1856 1453 1930 Melan.
1479 1856 1601 1930 post
1622 1861 1842 1915 Petrum

238 1928 547 2000 omiserunt
575 1943 765 2000 vocem
775 1928 1006 2000 primus,
1035 1944 1155 2000 quae
1173 1945 1242 1985 ex
1263 1929 1458 1985 Adone
1479 1928 1532 1984 et
1553 1930 1843 1987 codicibus

240 1998 441 2073 nostris
474 1998 801 2073 Usuardinis
825 1999 939 2073 fere
980 1998 1241 2073 omnibus
1288 2001 1691 2073 interponenda
1738 2010 1839 2058 est.

239 2071 443 2130 Caetera
462 2070 776 2143 spbalmata
811 2071 1104 2143 scriptoria
1138 2080 1289 2141 sunt,
1319 2080 1382 2128 ut
1401 2070 1767 2144 Augustiduni
1785 2073 1845 2128 in

1947 1796 2001 1845 et
2029 1790 2268 1844 Maximo
2315 1804 2413 1859 pro
2444 1788 2766 1843 Maximino.
2800 1788 2857 1843 Si
2890 1787 3040 1859 prior
3079 1787 3351 1844 Munerati
3382 1788 3556 1859 editio

1951 1861 2205 1916 secundae
2234 1860 2396 1931 plane
2424 1859 2730 1931 conformis
2758 1867 2862 1925 est,
2882 1875 3013 1931 _non
3034 1867 3183 1914 caret
3200 1876 3446 1931 unquam
3466 1858 3555 1914 de-

1952 1929 2655 2057 fegtiléqeggaﬁographicis.
2689 1932 2839 1986 Infra
2868 1929 3115 1986 dicemus
3152 1932 3211 1985 in
3240 1929 3349 2002 quo
3382 1938 3558 2002 poste-

1954 2019 2070 2058 l'lOl‘
2099 2018 2349 2058 excedat.

1548 2197 2155 2257 OBSERVATIONES.

238 2364 250 2374 .
314 2296 408 2375 Ad
438 2311 588 2375 x_xm
615 2294 969 2375 Septembris,
1001 2295 1103 2352 sub
1124 2295 1316 2375 _finem
1364 2296 1848 2375 Observationum,

236 2366 622 2424 indicavimus
642 2366 844 2421 Linum
864 2382 1055 2437 papam
1078 2383 1108 2420 a
1124 2368 1289 2423 Floro
1306 2376 1496 2424 nostro
1512 2376 1608 2424 eta
1628 2369 1852 2426 Rabano

237 2439 458 2507 referri,
492 2447 658 2509 atque
687 2438 852 2492 etiam
884 2437 942 2491 in
972 2439 1260 2509 nonnullis
1278 2438 1563 2496 codicibus
1595 2440 1850 2496 Usuardi-

234 2512 323 2567 nis
358 2508 741 2580 auctioribus,
767 2524 835 2563 ex
861 2509 1062 2580 quibus
1091 2508 1150 2564 in
1184 2511 1490 2566 Romanum
1524 2511 1849 2566 modernum

237 2596 330 2650 pro
372 2598 443 2638 eo
489 2580 582 2653 die
616 2579 962 2653 derivatum,
989 2580 1390 2653 existimamus.
1431 2582 1572 2637 Hinc
1601 2582 1850 2653 intellige

277 2654 458 2708 ualem
495 2652 575 2707 ibi
611 2651 923 2725 Usuardum‘
950 2651 1008 2706 in
1029 2652 1313 2725 notatione
1341 2654 1578 2722 allegare
1608 2651 1850 2725 potuerit

277 2724 534 2797 aronius,
579 2738 776 2793 nempe
810 2722 1090 2797 Belinum,
1138 2724 1211 2797 in
1241 2741 1354 2797 quo
1379 2722 1848 2797 accepta—exho-

243 2795 439 2851 dierno
472 2794 567 2850 die
596 2792 959 2867 annuntiatio
984 2792 1312 2863 Usuardina,
1343 2796 1401 2851 in
1431 2792 1672 2851 mensem
1705 2796 1847 2867 Sep—

238 2869 517 2923 tembrem
548 2871 785 2921 retracta
815 2873 914 2921 est.
945 2866 1140 2922 Utrum
1170 2883 1301 2922 vero
1331 2876 1478 2924 recte
1505 2866 1849 2923 divinaxerit

235 2938 557 3009 Grevenus,
577 2937 712 2991 dum
744 2936 803 2990 in
828 2937 1108 2993 Auctariis
1136 2955 1282 2993 xxm
1325 2938 1686 3009 Septembris,
1721 2956 1847 3009 pas-

233 3011 455 3077 sionem,
503 3007 600 3063 hic
634 3015 817 3062 autem
865 3010 1216 3064 solenniorem
1261 3007 1608 3065 celebritatem
1663 3007 1847 3065 haberi

233 3081 393 3148 dicit,
422 3097 531 3150 quo
576 3078 661 3134 die
696 3081 992 3153 translatus
1033 3081 1360 3153 perhibetur,
1399 3081 1547 3137 haud
1590 3080 1846 3153 equidem

233 3153 418 3208 ausim
446 3166 687 3207 asserere
721 3150 779 3205 in
814 3159 966 3206 tanta
990 3150 1283 3219 vetustate,
1311 3152 1367 3207 in
1394 3161 1549 3208 tanta
1576 3150 1845 3208 natalium

236 3223 452 3296 dierum
477 3222 833 3296 confusione;
867 3222 1138 3296 quidquid
1159 3224 1218 3296 in
1234 3240 1353 3278 eam
1376 3233 1584 3296 partem
1614 3223 1847 3296 inclinet

236 3239 452 3280 nierum
477 3239 833 3287 conruslone;
867 3239 1138 3348 quinquin
1159 3240 1218 3278 1n
1234 3240 1353 3278 eam
1376 3239 1584 3296 partem
1614 3239 1847 3279 incunet

234 3293 647 3373 Henscbenius,
691 3310 819 3373 cum
849 3310 882 3364 p
910 3294 1103 3349 nribus
1146 3294 1519 3373 ebronologiae
1545 3294 1847 3373 pontificiis

234 3364 679 3436 ordinatoribus.
713 3365 853 3419 Aliis
881 3373 1142 3436 praeterea
1170 3365 1365 3421 diebus
1396 3364 1632 3421 refertur
1664 3366 1855 3432 Linus,

235 3446 294 3492 ut
320 3454 409 3493 vn
455 3435 734 3507 octobris,
784 3435 913 3503 etci,
946 3436 1040 3492 sed
1071 3437 1356 3492 varietatis
1384 3437 1654 3493 rationem
1686 3437 1848 3507 plane

236 3508 456 3580 ignoro.
492 3506 727 3580 Certum
745 3515 825 3562 est
853 3508 1163 3580 Romanum
1179 3524 1448 3580 parvum,
1469 3524 1628 3580 aquo
1657 3506 1848 3577 procul

239 3578 410 3635 dubio
442 3579 685 3650 primum
713 3578 772 3632 in
800 3579 969 3633 sacris
997 3578 1220 3633 Tabulis
1257 3579 1362 3634 hoc
1389 3579 1480 3634 die
1504 3579 1716 3650 positus
1747 3586 1850 3645 est,

241 3666 365 3706 eum
398 3649 654 3721 signasse
670 3649 777 3721 hoc
802 3650 967 3721 modo
988 3651 1235 3721 ziRomte,
1264 3649 1389 3705 Lini
1421 3667 1593 3720 papa.
1627 3649 1851 3721 Certum

243 3718 737 3794 quoqne'Adonem
770 3720 874 3776 hoc
894 3720 984 3776 die
1009 3720 1175 3794 breve
1196 3721 1248 3776 ei
1276 3718 1518 3792 elogium
1538 3738 1616 3794 ex
1630 3718 1853 3794 Pontifi-

247 3791 465 3848 calibus
489 3792 872 3859 concinnasse,
899 3793 1047 3864 quod
1072 3793 1245 3848 ferme
1274 3791 1551 3863 integrum
1572 3793 1769 3848 Noster
1794 3791 1853 3846 in

249 3871 471 3918 textum
518 3880 677 3918 suum
723 3863 1029 3931 transtulit,
1075 3864 1172 3918 ubi
1203 3864 1260 3919 in
1300 3865 1439 3919 serie
1482 3865 1851 3921 Romanorum

328 3933 598 4001 ntiﬁcum,
619 3940 741 4005 post
756 3937 973 3990 Petrum
1002 3951 1227 3999 paruus,
1246 3951 1341 3990 seu
1358 3934 1632 3991 secundus
1660 3934 1855 3990 ordine

247 3950 462 4062 Ebristi
510 4005 731 4060 Domini
782 4005 1023 4061 vicarius
1062 4005 1425 4061 disertissime
1471 4004 1851 4060 constituitur.

291 4004 462 4060 hristi
510 4004 731 4060 Domini
782 4005 1023 4061 vicarius
1062 4005 1425 4061 disertissime
1471 4004 1851 4060 constituitur.

241 4077 371 4132 Scio
416 4092 534 4131 non
580 4093 763 4148 pauca,
794 4076 1004 4132 idcirco
1043 4076 1111 4132 ab
1136 4076 1373 4148 eruditis
1403 4082 1524 4148 post
1554 4076 1856 4148 Baronium

239 4148 439 4219 agitari
463 4166 476 4212 ;
502 4145 697 4219 verum
718 4147 786 4203 ab
802 4147 1231 4203 eminentissimi
1256 4145 1563 4219 Annalistae
1584 4145 1858 4219 sententia

242 4216 618 4274 recedendum
652 4235 762 4274 non
791 4227 907 4274 est:
948 4227 1010 4274 tu
1030 4235 1153 4274 eum
1186 4219 1411 4277 consule
1436 4217 1504 4274 ad
1530 4234 1738 4273 annum
1762 4216 1858 4284 80,

245 4298 409 4363 atque
444 4290 503 4344 in
536 4289 805 4369 bodierna
832 4289 1136 4369 notatione.
1167 4291 1230 4369 In
1260 4289 1634 4369 dispescendis
1653 4289 1855 4369 primo-

249 4358 369 4417 rum
393 4360 727 4431 pontificum
751 4360 913 4416 annis
930 4378 961 4415 a
989 4360 1330 4418 doctissimis
1351 4358 1707 4431 thronologis
1733 4358 1860 4414 affa-

249 4433 351 4504 tim
390 4430 726 4488 desudatum
749 4440 852 4500 est,
884 4440 938 4488 et
964 4449 1130 4504 porro
1160 4449 1191 4487 a
1220 4432 1381 4504 nobis
1399 4430 1710 4504 sudandum
1722 4432 1860 4504 erit,

246 4503 380 4559 dum
414 4503 548 4559 Lini
590 4504 730 4559 Acta
775 4500 1111 4573 colligentur
1139 4512 1195 4559 et
1238 4503 1697 4573 illustrabuntur.
1722 4500 1862 4573 Vide

249 4576 807 4647 tantisperieonatum
832 4571 1176 4647 Tillemontii
1197 4584 1348 4631 tomo
1365 4575 1435 4642 II,
1452 4590 1578 4647 pag.
1594 4571 1728 4647 7551.6.
1751 4572 1863 4647 _Pro

247 4644 357 4703 hoc
390 4642 488 4702 die
516 4646 644 4701 Lini
674 4645 853 4702 cultui
894 4646 1232 4702 vindicando
1258 4653 1365 4702 stat
1392 4642 1557 4703 etiam
1588 4642 1866 4703 Wandal-

248 4716 445 4774 bertus
475 4716 586 4774 hoc
614 4717 781 4774 unico
810 4734 910 4774 suo
940 4718 1216 4775 versiculo
1241 4735 1254 4773 :

378 4827 621 4887 Sextam,
664 4824 806 4889 Line,
837 4839 1012 4875 sacras
1043 4839 1195 4875 roseo
1219 4824 1284 4875 de
1314 4825 1570 4889 sanguine
1605 4839 1754 4888 papa.

322 4935 598 4992 Dubitare
619 4935 727 4991 visi
759 4952 949 4992 sumus
980 4952 1081 4990 xIx
1099 4934 1430 4991 Novembris
1450 4951 1521 4991 an
1540 4935 1774 4990 Faustus
1794 4932 1873 4988 ibi

1960 2298 2166 2352 relatus
2190 2294 2457 2351 confundi
2491 2311 2603 2350 non
2633 2301 2814 2366 posset
2843 2310 2971 2366 cum
3000 2291 3270 2366 hodierno
3297 2293 3408 2366 Dii,
3434 2292 3559 2366 Am:

1959 2368 2143 2434 monii,
2178 2367 2292 2421 imo
2312 2366 2459 2421 Petri
2489 2364 2875 2433 Alexandrini,
2906 2365 2967 2419 in
2997 2365 3247 2435 passione
3267 2365 3439 2431 socio,
3463 2364 3559 2435 qui

1959 2439 2060 2494 sub
2085 2438 2349 2509 Dionysio
2370 2437 2656 2509 diaconus,
2684 2453 2714 2491 a
2733 2451 3108 2509 successorum
3130 2435 3317 2506 aliquo
3338 2435 3562 2509 presby-

1957 2517 2042 2565 ter
2086 2504 2374 2564 ordinatus
2426 2508 2616 2574 fuerit,
2663 2524 2727 2563 ac
2776 2507 2931 2563 senio
2977 2504 3279 2573 confectus,
3340 2504 3561 2559 tandem

1958 2596 2218 2636 coronam
2259 2578 2509 2651 martyrii
2540 2578 2882 2651 sitadeptus.
2906 2578 3063 2651 Haec,
3093 2576 3339 2651 inquam,
3363 2575 3441 2630 ibi
3463 2575 3560 2630 du-

1957 2651 2251 2707 bitabundi
2310 2645 2988 2722 proposuimus—Clarius
3043 2655 3126 2703 est
3170 2645 3431 2701 Adonem
3492 2662 3562 2700 ex

1958 2722 2143 2779 Ruﬁni
2172 2722 2270 2777 lib.
2302 2721 2427 2788 vni,
2458 2737 2577 2792 cap.
2612 2721 2698 2786 14,
2720 2728 2831 2792 tres
2859 2727 3077 2792 nostros
3114 2724 3385 2789 martyres
3412 2732 3563 2792 acce-

1996 2794 2122 2861 isse,
2178 2810 2270 2847 nec
2298 2787 2502 2859 merito,
2525 2787 2646 2846 ’προ
2682 2790 3123 2861 institutionibus,
3166 2787 3271 2842 nec
3299 2787 3563 2861 martyrio

1999 2856 2119 2921 etro
2146 2865 2404 2935 dispares.
2438 2856 2536 2919 Est
2574 2862 2762 2935 itaque
2790 2870 2905 2935 tota
2934 2860 3053 2915 haec
3080 2856 3561 2935 annuntiatio’soli

1956 2937 2141 3009 Adoni
2186 2928 2493 3009 referenda,
2550 2928 2994 3009 qui_,'_pr;emisso
3043 2928 3231 3009 pridie
3280 2929 3562 3009 episcopo,

1956 3007 2200 3080 fequenti
2248 3000 2534 3081 ministros
2567 3000 2992 3081 'subjungendos
3021 3000 3270 3081 putavit;
3306 3000 3563 3081 quamvis

1955 3071 2191 3135 sertasse
2236 3095 2434 3149 magno
2474 3071 2718 3149 dierum,
2776 3071 2888 3149 ijmo
2931 3071 3476 3149 mensium,_quid_n_i
3506 3076 3561 3124 et

1954 3167 2228 3205 annorum
2259 3141 2553 3204 intervallo
2581 3141 2724 3218 passi
2756 3147 2887 3210 sint,
2920 3144 3015 3217 qui
3037 3143 3207 3218 citato
3234 3141 3418 3198 Ruﬁni
3443 3142 3566 3195 loco

1954 3220 2368 3276 innumerabiles
2416 3213 2700 3274 dicuntur.
2729 3213 3150 3272 Nostra'omnia
3188 3213 3247 3267 in
3274 3220 3431 3267 textu
3460 3227 3570 3266 ex-

1956 3309 2140 3365 pressa
2159 3291 2460 3346 secundum
2491 3305 2685 3345 omnes
2713 3288 2895 3359 apices
2915 3303 2986 3341 ex
3014 3283 3240 3357 praefato
3261 3280 3569 3339 Viennensi

1910 3370 1930 3426 3
1958 3364 2234 3433 descripta
2252 3369 2400 3433 sunt.

2032 3425 2831 3504 Hieronymianisapographis
2853 3427 3114 3504 omnibus
3153 3425 3299 3504 apud
3331 3425 3571 3504 Floren-

1959 3505 2163 3559 tinium
2200 3495 2398 3575 inrﬁne
2424 3495 2934 3575 adjectum-legitur
2949 3515 2961 3552 :
2986 3495 3379 3575 Augustiduno,
3415 3495 3567 3575 depo-

1960 3575 2083 3629 sitio
2111 3574 2280 3629 sancti
2307 3568 2584 3628 Amatoris
2610 3568 2856 3642 episcopi.
2890 3569 2977 3622 Ex
3006 3584 3079 3642 eo
3098 3568 3262 3642 fonte
3278 3568 3573 3642 annuntia:

1962 3646 2172 3701 tionem
2202 3661 2357 3701 suam
2397 3636 2703 3715 desumpsit
2736 3636 3010 3715 Rabanus.
3052 3639 3139 3693 An
3190 3637 3356 3715 etiam
3406 3636 3575 3715 Ado‘l

1962 3717 2132 3789 Negat
2174 3715 2480 3783 Mosander,
2534 3709 2627 3787 qui
2695 3711 3018 3790 asteriscum
3065 3709 3356 3791 apposuit;
3414 3712 3577 3833 negat

1963 3789 2319 3833 Rnnwnvrlnn
2360 3795 2526 3833 latam
2560 3790 3145 3833 commemorationem
3197 3796 3255 3833 1n
3298 3795 3472 3833 annen
3517 3795 3576 3833 l-

1963 3789 2323 3859 Rosweydus,
2360 3795 2543 3859 totam,
2560 3789 3255 3859 commemorationemnin
3298 3789 3576 3859 appendi-

1963 3876 2080 3915 cem
2113 3851 2403 3931 re]iciens:
2434 3858 2583 3914 unde
2612 3854 2979 3931 consequitur
3010 3869 3086 3931 ex
3117 3851 3576 3931 llieronymianis

1964 3931 2032 3986 ab
2050 3920 2561 4002 Usuardoprimum
2582 3920 2862 4002 acceptam
2889 3932 2947 3980 et
2965 3924 3059 3980 hic
3085 3923 3128 3979 si
3137 3920 3571 4002 gnatam‘fuisse:

1966 4002 2163 4069 Quaero
2218 3990 2388 4072 hujus
2439 4000 2620 4072 sancti
2674 3990 2884 4072 Vitam
2918 4004 3013 4051 aut
3067 3990 3234 4072 gesta,
3288 3991 3384 4048 sed
3429 3990 3575 4072 nihil

1966 4066 2200 4145 usquam
2225 4066 2477 4144 reperio;
2528 4070 2658 4126 vide
2688 4067 2924 4142 paucula
2947 4084 3067 4139 quae
3096 4066 3163 4122 de
3211 4067 3332 4137 ipso
3363 4066 3579 4119 notavit

1966 4145 2408 4270 Bafgnlllgnlano
2457 4228 2626 4282 parvo
2682 4209 2789 4264 hoc
2843 4208 2935 4282 die
2992 4214 3257 4282 notatur:
3314 4207 3415 4282 Et
3443 4201 3579 4282 beati

1967 4284 2271 4341 Alexandri
2318 4275 2546 4354 episcopi
2582 4287 2635 4355 et
2689 4278 3008 4355 martyris,_
3022 4277 3168 4355 passi
3212 4293 3271 4330 xr
3288 4275 3580 4355 galeri-das

1972 4355 2247 4421 Octobris;
2307 4344 2360 4409 α⁵
2379 4344 2521 4426 papa
2559 4353 2807 4426 _Da_m_aso
2835 4344 2912 4403 ’γι
2950 4344 3233 4426 ﬁniendas
3256 4344 3580 4426 ADecembris

1972 4413 2245 4492 translati,
2284 4413 2495 4495 quando
2543 4422 2883 4495 festivitatem
2912 4419 2986 4495 ei“
3001 4416 3216 4495 dicavit.
3250 4415 3382 4494 Quae
3413 4413 3581 4495 verba

1972 4500 2137 4555 etiam
2185 4484 2350 4568 supra
2394 4484 2649 4568 dedimus
2693 4493 2781 4568 ad_
2809 4507 2908 4544 xxi
2956 4485 3313 4568 Septembris,
3347 4484 3581 4568 quodie

1972 4556 2271 4627 Usuardus‘
2295 4567 2503 4638 ipsum_
2534 4561 2946 4638 Alexandrum.
2976 4556 3046 4638 ex
3066 4629 3080 4638 _
3101 4556 3295 4638 Adone
3344 4556 3577 4638 accepit,

1973 4650 2136 4713 atque
2166 4629 2345 4710 elogio
2374 4654 2443 4692 ex
2489 4635 2758 4713 hodierna
2800 4630 3037 4713 longiori
3066 4629 3303 4684 historia
3332 4629 3577 4713 ornavit.

1892 4730 1943 4789 ι)
1975 4697 2156 4778 Recte,
2206 4697 2285 4765 an
2320 4725 2498 4789 secus,
2545 4706 2741 4789 Noster
2779 4697 3030 4789 sanctum
3079 4716 3180 4789 pro
3219 4717 3334 4789 suo;
3349 4697 3582 4789 arbitrio

1979 4770 2399 4857 transposuerit,
2458 4770 2569 4834 non
2608 4777 2871 4857 disputo;
2911 4773 3045 4830 satis
3082 4770 3171 4829 est
3214 4770 3582 4827 mutationem

1982 4847 2153 4913 illam'
2168 4853 2262 4911 hic
2292 4847 2482 4908 rursus
2511 4849 2680 4905 verbo
2701 4847 2996 4904 indicasse.

1729 5055 2115 5115 AUCTARIA.

330 5162 637 5236 ﬂeamus.
670 5168 885 5236 textum
917 5162 1277 5236 purissimum
1305 5157 1510 5236 _habet_,
1554 5157 1648 5213 sed
1677 5157 1725 5236 ei
1774 5171 1870 5236 se-

249 5233 446 5306 cundo
485 5234 609 5306 loco
638 5229 934 5306 proprium
958 5232 1263 5306 Bbemense
1290 5229 1472 5306 denuo
1492 5229 1864 5306 intermiscet;

267 5329 286 5351 ε
322 5304 540 5378 Eodem
568 5299 681 5378 die,
711 5299 991 5378 transitus
1008 5304 1156 5378 beati
1176 5302 1359 5378 Basoli
1385 5299 1740 5378 confessoris,
1772 5299 1867 5378 qui

251 5376 315 5431 in
351 5375 641 5432 territorio
663 5371 917 5449 Remensi
937 5375 1110 5449 vitam
1142 5372 1524 5449 heremiticam
1552 5371 1768 5449 utiliter
1786 5375 1871 5424 est

245 5455 552 5513 executus,
587 5455 806 5519 tamque
839 5446 899 5501 in
926 5446 1083 5519 vita,
1102 5461 1265 5518 quam
1294 5444 1462 5519 etiam
1490 5449 1610 5512 post
1629 5440 1868 5507 obitum,

249 5518 660 5593 miraculorum
686 5516 881 5589 jubere
910 5516 1182 5593 divinitus
1215 5523 1297 5571 est
1334 5516 1660 5593 illustratus:
1694 5536 1712 5556 ι

332 5590 663 5662 Boswnrn.,
686 5582 866 5662 purus
895 5588 1061 5662 etiam
1095 5589 1154 5644 in
1184 5595 1362 5662 textu,
1395 5584 1614 5662 excedit
1642 5583 1701 5637 in
1721 5582 1866 5662 fine:

264 5686 306 5734 ξ-
334 5653 714 5734 In_Aquileia,
744 5660 1025 5734 Yaleriani
1053 5659 1317 5734 episcopi,
1348 5653 1402 5714 et
1450 5653 1802 5716 confessoris.
1836 5678 1855 5700 ι

254 5732 424 5789 Haud
454 5731 627 5789 dubie
655 5748 726 5789 ex
756 5731 1226 5804 liieronymianis.

2046 5152 2357 5207 PULSANEN.
2394 5147 2497 5203 Hic
2534 5144 2651 5217 ejus
2682 5151 2903 5217 textus:
2951 5166 2969 5188 ι
2996 5138 3207 5217 Natalis
3226 5136 3581 5217 sancti_Petri

1978 5218 2343 5278 Alexandrini
2398 5207 2663 5290 episcopi,
2703 5216 2850 5290 inter
2879 5212 3186 5290 praecipuos
3223 5207 3445 5290 egregii.

1977 5275 2269 5350 duodecim
2321 5275 2495 5345 annbs
2545 5275 2737 5343 omnes
2781 5286 2840 5340 in
2880 5275 3202 5361 Episcopatu
3236 5275 3585 5361 illius‘urbis

1978 5349 2180 5435 eSXegit,
2231 5378 2467 5435 quorum
2522 5367 2633 5435 tres
2679 5364 2805 5413 ante
2838 5349 3296 5435 persecutionem,
3343 5349 3585 5435 reliquos

1980 5420 2110 5492 vero
2126 5420 2326 5489 novem
2343 5432 2577 5509 diversis
2589 5420 3076 5509 intemptationum
3091 5421 3383 5494 generibus
3399 5420 3583 5475 duxit.

1978 5510 2183 5574 Romae,
2218 5504 2420 5560 natalis
2448 5502 2623 5574 sancti
2651 5502 2777 5556 Lini
2820 5514 2989 5574 papae.
3028 5520 3045 5541 ι
3255 5572 3262 5574 Α
3351 5572 3359 5574 _
3414 5562 3425 5572 ,

2048 5572 2360 5643 Ameana,
2384 5573 2773 5631 Max-Lunae.
2799 5579 2853 5626 et
2874 5572 3426 5646 UanLLIAN.__textu1
3448 5576 3588 5646 pure

1977 5631 2241 5726 ειᾶᾶᾖῆίῖ
2263 5631 2292 5726 ’ὲ
2323 5631 2650 5726 Vendopera
2698 5636 3264 5726 monasterio,_‘sancti
3313 5631 3589 5726 Leonardi

1977 5703 2329 5781 confessoris.
2361 5744 2379 5766 ι
2425 5703 2543 5775 Hic.
2565 5715 2624 5773 in
2656 5713 2849 5772 multis
2895 5703 3180 5768 codicibus
3209 5707 3463 5773 recurrit,
3499 5703 3586 5759 vel
