4058 6180
543 200 642 254 751

1842 189 2147 246 USUARDI
2196 187 2536 244 MONACHI.

3730 186 3838 241 752

539 320 787 387 Joannis,
819 318 1005 375 Severi
1038 324 1093 373 et
1117 314 1405 371 Eufemia.
1440 338 1460 361 ι
1507 312 1649 371 Vide
1679 311 2131 385 Hieronymiana,
2163 322 2213 379 Α
2250 384 2260 387 Α
2293 313 2568 387 Λϐιιξνῄκη.
2598 329 2625 387 :_
2675 334 2692 357 σ
2737 309 2910 387 Mauri
2956 309 3234 387 martyris.
3259 309 3591 387 Secundum
3619 311 3851 387 aliquos

541 394 937 525 dlisgiclism.
966 475 1063 531 pro
1094 458 1334 531 Salaria,
1368 458 1583 531 scribit,
1613 459 1811 531 Appia.
1836 459 1897 513 In
1921 456 2031 531 line
2045 472 2138 531 au-

541 545 654 592 tem
682 553 692 590 :
742 558 759 579 ε
789 526 996 598 Romae,
1027 530 1202 586 sancti
1233 528 1482 602 Gregorii
1512 526 1818 602 papaifﬂic
1848 526 2139 602 constituit

545 608 603 662 in
628 606 849 663 Canone
877 620 909 659 a
936 602 1218 659 sacerdote
1246 599 1542 655 dicendum
1569 599 1599 654 2'
1617 604 1854 668 Quorum
1882 599 2140 653 solemni-

547 684 628 733 tas
656 677 808 731 hodie
832 676 891 729 in
920 680 1190 744 conspectu
1222 678 1326 726 tum
1347 671 1656 741 majestatis.
1688 698 1706 720 ι
1740 673 1875 726 Item
1901 672 2141 744 :_:_Inter

544 764 771 820 quorum
808 764 904 801 nos
947 741 1287 820 consortium,
1327 760 1435 820 non
1479 744 1767 820 (estimator
1808 742 2003 809 meriti,
2055 741 2143 795 sed

544 814 728 887 ὖεηίω,
757 834 1075 888 ᾳιιωεηηιῑιε,
1109 815 1333 888 largitor
1356 814 1591 869 admitte.
1624 839 1641 861 ι

616 884 1491 946 Marri“:.-Canrvs.-U’Lrnuscr.
1530 903 1541 940 :
1596 910 1614 933 ι
1657 884 1939 941 Saturnini
1986 900 2142 939 mar-

544 962 707 1034 tyris.
758 960 1006 1034 Radbodi
1045 958 1286 1034 episcopi
1318 954 1918 1034 Trajectensis,_cojos_
1942 971 2143 1034 corpus

544 1025 857 1090 Daventriaa
889 1025 1181 1102 requiescit
1210 1025 1268 1083 in
1287 1025 1527 1102 pocciesia
1555 1027 1731 1102 sancti
1761 1025 2004 1102 Lib‘uini.
2038 1025 2056 1073 ἱ

617 1103 888 1161 VATICAN.
929 1096 1031 1157 sub
1078 1116 1231 1154 num.
1282 1097 1457 1155 5949:
1507 1123 1525 1145 ι
1569 1100 1779 1154 Eodem
1815 1097 1925 1167 die,
1966 1096 2143 1153 sancti

545 1174 723 1231 Mauri
755 1171 1034 1243 martyris.
1067 1197 1085 1218 ι
1105 1170 1270 1243 _Vide
1295 1170 1729 1243 Florentinium.

615 1244 806 1300 Editio
850 1238 1251 1309 Lnnsco-CoL.,
1291 1239 1348 1295 in
1393 1241 1570 1311 prima
1614 1248 1670 1295 et
1716 1239 1957 1295 secunda
2008 1238 2143 1311 satis

544 1332 703 1389 pura,
726 1315 785 1370 in
806 1314 1017 1389 ultima
1034 1313 1115 1369 sic
1142 1309 1530 1389 interpolatui',
1560 1311 1929 1389 postepiscopi
1953 1328 1970 1364 :
1998 1334 2015 1356 α
2035 1309 2142 1376 Qui

543 1381 791 1458 tempore
818 1385 973 1458 Decii
1003 1381 1350 1456 imperatoris
1380 1383 1439 1438 in
1469 1381 1742 1458 Capitolio
1779 1381 2141 1458 ejusdem_ur-

541 1457 631 1513 bis
660 1452 705 1513 'a
747 1456 971 1532 paganis
1008 1452 1215 1532 tentus,
1254 1454 1505 1532 e_o_quod
1540 1452 1765 1532 adejus
1793 1452 2141 1532 praisentiam

543 1545 734 1585 omnes
747 1523 1004 1599 ipsorum
1036 1526 1115 1583 dii
1146 1526 1287 1581 muti
1312 1523 1470 1599 facti,
1511 1523 1729 1580 nullum
1769 1523 2143 1599 sacriﬁcanti:

540 1600 666 1667 bus,
715 1594 800 1655 ex'
836 1615 1007 1666 more,
1048 1604 1270 1669 possent
1297 1595 1426 1669 dare
1453 1612 1799 1669 responsum,
1838 1594 2141 1669 thauro_ad

2248 384 2360 451 hic,
2388 382 2627 440 Crisanti
2659 392 2711 438 et
2740 382 2934 448 Dariae,
2958 380 3223 452 quiinfra
3250 381 3520 452 Kalendis
3547 380 3845 438 habentur.

2249 454 2408 535 Apud
2458 457 2790 535 Ravennam,
2840 451 3012 508 sancti
3052 451 3286 535 Sisipnii
3321 451 3589 535 episcopi.
3637 453 3849 535 Eodem

2247 522 2337 582 die
2361 526 2505 597 apud
2535 524 2906 591 Daventriam,
2945 524 3120 597 sancti
3157 522 3401 597 Badbodi
3430 523 3673 595 episcopi
3706 526 3852 579 Tra-

2243 593 2716 669 jecti'inferioris,
2765 596 3122 669 confessoris._
3158 593 3262 659 Qui
3305 593 3696 669 circa_ann_tim
3746 598 3853 651 Do-

2250 665 2387 723 mini
2416 686 2484 723 xc
2512 667 2639 741 [lege
2664 666 2861 741 ncccc]_
2881 667 2964 741 illi
2996 666 3253 741 praelatus
3281 665 3547 741 ecclesiae,
3580 666 3774 741 decem
3794 677 3857 741 et

2249 747 2454 811 septem
2492 736 2653 794 annis
2679 736 3044 811 sacerdotium
3077 737 3284 811 virtute
3312 736 3648 811 conspicuus
3675 738 3854 793 admi-

2250 806 2511 879 nistrans,
2541 811 2762 866 culmen
2791 808 3138 864 abstinentiae
3167 806 3249 879 sic
3266 806 3686 879 apprehendere
3724 818 3857 865 stu-

2248 882 2428 950 debat,
2477 878 2541 937 ut
2585 882 2748 936 etiam
2789 897 2820 935 a
2856 878 3304 950 familiarissimis
3342 878 3441 932 vix
3479 879 3855 939 animadverti

2250 948 2447 1025 posset.
2496 954 2619 1025 Ipso
2659 953 2770 1019 die,
2820 950 3122 1025 secundum
3171 948 3555 1025 Catbalogum,
3604 951 3855 1008 Pafnntii

2248 1020 2479 1080 abbatis.
2512 1020 2649 1079 Item
2680 1030 2995 1079 sanctorum
3025 1020 3213 1087 Marci,
3246 1021 3451 1075 Mariae.
3479 1047 3497 1068 ι

2320 1096 2538 1151 Momm.
2571 1094 2630 1148 in
2657 1095 2764 1148 line
2792 1113 2802 1149 :
2847 1118 2866 1139 ι
2889 1095 3050 1162 Item,
3072 1091 3248 1147 sancti
3270 1091 3515 1147 Radbodi
3540 1092 3860 1163 Trajecten-

2250 1167 2326 1238 sis
2353 1166 2594 1238 episcopi
2613 1171 2667 1219 et
2686 1164 3101 1238 confessorisin
3128 1163 3455 1238 Daventria._
3483 1164 3684 1238 :_'I_‘um_
3700 1169 3860 1237 typis

2251 1234 2682 1292 minutioribus:
2729 1260 2747 1281 ‹
2778 1236 2913 1291 Item
2942 1235 3128 1291 obitus
3154 1234 3489 1289 venerabilis
3515 1234 3624 1289 Idae
3653 1234 3860 1292 de'Ni-

2251 1309 2416 1375 vella,
2447 1307 2705 1363 monialis
2740 1305 2977 1362 emnobii
3005 1306 3073 1361 de
3098 1308 3359 1375 Rameya,
3388 1304 3603 1360 ordinis
3632 1307 3860 1363 Cister—

2250 1378 2472 1447 ciensis,
2499 1379 2557 1433 in
2588 1377 2762 1450 patria
2790 1377 3168 1435 Namurcensi.
3194 1402 3212 1425 ι
3239 1376 3530 1450 Editiones
3556 1379 3671 1450 alia
3704 1380 3863 1436 litte-

2251 1452 2328 1505 ris
2376 1448 2607 1517 Italicis,
2646 1456 2769 1521 post
2806 1450 2983 1521 capite
3020 1448 3288 1521 truncari,
3330 1448 3513 1503 textui
3557 1448 3858 1506 inserunt:

2266 1546 2284 1569 ι
2313 1522 2590 1593 Scriptum
2640 1529 2722 1575 est
2759 1520 2826 1593 in,
2857 1520 3021 1592 gestis
3049 1520 3293 1593 Marcelli
3330 1535 3508 1593 papae.
3540 1544 3577 1593 t7
3608 1522 3670 1593 In
3699 1522 3816 1577 ﬁne
3846 1540 3860 1577 :

2265 1616 2283 1639 ι
2313 1591 2452 1648 Item
2480 1592 2538 1646 in
2568 1591 2885 1658 Daventria,
2913 1593 3087 1647 sancti
3116 1591 3388 1664 Radbodi,
3417 1600 3523 1647 etc.
3558 1592 3661 1664 Die
3692 1593 3865 1664 vige—

541 1662 829 1747 victimam
861 1662 1164 1747 praepai'ato
1192 1666 1422 1722 funibus
1444 1662 1707 1747 religatus
1723 1672 1823 1733 est,
1847 1664 2143 1747 quo'vebe-
2169 1662 2217 1720 B
2249 1664 2390 1747 sima
2417 1679 2582 1747 nona,
2613 1672 2927 1747 sanctorum
2957 1670 3277 1747 martyrum
3296 1663 3611 1747 Paramoni,
3644 1670 3703 1747 et
3731 1662 3865 1747 Phi-

538 1742 782 1798 mentius
810 1735 1116 1808 stimulato,
1147 1755 1177 1792 a
1206 1754 1423 1793 summa
1449 1735 1730 1808 Capitolii,
1762 1760 1780 1783 ι
1816 1735 1919 1808 etc.
1947 1735 2140 1808 Inpﬁne

537 1813 935 1886 subjungitpr;
990 1836 1009 1857 ι
1058 1805 1377 1886 Daveoti'ia,
1428 1805 1609 1886 natale
1664 1807 1841 1886 sancti
1889 1805 2140 1886 Badbodi

537 1878 783 1956 episcopi
812 1881 1180 1953 Trajectensis
1211 1878 1493 1934 inferioris
1520 1886 1576 1934 et
1616 1878 1967 1935 confessoris.
1999 1901 2018 1923 ι

2251 1735 2584 1816 Ιιιιξιθηίκιᾷῐ
2613 1735 2791 1816 sancti
2814 1735 3027 1816 .Acacii,
3053 1733 3149 1816 qui
3178 1734 3285 1814 fuit
3310 1733 3368 1815 in
3389 1733 3584 1816 gradu:
3606 1759 3624 1781 ι
3657 1735 3742 1790 De
3765 1736 3866 1816 ida

2248 1806 2436 1931 eadom
2486 1805 2579 1862 hic
2626 1805 2900 1861 habentur
2928 1821 3047 1878 quae
3068 1805 3137 1861 in
3175 1805 3371 1877 priori,
3404 1813 3458 1860 et
3484 1805 3683 1862 eodem
3733 1807 3864 1863 cha-

2249 1894 2341 1933 rac
2369 1893 2479 1931 ere.

533 2070 721 2127 Pridie
750 2068 885 2126 Kal.

3633 2068 3863 2144 p.230,

603 2159 668 2215 In
691 2157 917 2216 civitate
945 2158 1154 2226 Patras,
1187 2153 1487 2229 provincia;
1518 2154 1765 2224 Achaiae,
1797 2153 1998 2210 natalis
2026 2154 2203 2212 sancti
2229 2154 2465 2211 Andreae
2493 2155 2751 2226 apostoli,
2785 2155 2881 2228 qui
2908 2155 3075 2213 etiam
3106 2156 3254 2228 apud
3276 2156 3547 2213 Scithiam
3580 2159 3867 2230 praedica-

530 2250 633 2306 vit.
678 2250 783 2306 Hic
828 2249 1202 2316 beatissimus,
1233 2247 1301 2303 ab
1330 2248 1476 2319 Egea
1504 2247 1832 2319 proconsule
1879 2243 2332 2316 comprehensus,
2377 2245 2557 2318 primo
2587 2244 2645 2298 in
2675 2260 2892 2301 carcere
2921 2253 3004 2301 est
3032 2246 3274 2313 clausus,
3303 2262 3367 2303 ac
3396 2246 3598 2303 deinde
3636 2251 3865 2319 gravis-

532 2345 670 2399 sime
712 2361 905 2413 caasus,
950 2344 1016 2401 ad
1061 2344 1322 2400 ultimum
1354 2360 1486 2400 vero
1515 2343 1571 2399 in
1605 2358 1767 2399 cruce
1796 2358 2085 2414 appensus,
2127 2336 2299 2394 biduo
2329 2335 2468 2391 inibi
2499 2335 2831 2408 supervixit.
2861 2336 3024 2408 Apud
3066 2335 3391 2402 Sanctonas,
3423 2338 3601 2393 sancti
3630 2337 3863 2408 Trojani

531 2435 796 2508 episcopi,
829 2452 1038 2507 magnae
1067 2436 1377 2493 sanctitatis
1406 2435 1537 2504 viri,
1555 2435 1653 2509 qui
1681 2436 1930 2506 sepultus
1959 2432 2144 2499 terris,
2171 2429 2311 2486 calo
2339 2444 2396 2484 se
2425 2428 2614 2484 vivere
2643 2427 2835 2483 multis
2863 2427 3171 2483 virtutibus
3200 2428 3537 2486 manifestat.

2041 2558 2277 2615 NOTIE.

602 2655 734 2712 Puri
777 2665 907 2712 sunt
952 2657 1199 2725 Praten.,
1240 2657 1537 2726 Herinien.,
1580 2658 2036 2729 Antuerp.-Maj.,
2064 2658 2359 2724 Munerat,
2403 2656 2625 2711 Grevan.
2675 2662 2731 2709 et
2777 2655 2982 2711 Molon.
3030 2653 3371 2711 Accederent
3420 2654 3689 2712 undecim
3736 2658 3861 2725 alii,

531 2747 643 2803 nisi
672 2748 732 2801 in
762 2746 873 2800 ﬁne
899 2745 1204 2816 adjicerent
1225 2746 1529 2817 passionem
1558 2754 1752 2802 sancta:
1779 2748 2024 2803 Justinw.

1765 2871 2170 2928 VARIANTES
2205 2870 2512 2928 LECTION
2515 2870 2622 2927 ES.

601 2972 662 3028 In
704 2971 959 3028 minutiis
985 2980 1295 3027 versantur.
1328 2971 1532 3028 Scripsi
1564 2972 1819 3027 Scithiam
1847 2988 1973 3028 cum
2007 2988 2131 3027 ma-

525 3043 637 3116 jori
687 3043 943 3116 codicum
983 3059 1237 3116 numero,
1277 3043 1536 3116 iicetﬂhic
1574 3043 1661 3097 vel
1691 3043 1808 3114 ipse
1847 3043 2131 3116 Grevenus

529 3114 680 3173 recte
723 3114 920 3171 habeat
952 3115 1238 3186 Scythiam.
1269 3114 1359 3170 Sic
1383 3115 1529 3184 Egea
1558 3130 1682 3170 cum
1713 3115 1992 3183 omnibus,
2022 3131 2130 3170 ex-

2236 2982 2394 3043 cepto
2424 2970 2693 3038 Pratensi,
2726 2968 3077 3043 hauddnbie
3116 2966 3428 3043 emendato,
3463 2977 3518 3024 et
3552 2971 3756 3043 Melan.
3801 2973 3861 3028 In

2236 3040 2506 3100 Munerat.
2540 3052 2619 3099 est
2649 3043 2723 3096 ibi
2754 3058 2853 3113 pro
2880 3040 3053 3107 inibi;
3083 3049 3138 3096 et
3166 3041 3225 3096 in
3253 3040 3693 3113 Autuerp.-Maj.
3724 3060 3859 3098 ma-

2236 3115 2522 3184 mfestabat
2550 3131 2648 3186 pro
2678 3112 3003 3182 manifestat.

1892 3239 2498 3296 OBSERVATIONES.

601 3340 881 3397 Andream
927 3356 959 3393 a
1003 3337 1209 3394 Graecis
1238 3339 1591 3393 Protocletum
1624 3354 1719 3393 seu
1750 3338 1931 3407 primo
1961 3354 2135 3393 voca-
2163 3346 2207 3404 ί]
2238 3337 2437 3392 mianis
2477 3335 2755 3392 indicatur
2786 3353 2847 3391 m
2876 3335 3243 3407 Septembris.
3268 3334 3425 3390 Adde
3473 3336 3859 3391 dedicationem

530 3420 651 3468 tum
700 3410 966 3483 appellari
1014 3410 1366 3483 consuevisse
1412 3410 1580 3466 tradit
1620 3409 2025 3483 Papebrochius
2070 3409 2129 3464 in

531 3481 1359 3556 Ephenii’GraecoMoscisnante
1380 3488 1591 3556 tomum
1624 3482 1646 3535 Ι
1676 3481 1827 3556 Maii,
1851 3497 1971 3551 pag.
1992 3497 2128 3547 an,

531 3550 635 3611 nec
682 3551 1010 3624 quidquam_
1032 3550 1265 3620 impedit
1303 3566 1412 3624 quo
1446 3551 1633 3605 minus
1664 3550 1865 3624 eodem
1895 3550 2058 3624 sensu
2100 3567 2133 3605 a

533 3621 943 3680 nobis'dicatur
972 3622 1468 3691 Protei-apostolus,
1509 3637 1605 3675 seu
1644 3621 2132 3691 primoapostolus

534 3696 764 3758 electus,
801 3700 856 3745 et
887 3692 1031 3744 inter
1072 3689 1278 3759 primos
1309 3690 1531 3760 publico
1561 3699 1616 3744 et
1646 3689 1935 3745 celebriori
1974 3692 2131 3746 cultu

533 3764 595 3818 in
642 3762 903 3816 universa
949 3760 1194 3814 Ecclesia
1230 3759 1484 3827 donatus,
1516 3768 1578 3814 ut
1612 3759 1863 3830 pluribus
1890 3762 2133 3816 demon-

535 3833 697 3890 strari
741 3839 942 3903 posset,
984 3830 1104 3903 nisi
1140 3830 1708 3903 suﬂicerent‘Tabulag
1730 3848 1920 3887 omnes
1948 3833 2134 3888 eccle-

535 3900 770 3960 siastica;
816 3900 1236 3971 antiquissimae,
1279 3900 1628 3968 Kalendaria,
1677 3900 2131 3971 Sacramentaria,

535 3969 1094 4044 MartyrologiafNon
1115 3970 1350 4044 reperiri
1370 3971 1602 4044 Andreae
1625 3988 1825 4028 nomen
1847 3972 1902 4027 in
1926 3969 2133 4030 Buche;

538 4041 697 4099 riano
713 4041 919 4098 mirum
940 4041 1149 4113 nemini
1174 4041 1572 4113 videbitur,qui
1596 4043 1911 4099 meminerit
1933 4046 2132 4099 Kalen-

539 4115 759 4171 darium
790 4113 938 4168 istud
966 4112 1042 4167 ita
1066 4111 1219 4185 urbis
1252 4111 1508 4169 Romana;
1536 4115 1817 4185 proprium
1853 4116 2040 4183 fuisse,
2071 4123 2134 4170 ut

538 4186 683 4241 solas
714 4182 1331 4258 duasannuntiationes
1359 4182 1668 4258 extraneas,
1702 4202 1896 4258 nempe
1926 4182 2135 4258 Perpe-

537 4266 646 4313 tuae
675 4265 729 4311 et
756 4255 1083 4321 Felicitatis,
1107 4272 1169 4327 ac
1203 4256 1468 4327 Cypriani
1498 4257 1796 4313 contineat.
1832 4255 1921 4312 _At
1966 4255 2137 4314 vetu-

536 4336 677 4384 stam
705 4327 889 4383 cultus
918 4326 1303 4382 extensionem’
1326 4327 1567 4382 ostendit
1594 4328 1986 4383 Kalendarium
2011 4330 2136 4386 Car-

536 4399 880 4469 thaginense,
918 4398 975 4452 in
1006 4413 1115 4468 quo
1143 4396 1346 4452 diserte
1372 4398 1695 4469 ponitur,...
1728 4400 1859 4454 Kal.
1894 4400 2131 4455 Deccmb.

542 4470 599 4548 β.
613 4468 1083 4548 Andregeapostoli
1093 4468 1429 4548 et‘martyris,
1442 4468 1538 4548 ubi
1551 4469 1647 4523 vix
1664 4477 1779 4548 tres
1784 4470 1881 4548 alii
1901 4471 2135 4542 apostoli

537 4541 600 4596 in
643 4547 761 4595 toto
941 4538 1840 4622 Kalendario.inveniunturrAlia
1864 4538 2137 4622 nob_per-

539 4626 722 4683 curro,
754 4618 817 4664 ut
834 4610 1243 4683 Martyrologiis
1273 4609 1593 4683 inhaeream,
1625 4610 1769 4683 inter
1793 4629 1913 4683 quae
1946 4609 2132 4668 Hiero-

2237 3409 2469 3464 basilicw
2488 3409 2657 3463 sancti
2676 3408 2922 3475 Andreae,
2944 3406 3006 3461 m
3022 3406 3350 3461 Novembris
3375 3424 3387 3472 ;
3411 3422 3477 3462 ac
3495 3407 3723 3462 demum
3744 3408 3859 3464 hoc

2238 3479 2359 3535 die:
2394 3482 2460 3535 In
2489 3480 2679 3546 Achia,
2709 3480 2796 3533 vel
2823 3480 2879 3532 in
2899 3478 3179 3548 provincia
3217 3478 3458 3548 Agagiaa,
3490 3479 3705 3533 civitate
3732 3481 3860 3535 Pa-

2241 3559 2375 3617 tras,
2423 3552 2624 3605 natalis
2652 3549 2822 3604 sancti
2849 3549 3080 3604 Andrew
3108 3550 3357 3619 apostoli.
3391 3549 3481 3603 Ex
3509 3550 3713 3619 quibus
3755 3567 3860 3606 as-

2240 3631 2439 3678 sertam
2491 3621 2804 3692 nuperrime
2848 3620 2926 3692 S.
2956 3619 3187 3674 Andreas
3238 3621 3426 3692 cultus
3459 3619 3860 3692 celebritatem

2241 3690 2668 3771 abundeevinci
2698 3691 3011 3771 perspicies.
3050 3690 3469 3771 Romaniparvi
3499 3692 3861 3771 annuntiatio

2241 3763 2652 3834 simplicissima
2680 3762 2761 3818 est
2791 3780 2802 3817 :
2842 3763 3071 3834 Andr-ea:
3099 3762 3344 3832 apostoli.
3379 3763 3515 3834 Item
3548 3762 3731 3829 Bedae,
3771 3780 3860 3834 εει

2242 3834 2467 3890 minatis
2489 3834 2761 3888 duntaxat
2790 3833 2975 3888 verbis
2999 3834 3239 3905 :_Natale
3268 3833 3439 3887 sancti
3467 3834 3700 3888 Andrea:
3713 3833 3859 3905 apo—

2241 3906 2386 3960 stoli.
2412 3904 2543 3971 Quae
2575 3907 2737 3976 paulo
2768 3904 2983 3974 plenius
3021 3903 3230 3976 habent
3260 3905 3458 3959 Florus
3488 3911 3541 3958 et
3576 3903 3856 3973 Rabarius,

2242 3992 2368 4032 cum
2410 3974 2620 4031 Adonis
2664 3976 2864 4047 elogio,
2907 3976 3051 4030 inter
3089 3974 3438 4047 Festivitates
3474 3977 3855 4046 apostolorum

2242 4048 2438 4115 relato,
2475 4047 2713 4102 conferri
2762 4045 3061 4116 nequeunt.
3105 4046 3351 4116 Sumpsit
3379 4045 3474 4101 hic
3500 4045 3574 4101 ex
3600 4047 3855 4102 celeber-

2244 4119 2402 4173 rimis
2434 4119 2607 4183 Actis,
2637 4117 2738 4171 sub
2768 4117 2992 4188 Achaiaz
3013 4117 3463 4188 presbyterorum
3494 4126 3551 4171 et
3579 4118 3858 4173 diacono-

2244 4205 2365 4243 rum
2396 4189 2619 4243 nomine
2648 4188 2716 4242 ab
2745 4187 2899 4242 omni
2929 4187 3103 4243 ferme
3132 4204 3250 4242 aevo
3270 4188 3595 4244 Christiano
3618 4190 3855 4244 circum-

2244 4259 2376 4315 ferri
2423 4259 2646 4326 solitis;
2695 4275 2763 4313 ex
2802 4258 2997 4313 Adone
3035 4267 3218 4314 autem
3264 4266 3478 4313 textum
3525 4276 3690 4314 suum
3747 4259 3856 4315 huc

2244 4330 2438 4385 Noster
2473 4330 2775 4385 transtulit.
2810 4330 2969 4385 Circa
2998 4330 3224 4401 praefata
3252 4330 3389 4384 Acta
3419 4338 3647 4385 nutasse
3678 4332 3855 4386 Baro-

2244 4403 2399 4456 nium
2428 4403 2851 4471 apocryphorum
2882 4401 3068 4455 timore
3095 4401 3336 4455 advertit
3369 4401 3752 4457 Florentinius
3778 4401 3857 4456 ci-

2243 4474 2489 4528 tatoloco
2516 4491 2530 4538 ;
2571 4489 2671 4528 nec
2699 4488 2827 4527 sane
2859 4471 3112 4527 dubitare
3132 4471 3312 4542 potuit
3344 4472 3860 4543 perspicacissimus

2243 4544 2542 4599 Annalium
2566 4543 3065 4599 ecclesiasticorum
3089 4558 3282 4613 parens
3302 4542 3439 4614 quin
3471 4542 3502 4597 a
3532 4543 3860 4598 Manichzeis

2244 4615 2476 4685 aliisque
2524 4614 2797 4670 haereticis
2839 4614 2926 4668 vel
2970 4614 3132 4680 farta,
3177 4614 3264 4667 vel
3300 4623 3595 4685 temerata,
3632 4615 3720 4667 vel
3764 4614 3858 4667 in-

540 4681 818 4756 nymiana
844 4681 1062 4734 nullum
1095 4681 1404 4756 apostolum
1436 4691 1517 4736 tot
1545 4681 1794 4752 repetitis
1811 4681 2134 4739 festivitati-
2167 4697 2214 4755 1)
2241 4681 2514 4756 terpolata
2554 4685 2781 4751 fuerint,
2832 4686 3025 4756 saltem
3074 4690 3235 4755 prout
3274 4683 3417 4756 rolim
3462 4684 3739 4749 exstitere,
3796 4692 3861 4739 et

540 4748 644 4803 bus
688 4748 1001 4822 celebrant;
1054 4748 1145 4803 an_
1173 4750 1376 4821 ubique
1407 4767 1552 4822 vere,
1583 4748 2000 4808 controversum
2029 4763 2131 4822 est,

540 4818 921 4894 nec_admitt_i_
953 4836 1108 4894 posse
1151 4818 1366 4894 censeo,
1409 4821 1865 4894 quodnonnulla
1908 4818 2133 4894 posuere

543 4890 610 4963 10
641 4889 1240 4963 Februarii,_dum‘pro
1270 4889 1443 4963 altero
1464 4892 1765 4963 Andreaiet
1794 4889 1995 4963 Aporio
2015 4896 2133 4951 sive

538 4962 811 5035 Apponio,
829 4962 931 5035 sub
944 4960 1165 5035 _Herode_
1188 4961 1250 5035 in_
1268 4961 1586 5016 Bethlehem
1605 4960 2129 5035 Judzemartyribus,

538 5033 821 5104 irrepsisse
867 5032 1098 5104 videtur
1126 5032 1372 5104 Andreas
1412 5035 1682 5103 apostolus
1723 5033 1885 5089 sicuti
1921 5032 1992 5091 'eo
2043 5032 2133 5093 die

537 5101 1305 5177 obs_érvavi_t__Henschenius,
1336 5101 1704 5177 _Elorentinio
1761 5113 1880 5177 post
1933 5109 2133 5165 multas

537 5175 793 5247 ambages
822 5174 976 5247 illius
1004 5173 1227 5247 demum
1259 5173 1509 5247 opinioni
1540 5175 1711 5247 ferme
1733 5173 2128 5235 subscribente.

537 5245 801 5302 Consulat
829 5246 1078 5302 curiosus
1106 5246 1276 5300 lector
1305 5246 1633 5300 Florentinii
1664 5256 1822 5304 notas
1849 5257 1902 5303 et
1927 5251 2135 5306 exerci-

535 5317 771 5373 tationes
799 5316 867 5391 ad
897 5316 1211 5391 Indiculum
1240 5317 1634 5391 apostolorum,
1646 5335 1697 5391 ρ
1722 5335 1844 5391 pag.
1880 5320 2001 5376 116.
2033 5322 2133 5377 Est

537 5394 798 5459 praeterea
825 5389 884 5442 in
915 5387 1192 5458 praedictis
1220 5387 1545 5459 apographis
1579 5406 1614 5443 v
1645 5387 1950 5457 Februarii,
1972 5393 2132 5446 ordi-

535 5456 681 5532 natio
711 5456 1037 5532 episcopatus
1073 5456 1301 5532 Andrea
1327 5456 1574 5532 apostoli.
1606 5460 1814 5516 Rursus
1845 5479 1902 5515 ιχ
1935 5456 2128 5532 Madii,

532 5523 833 5603 Mediolano
877 5523 1338 5603 commemoratio
1358 5523 1606 5603 “aliqua,
1664 5532 1719 5603 in
1777 5533 1999 5587 basilica
2057 5523 2130 5589 ad

523 5600 740 5673 portam
771 5600 1061 5673 Romanam
1085 5619 1099 5667 ;
1132 5618 1241 5673 quo
1268 5601 1356 5655 die
1386 5600 1497 5657 nos'
1521 5618 1653 5673 cum
1680 5602 1923 5659 Usuardo
1954 5604 2128 5661 fusius

529 5668 744 5737 egimus
788 5668 856 5737 de
897 5668 1163 5737 Andreae;
1183 5671 1342 5727 Lucaa
1372 5680 1425 5727 et
1457 5672 1732 5729 Timothei
1764 5676 2126 5732 translatione

527 5733 1086 5808 Constantinopolim.
1131 5733 1236 5797 Sed
1271 5743 1559 5799 translatio
1599 5744 1707 5800 alia
1753 5745 1813 5801 in
1856 5747 2125 5819 Hierony-

2246 4754 2595 4827 ab’Eusebio
2638 4756 2869 4827 aliisque
2912 4754 3112 4827 rejecta
3153 4755 3432 4827 novimus.
3481 4756 3676 4810 Utrum
3715 4770 3860 4809 vero

2246 4842 2315 4880 ex
2328 4826 2654 4881 Florentinii
2673 4825 2944 4881 sententia
2964 4825 3030 4880 ab
3050 4826 3323 4879 erroribus
3336 4834 3624 4895 repurgata
3639 4827 3723 4881 vel
3744 4843 3859 4880 non

2245 4897 2423 4950 eadem
2441 4897 2553 4951 sint
2576 4914 2695 4968 quae
2717 4897 2774 4951 in
2795 4897 3221 4964 Passionalibus,
3254 4905 3369 4950 tum
3396 4914 3527 4968 mss.
3560 4906 3679 4951 tum
3704 4897 3859 4967 typis

2245 4968 2482 5034 excusis,
2530 4967 2729 5039 passim
2777 4969 3145 5038 reperiuntur,
3197 4967 3504 5039 operiosius
3553 4968 3687 5023 alibi
3742 4968 3857 5039 erit

2246 5037 2697 5094 examinandum.
2744 5037 2878 5094 Mihi
2923 5046 3069 5094 certe
3117 5037 3245 5094 noni
3276 5038 3499 5110 videtur
3551 5037 3860 5110 rejicienda

2246 5111 2487 5182 narratio
2522 5117 2601 5165 tot
2630 5111 2851 5165 Patrum
2883 5110 3157 5182 suffragiis
3187 5109 3569 5182 corroborata,
3592 5109 3663 5164 ub
3692 5109 3858 5164 falsa-

2246 5181 2455 5235 riorum
2511 5183 2855 5253 corruptelas
2905 5180 3117 5252 aliquas
3172 5188 3225 5235 rt
3285 5180 3709 5253 depravationes
3740 5222 3759 5246 ,
3822 5195 3855 5233 a

2241 5268 2472 5323 quorum
2494 5252 2683 5323 impiis
2690 5252 2949 5323 manibus
2964 5253 3091 5307 neci
3099 5268 3206 5323 psse
3219 5267 3385 5307 sacrae
3405 5252 3608 5307 litterae
3629 5252 3857 5305 intacta:

2240 5322 2641 5391 remanserunt,
2691 5322 3153 5401 quemadmodum
3184 5323 3436 5401 in_opere
3479 5323 3551 5378 de
3578 5338 3857 5401 coargu—

2239 5403 2467 5461 mento,
2548 5410 2659 5449 non
2707 5393 2822 5450 _ita
2904 5394 3115 5461 pridem
3199 5393 3349 5449 edito
3378 5436 3392 5461 ,
3466 5393 3859 5449 eruditissime

2238 5465 2492 5535 probavit
2537 5472 2722 5520 noster
2764 5463 3200 5520 Bartholomaeus
3256 5464 3520 5531 Germon,
3571 5463 3859 5519 videndus

2237 5536 2466 5608 omnino
2498 5552 2530 5590 a
2559 5553 2678 5608 pag.
2717 5536 2842 5603 221,
2885 5543 3000 5608 toto
3030 5552 3149 5608 cap.
3194 5536 3245 5601 2,
3278 5552 3347 5590 ex
3378 5535 3680 5608 Philastrio
3706 5535 3859 5608 Bri-

2237 5607 2435 5679 xiensi,
2486 5606 2673 5663 saeculi
2721 5607 2901 5679 quarti
2949 5606 3235 5679 scriptore,
3286 5607 3621 5679 ostendens,
3660 5606 3859 5679 prima

2234 5678 2419 5750 aliqua
2457 5686 2511 5757 et
2536 5676 2773 5757 genuina
2802 5679 3043 5757 Andreae
3062 5676 3203 5735 Acta
3234 5677 3577 5749 turpissimis
3606 5676 3860 5757 hgeqeti-

2233 5748 2423 5805 corum
2466 5748 2899 5821 inciuinamentis
2938 5749 3140 5806 foedata
3167 5757 3221 5807 et
3246 5748 3613 5820 conspurcata
3644 5748 3859 5804 fuisse.
