  <div class='ocr_page' id='page_1' title='image "/cluster/home/n/w/nwhite01/storage/ocr_20150623/124/hvd.32044054759865/386.png"; bbox 0 0 4058 6180; ppageno 0'>
   <div class='ocr_carea' id='block_1_1' title="bbox 221 258 326 315">
    <p class='ocr_par' dir='ltr' id='par_1_1' title="bbox 221 258 326 315">
     <span class='ocr_line' id='line_1_1' title="bbox 221 258 326 315; baseline 0 0"><span class='ocrx_word' id='word_1_1' title='bbox 221 258 326 315; x_wconf 76' lang='grc'><strong>761</strong></span> 
     </span>
    </p>
   </div>
   <div class='ocr_carea' id='block_1_2' title="bbox 1296 260 2485 322">
    <p class='ocr_par' dir='ltr' id='par_1_2' title="bbox 1296 260 2485 322">
     <span class='ocr_line' id='line_1_2' title="bbox 1296 260 2485 322; baseline 0.005 -7"><span class='ocrx_word' id='word_1_2' title='bbox 1296 260 1928 319; x_wconf 77' lang='lat' dir='ltr'><strong>MARTYROLOGIUM.</strong></span> <span class='ocrx_word' id='word_1_3' title='bbox 1970 294 2040 306; x_wconf 90' lang='lat'><em>—</em></span> <span class='ocrx_word' id='word_1_4' title='bbox 2077 264 2284 321; x_wconf 84' lang='lat' dir='ltr'><strong>MENS.</strong></span> <span class='ocrx_word' id='word_1_5' title='bbox 2325 264 2485 322; x_wconf 89' lang='lat' dir='ltr'><strong>DEC.</strong></span> 
     </span>
    </p>
   </div>
   <div class='ocr_carea' id='block_1_3' title="bbox 3443 276 3545 333">
    <p class='ocr_par' dir='ltr' id='par_1_3' title="bbox 3443 276 3545 333">
     <span class='ocr_line' id='line_1_3' title="bbox 3443 276 3545 333; baseline 0.029 -3"><span class='ocrx_word' id='word_1_6' title='bbox 3443 276 3545 333; x_wconf 71' lang='lat'><strong>762</strong></span> 
     </span>
    </p>
   </div>
   <div class='ocr_carea' id='block_1_4' title="bbox 1667 387 2051 447">
    <p class='ocr_par' dir='ltr' id='par_1_4' title="bbox 1667 387 2051 447">
     <span class='ocr_line' id='line_1_4' title="bbox 1667 387 2051 447; baseline 0.005 -4"><span class='ocrx_word' id='word_1_7' title='bbox 1667 387 1900 446; x_wconf 87' lang='lat' dir='ltr'><strong>AUCTA</strong></span> <span class='ocrx_word' id='word_1_8' title='bbox 1911 390 2051 447; x_wconf 86' lang='lat' dir='ltr'><strong>RIA.</strong></span> 
     </span>
    </p>
   </div>
   <div class='ocr_carea' id='block_1_5' title="bbox 294 478 3539 565">
    <p class='ocr_par' dir='ltr' id='par_1_5' title="bbox 294 478 3539 565">
     <span class='ocr_line' id='line_1_5' title="bbox 294 478 3539 565; baseline 0.008 -34"><span class='ocrx_word' id='word_1_9' title='bbox 294 483 617 565; x_wconf 53' lang='lat' dir='ltr'><strong>g’unsamzn.</strong></span> <span class='ocrx_word' id='word_1_10' title='bbox 653 478 902 565; x_wconf 65' lang='lat' dir='ltr'><strong>Bibiana;</strong></span> <span class='ocrx_word' id='word_1_11' title='bbox 923 483 1404 565; x_wconf 71' lang='lat' dir='ltr'><strong>annuntiationem</strong></span> <span class='ocrx_word' id='word_1_12' title='bbox 1427 499 1620 565; x_wconf 85' lang='lat' dir='ltr'><strong>puram</strong></span> <span class='ocrx_word' id='word_1_13' title='bbox 1636 485 1831 565; x_wconf 83' lang='lat' dir='ltr'><strong>_refert,</strong></span> <span class='ocrx_word' id='word_1_14' title='bbox 1860 494 1910 551; x_wconf 87' lang='grc' dir='ltr'><strong>Α</strong></span> <span class='ocrx_word' id='word_1_15' title='bbox 1938 488 2218 565; x_wconf 67' lang='lat' dir='ltr'><strong>Auctaria.</strong></span> <span class='ocrx_word' id='word_1_16' title='bbox 2253 491 2402 565; x_wconf 73' lang='lat' dir='ltr'><strong>Inter</strong></span> <span class='ocrx_word' id='word_1_17' title='bbox 2413 493 2675 565; x_wconf 89' lang='lat' dir='ltr'><strong>antiquos</strong></span> <span class='ocrx_word' id='word_1_18' title='bbox 2696 494 2847 548; x_wconf 91' lang='lat' dir='ltr'><strong>solus</strong></span> <span class='ocrx_word' id='word_1_19' title='bbox 2877 495 3074 550; x_wconf 89' lang='lat' dir='ltr'><strong>Florus</strong></span> <span class='ocrx_word' id='word_1_20' title='bbox 3095 495 3162 550; x_wconf 93' lang='lat' dir='ltr'><strong>de</strong></span> <span class='ocrx_word' id='word_1_21' title='bbox 3182 512 3247 551; x_wconf 91' lang='lat' dir='ltr'><strong>eo</strong></span> <span class='ocrx_word' id='word_1_22' title='bbox 3263 499 3539 557; x_wconf 82' lang='lat' dir='ltr'><strong>meminit.</strong></span> 
     </span>
    </p>
   </div>
   <div class='ocr_carea' id='block_1_6' title="bbox 219 551 1829 626">
    <p class='ocr_par' dir='ltr' id='par_1_6' title="bbox 219 551 1829 626">
     <span class='ocr_line' id='line_1_6' title="bbox 219 551 1829 626; baseline 0 -14"><span class='ocrx_word' id='word_1_23' title='bbox 219 553 319 612; x_wconf 88' lang='lat' dir='ltr'><strong>sed</strong></span> <span class='ocrx_word' id='word_1_24' title='bbox 344 551 528 626; x_wconf 84' lang='lat' dir='ltr'><strong>primo</strong></span> <span class='ocrx_word' id='word_1_25' title='bbox 557 551 680 606; x_wconf 89' lang='lat' dir='ltr'><strong>loco</strong></span> <span class='ocrx_word' id='word_1_26' title='bbox 712 551 967 621; x_wconf 88' lang='lat' dir='ltr'><strong>positam.</strong></span> <span class='ocrx_word' id='word_1_27' title='bbox 1000 553 1252 609; x_wconf 90' lang='lat' dir='ltr'><strong>Secundo</strong></span> <span class='ocrx_word' id='word_1_28' title='bbox 1283 556 1403 610; x_wconf 92' lang='lat' dir='ltr'><strong>loco</strong></span> <span class='ocrx_word' id='word_1_29' title='bbox 1427 551 1611 611; x_wconf 78' lang='lat' dir='ltr'><strong>solum</strong></span> <span class='ocrx_word' id='word_1_30' title='bbox 1636 551 1829 614; x_wconf 76' lang='lat' dir='ltr'><strong>habet:</strong></span> 
     </span>
    </p>
   </div>
   <div class='ocr_carea' id='block_1_7' title="bbox 235 622 1819 698">
    <p class='ocr_par' dir='ltr' id='par_1_7' title="bbox 235 622 1819 698">
     <span class='ocr_line' id='line_1_7' title="bbox 235 622 1819 698; baseline 0.007 -25"><span class='ocrx_word' id='word_1_31' title='bbox 235 652 253 673; x_wconf 76' lang='grc' dir='ltr'><strong>ε</strong></span> <span class='ocrx_word' id='word_1_32' title='bbox 288 622 417 698; x_wconf 76' lang='lat' dir='ltr'><strong>Ipso</strong></span> <span class='ocrx_word' id='word_1_33' title='bbox 448 622 562 688; x_wconf 92' lang='lat' dir='ltr'><strong>die,</strong></span> <span class='ocrx_word' id='word_1_34' title='bbox 590 629 911 698; x_wconf 75' lang='lat' dir='ltr'><strong>sanctorum</strong></span> <span class='ocrx_word' id='word_1_35' title='bbox 953 632 1257 698; x_wconf 90' lang='lat' dir='ltr'><strong>martyrum</strong></span> <span class='ocrx_word' id='word_1_36' title='bbox 1310 627 1437 682; x_wconf 91' lang='lat' dir='ltr'><strong>Veri</strong></span> <span class='ocrx_word' id='word_1_37' title='bbox 1470 636 1523 682; x_wconf 90' lang='lat' dir='ltr'><strong>et</strong></span> <span class='ocrx_word' id='word_1_38' title='bbox 1556 628 1767 684; x_wconf 91' lang='lat' dir='ltr'><strong>Securi.</strong></span> <span class='ocrx_word' id='word_1_39' title='bbox 1801 654 1819 675; x_wconf 77' lang='grc' dir='ltr'>ι</span> 
     </span>
    </p>
   </div>
   <div class='ocr_carea' id='block_1_8' title="bbox 293 693 1829 766">
    <p class='ocr_par' dir='ltr' id='par_1_8' title="bbox 293 693 1829 766">
     <span class='ocr_line' id='line_1_8' title="bbox 293 693 1829 766; baseline 0.003 -14"><span class='ocrx_word' id='word_1_40' title='bbox 293 693 766 766; x_wconf 58' lang='lat' dir='ltr'><strong>Amoene-Max.</strong></span> <span class='ocrx_word' id='word_1_41' title='bbox 777 735 790 760; x_wconf 93' lang='lat'><strong>,</strong></span> <span class='ocrx_word' id='word_1_42' title='bbox 802 693 1133 766; x_wconf 71' lang='lat' dir='ltr'><strong>ULTRAJEC&#39;I‘.</strong></span> <span class='ocrx_word' id='word_1_43' title='bbox 1146 740 1160 764; x_wconf 95' lang='lat'><strong>,</strong></span> <span class='ocrx_word' id='word_1_44' title='bbox 1174 697 1419 755; x_wconf 61' lang='lat' dir='ltr'><strong>Lernam.</strong></span> <span class='ocrx_word' id='word_1_45' title='bbox 1430 742 1446 766; x_wconf 91' lang='lat'><strong>,</strong></span> <span class='ocrx_word' id='word_1_46' title='bbox 1462 707 1516 755; x_wconf 92' lang='lat' dir='ltr'><strong>et</strong></span> <span class='ocrx_word' id='word_1_47' title='bbox 1526 699 1829 756; x_wconf 78' lang='lat' dir='ltr'><strong>LOVANIEN.</strong></span> 
     </span>
    </p>
   </div>
   <div class='ocr_carea' id='block_1_9' title="bbox 217 763 1834 849">
    <p class='ocr_par' dir='ltr' id='par_1_9' title="bbox 217 763 1834 849">
     <span class='ocr_line' id='line_1_9' title="bbox 217 763 1834 849; baseline 0.001 -24"><span class='ocrx_word' id='word_1_48' title='bbox 217 768 287 825; x_wconf 87' lang='lat' dir='ltr'><strong>de</strong></span> <span class='ocrx_word' id='word_1_49' title='bbox 313 768 555 849; x_wconf 76' lang='lat' dir='ltr'><strong>Bibiana</strong></span> <span class='ocrx_word' id='word_1_50' title='bbox 582 763 858 849; x_wconf 64' lang='lat' dir='ltr'><strong>adjiciunt</strong></span> <span class='ocrx_word' id='word_1_51' title='bbox 882 784 893 820; x_wconf 92' lang='lat'><strong><em>:</em></strong></span> <span class='ocrx_word' id='word_1_52' title='bbox 952 789 979 846; x_wconf 80' lang='grc' dir='ltr'><strong>ι⁸</strong></span> <span class='ocrx_word' id='word_1_53' title='bbox 1010 763 1412 849; x_wconf 83' lang='lat' dir='ltr'><strong>Cujus_corpus</strong></span> <span class='ocrx_word' id='word_1_54' title='bbox 1430 763 1686 841; x_wconf 79' lang='lat' dir='ltr'><strong>jussione</strong></span> <span class='ocrx_word' id='word_1_55' title='bbox 1716 772 1834 827; x_wconf 91' lang='lat' dir='ltr'><strong>im-</strong></span> 
     </span>
    </p>
   </div>
   <div class='ocr_carea' id='block_1_10' title="bbox 218 835 1832 914">
    <p class='ocr_par' dir='ltr' id='par_1_10' title="bbox 218 835 1832 914">
     <span class='ocr_line' id='line_1_10' title="bbox 218 835 1832 914; baseline 0.004 -21"><span class='ocrx_word' id='word_1_56' title='bbox 218 838 518 914; x_wconf 72' lang='lat' dir='ltr'><strong>peratoris,</strong></span> <span class='ocrx_word' id='word_1_57' title='bbox 542 835 717 914; x_wconf 81' lang='lat' dir='ltr'><strong>biduo</strong></span> <span class='ocrx_word' id='word_1_58' title='bbox 740 836 796 890; x_wconf 90' lang='lat' dir='ltr'><strong>in</strong></span> <span class='ocrx_word' id='word_1_59' title='bbox 823 836 944 892; x_wconf 92' lang='lat' dir='ltr'><strong>foro</strong></span> <span class='ocrx_word' id='word_1_60' title='bbox 958 835 1154 914; x_wconf 85' lang='lat' dir='ltr'><strong>jacuit.</strong></span> <span class='ocrx_word' id='word_1_61' title='bbox 1174 835 1414 914; x_wconf 82' lang='lat' dir='ltr'><strong>Tandem</strong></span> <span class='ocrx_word' id='word_1_62' title='bbox 1432 835 1650 912; x_wconf 76' lang='lat' dir='ltr'><strong>raptum</strong></span> <span class='ocrx_word' id='word_1_63' title='bbox 1672 852 1832 899; x_wconf 89' lang='lat' dir='ltr'><strong>nocte</strong></span> 
     </span>
    </p>
   </div>
   <div class='ocr_carea' id='block_1_11' title="bbox 219 908 1832 989">
    <p class='ocr_par' dir='ltr' id='par_1_11' title="bbox 219 908 1832 989">
     <span class='ocr_line' id='line_1_11' title="bbox 219 908 1832 989; baseline 0 -22"><span class='ocrx_word' id='word_1_64' title='bbox 219 908 250 967; x_wconf 69' lang='lat' dir='ltr'><strong>a</strong></span> <span class='ocrx_word' id='word_1_65' title='bbox 272 909 534 966; x_wconf 84' lang='lat' dir='ltr'><strong>Johanne</strong></span> <span class='ocrx_word' id='word_1_66' title='bbox 562 908 887 989; x_wconf 53' lang='lat' dir='ltr'><strong>presbytero</strong></span> <span class='ocrx_word' id='word_1_67' title='bbox 909 910 1185 989; x_wconf 76' lang='lat' dir='ltr'><strong>sepultum</strong></span> <span class='ocrx_word' id='word_1_68' title='bbox 1208 912 1363 989; x_wconf 83' lang='lat' dir='ltr'><strong>estin</strong></span> <span class='ocrx_word' id='word_1_69' title='bbox 1382 908 1569 978; x_wconf 82' lang='lat' dir='ltr'><strong>domo,</strong></span> <span class='ocrx_word' id='word_1_70' title='bbox 1591 914 1832 989; x_wconf 79' lang='lat' dir='ltr'><strong>ubi_ma-</strong></span> 
     </span>
    </p>
   </div>
   <div class='ocr_carea' id='block_1_12' title="bbox 217 980 1831 1108">
    <p class='ocr_par' dir='ltr' id='par_1_12' title="bbox 217 980 1831 1108">
     <span class='ocr_line' id='line_1_12' title="bbox 217 980 1831 1108; baseline 0.004 -72"><span class='ocrx_word' id='word_1_71' title='bbox 217 991 304 1108; x_wconf 44' lang='lat' dir='ltr'><strong>te;</strong></span> <span class='ocrx_word' id='word_1_72' title='bbox 321 990 378 1037; x_wconf 87' lang='lat' dir='ltr'><strong>et</strong></span> <span class='ocrx_word' id='word_1_73' title='bbox 410 996 572 1036; x_wconf 88' lang='lat' dir='ltr'><strong>soror</strong></span> <span class='ocrx_word' id='word_1_74' title='bbox 590 980 710 1050; x_wconf 89' lang='lat' dir='ltr'><strong>ejus</strong></span> <span class='ocrx_word' id='word_1_75' title='bbox 741 980 1022 1035; x_wconf 85' lang='lat' dir='ltr'><strong>Demetria</strong></span> <span class='ocrx_word' id='word_1_76' title='bbox 1044 980 1158 1051; x_wconf 90' lang='lat' dir='ltr'><strong>jam</strong></span> <span class='ocrx_word' id='word_1_77' title='bbox 1180 985 1406 1054; x_wconf 81' lang='lat' dir='ltr'><strong>sepultae</strong></span> <span class='ocrx_word' id='word_1_78' title='bbox 1422 991 1599 1039; x_wconf 84' lang='lat' dir='ltr'><strong>erant.</strong></span> <span class='ocrx_word' id='word_1_79' title='bbox 1624 1009 1641 1032; x_wconf 77' lang='grc' dir='ltr'><strong><em>ι</em></strong></span> <span class='ocrx_word' id='word_1_80' title='bbox 1687 986 1831 1043; x_wconf 87' lang='lat' dir='ltr'><strong>Vide</strong></span> 
     </span>
     <span class='ocr_line' id='line_1_13' title="bbox 311 1068 510 1108; baseline -0.005 0"><span class='ocrx_word' id='word_1_81' title='bbox 311 1068 483 1108; x_wconf 87' lang='lat' dir='ltr'><strong>onem</strong></span> <span class='ocrx_word' id='word_1_82' title='bbox 498 1095 510 1107; x_wconf 92' lang='lat'><strong>.</strong></span> 
     </span>
    </p>
   </div>
   <div class='ocr_carea' id='block_1_13' title="bbox 220 1055 510 1110">
    <p class='ocr_par' dir='ltr' id='par_1_13' title="bbox 220 1055 510 1110">
     <span class='ocr_line' id='line_1_14' title="bbox 220 1055 510 1110; baseline -0.014 0"><span class='ocrx_word' id='word_1_83' title='bbox 220 1055 483 1110; x_wconf 80' lang='lat' dir='ltr'><strong>Adonem</strong></span> <span class='ocrx_word' id='word_1_84' title='bbox 498 1095 510 1107; x_wconf 93' lang='lat'><strong>.</strong></span> 
     </span>
    </p>
   </div>
   <div class='ocr_carea' id='block_1_14' title="bbox 290 1120 1831 1191">
    <p class='ocr_par' dir='ltr' id='par_1_14' title="bbox 290 1120 1831 1191">
     <span class='ocr_line' id='line_1_15' title="bbox 290 1120 1831 1191; baseline 0.003 -11"><span class='ocrx_word' id='word_1_85' title='bbox 290 1126 618 1180; x_wconf 74' lang='lat' dir='ltr'><strong>ALBBRGRN.</strong></span> <span class='ocrx_word' id='word_1_86' title='bbox 643 1120 876 1191; x_wconf 76' lang='lat' dir='ltr'><strong>incipit:</strong></span> <span class='ocrx_word' id='word_1_87' title='bbox 920 1146 937 1169; x_wconf 76' lang='grc' dir='ltr'>ι</span> <span class='ocrx_word' id='word_1_88' title='bbox 969 1124 1175 1187; x_wconf 84' lang='lat' dir='ltr'><strong>Romae,</strong></span> <span class='ocrx_word' id='word_1_89' title='bbox 1197 1125 1378 1178; x_wconf 90' lang='lat' dir='ltr'><strong>natale</strong></span> <span class='ocrx_word' id='word_1_90' title='bbox 1408 1134 1610 1181; x_wconf 86' lang='lat' dir='ltr'><strong>sanctae</strong></span> <span class='ocrx_word' id='word_1_91' title='bbox 1640 1127 1831 1184; x_wconf 89' lang='lat' dir='ltr'><strong>Vivia-</strong></span> 
     </span>
    </p>
   </div>
   <div class='ocr_carea' id='block_1_15' title="bbox 222 1194 1827 1267">
    <p class='ocr_par' dir='ltr' id='par_1_15' title="bbox 222 1194 1827 1267">
     <span class='ocr_line' id='line_1_16' title="bbox 222 1194 1827 1267; baseline 0.002 -16"><span class='ocrx_word' id='word_1_92' title='bbox 222 1213 304 1252; x_wconf 69' lang='lat' dir='ltr'><strong>nm</strong></span> <span class='ocrx_word' id='word_1_93' title='bbox 330 1194 646 1267; x_wconf 86' lang='lat' dir='ltr'><strong>virginis_et</strong></span> <span class='ocrx_word' id='word_1_94' title='bbox 675 1194 959 1267; x_wconf 65' lang='lat' dir='ltr'><strong>martyris,</strong></span> <span class='ocrx_word' id='word_1_95' title='bbox 991 1194 1276 1267; x_wconf 81' lang='lat' dir='ltr'><strong>beatorum</strong></span> <span class='ocrx_word' id='word_1_96' title='bbox 1300 1204 1609 1267; x_wconf 79' lang='lat' dir='ltr'><strong>martyrum</strong></span> <span class='ocrx_word' id='word_1_97' title='bbox 1638 1200 1827 1255; x_wconf 82' lang='lat' dir='ltr'><strong>Fausti</strong></span> 
     </span>
    </p>
   </div>
   <div class='ocr_carea' id='block_1_16' title="bbox 222 1264 1829 1341">
    <p class='ocr_par' dir='ltr' id='par_1_16' title="bbox 222 1264 1829 1341">
     <span class='ocr_line' id='line_1_17' title="bbox 222 1264 1829 1341; baseline 0.002 -18"><span class='ocrx_word' id='word_1_98' title='bbox 222 1276 276 1323; x_wconf 90' lang='lat' dir='ltr'><strong>et</strong></span> <span class='ocrx_word' id='word_1_99' title='bbox 289 1264 539 1323; x_wconf 70' lang='lat' dir='ltr'><strong>Dafrosa:</strong></span> <span class='ocrx_word' id='word_1_100' title='bbox 559 1264 711 1319; x_wconf 65' lang='lat' dir='ltr'><strong>ﬁliai.</strong></span> <span class='ocrx_word' id='word_1_101' title='bbox 727 1288 744 1310; x_wconf 83' lang='lat'><strong><em>-</em></strong></span> <span class='ocrx_word' id='word_1_102' title='bbox 783 1264 897 1341; x_wconf 65' lang='lat' dir='ltr'><strong>Hoc</strong></span> <span class='ocrx_word' id='word_1_103' title='bbox 916 1274 997 1320; x_wconf 89' lang='lat' dir='ltr'><strong>est</strong></span> <span class='ocrx_word' id='word_1_104' title='bbox 1010 1265 1226 1341; x_wconf 80' lang='lat' dir='ltr'><strong>Adonis</strong></span> <span class='ocrx_word' id='word_1_105' title='bbox 1236 1264 1484 1341; x_wconf 81' lang='lat' dir='ltr'><strong>initium.</strong></span> <span class='ocrx_word' id='word_1_106' title='bbox 1507 1269 1829 1341; x_wconf 79' lang='lat' dir='ltr'><strong>Sequuntur</strong></span> 
     </span>
    </p>
   </div>
   <div class='ocr_carea' id='block_1_17' title="bbox 222 1334 1823 1410">
    <p class='ocr_par' dir='ltr' id='par_1_17' title="bbox 222 1334 1823 1410">
     <span class='ocr_line' id='line_1_18' title="bbox 222 1334 1823 1410; baseline 0.004 -18"><span class='ocrx_word' id='word_1_107' title='bbox 222 1341 393 1394; x_wconf 79' lang='lat' dir='ltr'><strong>verba</strong></span> <span class='ocrx_word' id='word_1_108' title='bbox 416 1344 607 1393; x_wconf 85' lang='lat' dir='ltr'><strong>textus</strong></span> <span class='ocrx_word' id='word_1_109' title='bbox 634 1344 689 1410; x_wconf 82' lang='lat' dir='ltr'><strong>et</strong></span> <span class='ocrx_word' id='word_1_110' title='bbox 734 1334 1099 1410; x_wconf 77' lang='lat' dir='ltr'><strong>additamenti</strong></span> <span class='ocrx_word' id='word_1_111' title='bbox 1146 1336 1424 1410; x_wconf 81' lang='lat' dir='ltr'><strong>Adoniani</strong></span> <span class='ocrx_word' id='word_1_112' title='bbox 1449 1334 1615 1410; x_wconf 76' lang='lat' dir='ltr'><strong>supra</strong></span> <span class='ocrx_word' id='word_1_113' title='bbox 1642 1342 1823 1399; x_wconf 79' lang='lat' dir='ltr'><strong>relati.</strong></span> 
     </span>
    </p>
   </div>
   <div class='ocr_carea' id='block_1_18' title="bbox 222 1406 1825 1471">
    <p class='ocr_par' dir='ltr' id='par_1_18' title="bbox 222 1406 1825 1471">
     <span class='ocr_line' id='line_1_19' title="bbox 222 1406 1825 1471; baseline 0.002 -6"><span class='ocrx_word' id='word_1_114' title='bbox 222 1410 408 1466; x_wconf 87' lang='lat' dir='ltr'><strong>Prima</strong></span> <span class='ocrx_word' id='word_1_115' title='bbox 445 1406 800 1463; x_wconf 87' lang='lat' dir='ltr'><strong>annuntiatio</strong></span> <span class='ocrx_word' id='word_1_116' title='bbox 828 1406 896 1462; x_wconf 93' lang='lat' dir='ltr'><strong>de</strong></span> <span class='ocrx_word' id='word_1_117' title='bbox 927 1408 1071 1465; x_wconf 91' lang='lat' dir='ltr'><strong>Vero</strong></span> <span class='ocrx_word' id='word_1_118' title='bbox 1107 1417 1161 1464; x_wconf 89' lang='lat' dir='ltr'><strong>et</strong></span> <span class='ocrx_word' id='word_1_119' title='bbox 1190 1408 1393 1466; x_wconf 89' lang='lat' dir='ltr'><strong>Securo</strong></span> <span class='ocrx_word' id='word_1_120' title='bbox 1429 1406 1672 1469; x_wconf 79' lang='lat' dir='ltr'><strong>secundo</strong></span> <span class='ocrx_word' id='word_1_121' title='bbox 1703 1414 1825 1471; x_wconf 94' lang='lat' dir='ltr'><strong>loco</strong></span> 
     </span>
    </p>
   </div>
   <div class='ocr_carea' id='block_1_19' title="bbox 305 1482 535 1536">
    <p class='ocr_par' dir='ltr' id='par_1_19' title="bbox 305 1482 535 1536">
     <span class='ocr_line' id='line_1_20' title="bbox 305 1482 535 1536; baseline -0.009 0"><span class='ocrx_word' id='word_1_122' title='bbox 305 1482 412 1536; x_wconf 89' lang='lat' dir='ltr'><strong>sita</strong></span> <span class='ocrx_word' id='word_1_123' title='bbox 435 1488 535 1536; x_wconf 91' lang='lat' dir='ltr'><strong>est.</strong></span> 
     </span>
    </p>
   </div>
   <div class='ocr_carea' id='block_1_20' title="bbox 230 1497 1826 1629">
    <p class='ocr_par' dir='ltr' id='par_1_20' title="bbox 230 1497 1826 1629">
     <span class='ocr_line' id='line_1_21' title="bbox 305 1497 535 1536; baseline -0.009 0"><span class='ocrx_word' id='word_1_124' title='bbox 305 1497 412 1536; x_wconf 83' lang='lat' dir='ltr'><strong>sita</strong></span> <span class='ocrx_word' id='word_1_125' title='bbox 435 1497 535 1536; x_wconf 78' lang='lat' dir='ltr'><strong>est.</strong></span> 
     </span>
     <span class='ocr_line' id='line_1_22' title="bbox 230 1497 1826 1629; baseline 0.003 -21"><span class='ocrx_word' id='word_1_126' title='bbox 230 1497 495 1629; x_wconf 63' lang='lat' dir='ltr'><strong>pobium.</strong></span> <span class='ocrx_word' id='word_1_127' title='bbox 527 1550 606 1608; x_wconf 90' lang='lat' dir='ltr'><strong>sic</strong></span> <span class='ocrx_word' id='word_1_128' title='bbox 635 1550 924 1629; x_wconf 74' lang='lat' dir='ltr'><strong>variat,_ut</strong></span> <span class='ocrx_word' id='word_1_129' title='bbox 952 1551 1021 1607; x_wconf 91' lang='lat' dir='ltr'><strong>ad</strong></span> <span class='ocrx_word' id='word_1_130' title='bbox 1050 1553 1377 1629; x_wconf 84' lang='lat' dir='ltr'><strong>Romanum</strong></span> <span class='ocrx_word' id='word_1_131' title='bbox 1395 1570 1628 1625; x_wconf 90' lang='lat' dir='ltr'><strong>parvum</strong></span> <span class='ocrx_word' id='word_1_132' title='bbox 1654 1556 1826 1629; x_wconf 90' lang='lat' dir='ltr'><strong>magis</strong></span> 
     </span>
    </p>
   </div>
   <div class='ocr_carea' id='block_1_21' title="bbox 235 1621 1824 1711">
    <p class='ocr_par' dir='ltr' id='par_1_21' title="bbox 235 1621 1824 1711">
     <span class='ocr_line' id='line_1_23' title="bbox 235 1621 1824 1711; baseline 0.004 -34"><span class='ocrx_word' id='word_1_133' title='bbox 235 1624 457 1711; x_wconf 77' lang='lat' dir='ltr'><strong>accedat</strong></span> <span class='ocrx_word' id='word_1_134' title='bbox 486 1639 641 1711; x_wconf 80' lang='lat' dir='ltr'><strong>quam</strong></span> <span class='ocrx_word' id='word_1_135' title='bbox 671 1621 742 1704; x_wconf 80' lang='lat' dir='ltr'><strong>ad</strong></span> <span class='ocrx_word' id='word_1_136' title='bbox 766 1621 1043 1711; x_wconf 75' lang='lat' dir='ltr'><strong>Adonem,</strong></span> <span class='ocrx_word' id='word_1_137' title='bbox 1073 1621 1546 1711; x_wconf 38' lang='lat' dir='ltr'><strong>construe-tiénem</strong></span> <span class='ocrx_word' id='word_1_138' title='bbox 1571 1645 1633 1683; x_wconf 83' lang='lat' dir='ltr'><strong>eo</strong></span> <span class='ocrx_word' id='word_1_139' title='bbox 1667 1621 1824 1711; x_wconf 71' lang='lat' dir='ltr'><strong>pacto</strong></span> 
     </span>
    </p>
   </div>
   <div class='ocr_carea' id='block_1_22' title="bbox 238 1696 1819 1771">
    <p class='ocr_par' dir='ltr' id='par_1_22' title="bbox 238 1696 1819 1771">
     <span class='ocr_line' id='line_1_24' title="bbox 238 1696 1819 1771; baseline 0.003 -21"><span class='ocrx_word' id='word_1_140' title='bbox 238 1696 467 1771; x_wconf 47' lang='lat' dir='ltr'><strong>vitians:</strong></span> <span class='ocrx_word' id='word_1_141' title='bbox 496 1696 616 1750; x_wconf 87' lang='lat' dir='ltr'><strong>Post</strong></span> <span class='ocrx_word' id='word_1_142' title='bbox 650 1696 877 1764; x_wconf 80' lang='lat' dir='ltr'><strong>virginis</strong></span> <span class='ocrx_word' id='word_1_143' title='bbox 922 1701 970 1748; x_wconf 87' lang='lat' dir='ltr'><strong>et</strong></span> <span class='ocrx_word' id='word_1_144' title='bbox 997 1697 1272 1771; x_wconf 54' lang='lat' dir='ltr'><strong>mantyris,</strong></span> <span class='ocrx_word' id='word_1_145' title='bbox 1306 1697 1399 1771; x_wconf 87' lang='lat' dir='ltr'><strong>ita_</strong></span> <span class='ocrx_word' id='word_1_146' title='bbox 1429 1696 1779 1771; x_wconf 78' lang='lat' dir='ltr'><strong>prosequitur</strong></span> <span class='ocrx_word' id='word_1_147' title='bbox 1806 1717 1819 1754; x_wconf 87' lang='lat'>:</span> 
     </span>
    </p>
   </div>
   <div class='ocr_carea' id='block_1_23' title="bbox 251 1766 1810 1837">
    <p class='ocr_par' dir='ltr' id='par_1_23' title="bbox 251 1766 1810 1837">
     <span class='ocr_line' id='line_1_25' title="bbox 251 1766 1810 1837; baseline 0.004 -16"><span class='ocrx_word' id='word_1_148' title='bbox 251 1792 270 1815; x_wconf 77' lang='grc' dir='ltr'>ι</span> <span class='ocrx_word' id='word_1_149' title='bbox 295 1767 430 1822; x_wconf 88' lang='lat' dir='ltr'><strong>Item</strong></span> <span class='ocrx_word' id='word_1_150' title='bbox 452 1766 729 1837; x_wconf 84' lang='lat' dir='ltr'><strong>beatorum</strong></span> <span class='ocrx_word' id='word_1_151' title='bbox 753 1773 1060 1837; x_wconf 80' lang='lat' dir='ltr'><strong>martyrum</strong></span> <span class='ocrx_word' id='word_1_152' title='bbox 1082 1768 1269 1823; x_wconf 89' lang='lat' dir='ltr'><strong>Fausti</strong></span> <span class='ocrx_word' id='word_1_153' title='bbox 1299 1774 1353 1822; x_wconf 92' lang='lat' dir='ltr'><strong>et</strong></span> <span class='ocrx_word' id='word_1_154' title='bbox 1372 1766 1620 1823; x_wconf 66' lang='lat' dir='ltr'><strong>Dafrosai</strong></span> <span class='ocrx_word' id='word_1_155' title='bbox 1635 1770 1810 1826; x_wconf 64' lang='lat' dir='ltr'><strong>ﬁliai.»</strong></span> 
     </span>
    </p>
   </div>
   <div class='ocr_carea' id='block_1_24' title="bbox 1943 560 3261 638">
    <p class='ocr_par' dir='ltr' id='par_1_24' title="bbox 1943 560 3261 638">
     <span class='ocr_line' id='line_1_26' title="bbox 1943 560 3261 638; baseline 0.005 -23"><span class='ocrx_word' id='word_1_156' title='bbox 1943 560 2191 638; x_wconf 77' lang='lat' dir='ltr'><strong>In_ﬁne_:</strong></span> <span class='ocrx_word' id='word_1_157' title='bbox 2245 586 2263 609; x_wconf 76' lang='grc' dir='ltr'>ι</span> <span class='ocrx_word' id='word_1_158' title='bbox 2296 560 2895 638; x_wconf 58' lang='lat' dir='ltr'><strong>Vivianaa&#39;virginiset</strong></span> <span class='ocrx_word' id='word_1_159' title='bbox 2925 567 3204 638; x_wconf 85' lang='lat' dir='ltr'><strong>martyris.</strong></span> <span class='ocrx_word' id='word_1_160' title='bbox 3243 592 3261 613; x_wconf 75' lang='grc' dir='ltr'><strong>ι</strong></span> 
     </span>
    </p>
   </div>
   <div class='ocr_carea' id='block_1_25' title="bbox 2014 632 3542 712">
    <p class='ocr_par' dir='ltr' id='par_1_25' title="bbox 2014 632 3542 712">
     <span class='ocr_line' id='line_1_27' title="bbox 2014 632 3542 712; baseline 0.006 -26"><span class='ocrx_word' id='word_1_161' title='bbox 2014 632 2077 712; x_wconf 75' lang='lat' dir='ltr'><strong>IN</strong></span> <span class='ocrx_word' id='word_1_162' title='bbox 2114 632 2386 712; x_wconf 60' lang='lat' dir='ltr'><strong>Varium.</strong></span> <span class='ocrx_word' id='word_1_163' title='bbox 2437 636 2539 712; x_wconf 73' lang='lat' dir='ltr'><strong>sub</strong></span> <span class='ocrx_word' id='word_1_164' title='bbox 2589 632 2741 691; x_wconf 80' lang='lat' dir='ltr'><strong>num.</strong></span> <span class='ocrx_word' id='word_1_165' title='bbox 2795 636 2954 712; x_wconf 56' lang='grc' dir='ltr'><strong>Δὄξὶὶξε)Δ</strong></span> <span class='ocrx_word' id='word_1_166' title='bbox 2987 632 3139 693; x_wconf 80' lang='lat' dir='ltr'><strong>deest</strong></span> <span class='ocrx_word' id='word_1_167' title='bbox 3189 640 3542 697; x_wconf 89' lang='lat' dir='ltr'><strong>annuntiatio</strong></span> 
     </span>
    </p>
   </div>
   <div class='ocr_carea' id='block_1_26' title="bbox 1943 704 3541 830">
    <p class='ocr_par' dir='ltr' id='par_1_26' title="bbox 1943 704 3541 830">
     <span class='ocr_line' id='line_1_28' title="bbox 1943 704 3541 830; baseline 0.006 -74"><span class='ocrx_word' id='word_1_168' title='bbox 1943 704 2124 830; x_wconf 47' lang='lat' dir='ltr'><strong>prima</strong></span> <span class='ocrx_word' id='word_1_169' title='bbox 2152 704 2219 759; x_wconf 92' lang='lat' dir='ltr'><strong>de</strong></span> <span class='ocrx_word' id='word_1_170' title='bbox 2252 706 2396 761; x_wconf 89' lang='lat' dir='ltr'><strong>Vero</strong></span> <span class='ocrx_word' id='word_1_171' title='bbox 2427 714 2479 761; x_wconf 92' lang='lat' dir='ltr'><strong>et</strong></span> <span class='ocrx_word' id='word_1_172' title='bbox 2510 707 2733 762; x_wconf 90' lang='lat' dir='ltr'><strong>Securo.</strong></span> <span class='ocrx_word' id='word_1_173' title='bbox 2775 708 3054 779; x_wconf 85' lang='lat' dir='ltr'><strong>Adjicitur</strong></span> <span class='ocrx_word' id='word_1_174' title='bbox 3082 717 3264 765; x_wconf 90' lang='lat' dir='ltr'><strong>autem</strong></span> <span class='ocrx_word' id='word_1_175' title='bbox 3302 728 3314 766; x_wconf 89' lang='lat'><strong>:</strong></span> <span class='ocrx_word' id='word_1_176' title='bbox 3358 734 3377 758; x_wconf 72' lang='grc' dir='ltr'><strong>α</strong></span> <span class='ocrx_word' id='word_1_177' title='bbox 3403 712 3541 766; x_wconf 87' lang='lat' dir='ltr'><strong>Item</strong></span> 
     </span>
     <span class='ocr_line' id='line_1_29' title="bbox 1990 778 3261 830; baseline 0 0"><span class='ocrx_word' id='word_1_178' title='bbox 1990 790 2148 830; x_wconf 74' lang='lat' dir='ltr'><strong>omai.</strong></span> <span class='ocrx_word' id='word_1_179' title='bbox 2180 785 2496 830; x_wconf 90' lang='lat' dir='ltr'><strong>sanctorum</strong></span> <span class='ocrx_word' id='word_1_180' title='bbox 2528 778 2816 830; x_wconf 86' lang='lat' dir='ltr'><strong>Primentii</strong></span> <span class='ocrx_word' id='word_1_181' title='bbox 2848 787 2902 830; x_wconf 87' lang='lat' dir='ltr'><strong>et</strong></span> <span class='ocrx_word' id='word_1_182' title='bbox 2931 780 3208 830; x_wconf 86' lang='lat' dir='ltr'><strong>Pontiani-</strong></span> <span class='ocrx_word' id='word_1_183' title='bbox 3242 806 3261 829; x_wconf 77' lang='grc' dir='ltr'><strong><em>ι</em></strong></span> 
     </span>
    </p>
   </div>
   <div class='ocr_carea' id='block_1_27' title="bbox 1990 778 3261 842">
    <p class='ocr_par' dir='ltr' id='par_1_27' title="bbox 1990 778 3261 842">
     <span class='ocr_line' id='line_1_30' title="bbox 1990 778 3261 842; baseline 0.006 -13"><span class='ocrx_word' id='word_1_184' title='bbox 1990 790 2148 842; x_wconf 71' lang='lat' dir='ltr'><strong>ornas,</strong></span> <span class='ocrx_word' id='word_1_185' title='bbox 2180 785 2496 834; x_wconf 90' lang='lat' dir='ltr'><strong>sanctorum</strong></span> <span class='ocrx_word' id='word_1_186' title='bbox 2528 778 2816 833; x_wconf 89' lang='lat' dir='ltr'><strong>Primentii</strong></span> <span class='ocrx_word' id='word_1_187' title='bbox 2848 778 2902 834; x_wconf 85' lang='lat' dir='ltr'><strong>et</strong></span> <span class='ocrx_word' id='word_1_188' title='bbox 2931 780 3208 837; x_wconf 90' lang='lat' dir='ltr'><strong>Pontiani.</strong></span> <span class='ocrx_word' id='word_1_189' title='bbox 3242 806 3261 829; x_wconf 78' lang='grc' dir='ltr'><strong><em>ι</em></strong></span> 
     </span>
    </p>
   </div>
   <div class='ocr_carea' id='block_1_28' title="bbox 2013 845 3540 927">
    <p class='ocr_par' dir='ltr' id='par_1_28' title="bbox 2013 845 3540 927">
     <span class='ocr_line' id='line_1_31' title="bbox 2013 845 3540 927; baseline 0.006 -27"><span class='ocrx_word' id='word_1_190' title='bbox 2013 845 2335 927; x_wconf 74' lang='lat' dir='ltr'><strong>Srnozzuiv.</strong></span> <span class='ocrx_word' id='word_1_191' title='bbox 2365 867 2377 904; x_wconf 91' lang='lat'><strong><em>:</em></strong></span> <span class='ocrx_word' id='word_1_192' title='bbox 2424 873 2441 895; x_wconf 79' lang='grc' dir='ltr'>ι</span> <span class='ocrx_word' id='word_1_193' title='bbox 2464 850 2601 905; x_wconf 88' lang='lat' dir='ltr'><strong>Item</strong></span> <span class='ocrx_word' id='word_1_194' title='bbox 2653 851 2859 918; x_wconf 60' lang='lat' dir='ltr'><strong>Romae,</strong></span> <span class='ocrx_word' id='word_1_195' title='bbox 2888 853 3061 907; x_wconf 79' lang='lat' dir='ltr'><strong>sancti</strong></span> <span class='ocrx_word' id='word_1_196' title='bbox 3092 852 3351 907; x_wconf 85' lang='lat' dir='ltr'><strong>Pontiani</strong></span> <span class='ocrx_word' id='word_1_197' title='bbox 3382 870 3540 909; x_wconf 88' lang='lat' dir='ltr'><strong>mar-</strong></span> 
     </span>
    </p>
   </div>
   <div class='ocr_carea' id='block_1_29' title="bbox 1941 923 2148 988">
    <p class='ocr_par' dir='ltr' id='par_1_29' title="bbox 1941 923 2148 988">
     <span class='ocr_line' id='line_1_32' title="bbox 1941 923 2148 988; baseline -0.024 -17"><span class='ocrx_word' id='word_1_198' title='bbox 1941 923 2100 988; x_wconf 87' lang='lat' dir='ltr'><strong>tyris.</strong></span> <span class='ocrx_word' id='word_1_199' title='bbox 2129 943 2148 966; x_wconf 74' lang='grc' dir='ltr'>ι</span> 
     </span>
    </p>
   </div>
   <div class='ocr_carea' id='block_1_30' title="bbox 2010 989 3540 1066">
    <p class='ocr_par' dir='ltr' id='par_1_30' title="bbox 2010 989 3540 1066">
     <span class='ocr_line' id='line_1_33' title="bbox 2010 989 3540 1066; baseline 0.007 -24"><span class='ocrx_word' id='word_1_200' title='bbox 2010 989 2723 1066; x_wconf 71' lang='lat' dir='ltr'><strong>Editin__LuBnco-Cor_.._sic</strong></span> <span class='ocrx_word' id='word_1_201' title='bbox 2770 994 2969 1066; x_wconf 86' lang='lat' dir='ltr'><strong>incipit</strong></span> <span class='ocrx_word' id='word_1_202' title='bbox 3005 1015 3017 1051; x_wconf 91' lang='lat'><em>:</em></span> <span class='ocrx_word' id='word_1_203' title='bbox 3063 1021 3094 1066; x_wconf 15' lang='grc' dir='ltr'><strong>«ί</strong></span> <span class='ocrx_word' id='word_1_204' title='bbox 3120 995 3328 1062; x_wconf 66' lang='lat' dir='ltr'><strong>Romae,</strong></span> <span class='ocrx_word' id='word_1_205' title='bbox 3360 998 3540 1052; x_wconf 86' lang='lat' dir='ltr'><strong>natale</strong></span> 
     </span>
    </p>
   </div>
   <div class='ocr_carea' id='block_1_31' title="bbox 1938 1062 3539 1137">
    <p class='ocr_par' dir='ltr' id='par_1_31' title="bbox 1938 1062 3539 1137">
     <span class='ocr_line' id='line_1_34' title="bbox 1938 1062 3539 1137; baseline 0.006 -24"><span class='ocrx_word' id='word_1_206' title='bbox 1938 1069 2145 1137; x_wconf 66' lang='lat' dir='ltr'><strong>sanctze</strong></span> <span class='ocrx_word' id='word_1_207' title='bbox 2164 1062 2423 1137; x_wconf 71' lang='lat' dir='ltr'><strong>Vivianae</strong></span> <span class='ocrx_word' id='word_1_208' title='bbox 2438 1064 2671 1137; x_wconf 79' lang='lat' dir='ltr'><strong>virginis</strong></span> <span class='ocrx_word' id='word_1_209' title='bbox 2691 1072 2751 1137; x_wconf 82' lang='lat' dir='ltr'><strong>et</strong></span> <span class='ocrx_word' id='word_1_210' title='bbox 2764 1062 3052 1137; x_wconf 78' lang='lat' dir='ltr'><strong>martyris,</strong></span> <span class='ocrx_word' id='word_1_211' title='bbox 3084 1065 3370 1121; x_wconf 88' lang='lat' dir='ltr'><strong>beatorum</strong></span> <span class='ocrx_word' id='word_1_212' title='bbox 3390 1068 3539 1122; x_wconf 88' lang='lat' dir='ltr'><strong>Fau-</strong></span> 
     </span>
    </p>
   </div>
   <div class='ocr_carea' id='block_1_32' title="bbox 1938 1130 3539 1208">
    <p class='ocr_par' dir='ltr' id='par_1_32' title="bbox 1938 1130 3539 1208">
     <span class='ocr_line' id='line_1_35' title="bbox 1938 1130 3539 1208; baseline 0.005 -23"><span class='ocrx_word' id='word_1_213' title='bbox 1938 1130 2092 1208; x_wconf 86' lang='lat' dir='ltr'><strong>sti_et</strong></span> <span class='ocrx_word' id='word_1_214' title='bbox 2112 1132 2353 1208; x_wconf 71' lang='lat' dir='ltr'><strong>Dafrosze</strong></span> <span class='ocrx_word' id='word_1_215' title='bbox 2371 1130 2675 1200; x_wconf 52' lang='lat' dir='ltr'><strong>ﬁlimeuaa</strong></span> <span class='ocrx_word' id='word_1_216' title='bbox 2706 1130 2963 1202; x_wconf 79' lang='lat' dir='ltr'><strong>Viviana,</strong></span> <span class='ocrx_word' id='word_1_217' title='bbox 2986 1130 3236 1208; x_wconf 80' lang='lat' dir='ltr'><strong>jubente,</strong></span> <span class='ocrx_word' id='word_1_218' title='bbox 3269 1162 3287 1185; x_wconf 72' lang='grc' dir='ltr'>ι</span> <span class='ocrx_word' id='word_1_219' title='bbox 3322 1146 3452 1205; x_wconf 91' lang='lat' dir='ltr'><strong>etc.,</strong></span> <span class='ocrx_word' id='word_1_220' title='bbox 3476 1147 3539 1193; x_wconf 92' lang='lat' dir='ltr'><strong>ut</strong></span> 
     </span>
    </p>
   </div>
   <div class='ocr_carea' id='block_1_33' title="bbox 1936 1201 3539 1276">
    <p class='ocr_par' dir='ltr' id='par_1_33' title="bbox 1936 1201 3539 1276">
     <span class='ocr_line' id='line_1_36' title="bbox 1936 1201 3539 1276; baseline 0.006 -20"><span class='ocrx_word' id='word_1_221' title='bbox 1936 1201 2153 1276; x_wconf 81' lang='lat' dir='ltr'><strong>codices</strong></span> <span class='ocrx_word' id='word_1_222' title='bbox 2191 1203 2383 1259; x_wconf 62' lang='lat' dir='ltr'><strong>media;</strong></span> <span class='ocrx_word' id='word_1_223' title='bbox 2411 1213 2553 1261; x_wconf 82' lang='lat' dir='ltr'><strong>notae</strong></span> <span class='ocrx_word' id='word_1_224' title='bbox 2582 1222 2765 1276; x_wconf 86' lang='lat' dir='ltr'><strong>supra.</strong></span> <span class='ocrx_word' id='word_1_225' title='bbox 2801 1209 2861 1262; x_wconf 87' lang='lat' dir='ltr'><strong>In</strong></span> <span class='ocrx_word' id='word_1_226' title='bbox 2893 1201 3004 1262; x_wconf 78' lang='lat' dir='ltr'><strong>fine</strong></span> <span class='ocrx_word' id='word_1_227' title='bbox 3039 1201 3298 1262; x_wconf 84' lang='lat' dir='ltr'><strong>nonnihil</strong></span> <span class='ocrx_word' id='word_1_228' title='bbox 3341 1201 3539 1265; x_wconf 79' lang='lat' dir='ltr'><strong>mutila</strong></span> 
     </span>
    </p>
   </div>
   <div class='ocr_carea' id='block_1_34' title="bbox 1936 1274 3537 1350">
    <p class='ocr_par' dir='ltr' id='par_1_34' title="bbox 1936 1274 3537 1350">
     <span class='ocr_line' id='line_1_37' title="bbox 1936 1274 3537 1350; baseline 0.005 -23"><span class='ocrx_word' id='word_1_229' title='bbox 1936 1281 2037 1350; x_wconf 73' lang='lat' dir='ltr'><strong>eet,</strong></span> <span class='ocrx_word' id='word_1_230' title='bbox 2070 1274 2150 1329; x_wconf 92' lang='lat' dir='ltr'><strong>sic</strong></span> <span class='ocrx_word' id='word_1_231' title='bbox 2194 1282 2255 1350; x_wconf 91' lang='lat' dir='ltr'><strong>ut</strong></span> <span class='ocrx_word' id='word_1_232' title='bbox 2284 1291 2395 1330; x_wconf 91' lang='lat' dir='ltr'><strong>non</strong></span> <span class='ocrx_word' id='word_1_233' title='bbox 2446 1284 2588 1332; x_wconf 87' lang='lat' dir='ltr'><strong>recte</strong></span> <span class='ocrx_word' id='word_1_234' title='bbox 2644 1274 2875 1350; x_wconf 84' lang='lat' dir='ltr'><strong>incipiat</strong></span> <span class='ocrx_word' id='word_1_235' title='bbox 2926 1278 3409 1334; x_wconf 88' lang='lat' dir='ltr'><strong>annuntiationem</strong></span> <span class='ocrx_word' id='word_1_236' title='bbox 3469 1280 3537 1335; x_wconf 91' lang='lat' dir='ltr'><strong>de</strong></span> 
     </span>
    </p>
   </div>
   <div class='ocr_carea' id='block_1_35' title="bbox 1942 1344 2415 1402">
    <p class='ocr_par' dir='ltr' id='par_1_35' title="bbox 1942 1344 2415 1402">
     <span class='ocr_line' id='line_1_38' title="bbox 1942 1344 2415 1402; baseline 0.004 -2"><span class='ocrx_word' id='word_1_237' title='bbox 1942 1344 2083 1400; x_wconf 87' lang='lat' dir='ltr'><strong>Vero</strong></span> <span class='ocrx_word' id='word_1_238' title='bbox 2111 1353 2164 1400; x_wconf 92' lang='lat' dir='ltr'><strong>et</strong></span> <span class='ocrx_word' id='word_1_239' title='bbox 2193 1346 2415 1402; x_wconf 89' lang='lat' dir='ltr'><strong>Securo.</strong></span> 
     </span>
    </p>
   </div>
   <div class='ocr_carea' id='block_1_36' title="bbox 2006 1416 3533 1488">
    <p class='ocr_par' dir='ltr' id='par_1_36' title="bbox 2006 1416 3533 1488">
     <span class='ocr_line' id='line_1_39' title="bbox 2006 1416 3533 1488; baseline 0.005 -19"><span class='ocrx_word' id='word_1_240' title='bbox 2006 1416 2198 1488; x_wconf 68' lang='lat' dir='ltr'><strong>Reus.</strong></span> <span class='ocrx_word' id='word_1_241' title='bbox 2235 1434 2331 1488; x_wconf 91' lang='lat' dir='ltr'><strong>pro</strong></span> <span class='ocrx_word' id='word_1_242' title='bbox 2374 1418 2493 1473; x_wconf 82' lang='lat' dir='ltr'><strong>Veri</strong></span> <span class='ocrx_word' id='word_1_243' title='bbox 2540 1418 2735 1474; x_wconf 90' lang='lat' dir='ltr'><strong>scribit</strong></span> <span class='ocrx_word' id='word_1_244' title='bbox 2766 1422 2983 1484; x_wconf 83' lang='lat' dir='ltr'><strong>Severi;</strong></span> <span class='ocrx_word' id='word_1_245' title='bbox 3011 1430 3067 1477; x_wconf 90' lang='lat' dir='ltr'><strong>et</strong></span> <span class='ocrx_word' id='word_1_246' title='bbox 3092 1425 3189 1480; x_wconf 89' lang='lat' dir='ltr'><strong>ubi</strong></span> <span class='ocrx_word' id='word_1_247' title='bbox 3220 1439 3410 1479; x_wconf 89' lang='lat' dir='ltr'><strong>omnes</strong></span> <span class='ocrx_word' id='word_1_248' title='bbox 3437 1422 3533 1476; x_wconf 89' lang='lat' dir='ltr'><strong>alii</strong></span> 
     </span>
    </p>
   </div>
   <div class='ocr_carea' id='block_1_37' title="bbox 1935 1486 3533 1561">
    <p class='ocr_par' dir='ltr' id='par_1_37' title="bbox 1935 1486 3533 1561">
     <span class='ocr_line' id='line_1_40' title="bbox 1935 1486 3533 1561; baseline 0.004 -21"><span class='ocrx_word' id='word_1_249' title='bbox 1935 1486 2151 1561; x_wconf 78' lang='lat' dir='ltr'><strong>cedices</strong></span> <span class='ocrx_word' id='word_1_250' title='bbox 2194 1486 2421 1544; x_wconf 83' lang='lat' dir='ltr'><strong>Viviame</strong></span> <span class='ocrx_word' id='word_1_251' title='bbox 2448 1489 2599 1543; x_wconf 92' lang='lat' dir='ltr'><strong>solus</strong></span> <span class='ocrx_word' id='word_1_252' title='bbox 2628 1491 2742 1561; x_wconf 90' lang='lat' dir='ltr'><strong>ipse</strong></span> <span class='ocrx_word' id='word_1_253' title='bbox 2776 1493 3042 1548; x_wconf 58' lang='lat' dir='ltr'><strong>Bibiana}.</strong></span> <span class='ocrx_word' id='word_1_254' title='bbox 3099 1496 3160 1550; x_wconf 89' lang='lat' dir='ltr'><strong>In</strong></span> <span class='ocrx_word' id='word_1_255' title='bbox 3190 1496 3298 1550; x_wconf 83' lang='lat' dir='ltr'><strong>ﬁne</strong></span> <span class='ocrx_word' id='word_1_256' title='bbox 3348 1500 3533 1549; x_wconf 91' lang='lat' dir='ltr'><strong>autem</strong></span> 
     </span>
    </p>
   </div>
   <div class='ocr_carea' id='block_1_38' title="bbox 1934 1557 3522 1637">
    <p class='ocr_par' dir='ltr' id='par_1_38' title="bbox 1934 1557 3522 1637">
     <span class='ocr_line' id='line_1_41' title="bbox 1934 1557 3522 1637; baseline 0.004 -26"><span class='ocrx_word' id='word_1_257' title='bbox 1934 1557 2127 1637; x_wconf 57' lang='lat' dir='ltr'><strong>adjicit</strong></span> <span class='ocrx_word' id='word_1_258' title='bbox 2160 1578 2171 1614; x_wconf 89' lang='lat'>:</span> <span class='ocrx_word' id='word_1_259' title='bbox 2226 1557 2867 1637; x_wconf 55' lang='lat' dir='ltr'><strong>«Item_Roma:,&#39;_sancti</strong></span> <span class='ocrx_word' id='word_1_260' title='bbox 2910 1564 3164 1620; x_wconf 88' lang='lat' dir='ltr'><strong>Pontiani</strong></span> <span class='ocrx_word' id='word_1_261' title='bbox 3196 1565 3475 1637; x_wconf 88' lang='lat' dir='ltr'><strong>martyris.</strong></span> <span class='ocrx_word' id='word_1_262' title='bbox 3496 1589 3522 1637; x_wconf 16' lang='lat'><strong>7-</strong></span> 
     </span>
    </p>
   </div>
   <div class='ocr_carea' id='block_1_39' title="bbox 2005 1631 3531 1701">
    <p class='ocr_par' dir='ltr' id='par_1_39' title="bbox 2005 1631 3531 1701">
     <span class='ocr_line' id='line_1_42' title="bbox 2005 1631 3531 1701; baseline 0.002 -16"><span class='ocrx_word' id='word_1_263' title='bbox 2005 1631 2258 1688; x_wconf 72' lang='lat' dir='ltr'><strong>Gnsqu.</strong></span> <span class='ocrx_word' id='word_1_264' title='bbox 2297 1650 2308 1687; x_wconf 91' lang='lat'>:</span> <span class='ocrx_word' id='word_1_265' title='bbox 2356 1655 2375 1677; x_wconf 76' lang='grc' dir='ltr'>ι</span> <span class='ocrx_word' id='word_1_266' title='bbox 2408 1633 2469 1686; x_wconf 92' lang='lat' dir='ltr'><strong>In</strong></span> <span class='ocrx_word' id='word_1_267' title='bbox 2515 1632 2864 1701; x_wconf 86' lang='lat' dir='ltr'><strong>Mauritania,</strong></span> <span class='ocrx_word' id='word_1_268' title='bbox 2923 1644 3206 1693; x_wconf 88' lang='lat' dir='ltr'><strong>santorum</strong></span> <span class='ocrx_word' id='word_1_269' title='bbox 3257 1631 3531 1701; x_wconf 81' lang='lat' dir='ltr'><strong>Securini,</strong></span> 
     </span>
    </p>
   </div>
   <div class='ocr_carea' id='block_1_40' title="bbox 1934 1700 3534 1774">
    <p class='ocr_par' dir='ltr' id='par_1_40' title="bbox 1934 1700 3534 1774">
     <span class='ocr_line' id='line_1_43' title="bbox 1934 1700 3534 1774; baseline 0.004 -19"><span class='ocrx_word' id='word_1_270' title='bbox 1934 1700 2233 1769; x_wconf 85' lang='lat' dir='ltr'><strong>Victorini,</strong></span> <span class='ocrx_word' id='word_1_271' title='bbox 2268 1703 2580 1774; x_wconf 77' lang='lat' dir='ltr'><strong>Fortunati,</strong></span> <span class='ocrx_word' id='word_1_272' title='bbox 2616 1700 2864 1774; x_wconf 81' lang='lat' dir='ltr'><strong>Agnetis,</strong></span> <span class='ocrx_word' id='word_1_273' title='bbox 2899 1706 3183 1764; x_wconf 85' lang='lat' dir='ltr'><strong>Secundae.</strong></span> <span class='ocrx_word' id='word_1_274' title='bbox 3214 1733 3232 1755; x_wconf 76' lang='grc' dir='ltr'><strong><em>ι</em></strong></span> <span class='ocrx_word' id='word_1_275' title='bbox 3278 1700 3534 1765; x_wconf 88' lang='lat' dir='ltr'><strong>Videnda</strong></span> 
     </span>
    </p>
   </div>
   <div class='ocr_carea' id='block_1_41' title="bbox 1932 1772 3527 1854">
    <p class='ocr_par' dir='ltr' id='par_1_41' title="bbox 1932 1772 3527 1854">
     <span class='ocr_line' id='line_1_44' title="bbox 1932 1772 3527 1854; baseline 0.004 -29"><span class='ocrx_word' id='word_1_276' title='bbox 1932 1780 2061 1854; x_wconf 58' lang='lat' dir='ltr'><strong>eunt</strong></span> <span class='ocrx_word' id='word_1_277' title='bbox 2091 1774 2410 1854; x_wconf 48' lang='lat' dir='ltr'><strong>apogr-apha</strong></span> <span class='ocrx_word' id='word_1_278' title='bbox 2443 1772 2893 1854; x_wconf 71' lang='lat' dir='ltr'><strong>Hieronymiana.</strong></span> <span class='ocrx_word' id='word_1_279' title='bbox 2930 1803 2964 1854; x_wconf 43' lang='grc' dir='ltr'><em>ξ</em></span> <span class='ocrx_word' id='word_1_280' title='bbox 2983 1778 3217 1854; x_wconf 85' lang='lat' dir='ltr'><strong>Longini</strong></span> <span class='ocrx_word' id='word_1_281' title='bbox 3248 1778 3527 1854; x_wconf 73' lang='lat' dir='ltr'><strong>martyris.</strong></span> 
     </span>
    </p>
   </div>
   <div class='ocr_carea' id='block_1_42' title="bbox 232 1836 3529 1921">
    <p class='ocr_par' dir='ltr' id='par_1_42' title="bbox 232 1836 3529 1921">
     <span class='ocr_line' id='line_1_45' title="bbox 232 1836 3529 1921; baseline 0.003 -29"><span class='ocrx_word' id='word_1_282' title='bbox 232 1837 444 1919; x_wconf 83' lang='lat' dir='ltr'><strong>Quibus</strong></span> <span class='ocrx_word' id='word_1_283' title='bbox 470 1839 612 1921; x_wconf 63' lang='lat' dir='ltr'><strong>male</strong></span> <span class='ocrx_word' id='word_1_284' title='bbox 630 1836 910 1921; x_wconf 72' lang='lat' dir='ltr'><strong>subnectit</strong></span> <span class='ocrx_word' id='word_1_285' title='bbox 935 1855 949 1921; x_wconf 77' lang='lat'><strong>:_</strong></span> <span class='ocrx_word' id='word_1_286' title='bbox 965 1838 1101 1917; x_wconf 58' lang='lat' dir='ltr'><strong>Quae</strong></span> <span class='ocrx_word' id='word_1_287' title='bbox 1119 1838 1353 1921; x_wconf 73' lang='lat' dir='ltr'><strong>jubente,</strong></span> <span class='ocrx_word' id='word_1_288' title='bbox 1368 1847 1513 1921; x_wconf 50' lang='lat' dir='ltr'><strong>etc,</strong></span> <span class='ocrx_word' id='word_1_289' title='bbox 1540 1856 1666 1895; x_wconf 92' lang='lat' dir='ltr'><strong>cum</strong></span> <span class='ocrx_word' id='word_1_290' title='bbox 1687 1849 1823 1921; x_wconf 88' lang='lat' dir='ltr'><strong>tunc</strong></span> <span class='ocrx_word' id='word_1_291' title='bbox 1850 1844 1896 1903; x_wconf 90' lang='grc' dir='ltr'><strong>Β</strong></span> <span class='ocrx_word' id='word_1_292' title='bbox 1926 1836 2224 1921; x_wconf 58' lang='lat' dir='ltr'><strong>Pigmeuii:</strong></span> <span class='ocrx_word' id='word_1_293' title='bbox 2252 1836 2549 1921; x_wconf 53' lang='lat' dir='ltr'><strong>Faustaiet</strong></span> <span class='ocrx_word' id='word_1_294' title='bbox 2569 1836 2833 1921; x_wconf 78' lang='lat' dir='ltr'><strong>aliorum.</strong></span> <span class='ocrx_word' id='word_1_295' title='bbox 2868 1871 2885 1893; x_wconf 77' lang='grc' dir='ltr'><strong><em>ι</em></strong></span> <span class='ocrx_word' id='word_1_296' title='bbox 2930 1836 3173 1917; x_wconf 75' lang='lat' dir='ltr'><strong>Rectius,</strong></span> <span class='ocrx_word' id='word_1_297' title='bbox 3196 1836 3413 1921; x_wconf 59' lang='lat' dir='ltr'><strong>opinor:</strong></span> <span class='ocrx_word' id='word_1_298' title='bbox 3439 1850 3529 1921; x_wconf 83' lang='lat' dir='ltr'><strong>le-</strong></span> 
     </span>
    </p>
   </div>
   <div class='ocr_carea' id='block_1_43' title="bbox 230 1908 1821 1980">
    <p class='ocr_par' dir='ltr' id='par_1_43' title="bbox 230 1908 1821 1980">
     <span class='ocr_line' id='line_1_46' title="bbox 230 1908 1821 1980; baseline 0.002 -17"><span class='ocrx_word' id='word_1_299' title='bbox 230 1910 417 1963; x_wconf 90' lang='lat' dir='ltr'><strong>omnia</strong></span> <span class='ocrx_word' id='word_1_300' title='bbox 446 1909 515 1964; x_wconf 92' lang='lat' dir='ltr'><strong>ad</strong></span> <span class='ocrx_word' id='word_1_301' title='bbox 546 1908 831 1980; x_wconf 84' lang='lat' dir='ltr'><strong>Dafrosam</strong></span> <span class='ocrx_word' id='word_1_302' title='bbox 865 1908 1048 1980; x_wconf 88' lang='lat' dir='ltr'><strong>potius</strong></span> <span class='ocrx_word' id='word_1_303' title='bbox 1074 1925 1237 1980; x_wconf 91' lang='lat' dir='ltr'><strong>quam</strong></span> <span class='ocrx_word' id='word_1_304' title='bbox 1269 1910 1336 1965; x_wconf 90' lang='lat' dir='ltr'><strong>ad</strong></span> <span class='ocrx_word' id='word_1_305' title='bbox 1367 1909 1653 1965; x_wconf 89' lang='lat' dir='ltr'><strong>Bibianam</strong></span> <span class='ocrx_word' id='word_1_306' title='bbox 1686 1913 1821 1966; x_wconf 88' lang='lat' dir='ltr'><strong>refe-</strong></span> 
     </span>
    </p>
   </div>
   <div class='ocr_carea' id='block_1_44' title="bbox 225 1978 1817 2039">
    <p class='ocr_par' dir='ltr' id='par_1_44' title="bbox 225 1978 1817 2039">
     <span class='ocr_line' id='line_1_47' title="bbox 225 1978 1817 2039; baseline 0.003 -4"><span class='ocrx_word' id='word_1_307' title='bbox 225 1988 438 2036; x_wconf 86' lang='lat' dir='ltr'><strong>rantur.</strong></span> <span class='ocrx_word' id='word_1_308' title='bbox 474 1982 550 2036; x_wconf 89' lang='lat' dir='ltr'><strong>De</strong></span> <span class='ocrx_word' id='word_1_309' title='bbox 584 1978 794 2036; x_wconf 77' lang='lat' dir='ltr'><strong>Caetero</strong></span> <span class='ocrx_word' id='word_1_310' title='bbox 822 1978 1022 2035; x_wconf 81' lang='lat' dir='ltr'><strong>similis</strong></span> <span class='ocrx_word' id='word_1_311' title='bbox 1050 1978 1133 2036; x_wconf 77' lang='lat' dir='ltr'><strong>est</strong></span> <span class='ocrx_word' id='word_1_312' title='bbox 1161 1980 1331 2036; x_wconf 88' lang='lat' dir='ltr'><strong>citato</strong></span> <span class='ocrx_word' id='word_1_313' title='bbox 1359 1980 1538 2036; x_wconf 90' lang='lat' dir='ltr'><strong>codici</strong></span> <span class='ocrx_word' id='word_1_314' title='bbox 1569 1983 1817 2039; x_wconf 79' lang='lat' dir='ltr'><strong>ALBERG.</strong></span> 
     </span>
    </p>
   </div>
   <div class='ocr_carea' id='block_1_45' title="bbox 294 2051 1819 2124">
    <p class='ocr_par' dir='ltr' id='par_1_45' title="bbox 294 2051 1819 2124">
     <span class='ocr_line' id='line_1_48' title="bbox 294 2051 1819 2124; baseline 0.001 -16"><span class='ocrx_word' id='word_1_315' title='bbox 294 2051 616 2124; x_wconf 59' lang='lat' dir='ltr'><strong>Csaream.</strong></span> <span class='ocrx_word' id='word_1_316' title='bbox 644 2070 656 2107; x_wconf 91' lang='lat'><em>:</em></span> <span class='ocrx_word' id='word_1_317' title='bbox 695 2051 998 2124; x_wconf 56' lang='lat' dir='ltr'><strong>{Cmnobio</strong></span> <span class='ocrx_word' id='word_1_318' title='bbox 1028 2051 1278 2124; x_wconf 80' lang='lat' dir='ltr'><strong>Centula.</strong></span> <span class='ocrx_word' id='word_1_319' title='bbox 1314 2068 1507 2123; x_wconf 87' lang='lat' dir='ltr'><strong>magna</strong></span> <span class='ocrx_word' id='word_1_320' title='bbox 1527 2060 1581 2108; x_wconf 93' lang='lat' dir='ltr'><strong>et</strong></span> <span class='ocrx_word' id='word_1_321' title='bbox 1601 2056 1819 2124; x_wconf 66' lang='lat' dir='ltr'><strong>praecla-</strong></span> 
     </span>
    </p>
   </div>
   <div class='ocr_carea' id='block_1_46' title="bbox 225 2122 1819 2189">
    <p class='ocr_par' dir='ltr' id='par_1_46' title="bbox 225 2122 1819 2189">
     <span class='ocr_line' id='line_1_49' title="bbox 225 2122 1819 2189; baseline 0.001 -11"><span class='ocrx_word' id='word_1_322' title='bbox 225 2139 285 2178; x_wconf 89' lang='lat' dir='ltr'><strong>ra</strong></span> <span class='ocrx_word' id='word_1_323' title='bbox 311 2123 681 2189; x_wconf 89' lang='lat' dir='ltr'><strong>sublimisque</strong></span> <span class='ocrx_word' id='word_1_324' title='bbox 701 2122 992 2189; x_wconf 86' lang='lat' dir='ltr'><strong>festivitas,</strong></span> <span class='ocrx_word' id='word_1_325' title='bbox 1021 2122 1388 2179; x_wconf 90' lang='lat' dir='ltr'><strong>decollatione</strong></span> <span class='ocrx_word' id='word_1_326' title='bbox 1416 2122 1731 2179; x_wconf 78' lang='lat' dir='ltr'><strong>Sanctorum</strong></span> <span class='ocrx_word' id='word_1_327' title='bbox 1762 2125 1819 2181; x_wconf 92' lang='lat' dir='ltr'><strong>in</strong></span> 
     </span>
    </p>
   </div>
   <div class='ocr_carea' id='block_1_47' title="bbox 224 2194 1818 2267">
    <p class='ocr_par' dir='ltr' id='par_1_47' title="bbox 224 2194 1818 2267">
     <span class='ocr_line' id='line_1_50' title="bbox 224 2194 1818 2267; baseline 0.001 -18"><span class='ocrx_word' id='word_1_328' title='bbox 224 2194 417 2250; x_wconf 90' lang='lat' dir='ltr'><strong>eodem</strong></span> <span class='ocrx_word' id='word_1_329' title='bbox 433 2194 691 2267; x_wconf 79' lang='lat' dir='ltr'><strong>ccenobio</strong></span> <span class='ocrx_word' id='word_1_330' title='bbox 706 2194 943 2267; x_wconf 83' lang='lat' dir='ltr'><strong>diversis</strong></span> <span class='ocrx_word' id='word_1_331' title='bbox 970 2194 1314 2267; x_wconf 88' lang='lat' dir='ltr'><strong>temporibus</strong></span> <span class='ocrx_word' id='word_1_332' title='bbox 1341 2202 1818 2266; x_wconf 89' lang='lat' dir='ltr'><strong>congregatorum,</strong></span> 
     </span>
    </p>
   </div>
   <div class='ocr_carea' id='block_1_48' title="bbox 224 2265 1819 2338">
    <p class='ocr_par' dir='ltr' id='par_1_48' title="bbox 224 2265 1819 2338">
     <span class='ocr_line' id='line_1_51' title="bbox 224 2265 1819 2338; baseline 0.001 -18"><span class='ocrx_word' id='word_1_333' title='bbox 224 2282 460 2338; x_wconf 85' lang='lat' dir='ltr'><strong>quorum</strong></span> <span class='ocrx_word' id='word_1_334' title='bbox 478 2265 620 2333; x_wconf 90' lang='lat' dir='ltr'><strong>dies,</strong></span> <span class='ocrx_word' id='word_1_335' title='bbox 633 2266 762 2338; x_wconf 84' lang='lat' dir='ltr'><strong>quia</strong></span> <span class='ocrx_word' id='word_1_336' title='bbox 784 2265 1111 2338; x_wconf 83' lang='lat' dir='ltr'><strong>singillatim</strong></span> <span class='ocrx_word' id='word_1_337' title='bbox 1124 2282 1235 2321; x_wconf 92' lang='lat' dir='ltr'><strong>non</strong></span> <span class='ocrx_word' id='word_1_338' title='bbox 1251 2272 1505 2337; x_wconf 87' lang='lat' dir='ltr'><strong>poterant</strong></span> <span class='ocrx_word' id='word_1_339' title='bbox 1532 2265 1819 2336; x_wconf 87' lang='lat' dir='ltr'><strong>celebrari,</strong></span> 
     </span>
    </p>
   </div>
   <div class='ocr_carea' id='block_1_49' title="bbox 220 2336 1820 2409">
    <p class='ocr_par' dir='ltr' id='par_1_49' title="bbox 220 2336 1820 2409">
     <span class='ocr_line' id='line_1_52' title="bbox 220 2336 1820 2409; baseline 0 -16"><span class='ocrx_word' id='word_1_340' title='bbox 220 2336 419 2409; x_wconf 67' lang='lat' dir='ltr'><strong>statuit</strong></span> <span class='ocrx_word' id='word_1_341' title='bbox 438 2354 577 2409; x_wconf 89' lang='lat' dir='ltr'><strong>papa</strong></span> <span class='ocrx_word' id='word_1_342' title='bbox 604 2336 903 2403; x_wconf 82' lang='lat' dir='ltr'><strong>Adrianus,</strong></span> <span class='ocrx_word' id='word_1_343' title='bbox 926 2345 989 2391; x_wconf 91' lang='lat' dir='ltr'><strong>ut</strong></span> <span class='ocrx_word' id='word_1_344' title='bbox 1015 2337 1073 2391; x_wconf 92' lang='lat' dir='ltr'><strong>in</strong></span> <span class='ocrx_word' id='word_1_345' title='bbox 1100 2338 1189 2393; x_wconf 91' lang='lat' dir='ltr'><strong>die</strong></span> <span class='ocrx_word' id='word_1_346' title='bbox 1218 2336 1321 2409; x_wconf 84' lang='lat' dir='ltr'><strong>hac</strong></span> <span class='ocrx_word' id='word_1_347' title='bbox 1340 2353 1532 2391; x_wconf 90' lang='lat' dir='ltr'><strong>eorum</strong></span> <span class='ocrx_word' id='word_1_348' title='bbox 1552 2338 1820 2409; x_wconf 87' lang='lat' dir='ltr'><strong>solemni-</strong></span> 
     </span>
    </p>
   </div>
   <div class='ocr_carea' id='block_1_50' title="bbox 220 2408 1824 2479">
    <p class='ocr_par' dir='ltr' id='par_1_50' title="bbox 220 2408 1824 2479">
     <span class='ocr_line' id='line_1_53' title="bbox 220 2408 1824 2479; baseline 0.001 -15"><span class='ocrx_word' id='word_1_349' title='bbox 220 2416 307 2464; x_wconf 88' lang='lat' dir='ltr'><strong>tas</strong></span> <span class='ocrx_word' id='word_1_350' title='bbox 340 2408 655 2464; x_wconf 81' lang='lat' dir='ltr'><strong>duceretur.</strong></span> <span class='ocrx_word' id='word_1_351' title='bbox 701 2410 909 2476; x_wconf 76' lang='lat' dir='ltr'><strong>Romae,</strong></span> <span class='ocrx_word' id='word_1_352' title='bbox 942 2416 1142 2463; x_wconf 65' lang='lat' dir='ltr'><strong>sanctae</strong></span> <span class='ocrx_word' id='word_1_353' title='bbox 1192 2408 1445 2463; x_wconf 67' lang='lat' dir='ltr'><strong>Viviana</strong></span> <span class='ocrx_word' id='word_1_354' title='bbox 1508 2408 1742 2479; x_wconf 83' lang='lat' dir='ltr'><strong>virginis</strong></span> <span class='ocrx_word' id='word_1_355' title='bbox 1769 2418 1824 2465; x_wconf 88' lang='lat' dir='ltr'><strong>et</strong></span> 
     </span>
    </p>
   </div>
   <div class='ocr_carea' id='block_1_51' title="bbox 219 2479 1822 2553">
    <p class='ocr_par' dir='ltr' id='par_1_51' title="bbox 219 2479 1822 2553">
     <span class='ocr_line' id='line_1_54' title="bbox 219 2479 1822 2553; baseline 0.002 -19"><span class='ocrx_word' id='word_1_356' title='bbox 219 2480 511 2553; x_wconf 72' lang='lat' dir='ltr'><strong>martyris.</strong></span> <span class='ocrx_word' id='word_1_357' title='bbox 538 2482 662 2551; x_wconf 91' lang='lat' dir='ltr'><strong>Ipso</strong></span> <span class='ocrx_word' id='word_1_358' title='bbox 687 2479 797 2546; x_wconf 90' lang='lat' dir='ltr'><strong>die,</strong></span> <span class='ocrx_word' id='word_1_359' title='bbox 848 2487 1162 2553; x_wconf 85' lang='lat' dir='ltr'><strong>sanctorum</strong></span> <span class='ocrx_word' id='word_1_360' title='bbox 1195 2479 1329 2553; x_wconf 85' lang='lat' dir='ltr'><strong>Veri</strong></span> <span class='ocrx_word' id='word_1_361' title='bbox 1373 2487 1426 2534; x_wconf 88' lang='lat' dir='ltr'><strong>et</strong></span> <span class='ocrx_word' id='word_1_362' title='bbox 1455 2479 1666 2546; x_wconf 90' lang='lat' dir='ltr'><strong>Securi,</strong></span> <span class='ocrx_word' id='word_1_363' title='bbox 1724 2483 1822 2553; x_wconf 89' lang='lat' dir='ltr'><strong>qui</strong></span> 
     </span>
    </p>
   </div>
   <div class='ocr_carea' id='block_1_52' title="bbox 215 2550 1450 2623">
    <p class='ocr_par' dir='ltr' id='par_1_52' title="bbox 215 2550 1450 2623">
     <span class='ocr_line' id='line_1_55' title="bbox 215 2550 1450 2623; baseline 0 -18"><span class='ocrx_word' id='word_1_364' title='bbox 215 2550 641 2623; x_wconf 28' lang='lat' dir='ltr'><strong>apud’Africam</strong></span> <span class='ocrx_word' id='word_1_365' title='bbox 673 2550 940 2623; x_wconf 87' lang='lat' dir='ltr'><strong>martyrio</strong></span> <span class='ocrx_word' id='word_1_366' title='bbox 968 2551 1215 2607; x_wconf 89' lang='lat' dir='ltr'><strong>coronati</strong></span> <span class='ocrx_word' id='word_1_367' title='bbox 1243 2558 1393 2623; x_wconf 77' lang='lat' dir='ltr'><strong>sunt.</strong></span> <span class='ocrx_word' id='word_1_368' title='bbox 1430 2575 1450 2597; x_wconf 78' lang='grc' dir='ltr'><strong><em>ι</em></strong></span> 
     </span>
    </p>
   </div>
   <div class='ocr_carea' id='block_1_53' title="bbox 292 2620 1823 2702">
    <p class='ocr_par' dir='ltr' id='par_1_53' title="bbox 292 2620 1823 2702">
     <span class='ocr_line' id='line_1_56' title="bbox 292 2620 1823 2702; baseline 0.001 -25"><span class='ocrx_word' id='word_1_369' title='bbox 292 2622 684 2702; x_wconf 45' lang='grc' dir='ltr'><strong>Βιιυχειειεκέ</strong></span> <span class='ocrx_word' id='word_1_370' title='bbox 725 2646 744 2670; x_wconf 76' lang='grc' dir='ltr'>ι</span> <span class='ocrx_word' id='word_1_371' title='bbox 771 2620 979 2678; x_wconf 79' lang='lat' dir='ltr'><strong>octava</strong></span> <span class='ocrx_word' id='word_1_372' title='bbox 1007 2629 1209 2677; x_wconf 71' lang='lat' dir='ltr'><strong>sancta:</strong></span> <span class='ocrx_word' id='word_1_373' title='bbox 1233 2621 1571 2702; x_wconf 38' lang='lat' dir='ltr'><strong>Igatheri-nai“</strong></span> <span class='ocrx_word' id='word_1_374' title='bbox 1586 2620 1823 2702; x_wconf 73' lang='lat' dir='ltr'><strong>virginis</strong></span> 
     </span>
    </p>
   </div>
   <div class='ocr_carea' id='block_1_54' title="bbox 213 2691 1822 2765">
    <p class='ocr_par' dir='ltr' id='par_1_54' title="bbox 213 2691 1822 2765">
     <span class='ocr_line' id='line_1_57' title="bbox 213 2691 1822 2765; baseline -0.001 -16"><span class='ocrx_word' id='word_1_375' title='bbox 213 2702 272 2750; x_wconf 88' lang='lat' dir='ltr'><strong>et</strong></span> <span class='ocrx_word' id='word_1_376' title='bbox 304 2694 586 2765; x_wconf 85' lang='lat' dir='ltr'><strong>martyris.</strong></span> <span class='ocrx_word' id='word_1_377' title='bbox 636 2695 1207 2765; x_wconf 7' lang='lat' dir='ltr'><strong>Romanisanctorum</strong></span> <span class='ocrx_word' id='word_1_378' title='bbox 1253 2691 1495 2765; x_wconf 87' lang='lat' dir='ltr'><strong>Pimicii,</strong></span> <span class='ocrx_word' id='word_1_379' title='bbox 1532 2691 1822 2761; x_wconf 87' lang='lat' dir='ltr'><strong>Ponciani,</strong></span> 
     </span>
    </p>
   </div>
   <div class='ocr_carea' id='block_1_55' title="bbox 215 2763 1822 2831">
    <p class='ocr_par' dir='ltr' id='par_1_55' title="bbox 215 2763 1822 2831">
     <span class='ocr_line' id='line_1_58' title="bbox 215 2763 1822 2831; baseline -0.001 -9"><span class='ocrx_word' id='word_1_380' title='bbox 215 2763 526 2822; x_wconf 28' lang='lat' dir='ltr'><strong>Viviani‘et</strong></span> <span class='ocrx_word' id='word_1_381' title='bbox 543 2765 781 2821; x_wconf 91' lang='lat' dir='ltr'><strong>aliorum</strong></span> <span class='ocrx_word' id='word_1_382' title='bbox 800 2764 994 2820; x_wconf 90' lang='lat' dir='ltr'><strong>trium.</strong></span> <span class='ocrx_word' id='word_1_383' title='bbox 1019 2766 1082 2821; x_wconf 94' lang='lat' dir='ltr'><strong>In</strong></span> <span class='ocrx_word' id='word_1_384' title='bbox 1109 2763 1460 2831; x_wconf 85' lang='lat' dir='ltr'><strong>Mauritania,</strong></span> <span class='ocrx_word' id='word_1_385' title='bbox 1492 2765 1674 2819; x_wconf 90' lang='lat' dir='ltr'><strong>natale</strong></span> <span class='ocrx_word' id='word_1_386' title='bbox 1704 2781 1822 2820; x_wconf 90' lang='lat' dir='ltr'><strong>san-</strong></span> 
     </span>
    </p>
   </div>
   <div class='ocr_carea' id='block_1_56' title="bbox 211 2835 1824 2905">
    <p class='ocr_par' dir='ltr' id='par_1_56' title="bbox 211 2835 1824 2905">
     <span class='ocr_line' id='line_1_59' title="bbox 211 2835 1824 2905; baseline 0 -14"><span class='ocrx_word' id='word_1_387' title='bbox 211 2845 434 2892; x_wconf 91' lang='lat' dir='ltr'><strong>ctorum</strong></span> <span class='ocrx_word' id='word_1_388' title='bbox 466 2836 654 2892; x_wconf 87' lang='lat' dir='ltr'><strong>Severi</strong></span> <span class='ocrx_word' id='word_1_389' title='bbox 684 2846 739 2892; x_wconf 89' lang='lat' dir='ltr'><strong>et</strong></span> <span class='ocrx_word' id='word_1_390' title='bbox 781 2836 970 2891; x_wconf 92' lang='lat' dir='ltr'><strong>Securi</strong></span> <span class='ocrx_word' id='word_1_391' title='bbox 1018 2836 1271 2905; x_wconf 83' lang='lat' dir='ltr'><strong>fratrum,</strong></span> <span class='ocrx_word' id='word_1_392' title='bbox 1316 2852 1379 2891; x_wconf 91' lang='lat' dir='ltr'><strong>ac</strong></span> <span class='ocrx_word' id='word_1_393' title='bbox 1430 2835 1710 2892; x_wconf 84' lang='lat' dir='ltr'><strong>Victorini</strong></span> <span class='ocrx_word' id='word_1_394' title='bbox 1769 2844 1824 2891; x_wconf 94' lang='lat' dir='ltr'><strong>et</strong></span> 
     </span>
    </p>
   </div>
   <div class='ocr_carea' id='block_1_57' title="bbox 212 2907 1824 2989">
    <p class='ocr_par' dir='ltr' id='par_1_57' title="bbox 212 2907 1824 2989">
     <span class='ocr_line' id='line_1_60' title="bbox 212 2907 1824 2989; baseline 0 -26"><span class='ocrx_word' id='word_1_395' title='bbox 212 2907 535 2989; x_wconf 67' lang='lat' dir='ltr'><strong>Fortunati,</strong></span> <span class='ocrx_word' id='word_1_396' title='bbox 750 2907 896 2988; x_wconf 77' lang='lat' dir='ltr'><strong>apud</strong></span> <span class='ocrx_word' id='word_1_397' title='bbox 948 2907 1200 2989; x_wconf 58' lang='lat' dir='ltr'><strong>Africam</strong></span> <span class='ocrx_word' id='word_1_398' title='bbox 1249 2907 1518 2979; x_wconf 88' lang='lat' dir='ltr'><strong>martyrio</strong></span> <span class='ocrx_word' id='word_1_399' title='bbox 1576 2907 1824 2964; x_wconf 89' lang='lat' dir='ltr'><strong>coronati</strong></span> 
     </span>
    </p>
   </div>
   <div class='ocr_carea' id='block_1_58' title="bbox 210 2978 1413 3034">
    <p class='ocr_par' dir='ltr' id='par_1_58' title="bbox 210 2978 1413 3034">
     <span class='ocr_line' id='line_1_61' title="bbox 210 2978 1413 3034; baseline 0 0"><span class='ocrx_word' id='word_1_400' title='bbox 210 2987 373 3034; x_wconf 88' lang='lat' dir='ltr'><strong>sunt.</strong></span> <span class='ocrx_word' id='word_1_401' title='bbox 417 3003 436 3026; x_wconf 79' lang='grc' dir='ltr'><strong><em>ι</em></strong></span> <span class='ocrx_word' id='word_1_402' title='bbox 481 2980 545 3034; x_wconf 91' lang='lat' dir='ltr'><strong>In</strong></span> <span class='ocrx_word' id='word_1_403' title='bbox 579 2978 811 3033; x_wconf 81' lang='lat' dir='ltr'><strong>Bibiana</strong></span> <span class='ocrx_word' id='word_1_404' title='bbox 836 2978 1037 3034; x_wconf 90' lang='lat' dir='ltr'><strong>similis</strong></span> <span class='ocrx_word' id='word_1_405' title='bbox 1064 2987 1143 3034; x_wconf 90' lang='lat' dir='ltr'><strong>est</strong></span> <span class='ocrx_word' id='word_1_406' title='bbox 1164 2978 1413 3034; x_wconf 67' lang='lat' dir='ltr'><strong>Annua.</strong></span> 
     </span>
    </p>
   </div>
   <div class='ocr_carea' id='block_1_59' title="bbox 295 3049 1823 3122">
    <p class='ocr_par' dir='ltr' id='par_1_59' title="bbox 295 3049 1823 3122">
     <span class='ocr_line' id='line_1_62' title="bbox 295 3049 1823 3122; baseline 0 -17"><span class='ocrx_word' id='word_1_407' title='bbox 295 3051 665 3122; x_wconf 58' lang='lat' dir='ltr'><strong>Haemoniis.</strong></span> <span class='ocrx_word' id='word_1_408' title='bbox 694 3067 706 3104; x_wconf 88' lang='lat'>:</span> <span class='ocrx_word' id='word_1_409' title='bbox 736 3072 755 3096; x_wconf 80' lang='grc' dir='ltr'>ι</span> <span class='ocrx_word' id='word_1_410' title='bbox 782 3049 939 3122; x_wconf 83' lang='lat' dir='ltr'><strong>Apud</strong></span> <span class='ocrx_word' id='word_1_411' title='bbox 968 3050 1252 3118; x_wconf 80' lang='lat' dir='ltr'><strong>Aﬁ‘ricam,</strong></span> <span class='ocrx_word' id='word_1_412' title='bbox 1276 3050 1457 3122; x_wconf 88' lang='lat' dir='ltr'><strong>natale</strong></span> <span class='ocrx_word' id='word_1_413' title='bbox 1485 3050 1661 3122; x_wconf 88' lang='lat' dir='ltr'><strong>sancti</strong></span> <span class='ocrx_word' id='word_1_414' title='bbox 1691 3050 1823 3106; x_wconf 92' lang='lat' dir='ltr'><strong>Veri</strong></span> 
     </span>
    </p>
   </div>
   <div class='ocr_carea' id='block_1_60' title="bbox 213 3120 1824 3193">
    <p class='ocr_par' dir='ltr' id='par_1_60' title="bbox 213 3120 1824 3193">
     <span class='ocr_line' id='line_1_63' title="bbox 213 3120 1824 3193; baseline 0.001 -17"><span class='ocrx_word' id='word_1_415' title='bbox 213 3128 282 3176; x_wconf 88' lang='lat' dir='ltr'><strong>et</strong></span> <span class='ocrx_word' id='word_1_416' title='bbox 313 3120 512 3193; x_wconf 83' lang='lat' dir='ltr'><strong>Securi</strong></span> <span class='ocrx_word' id='word_1_417' title='bbox 544 3120 794 3193; x_wconf 81' lang='lat' dir='ltr'><strong>fratrum,</strong></span> <span class='ocrx_word' id='word_1_418' title='bbox 825 3120 916 3192; x_wconf 85' lang='lat' dir='ltr'><strong>qui</strong></span> <span class='ocrx_word' id='word_1_419' title='bbox 965 3122 1067 3178; x_wconf 88' lang='lat' dir='ltr'><strong>sub</strong></span> <span class='ocrx_word' id='word_1_420' title='bbox 1117 3121 1363 3193; x_wconf 86' lang='lat' dir='ltr'><strong>Hunrico</strong></span> <span class='ocrx_word' id='word_1_421' title='bbox 1415 3121 1652 3176; x_wconf 87' lang='lat' dir='ltr'><strong>Arriano</strong></span> <span class='ocrx_word' id='word_1_422' title='bbox 1701 3137 1824 3193; x_wconf 86' lang='lat' dir='ltr'><strong>rege</strong></span> 
     </span>
    </p>
   </div>
   <div class='ocr_carea' id='block_1_61' title="bbox 211 3191 1810 3262">
    <p class='ocr_par' dir='ltr' id='par_1_61' title="bbox 211 3191 1810 3262">
     <span class='ocr_line' id='line_1_64' title="bbox 211 3191 1810 3262; baseline 0.003 -18"><span class='ocrx_word' id='word_1_423' title='bbox 211 3191 501 3262; x_wconf 75' lang='lat' dir='ltr'><strong>martyrio</strong></span> <span class='ocrx_word' id='word_1_424' title='bbox 526 3192 768 3246; x_wconf 90' lang='lat' dir='ltr'><strong>coronati</strong></span> <span class='ocrx_word' id='word_1_425' title='bbox 815 3201 960 3248; x_wconf 87' lang='lat' dir='ltr'><strong>sunt.</strong></span> <span class='ocrx_word' id='word_1_426' title='bbox 988 3219 1007 3242; x_wconf 77' lang='grc' dir='ltr'><strong>ι</strong></span> <span class='ocrx_word' id='word_1_427' title='bbox 1049 3194 1111 3249; x_wconf 91' lang='lat' dir='ltr'><strong>In</strong></span> <span class='ocrx_word' id='word_1_428' title='bbox 1140 3192 1370 3248; x_wconf 89' lang='lat' dir='ltr'><strong>Bibiana</strong></span> <span class='ocrx_word' id='word_1_429' title='bbox 1412 3208 1525 3247; x_wconf 91' lang='lat' dir='ltr'><strong>non</strong></span> <span class='ocrx_word' id='word_1_430' title='bbox 1573 3191 1810 3248; x_wconf 87' lang='lat' dir='ltr'><strong>multum</strong></span> 
     </span>
    </p>
   </div>
   <div class='ocr_carea' id='block_1_62' title="bbox 210 3261 1810 3332">
    <p class='ocr_par' dir='ltr' id='par_1_62' title="bbox 210 3261 1810 3332">
     <span class='ocr_line' id='line_1_65' title="bbox 210 3261 1810 3332; baseline 0.001 -15"><span class='ocrx_word' id='word_1_431' title='bbox 210 3261 415 3317; x_wconf 76' lang='lat' dir='ltr'><strong>differt</strong></span> <span class='ocrx_word' id='word_1_432' title='bbox 443 3262 512 3317; x_wconf 90' lang='lat' dir='ltr'><strong>ab</strong></span> <span class='ocrx_word' id='word_1_433' title='bbox 540 3264 1024 3332; x_wconf 72' lang='lat' dir='ltr'><strong>ANTURRP.-MAX.,</strong></span> <span class='ocrx_word' id='word_1_434' title='bbox 1056 3271 1160 3319; x_wconf 90' lang='lat' dir='ltr'><strong>etc.</strong></span> <span class='ocrx_word' id='word_1_435' title='bbox 1193 3264 1332 3319; x_wconf 90' lang='lat' dir='ltr'><strong>Tum</strong></span> <span class='ocrx_word' id='word_1_436' title='bbox 1356 3264 1576 3319; x_wconf 90' lang='lat' dir='ltr'><strong>subdit:</strong></span> <span class='ocrx_word' id='word_1_437' title='bbox 1626 3288 1643 3310; x_wconf 77' lang='grc' dir='ltr'>ι</span> <span class='ocrx_word' id='word_1_438' title='bbox 1674 3265 1810 3318; x_wconf 91' lang='lat' dir='ltr'><strong>Item</strong></span> 
     </span>
    </p>
   </div>
   <div class='ocr_carea' id='block_1_63' title="bbox 210 3334 1813 3407">
    <p class='ocr_par' dir='ltr' id='par_1_63' title="bbox 210 3334 1813 3407">
     <span class='ocr_line' id='line_1_66' title="bbox 210 3334 1813 3407; baseline -0.001 -18"><span class='ocrx_word' id='word_1_439' title='bbox 210 3334 433 3407; x_wconf 67' lang='lat' dir='ltr'><strong>Romae,</strong></span> <span class='ocrx_word' id='word_1_440' title='bbox 466 3334 967 3407; x_wconf 79' lang='lat' dir='ltr'><strong>natale__beatorum</strong></span> <span class='ocrx_word' id='word_1_441' title='bbox 1024 3342 1331 3407; x_wconf 90' lang='lat' dir='ltr'><strong>martyrum</strong></span> <span class='ocrx_word' id='word_1_442' title='bbox 1366 3335 1596 3407; x_wconf 78' lang='lat' dir='ltr'><strong>Christi,</strong></span> <span class='ocrx_word' id='word_1_443' title='bbox 1628 3334 1813 3389; x_wconf 87' lang='lat' dir='ltr'><strong>Fausti</strong></span> 
     </span>
    </p>
   </div>
   <div class='ocr_carea' id='block_1_64' title="bbox 206 3404 1815 3477">
    <p class='ocr_par' dir='ltr' id='par_1_64' title="bbox 206 3404 1815 3477">
     <span class='ocr_line' id='line_1_67' title="bbox 206 3404 1815 3477; baseline 0 -19"><span class='ocrx_word' id='word_1_444' title='bbox 206 3412 266 3458; x_wconf 87' lang='lat' dir='ltr'><strong>et</strong></span> <span class='ocrx_word' id='word_1_445' title='bbox 286 3404 559 3477; x_wconf 68' lang='lat' dir='ltr'><strong>Dafrosiae</strong></span> <span class='ocrx_word' id='word_1_446' title='bbox 605 3404 733 3477; x_wconf 66' lang='lat' dir='ltr'><strong>ﬁliai</strong></span> <span class='ocrx_word' id='word_1_447' title='bbox 761 3405 899 3476; x_wconf 87' lang='lat' dir='ltr'><strong>ejus.</strong></span> <span class='ocrx_word' id='word_1_448' title='bbox 927 3432 945 3453; x_wconf 74' lang='grc' dir='ltr'>ι</span> <span class='ocrx_word' id='word_1_449' title='bbox 1000 3407 1091 3462; x_wconf 91' lang='lat' dir='ltr'><strong>Sic</strong></span> <span class='ocrx_word' id='word_1_450' title='bbox 1120 3404 1385 3477; x_wconf 80' lang='lat' dir='ltr'><strong>paulatim</strong></span> <span class='ocrx_word' id='word_1_451' title='bbox 1404 3405 1590 3477; x_wconf 84' lang='lat' dir='ltr'><strong>sancti</strong></span> <span class='ocrx_word' id='word_1_452' title='bbox 1620 3420 1815 3477; x_wconf 82' lang='lat' dir='ltr'><strong>accre-</strong></span> 
     </span>
    </p>
   </div>
   <div class='ocr_carea' id='block_1_65' title="bbox 205 3475 1814 3549">
    <p class='ocr_par' dir='ltr' id='par_1_65' title="bbox 205 3475 1814 3549">
     <span class='ocr_line' id='line_1_68' title="bbox 205 3475 1814 3549; baseline 0.001 -21"><span class='ocrx_word' id='word_1_453' title='bbox 205 3482 378 3549; x_wconf 60' lang='lat' dir='ltr'><strong>ecunt</strong></span> <span class='ocrx_word' id='word_1_454' title='bbox 407 3475 730 3549; x_wconf 78' lang='lat' dir='ltr'><strong>et_imper_ite</strong></span> <span class='ocrx_word' id='word_1_455' title='bbox 760 3475 1222 3549; x_wconf 78' lang='lat' dir='ltr'><strong>multiplicantur.</strong></span> <span class='ocrx_word' id='word_1_456' title='bbox 1241 3476 1483 3549; x_wconf 87' lang='lat' dir='ltr'><strong>Deinde:</strong></span> <span class='ocrx_word' id='word_1_457' title='bbox 1526 3475 1814 3549; x_wconf 73' lang='lat' dir='ltr'><strong>«_Civit_ate</strong></span> 
     </span>
    </p>
   </div>
   <div class='ocr_carea' id='block_1_66' title="bbox 208 3544 1800 3626">
    <p class='ocr_par' dir='ltr' id='par_1_66' title="bbox 208 3544 1800 3626">
     <span class='ocr_line' id='line_1_69' title="bbox 208 3544 1800 3626; baseline 0 -26"><span class='ocrx_word' id='word_1_458' title='bbox 208 3546 422 3626; x_wconf 67' lang='lat' dir='ltr'><strong>Qarina</strong></span> <span class='ocrx_word' id='word_1_459' title='bbox 457 3544 580 3619; x_wconf 73' lang='lat' dir='ltr'><strong>[prb</strong></span> <span class='ocrx_word' id='word_1_460' title='bbox 616 3544 1800 3626; x_wconf 41' lang='lat' dir='ltr'><strong>Narnia]_depositio_Pr9culipresbyteri...</strong></span> 
     </span>
    </p>
   </div>
   <div class='ocr_carea' id='block_1_67' title="bbox 208 3616 1813 3685">
    <p class='ocr_par' dir='ltr' id='par_1_67' title="bbox 208 3616 1813 3685">
     <span class='ocr_line' id='line_1_70' title="bbox 208 3616 1813 3685; baseline -0.001 -14"><span class='ocrx_word' id='word_1_461' title='bbox 208 3617 301 3675; x_wconf 72' lang='lat' dir='ltr'><strong>Ex</strong></span> <span class='ocrx_word' id='word_1_462' title='bbox 328 3616 420 3672; x_wconf 89' lang='lat' dir='ltr'><strong>die</strong></span> <span class='ocrx_word' id='word_1_463' title='bbox 455 3616 1073 3685; x_wconf 51' lang='lat' dir='ltr'><strong>praecedenti-Rursus:</strong></span> <span class='ocrx_word' id='word_1_464' title='bbox 1110 3645 1128 3668; x_wconf 80' lang='grc' dir='ltr'>ι</span> <span class='ocrx_word' id='word_1_465' title='bbox 1160 3618 1368 3675; x_wconf 89' lang='lat' dir='ltr'><strong>Eodem</strong></span> <span class='ocrx_word' id='word_1_466' title='bbox 1399 3618 1510 3685; x_wconf 90' lang='lat' dir='ltr'><strong>die,</strong></span> <span class='ocrx_word' id='word_1_467' title='bbox 1542 3616 1813 3685; x_wconf 88' lang='lat' dir='ltr'><strong>depositio</strong></span> 
     </span>
    </p>
   </div>
   <div class='ocr_carea' id='block_1_68' title="bbox 208 3687 1812 3761">
    <p class='ocr_par' dir='ltr' id='par_1_68' title="bbox 208 3687 1812 3761">
     <span class='ocr_line' id='line_1_71' title="bbox 208 3687 1812 3761; baseline 0 -19"><span class='ocrx_word' id='word_1_468' title='bbox 208 3688 390 3761; x_wconf 84' lang='lat' dir='ltr'><strong>sancti</strong></span> <span class='ocrx_word' id='word_1_469' title='bbox 444 3687 634 3744; x_wconf 87' lang='lat' dir='ltr'><strong>Evasii</strong></span> <span class='ocrx_word' id='word_1_470' title='bbox 691 3691 930 3761; x_wconf 88' lang='lat' dir='ltr'><strong>episcopi</strong></span> <span class='ocrx_word' id='word_1_471' title='bbox 959 3701 1014 3747; x_wconf 91' lang='lat' dir='ltr'><strong>et</strong></span> <span class='ocrx_word' id='word_1_472' title='bbox 1060 3690 1408 3747; x_wconf 84' lang='lat' dir='ltr'><strong>confessoris.</strong></span> <span class='ocrx_word' id='word_1_473' title='bbox 1443 3714 1462 3737; x_wconf 76' lang='grc' dir='ltr'><strong>ι</strong></span> <span class='ocrx_word' id='word_1_474' title='bbox 1518 3688 1595 3761; x_wconf 80' lang='lat' dir='ltr'><strong>At</strong></span> <span class='ocrx_word' id='word_1_475' title='bbox 1621 3687 1717 3743; x_wconf 88' lang='lat' dir='ltr'><strong>hic</strong></span> <span class='ocrx_word' id='word_1_476' title='bbox 1753 3687 1812 3761; x_wconf 84' lang='lat' dir='ltr'><strong>in</strong></span> 
     </span>
    </p>
   </div>
   <div class='ocr_carea' id='block_1_69' title="bbox 214 3759 1812 3833">
    <p class='ocr_par' dir='ltr' id='par_1_69' title="bbox 214 3759 1812 3833">
     <span class='ocr_line' id='line_1_72' title="bbox 214 3759 1812 3833; baseline 0.001 -21"><span class='ocrx_word' id='word_1_477' title='bbox 214 3760 468 3833; x_wconf 71' lang='lat' dir='ltr'><strong>Romanu</strong></span> <span class='ocrx_word' id='word_1_478' title='bbox 486 3759 842 3831; x_wconf 41' lang='lat' dir='ltr'><strong>ponitur—hoc</strong></span> <span class='ocrx_word' id='word_1_479' title='bbox 861 3759 971 3818; x_wconf 90' lang='lat' dir='ltr'><strong>die.</strong></span> <span class='ocrx_word' id='word_1_480' title='bbox 996 3765 1227 3818; x_wconf 88' lang='lat' dir='ltr'><strong>Demum</strong></span> <span class='ocrx_word' id='word_1_481' title='bbox 1255 3780 1267 3817; x_wconf 91' lang='lat'><strong>:</strong></span> <span class='ocrx_word' id='word_1_482' title='bbox 1307 3787 1325 3809; x_wconf 77' lang='grc' dir='ltr'><strong>ε</strong></span> <span class='ocrx_word' id='word_1_483' title='bbox 1355 3762 1479 3833; x_wconf 92' lang='lat' dir='ltr'><strong>Ipso</strong></span> <span class='ocrx_word' id='word_1_484' title='bbox 1498 3759 1608 3827; x_wconf 91' lang='lat' dir='ltr'><strong>die,</strong></span> <span class='ocrx_word' id='word_1_485' title='bbox 1631 3759 1812 3814; x_wconf 86' lang='lat' dir='ltr'><strong>natale</strong></span> 
     </span>
    </p>
   </div>
   <div class='ocr_carea' id='block_1_70' title="bbox 212 3828 946 3904">
    <p class='ocr_par' dir='ltr' id='par_1_70' title="bbox 212 3828 946 3904">
     <span class='ocr_line' id='line_1_73' title="bbox 212 3828 946 3904; baseline 0.007 -21"><span class='ocrx_word' id='word_1_486' title='bbox 212 3828 366 3904; x_wconf 75' lang='lat' dir='ltr'><strong>beati</strong></span> <span class='ocrx_word' id='word_1_487' title='bbox 402 3828 577 3886; x_wconf 78' lang='lat' dir='ltr'><strong>Mauri</strong></span> <span class='ocrx_word' id='word_1_488' title='bbox 590 3834 892 3904; x_wconf 80' lang='lat' dir='ltr'><strong>martyris.</strong></span> <span class='ocrx_word' id='word_1_489' title='bbox 927 3859 946 3881; x_wconf 76' lang='grc' dir='ltr'><strong><em>ι</em></strong></span> 
     </span>
    </p>
   </div>
   <div class='ocr_carea' id='block_1_71' title="bbox 293 3901 1814 3975">
    <p class='ocr_par' dir='ltr' id='par_1_71' title="bbox 293 3901 1814 3975">
     <span class='ocr_line' id='line_1_74' title="bbox 293 3901 1814 3975; baseline 0 -20"><span class='ocrx_word' id='word_1_490' title='bbox 293 3901 1199 3975; x_wconf 64' lang='lat' dir='ltr'><strong>Munia-Caurus-Utrnusc&#39;r.</strong></span> <span class='ocrx_word' id='word_1_491' title='bbox 1238 3923 1324 3975; x_wconf 78' lang='lat'><strong>:_-</strong></span> <span class='ocrx_word' id='word_1_492' title='bbox 1347 3903 1527 3975; x_wconf 73' lang='lat' dir='ltr'><strong>Eligii</strong></span> <span class='ocrx_word' id='word_1_493' title='bbox 1572 3901 1814 3975; x_wconf 86' lang='lat' dir='ltr'><strong>episcopi</strong></span> 
     </span>
    </p>
   </div>
   <div class='ocr_carea' id='block_1_72' title="bbox 211 3972 1806 4045">
    <p class='ocr_par' dir='ltr' id='par_1_72' title="bbox 211 3972 1806 4045">
     <span class='ocr_line' id='line_1_75' title="bbox 211 3972 1806 4045; baseline -0.001 -18"><span class='ocrx_word' id='word_1_494' title='bbox 211 3978 291 4045; x_wconf 85' lang='lat' dir='ltr'><strong>et_</strong></span> <span class='ocrx_word' id='word_1_495' title='bbox 313 3972 704 4045; x_wconf 66' lang='lat' dir='ltr'><strong>confessoris.»</strong></span> <span class='ocrx_word' id='word_1_496' title='bbox 755 3975 894 4031; x_wconf 87' lang='lat' dir='ltr'><strong>Vide</strong></span> <span class='ocrx_word' id='word_1_497' title='bbox 949 3974 1039 4029; x_wconf 88' lang='lat' dir='ltr'><strong>die</strong></span> <span class='ocrx_word' id='word_1_498' title='bbox 1088 3972 1463 4045; x_wconf 58' lang='lat' dir='ltr'><strong>praecedentif</strong></span> <span class='ocrx_word' id='word_1_499' title='bbox 1499 3972 1806 4045; x_wconf 75' lang='lat' dir='ltr'><strong>Sequitur:</strong></span> 
     </span>
    </p>
   </div>
   <div class='ocr_carea' id='block_1_73' title="bbox 226 4042 1812 4117">
    <p class='ocr_par' dir='ltr' id='par_1_73' title="bbox 226 4042 1812 4117">
     <span class='ocr_line' id='line_1_76' title="bbox 226 4042 1812 4117; baseline 0 -20"><span class='ocrx_word' id='word_1_500' title='bbox 226 4042 509 4117; x_wconf 80' lang='lat' dir='ltr'><strong>-_Longini</strong></span> <span class='ocrx_word' id='word_1_501' title='bbox 527 4047 806 4117; x_wconf 88' lang='lat' dir='ltr'><strong>martyris,</strong></span> <span class='ocrx_word' id='word_1_502' title='bbox 830 4045 926 4117; x_wconf 90' lang='lat' dir='ltr'><strong>qui</strong></span> <span class='ocrx_word' id='word_1_503' title='bbox 950 4042 1335 4117; x_wconf 29' lang='lat' dir='ltr'><strong>latusiDomini</strong></span> <span class='ocrx_word' id='word_1_504' title='bbox 1355 4042 1601 4117; x_wconf 78' lang='lat' dir='ltr'><strong>tempore</strong></span> <span class='ocrx_word' id='word_1_505' title='bbox 1610 4044 1812 4117; x_wconf 41' lang='lat' dir='ltr'><strong>passio:</strong></span> 
     </span>
    </p>
   </div>
   <div class='ocr_carea' id='block_1_74' title="bbox 208 4113 1813 4180">
    <p class='ocr_par' dir='ltr' id='par_1_74' title="bbox 208 4113 1813 4180">
     <span class='ocr_line' id='line_1_77' title="bbox 208 4113 1813 4180; baseline 0.001 -13"><span class='ocrx_word' id='word_1_506' title='bbox 208 4114 301 4168; x_wconf 90' lang='lat' dir='ltr'><strong>nis</strong></span> <span class='ocrx_word' id='word_1_507' title='bbox 328 4113 648 4172; x_wconf 83' lang='lat' dir='ltr'><strong>transfodit.</strong></span> <span class='ocrx_word' id='word_1_508' title='bbox 673 4113 697 4164; x_wconf 65' lang='grc' dir='ltr'><strong>ἱ</strong></span> <span class='ocrx_word' id='word_1_509' title='bbox 744 4113 887 4173; x_wconf 81' lang='lat' dir='ltr'><strong>Vide</strong></span> <span class='ocrx_word' id='word_1_510' title='bbox 916 4115 1228 4172; x_wconf 89' lang='lat' dir='ltr'><strong>Usuardum</strong></span> <span class='ocrx_word' id='word_1_511' title='bbox 1257 4131 1333 4171; x_wconf 84' lang='lat' dir='ltr'><strong>xv</strong></span> <span class='ocrx_word' id='word_1_512' title='bbox 1360 4113 1565 4180; x_wconf 89' lang='lat' dir='ltr'><strong>Martii,</strong></span> <span class='ocrx_word' id='word_1_513' title='bbox 1598 4113 1653 4169; x_wconf 87' lang='lat' dir='ltr'><strong>et</strong></span> <span class='ocrx_word' id='word_1_514' title='bbox 1678 4114 1813 4169; x_wconf 86' lang='lat' dir='ltr'><strong>alibi</strong></span> 
     </span>
    </p>
   </div>
   <div class='ocr_carea' id='block_1_75' title="bbox 207 4307 454 4365">
    <p class='ocr_par' dir='ltr' id='par_1_75' title="bbox 207 4307 454 4365">
     <span class='ocr_line' id='line_1_78' title="bbox 207 4307 454 4365; baseline 0.004 -1"><span class='ocrx_word' id='word_1_515' title='bbox 207 4307 284 4364; x_wconf 89' lang='lat' dir='ltr'><strong>III</strong></span> <span class='ocrx_word' id='word_1_516' title='bbox 305 4308 454 4365; x_wconf 88' lang='lat' dir='ltr'><strong>Non.</strong></span> 
     </span>
    </p>
   </div>
   <div class='ocr_carea' id='block_1_76' title="bbox 1966 1914 3529 1981">
    <p class='ocr_par' dir='ltr' id='par_1_76' title="bbox 1966 1914 3529 1981">
     <span class='ocr_line' id='line_1_79' title="bbox 1966 1914 3529 1981; baseline 0.003 -14"><span class='ocrx_word' id='word_1_517' title='bbox 1966 1922 2081 1968; x_wconf 89' lang='lat' dir='ltr'><strong>eret</strong></span> <span class='ocrx_word' id='word_1_518' title='bbox 2114 1916 2319 1981; x_wconf 83' lang='lat' dir='ltr'><strong>Fausti,</strong></span> <span class='ocrx_word' id='word_1_519' title='bbox 2352 1923 2415 1970; x_wconf 93' lang='lat' dir='ltr'><strong>ut</strong></span> <span class='ocrx_word' id='word_1_520' title='bbox 2434 1914 2715 1971; x_wconf 90' lang='lat' dir='ltr'><strong>alludatur</strong></span> <span class='ocrx_word' id='word_1_521' title='bbox 2742 1918 2811 1973; x_wconf 92' lang='lat' dir='ltr'><strong>ad</strong></span> <span class='ocrx_word' id='word_1_522' title='bbox 2832 1927 3050 1974; x_wconf 89' lang='lat' dir='ltr'><strong>sanctos</strong></span> <span class='ocrx_word' id='word_1_523' title='bbox 3073 1914 3265 1975; x_wconf 81' lang='lat' dir='ltr'><strong>omnes</strong></span> <span class='ocrx_word' id='word_1_524' title='bbox 3284 1923 3341 1975; x_wconf 94' lang='lat' dir='ltr'><strong>in</strong></span> <span class='ocrx_word' id='word_1_525' title='bbox 3373 1914 3529 1975; x_wconf 84' lang='lat' dir='ltr'><strong>Actis</strong></span> 
     </span>
    </p>
   </div>
   <div class='ocr_carea' id='block_1_77' title="bbox 1980 1985 3528 2057">
    <p class='ocr_par' dir='ltr' id='par_1_77' title="bbox 1980 1985 3528 2057">
     <span class='ocr_line' id='line_1_80' title="bbox 1980 1985 3528 2057; baseline 0.003 -19"><span class='ocrx_word' id='word_1_526' title='bbox 1980 1985 2177 2040; x_wconf 71' lang='lat' dir='ltr'><strong>ibianaa</strong></span> <span class='ocrx_word' id='word_1_527' title='bbox 2233 1996 2582 2042; x_wconf 89' lang='lat' dir='ltr'><strong>memoratos.</strong></span> <span class='ocrx_word' id='word_1_528' title='bbox 2641 1988 2819 2044; x_wconf 89' lang='lat' dir='ltr'><strong>Tum:</strong></span> <span class='ocrx_word' id='word_1_529' title='bbox 2876 2013 2896 2037; x_wconf 74' lang='grc' dir='ltr'><strong>ι</strong></span> <span class='ocrx_word' id='word_1_530' title='bbox 2945 1993 3149 2057; x_wconf 77' lang='lat' dir='ltr'><strong>Romae,</strong></span> <span class='ocrx_word' id='word_1_531' title='bbox 3206 1998 3528 2047; x_wconf 90' lang='lat' dir='ltr'><strong>sanctorum</strong></span> 
     </span>
    </p>
   </div>
   <div class='ocr_carea' id='block_1_78' title="bbox 1930 2057 3530 2128">
    <p class='ocr_par' dir='ltr' id='par_1_78' title="bbox 1930 2057 3530 2128">
     <span class='ocr_line' id='line_1_81' title="bbox 1930 2057 3530 2128; baseline 0.002 -17"><span class='ocrx_word' id='word_1_532' title='bbox 1930 2057 2233 2124; x_wconf 88' lang='lat' dir='ltr'><strong>Primitivi,</strong></span> <span class='ocrx_word' id='word_1_533' title='bbox 2265 2058 2599 2125; x_wconf 89' lang='lat' dir='ltr'><strong>Potentiani,</strong></span> <span class='ocrx_word' id='word_1_534' title='bbox 2645 2059 2940 2128; x_wconf 56' lang='lat' dir='ltr'><strong>Ravenna},</strong></span> <span class='ocrx_word' id='word_1_535' title='bbox 2973 2062 3146 2117; x_wconf 88' lang='lat' dir='ltr'><strong>sancti</strong></span> <span class='ocrx_word' id='word_1_536' title='bbox 3176 2062 3323 2116; x_wconf 89' lang='lat' dir='ltr'><strong>Petri</strong></span> <span class='ocrx_word' id='word_1_537' title='bbox 3352 2060 3530 2116; x_wconf 87' lang='lat' dir='ltr'><strong>archi-</strong></span> 
     </span>
    </p>
   </div>
   <div class='ocr_carea' id='block_1_79' title="bbox 1931 2127 3531 2209">
    <p class='ocr_par' dir='ltr' id='par_1_79' title="bbox 1931 2127 3531 2209">
     <span class='ocr_line' id='line_1_82' title="bbox 1931 2127 3531 2209; baseline 0.001 -26"><span class='ocrx_word' id='word_1_538' title='bbox 1931 2127 2172 2209; x_wconf 80' lang='lat' dir='ltr'><strong>episcopi</strong></span> <span class='ocrx_word' id='word_1_539' title='bbox 2204 2135 2258 2183; x_wconf 92' lang='lat' dir='ltr'><strong>et</strong></span> <span class='ocrx_word' id='word_1_540' title='bbox 2295 2129 2649 2209; x_wconf 78' lang='lat' dir='ltr'><strong>confessoris,</strong></span> <span class='ocrx_word' id='word_1_541' title='bbox 2682 2130 2777 2203; x_wconf 87' lang='lat' dir='ltr'><strong>qui</strong></span> <span class='ocrx_word' id='word_1_542' title='bbox 2810 2147 2841 2185; x_wconf 89' lang='lat' dir='ltr'><strong>a</strong></span> <span class='ocrx_word' id='word_1_543' title='bbox 2861 2132 3020 2187; x_wconf 88' lang='lat' dir='ltr'><strong>Sixto</strong></span> <span class='ocrx_word' id='word_1_544' title='bbox 3032 2148 3188 2209; x_wconf 73' lang='lat' dir='ltr'><strong>papa</strong></span> <span class='ocrx_word' id='word_1_545' title='bbox 3215 2134 3289 2188; x_wconf 93' lang='lat' dir='ltr'><strong>IlI</strong></span> <span class='ocrx_word' id='word_1_546' title='bbox 3319 2146 3531 2209; x_wconf 53' lang='lat' dir='ltr'><strong>perspe</strong></span> 
     </span>
    </p>
   </div>
   <div class='ocr_carea' id='block_1_80' title="bbox 1930 2199 3532 2275">
    <p class='ocr_par' dir='ltr' id='par_1_80' title="bbox 1930 2199 3532 2275">
     <span class='ocr_line' id='line_1_83' title="bbox 1930 2199 3532 2275; baseline 0.001 -22"><span class='ocrx_word' id='word_1_547' title='bbox 1930 2199 2260 2275; x_wconf 78' lang='lat' dir='ltr'><strong>peritionem</strong></span> <span class='ocrx_word' id='word_1_548' title='bbox 2281 2209 2335 2255; x_wconf 93' lang='lat' dir='ltr'><strong>et</strong></span> <span class='ocrx_word' id='word_1_549' title='bbox 2356 2199 2662 2275; x_wconf 84' lang='lat' dir='ltr'><strong>jussionem</strong></span> <span class='ocrx_word' id='word_1_550' title='bbox 2694 2199 3010 2258; x_wconf 79' lang='lat' dir='ltr'><strong>sanctorum</strong></span> <span class='ocrx_word' id='word_1_551' title='bbox 3031 2199 3176 2259; x_wconf 74' lang='lat' dir='ltr'><strong>Petri</strong></span> <span class='ocrx_word' id='word_1_552' title='bbox 3200 2199 3453 2275; x_wconf 79' lang='lat' dir='ltr'><strong>apostoli,</strong></span> <span class='ocrx_word' id='word_1_553' title='bbox 3473 2199 3532 2256; x_wconf 78' lang='lat' dir='ltr'><strong>et</strong></span> 
     </span>
    </p>
   </div>
   <div class='ocr_carea' id='block_1_81' title="bbox 1931 2270 3527 2343">
    <p class='ocr_par' dir='ltr' id='par_1_81' title="bbox 1931 2270 3527 2343">
     <span class='ocr_line' id='line_1_84' title="bbox 1931 2270 3527 2343; baseline 0.001 -19"><span class='ocrx_word' id='word_1_554' title='bbox 1931 2270 2610 2343; x_wconf 14' lang='lat' dir='ltr'><strong>Apollinarisﬂmartyris,</strong></span> <span class='ocrx_word' id='word_1_555' title='bbox 2644 2274 2916 2328; x_wconf 73' lang='lat' dir='ltr'><strong>Ravennae</strong></span> <span class='ocrx_word' id='word_1_556' title='bbox 2942 2275 3174 2329; x_wconf 86' lang='lat' dir='ltr'><strong>antistes</strong></span> <span class='ocrx_word' id='word_1_557' title='bbox 3216 2270 3527 2339; x_wconf 82' lang='lat' dir='ltr'><strong>ordinatus,</strong></span> 
     </span>
    </p>
   </div>
   <div class='ocr_carea' id='block_1_82' title="bbox 1930 2341 3524 2414">
    <p class='ocr_par' dir='ltr' id='par_1_82' title="bbox 1930 2341 3524 2414">
     <span class='ocr_line' id='line_1_85' title="bbox 1930 2341 3524 2414; baseline 0.002 -19"><span class='ocrx_word' id='word_1_558' title='bbox 1930 2341 2138 2414; x_wconf 54' lang='lat' dir='ltr'><strong>enimia</strong></span> <span class='ocrx_word' id='word_1_559' title='bbox 2165 2341 2485 2397; x_wconf 82' lang='lat' dir='ltr'><strong>eruditione</strong></span> <span class='ocrx_word' id='word_1_560' title='bbox 2505 2352 2560 2398; x_wconf 89' lang='lat' dir='ltr'><strong>et</strong></span> <span class='ocrx_word' id='word_1_561' title='bbox 2585 2344 2855 2398; x_wconf 88' lang='lat' dir='ltr'><strong>sermonis</strong></span> <span class='ocrx_word' id='word_1_562' title='bbox 2874 2353 3162 2399; x_wconf 88' lang='lat' dir='ltr'><strong>venustate</strong></span> <span class='ocrx_word' id='word_1_563' title='bbox 3191 2344 3524 2414; x_wconf 87' lang='lat' dir='ltr'><strong>Chrisologi,</strong></span> 
     </span>
    </p>
   </div>
   <div class='ocr_carea' id='block_1_83' title="bbox 1932 2411 3525 2485">
    <p class='ocr_par' dir='ltr' id='par_1_83' title="bbox 1932 2411 3525 2485">
     <span class='ocr_line' id='line_1_86' title="bbox 1932 2411 3525 2485; baseline 0.001 -19"><span class='ocrx_word' id='word_1_564' title='bbox 1932 2411 1991 2467; x_wconf 91' lang='lat' dir='ltr'><strong>id</strong></span> <span class='ocrx_word' id='word_1_565' title='bbox 2002 2413 2385 2480; x_wconf 88' lang='lat' dir='ltr'><strong>estsermonis,</strong></span> <span class='ocrx_word' id='word_1_566' title='bbox 2405 2414 2494 2485; x_wconf 84' lang='lat' dir='ltr'><strong>vel</strong></span> <span class='ocrx_word' id='word_1_567' title='bbox 2523 2415 2969 2485; x_wconf 89' lang='lat' dir='ltr'><strong>sermocinatoris</strong></span> <span class='ocrx_word' id='word_1_568' title='bbox 2987 2416 3160 2480; x_wconf 91' lang='lat' dir='ltr'><strong>aurei,</strong></span> <span class='ocrx_word' id='word_1_569' title='bbox 3195 2411 3525 2485; x_wconf 79' lang='lat' dir='ltr'><strong>cognomen-</strong></span> 
     </span>
    </p>
   </div>
   <div class='ocr_carea' id='block_1_84' title="bbox 1931 2484 3526 2556">
    <p class='ocr_par' dir='ltr' id='par_1_84' title="bbox 1931 2484 3526 2556">
     <span class='ocr_line' id='line_1_87' title="bbox 1931 2484 3526 2556; baseline 0 -17"><span class='ocrx_word' id='word_1_570' title='bbox 1931 2492 2051 2539; x_wconf 91' lang='lat' dir='ltr'><strong>tum</strong></span> <span class='ocrx_word' id='word_1_571' title='bbox 2086 2486 2410 2556; x_wconf 84' lang='lat' dir='ltr'><strong>promeruit.</strong></span> <span class='ocrx_word' id='word_1_572' title='bbox 2443 2484 2603 2556; x_wconf 83' lang='lat' dir='ltr'><strong>Calix</strong></span> <span class='ocrx_word' id='word_1_573' title='bbox 2622 2486 2788 2539; x_wconf 90' lang='lat' dir='ltr'><strong>etiam</strong></span> <span class='ocrx_word' id='word_1_574' title='bbox 2819 2484 2936 2556; x_wconf 92' lang='lat' dir='ltr'><strong>ejus</strong></span> <span class='ocrx_word' id='word_1_575' title='bbox 2956 2494 3010 2556; x_wconf 88' lang='lat' dir='ltr'><strong>et</strong></span> <span class='ocrx_word' id='word_1_576' title='bbox 3033 2495 3246 2556; x_wconf 89' lang='lat' dir='ltr'><strong>patena,</strong></span> <span class='ocrx_word' id='word_1_577' title='bbox 3264 2484 3526 2541; x_wconf 83' lang='lat' dir='ltr'><strong>contactu</strong></span> 
     </span>
    </p>
   </div>
   <div class='ocr_carea' id='block_1_85' title="bbox 1930 2554 3521 2628">
    <p class='ocr_par' dir='ltr' id='par_1_85' title="bbox 1930 2554 3521 2628">
     <span class='ocr_line' id='line_1_88' title="bbox 1930 2554 3521 2628; baseline 0.001 -20"><span class='ocrx_word' id='word_1_578' title='bbox 1930 2570 2180 2628; x_wconf 72' lang='lat' dir='ltr'><strong>u_morsu</strong></span> <span class='ocrx_word' id='word_1_579' title='bbox 2209 2554 2397 2628; x_wconf 80' lang='lat' dir='ltr'><strong>rabidi</strong></span> <span class='ocrx_word' id='word_1_580' title='bbox 2433 2555 2586 2610; x_wconf 88' lang='lat' dir='ltr'><strong>canis</strong></span> <span class='ocrx_word' id='word_1_581' title='bbox 2632 2554 2859 2612; x_wconf 43' lang='lat' dir='ltr'><strong>sanant;</strong></span> <span class='ocrx_word' id='word_1_582' title='bbox 2887 2554 3209 2611; x_wconf 81' lang='lat' dir='ltr'><strong>Ethermani</strong></span> <span class='ocrx_word' id='word_1_583' title='bbox 3258 2556 3521 2628; x_wconf 89' lang='lat' dir='ltr'><strong>episcopi.</strong></span> 
     </span>
    </p>
   </div>
   <div class='ocr_carea' id='block_1_86' title="bbox 1933 2625 2502 2697">
    <p class='ocr_par' dir='ltr' id='par_1_86' title="bbox 1933 2625 2502 2697">
     <span class='ocr_line' id='line_1_89' title="bbox 1933 2625 2502 2697; baseline 0 -16"><span class='ocrx_word' id='word_1_584' title='bbox 1933 2625 2169 2682; x_wconf 62' lang='lat' dir='ltr'><strong>Valeriae</strong></span> <span class='ocrx_word' id='word_1_585' title='bbox 2196 2625 2450 2697; x_wconf 81' lang='lat' dir='ltr'><strong>virginis.</strong></span> <span class='ocrx_word' id='word_1_586' title='bbox 2484 2651 2502 2674; x_wconf 77' lang='grc' dir='ltr'><strong><em>ι</em></strong></span> 
     </span>
    </p>
   </div>
   <div class='ocr_carea' id='block_1_87' title="bbox 2003 2697 3521 2767">
    <p class='ocr_par' dir='ltr' id='par_1_87' title="bbox 2003 2697 3521 2767">
     <span class='ocr_line' id='line_1_90' title="bbox 2003 2697 3521 2767; baseline 0 -16"><span class='ocrx_word' id='word_1_587' title='bbox 2003 2697 2221 2752; x_wconf 71' lang='lat' dir='ltr'><strong>Momm.</strong></span> <span class='ocrx_word' id='word_1_588' title='bbox 2261 2715 2272 2751; x_wconf 91' lang='lat'><strong>:</strong></span> <span class='ocrx_word' id='word_1_589' title='bbox 2318 2721 2336 2744; x_wconf 78' lang='grc' dir='ltr'>ι</span> <span class='ocrx_word' id='word_1_590' title='bbox 2364 2698 2502 2752; x_wconf 91' lang='lat' dir='ltr'><strong>Item</strong></span> <span class='ocrx_word' id='word_1_591' title='bbox 2524 2698 2728 2761; x_wconf 67' lang='lat' dir='ltr'><strong>Romae,</strong></span> <span class='ocrx_word' id='word_1_592' title='bbox 2752 2697 2926 2753; x_wconf 90' lang='lat' dir='ltr'><strong>sancti</strong></span> <span class='ocrx_word' id='word_1_593' title='bbox 2947 2697 3203 2753; x_wconf 89' lang='lat' dir='ltr'><strong>Pontiani</strong></span> <span class='ocrx_word' id='word_1_594' title='bbox 3242 2697 3521 2767; x_wconf 87' lang='lat' dir='ltr'><strong>martyris.</strong></span> 
     </span>
    </p>
   </div>
   <div class='ocr_carea' id='block_1_88' title="bbox 1932 2766 3528 2838">
    <p class='ocr_par' dir='ltr' id='par_1_88' title="bbox 1932 2766 3528 2838">
     <span class='ocr_line' id='line_1_91' title="bbox 1932 2766 3528 2838; baseline -0.001 -15"><span class='ocrx_word' id='word_1_595' title='bbox 1932 2766 2285 2823; x_wconf 91' lang='lat' dir='ltr'><strong>Consecratio</strong></span> <span class='ocrx_word' id='word_1_596' title='bbox 2331 2777 2533 2823; x_wconf 79' lang='lat' dir='ltr'><strong>sanctae</strong></span> <span class='ocrx_word' id='word_1_597' title='bbox 2574 2767 2862 2823; x_wconf 87' lang='lat' dir='ltr'><strong>Gertrudis</strong></span> <span class='ocrx_word' id='word_1_598' title='bbox 2908 2768 3160 2838; x_wconf 86' lang='lat' dir='ltr'><strong>virginis.</strong></span> <span class='ocrx_word' id='word_1_599' title='bbox 3190 2793 3208 2814; x_wconf 83' lang='lat'><strong><em>-</em></strong></span> <span class='ocrx_word' id='word_1_600' title='bbox 3268 2766 3528 2838; x_wconf 84' lang='lat' dir='ltr'><strong>Sequitur</strong></span> 
     </span>
    </p>
   </div>
   <div class='ocr_carea' id='block_1_89' title="bbox 1931 2838 3524 2910">
    <p class='ocr_par' dir='ltr' id='par_1_89' title="bbox 1931 2838 3524 2910">
     <span class='ocr_line' id='line_1_92' title="bbox 1931 2838 3524 2910; baseline -0.001 -17"><span class='ocrx_word' id='word_1_601' title='bbox 1931 2838 2081 2910; x_wconf 90' lang='lat' dir='ltr'><strong>typis</strong></span> <span class='ocrx_word' id='word_1_602' title='bbox 2116 2838 2460 2910; x_wconf 89' lang='lat' dir='ltr'><strong>minoribus:</strong></span> <span class='ocrx_word' id='word_1_603' title='bbox 2510 2863 2528 2887; x_wconf 77' lang='grc' dir='ltr'>ι</span> <span class='ocrx_word' id='word_1_604' title='bbox 2549 2840 2843 2910; x_wconf 64' lang='lat' dir='ltr'><strong>Ravennae,</strong></span> <span class='ocrx_word' id='word_1_605' title='bbox 2876 2839 3064 2910; x_wconf 81' lang='lat' dir='ltr'><strong>sancti</strong></span> <span class='ocrx_word' id='word_1_606' title='bbox 3083 2839 3229 2893; x_wconf 89' lang='lat' dir='ltr'><strong>Petri</strong></span> <span class='ocrx_word' id='word_1_607' title='bbox 3259 2838 3524 2908; x_wconf 78' lang='lat' dir='ltr'><strong>archiepi~</strong></span> 
     </span>
    </p>
   </div>
   <div class='ocr_carea' id='block_1_90' title="bbox 1933 2908 3525 2998">
    <p class='ocr_par' dir='ltr' id='par_1_90' title="bbox 1933 2908 3525 2998">
     <span class='ocr_line' id='line_1_93' title="bbox 1933 2908 3525 2998; baseline -0.003 -33"><span class='ocrx_word' id='word_1_608' title='bbox 1933 2908 2082 2980; x_wconf 79' lang='lat' dir='ltr'><strong>scopi</strong></span> <span class='ocrx_word' id='word_1_609' title='bbox 2113 2917 2167 2963; x_wconf 91' lang='lat' dir='ltr'><strong>et</strong></span> <span class='ocrx_word' id='word_1_610' title='bbox 2195 2909 2545 2998; x_wconf 66' lang='lat' dir='ltr'><strong>confessoris,</strong></span> <span class='ocrx_word' id='word_1_611' title='bbox 2565 2909 2707 2998; x_wconf 41' lang='lat' dir='ltr'><strong>lqui.</strong></span> <span class='ocrx_word' id='word_1_612' title='bbox 2740 2908 3069 2998; x_wconf 64' lang='lat' dir='ltr'><strong>Chrysologi</strong></span> <span class='ocrx_word' id='word_1_613' title='bbox 3097 2915 3525 2989; x_wconf 80' lang='lat' dir='ltr'><strong>cognomentum</strong></span> 
     </span>
    </p>
   </div>
   <div class='ocr_carea' id='block_1_91' title="bbox 1970 2980 3526 3048">
    <p class='ocr_par' dir='ltr' id='par_1_91' title="bbox 1970 2980 3526 3048">
     <span class='ocr_line' id='line_1_94' title="bbox 1970 2980 3526 3048; baseline -0.001 -14"><span class='ocrx_word' id='word_1_614' title='bbox 1970 2981 2255 3035; x_wconf 90' lang='lat' dir='ltr'><strong>romeruit.</strong></span> <span class='ocrx_word' id='word_1_615' title='bbox 2305 2981 2514 3036; x_wconf 90' lang='lat' dir='ltr'><strong>Eodem</strong></span> <span class='ocrx_word' id='word_1_616' title='bbox 2555 2980 2646 3035; x_wconf 87' lang='lat' dir='ltr'><strong>die</strong></span> <span class='ocrx_word' id='word_1_617' title='bbox 2694 2980 2751 3034; x_wconf 92' lang='lat' dir='ltr'><strong>in</strong></span> <span class='ocrx_word' id='word_1_618' title='bbox 2798 2980 2975 3048; x_wconf 87' lang='lat' dir='ltr'><strong>India,</strong></span> <span class='ocrx_word' id='word_1_619' title='bbox 3009 2980 3253 3037; x_wconf 87' lang='lat' dir='ltr'><strong>Cantana</strong></span> <span class='ocrx_word' id='word_1_620' title='bbox 3299 2980 3526 3035; x_wconf 79' lang='lat' dir='ltr'><strong>civitate</strong></span> 
     </span>
    </p>
   </div>
   <div class='ocr_carea' id='block_1_92' title="bbox 1980 3050 3527 3124">
    <p class='ocr_par' dir='ltr' id='par_1_92' title="bbox 1980 3050 3527 3124">
     <span class='ocr_line' id='line_1_95' title="bbox 1980 3050 3527 3124; baseline 0 -19"><span class='ocrx_word' id='word_1_621' title='bbox 1980 3051 2525 3124; x_wconf 14' lang='lat' dir='ltr'><strong>hinensium,robitus</strong></span> <span class='ocrx_word' id='word_1_622' title='bbox 2545 3052 2823 3124; x_wconf 86' lang='lat' dir='ltr'><strong>Francisci</strong></span> <span class='ocrx_word' id='word_1_623' title='bbox 2845 3052 3105 3119; x_wconf 89' lang='lat' dir='ltr'><strong>Zavierii,</strong></span> <span class='ocrx_word' id='word_1_624' title='bbox 3128 3052 3222 3124; x_wconf 89' lang='lat' dir='ltr'><strong>qui</strong></span> <span class='ocrx_word' id='word_1_625' title='bbox 3245 3050 3527 3124; x_wconf 85' lang='lat' dir='ltr'><strong>evangeli-</strong></span> 
     </span>
    </p>
   </div>
   <div class='ocr_carea' id='block_1_93' title="bbox 1932 3122 3522 3193">
    <p class='ocr_par' dir='ltr' id='par_1_93' title="bbox 1932 3122 3522 3193">
     <span class='ocr_line' id='line_1_96' title="bbox 1932 3122 3522 3193; baseline -0.001 -16"><span class='ocrx_word' id='word_1_626' title='bbox 1932 3123 2175 3177; x_wconf 86' lang='lat' dir='ltr'><strong>zantium</strong></span> <span class='ocrx_word' id='word_1_627' title='bbox 2226 3125 2280 3177; x_wconf 90' lang='lat' dir='ltr'><strong>in</strong></span> <span class='ocrx_word' id='word_1_628' title='bbox 2329 3123 2485 3177; x_wconf 90' lang='lat' dir='ltr'><strong>India</strong></span> <span class='ocrx_word' id='word_1_629' title='bbox 2530 3123 2939 3193; x_wconf 83' lang='lat' dir='ltr'><strong>antesignanus,</strong></span> <span class='ocrx_word' id='word_1_630' title='bbox 2978 3122 3169 3177; x_wconf 80' lang='lat' dir='ltr'><strong>multis</strong></span> <span class='ocrx_word' id='word_1_631' title='bbox 3200 3122 3522 3193; x_wconf 86' lang='lat' dir='ltr'><strong>virtutibus,</strong></span> 
     </span>
    </p>
   </div>
   <div class='ocr_carea' id='block_1_94' title="bbox 1847 3192 3526 3267">
    <p class='ocr_par' dir='ltr' id='par_1_94' title="bbox 1847 3192 3526 3267">
     <span class='ocr_line' id='line_1_97' title="bbox 1847 3192 3526 3267; baseline -0.001 -20"><span class='ocrx_word' id='word_1_632' title='bbox 1847 3208 1891 3267; x_wconf 75' lang='grc' dir='ltr'>ο</span> <span class='ocrx_word' id='word_1_633' title='bbox 1924 3195 2256 3264; x_wconf 91' lang='lat' dir='ltr'><strong>populorum</strong></span> <span class='ocrx_word' id='word_1_634' title='bbox 2286 3194 2666 3267; x_wconf 74' lang='lat' dir='ltr'><strong>conversione,</strong></span> <span class='ocrx_word' id='word_1_635' title='bbox 2705 3192 2767 3248; x_wconf 86' lang='lat' dir='ltr'><strong>ac</strong></span> <span class='ocrx_word' id='word_1_636' title='bbox 2796 3193 2963 3267; x_wconf 80' lang='lat' dir='ltr'><strong>variis</strong></span> <span class='ocrx_word' id='word_1_637' title='bbox 2998 3192 3283 3247; x_wconf 86' lang='lat' dir='ltr'><strong>miraculis</strong></span> <span class='ocrx_word' id='word_1_638' title='bbox 3323 3192 3526 3267; x_wconf 73' lang='lat' dir='ltr'><strong>invita</strong></span> 
     </span>
    </p>
   </div>
   <div class='ocr_carea' id='block_1_95' title="bbox 1924 3262 3524 3335">
    <p class='ocr_par' dir='ltr' id='par_1_95' title="bbox 1924 3262 3524 3335">
     <span class='ocr_line' id='line_1_98' title="bbox 1924 3262 3524 3335; baseline -0.001 -17"><span class='ocrx_word' id='word_1_639' title='bbox 1924 3262 2130 3335; x_wconf 78' lang='lat' dir='ltr'><strong>etpost</strong></span> <span class='ocrx_word' id='word_1_640' title='bbox 2161 3273 2392 3335; x_wconf 88' lang='lat' dir='ltr'><strong>mortem</strong></span> <span class='ocrx_word' id='word_1_641' title='bbox 2445 3264 2803 3330; x_wconf 87' lang='lat' dir='ltr'><strong>clarissimus,</strong></span> <span class='ocrx_word' id='word_1_642' title='bbox 2840 3264 3231 3335; x_wconf 10' lang='lat' dir='ltr'><strong>incorruptum!</strong></span> <span class='ocrx_word' id='word_1_643' title='bbox 3265 3262 3524 3335; x_wconf 81' lang='lat' dir='ltr'><strong>spiritum</strong></span> 
     </span>
    </p>
   </div>
   <div class='ocr_carea' id='block_1_96' title="bbox 1923 3333 3520 3405">
    <p class='ocr_par' dir='ltr' id='par_1_96' title="bbox 1923 3333 3520 3405">
     <span class='ocr_line' id='line_1_99' title="bbox 1923 3333 3520 3405; baseline -0.002 -16"><span class='ocrx_word' id='word_1_644' title='bbox 1923 3333 2163 3389; x_wconf 86' lang='lat' dir='ltr'><strong>Domino</strong></span> <span class='ocrx_word' id='word_1_645' title='bbox 2189 3334 2447 3389; x_wconf 88' lang='lat' dir='ltr'><strong>reddidit.</strong></span> <span class='ocrx_word' id='word_1_646' title='bbox 2491 3335 2769 3404; x_wconf 88' lang='lat' dir='ltr'><strong>Scriptum</strong></span> <span class='ocrx_word' id='word_1_647' title='bbox 2819 3343 2899 3389; x_wconf 91' lang='lat' dir='ltr'><strong>est</strong></span> <span class='ocrx_word' id='word_1_648' title='bbox 2929 3334 2987 3405; x_wconf 88' lang='lat' dir='ltr'><strong>in</strong></span> <span class='ocrx_word' id='word_1_649' title='bbox 3017 3333 3265 3405; x_wconf 84' lang='lat' dir='ltr'><strong>epistolis</strong></span> <span class='ocrx_word' id='word_1_650' title='bbox 3295 3333 3520 3405; x_wconf 84' lang='lat' dir='ltr'><strong>Indicis.</strong></span> 
     </span>
    </p>
   </div>
   <div class='ocr_carea' id='block_1_97' title="bbox 1924 3403 3522 3474">
    <p class='ocr_par' dir='ltr' id='par_1_97' title="bbox 1924 3403 3522 3474">
     <span class='ocr_line' id='line_1_100' title="bbox 1924 3403 3522 3474; baseline -0.003 -15"><span class='ocrx_word' id='word_1_651' title='bbox 1924 3406 2061 3460; x_wconf 91' lang='lat' dir='ltr'><strong>Item</strong></span> <span class='ocrx_word' id='word_1_652' title='bbox 2092 3405 2279 3460; x_wconf 88' lang='lat' dir='ltr'><strong>obitus</strong></span> <span class='ocrx_word' id='word_1_653' title='bbox 2311 3405 2524 3460; x_wconf 90' lang='lat' dir='ltr'><strong>domini</strong></span> <span class='ocrx_word' id='word_1_654' title='bbox 2547 3403 2775 3459; x_wconf 84' lang='lat' dir='ltr'><strong>Joannis</strong></span> <span class='ocrx_word' id='word_1_655' title='bbox 2797 3403 3158 3471; x_wconf 81' lang='lat' dir='ltr'><strong>Ruishroéck,</strong></span> <span class='ocrx_word' id='word_1_656' title='bbox 3183 3403 3348 3474; x_wconf 90' lang='lat' dir='ltr'><strong>primi</strong></span> <span class='ocrx_word' id='word_1_657' title='bbox 3382 3403 3522 3474; x_wconf 91' lang='lat' dir='ltr'><strong>prio-</strong></span> 
     </span>
    </p>
   </div>
   <div class='ocr_carea' id='block_1_98' title="bbox 1924 3473 3524 3545">
    <p class='ocr_par' dir='ltr' id='par_1_98' title="bbox 1924 3473 3524 3545">
     <span class='ocr_line' id='line_1_101' title="bbox 1924 3473 3524 3545; baseline -0.001 -15"><span class='ocrx_word' id='word_1_658' title='bbox 1924 3475 2000 3530; x_wconf 91' lang='lat' dir='ltr'><strong>ris</strong></span> <span class='ocrx_word' id='word_1_659' title='bbox 2031 3476 2382 3545; x_wconf 89' lang='lat' dir='ltr'><strong>Regularium</strong></span> <span class='ocrx_word' id='word_1_660' title='bbox 2419 3474 2625 3531; x_wconf 87' lang='lat' dir='ltr'><strong>Viridis</strong></span> <span class='ocrx_word' id='word_1_661' title='bbox 2654 3475 2836 3542; x_wconf 91' lang='lat' dir='ltr'><strong>vallis,</strong></span> <span class='ocrx_word' id='word_1_662' title='bbox 2868 3475 3122 3530; x_wconf 89' lang='lat' dir='ltr'><strong>doctrina</strong></span> <span class='ocrx_word' id='word_1_663' title='bbox 3151 3473 3206 3528; x_wconf 75' lang='lat' dir='ltr'><strong>et</strong></span> <span class='ocrx_word' id='word_1_664' title='bbox 3236 3473 3524 3529; x_wconf 87' lang='lat' dir='ltr'><strong>sanctitate</strong></span> 
     </span>
    </p>
   </div>
   <div class='ocr_carea' id='block_1_99' title="bbox 1923 3544 3521 3603">
    <p class='ocr_par' dir='ltr' id='par_1_99' title="bbox 1923 3544 3521 3603">
     <span class='ocr_line' id='line_1_102' title="bbox 1923 3544 3521 3603; baseline -0.003 0"><span class='ocrx_word' id='word_1_665' title='bbox 1923 3546 2091 3603; x_wconf 89' lang='lat' dir='ltr'><strong>Clari.</strong></span> <span class='ocrx_word' id='word_1_666' title='bbox 2118 3544 2297 3603; x_wconf 83' lang='lat' dir='ltr'><strong>Cuius</strong></span> <span class='ocrx_word' id='word_1_667' title='bbox 2320 3546 2450 3600; x_wconf 87' lang='lat' dir='ltr'><strong>Vita</strong></span> <span class='ocrx_word' id='word_1_668' title='bbox 2480 3545 2731 3601; x_wconf 89' lang='lat' dir='ltr'><strong>habetur.</strong></span> <span class='ocrx_word' id='word_1_669' title='bbox 2766 3570 2784 3593; x_wconf 77' lang='grc' dir='ltr'><strong><em>ι</em></strong></span> <span class='ocrx_word' id='word_1_670' title='bbox 2830 3545 3122 3600; x_wconf 89' lang='lat' dir='ltr'><strong>Editiones</strong></span> <span class='ocrx_word' id='word_1_671' title='bbox 3142 3546 3263 3601; x_wconf 66' lang='lat' dir='ltr'><strong>aliae</strong></span> <span class='ocrx_word' id='word_1_672' title='bbox 3283 3544 3350 3600; x_wconf 92' lang='lat' dir='ltr'><strong>de</strong></span> <span class='ocrx_word' id='word_1_673' title='bbox 3383 3545 3521 3599; x_wconf 90' lang='lat' dir='ltr'><strong>Pon-</strong></span> 
     </span>
    </p>
   </div>
   <div class='ocr_carea' id='block_1_100' title="bbox 1923 3614 3519 3688">
    <p class='ocr_par' dir='ltr' id='par_1_100' title="bbox 1923 3614 3519 3688">
     <span class='ocr_line' id='line_1_103' title="bbox 1923 3614 3519 3688; baseline -0.002 -16"><span class='ocrx_word' id='word_1_674' title='bbox 1923 3618 2074 3688; x_wconf 89' lang='lat' dir='ltr'><strong>tiano</strong></span> <span class='ocrx_word' id='word_1_675' title='bbox 2103 3614 2375 3688; x_wconf 82' lang='lat' dir='ltr'><strong>scribunt,</strong></span> <span class='ocrx_word' id='word_1_676' title='bbox 2399 3617 2542 3672; x_wconf 92' lang='lat' dir='ltr'><strong>sicut</strong></span> <span class='ocrx_word' id='word_1_677' title='bbox 2572 3618 2771 3688; x_wconf 90' lang='lat' dir='ltr'><strong>prima.</strong></span> <span class='ocrx_word' id='word_1_678' title='bbox 2801 3617 2941 3671; x_wconf 91' lang='lat' dir='ltr'><strong>Tum</strong></span> <span class='ocrx_word' id='word_1_679' title='bbox 2966 3634 2977 3671; x_wconf 92' lang='lat'><strong>:</strong></span> <span class='ocrx_word' id='word_1_680' title='bbox 3026 3640 3045 3688; x_wconf 63' lang='grc' dir='ltr'><strong>ς</strong></span> <span class='ocrx_word' id='word_1_681' title='bbox 3078 3615 3222 3688; x_wconf 89' lang='lat' dir='ltr'><strong>Foro</strong></span> <span class='ocrx_word' id='word_1_682' title='bbox 3252 3614 3519 3688; x_wconf 84' lang='lat' dir='ltr'><strong>Cornelii,</strong></span> 
     </span>
    </p>
   </div>
   <div class='ocr_carea' id='block_1_101' title="bbox 1922 3686 3521 3760">
    <p class='ocr_par' dir='ltr' id='par_1_101' title="bbox 1922 3686 3521 3760">
     <span class='ocr_line' id='line_1_104' title="bbox 1922 3686 3521 3760; baseline -0.002 -17"><span class='ocrx_word' id='word_1_683' title='bbox 1922 3687 2067 3760; x_wconf 81' lang='lat' dir='ltr'><strong>beati</strong></span> <span class='ocrx_word' id='word_1_684' title='bbox 2089 3688 2234 3742; x_wconf 90' lang='lat' dir='ltr'><strong>Petri</strong></span> <span class='ocrx_word' id='word_1_685' title='bbox 2257 3686 2604 3760; x_wconf 82' lang='lat' dir='ltr'><strong>Chrysologi,</strong></span> <span class='ocrx_word' id='word_1_686' title='bbox 2619 3688 2953 3760; x_wconf 80' lang='lat' dir='ltr'><strong>Ravennatis</strong></span> <span class='ocrx_word' id='word_1_687' title='bbox 2964 3687 3228 3759; x_wconf 88' lang='lat' dir='ltr'><strong>episcopi,</strong></span> <span class='ocrx_word' id='word_1_688' title='bbox 3253 3686 3521 3760; x_wconf 83' lang='lat' dir='ltr'><strong>moribus,</strong></span> 
     </span>
    </p>
   </div>
   <div class='ocr_carea' id='block_1_102' title="bbox 1922 3758 3523 3827">
    <p class='ocr_par' dir='ltr' id='par_1_102' title="bbox 1922 3758 3523 3827">
     <span class='ocr_line' id='line_1_105' title="bbox 1922 3758 3523 3827; baseline -0.002 -13"><span class='ocrx_word' id='word_1_689' title='bbox 1922 3759 2175 3815; x_wconf 88' lang='lat' dir='ltr'><strong>doctrina</strong></span> <span class='ocrx_word' id='word_1_690' title='bbox 2224 3767 2278 3813; x_wconf 93' lang='lat' dir='ltr'><strong>et</strong></span> <span class='ocrx_word' id='word_1_691' title='bbox 2326 3758 2606 3815; x_wconf 80' lang='lat' dir='ltr'><strong>miraculis</strong></span> <span class='ocrx_word' id='word_1_692' title='bbox 2656 3759 2811 3814; x_wconf 91' lang='lat' dir='ltr'><strong>clari.</strong></span> <span class='ocrx_word' id='word_1_693' title='bbox 2873 3758 3125 3827; x_wconf 74' lang='lat' dir='ltr'><strong>Nivellre,</strong></span> <span class='ocrx_word' id='word_1_694' title='bbox 3180 3758 3523 3814; x_wconf 85' lang='lat' dir='ltr'><strong>consecratio</strong></span> 
     </span>
    </p>
   </div>
   <div class='ocr_carea' id='block_1_103' title="bbox 1921 3829 3524 3901">
    <p class='ocr_par' dir='ltr' id='par_1_103' title="bbox 1921 3829 3524 3901">
     <span class='ocr_line' id='line_1_106' title="bbox 1921 3829 3524 3901; baseline -0.001 -16"><span class='ocrx_word' id='word_1_695' title='bbox 1921 3838 2122 3887; x_wconf 65' lang='lat' dir='ltr'><strong>sanctae</strong></span> <span class='ocrx_word' id='word_1_696' title='bbox 2153 3831 2440 3887; x_wconf 87' lang='lat' dir='ltr'><strong>Gertrudis</strong></span> <span class='ocrx_word' id='word_1_697' title='bbox 2479 3831 2731 3899; x_wconf 86' lang='lat' dir='ltr'><strong>virginis.</strong></span> <span class='ocrx_word' id='word_1_698' title='bbox 2773 3855 2791 3879; x_wconf 72' lang='grc' dir='ltr'><strong><em>ι</em></strong></span> <span class='ocrx_word' id='word_1_699' title='bbox 2837 3832 3071 3886; x_wconf 91' lang='lat' dir='ltr'><strong>Demum</strong></span> <span class='ocrx_word' id='word_1_700' title='bbox 3102 3829 3251 3901; x_wconf 89' lang='lat' dir='ltr'><strong>typis</strong></span> <span class='ocrx_word' id='word_1_701' title='bbox 3282 3829 3524 3883; x_wconf 91' lang='lat' dir='ltr'><strong>minori—</strong></span> 
     </span>
    </p>
   </div>
   <div class='ocr_carea' id='block_1_104' title="bbox 1922 3901 3523 3979">
    <p class='ocr_par' dir='ltr' id='par_1_104' title="bbox 1922 3901 3523 3979">
     <span class='ocr_line' id='line_1_107' title="bbox 1922 3901 3523 3979; baseline -0.002 -22"><span class='ocrx_word' id='word_1_702' title='bbox 1922 3902 2045 3979; x_wconf 72' lang='lat' dir='ltr'><strong>bus,</strong></span> <span class='ocrx_word' id='word_1_703' title='bbox 2060 3902 2325 3979; x_wconf 77' lang='lat' dir='ltr'><strong>aguntde</strong></span> <span class='ocrx_word' id='word_1_704' title='bbox 2345 3911 2535 3979; x_wconf 83' lang='lat' dir='ltr'><strong>sancto</strong></span> <span class='ocrx_word' id='word_1_705' title='bbox 2557 3902 2849 3979; x_wconf 82' lang='lat' dir='ltr'><strong>Francisco</strong></span> <span class='ocrx_word' id='word_1_706' title='bbox 2867 3902 3127 3979; x_wconf 82' lang='lat' dir='ltr'><strong>Xaverio,</strong></span> <span class='ocrx_word' id='word_1_707' title='bbox 3150 3909 3205 3957; x_wconf 91' lang='lat' dir='ltr'><strong>et</strong></span> <span class='ocrx_word' id='word_1_708' title='bbox 3224 3902 3296 3979; x_wconf 87' lang='lat' dir='ltr'><strong>D._</strong></span> <span class='ocrx_word' id='word_1_709' title='bbox 3313 3901 3523 3979; x_wconf 85' lang='lat' dir='ltr'><strong>Joanne</strong></span> 
     </span>
    </p>
   </div>
   <div class='ocr_carea' id='block_1_105' title="bbox 1925 3972 3522 4099">
    <p class='ocr_par' dir='ltr' id='par_1_105' title="bbox 1925 3972 3522 4099">
     <span class='ocr_line' id='line_1_108' title="bbox 1925 3972 3522 4099; baseline -0.002 -70"><span class='ocrx_word' id='word_1_710' title='bbox 1925 3974 2309 4099; x_wconf 69' lang='lat' dir='ltr'><strong>qusbrochio,</strong></span> <span class='ocrx_word' id='word_1_711' title='bbox 2331 3974 2561 4030; x_wconf 84' lang='lat' dir='ltr'><strong>servatis</strong></span> <span class='ocrx_word' id='word_1_712' title='bbox 2593 3974 2845 4030; x_wconf 88' lang='lat' dir='ltr'><strong>terminis</strong></span> <span class='ocrx_word' id='word_1_713' title='bbox 2864 3990 2933 4029; x_wconf 76' lang='lat' dir='ltr'><strong>ex</strong></span> <span class='ocrx_word' id='word_1_714' title='bbox 2952 3972 3195 4030; x_wconf 79' lang='lat' dir='ltr'><strong>editione</strong></span> <span class='ocrx_word' id='word_1_715' title='bbox 3216 3972 3394 4045; x_wconf 90' lang='lat' dir='ltr'><strong>prima</strong></span> <span class='ocrx_word' id='word_1_716' title='bbox 3407 3972 3522 4042; x_wconf 88' lang='lat' dir='ltr'><strong>jam</strong></span> 
     </span>
     <span class='ocr_line' id='line_1_109' title="bbox 1925 4053 2137 4099; baseline 0.005 -1"><span class='ocrx_word' id='word_1_717' title='bbox 1925 4061 1981 4099; x_wconf 92' lang='lat' dir='ltr'><strong>re</strong></span> <span class='ocrx_word' id='word_1_718' title='bbox 2008 4053 2137 4099; x_wconf 81' lang='lat' dir='ltr'><strong>atis.</strong></span> 
     </span>
    </p>
   </div>
   <div class='ocr_carea' id='block_1_106' title="bbox 1924 4053 2137 4101">
    <p class='ocr_par' dir='ltr' id='par_1_106' title="bbox 1924 4053 2137 4101">
     <span class='ocr_line' id='line_1_110' title="bbox 1924 4053 2137 4101; baseline 0.005 -3"><span class='ocrx_word' id='word_1_719' title='bbox 1924 4053 2137 4101; x_wconf 83' lang='lat' dir='ltr'><strong>relatis.</strong></span> 
     </span>
    </p>
   </div>
   <div class='ocr_carea' id='block_1_107' title="bbox 3340 4313 3521 4369">
    <p class='ocr_par' dir='ltr' id='par_1_107' title="bbox 3340 4313 3521 4369">
     <span class='ocr_line' id='line_1_111' title="bbox 3340 4313 3521 4369; baseline 0.017 -3"><span class='ocrx_word' id='word_1_720' title='bbox 3340 4314 3439 4366; x_wconf 83' lang='lat' dir='ltr'><strong>Die</strong></span> <span class='ocrx_word' id='word_1_721' title='bbox 3467 4313 3521 4369; x_wconf 92' lang='lat'><strong>3.</strong></span> 
     </span>
    </p>
   </div>
   <div class='ocr_carea' id='block_1_108' title="bbox 281 4398 3520 4473">
    <p class='ocr_par' dir='ltr' id='par_1_108' title="bbox 281 4398 3520 4473">
     <span class='ocr_line' id='line_1_112' title="bbox 281 4398 3520 4473; baseline -0.001 -18"><span class='ocrx_word' id='word_1_722' title='bbox 281 4401 492 4467; x_wconf 69' lang='lat' dir='ltr'><strong>Romae,</strong></span> <span class='ocrx_word' id='word_1_723' title='bbox 527 4402 726 4457; x_wconf 88' lang='lat' dir='ltr'><strong>natalis</strong></span> <span class='ocrx_word' id='word_1_724' title='bbox 755 4411 1067 4459; x_wconf 90' lang='lat' dir='ltr'><strong>sanctorum</strong></span> <span class='ocrx_word' id='word_1_725' title='bbox 1098 4409 1404 4473; x_wconf 84' lang='lat' dir='ltr'><strong>martyrum</strong></span> <span class='ocrx_word' id='word_1_726' title='bbox 1435 4400 1652 4458; x_wconf 90' lang='lat' dir='ltr'><strong>Claudii</strong></span> <span class='ocrx_word' id='word_1_727' title='bbox 1691 4401 1901 4457; x_wconf 88' lang='lat' dir='ltr'><strong>tribuni</strong></span> <span class='ocrx_word' id='word_1_728' title='bbox 1924 4409 1978 4456; x_wconf 93' lang='lat' dir='ltr'><strong>et</strong></span> <span class='ocrx_word' id='word_1_729' title='bbox 2006 4400 2198 4456; x_wconf 87' lang='lat' dir='ltr'><strong>uxoris</strong></span> <span class='ocrx_word' id='word_1_730' title='bbox 2227 4399 2344 4470; x_wconf 87' lang='lat' dir='ltr'><strong>ejus</strong></span> <span class='ocrx_word' id='word_1_731' title='bbox 2372 4400 2615 4468; x_wconf 68' lang='lat' dir='ltr'><strong>Hilariaa,</strong></span> <span class='ocrx_word' id='word_1_732' title='bbox 2645 4417 2708 4458; x_wconf 89' lang='lat' dir='ltr'><strong>ac</strong></span> <span class='ocrx_word' id='word_1_733' title='bbox 2728 4399 2969 4455; x_wconf 87' lang='lat' dir='ltr'><strong>ﬁliorum</strong></span> <span class='ocrx_word' id='word_1_734' title='bbox 3000 4398 3214 4453; x_wconf 90' lang='lat' dir='ltr'><strong>Jasonis</strong></span> <span class='ocrx_word' id='word_1_735' title='bbox 3244 4407 3299 4453; x_wconf 89' lang='lat' dir='ltr'><strong>et</strong></span> <span class='ocrx_word' id='word_1_736' title='bbox 3322 4399 3520 4467; x_wconf 87' lang='lat' dir='ltr'><strong>Mauri,</strong></span> 
     </span>
    </p>
   </div>
   <div class='ocr_carea' id='block_1_109' title="bbox 201 4487 3518 4563">
    <p class='ocr_par' dir='ltr' id='par_1_109' title="bbox 201 4487 3518 4563">
     <span class='ocr_line' id='line_1_113' title="bbox 201 4487 3518 4563; baseline -0.002 -19"><span class='ocrx_word' id='word_1_737' title='bbox 201 4504 335 4544; x_wconf 89' lang='lat' dir='ltr'><strong>cum</strong></span> <span class='ocrx_word' id='word_1_738' title='bbox 366 4490 713 4560; x_wconf 87' lang='lat' dir='ltr'><strong>septuaginta</strong></span> <span class='ocrx_word' id='word_1_739' title='bbox 742 4491 1034 4559; x_wconf 90' lang='lat' dir='ltr'><strong>militibus,</strong></span> <span class='ocrx_word' id='word_1_740' title='bbox 1058 4508 1126 4546; x_wconf 84' lang='lat' dir='ltr'><strong>ex</strong></span> <span class='ocrx_word' id='word_1_741' title='bbox 1156 4489 1377 4563; x_wconf 89' lang='lat' dir='ltr'><strong>quibus,</strong></span> <span class='ocrx_word' id='word_1_742' title='bbox 1410 4487 1702 4545; x_wconf 89' lang='lat' dir='ltr'><strong>Claudium</strong></span> <span class='ocrx_word' id='word_1_743' title='bbox 1727 4488 1895 4559; x_wconf 90' lang='lat' dir='ltr'><strong>jussit</strong></span> <span class='ocrx_word' id='word_1_744' title='bbox 1914 4489 2284 4546; x_wconf 88' lang='lat' dir='ltr'><strong>Numerianus</strong></span> <span class='ocrx_word' id='word_1_745' title='bbox 2314 4490 2633 4560; x_wconf 89' lang='lat' dir='ltr'><strong>imperator,</strong></span> <span class='ocrx_word' id='word_1_746' title='bbox 2666 4505 2791 4545; x_wconf 90' lang='lat' dir='ltr'><strong>cum</strong></span> <span class='ocrx_word' id='word_1_747' title='bbox 2824 4488 3035 4559; x_wconf 87' lang='lat' dir='ltr'><strong>ingenti</strong></span> <span class='ocrx_word' id='word_1_748' title='bbox 3056 4503 3191 4543; x_wconf 80' lang='lat' dir='ltr'><strong>saxo</strong></span> <span class='ocrx_word' id='word_1_749' title='bbox 3211 4488 3518 4557; x_wconf 82' lang='lat' dir='ltr'><strong>alligatum,</strong></span> 
     </span>
    </p>
   </div>
   <div class='ocr_carea' id='block_1_110' title="bbox 207 4575 3519 4653">
    <p class='ocr_par' dir='ltr' id='par_1_110' title="bbox 207 4575 3519 4653">
     <span class='ocr_line' id='line_1_114' title="bbox 207 4575 3519 4653; baseline -0 -23"><span class='ocrx_word' id='word_1_750' title='bbox 207 4576 266 4631; x_wconf 92' lang='lat' dir='ltr'><strong>in</strong></span> <span class='ocrx_word' id='word_1_751' title='bbox 299 4577 487 4633; x_wconf 88' lang='lat' dir='ltr'><strong>medio</strong></span> <span class='ocrx_word' id='word_1_752' title='bbox 507 4580 646 4634; x_wconf 90' lang='lat' dir='ltr'><strong>mari</strong></span> <span class='ocrx_word' id='word_1_753' title='bbox 676 4581 1013 4653; x_wconf 72' lang='lat' dir='ltr'><strong>praecipitem</strong></span> <span class='ocrx_word' id='word_1_754' title='bbox 1036 4580 1178 4649; x_wconf 89' lang='lat' dir='ltr'><strong>dari,</strong></span> <span class='ocrx_word' id='word_1_755' title='bbox 1212 4578 1419 4634; x_wconf 88' lang='lat' dir='ltr'><strong>milites</strong></span> <span class='ocrx_word' id='word_1_756' title='bbox 1439 4594 1570 4633; x_wconf 83' lang='lat' dir='ltr'><strong>vero</strong></span> <span class='ocrx_word' id='word_1_757' title='bbox 1600 4586 1653 4633; x_wconf 93' lang='lat' dir='ltr'><strong>et</strong></span> <span class='ocrx_word' id='word_1_758' title='bbox 1684 4579 1830 4635; x_wconf 88' lang='lat' dir='ltr'><strong>ﬁlios</strong></span> <span class='ocrx_word' id='word_1_759' title='bbox 1858 4580 2033 4652; x_wconf 92' lang='lat' dir='ltr'><strong>ipsius</strong></span> <span class='ocrx_word' id='word_1_760' title='bbox 2062 4578 2302 4646; x_wconf 90' lang='lat' dir='ltr'><strong>Claudii,</strong></span> <span class='ocrx_word' id='word_1_761' title='bbox 2337 4578 2559 4650; x_wconf 88' lang='lat' dir='ltr'><strong>capitali</strong></span> <span class='ocrx_word' id='word_1_762' title='bbox 2594 4578 2867 4635; x_wconf 89' lang='lat' dir='ltr'><strong>sententia</strong></span> <span class='ocrx_word' id='word_1_763' title='bbox 2897 4577 3104 4650; x_wconf 90' lang='lat' dir='ltr'><strong>puniri.</strong></span> <span class='ocrx_word' id='word_1_764' title='bbox 3136 4575 3296 4648; x_wconf 89' lang='lat' dir='ltr'><strong>Tingi</strong></span> <span class='ocrx_word' id='word_1_765' title='bbox 3322 4583 3519 4630; x_wconf 90' lang='lat' dir='ltr'><strong>metro-</strong></span> 
     </span>
    </p>
   </div>
   <div class='ocr_carea' id='block_1_111' title="bbox 206 4664 3520 4743">
    <p class='ocr_par' dir='ltr' id='par_1_111' title="bbox 206 4664 3520 4743">
     <span class='ocr_line' id='line_1_115' title="bbox 206 4664 3520 4743; baseline -0 -22"><span class='ocrx_word' id='word_1_766' title='bbox 206 4666 351 4738; x_wconf 90' lang='lat' dir='ltr'><strong>poli,</strong></span> <span class='ocrx_word' id='word_1_767' title='bbox 389 4668 573 4739; x_wconf 90' lang='lat' dir='ltr'><strong>passio</strong></span> <span class='ocrx_word' id='word_1_768' title='bbox 600 4670 775 4725; x_wconf 89' lang='lat' dir='ltr'><strong>sancti</strong></span> <span class='ocrx_word' id='word_1_769' title='bbox 802 4670 1070 4738; x_wconf 88' lang='lat' dir='ltr'><strong>Cassiani,</strong></span> <span class='ocrx_word' id='word_1_770' title='bbox 1101 4672 1197 4743; x_wconf 90' lang='lat' dir='ltr'><strong>qui</strong></span> <span class='ocrx_word' id='word_1_771' title='bbox 1226 4668 1537 4741; x_wconf 87' lang='lat' dir='ltr'><strong>exceptoris</strong></span> <span class='ocrx_word' id='word_1_772' title='bbox 1560 4667 1658 4723; x_wconf 91' lang='lat' dir='ltr'><strong>diu</strong></span> <span class='ocrx_word' id='word_1_773' title='bbox 1679 4684 1869 4739; x_wconf 88' lang='lat' dir='ltr'><strong>gerens</strong></span> <span class='ocrx_word' id='word_1_774' title='bbox 1895 4669 2160 4735; x_wconf 80' lang='lat' dir='ltr'><strong>ofﬁcium,</strong></span> <span class='ocrx_word' id='word_1_775' title='bbox 2186 4668 2404 4724; x_wconf 90' lang='lat' dir='ltr'><strong>tandem</strong></span> <span class='ocrx_word' id='word_1_776' title='bbox 2427 4667 2641 4724; x_wconf 61' lang='lat' dir='ltr'><strong>caelitus</strong></span> <span class='ocrx_word' id='word_1_777' title='bbox 2669 4669 2993 4741; x_wconf 89' lang='lat' dir='ltr'><strong>inspiratus,</strong></span> <span class='ocrx_word' id='word_1_778' title='bbox 3024 4666 3335 4723; x_wconf 83' lang='lat' dir='ltr'><strong>execrabile</strong></span> <span class='ocrx_word' id='word_1_779' title='bbox 3356 4664 3520 4720; x_wconf 84' lang='lat' dir='ltr'><strong>duxit</strong></span> 
     </span>
    </p>
   </div>
   <div class='ocr_carea' id='block_1_112' title="bbox 206 4755 3520 4830">
    <p class='ocr_par' dir='ltr' id='par_1_112' title="bbox 206 4755 3520 4830">
     <span class='ocr_line' id='line_1_116' title="bbox 206 4755 3520 4830; baseline -0.001 -18"><span class='ocrx_word' id='word_1_780' title='bbox 206 4755 658 4815; x_wconf 88' lang='lat' dir='ltr'><strong>Christianorum</strong></span> <span class='ocrx_word' id='word_1_781' title='bbox 681 4760 800 4816; x_wconf 87' lang='lat' dir='ltr'><strong>neci</strong></span> <span class='ocrx_word' id='word_1_782' title='bbox 826 4760 1102 4817; x_wconf 90' lang='lat' dir='ltr'><strong>deservire</strong></span> <span class='ocrx_word' id='word_1_783' title='bbox 1129 4770 1409 4830; x_wconf 89' lang='lat' dir='ltr'><strong>cruentus,</strong></span> <span class='ocrx_word' id='word_1_784' title='bbox 1443 4760 1591 4817; x_wconf 89' lang='lat' dir='ltr'><strong>unde</strong></span> <span class='ocrx_word' id='word_1_785' title='bbox 1620 4758 1943 4815; x_wconf 90' lang='lat' dir='ltr'><strong>renuntians</strong></span> <span class='ocrx_word' id='word_1_786' title='bbox 1972 4756 2150 4814; x_wconf 89' lang='lat' dir='ltr'><strong>eidem</strong></span> <span class='ocrx_word' id='word_1_787' title='bbox 2190 4757 2393 4825; x_wconf 77' lang='lat' dir='ltr'><strong>ofﬁcio,</strong></span> <span class='ocrx_word' id='word_1_788' title='bbox 2424 4756 2526 4813; x_wconf 89' lang='lat' dir='ltr'><strong>sub</strong></span> <span class='ocrx_word' id='word_1_789' title='bbox 2571 4755 2886 4814; x_wconf 87' lang='lat' dir='ltr'><strong>Christiana</strong></span> <span class='ocrx_word' id='word_1_790' title='bbox 2914 4757 3279 4825; x_wconf 89' lang='lat' dir='ltr'><strong>confessione,</strong></span> <span class='ocrx_word' id='word_1_791' title='bbox 3311 4755 3520 4810; x_wconf 90' lang='lat' dir='ltr'><strong>trium-</strong></span> 
     </span>
    </p>
   </div>
   <div class='ocr_carea' id='block_1_113' title="bbox 202 4844 1223 4921">
    <p class='ocr_par' dir='ltr' id='par_1_113' title="bbox 202 4844 1223 4921">
     <span class='ocr_line' id='line_1_117' title="bbox 202 4844 1223 4921; baseline 0.005 -22"><span class='ocrx_word' id='word_1_792' title='bbox 202 4844 382 4916; x_wconf 91' lang='lat' dir='ltr'><strong>phum</strong></span> <span class='ocrx_word' id='word_1_793' title='bbox 414 4846 620 4903; x_wconf 85' lang='lat' dir='ltr'><strong>meruit</strong></span> <span class='ocrx_word' id='word_1_794' title='bbox 650 4848 898 4906; x_wconf 90' lang='lat' dir='ltr'><strong>obtinere</strong></span> <span class='ocrx_word' id='word_1_795' title='bbox 946 4849 1223 4921; x_wconf 87' lang='lat' dir='ltr'><strong>martyrii.</strong></span> 
     </span>
    </p>
   </div>
   <div class='ocr_carea' id='block_1_114' title="bbox 1752 4978 1989 5035">
    <p class='ocr_par' dir='ltr' id='par_1_114' title="bbox 1752 4978 1989 5035">
     <span class='ocr_line' id='line_1_118' title="bbox 1752 4978 1989 5035; baseline 0.004 -2"><span class='ocrx_word' id='word_1_796' title='bbox 1752 4978 1989 5035; x_wconf 68' lang='lat' dir='ltr'><strong>NOTIE.</strong></span> 
     </span>
    </p>
   </div>
   <div class='ocr_carea' id='block_1_115' title="bbox 276 5075 1815 5150">
    <p class='ocr_par' dir='ltr' id='par_1_115' title="bbox 276 5075 1815 5150">
     <span class='ocr_line' id='line_1_119' title="bbox 276 5075 1815 5150; baseline 0.002 -19"><span class='ocrx_word' id='word_1_797' title='bbox 276 5075 412 5150; x_wconf 79' lang='lat' dir='ltr'><strong>Puri</strong></span> <span class='ocrx_word' id='word_1_798' title='bbox 443 5084 575 5150; x_wconf 86' lang='lat' dir='ltr'><strong>sunt</strong></span> <span class='ocrx_word' id='word_1_799' title='bbox 603 5077 820 5135; x_wconf 87' lang='lat' dir='ltr'><strong>Praten.</strong></span> <span class='ocrx_word' id='word_1_800' title='bbox 850 5096 865 5150; x_wconf 84' lang='grc'><strong>;</strong></span> <span class='ocrx_word' id='word_1_801' title='bbox 912 5079 1209 5147; x_wconf 83' lang='lat' dir='ltr'><strong>Herinien.,</strong></span> <span class='ocrx_word' id='word_1_802' title='bbox 1248 5080 1515 5150; x_wconf 83' lang='lat' dir='ltr'><strong>Antuerp.</strong></span> <span class='ocrx_word' id='word_1_803' title='bbox 1561 5087 1616 5134; x_wconf 92' lang='lat' dir='ltr'><strong>et</strong></span> <span class='ocrx_word' id='word_1_804' title='bbox 1643 5080 1815 5135; x_wconf 69' lang='lat' dir='ltr'><strong>Max-</strong></span> 
     </span>
    </p>
   </div>
   <div class='ocr_carea' id='block_1_116' title="bbox 199 5148 1816 5218">
    <p class='ocr_par' dir='ltr' id='par_1_116' title="bbox 199 5148 1816 5218">
     <span class='ocr_line' id='line_1_120' title="bbox 199 5148 1816 5218; baseline -0.001 -14"><span class='ocrx_word' id='word_1_805' title='bbox 199 5148 395 5204; x_wconf 80' lang='lat' dir='ltr'><strong>Lubec.</strong></span> <span class='ocrx_word' id='word_1_806' title='bbox 418 5149 715 5218; x_wconf 58' lang='lat' dir='ltr'><strong>Munerat,</strong></span> <span class='ocrx_word' id='word_1_807' title='bbox 746 5149 941 5218; x_wconf 85' lang='lat' dir='ltr'><strong>Belin.,</strong></span> <span class='ocrx_word' id='word_1_808' title='bbox 970 5152 1189 5207; x_wconf 83' lang='lat' dir='ltr'><strong>Greven.</strong></span> <span class='ocrx_word' id='word_1_809' title='bbox 1216 5159 1272 5207; x_wconf 91' lang='lat' dir='ltr'><strong>et</strong></span> <span class='ocrx_word' id='word_1_810' title='bbox 1297 5148 1503 5209; x_wconf 66' lang='lat' dir='ltr'><strong>Maluit.</strong></span> <span class='ocrx_word' id='word_1_811' title='bbox 1525 5150 1816 5206; x_wconf 89' lang='lat' dir='ltr'><strong>Accedunt</strong></span> 
     </span>
    </p>
   </div>
   <div class='ocr_carea' id='block_1_117' title="bbox 1924 5077 3519 5204">
    <p class='ocr_par' dir='ltr' id='par_1_117' title="bbox 1924 5077 3519 5204">
     <span class='ocr_line' id='line_1_121' title="bbox 1924 5077 3519 5204; baseline 0 -74"><span class='ocrx_word' id='word_1_812' title='bbox 1924 5077 2412 5204; x_wconf 45' lang='grc' dir='ltr'><strong>ἐπιμένῃ-Μαι,</strong></span> <span class='ocrx_word' id='word_1_813' title='bbox 2472 5078 2771 5148; x_wconf 81' lang='lat' dir='ltr'><strong>Ultraject.,</strong></span> <span class='ocrx_word' id='word_1_814' title='bbox 2830 5079 3080 5149; x_wconf 83' lang='lat' dir='ltr'><strong>Leyden.,</strong></span> <span class='ocrx_word' id='word_1_815' title='bbox 3136 5077 3415 5144; x_wconf 81' lang='lat' dir='ltr'><strong>Albergen.</strong></span> <span class='ocrx_word' id='word_1_816' title='bbox 3465 5082 3519 5130; x_wconf 91' lang='lat' dir='ltr'><strong>et</strong></span> 
     </span>
     <span class='ocr_line' id='line_1_122' title="bbox 1975 5166 2116 5203; baseline 0 0"><span class='ocrx_word' id='word_1_817' title='bbox 1975 5166 2116 5203; x_wconf 71' lang='lat' dir='ltr'><strong>ante.</strong></span> 
     </span>
    </p>
   </div>
   <div class='ocr_carea' id='block_1_118' title="bbox 1975 5166 2116 5203">
    <p class='ocr_par' dir='ltr' id='par_1_118' title="bbox 1975 5166 2116 5203">
     <span class='ocr_line' id='line_1_123' title="bbox 1975 5166 2116 5203; baseline 0 0"><span class='ocrx_word' id='word_1_818' title='bbox 1975 5166 2116 5203; x_wconf 75' lang='lat' dir='ltr'><strong>ante.</strong></span> 
     </span>
    </p>
   </div>
   <div class='ocr_carea' id='block_1_119' title="bbox 1455 5275 2313 5334">
    <p class='ocr_par' dir='ltr' id='par_1_119' title="bbox 1455 5275 2313 5334">
     <span class='ocr_line' id='line_1_124' title="bbox 1455 5275 2313 5334; baseline -0.006 0"><span class='ocrx_word' id='word_1_819' title='bbox 1455 5276 1863 5334; x_wconf 83' lang='lat' dir='ltr'><strong>VARIANTES</strong></span> <span class='ocrx_word' id='word_1_820' title='bbox 1903 5275 2206 5333; x_wconf 80' lang='lat' dir='ltr'><strong>LECTION</strong></span> <span class='ocrx_word' id='word_1_821' title='bbox 2212 5276 2313 5331; x_wconf 88' lang='lat' dir='ltr'><strong>ES.</strong></span> 
     </span>
    </p>
   </div>
   <div class='ocr_carea' id='block_1_120' title="bbox 272 5371 1887 5446">
    <p class='ocr_par' dir='ltr' id='par_1_120' title="bbox 272 5371 1887 5446">
     <span class='ocr_line' id='line_1_125' title="bbox 272 5371 1887 5446; baseline -0.001 -18"><span class='ocrx_word' id='word_1_822' title='bbox 272 5371 509 5446; x_wconf 82' lang='lat' dir='ltr'><strong>Codices</strong></span> <span class='ocrx_word' id='word_1_823' title='bbox 538 5373 732 5446; x_wconf 85' lang='lat' dir='ltr'><strong>mediae</strong></span> <span class='ocrx_word' id='word_1_824' title='bbox 762 5382 907 5430; x_wconf 57' lang='lat' dir='ltr'><strong>notae</strong></span> <span class='ocrx_word' id='word_1_825' title='bbox 928 5390 1120 5430; x_wconf 90' lang='lat' dir='ltr'><strong>omnes</strong></span> <span class='ocrx_word' id='word_1_826' title='bbox 1150 5375 1337 5446; x_wconf 90' lang='lat' dir='ltr'><strong>legunt</strong></span> <span class='ocrx_word' id='word_1_827' title='bbox 1363 5392 1373 5429; x_wconf 92' lang='lat'>:</span> <span class='ocrx_word' id='word_1_828' title='bbox 1397 5376 1577 5446; x_wconf 79' lang='lat' dir='ltr'><strong>Romae</strong></span> <span class='ocrx_word' id='word_1_829' title='bbox 1597 5374 1687 5428; x_wconf 81' lang='lat' dir='ltr'><strong>via</strong></span> <span class='ocrx_word' id='word_1_830' title='bbox 1709 5375 1802 5430; x_wconf 90' lang='lat' dir='ltr'><strong>Sa-</strong></span> <span class='ocrx_word' id='word_1_831' title='bbox 1836 5381 1887 5438; x_wconf 75' lang='grc' dir='ltr'><strong>Ι)</strong></span> 
     </span>
    </p>
   </div>
   <div class='ocr_carea' id='block_1_121' title="bbox 200 5444 1804 5516">
    <p class='ocr_par' dir='ltr' id='par_1_121' title="bbox 200 5444 1804 5516">
     <span class='ocr_line' id='line_1_126' title="bbox 200 5444 1804 5516; baseline 0.001 -18"><span class='ocrx_word' id='word_1_832' title='bbox 200 5444 370 5501; x_wconf 72' lang='lat' dir='ltr'><strong>(aria.</strong></span> <span class='ocrx_word' id='word_1_833' title='bbox 410 5445 503 5501; x_wconf 92' lang='lat' dir='ltr'><strong>Sic</strong></span> <span class='ocrx_word' id='word_1_834' title='bbox 530 5444 719 5511; x_wconf 90' lang='lat' dir='ltr'><strong>etiam,</strong></span> <span class='ocrx_word' id='word_1_835' title='bbox 752 5462 878 5502; x_wconf 90' lang='lat' dir='ltr'><strong>cum</strong></span> <span class='ocrx_word' id='word_1_836' title='bbox 912 5446 1175 5516; x_wconf 91' lang='lat' dir='ltr'><strong>Antuerp.</strong></span> <span class='ocrx_word' id='word_1_837' title='bbox 1209 5444 1264 5501; x_wconf 81' lang='lat' dir='ltr'><strong>et</strong></span> <span class='ocrx_word' id='word_1_838' title='bbox 1284 5445 1701 5511; x_wconf 83' lang='lat' dir='ltr'><strong>Max.—Lubec.,</strong></span> <span class='ocrx_word' id='word_1_839' title='bbox 1731 5446 1804 5499; x_wconf 91' lang='lat' dir='ltr'><strong>al-</strong></span> 
     </span>
    </p>
   </div>
   <div class='ocr_carea' id='block_1_122' title="bbox 196 5516 1806 5585">
    <p class='ocr_par' dir='ltr' id='par_1_122' title="bbox 196 5516 1806 5585">
     <span class='ocr_line' id='line_1_127' title="bbox 196 5516 1806 5585; baseline 0.001 -16"><span class='ocrx_word' id='word_1_840' title='bbox 196 5521 378 5571; x_wconf 85' lang='lat' dir='ltr'><strong>teram</strong></span> <span class='ocrx_word' id='word_1_841' title='bbox 410 5517 897 5573; x_wconf 87' lang='lat' dir='ltr'><strong>annuntiationem</strong></span> <span class='ocrx_word' id='word_1_842' title='bbox 940 5532 1010 5572; x_wconf 83' lang='lat' dir='ltr'><strong>ex</strong></span> <span class='ocrx_word' id='word_1_843' title='bbox 1050 5517 1243 5572; x_wconf 90' lang='lat' dir='ltr'><strong>Adone</strong></span> <span class='ocrx_word' id='word_1_844' title='bbox 1272 5517 1574 5572; x_wconf 88' lang='lat' dir='ltr'><strong>inchoant:</strong></span> <span class='ocrx_word' id='word_1_845' title='bbox 1634 5516 1806 5585; x_wconf 86' lang='lat' dir='ltr'><strong>Tingi,</strong></span> 
     </span>
    </p>
   </div>
   <div class='ocr_carea' id='block_1_123' title="bbox 201 5587 1810 5659">
    <p class='ocr_par' dir='ltr' id='par_1_123' title="bbox 201 5587 1810 5659">
     <span class='ocr_line' id='line_1_128' title="bbox 201 5587 1810 5659; baseline 0.001 -20"><span class='ocrx_word' id='word_1_846' title='bbox 201 5588 486 5659; x_wconf 73' lang='lat' dir='ltr'><strong>metropoli</strong></span> <span class='ocrx_word' id='word_1_847' title='bbox 542 5588 893 5644; x_wconf 74' lang='lat' dir='ltr'><strong>Mauritania:</strong></span> <span class='ocrx_word' id='word_1_848' title='bbox 928 5588 1239 5659; x_wconf 68' lang='lat' dir='ltr'><strong>Tingitanae.</strong></span> <span class='ocrx_word' id='word_1_849' title='bbox 1279 5588 1550 5645; x_wconf 87' lang='lat' dir='ltr'><strong>Munerat.</strong></span> <span class='ocrx_word' id='word_1_850' title='bbox 1589 5587 1810 5659; x_wconf 80' lang='lat' dir='ltr'><strong>scripsit</strong></span> 
     </span>
    </p>
   </div>
   <div class='ocr_carea' id='block_1_124' title="bbox 206 5657 1806 5729">
    <p class='ocr_par' dir='ltr' id='par_1_124' title="bbox 206 5657 1806 5729">
     <span class='ocr_line' id='line_1_129' title="bbox 206 5657 1806 5729; baseline 0.001 -18"><span class='ocrx_word' id='word_1_851' title='bbox 206 5657 397 5729; x_wconf 68' lang='lat' dir='ltr'><strong>Turpi,</strong></span> <span class='ocrx_word' id='word_1_852' title='bbox 419 5659 665 5715; x_wconf 91' lang='lat' dir='ltr'><strong>secunda</strong></span> <span class='ocrx_word' id='word_1_853' title='bbox 680 5660 856 5714; x_wconf 88' lang='lat' dir='ltr'><strong>Belini</strong></span> <span class='ocrx_word' id='word_1_854' title='bbox 889 5657 1081 5727; x_wconf 89' lang='lat' dir='ltr'><strong>editio,</strong></span> <span class='ocrx_word' id='word_1_855' title='bbox 1113 5660 1297 5729; x_wconf 84' lang='lat' dir='ltr'><strong>Turgi,</strong></span> <span class='ocrx_word' id='word_1_856' title='bbox 1321 5660 1581 5725; x_wconf 89' lang='lat' dir='ltr'><strong>Greven.,</strong></span> <span class='ocrx_word' id='word_1_857' title='bbox 1623 5657 1806 5729; x_wconf 81' lang='lat' dir='ltr'><strong>Tyngi.</strong></span> 
     </span>
    </p>
   </div>
   <div class='ocr_carea' id='block_1_125' title="bbox 201 5728 1811 5801">
    <p class='ocr_par' dir='ltr' id='par_1_125' title="bbox 201 5728 1811 5801">
     <span class='ocr_line' id='line_1_130' title="bbox 201 5728 1811 5801; baseline 0.001 -18"><span class='ocrx_word' id='word_1_858' title='bbox 201 5728 387 5801; x_wconf 71' lang='lat' dir='ltr'><strong>Belin.</strong></span> <span class='ocrx_word' id='word_1_859' title='bbox 446 5732 593 5786; x_wconf 90' lang='lat' dir='ltr'><strong>male</strong></span> <span class='ocrx_word' id='word_1_860' title='bbox 626 5730 811 5801; x_wconf 91' lang='lat' dir='ltr'><strong>posuit</strong></span> <span class='ocrx_word' id='word_1_861' title='bbox 853 5731 1178 5801; x_wconf 91' lang='lat' dir='ltr'><strong>particulam</strong></span> <span class='ocrx_word' id='word_1_862' title='bbox 1216 5728 1265 5784; x_wconf 85' lang='lat' dir='ltr'><strong>et</strong></span> <span class='ocrx_word' id='word_1_863' title='bbox 1290 5737 1412 5801; x_wconf 92' lang='lat' dir='ltr'><strong>post</strong></span> <span class='ocrx_word' id='word_1_864' title='bbox 1463 5728 1699 5797; x_wconf 77' lang='lat' dir='ltr'><strong>Claudii,</strong></span> <span class='ocrx_word' id='word_1_865' title='bbox 1731 5728 1811 5784; x_wconf 91' lang='lat' dir='ltr'><strong>sic</strong></span> 
     </span>
    </p>
   </div>
   <div class='ocr_carea' id='block_1_126' title="bbox 198 5746 1643 5873">
    <p class='ocr_par' dir='ltr' id='par_1_126' title="bbox 198 5746 1643 5873">
     <span class='ocr_line' id='line_1_131' title="bbox 201 5746 1643 5801; baseline -0.002 -18"><span class='ocrx_word' id='word_1_866' title='bbox 201 5746 387 5786; x_wconf 75' lang='lat' dir='ltr'><strong>DBIID.</strong></span> <span class='ocrx_word' id='word_1_867' title='bbox 446 5746 593 5786; x_wconf 85' lang='lat' dir='ltr'><strong>male</strong></span> <span class='ocrx_word' id='word_1_868' title='bbox 626 5746 811 5801; x_wconf 82' lang='lat' dir='ltr'><strong>posuit</strong></span> <span class='ocrx_word' id='word_1_869' title='bbox 888 5746 1178 5786; x_wconf 84' lang='lat' dir='ltr'><strong>articulam</strong></span> <span class='ocrx_word' id='word_1_870' title='bbox 1216 5746 1265 5784; x_wconf 75' lang='grc' dir='ltr'><strong>ετ</strong></span> <span class='ocrx_word' id='word_1_871' title='bbox 1328 5746 1412 5785; x_wconf 72' lang='grc' dir='ltr'><strong>οει</strong></span> <span class='ocrx_word' id='word_1_872' title='bbox 1463 5746 1643 5786; x_wconf 68' lang='lat' dir='ltr'><strong>uana:</strong></span> 
     </span>
     <span class='ocr_line' id='line_1_132' title="bbox 198 5746 1643 5873; baseline 0.003 -20"><span class='ocrx_word' id='word_1_873' title='bbox 198 5799 395 5871; x_wconf 85' lang='lat' dir='ltr'><strong>legens</strong></span> <span class='ocrx_word' id='word_1_874' title='bbox 425 5820 439 5859; x_wconf 88' lang='lat'><strong>;</strong></span> <span class='ocrx_word' id='word_1_875' title='bbox 477 5800 698 5858; x_wconf 79' lang='lat' dir='ltr'><strong>Claudii</strong></span> <span class='ocrx_word' id='word_1_876' title='bbox 716 5807 764 5858; x_wconf 80' lang='lat' dir='ltr'><strong>et</strong></span> <span class='ocrx_word' id='word_1_877' title='bbox 792 5748 994 5859; x_wconf 48' lang='lat' dir='ltr'><strong>tribuni</strong></span> <span class='ocrx_word' id='word_1_878' title='bbox 1017 5807 1068 5858; x_wconf 78' lang='lat' dir='ltr'><strong>et</strong></span> <span class='ocrx_word' id='word_1_879' title='bbox 1084 5800 1274 5859; x_wconf 68' lang='lat' dir='ltr'><strong>uxoris</strong></span> <span class='ocrx_word' id='word_1_880' title='bbox 1290 5746 1555 5873; x_wconf 48' lang='lat' dir='ltr'><strong>Iiiytarice,</strong></span> <span class='ocrx_word' id='word_1_881' title='bbox 1577 5807 1643 5858; x_wconf 64' lang='lat' dir='ltr'><strong>e&quot;</strong></span> 
     </span>
    </p>
   </div>
   <div class='ocr_carea' id='block_1_127' title="bbox 1917 5373 3521 5497">
    <p class='ocr_par' dir='ltr' id='par_1_127' title="bbox 1917 5373 3521 5497">
     <span class='ocr_line' id='line_1_133' title="bbox 1917 5373 3521 5497; baseline 0.002 -71"><span class='ocrx_word' id='word_1_882' title='bbox 1917 5375 2098 5497; x_wconf 53' lang='lat' dir='ltr'><strong>giimus</strong></span> <span class='ocrx_word' id='word_1_883' title='bbox 2127 5388 2252 5427; x_wconf 92' lang='lat' dir='ltr'><strong>cum</strong></span> <span class='ocrx_word' id='word_1_884' title='bbox 2278 5374 2516 5440; x_wconf 85' lang='lat' dir='ltr'><strong>Praten.,</strong></span> <span class='ocrx_word' id='word_1_885' title='bbox 2552 5374 2820 5429; x_wconf 71' lang='lat' dir='ltr'><strong>Herinien‘</strong></span> <span class='ocrx_word' id='word_1_886' title='bbox 2847 5418 2860 5440; x_wconf 95' lang='lat'><strong>,</strong></span> <span class='ocrx_word' id='word_1_887' title='bbox 2883 5374 3175 5440; x_wconf 64' lang='lat' dir='ltr'><strong>Munerat,</strong></span> <span class='ocrx_word' id='word_1_888' title='bbox 3206 5373 3441 5429; x_wconf 89' lang='lat' dir='ltr'><strong>Greven.</strong></span> <span class='ocrx_word' id='word_1_889' title='bbox 3468 5381 3521 5429; x_wconf 90' lang='lat' dir='ltr'><strong>et</strong></span> 
     </span>
     <span class='ocr_line' id='line_1_134' title="bbox 1975 5443 3520 5497; baseline 0 0"><span class='ocrx_word' id='word_1_890' title='bbox 1975 5444 2147 5497; x_wconf 86' lang='lat' dir='ltr'><strong>olan..</strong></span> <span class='ocrx_word' id='word_1_891' title='bbox 2191 5443 2621 5497; x_wconf 83' lang='lat' dir='ltr'><strong>Christianorum</strong></span> <span class='ocrx_word' id='word_1_892' title='bbox 2669 5446 2779 5497; x_wconf 79' lang='lat' dir='ltr'><strong>neci</strong></span> <span class='ocrx_word' id='word_1_893' title='bbox 2807 5446 3068 5497; x_wconf 78' lang='lat' dir='ltr'><strong>deservire</strong></span> <span class='ocrx_word' id='word_1_894' title='bbox 3087 5451 3356 5497; x_wconf 85' lang='lat' dir='ltr'><strong>cruentus.</strong></span> <span class='ocrx_word' id='word_1_895' title='bbox 3390 5445 3520 5497; x_wconf 89' lang='lat' dir='ltr'><strong>licet</strong></span> 
     </span>
    </p>
   </div>
   <div class='ocr_carea' id='block_1_128' title="bbox 1975 5443 3567 5510">
    <p class='ocr_par' dir='ltr' id='par_1_128' title="bbox 1975 5443 3567 5510">
     <span class='ocr_line' id='line_1_135' title="bbox 1975 5443 3567 5510; baseline 0.003 -13"><span class='ocrx_word' id='word_1_896' title='bbox 1975 5444 2147 5510; x_wconf 87' lang='lat' dir='ltr'><strong>olan.,</strong></span> <span class='ocrx_word' id='word_1_897' title='bbox 2191 5443 2621 5499; x_wconf 83' lang='lat' dir='ltr'><strong>Christianorum</strong></span> <span class='ocrx_word' id='word_1_898' title='bbox 2669 5446 2779 5499; x_wconf 83' lang='lat' dir='ltr'><strong>neci</strong></span> <span class='ocrx_word' id='word_1_899' title='bbox 2807 5446 3068 5498; x_wconf 83' lang='lat' dir='ltr'><strong>deservire</strong></span> <span class='ocrx_word' id='word_1_900' title='bbox 3087 5451 3356 5509; x_wconf 82' lang='lat' dir='ltr'><strong>cruentus,</strong></span> <span class='ocrx_word' id='word_1_901' title='bbox 3390 5445 3520 5500; x_wconf 81' lang='lat' dir='ltr'><strong>licet</strong></span> <span class='ocrx_word' id='word_1_902' title='bbox 3553 5492 3567 5503; x_wconf 90' lang='lat'><strong>.</strong></span> 
     </span>
    </p>
   </div>
   <div class='ocr_carea' id='block_1_129' title="bbox 1915 5512 3519 5588">
    <p class='ocr_par' dir='ltr' id='par_1_129' title="bbox 1915 5512 3519 5588">
     <span class='ocr_line' id='line_1_136' title="bbox 1915 5512 3519 5588; baseline 0.002 -20"><span class='ocrx_word' id='word_1_903' title='bbox 1915 5512 2111 5588; x_wconf 76' lang='lat' dir='ltr'><strong>uurior</strong></span> <span class='ocrx_word' id='word_1_904' title='bbox 2132 5514 2213 5588; x_wconf 74' lang='lat' dir='ltr'><strong>sit</strong></span> <span class='ocrx_word' id='word_1_905' title='bbox 2241 5515 2682 5588; x_wconf 87' lang='lat' dir='ltr'><strong>constructio._ld</strong></span> <span class='ocrx_word' id='word_1_906' title='bbox 2696 5524 2756 5569; x_wconf 90' lang='lat' dir='ltr'><strong>ut</strong></span> <span class='ocrx_word' id='word_1_907' title='bbox 2773 5515 3013 5588; x_wconf 85' lang='lat' dir='ltr'><strong>vitarent</strong></span> <span class='ocrx_word' id='word_1_908' title='bbox 3034 5518 3325 5588; x_wconf 84' lang='lat' dir='ltr'><strong>Antuerp.,</strong></span> <span class='ocrx_word' id='word_1_909' title='bbox 3348 5517 3519 5571; x_wconf 83' lang='lat' dir='ltr'><strong>Max.-</strong></span> 
     </span>
    </p>
   </div>
   <div class='ocr_carea' id='block_1_130' title="bbox 1917 5584 3519 5655">
    <p class='ocr_par' dir='ltr' id='par_1_130' title="bbox 1917 5584 3519 5655">
     <span class='ocr_line' id='line_1_137' title="bbox 1917 5584 3519 5655; baseline 0.002 -16"><span class='ocrx_word' id='word_1_910' title='bbox 1917 5584 2143 5652; x_wconf 88' lang='lat' dir='ltr'><strong>Lubec.,</strong></span> <span class='ocrx_word' id='word_1_911' title='bbox 2186 5586 2361 5641; x_wconf 85' lang='lat' dir='ltr'><strong>Belin.</strong></span> <span class='ocrx_word' id='word_1_912' title='bbox 2412 5593 2466 5641; x_wconf 88' lang='lat' dir='ltr'><strong>et</strong></span> <span class='ocrx_word' id='word_1_913' title='bbox 2524 5586 2742 5642; x_wconf 81' lang='lat' dir='ltr'><strong>codices</strong></span> <span class='ocrx_word' id='word_1_914' title='bbox 2786 5587 2981 5641; x_wconf 74' lang='lat' dir='ltr'><strong>mediae</strong></span> <span class='ocrx_word' id='word_1_915' title='bbox 3011 5598 3176 5655; x_wconf 68' lang='lat' dir='ltr'><strong>notae,</strong></span> <span class='ocrx_word' id='word_1_916' title='bbox 3210 5584 3519 5643; x_wconf 80' lang='lat' dir='ltr'><strong>omiserunt</strong></span> 
     </span>
    </p>
   </div>
   <div class='ocr_carea' id='block_1_131' title="bbox 1913 5657 3518 5730">
    <p class='ocr_par' dir='ltr' id='par_1_131' title="bbox 1913 5657 3518 5730">
     <span class='ocr_line' id='line_1_138' title="bbox 1913 5657 3518 5730; baseline 0.002 -21"><span class='ocrx_word' id='word_1_917' title='bbox 1913 5663 1973 5716; x_wconf 75' lang='grc' dir='ltr'><strong>τὸ</strong></span> <span class='ocrx_word' id='word_1_918' title='bbox 1997 5664 2260 5723; x_wconf 82' lang='lat' dir='ltr'><strong>cruentus,</strong></span> <span class='ocrx_word' id='word_1_919' title='bbox 2288 5659 2397 5712; x_wconf 92' lang='lat' dir='ltr'><strong>imo</strong></span> <span class='ocrx_word' id='word_1_920' title='bbox 2421 5658 2476 5711; x_wconf 92' lang='lat' dir='ltr'><strong>in</strong></span> <span class='ocrx_word' id='word_1_921' title='bbox 2508 5657 2947 5729; x_wconf 77' lang='lat' dir='ltr'><strong>Antuerp.-Maj.</strong></span> <span class='ocrx_word' id='word_1_922' title='bbox 2981 5660 3227 5713; x_wconf 88' lang='lat' dir='ltr'><strong>emollita</strong></span> <span class='ocrx_word' id='word_1_923' title='bbox 3248 5667 3329 5713; x_wconf 82' lang='lat' dir='ltr'><strong>est</strong></span> <span class='ocrx_word' id='word_1_924' title='bbox 3355 5659 3518 5730; x_wconf 88' lang='lat' dir='ltr'><strong>phra-</strong></span> 
     </span>
    </p>
   </div>
   <div class='ocr_carea' id='block_1_132' title="bbox 1914 5735 3520 5804">
    <p class='ocr_par' dir='ltr' id='par_1_132' title="bbox 1914 5735 3520 5804">
     <span class='ocr_line' id='line_1_139' title="bbox 1914 5735 3520 5804; baseline 0 -14"><span class='ocrx_word' id='word_1_925' title='bbox 1914 5735 1990 5790; x_wconf 91' lang='lat' dir='ltr'><strong>sis</strong></span> <span class='ocrx_word' id='word_1_926' title='bbox 2035 5751 2129 5804; x_wconf 91' lang='lat' dir='ltr'><strong>per</strong></span> <span class='ocrx_word' id='word_1_927' title='bbox 2184 5736 2391 5790; x_wconf 83' lang='lat' dir='ltr'><strong>necibus</strong></span> <span class='ocrx_word' id='word_1_928' title='bbox 2444 5738 2707 5791; x_wconf 78' lang='lat' dir='ltr'><strong>deservire</strong></span> <span class='ocrx_word' id='word_1_929' title='bbox 2764 5738 3011 5792; x_wconf 84' lang='lat' dir='ltr'><strong>cruentis.</strong></span> <span class='ocrx_word' id='word_1_930' title='bbox 3070 5739 3129 5793; x_wconf 86' lang='lat' dir='ltr'><strong>In</strong></span> <span class='ocrx_word' id='word_1_931' title='bbox 3186 5737 3423 5794; x_wconf 86' lang='lat' dir='ltr'><strong>Greven.</strong></span> <span class='ocrx_word' id='word_1_932' title='bbox 3465 5743 3520 5790; x_wconf 87' lang='lat' dir='ltr'><strong>et</strong></span> 
     </span>
    </p>
   </div>
   <div class='ocr_carea' id='block_1_133' title="bbox 1916 5805 3514 5880">
    <p class='ocr_par' dir='ltr' id='par_1_133' title="bbox 1916 5805 3514 5880">
     <span class='ocr_line' id='line_1_140' title="bbox 1916 5805 3514 5880; baseline 0.001 -19"><span class='ocrx_word' id='word_1_933' title='bbox 1916 5805 2118 5861; x_wconf 85' lang='lat' dir='ltr'><strong>Molan.</strong></span> <span class='ocrx_word' id='word_1_934' title='bbox 2190 5814 2316 5862; x_wconf 88' lang='lat' dir='ltr'><strong>ante</strong></span> <span class='ocrx_word' id='word_1_935' title='bbox 2376 5808 2689 5866; x_wconf 83' lang='lat' dir='ltr'><strong>Christiana</strong></span> <span class='ocrx_word' id='word_1_936' title='bbox 2757 5816 2803 5863; x_wconf 89' lang='lat' dir='ltr'><strong>et</strong></span> <span class='ocrx_word' id='word_1_937' title='bbox 2834 5809 3153 5880; x_wconf 84' lang='lat' dir='ltr'><strong>confessione</strong></span> <span class='ocrx_word' id='word_1_938' title='bbox 3183 5808 3335 5864; x_wconf 90' lang='lat' dir='ltr'><strong>deest</strong></span> <span class='ocrx_word' id='word_1_939' title='bbox 3400 5806 3514 5862; x_wconf 81' lang='lat' dir='ltr'><strong>sub.</strong></span> 
     </span>
    </p>
   </div>
  </div>
