4070 6184
1332 201 1973 262 MARTYROLOGIUM.
2011 236 2083 247 —
2119 205 2329 263 MENS.
2369 207 2530 265 DEC.

3450 214 3557 272 826

234 326 779 411 Parthis'etuMe‘dis
816 327 1138 409 pradicans,
1176 341 1380 411 passus
1396 333 1480 383 est
1526 326 1585 382 in
1624 327 1793 411 India
1816 346 1853 410 v
1884 335 1936 394 Α
2043 331 2379 411 Fronsrzrm.
2407 350 2442 411 :_
2486 356 2505 379 ι
2542 332 3079 411 Qataiaunis,_sanct_i
3128 336 3393 411 gemmii,
3426 338 3556 411 epi-

231 406 431 461 Nonas
476 400 634 455 Julii.
670 397 883 469 Corpus
931 397 1049 469 ejus
1092 400 1149 453 in
1181 397 1506 470 civitatem,
1538 414 1702 470 quam
1742 399 1852 455 Siri

234 475 501 532 Edissam
524 476 749 541 vocant,
772 468 1101 541 translatum
1129 476 1230 541 est,
1251 468 1441 541 ibique
1457 469 1511 541 di
1519 468 1625 541 gito
1640 469 1852 525 honore

235 545 551 623 sepultum:
592 539 983 623 Cathalaunis,
1021 539 1489 623 sanctiMemm‘ii.
1510 539 1761 623 cpisccpi
1798 548 1852 596 et

236 610 602 679 confessoris,
645 610 816 682 primi
851 610 1099 665 civitatis
1135 610 1309 666 illius.
1351 635 1369 657 ι
1422 610 1567 667 Vide
1601 610 1849 669 codicem

348 694 589 762 uentem.
621 681 685 737 In
716 681 916 762 ultima
952 698 1124 762 purus
1153 688 1254 737 est.

365 770 703 817 noxam.an
742 753 801 807 in
822 753 1003 824 prima
1026 760 1307 824 utcunque
1328 768 1523 824 purus,
1544 753 1626 824 sic
1666 769 1848 824 prose-

235 829 439 901 quitur
463 845 498 901 :_
521 850 539 872 ε
571 826 778 901 Roma),
805 822 983 901 sancti
1007 822 1503 901 Innoceutiipapai.
1532 823 1638 890 Qui
1668 822 1852 880 decre-

234 893 324 954 vit
344 897 599 954 osculum
620 894 774 966 pacis
804 894 873 949 ad
903 894 1123 966 missam
1146 893 1286 966 dari,
1309 910 1372 966 ac
1390 893 1513 949 oleo
1532 903 1849 952 consecrato

276 986 341 1024 ro
370 964 727 1023 inﬁrmis—uti
750 964 1072 1037 constituit.
1109 988 1126 1010 ι
1171 964 1435 1037 Sequitur
1461 966 1541 1037 de
1557 966 1765 1020 Joanne
1794 975 1849 1022 et

276 986 341 1024 1'0
370 985 615 1023 llllll'mls
643 985 727 1020 ιιιι
757 985 1072 1020 οοηδιιιιιιι.
1109 988 1126 1010 ⁸
1171 985 1435 1037 Sequitur
1461 985 1530 1021 (18
1557 985 1765 1020 Joanne
1794 985 1848 1022 Θῐ

233 985 424 1096 gesto.
459 1038 600 1092 Tum
630 1053 641 1089 :
694 1061 710 1082 ι
745 1036 807 1091 In
839 1036 1090 1102 Eraclea,
1114 1036 1294 1091 natale
1322 1036 1497 1091 sancti
1529 1036 1680 1091 Passi
1707 1052 1848 1092 mar-

235 1112 407 1188 tyris:
425 1107 831 1188 Gathallaunis,
852 1105 1593 1188 depositiqsanctihlemmii
1604 1107 1847 1188 episcopi

238 1176 431 1254 primi,
464 1180 551 1236 illi
591 1178 807 1254 civitati
837 1176 1071 1254 abjurbe
1102 1177 1274 1232 Roma
1301 1177 1520 1254 directi=
1554 1176 1666 1254 Qui
1705 1176 1849 1233 inter

238 1248 349 1307 alia
366 1251 666 1306 innumera
686 1248 952 1303 miracula
966 1255 1247 1319 mortuum
1260 1248 1569 1319 suscitavit,
1580 1248 1846 1319 cujusque

237 1338 394 1378 nunc
432 1319 1077 1392 sepulcrum_mi_raculis
1114 1318 1467 1392 creberrimis
1504 1318 1841 1392 illustratur.

238 1388 523 1459 Treveris,
555 1388 1052 1461 sanctiZepherini
1082 1389 1326 1461 episcopi
1346 1397 1399 1445 et
1427 1391 1778 1447 confessoris.
1814 1414 1831 1436 ι

240 1464 383 1520 Vide
412 1462 594 1517 infra:
652 1484 670 1506 ι
709 1460 782 1515 Et
815 1460 970 1527 alibi,
1004 1460 1324 1516 sanctorum
1352 1462 1532 1529 Focae,
1567 1462 1738 1517 Florii
1791 1469 1846 1516 et

238 1532 931 1611 Honorati__episc_qporum
980 1539 1033 1611 et
1083 1532 1482 1611 confessorum.
1518 1558 1543 1611 _-
1600 1532 1847 1611 _Nomina

243 1606 307 1660 in
364 1601 642 1660 codicibus
692 1601 1149 1673 Hieronymianis
1186 1603 1440 1670 invenio,
1488 1604 1683 1659 titulos
1732 1619 1845 1658 non

242 1676 383 1731 item
395 1718 407 1730 .

320 1747 715 1801 Haemona:
783 1767 801 1790 ι
838 1745 899 1799 In
942 1744 1119 1811 India,
1164 1746 1345 1815 passio
1374 1745 1548 1801 sancti
1594 1745 1836 1811 Thomaa,

236 1817 404 1873 electi
433 1816 533 1871 Dei
559 1815 814 1886 apostoli,
848 1816 941 1886 qui
973 1817 1113 1869 tanti
1144 1815 1379 1872 fervoris
1406 1816 1608 1872 eratad
1638 1816 1843 1871 Domi-

236 1903 398 1953 num,
431 1886 615 1959 adhuc
643 1886 700 1941 in
724 1901 888 1959 carne
916 1886 1270 1959 existentem,
1296 1887 1443 1959 quod
1461 1904 1587 1943 cum
1613 1903 1677 1942 eo
1699 1886 1839 1959 mori

233 1959 440 2025 voluit,
474 1966 527 2029 et
546 1957 685 2029 alios
714 1957 975 2029 similiter
993 1957 1173 2029 facere
1202 1957 1453 2013 hortatus
1481 1967 1582 2024 est,
1617 1957 1839 2029 quando

233 2029 303 2085 ad
323 2027 804 2085 resuscitationem
823 2028 1009 2083 Lazari
1031 2029 1303 2084 Dominus
1322 2029 1403 2083 ire
1424 2027 1673 2095 voluit,»
1707 2035 1837 2095 etc.,

236 2115 362 2172 quas
390 2099 520 2172 vide
550 2098 1147 2172 apudSuriuuisTum
1185 2115 1331 2155 nova
1362 2100 1656 2172 confusio;
1720 2124 1739 2145 ι
1776 2100 1839 2172 In

236 2170 470 2228 civitate
494 2171 742 2242 Treveri,
761 2170 939 2242 sancti
956 2170 1153 2242 Severi
1174 2171 1416 2242 episcopi
1437 2180 1490 2225 et
1510 2170 1841 2242 confessoris

237 2242 485 2309 ejusdem
515 2241 779 2297 civitatis.
809 2241 915 2309 Qui
937 2241 1002 2296 de
1032 2238 1261 2297 civitate
1280 2238 1508 2296 Treveri
1529 2242 1760 2296 veniens
1780 2240 1837 2295 in

307 2313 634 2394 quitaniam,
651 2312 800 2394 unde
821 2321 984 2394 natus
1005 2320 1140 2376 erat,
1154 2313 1269 2383 jam
1289 2329 1472 2394 senex‘
1486 2328 1590 2394 per
1606 2313 1837 2394 gratiam

233 2383 363 2451 Dei,
394 2400 555 2456 quam
586 2384 644 2437 in
665 2400 721 2439 se
751 2384 968 2456 habuit,
999 2399 1191 2456 omnes
1212 2400 1350 2455 quos
1380 2383 1526 2438 vidit
1552 2383 1836 2456 cognovit,

236 2471 308 2510 ex
356 2452 580 2510 nomine
617 2455 843 2526 proprio
881 2456 1010 2509 illos
1048 2452 1336 2526 salutavit,
1368 2452 1839 2526 etquod—majus

236 2533 514 2598 erat,4eos
538 2524 698 2598 quos
720 2524 1002 2598 cognovit
1029 2524 1295 2593 exterius,
1326 2524 1546 2579 eosdem
1578 2524 1840 2598 cognovit

237 2596 498 2667 interius,
531 2595 606 2651 ita
640 2604 701 2651 ut
747 2595 1002 2667 pluribus
1041 2612 1255 2663 eorum,
1307 2611 1432 2667 suas
1475 2595 1839 2667 cogitationes

236 2666 411 2739 bonas
439 2675 536 2739 aut
557 2665 1039 2739 malas—proderet,
1054 2675 1115 2739 et
1143 2667 1340 2739 plenus
1364 2665 1836 2739 bonis_cperi_bus,

238 2738 447 2817 ibidem
477 2737 619 2817 obiit
663 2738 721 2793 in
762 2736 1179 2817 —pace.iEodem_
1200 2737 1291 2817 die
1330 2736 1477 2817 apud
1502 2736 1835 2817 ‘T'h’usciam,

239 2810 423 2863 natale
453 2808 787 2864 sanctorum
807 2816 1117 2879 martyrum
1151 2808 1420 2863 Johannis
1465 2814 1520 2863 et
1557 2808 1724 2863 Festi.
1775 2810 1839 2863 In

236 2879 470 2935 Eraclea
498 2880 746 2947 civitate,
769 2880 945 2935 sancti
970 2879 1119 2934 Passi
1151 2879 1494 2951 martyris.)

311 2952 637 3012 Aomcmcr.
661 2952 717 3004 in
739 2951 843 3005 fine
871 2951 1057 3006 subdit
1087 2965 1098 3003 :
1144 2973 1161 2995 ι
1193 2952 1254 3005 In
1280 2949 1421 3021 pago
1434 2949 1832 3021 Cavillonensi,

1969 402 2115 471 scopi
2169 402 2356 472 primi,
2395 403 2463 458 ab
2492 403 2627 459 urbe
2668 405 2839 460 Roma
2874 405 3090 461 directi.
3123 406 3228 472 Qui
3270 402 3413 465 inter
3445 402 3555 465 alia

1961 473 2227 548 miracula
2269 474 2442 548 fertur
2482 482 2761 548 mortuum
2815 476 3142 548 suscitasse,
3199 477 3356 548 cujus
3403 496 3554 537 nunc

1960 544 2273 613 sepulcrum
2304 545 2652 601 creberrimis
2674 546 2954 601 miraculis
2982 544 3310 603 illustratur.
3350 573 3367 595 ι
3412 551 3553 607 Vide

1959 613 2109 691 dicta
2139 614 2547 691 superi_us,_sub_
2564 617 2726 691 ﬁnem
2748 616 3233 673 Observationum.
3256 618 3511 691 Sequitur
3536 639 3547 675 :

1974 708 1993 732 ε
2032 686 2242 760 Romae,
2254 686 2573 760 _Nicodemi,
2586 758 2592 760 Α
2604 686 2718 760 qui
2727 695 3051 760 sanctorum
3084 686 3390 760 martyrum
3409 705 3554 760 icor-

1958 771 2112 827 pora,
2143 756 2356 827 scilicet
2402 756 2641 825 Claudii,
2672 757 2988 825 Nicostrati,
3022 756 3256 816 Castorii
3307 767 3361 815 et
3398 759 3556 816 Sim-

1958 827 2134 902 plicii,
2177 826 2245 883 de
2266 827 2724 902 ﬂuviovextracta,
2749 827 2917 902 _do_mi
2946 846 3055 885 suae
3094 830 3371 902 sepelivit,
3404 838 3467 886 ut
3495 831 3554 886 in

1959 898 2122 973 gestis
2141 913 2331 953 eorum
2355 899 2573 973 legitur.
2606 925 2623 946 ι
2659 899 2800 955 Vide
2821 899 3097 973 dictorum
3115 898 3390 973 gestorum
3404 918 3552 973 com-

2011 967 2221 1047 ;ndium
2262 967 2430 1047 apud
2446 969 2698 1026 Adonem
2728 988 2829 1026 vm
2866 967 3215 1041 Novembris,
3246 972 3344 1028 ubi
3389 980 3445 1028 et
3482 972 3550 1028 de

2008 1039 2255 1111 icodemo
2288 1039 2487 1111 agitur.

2028 1110 2217 1187 Editio
2264 1110 2659 1187 LUBEco-_C0L.
2706 1116 2784 1170 De
2815 1113 3029 1187 Thoma
3064 1113 3240 1187 addit,
3304 1138 3323 1162 ι
3362 1115 3550 1187 ibique

1957 1180 2123 1252 digno
2152 1180 2359 1253 honore
2388 1183 2676 1239 conditum
2712 1193 2814 1240 est.
2849 1186 2911 1239 In
2942 1184 3163 1253 Tuscia,
3203 1180 3384 1241 natale
3414 1180 3553 1242 san-

1955 1261 2173 1307 ctorum
2201 1252 2470 1309 Johannis
2511 1262 2566 1309 et
2606 1255 2752 1310 Festi
2788 1252 3185 1310 confessorum.
3221 1257 3282 1310 In
3324 1257 3552 1311 Eraclea

1955 1323 2200 1397 civitate,
2225 1323 2403 1397 natale
2434 1325 2607 1397 sancti
2638 1325 2786 1397 Passi
2819 1326 3096 1397 martyris.
3135 1326 3406 1393 Treveris,
3429 1342 3549 1397 san-

1954 1393 2027 1449 cti
2070 1393 2341 1469 Severini,
2374 1396 2600 1452 secundi
2641 1395 2886 1467 ejusdem
2932 1393 3181 1453 civitatis
3218 1396 3461 1469 episcopi
3492 1403 3547 1452 et

1954 1464 2304 1520 confessoris.
2339 1489 2357 1510 ι

2026 1534 2312 1591 German;
2374 1560 2393 1583 ι
2424 1537 2509 1609 In,
2537 1538 2780 1603 Eraclea,
2833 1538 3009 1594 sancti
3052 1538 3204 1593 Passi
3264 1538 3543 1609 martyris.

1954 1606 2090 1661 Item
2110 1616 2462 1681 sanctorum
2486 1608 2662 1681 Focae,
2697 1609 2984 1681 Honorati.
3029 1610 3240 1681 Romae,
3278 1606 3549 1681 depositio

1870 1676 1916 1735 B
1951 1677 2139 1751 sancti
2156 1678 2465 1751 Innocentii
2497 1679 2762 1751 episcopi.
2794 1681 2931 1735 Item
2960 1680 3264 1736 secundum
3296 1676 3546 1751 Adonem

1957 1747 2067 1823 hic,
2101 1747 2960 1823 GathalaunisLsancti:Memmii
2982 1752 3224 1823 episcopi
3250 1751 3438 1823 primi,
3461 1749 3545 1804 illi

1952 1818 2166 1874 civitati
2214 1820 2444 1893 abvurbe
2474 1820 2647 1893 Roma
2674 1821 2893 1893 directi,
2926 1818 3032 1893 qui
3053 1818 3199 1876 inter
3229 1818 3338 1877 alia
3383 1837 3546 1875 mor-

1952 1897 2109 1943 tuum
2159 1890 2468 1957 suscitavit,
2499 1889 2660 2014 cuius
2698 1890 2862 1947 etiam
2894 1889 3044 1948 nunc
3071 1894 3386 1963 sepulcrum
3417 1906 3548 1946 cre-

1952 1959 2211 2014 berrimis
2241 1960 2523 2014 miraculis
2545 1962 2560 2014 i
2594 1963 2879 2014 lustratur.
2905 1964 3063 2014 Hunc
3086 1962 3364 2014 Usuardus
3384 1961 3548 2014 habet

1951 1959 2211 2015 berrimis
2241 1960 2523 2017 miraculis
2545 1959 2879 2018 illustratur.
2905 1964 3063 2018 Hunc
3086 1959 3364 2018 Usuardus
3384 1961 3550 2016 habet

1951 2030 2125 2086 Nonis
2171 2030 2425 2101 Augusti.
2476 2031 2749 2099 Treveris,
2800 2032 2945 2089 beati
2989 2034 3239 2087 Severini
3297 2030 3546 2097 secundi,

1951 2101 2194 2175 episcopi
2240 2110 2295 2157 et
2318 2104 2673 2175 confessoris,
2711 2103 2807 2175 qui
2846 2111 2919 2175 et,
2944 2102 3179 2159 Severus
3223 2103 3413 2175 dictus
3444 2108 3545 2175 est:

1951 2171 2087 2246 item
2131 2171 2435 2246 secundum
2466 2171 2849 2246 _Cathalogum
2908 2174 3022 2241 hic,
3064 2173 3340 2246 memoria
3400 2171 3548 2246 beati

1951 2243 2212 2317 Diqnysii
2236 2244 2501 2317 episcopi,
2532 2242 2794 2317 discipuli
2825 2246 3001 2300 sancti
3037 2242 3546 2317 Thomaeaposto‘li,

1951 2320 2005 2367 et
2036 2314 2263 2387 Pelagia!
2297 2314 2439 2387 ﬁlize
2458 2315 2620 2387 regis,
2653 2314 2866 2387 sponsae
2899 2332 3032 2382 suae,
3062 2332 3201 2387 quos
3230 2315 3376 2387 idem
3406 2314 3549 2387 apo-

1950 2385 2127 2439 stolus
2155 2386 2449 2457 convertit.
2483 2384 2787 2457 Dionysius
2823 2394 3008 2440 autem
3040 2384 3389 2457 postmodum
3421 2384 3548 2454 epi-

1951 2470 2148 2534 scopus
2166 2454 2478 2534 prdinatus,
2505 2454 2701 2527 plenus
2714 2454 3085 2534 sanctitatead
3105 2455 3403 2534 Dominum
3430 2469 3546 2534 per;

1951 2526 2098 2596 rexit
2117 2544 2144 2596 :7
2166 2526 2379 2596 Pelagia
2405 2526 2537 2581 vero
2565 2542 2719 2582 sacro
2750 2526 3023 2581 velamine
3052 2531 3387 2596 consecrata,
3414 2531 3549 2596 post

1950 2593 2069 2666 ejus
2101 2593 2334 2664 obitum,
2365 2614 2492 2653 cum
2516 2613 2617 2653 nec
2646 2596 2854 2653 nubere
2883 2597 3071 2664 vellet,
3102 2611 3204 2651 nec
3237 2593 3544 2661 immolare,

1951 2667 2129 2748 capite
2161 2668 2319 2748 plexa
2359 2668 2691 2748 martyrinm
2731 2668 3051 2748 complevit.
3091 2692 3136 2748 ξ,
3171 2736 3223 2748 η
3380 2734 3413 2745 η
3511 2734 3521 2744 ,

2079 2736 2240 2793 ouis.
2274 2739 2330 2792 in
2357 2738 2468 2794 fine
2492 2736 2521 2795 :'
2552 2762 2570 2785 ι
2593 2736 2932 2806 Catalaunis,
2962 2736 3140 2793 sancti
3171 2736 3417 2792 Memmii
3437 2736 3549 2806 epi-

1950 2809 2122 2880 scopi,
2170 2810 2335 2880 primi
2368 2809 2451 2864 illi
2480 2809 2699 2866 civitati
2729 2809 2797 2865 ab
2826 2805 2962 2864 urbe
2994 2810 3166 2865 Roma
3198 2806 3419 2880 directi,
3452 2805 3548 2880 qui

1950 2877 2096 2934 inter
2140 2877 2247 2935 alia
2278 2880 2568 2935 innumera
2620 2881 2886 2936 miracula
2923 2886 3205 2933 mortuum
3236 2877 3544 2933 suscitavit.

1953 2950 2160 3021 Eodem
2192 2951 2302 3016 die,
2333 2952 2507 3007 sancti
2538 2952 2787 3006 Severini
2828 2950 3071 3021 episcopi
3102 2948 3477 3021 Treverensis.
3515 2971 3533 2993 »

237 3021 707 3101 sanctiCypriani
738 3022 962 3077 abbatis.
988 3046 1006 3067 ι
1048 3020 1283 3101 Notatus
1299 3020 1381 3077 est
1411 3020 1531 3075 heri
1560 3028 1614 3074 et
1640 3022 1848 3077 nudius
1878 3041 1922 3101 ο
1953 3021 2015 3075 In
2047 3020 2386 3101 editionibns
2423 3022 2821 3101 posterioribus
2851 3020 3031 3101 cxstat
3061 3020 3167 3101 hcc
3200 3020 3386 3101 solum
3407 3035 3551 3099 aug-

241 3090 804 3164 tert_ius,'sed_adbuc
831 3108 1010 3162 quaaro
1032 3092 1158 3164 quis
1188 3093 1278 3148 sit.

315 3161 1234 3235 MATRIC.:CARTHUSnULTRZUECT.
1264 3182 1276 3219 :
1309 3187 1327 3210 ι
1350 3162 1574 3219 Thomas
1586 3163 1843 3235 apostoli.

238 3231 480 3286 Joannis
499 3241 552 3287 et
580 3233 719 3288 Festi
749 3242 1069 3305 martyrum.
1109 3260 1127 3283 ι

233 3450 313 3505 XI
337 3450 462 3505 Kal.

1953 3100 2198 3146 mentum
2226 3111 2236 3147 :
2284 3116 2301 3138 ι
2335 3089 2540 3148 Eodem
2564 3093 2672 3159 die,
2697 3093 2869 3148 sancti
2892 3092 3141 3147 Severini
3163 3090 3412 3155 secundi,
3438 3089 3548 3160 epi-

1957 3162 2107 3233 scopi
2138 3163 2481 3219 Treverensi.
2521 3187 2537 3210 -
2583 3164 2725 3219 Vide
2755 3164 3009 3218 Gnevsx.
3346 3194 3359 3203 ι

3336 3441 3436 3497 Die
3460 3441 3549 3497 22.

308 3542 500 3597 Roma;
538 3538 628 3593 via
678 3538 954 3593 Lavicana
985 3538 1130 3593 inter
1160 3537 1297 3591 duas
1341 3538 1544 3603 lauros,
1599 3536 1799 3593 natalis
1842 3534 2073 3607 triginta
2108 3542 2444 3606 martyrum,
2484 3534 2578 3605 qui
2633 3549 2825 3589 omnes
2864 3549 2975 3588 uno
3026 3532 3115 3588 die
3164 3529 3549 3603 persecutione

234 3627 569 3684 Diocletiani
586 3625 843 3682 coronati
872 3631 1022 3679 sunt.
1044 3624 1421 3692 Alexandriae,
1451 3624 1598 3680 beati
1629 3624 1971 3696 Iscbyrionis
1999 3625 2281 3696 martyris.
2314 3624 2366 3678 Is
2393 3638 2522 3679 cum
2543 3622 2612 3678 ad
2633 3621 3058 3678 sacrificandum
3078 3618 3365 3675 blanditiis
3388 3625 3551 3689 atque

237 3713 464 3783 injuriis
490 3719 801 3783 cogeretur,
823 3720 877 3767 et
904 3717 1281 3767 contemneret
1311 3729 1324 3777 ;
1356 3719 1629 3783 praeacuta
1658 3710 1792 3765 sude
1818 3712 2291 3768 transverberatus
2320 3727 2415 3783 per
2435 3710 2669 3779 viscera,
2687 3711 2807 3767 neci
2822 3709 3081 3766 traditur.
3114 3707 3351 3765 Civitate
3371 3706 3547 3774 Ostia,

236 3810 555 3859 sanctorum
584 3800 874 3869 Demetrii,
908 3800 1173 3857 Honorati
1204 3809 1258 3857 et
1284 3802 1452 3857 Flori.
1492 3801 1807 3875 [BouillarL
1838 3821 1849 3858 :
1876 3807 1898 3833 ‘
1928 3802 2167 3861 Civitate
2201 3801 2410 3869 Hostia,
2433 3799 2612 3856 sancti
2648 3798 2903 3872 Basilei.]

1770 3934 2006 3991 NOTIE.

308 4034 391 4089 Ita
420 4033 716 4101 Herinien.,
755 4034 1068 4101 Tmacen.,
1091 4033 1349 4104 Antuerp.
1382 4040 1437 4088 et
1460 4034 1868 4102 Max.-Lubec.,
1900 4036 2193 4102 Munerat,
2220 4035 2421 4103 Belin.,
2469 4036 2691 4090 Greven.
2728 4041 2783 4089 et
2811 4032 3017 4092 Melan.

306 4181 330 4207 ⁸
364 4171 561 4226 Fateor
597 4168 879 4224 Basileum
904 4168 999 4225 hic
1017 4184 1130 4225 non
1162 4169 1300 4224 bene
1320 4168 1487 4224 fuisse
1506 4167 1575 4223 ab
1598 4169 1842 4225 Usuardo

233 4240 811 4312 annuntiatum.i\lam_
821 4239 866 4295 si
890 4240 1250 4312 Hieronymia
1263 4239 1591 4312 nosindices
1617 4248 1842 4296 secutus

235 4319 336 4378 est,
370 4311 610 4367 scribere
649 4310 876 4365 debuit:
921 4310 1143 4366 Civitate
1180 4311 1387 4376 Hostia,
1424 4312 1522 4367 SS.
1565 4312 1838 4379 Demetrii,

232 4382 503 4437 Honorati
527 4384 692 4508 Anam
722 4381 789 4436 de
820 4383 984 4437 Floro
1015 4383 1168 4438 nulla
1199 4381 1406 4436 mentio
1435 4380 1493 4435 in
1527 4390 1842 4452 pervetusto

235 4462 429 4508 nostro
457 4469 523 4508 co
566 4453 673 4508 ice)
703 4470 716 4508 :
755 4460 850 4508 aut
883 4452 929 4507 si
963 4452 1241 4507 Basileum
1270 4452 1494 4507 animus
1524 4460 1639 4506 erat
1678 4467 1842 4508 com—

235 4462 429 4509 nostro
457 4452 673 4523 codice)
703 4470 716 4517 ;
755 4460 850 4508 aut
883 4452 929 4507 si
963 4452 1241 4507 Basileum
1270 4452 1494 4507 animus
1524 4460 1657 4523 erat
1678 4467 1843 4508 com—

236 4539 566 4590 memorare,
618 4538 730 4577 non
760 4523 1003 4578 Hostiam
1043 4523 1137 4578 sed
1184 4522 1523 4577 Antiochiam
1553 4522 1838 4578 civitatem

234 4594 503 4665 assignari
551 4592 859 4665 oportebat.
891 4593 1170 4665 Quaerenti
1204 4592 1372 4665 hujus
1400 4594 1565 4665 errati
1595 4609 1837 4660 causam,

236 4665 305 4744 in
327 4662 573 4744 mente-m
588 4662 770 4744 rediit
797 4664 907 4744 diei
934 4681 1029 4719 xxx
1048 4662 1527 4744 Novembriskubi
1558 4665 1794 4744 legeram
1822 4682 1833 4718 :

238 4736 469 4792 Civitate
496 4735 704 4801 Hostia,
736 4742 1041 4790 sanctorum
1065 4741 1363 4805 martyrum
1393 4734 1649 4789 Demetrii
1665 4742 1713 4788 et
1736 4736 1839 4789 Ho-

230 4807 399 4861 norii.
434 4805 631 4877 Statim
662 4805 1134 4877 evolvirnostrum
1166 4805 1589 4877 Hieronymiani
1621 4806 1837 4877 Marty-

234 4877 438 4948 rologii
486 4875 733 4932 codicem
777 4876 874 4948 qui
918 4875 986 4948 ad
1037 4884 1252 4948 iatatem
1299 4875 1537 4932 Usuardi
1585 4875 1838 4948 proxime

227 4947 471 5011 accedit,
503 4962 775 5019 quemque
794 4946 1115 5019 'verisimile
1156 4956 1238 5002 est
1267 4963 1337 5019 ex
1366 4948 1468 5019 illo
1494 4946 1837 5019 exscriptum

1950 4172 2220 4237 versibus,
2288 4171 2510 4237 Hostiae,
2562 4171 2655 4225 SS.
2720 4170 3062 4224 Demetrium
3108 4176 3161 4224 et
3219 4167 3552 4236 Honorium,

1948 4241 2282 4308 Antiochiae,
2314 4247 2568 4295 sanctum
2598 4240 2895 4305 Basileum,
2928 4239 3035 4293 hoc
3063 4254 3175 4292 uno
3204 4238 3552 4306 discrimine,

1949 4312 2098 4384 quod
2128 4328 2261 4384 xxrt‘
2278 4310 2594 4384 Decembris
2627 4308 3033 4384 pro__I_Ionorius
3066 4309 3551 4384 legaturﬂonora-

1951 4377 2049 4437 ius.
2086 4380 2356 4453 Equidem
2380 4377 2715 4453 conjicio'e‘x
2739 4380 2837 4453 illa
2863 4384 3183 4453 sanctorum
3216 4377 3553 4453 urbiumque

1947 4448 2319 4508 similitudine
2359 4448 2599 4505 errorem
2658 4450 2908 4504 ﬂuxisse.
2960 4450 3213 4503 Fortasse
3273 4448 3554 4503 Usuardus

1948 4524 2241 4579 articulum
2291 4537 2450 4576 suum
2481 4521 2750 4576 clauserat
2778 4519 2871 4574 SS.
2914 4517 3178 4573 Demetrii
3204 4524 3257 4572 et
3288 4518 3555 4572 Honorati

1947 4592 2492 4649 commemoratione.
2529 4592 2722 4646 Postea
2746 4591 2803 4644 in
2835 4588 3158 4646 memoriam
3190 4587 3408 4643 rediens
3438 4603 3553 4642 eos-

1947 4665 2070 4740 dem
2108 4671 2324 4740 sanctcs
2354 4679 2454 4740 xxi
2493 4662 2583 4719 die
2612 4660 2941 4740 Novembris
2977 4659 3148 4740 fuisse
3175 4658 3547 4740 consignatos,

1946 4735 2149 4790 vitium
2179 4735 2462 4805 scriptoris
2490 4734 2799 4804 suspicatus
2837 4732 3044 4805 delevit
3072 4730 3221 4803 quod
3254 4730 3554 4805 scripserat

1950 4806 2101 4877 (nam
2132 4805 2269 4860 falso
2292 4801 2509 4859 monuit
2531 4801 2876 4877 Castellanus
2892 4801 3105 4859 nullam
3132 4819 3249 4877 esse
3273 4801 3552 4877 lituram),

1947 4874 2197 4933 sanctum
2228 4877 2506 4932 Basileum
2525 4875 2866 4948 subrogavit,
2898 4883 2952 4930 et
2974 4874 3251 4948 memoriae
3273 4874 3428 4948 lapsu
3452 4887 3552 4941 pro

1946 4948 2229 5004 Antiochia
2261 4948 2479 5019 scripsit
2522 4943 2730 5019 Hostia.
2769 4947 2931 5019 Ut_ut
2961 4953 3062 5019 est,
3102 4945 3244 5001 nihil
3281 4943 3409 5019 inde
3429 4956 3555 5019 _au-

231 5033 375 5090 esse,
424 5010 588 5089 quem
625 5010 913 5090 Usuardus
952 5017 1010 5071 in
1051 5034 1151 5073 suo
1196 5017 1488 5090 scribendo
1533 5010 1836 5075 consuluit.
1869 5026 1917 5083 D
1947 5020 2218 5076 ctoritatis
2238 5010 2444 5074 amittit
2465 5018 2739 5073 Pratensis
2759 5017 2935 5090 codex
2962 5010 3056 5090 qui
3076 5010 3405 5090 autographi
3429 5011 3553 5090 loco

352 5088 590 5159 utroque
609 5088 718 5169 die,
744 5088 800 5144 id
822 5096 908 5169 est
923 5104 1024 5143 xxx
1044 5089 1373 5169 Novembris
1399 5096 1454 5169 et
1475 5104 1598 5144 xxn
1617 5091 1867 5169 Decem;

230 5158 376 5226 bris,
431 5158 766 5215 memoratos
817 5158 980 5215 video
1013 5159 1233 5217 eosdem
1282 5166 1499 5215 sanctos
1546 5175 1617 5215 ex
1647 5158 1842 5215 iisdem

1953 5090 2265 5157 habebitur,
2296 5090 2472 5145 donec
2503 5089 2787 5160 eruntqui
2818 5105 2886 5143 ex
2916 5080 3066 5143 fonte
3095 5080 3327 5140 haurire
3348 5080 3557 5135 malint

1953 5177 2116 5233 quam
2143 5161 2352 5216 rivulos
2378 5159 3077 5217 consectarifBouumanr.

1459 5283 1865 5341 VARIANTES
1916 5285 2222 5343 LECTION
2226 5286 2333 5341 ES.

311 5382 416 5437 Hic
437 5398 569 5437 usus
599 5400 721 5438 sum
750 5382 947 5454 majori
980 5382 1253 5449 libertate,
1277 5398 1441 5453 quam
1471 5397 1702 5453 usquam
1729 5389 1845 5438 toto

229 5452 347 5509 hoc
393 5469 578 5523 opere,
608 5452 950 5510 restituendo
988 5454 1272 5524 proprium
1294 5452 1368 5506 iet
1405 5452 1597 5506 verum
1640 5468 1843 5524 nomen

232 5525 588 5594 Ischyrionis,
620 5525 768 5597 quod
798 5526 853 5579 in
883 5523 1036 5580 nullo
1065 5523 1254 5597 codice
1276 5524 1569 5597 reperitur.
1592 5523 1840 5597 Puritati

274 5597 533 5667 roximus
563 5594 678 5667 erat
706 5596 963 5667 Pratenn
986 5612 1081 5667 per
1128 5594 1453 5667 Schyricnis,
1499 5594 1844 5667 Molanuper

274 5612 533 5650 roxrmus
563 5612 678 5651 erat
719 5612 934 5651 rraten.
986 5612 1081 5667 per
1128 5612 1453 5663 Scnyrwms,
1499 5612 1702 5649 MOIan.
1750 5612 1844 5664 per

226 5612 552 5723 gchirionis.
588 5666 897 5734 Herinien.,
926 5666 1250 5732 Tornacen.,
1292 5665 1560 5719 Munerat.
1606 5673 1660 5719 et
1699 5664 1846 5720 Gre-

228 5752 367 5793 ven.
397 5737 653 5794 Scribunt
678 5737 987 5803 Chirionis;
1015 5737 1219 5803 Belin.,
1256 5735 1564 5806 Chyrionis,
1592 5734 1690 5791 alii
1721 5736 1841 5792 Chi-

1956 5383 2183 5457 ridvicnis
2214 5384 2309 5457 vel
2364 5382 2639 5457 Scirionis.
2691 5380 2884 5436 Putavi
2917 5377 3359 5457 emendationem
3383 5376 3553 5457 .illam

1958 5454 2094 5509 mihi
2136 5454 2342 5510 licitam
2372 5468 2506 5508 esse.
2540 5454 2644 5507 Pro
2678 5457 2951 5522 prwacuta
2989 5450 3137 5516 sude,
3174 5450 3231 5522 in
3270 5448 3554 5522 Herinien.

1955 5533 2057 5593 est,
2074 5532 2191 5595 post
2210 5530 2385 5595 acuta.
2412 5523 2650 5595 Turpius
2665 5519 2848 5577 errant
2864 5522 3154 5591 Antuerp.,
3173 5519 3553 5595 Maxr-Lubec.

1954 5604 2008 5651 ct
2041 5591 2214 5651 B'elin.
2250 5594 2381 5649 dum
2411 5591 2546 5649 duas
2577 5594 2698 5648 illas
2715 5608 2896 5664 voces,
2926 5598 3200 5664 prwacuta
3222 5591 3366 5664 sude,
3396 5591 3557 5661 plane

1954 5667 2236 5721 omittunt.
2272 5666 2372 5720 Hic
2408 5673 2604 5720 cratera
2631 5662 2939 5735 conjungoI
2962 5665 3039 5719 De
3079 5663 3383 5729 blandiciis,
3416 5678 3551 5715 con-

1956 5742 2258 5806 tempneret,
2293 5736 2503 5805 Hostia,
2536 5744 2664 5804 etc.,
2702 5734 2832 5790 vide
2852 5734 3015 5792 alibi.
