4070 6184
311 129 426 186 853

1383 133 2016 193 MARTYROLOGIUM.
2067 169 2118 179 υ-
2163 138 2373 194 MENS.
2413 141 2572 197 DEC.

313 259 496 344 ungi
529 257 749 344 Ranatin
753 258 1018 330 episcopi.
1049 279 1068 308 ι
1110 260 1251 317 Vide
1273 261 1642 319 Castellanum
1658 264 1718 320 in
1740 265 1924 322 indice
1949 271 2001 329 A
2029 269 2428 344 oonfeasorum.
2454 271 2758 344 Helduardi
2781 272 3021 344 episcopi
3044 282 3098 330 et
3116 277 3468 336 confessoris.
3492 282 3629 338 Item

311 331 386 389 ad
420 333 594 388 Renat
619 337 676 385 et
701 331 860 386 Bene.

386 403 580 476 Editio
611 401 992 476 huncce-Coa.
1019 419 1032 458 :
1060 403 1506 476 A-AJerosolymis,
1539 408 1714 463 sancti
1745 411 1923 467 David

311 475 460 548 regis
482 472 1232 548 prophetae.-In_T_rophirno,
1279 472 1410 531 satis
1429 472 1566 548 pura
1611 487 1708 535 est.
1739 480 1878 536 Tum
1906 499 1918 538 :

327 571 347 593 α
377 545 442 602 In
486 545 790 613 Britaniis,
831 545 1080 616 civitate
1139 545 1455 616 Cantuaria,
1515 552 1691 606 natale
1745 554 1919 608 sancti

309 617 541 692 Thomas
597 615 863 692 episcopi
885 624 938 692 et
965 619 1247 692 martyris,
1270 619 1372 692 sub
1389 620 1630 692 Henrico
1661 639 1782 692 rege
1810 627 1922 679 An-

309 691 557 760 glorum,
589 686 801 760 cuiob‘
833 686 1208 743 defensionem
1261 688 1515 760 justitim,
1579 693 1637 747 in
1692 686 1922 751 basilica

305 757 460 817 sedis
486 776 617 831 sua},
643 757 827 829 gladio
857 775 1065 814 sacram
1096 757 1356 816 coronam
1394 757 1744 831 abscindunt,
1774 781 1918 822 cere-

305 831 472 906 brum
509 830 744 906 effusum
777 846 903 906 cum
933 831 1197 906 sanguine
1225 833 1522 906 crudeliter
1550 830 1830 906 spargunt,
1863 846 1918 893 et

304 902 410 958 tali
467 901 740 973 martyrio
795 902 983 957 anima
1015 901 1273 973 migravit
1320 903 1386 958 ad
1419 901 1739 961 Dominum.
1773 931 1790 954 ι
1819 901 1914 964 De

307 974 566 1040 Ebrulfo,
603 972 777 1038 addit,
809 973 1032 1028 abbatis.
1080 972 1350 1029 Demum:
1399 999 1416 1021 ι
1447 977 1650 1041 Romze,
1701 987 1912 1034 sancto-

307 1062 430 1101 rum
463 1044 740 1100 Bonifacii
771 1043 1014 1114 episcopi
1048 1052 1102 1098 et
1132 1045 1331 1100 Felicis
1362 1048 1759 1105 confessorum.
1793 1075 1810 1096 ι

379 1119 634 1190 Gnsvmv.
661 1133 674 1190 ς
710 1116 810 1190 ξιη
843 1115 1104 1190 Αρῗιμτίοδ,
1135 1115 1319 1190 Libosi
1351 1119 1612 1190 episcopi.
1649 1121 1770 1190 Ipso
1800 1121 1909 1189 die,

304 1187 610 1268 secundum
646 1185 916 1268 Adonem,
942 1186 1270 1268 Crescentis,
1301 1185 1718 1268 apostoli'l’auli
1748 1185 1909 1248 disci;

305 1257 817 1332 puli,_Viennensis
847 1257 1107 1332 Ecclesia;
1147 1257 1390 1332 doctoris
1421 1262 1605 1332 primi.
1633 1263 1910 1319 Usuardus

304 1329 628 1405 enmAhabet
663 1329 858 1405 quinto
889 1329 1162 1405 Kalendas
1180 1331 1332 1405 Julii,
1369 1356 1387 1379 ι
1421 1329 1535 1405 Sed
1565 1342 1618 1388 et
1649 1334 1767 1405 ipso
1808 1337 1908 1390 illo

304 1401 396 1457 die
427 1399 774 1458 Crescentem
807 1399 987 1470 signat
1044 1401 1187 1468 Ado,
1223 1409 1283 1457 ut
1315 1402 1372 1458 in
1419 1399 1909 1461 Observationibus

302 1473 645 1530 notavimus.
690 1495 708 1518 ι
736 1472 945 1540 Romae,
1005 1472 1277 1528 Bonifacii
1325 1474 1565 1547 episcopi
1596 1483 1651 1531 et
1709 1477 1928 1533 Felicis

2033 340 2211 424 David
2255 340 2558 424 heremitae,
2618 341 2687 424 de
2717 340 2909 424 quo-in
2963 340 3107 400 vitas
3153 348 3370 424 Patrum
3405 353 3627 424 legitur,

2031 411 2178 485 quod
2209 427 2277 466 ex
2311 413 2520 469 latrone
2553 411 2972 485 probaiissimus
2997 419 3300 474 monachus
3327 411 3504 478 facth
3531 411 3624 481 sit:

2031 483 2176 563 Itern.
2195 483 2646 563 commemoratio
2672 495 2994 563 sanctorum
3007 489 3186 563 desse,
3228 490 3396 561 patris
3426 495 3623 563 David,

2030 560 2084 608 et
2128 553 2357 634 Nathan_
2375 557 2679 634 prophetas:
2723 557 3076 634 Eode_m_die,
3125 553 3325 616 sanctae
3355 553 3623 634 Melaniae,

2027 634 2294 681 matronae
2321 628 2601 694 Romanae,
2633 629 2903 685 Jherosol.
2936 631 3050 685 Deo
3079 642 3322 688 sacratas.
3355 658 3374 680 ι

2101 697 2316 777 ΜοιΑΝ.
2355 697 2415 777 in
2442 699 2551 777 ﬁne
2580 698 2910 777 de__Ebrulfo
2941 701 3172 777 adjicit:
3215 727 3232 749 ι
3265 703 3435 777 cujus
3479 715 3628 777 gesta

2029 765 2319 841 habentur.
2386 770 2455 841 In
2516 771 2736 840 Anglia,
2789 765 3025 828 civitate
3075 765 3391 841 Cantuarii,
3451 765 3627 835 sancti

2029 837 2250 912 Thomas
2287 837 2708 912 archiepiscopi,
2737 866 2756 888 ι
2791 852 2918 909 etc.,
2950 859 3018 898 ex
3075 845 3300 900 BELINO.
3339 837 3628 905 Editiones

2075 859 2250 893 nomm
2287 859 2629 912 arcmeplsco
2670 860 2708 909 1,
2737 866 2756 888 ι
2791 859 2918 909 etc.,
2950 859 3018 898 ex
3075 859 3300 900 ISl-ZLINO.
3339 859 3624 905 Edttlones

2061 909 2352 987 osteriores
2391 911 2591 987 litteris
2630 859 2835 987 Italicis
2887 915 3127 970 secundo
3180 915 3302 972 loco
3340 927 3509 987 agunt
3557 921 3624 976 de

2071 979 2234 1034 homa
2269 981 2672 1050 Cantuariensi,
2705 985 2868 1039 etiam
2903 1001 2972 1039 ex
3000 986 3193 1042 BELIN.
3227 988 3286 1042 In
3334 979 3443 1044 ﬁne
3473 989 3619 1047 idem

2021 1051 2232 1107 addunt
2263 1053 2329 1107 de
2369 1055 2616 1110 Ebrulfo.
2681 1056 2924 1111 Deinde:
2977 1059 3158 1112 «Item
3221 1061 3420 1115 natalis
3479 1061 3621 1118 beati

2023 1123 2404 1204 ﬂildevuardi,
2422 1125 2696 1204 Tullepsis
2716 1127 3003 1204 episoopi»
3023 1129 3128 1204 Est
3149 1136 3411 1200 patronus
3431 1133 3621 1204 oppidi

2019 1193 2519 1274 Teneramundani,
2544 1193 2917 1274 deﬂuo—vide
2933 1193 3323 1274 Castellanum.
3368 1193 3617 1274 Denique

2020 1266 2335 1342 minoribus
2358 1269 2522 1342 typis.
2564 1293 2581 1314 ε
2608 1266 2957 1342 Eodemdie,
2983 1271 3156 1326 sancti
3179 1272 3350 1342 patris
3371 1266 3618 1330 Marcelli

2016 1337 2462 1416 archimandritas
2485 1341 2802 1416 monasterii
2824 1341 2941 1397 Non
2975 1337 3416 1416 dormientium»
3435 1344 3616 1416 Vulgo

2017 1409 2132 1462 noti
2165 1417 2294 1464 sunt
2315 1411 2572 1468 monachi
2592 1411 2746 1468 illius
2765 1413 3080 1470 monasterii
3102 1414 3204 1470 sub
3223 1416 3450 1471 nomine
3469 1409 3616 1472 Acae~

2014 1487 2293 1536 metarum.

303 1751 381 1806 III
419 1751 554 1806 Kal.
3395 1765 3494 1820 Die
3521 1765 3614 1834 30,

372 1847 538 1921 Apud
585 1847 893 1921 Spoletum,
923 1849 1124 1904 natalis
1153 1847 1299 1905 beati
1330 1849 1520 1906 Sabini
1549 1852 1814 1924 episcopi,
1846 1854 2212 1926 Exuperantii
2243 1863 2296 1910 et
2327 1855 2568 1913 Marcelli
2599 1857 2986 1926 diaconorum,
3028 1867 3081 1914 et
3127 1859 3456 1918 Venustiani
3490 1878 3616 1919 cum

294 1949 474 1993 uxore
502 1945 556 1993 et
581 1936 730 2005 ﬁliis,
764 1937 866 1992 sub
890 1937 1226 1993 Maximiano
1258 1938 1606 2011 imperatore.
1641 1941 1726 1995 Ex
1755 1941 1956 2014 quibus
1985 1941 2277 1999 Marcellus
2307 1952 2361 2000 et
2391 1945 2802 2016 Exuperantius
2849 1949 3028 2020 primo
3074 1951 3308 2021 equuleo
3342 1951 3619 2022 suspensi-

294 2027 426 2086 dein
455 2029 695 2086 fustibus
715 2029 958 2101 graviter
989 2029 1272 2099 macerati,
1299 2038 1422 2101 post
1449 2029 1670 2104 ungulis
1697 2033 1899 2099 abrasi,
1929 2041 1984 2088 et
2018 2035 2250 2090 laterum
2283 2034 2574 2092 adustione
2602 2037 2790 2104 assati,
2817 2039 3148 2112 martyrium
3169 2041 3612 2111 compleverunt.

295 2123 673 2179 Venustianus
699 2129 882 2178 autem
909 2138 1020 2178 non
1059 2124 1236 2178 multo
1261 2131 1403 2195 post,
1435 2140 1544 2179 una
1572 2141 1698 2180 cum
1729 2141 1900 2181 uxore
1927 2136 1981 2182 et
2007 2126 2159 2194 ﬁliis,
2184 2127 2366 2198 gladio
2398 2136 2642 2185 necatus.
2669 2129 2902 2185 Sanctus
2931 2147 3062 2186 vero
3081 2129 3319 2185 Sabinus
3349 2139 3473 2204 post
3503 2147 3615 2188 ma-

290 2228 472 2268 nuum
492 2211 964 2268 detruncationem
987 2219 1042 2267 et
1067 2213 1342 2269 diutinam
1363 2215 1597 2270 carceris
1627 2215 2026 2287 religationem,
2051 2215 2116 2269 ad
2150 2223 2379 2270 mortem
2413 2234 2582 2289 usque
2618 2235 2790 2272 caesus
2819 2226 2917 2273 est.
2954 2219 3161 2273 Horum
3189 2218 3370 2292 itaque
3395 2228 3616 2292 marty-

290 2301 466 2369 rium,
490 2303 617 2358 licet
646 2300 868 2358 diverso
896 2301 1150 2359 extiterit
1164 2309 1434 2376 tempore,
1468 2319 1578 2360 una
1597 2311 1782 2360 tamen
1808 2304 2073 2362 recolitur
2102 2304 2212 2362 die.
2245 2307 2620 2378 Alexandriae,
2656 2309 2830 2366 sancti
2863 2309 3133 2366 Mansueti
3177 2312 3458 2384 martyris,
3486 2329 3612 2368 cum

288 2393 421 2449 aliis
442 2392 653 2450 decem.

1831 2557 2068 2614 NOTIE.

366 2702 449 2758 Ita
482 2699 728 2769 Praten.,
759 2701 1061 2768 He-rinien.,
1101 2705 1416 2774 Tornacen.,
1448 2704 1650 2760 Greven
1682 2713 1735 2759 et
1765 2706 1967 2761 Μοῑαη.

1509 2883 1912 2940 VARIANTES
1951 2883 2257 2942 LECTION
2261 2885 2365 2940 ES.

364 3025 484 3082 Vix
519 3025 732 3097 aliquid
754 3025 900 3102 inter
917 3029 1110 3085 citatos
1131 3045 1232 3100 pro
1256 3037 1415 3085 textu
1443 3029 1660 3085 codices
1691 3037 1887 3085 notatu
1915 3033 1962 3091 B
1992 3030 2156 3102 idque
2186 3031 2254 3086 ad
2283 3047 2474 3086 sensus
2501 3030 2844 3100 exigentiam
2869 3029 3041 3101 magis
3075 3029 3298 3102 videtur
3321 3030 3605 3098 accedere,

279 3095 530 3168 dignum
553 3095 811 3173 occgnit.
833 3095 1218 3172 Emsupermitii
1229 3102 1421 3156 scribit
1445 3103 1746 3157 Romanum
1772 3118 1888 3173 par-

281 3167 453 3249 vum,
479 3167 608 3249 AAdp
640 3167 1021 3249 Eruperantii;
1059 3173 1230 3242 major
1275 3190 1397 3249 pars
1433 3173 1679 3249 Adonem
1701 3167 1889 3249 _sequi-

277 3246 406 3315 ἔρι’,
437 3247 492 3294 et
534 3240 613 3294 sic
641 3240 696 3294 in
727 3249 880 3315 textu
911 3240 1209 3299 servatum.
1270 3240 1657 3315 Relegationem
1701 3240 1890 3315 legunt

272 3309 560 3366 Munerat.
612 3319 666 3366 et
721 3312 998 3381 Greven.;
1055 3309 1419 3386 religationen'i
1449 3315 1653 3370 habent
1684 3309 1885 3383 caateri,

2035 3101 2249 3156 uamvis
2281 3110 2536 3156 neutrum
2566 3102 2698 3155 satis
2737 3102 2940 3156 claram
2971 3101 3442 3156 constructionem
3476 3103 3599 3155 red-

2037 3181 2110 3238 at,
2146 3190 2308 3244 quam
2339 3174 2395 3226 in
2425 3173 2644 3227 Molano
2673 3171 2854 3227 minus
2883 3173 3049 3227 etiam
3083 3172 3333 3228 invenies
3359 3187 3456 3244 per
3475 3189 3594 3226 car-

1995 3244 2126 3298 ceris
2154 3244 2544 3300 revelationem.

1637 3483 2242 3541 OBSERVATIONES.

352 3627 415 3683 In
471 3625 585 3682 sola
639 3626 781 3683 serie
810 3635 999 3700 nostra
1028 3625 1165 3700 noti_
1197 3632 1325 3700 sunt
1360 3634 1648 3700 martyres,
1704 3629 1881 3700 prima

267 3705 467 3754 textus
488 3699 1014 3771 commemoratione
1042 3697 1270 3771 laudati.
1305 3697 1611 3771 Romanum
1646 3697 1878 3771 parvum

268 3777 601 3825 caterorum
648 3770 1038 3841 antesignanus
1069 3769 1284 3840 prreivit
1313 3769 1417 3825 hoc
1477 3769 1680 3826 modo}
1716 3771 1879 3839 Apud

269 3842 571 3911 Spoletum,
608 3839 792 3897 Sabini
821 3839 1075 3912 episcopi,
1097 3841 1488 3912 Exsuperautii
1520 3849 1567 3896 et
1610 3843 1873 3909 Marcelli,

266 3918 325 3966 et
363 3912 669 3968 Venustiani
689 3930 805 3967 cum
830 3911 999 3966 uxore
1029 3917 1078 3966 et
1106 3911 1277 3982 ﬁliis,
1327 3911 1420 3982 qui
1448 3913 1592 3981 passi
1639 3930 1718 3967 vn
1748 3914 1878 3968 Idus

265 3981 597 4051 Decembris,
625 3983 958 4052 festivitatem
1013 3979 1299 4053 sepultura:
1325 3979 1532 4053 habent
1565 4000 1624 4038 [II
1645 3984 1872 4040 Kalend.

264 4054 554 4126 Januarii.
588 4055 714 4110 Hac
741 4055 819 4110 ita
849 4052 1236 4126 compendiose
1263 4052 1452 4126 relata,
1479 4070 1604 4126 cum
1640 4055 1876 4124 vulgatis

263 4124 432 4196 Actis
461 4143 572 4181 non
628 4126 860 4182 omnino
890 4123 1248 4182 concordant.
1305 4123 1464 4196 Vidit
1509 4123 1644 4196 ipsa,
1684 4123 1874 4196 procul

263 4194 468 4271 dubio,
491 4199 896 4271 martyrologus
907 4197 1257 4271 Viennensis,
1285 4194 1698 4271 undeelogium
1713 4197 1874 4268 paulo

262 4265 594 4348 distinctius
625 4265 902 4341 magisque
930 4268 1194 4348 diffusum
1227 4269 1491 4335 extraxit,
1519 4265 1754 4348 necdum
1794 4276 1870 4323 ta-

262 4354 400 4394 men
422 4339 501 4396 ita
529 4339 873 4407 accuratum,
905 4347 967 4395 ut
997 4340 1204 4406 omnia,
1239 4355 1358 4410 quae
1379 4339 1718 4410 controverti
1753 4356 1870 4410 pos-

261 4417 422 4484 sunt,
444 4411 578 4484 satis
598 4412 744 4484 clare
773 4411 1033 4484 explicet.
1085 4409 1363 4484 Usuardus
1393 4409 1694 4484 longiorem
1726 4409 1870 4466 Ado-

1988 3629 2217 3686 antistes
2246 3625 2433 3696 fuerit,
2464 3628 2558 3700 qui
2604 3635 2666 3682 ut
2685 3636 3021 3700 rcaeterorum
3070 3627 3388 3698 primipilus
3421 3628 3594 3700 poni-

1988 3708 2081 3755 tur
2139 3701 2364 3756 Sabinus
2403 3699 2498 3756 seu
2566 3699 2794 3756 Savinus
2831 3699 3123 3769 episcopus,
3183 3700 3404 3755 tametsi
3424 3699 3592 3756 iultro

1989 3772 2257 3827 fateamur
2297 3772 2502 3843 Spoleti
2547 3771 2812 3843 martyrio
2837 3779 3159 3843 coronatum
3191 3787 3325 3826 esse.
3369 3773 3456 3843 _De
3488 3772 3592 3843 Vc-

1987 3847 2248 3899 nustiano
2277 3841 2440 3915 agens
2475 3842 3024 3915 Papebrochius,die
3053 3857 3161 3914 quo
3181 3859 3223 3915 7a
3269 3841 3590 3915 Tudertinis

1985 3916 2209 3987 colitur,
2243 3913 2382 3987 XVIII
2420 3913 2650 3987 Aprilis,
2693 3914 2962 3987 nonnulla
3001 3913 3338 3987 inivulgatis
3374 3913 3587 3987 pridem

1984 3986 2141 4041 Actis
2177 3986 2400 4057 reperit,
2432 3985 2552 4056 quae
2583 3986 2802 4058 diversa
2828 4002 2860 4040 a
2883 3985 3119 4040 Baronio
3148 3985 3243 4058 via
3261 3986 3588 4058 exponenda

1985 4056 2493 4130 putavit,ipsor_u_m
2525 4056 2813 4130 veritatem
2845 4073 3190 4130 nequaquam
3231 4056 3582 4130 impugnans.

1983 4129 2056 4182 At
2087 4127 2362 4182 recentior
2382 4127 2790 4190 Tillemontius,
2844 4127 2947 4182 nec
2976 4127 3286 4182 Baluzianis
3314 4127 3472 4184 Actis
3498 4147 3583 4185 ac-

1983 4199 2420 4268 quiescit,.tomo
2437 4197 2506 4268 Υ,
2533 4213 2652 4267 pag.
2682 4196 2784 4268 603
2799 4204 2852 4249 et
2873 4196 2997 4251 604.
3023 4198 3181 4266 plura
3202 4200 3580 4268 accumulans,

1982 4266 2183 4340 quibus
2215 4285 2405 4324 eorum
2436 4266 2614 4340 ﬁdem?
2634 4266 2956 4321 labefactare
2985 4275 3232 4340 conatur.
3285 4269 3406 4340 Non
3438 4266 3578 4324 ditii-

1981 4336 2156 4419 tebor,
2223 4355 2510 4419 occurrere
2547 4339 2767 4419 aliqua‘,
2840 4353 2961 4419 quae
2999 4336 3271 4419 criticum.
3318 4338 3579 4419 lectorem

1980 4411 2178 4466 merito
2215 4417 2558 4466 remorentus
2580 4427 2617 4480 ,7
2642 4408 2748 4464 sed
2786 4408 2910 4480 quis
2961 4408 3186 4476 nesciat,
3241 4409 3378 4464 Acta
3409 4409 3577 4464 etiam

265 4480 694 4562 nis_oratio_nem
721 4483 780 4562 in_
805 4479 1106 4562 elegantem
1129 4482 1408 4562 epitomen
1435 4479 1863 4562 redigens,hnon-
1899 4484 1948 4545 Ο
1977 4497 2139 4562 aurea
2165 4481 2334 4538 naivis
2373 4481 2506 4562 hinc
2528 4479 2655 4534 inde
2676 4495 2785 4562 non
2805 4479 3021 4544 carere,
3045 4479 3347 4560 praesertim
3371 4481 3430 4534 in
3467 4497 3577 4562 no-

264 4553 426 4606 nulla
452 4553 698 4609 studiose
726 4551 956 4626 vitavit,
977 4570 1113 4626 quae
1131 4551 1188 4607 in
1217 4551 1341 4626 aliis
1380 4551 1602 4626 pariunt
1630 4552 1864 4626 dilﬁcu‘l-

262 4630 430 4696 tates,
483 4639 596 4679 non
648 4626 788 4680 male
841 4641 872 4681 a
920 4623 1230 4682 Castellano
1280 4623 1340 4678 in
1377 4623 1624 4696 apposita
1677 4624 1868 4696 notula

261 4695 606 4766 explanatas.
640 4697 886 4764 Constat,
922 4712 1033 4752 non
1059 4711 1190 4760 una,
1226 4711 1327 4750 nec
1373 4695 1601 4750 omnino
1649 4695 1864 4750 confor-

263 4766 402 4834 mia,
424 4767 776 4840 praefatorum
799 4775 1106 4840 martyrum
1129 4767 1265 4840 Acta
1277 4766 1427 4840 edita
1450 4783 1584 4840 esse.
1609 4766 1864 4840 Dubitari

261 4851 380 4912 non
437 4845 633 4912 potest
673 4839 807 4912 quin
839 4838 959 4912 ipsa
996 4839 1369 4912 manuscripta
1417 4838 1670 4894 habuerit
1700 4839 1861 4912 Baro-

256 4907 416 4976 nius,
437 4907 589 4964 ﬁcum
621 4907 1013 4966 in'Annalibus
1056 4909 1125 4964 ad
1155 4907 1359 4964 annum
1391 4927 1528 4978 cccx,
1581 4927 1735 4966 num.
1772 4911 1858 4979 18,

256 4979 622 5054 sincerissima
649 4982 929 5054 praedicet,
961 4997 1178 5052 quaeque
1204 4981 1276 5036 ad
1295 4982 1525 5054 eerbumr
1545 4981 1649 5054 sint
1678 4983 1859 5036 merito

255 5051 575 5125 recensendo
601 5067 617 5106 :
650 5051 895 5122 'utinam,
955 5051 1231 5125 inquiens,
1271 5052 1406 5106 sicut
1455 5053 1654 5123 fidelia,
1700 5053 1772 5106 ita
1803 5053 1859 5107 in

254 5123 506 5195 omnibus
535 5124 743 5194 integra
788 5123 1181 5195 reperissentus,
1225 5128 1272 5195 et
1307 5140 1363 5177 eo
1396 5139 1498 5193 quo
1531 5131 1668 5195 sunt
1692 5131 1857 5194 empta

252 5193 509 5262 candore,
554 5193 764 5262 pariter
793 5193 1054 5251 absoluta.
1114 5194 1386 5261 Pleniora,
1419 5204 1470 5250 et
1518 5194 1657 5248 forte
1684 5193 1859 5249 since-

253 5263 411 5338 riora
467 5263 716 5336 vulgavit
773 5267 839 5338 ν.
873 5269 932 5325 C.
985 5265 1292 5338 Stephanus
1347 5266 1600 5320 Baluzius
1631 5275 1779 5320 tomo
1811 5268 1858 5338 II

253 5335 516 5403 Miscell.,
550 5335 728 5405 apag.
762 5337 853 5405 47,
875 5338 1008 5394 alibi
1040 5335 1259 5392 anubis
1295 5338 1577 5396 laudatus;
1613 5338 1668 5391 in
1705 5337 1860 5392 Notis

254 5355 516 5403 mnscell.,
550 5355 582 5392 ει
646 5355 676 5392 a
717 5381 728 5392 .
762 5355 853 5405 zu,
875 5355 1008 5394 anni
1040 5355 1072 5392 a
1101 5355 1259 5392 nonis
1295 5355 1577 5396 Iauuatus;
1613 5355 1668 5391 in
1705 5355 1857 5392 nous

251 5423 384 5478 pag.
409 5407 514 5464 465
539 5355 917 5476 ἰηίῗιιὲἱῐδηῑθι·
936 5426 1201 5474 asserens,
1221 5408 1578 5462 sincerissima
1597 5416 1644 5462 et
1658 5409 1857 5479 optima

247 5493 375 5533 esse
403 5486 450 5534 et
479 5480 640 5550 digna
675 5497 791 5550 qua:
831 5481 1043 5536 veniant
1073 5481 1128 5534 in
1156 5497 1344 5534 manus
1373 5479 1639 5533 hominum
1686 5481 1859 5533 erudi-

251 5497 375 5533 esse
403 5497 450 5534 et
479 5497 546 5548 αι,
571 5497 640 5536 na
675 5497 791 5550 qua:
831 5497 1043 5536 veniam
1073 5498 1128 5534 -ιη
1156 5497 1344 5534 manus
1373 5497 1639 5533 nommum
1686 5497 1859 5533 enun-

251 5554 457 5607 torum.
521 5497 743 5622 ἔροιθῐο
795 5568 906 5607 non
945 5559 1089 5609 recte
1147 5567 1177 5605 a
1230 5551 1618 5622 martyrologis
1657 5551 1860 5606 nostris

255 5629 484 5678 sanctos
522 5621 628 5678 hos
655 5638 845 5679 omnes
891 5622 1140 5691 attribui,
1174 5638 1244 5678 ex
1285 5622 1440 5678 Actis
1469 5621 1860 5693 ipsisimanife-

255 5698 414 5750 stum
444 5701 528 5751 est
552 5712 567 5762 ;
595 5710 774 5766 neque
801 5711 872 5751 ex
897 5695 1095 5752 iisdem
1113 5695 1244 5751 satis
1273 5692 1508 5762 eruitur,
1536 5692 1694 5764 cujus
1709 5693 1860 5750 urbis

1975 4553 2222 4610 minibus
2251 4553 2509 4625 propriis,
2541 4551 2870 4625 quandoque
2898 4551 3191 4625 contortis,
3220 4559 3336 4620 aut,
3360 4567 3486 4625 cum
3509 4551 3576 4625 in

1974 4625 2220 4697 antiquis
2249 4622 2583 4680 membranis
2612 4639 2764 4678 erasa
2785 4622 3022 4690 fuerint,
3057 4623 3200 4678 male
3252 4622 3570 4751 suppositis.

1975 4695 2134 4751 Certe
2155 4705 2237 4751 tot
2259 4696 2528 4751 simplicis
2559 4694 2893 4751 sinceritatis
2924 4694 3085 4751 radii.
3121 4695 3265 4751 inter
3293 4713 3326 4750 ο
3365 4695 3570 4751 scurio-

1975 4694 2134 4754 Certe
2155 4705 2237 4751 tot
2259 4696 2528 4767 simplicis
2559 4694 2893 4752 sinceritatis
2924 4694 3085 4763 radii,
3121 4695 3265 4751 inter
3293 4694 3574 4752 obscurio-

1973 4783 2058 4836 res
2086 4769 2386 4824 nubeculas
2414 4768 2472 4824 in
2502 4769 2692 4824 oculos
2721 4767 3036 4836 incurrunt,
3069 4774 3130 4822 ut
3162 4768 3381 4824 laudata
3409 4768 3568 4835 Acta,

1970 4832 2002 4893 a
2031 4839 2375 4896 Tillemontii
2403 4855 2654 4907 censura,
2701 4855 2796 4911 per
2821 4855 2922 4895 nos
2961 4832 3050 4894 vel
3089 4855 3426 4896 successores
3456 4832 3570 4911 nof-

1969 4919 2110 4988 stros
2139 4912 2435 4988 aliquando
2463 4907 2929 4988 vindicat—umjri,
2965 4928 3077 4988 no_n
3123 4911 3392 4988 diﬂidam,
3413 4907 3571 4988 quid-

1969 4983 2101 5054 quid
2132 4983 2199 5038 ab
2232 4981 2313 5037 iis
2342 4983 2695 5038 abhorruisse
2741 4981 2996 5038 videatur
3034 4981 3379 5054 iRuinartius,
3411 4981 3572 5049 cujus

1969 5053 2214 5131 instituti
2273 5063 2408 5121 erat,
2472 5071 2534 5109 ea
2573 5055 2701 5131 so_la_
2745 5054 2882 5131 Acta
2921 5053 3182 5125 proferre,
3239 5067 3360 5130 quae
3400 5065 3571 5131 nec}

1967 5125 2253 5196 Dodwello
2287 5141 2385 5179 nec
2412 5141 2442 5178 a
2469 5125 2666 5196 quovis
2689 5124 2968 5196 hmretico,
2995 5124 3351 5194 quantumvis
3389 5124 3568 5192 perti-

1968 5195 2113 5261 naci,
2147 5197 2202 5249 in
2235 5196 2466 5250 dubium
2488 5195 2738 5250 revocari
2771 5202 3012 5265 possent.

2039 5266 2220 5321 Adoni
2253 5283 2535 5338 perperam
2582 5266 2717 5338 olim
2763 5265 2998 5336 ascripta
3035 5270 3149 5319 erat
3202 5277 3434 5338 seqoens
3471 5277 3565 5338 an-

1969 5335 2284 5393 nuntiatio':
2317 5335 2446 5393 Item
2477 5338 2531 5391 in
2573 5337 2751 5391 insula
2784 5335 2919 5406 Oya,
2950 5341 3253 5390 sanctorum
3282 5335 3564 5404 Florentii,

1972 5411 2173 5477 Sereni,
2220 5411 2402 5474 Pauli,
2436 5408 2706 5477 Stephani,
2757 5407 2990 5476 Papiani
3034 5412 3081 5459 et
3112 5407 3263 5473 Cleti,
3297 5421 3328 5460 a
3356 5406 3566 5462 Mosan-

1969 5481 2069 5536 dro
2097 5498 2192 5552 per
2220 5479 2539 5552 asteriscum
2569 5478 2854 5552 distincta,
2886 5477 3251 5552 a_Bosv_veydo
3281 5478 3340 5532 in
3370 5494 3566 5552 appen-

1970 5548 2149 5608 dicem
2176 5551 2393 5622 rejecta.
2420 5551 2556 5605 Item
2582 5566 2650 5604 ex
2677 5567 2778 5622 vui
2809 5548 3018 5620 Aprilis
3062 5549 3267 5604 frustra
3290 5548 3572 5622 repetitus

1969 5621 2260 5678 Perpetuus
2297 5622 2635 5678 Turonensis.
2667 5621 2806 5677 Male
2835 5637 3117 5676 connexos
3144 5637 3268 5677 cum
3288 5621 3571 5676 Florentio

1971 5641 2076 5678 rer
2113 5641 2260 5676 cuius
2297 5641 2635 5678 Iuram-usta.
2668 5641 2806 5677 male
2835 5641 3117 5676 connexos
3144 5641 3268 5677 cum
3290 5641 3570 5676 PIOI'BIIUO

1971 5694 2029 5748 in
2058 5641 2176 5765 (ςγδι
2205 5694 2387 5749 insula
2415 5692 2612 5762 socios,
2645 5691 3036 5749 Alexandriam
3081 5691 3292 5749 reducit
3323 5699 3378 5748 et
3406 5691 3570 5750 Man-
