4070 6178
545 218 650 275 859

623 356 655 395 o
682 338 811 394 vide
840 336 1247 395 Florentinium
1272 343 1326 390 et
1352 336 1647 393 Castellani
1677 336 2135 391 notatiuncnlam.
2168 340 2219 400 Α

596 427 624 466 e
654 410 807 467 Actis
835 418 929 466 aut
960 408 1125 479 gestis
1154 407 1273 480 ejus
1301 410 1474 464 altum
1505 408 1809 463 silentium.
1844 408 1942 464 llic
1964 407 2142 475 elogia

546 482 745 536 ultima
790 479 1190 537 Wandalberti'
1225 479 1292 535 de
1338 480 1676 551 martyribus
1733 480 2142 535 Senonensibus

546 552 803 624 subjicio,
827 554 1030 626 quibus
1059 559 1113 607 et
1142 552 1347 608 mensis
1373 551 1675 608 December
1702 560 1757 607 et
1784 558 1933 607 totus
1961 566 2141 607 annus

548 640 700 681 sacer
726 625 1119 682 concluditur:
2148 648 2151 653 ι

646 715 807 781 Virgo
832 715 1100 777 Columba,
1120 716 1274 765 simul
1303 714 1526 778 palmam
1550 714 1741 764 virtute
1769 726 2047 777 perennem

1238 211 1540 268 USUARDI
1578 212 1899 269 MONACHI
1940 209 2573 269 MARTYROLOGIUM.
2617 238 2685 252 --
2731 209 2939 266 MENS.
2984 208 3141 266 DEC.

2342 334 2685 396 Percepitque
2721 347 2814 381 suo
2840 332 3100 382 Christum
3135 332 3374 396 comitata
3399 345 3618 395 cruore;

2341 398 2572 459 Cumque
2604 394 2913 445 'Potentiano
2945 395 3254 444 Sabinianus
3280 394 3459 443 eodem

2340 461 2578 510 Occurrit
2610 460 2757 519 festo,
2789 459 3005 521 aequalis
3037 472 3125 506 ara
3156 466 3311 521 atque
3338 460 3619 521 triumpho,

2344 523 2542 574 Urbem
2578 523 2667 584 qui
2694 520 2954 571 Senonum
2984 521 3146 584 primi
3190 520 3409 570 docuere
3443 520 3668 584 patroni.

2348 585 2476 634 Haec
2500 584 2704 635 tandem
2729 584 2975 635 claudunt
3005 592 3290 634 extremum
3319 584 3451 633 festa
3493 585 3849 640 Decembrem.

2003 857 2381 917 AUCTARIA.

618 976 864 1032 PRATEN.
903 977 981 1031 De
1010 974 1127 1046 ejus
1156 982 1209 1029 et
1238 974 1522 1046 sociorum
1545 972 1800 1046 codicum
1831 973 2144 1046 interpola-

547 1047 720 1115 tione,
751 1048 965 1103 dictum
997 1044 1077 1101 est
1105 1062 1267 1116 supra
1296 1046 1353 1099 in
1395 1044 1770 1101 Variantibus.

621 1120 928 1174 PULSANEN.
962 1118 1028 1173 de
1059 1118 1323 1172 Silvestro
1355 1124 1475 1188 post
1522 1118 1795 1184 habentur,
1830 1116 1910 1172 sic
1949 1116 2138 1172 addit:

562 1215 591 1269 ξ
624 1191 724 1269 Hic
747 1200 873 1269 post
902 1190 1118 1243 beatum
1145 1190 1364 1243 Petrum
1391 1189 1703 1269 trigesimus
1727 1189 1975 1269 quintus,
2000 1188 2144 1269 rexit

547 1260 849 1317 Ecclesium
882 1277 1055 1315 annos
1075 1268 1206 1326 tres,
1240 1275 1453 1314 menses
1473 1260 1683 1327 decem,
1716 1260 1832 1315 dies
1864 1260 2140 1314 undecim.

547 1332 718 1403 Cujus
746 1332 1018 1387 industria
1047 1332 1297 1403 synodus
1320 1333 1737 1401 praeclarissima
1770 1333 1827 1386 in
1859 1339 1974 1386 toto
2014 1331 2143 1403 orbe

550 1402 838 1463 terrarum.
870 1410 1238 1458 trecentorum
1270 1402 1457 1458 decem
1490 1412 1542 1458 et
1570 1411 1694 1458 octo
1724 1404 1970 1469 Patrum,
2000 1402 2143 1473 apud

545 1475 767 1531 Niceam
799 1475 987 1529 urbem
1012 1474 1272 1529 Bithinize
1294 1483 1373 1529 est
1402 1474 1693 1542 celebrata,
1726 1475 1827 1530 sub
1856 1473 2145 1530 Consulari

547 1547 911 1618 Constantino
943 1548 1281 1618 Augustoret
1304 1545 1539 1614 Licinio,
1572 1547 1749 1618 pridie
1776 1547 1900 1602 Kal.
1936 1546 2147 1618 Janua-

544 1618 634 1690 rii.
669 1617 878 1690 Eodem
905 1616 1214 1690 _die,'apud_
1248 1616 1522 1690 Senones,
1573 1616 1757 1690 passio
1786 1625 1988 1674 sanctae
2032 1617 2147 1674 Co-

547 1688 746 1745 lumbae
780 1688 1028 1760 virginis.
1070 1686 1280 1745 {Nihil
1311 1686 1586 1760 praeterea:

618 1761 1123 1827 Ameana—Max,
1146 1777 1269 1815 cum
1304 1777 1399 1815 sex
1427 1762 1542 1815 suis
1575 1761 1766 1816 mediae
1797 1769 1939 1817 notae
1960 1760 2142 1827 sociis,

2324 976 2647 1045 Aourcrxcr.
2696 972 2764 1045 de
2808 970 3095 1045 Silvestro,
3130 977 3263 1045 post
3287 970 3580 1045 habentur,
3618 972 3848 1045 adjicit:

2266 1070 2285 1094 α
2324 1046 2425 1100 Hic
2474 1044 2764 1100 constituit
2811 1042 3053 1099 chrisma
3100 1041 3165 1096 ab
3213 1041 3472 1112 episcopo
3509 1042 3653 1111 ﬁeri,
3685 1041 3742 1100 et
3793 1055 3850 1101 ut

2254 1117 2537 1188 presbyter
2555 1115 2878 1188 baptizaret,
2896 1122 2950 1169 et
2969 1122 3030 1188 ut
3059 1114 3230 1188 laicus
3250 1113 3618 1188 nulliclerico
3638 1117 3851 1171 crimen

2254 1185 2449 1242 audeat
2477 1185 2699 1254 inferre,
2725 1196 2776 1241 et
2798 1185 3108 1242 dalmaticis
3135 1185 3192 1239 in
3220 1185 3449 1240 ecclesia
3469 1187 3571 1240 uti.
3606 1212 3622 1233 ι·
3670 1188 3731 1242 In
3756 1189 3852 1244 Co-

2256 1259 2442 1313 lumba
2481 1259 2591 1312 fere
2637 1258 2896 1314 convenit
2929 1274 3054 1312 cum
3103 1257 3349 1311 Pratensi
3386 1265 3441 1312 et
3475 1257 3689 1313 duobus
3728 1260 3853 1315 aliis

2254 1346 2417 1401 supra
2442 1329 2647 1397 citatis,
2670 1329 2896 1396 addens,
2933 1329 3028 1383 sub
3059 1328 3354 1384 Aureliano
3378 1329 3640 1399 principe.

2325 1426 2831 1484 Marum-Caurus.
2849 1426 3283 1482 elULTRAJECT.I
3314 1450 3331 1471 ι
3358 1425 3604 1481 Silvestri
3629 1442 3781 1497 papae
3806 1436 3855 1483 et

2255 1499 2599 1556 confessoris.
2633 1498 2910 1555 ()dilionis
2938 1498 3198 1553 abbatis.-
3218 1496 3360 1553 Vide
3391 1505 3481 1551 ret
3506 1515 3547 1553 II
3579 1496 3849 1554 Januarii.

2256 1572 2473 1643 Pergit:
2521 1596 2539 1618 ι
2577 1569 2860 1627 Columbae
2890 1569 3123 1641 virginis
3151 1575 3205 1623 et
3247 1569 3525 1642 martyris.
3564 1568 3848 1626 Sabiniani

2256 1652 2310 1699 et
2337 1643 2649 1702 Potentiani
2680 1650 3007 1714 martyrum.
3050 1666 3068 1689 ι

2326 1738 2387 1794 Ῑῐὶ
2439 1739 2708 1794 VATICAN.
2738 1738 2957 1809 signato
2996 1752 3150 1791 num.
3184 1734 3323 1809 5949
3352 1733 3505 1809 deest
3545 1737 3850 1809 annuntia-

548 1807 2147 1903 ιτέὲᾗὲἷιῖιέὲὲιιὶἧὶᾶὶὶὶῖἆιῖὃὶιέέἱὶιῐρῖᾖοὶὶὶῐξίὶῖεέἱιῖιῖάὶζῇὂέἱ
2181 1834 2223 1892 B
2255 1810 2705 1903 yp_mt_i«p_a_,_pui
2736 1808 2923 1903 maga:
2949 1807 3848 1903 Iaeregyuaiajégygseeae

541 1902 715 1973 papa},
764 1902 991 1957 inserit:
1062 1926 1078 1947 ι
1118 1902 1223 1967 Qui
1256 1902 1571 1971 trigesimus
1614 1904 1840 1974 quintus
1870 1913 1989 1974 post
2023 1902 2143 1965 bea-

543 1980 665 2027 tum
696 1975 917 2027 Petrum
964 1974 1265 2028 Romanam
1297 1974 1441 2028 rexit
1479 1974 1803 2041 Ecclesiam,
1864 1982 1917 2029 et
1951 1975 2146 2044 plenus

544 2044 849 2114 virtutibus
888 2043 1031 2114 obiit
1063 2044 1120 2096 in
1162 2060 1309 2114 pace,
1348 2045 1593 2114 sepultus
1623 2046 1680 2098 in
1712 2043 1985 2100 cimiterio
2016 2044 2146 2099 Pri-

544 2113 753 2197 scillae,
791 2113 881 2194 via
924 2113 1174 2197 Salaria,"
1201 2114 1377 2185 cujus,
1411 2113 1446 2195 γε
1507 2124 1609 2197 etc‘.
1660 2117 1721 2197 In
1770 2118 1972 2197 secula,
2018 2125 2146 2197 post

545 2184 876 2239 Potentiam:
926 2208 943 2231 ι
981 2184 1087 2250 Qui
1118 2201 1186 2240 ex
1202 2184 1549 2256 septuaginta
1578 2186 1793 2242 duobus
1824 2184 2039 2242 Christi
2060 2188 2144 2243 di-

544 2255 773 2329 scipulis
801 2256 1141 2329 aipontiﬁce,
1185 2281 1202 2304 ι
1246 2255 1375 2323 etc.,
1407 2255 1532 2329 post
1562 2260 1805 2329 virginis,
1840 2258 1898 2313 in
1940 2259 2100 2313 tertia
2128 2278 2139 2313 :

559 2271 620 2311 lOI
666 2271 773 2310 uus
801 2272 832 2310 a
861 2271 1141 2327 ponunce,
1185 2281 1202 2304 ι
1246 2271 1375 2323 etc.,
1411 2271 1532 2329 post
1562 2275 1633 2311 vn

559 2351 577 2374 ι
616 2271 746 2393 δαῖε
776 2328 877 2383 sub
907 2328 1206 2383 Aureliano
1234 2329 1579 2399 imperatore.
1616 2355 1633 2377 -

616 2399 969 2472 Camenam:
1011 2424 1053 2472 _c
1093 2401 1300 2466 Romae,
1357 2402 1533 2455 sancti
1589 2400 1840 2456 Silvestri
1894 2418 2042 2472 papae
2092 2409 2146 2455 et

546 2470 899 2544 confessoris,
933 2470 1094 2544 cujus
1124 2472 1251 2544 vita:
1279 2472 1561 2544 sanctitas,
1592 2481 1646 2528 et
1670 2470 1943 2544 gestorum
1968 2470 2145 2527 nobi-

546 2541 694 2609 litas,
725 2542 782 2596 in
814 2541 1061 2597 Ecclesia
1088 2542 1186 2597 Dei
1218 2542 1378 2598 laude
1397 2541 2019 2668 l[)ierpetua'celebratur.
2055 2544 2142 2600 Se-

546 2626 738 2668 nones.
763 2622 1080 2668 sanctorum
1102 2614 1290 2667 Sabini
1322 2623 1375 2668 et
1439 2616 1707 2668 otentiani
1735 2615 2140 2668 enisconorum.

541 2626 738 2686 nones,
763 2622 1083 2686 sanctorum
1102 2614 1290 2667 Sabini
1322 2623 1375 2669 et
1397 2614 1707 2686 Potentiani
1735 2615 2140 2686 episcoporum,

542 2697 574 2735 a
605 2682 763 2737 beato
776 2683 951 2755 _Petro
966 2683 1179 2755 ibidem
1197 2685 1666 2755 transmissorum.
1690 2688 1752 2741 In
1770 2682 1962 2741 eadem
1987 2687 2140 2755 urbe,

545 2761 747 2828 sanctas
766 2752 1046 2809 Columba:
1060 2754 1318 2828 virginis,
1350 2756 1452 2811 sub
1475 2756 1799 2828 imperatore
1818 2752 2141 2813 Aureliano.

540 2823 817 2889 Retiariae,
846 2850 877 2888 ,›
921 2834 1025 2880 etc.
1060 2823 1218 2879 Pure.

612 2894 1016 2972 BauxeiLEN_._:
1065 2920 1083 2941 ι
1114 2897 1317 2972 Romae,
1341 2898 1516 2952 sancti
1546 2898 1798 2954 Silvestri
1828 2916 2015 2972 papae;
2048 2900 2143 2972 qui

540 2964 738 3041 plenus
764 2964 1078 3041 _virtutibu_s
1124 2965 1264 3041 obiit
1296 2966 1351 3041 iu
1381 2984 1556 3041 pace,
1589 2978 1642 3041 et
1671 2964 1935 3041 sepultus
1973 2964 2142 3025 est-in

540 3034 814 3110 cirniterio
858 3036 1143 3110 Priscillae,
1185 3036 1275 3092 via
1308 3034 1533 3093 Salaria.
1582 3034 1765 3110 Cujus
1795 3043 1988 3109 Actus,
2031 3049 2138 3099 etc.

537 3106 674 3161 Item
708 3108 915 3175 Romze,
948 3109 1130 3163 natale
1158 3115 1471 3164 sanctorum
1495 3106 1731 3166 Zenonis
1762 3119 1815 3166 et
1844 3106 2065 3169 Donati.
2108 3137 2125 3159 ›

2256 1887 2383 1943 tur;
2436 1898 2672 1952 nempe:
2736 1906 2752 1926 υ
2793 1881 2928 1935 Item
2982 1880 3191 1952 Romae,
3224 1885 3550 1952 sanctorum
3580 1881 3848 1952 Donatae,

2254 1952 2495 2032 Paulinae
2528 1949 2585 2034 et
2610 1953 2892 2007 Serotime.
2924 1977 2941 1997 ι
2988 1950 3127 2006 Vide
3158 1949 3234 2004 ibi
3258 1950 3535 2021 quomodo
3562 1951 3849 2035 formanda

2253 2031 2367 2077 sint
2402 2031 2651 2078 nomina.

2325 2112 2522 2166 JUREN.
2555 2112 2674 2167 Non
2705 2111 2862 2181 capio
2891 2127 2988 2166 cur
3019 2110 3123 2165 hoc
3156 2109 3245 2164 die
3271 2109 3360 2165 hic
3398 2109 3639 2166 addatur
3677 2131 3688 2167 :
3738 2139 3755 2160 ι
3794 2115 3846 2168 In

2253 2183 2468 2249 Galliis,
2502 2185 2679 2238 natale
2709 2181 2885 2238 sancti
2918 2183 3095 2253 Elegii
3125 2181 3473 2237 confessoris.
3516 2208 3535 2230 ι

2326 2270 2512 2326 Editio
2562 2270 2944 2343 Lenaeo-Coc.
2989 2269 3054 2324 de
3099 2269 3364 2343 Silvestre
3394 2272 3575 2343 multa
3631 2271 3843 2343 adjicit,

2254 2359 2373 2425 qua:
2404 2358 2513 2425 non
2568 2341 3077 2425 lubethdescri‘bere.
3215 2340 3599 2425 Sabinianoet
3647 2340 3848 2425 Poten—

2253 2412 2405 2469 tiano
2429 2431 2441 2479 ;
2473 2414 2601 2468 item
2630 2413 2685 2467 in
2718 2412 2984 2470 Columba
3013 2412 3213 2467 similis
3242 2420 3323 2468 est
3341 2414 3629 2471 codicibus
3661 2415 3846 2471 media:

2253 2493 2416 2541 nota).
2452 2486 2527 2540 De
2559 2486 2830 2551 llermete,
2864 2483 3017 2539 addit
3046 2491 3093 2537 et
3121 2485 3454 2557 confessoris.

2323 2573 2518 2630 BELINI
2547 2572 2719 2629 editio
2748 2573 2917 2628 altera
2948 2573 3004 2628 in
3037 2571 3144 2629 ﬁne
3174 2572 3338 2629 habet
3368 2593 3379 2629 :
3427 2597 3447 2620 ι
3487 2574 3705 2632 Eodem
3736 2574 3837 2644 die,

2252 2646 2429 2702 sancti
2459 2644 2714 2701 0dilonis
2752 2644 2987 2700 abbatis.
3031 2670 3048 2693 ι

2325 2736 2611 2815 Games}
2654 2760 2671 2782 ι
2700 2734 2869 2815 Apud
2893 2734 3300 2815 Carthaginem,
3323 2737 3843 2815 sanc_torum_Satur-

2253 2807 2382 2874 nini
2414 2816 2467 2862 et
2514 2807 2799 2864 Celestini.
2831 2807 2989 2873 Item,
3020 2814 3333 2861 sanctorum
3373 2807 3592 2874 Hilarii,
3624 2810 3841 2874 Donati,

2253 2873 2417 2949 Apu'd
2440 2879 2735 2945 Ravenam,
2759 2878 2933 2949 sancti
2960 2877 3276 2949 Barbatiani
3310 2878 3617 2949 presbyteri
3644 2888 3702 2935 et
3730 2873 3842 2935 cou-

2255 2948 2497 3005 fessoris.
2546 2950 2651 3015 Qui
2697 2949 2763 3003 de
2810 2948 3106 3003 Antiochia
3148 2950 3374 3005 Romam
3415 2948 3670 3017 veniens,
3719 2968 3834 3006 cum

2253 3021 2397 3074 fama
2437 3021 2743 3075 sanctitatis
2772 3018 2890 3089 ejus
2919 3026 2973 3073 et
3019 3021 3301 3089 signorum
3346 3019 3551 3091 ubique
3601 3023 3834 3089 volaret,

2251 3091 2494 3162 Placidia
2524 3093 2787 3162 Augusta,
2816 3106 2923 3144 una
2953 3105 3078 3145 cum
3103 3091 3217 3145 tilio
3242 3091 3636 3147 Valentiniano
3667 3095 3840 3162 ipsum

538 3177 639 3233 Hic
670 3161 1233 3251 iu‘VHieronym’ianis
1266 3161 1829 3253 ὲὲὶᾏᾞυῖἀζῗῖιιὲί-
1844 3161 2136 3254 Βὲὄῖίὲὴθ
2168 3185 2210 3243 c
2250 3161 2566 3254 inuentes,
2601 3161 2997 3254 Ψοηδείθτίυηι
3029 3162 3133 3254 Si!“
3172 3170 3627 3254 οοηδῖτυῖεξτιιηεν
3664 3161 3759 3246 ubi
3790 3167 3840 3254 it!

538 3250 757 3323 _S_enonis
782 3250 1061 3323 irrepserit
1082 3252 1109 3307 ?
1132 3252 1193 3306 In
1219 3250 1516 3307 Sabiniano
1542 3261 1594 3309 et
1622 3250 1946 3309 Potentiano
1976 3255 2133 3309 simi-

536 3320 605 3396 lis
635 3330 716 3377 est
745 3320 1212 3396 Ameana-Max.
1244 3324 1642 3396 etc.,Sequitur
1670 3326 1739 3381 de
1778 3326 2046 3382 Columba
2080 3334 2133 3382 et

536 3390 827 3462 Hermete;
862 3394 955 3450 sed
978 3394 1240 3451 ultimum
1274 3390 1483 3451 codicis
1496 3396 1695 3451 folium
1715 3398 2011 3453 laceratum
2028 3404 2129 3453 est.

606 3463 965 3539 IIAGENOYEN:
990 3466 1118 3522 Tria
1146 3466 1309 3539 longa
1328 3468 1503 3539 elogia
1533 3467 1775 3535 adducit,
1802 3469 2042 3539 primum
2067 3468 2133 3524 de

532 3532 826 3606 Sabiniano
855 3545 908 3592 et
941 3532 1306 3605 Potentiano;
1354 3532 1585 3594 alterum
1618 3539 1684 3595 de
1713 3532 2015 3606 Columba;
2058 3540 2125 3595 de

531 3605 797 3680 Silvestre
846 3607 1111 3680 tertium,
1142 3624 1261 3680 quae
1294 3624 1363 3663 ex
1412 3610 1649 3679 vulgatis
1684 3610 1837 3666 Actis
1867 3620 2125 3667 contexta

530 3685 689 3753 sunt,
730 3678 797 3753 ad
838 3678 1426 3753 quze_n1alo'__lectores
1475 3678 1985 3753 remitteretquam
2034 3681 2125 3738 hic

531 3748 723 3820 multis
768 3747 1110 3820 inconcinne
1150 3747 1430 3820 dispositis
1484 3747 1861 3806 describendis
1914 3752 2124 3808 diutius

529 3816 833 3873 immorari.
866 3816 1364 3903 Aniiuntiatiojiem
1398 3822 1820 3903 ultimamnova
1853 3822 2125 3903 positione

528 3898 813 3963 nonrecte
841 3889 1033 3963 auxit:
1083 3916 1099 3937 ι
1138 3891 1200 3945 In
1231 3891 1393 3963 Recia
1425 3892 1727 3963 provincia,
1755 3889 1981 3948 civitate
2010 3895 2125 3951 Be-

528 3958 731 4031 ciarire,
776 3960 1047 4031 depositio
1090 3962 1262 4018 sancti
1293 3958 1561 4017 Hermetis
1599 3958 1907 4021 exorcistae.
1947 3989 1965 4012 ι
2012 3965 2125 4024 Ca-

528 4030 793 4086 stellanus
819 4030 1115 4087 Retiariam
1144 4032 1203 4087 iu
1232 4033 1421 4089 Servia
1448 4034 1701 4093 collocat.

2239 3234 2443 3316 sanctis
2474 3233 2730 3304 operibus
2760 3249 2980 3289 cursum
3024 3233 3152 3289 vitae
3183 3250 3293 3289 sua:
3349 3236 3601 3306 explens,
3637 3237 3841 3309 quievit

2242 3321 2299 3359 in
2334 3321 2484 3375 pace.
2528 3329 2544 3349 -

2312 3396 2563 3453 Momm:
2599 3422 2616 3444 ι
2642 3396 2713 3452 Et
2728 3396 2903 3452 sancti
2924 3395 3242 3453 Barbatiani
3271 3397 3630 3454 confessoris.
3666 3424 3685 3445 ι
3724 3397 3835 3453 Edi-

2239 3466 2416 3539 tioues
2467 3467 2790 3539 posteriores
2838 3469 3129 3525 scribunt:
3193 3491 3211 3515 ι
3248 3469 3453 3523 Eodem
3505 3467 3622 3536 die,
3672 3470 3834 3525 sancti

2233 3538 2550 3613 Barbatiani
2587 3564 2603 3584 ι
2628 3539 2961 3613 νθιοηΤωης
3009 3564 3026 3613 ς
3059 3539 3160 3613 Die
3184 3540 3466 3613 trigesima
3496 3541 3699 3613 prima,
3722 3556 3831 3595 san-

2233 3619 2331 3666 ctae
2364 3612 2587 3666 Melana;
2613 3612 2733 3681 (pro
2766 3611 3035 3681 Melaniae)
3064 3612 3339 3668 Romanas.
3374 3637 3392 3659 ι
3432 3611 3635 3667 omnes
3661 3612 3829 3666 ferme

2234 3681 2449 3737 codices
2498 3682 2717 3737 solitam
2749 3681 3095 3753 singulorum
3125 3682 3343 3737 dierum
3385 3683 3689 3738 clausulam
3736 3682 3824 3737 hic

2233 3753 2301 3808 ad
2343 3754 2571 3813 verbum
2602 3762 2919 3824 apponunt:
2954 3754 3292 3825 Etialiorum
3316 3755 3681 3825 plurimorum
3712 3770 3827 3808 san-

2231 3830 2481 3897 ctorum,_
2526 3832 2863 3897 martyrum,
2917 3824 3271 3897 confessorum
3318 3824 3489 3896 ﬁatque
3544 3826 3824 3897 virginum.

2234 3894 2611 3968 Respondetur
2630 3895 2772 3968 Ι)Εο
2803 3896 3123 3953 GRATIAS.
3153 3897 3350 3968 Repeto
3380 3894 3645 3953 ultimum
3672 3897 3823 3951 Wan-

2233 3965 2467 4045 dalberti
2523 3967 2880 4037 versiculum,
2929 3965 3307 4041 Martyrologii
3357 3969 3531 4025 totius
3590 3970 3824 4025 conclu-

2234 4052 2466 4093 SlOI'lem.

1284 4323 1358 4385 Et
1390 4324 1645 4387 tandem
1690 4324 1991 4389 claudunt
2034 4332 2388 4390 extremum
2436 4326 2600 4389 festa
2631 4324 3071 4420 Decembrem.

1686 4654 1782 4708 AD
1812 4652 2145 4710 MAJOREM
2180 4653 2300 4709 DEI
2329 4653 2669 4710 GLORIAM.
