4070 6184
234 327 3559 363 W

1458 416 1633 463 ANNO
1676 416 1900 465 DOMINI
1944 416 2344 466 DCCCLXXVII.

841 552 1908 727 CAROLUS
2076 554 2975 728 CALVUS

1536 822 2029 892 FRANCORUM
2076 826 2271 892 REX.

465 1068 1278 1293 CAROLI
1400 961 2105 1291 milia
2161 1066 3331 1295 EPISTOL/E.

1753 1385 1996 1396 .—_———.

642 1494 1093 1551 EPISTOLA
1158 1496 1443 1552 PRIMA

721 1644 794 1683 AD
823 1644 1105 1684 NICOLAUH
1135 1643 1337 1683 ΡΑΡΛΜ.

218 1791 515 1848 Inter-cedit
519 1808 624 1862 pro
646 1789 903 1849 Adventio
923 1788 1184 1914 ερίίξοίέρο,
1198 1787 1431 1861 petitque
1451 1795 1507 1844 ut
1530 1788 1583 1844 in
1605 1788 1839 1862 gratiam

870 1877 1067 1914 recepta
1097 1877 1181 1914 ur.

870 1877 1181 1932 receptamr.

293 2008 489 2083 [Apud
515 2008 818 2077 Labbeum,
853 2007 1057 2065 Concil.
1087 2015 1226 2062 tom.
1260 2003 1406 2075 VIII,
1440 2020 1564 2077 pag.
1594 2002 1750 2077 445.]

291 2102 659 2158 Sanctissimo
687 2115 751 2154 ac
788 2095 1249 2153 reverendissimo
1281 2095 1429 2150 Patri
1459 2095 1703 2152 NICOLAO
1734 2111 1836 2151 ca-

215 2193 446 2249 tholica?
476 2198 533 2247 et
551 2190 867 2263 apostolicae
914 2188 1060 2244 sedis
1089 2203 1306 2242 summo
1337 2185 1587 2257 pontiﬁci
1630 2194 1686 2240 et
1714 2185 1835 2240 uni-

222 2282 431 2337 versali
479 2296 630 2352 papae
680 2280 936 2336 Canows
985 2277 1158 2350 gratia
1203 2277 1303 2332 Dei
1347 2291 1445 2331 rex
1475 2283 1530 2330 et
1565 2274 1836 2347 spiritalis

218 2374 380 2431 ﬁlius
406 2381 605 2430 vester.

294 2464 436 2531 Quia
472 2465 616 2520 sicut
669 2462 894 2518 devotio
940 2467 1129 2515 nostra
1175 2474 1301 2528 erga
1352 2464 1599 2512 sanctam
1649 2453 1833 2510 sedem

218 2554 581 2627 apostolicam
609 2561 663 2609 et
692 2552 862 2608 vestri
889 2550 1157 2605 honorem
1190 2549 1249 2603 in
1277 2547 1398 2603 istis
1453 2544 1836 2616 Transalpinis

218 2643 540 2715 regionibus
571 2644 730 2714 longe
760 2643 998 2711 lateque,
1032 2638 1233 2710 gratias
1269 2639 1403 2704 Deo,
1456 2634 1831 2705 cognoscitur,

219 2743 277 2791 et
305 2735 551 2791 colenda:
585 2750 712 2790 cum
739 2731 949 2787 summi
969 2731 1175 2785 amoris
1203 2727 1557 2784 veneratione
1595 2724 1833 2798 paterni-

219 2827 354 2882 tatis
392 2833 588 2883 vestrae
616 2823 930 2895 benignitas
978 2838 1103 2893 erga
1131 2822 1359 2877 ﬁlialem
1412 2828 1658 2876 nostram
1698 2817 1833 2873 dile-

218 2917 489 2983 ctionem,
520 2931 632 2970 non
654 2916 832 2969 solum
857 2914 1059 2968 nostris
1079 2911 1384 2979 benevolis,
1407 2909 1501 2965 sed
1519 2915 1573 2965 et
1592 2906 1829 2963 aemulis,

217 3012 446 3060 auctore
478 3006 611 3071 Deo,
665 3004 829 3058 certis
859 3002 1083 3058 indiciis
1136 3001 1310 3056 veluti
1349 2999 1699 3056 sanctitatem
1744 3013 1830 3052 ve-

217 3104 396 3150 stram
455 3093 670 3148 scilicet
714 3093 990 3164 religionis
1033 3093 1255 3147 culmen
1304 3088 1482 3157 decet,
1542 3085 1829 3143 innotuit:

218 3181 545 3239 Adventius
573 3180 889 3236 Metensium
925 3180 1259 3236 venerabilis
1311 3179 1623 3250 episcopus,
1684 3174 1835 3229 hunc

220 3274 455 3329 fratrem
490 3271 712 3326 nomine
763 3271 1046 3326 Bettonem
1079 3269 1241 3325 nobis
1270 3268 1510 3334 ﬁdelem,
1562 3274 1623 3320 ut
1654 3261 1832 3319 credi-

216 3379 367 3431 mus,
394 3364 453 3418 in
482 3363 812 3419 monasterio
839 3364 993 3435 regni
1036 3363 1210 3419 nostri
1246 3362 1315 3417 ab
1346 3359 1584 3416 infantia
1612 3358 1825 3429 regula-

216 3453 356 3509 riter
382 3452 697 3521 educatum,
733 3461 785 3508 et
822 3461 1008 3507 nostra
1036 3451 1440 3518 muniﬁcentia,
1491 3450 1636 3505 sicut
1684 3448 1831 3502 inter

217 3560 319 3600 nos
350 3544 631 3612 convenit,
663 3544 771 3600 sibi
801 3560 1145 3609 concessum,
1179 3543 1246 3597 ad
1284 3557 1385 3595 nos
1434 3541 1605 3606 misit,
1640 3546 1829 3609 petens

217 3650 249 3688 a
271 3633 431 3688 nobis
453 3640 646 3688 vestrae
666 3633 1060 3688 amantissimae
1076 3631 1389 3703 paternitati
1413 3647 1512 3703 pro
1535 3645 1600 3685 eo
1620 3631 1831 3687 litteras

217 3724 386 3791 mitti,
416 3739 550 3797 quas
575 3724 917 3796 profuturas,
949 3730 1001 3777 et
1030 3739 1141 3777 non
1179 3721 1394 3778 modice
1424 3722 1531 3777 sibi
1561 3723 1705 3794 apud
1736 3737 1828 3776 au-

217 3812 528 3868 ctoritatem
556 3820 797 3866 vestram
826 3811 1001 3866 credit
1022 3810 1325 3881 suffragari.
1352 3810 1635 3865 Mandavit
1658 3811 1825 3866 etiam

220 3900 383 3967 mihi,
411 3900 557 3971 quod
582 3885 974 3971 professionem
991 3915 1141 3954 suam
1162 3900 1580 3970 subreptionum
1606 3906 1827 3970 praeter-

219 3991 422 4046 itarum
455 3990 855 4046 correctionem
887 3995 941 4042 et
983 3988 1294 4043 futurarum
1323 3989 1594 4043 cautelam
1648 3989 1826 4044 conti-

216 4092 465 4149 nentem,
500 4083 643 4139 sicut
674 4084 873 4154 regulae
903 4090 1104 4139 sanctae.
1134 4082 1484 4154 praecipiunt,
1519 4097 1687 4137 manu
1730 4099 1829 4137 sua

215 4173 587 4244 subscriptam
610 4178 794 4227 vestro
814 4170 1145 4243 apostolatui
1169 4185 1263 4242 per
1291 4169 1441 4225 hunc
1468 4169 1693 4226 fratrem
1715 4171 1829 4226 vel-

214 4264 290 4320 let
320 4264 582 4337 dirigere,
617 4271 884 4336 quatenus
914 4270 968 4319 et
994 4278 1317 4320 excessuum
1348 4262 1592 4331 veniam,
1627 4271 1681 4318 et
1702 4279 1826 4335 apo-

212 4355 425 4410 stolicae
457 4352 601 4410 sedis
624 4354 1094 4422 communionem,
1124 4361 1178 4408 et
1208 4353 1376 4409 vestri
1424 4352 1714 4424 apostolici
1744 4354 1825 4409 vi-

212 4447 363 4518 goris
389 4446 622 4517 gratiam
650 4446 832 4501 valeat
863 4445 1137 4502 obtinere.
1171 4445 1327 4500 Unde
1368 4443 1631 4515 quoniam
1663 4461 1823 4500 vene-

212 4536 422 4591 randus
476 4542 530 4589 et
563 4535 972 4591 amantissimus
1020 4541 1249 4608 patruus
1276 4540 1463 4588 noster
1491 4535 1692 4605 Drogo,
1729 4537 1826 4608 qui

214 4623 347 4681 licet
376 4623 435 4679 in
474 4641 642 4696 regno
671 4624 859 4680 fratris
878 4624 1056 4680 nostri
1085 4622 1334 4679 Lotharii
1353 4623 1633 4696 quondam
1654 4624 1824 4696 impe-

216 4715 434 4783 ratoris,
462 4722 585 4787 post
613 4713 826 4771 obitum
855 4713 1046 4769 domui
1076 4720 1130 4768 et
1159 4712 1328 4785 patris
1357 4713 1533 4768 nostri
1563 4713 1822 4784 degisset,

213 4819 278 4861 eo
298 4804 451 4877 quod
485 4805 640 4859 sedes
670 4805 727 4859 in
759 4813 967 4877 partem
994 4802 1148 4873 regni
1174 4801 1350 4873 ipsius
1369 4801 1685 4869 devenerat,
1729 4819 1824 4859 no-

212 4889 300 4950 bis
348 4901 537 4949 tamen
582 4893 744 4949 unice
800 4892 1121 4949 dulcissima
1164 4890 1485 4959 dilectione,
1536 4900 1590 4948 et
1619 4892 1827 4948 obnixa

212 4978 485 5036 ﬁdelitate
514 4980 1004 5053 conjunctissimus
1026 4980 1153 5049 fuit,
1172 4978 1426 5035 eumdem
1448 4978 1822 5035 venerabilem

209 5070 558 5126 Adventium
573 5069 1201 5141 nutrivit,etdomestica
1212 5068 1589 5123 familiaritate
1605 5068 1821 5135 habuit,

210 5167 268 5214 et
298 5159 417 5231 ipse
447 5160 760 5216 Adventius
788 5158 951 5215 nobis
977 5157 1160 5214 ﬁdelis
1188 5165 1243 5212 et
1262 5156 1474 5211 amicus
1508 5157 1730 5213 existit:
1763 5171 1827 5214 ac

212 5248 259 5303 si
315 5248 553 5321 vestigia
580 5249 937 5306 sanctissimas
983 5246 1335 5321 paternitatis
1372 5253 1570 5302 vestra:
1601 5246 1824 5305 deoscu-

214 5336 413 5405 lantes,
452 5353 581 5393 cum
618 5338 770 5393 omni
800 5336 1094 5391 devotione
1124 5333 1491 5408 deposcimus,
1543 5341 1605 5390 ut
1636 5343 1827 5392 nostra

209 5423 504 5494 petitione,
538 5423 680 5480 sicut
708 5425 900 5492 credit,
948 5424 1092 5497 apud
1146 5422 1529 5479 auctoritatem
1585 5431 1824 5479 vestram

208 5527 267 5566 se
297 5514 507 5568 sentiat
554 5512 826 5583 adjuvari,
858 5529 958 5569 nec
1011 5514 1125 5585 ipse
1153 5518 1207 5567 et
1260 5510 1414 5566 sedes
1442 5511 1560 5583 ejus
1607 5512 1665 5567 in
1727 5512 1826 5569 illo

210 5599 377 5655 modo
407 5600 678 5672 quolibet,
714 5601 861 5673 quod
899 5600 1062 5670 absit,
1107 5600 1518 5660 dehonoretur:
1566 5618 1687 5673 quae
1712 5616 1825 5674 po-

1947 1491 2248 1547 stulatione
2269 1491 2357 1546 avi
2387 1492 2564 1547 nostri
2591 1490 2736 1547 divae
2768 1494 3047 1549 memoriae
3082 1494 3262 1551 Caroli
3322 1496 3553 1568 impera-

1869 1604 1921 1662 Α
1948 1581 2086 1637 toris
2108 1582 2369 1638 honorari
2399 1583 2466 1638 ab
2496 1584 2800 1655 apostolica
2828 1583 2954 1640 sede
3000 1586 3223 1655 meruit,
3275 1594 3335 1642 ut
3364 1590 3553 1661 Engil-

1948 1688 2173 1729 ramnus
2202 1671 2567 1745 praedecessor
2597 1673 2776 1742 istius,
2808 1690 3059 1730 summus
3084 1677 3400 1747 capellanus
3437 1676 3554 1749 ejus

1948 1768 2002 1816 et
2030 1761 2416 1832 apocrisiarius
2463 1762 2779 1834 apostolicae
2815 1761 2959 1818 sedis
3002 1764 3060 1818 in
3086 1763 3207 1820 istis
3238 1766 3552 1837 regionibus

1947 1849 2271 1921 aliquandiu
2325 1849 2514 1905 ﬁeret:
2579 1858 2633 1906 et
2670 1858 2855 1921 postea
2910 1851 3293 1923 deprecatione
3350 1863 3551 1911 sanctae

1946 1938 2347 1995 recordationis
2368 1939 2453 1994 Pii
2484 1939 2721 2009 Augusti
2761 1938 2951 1995 domni
2982 1948 3035 1995 et
3082 1942 3345 2013 genitoris
3375 1944 3551 2000 nostri

1945 2028 2240 2085 excellenti
2271 2028 2431 2097 genio
2460 2044 2491 2083 a
2519 2028 2645 2082 sede
2671 2028 2971 2100 apostolica
2993 2027 3051 2083 in
3071 2030 3298 2100 praefato
3350 2042 3546 2103 patruo

1945 2124 2135 2174 nostro
2162 2118 2414 2188 Drogone
2437 2116 2750 2172 venerando
2772 2117 3027 2189 episcopo
3048 2117 3226 2174 fuerat
3260 2116 3546 2189 honorata,

1944 2216 2006 2263 ut
2035 2224 2144 2263 una
2191 2223 2317 2262 cum
2372 2205 2634 2277 praedicto
2682 2206 2993 2261 ministerio
3024 2216 3077 2264 et
3108 2206 3458 2279 imperatoris
3496 2218 3551 2266 et

1944 2296 2258 2370 apostolicae
2280 2294 2444 2363 sedis,
2469 2296 2631 2350 eiiam
2649 2311 2751 2349 usu
2773 2295 2927 2366 pallii
2953 2296 3244 2367 potiretur.
3287 2298 3423 2352 Nam
3447 2299 3548 2355 etsi

1944 2387 2039 2445 hic
2067 2387 2151 2442 vir
2178 2385 2511 2443 venerabilis
2539 2385 2865 2453 Adventius,
2904 2395 2998 2441 aut
3025 2387 3293 2457 principis
3339 2388 3424 2443 sui
3452 2395 3548 2443 aut

1948 2478 2333 2548 magistrorum
2365 2474 2755 2545 superstitione
2793 2481 2967 2542 actus,
3000 2482 3093 2529 aut
3132 2475 3319 2529 favore
3362 2492 3392 2530 a
3419 2491 3545 2531 con-

1944 2582 2107 2624 sensu
2137 2566 2503 2638 plurimorum
2534 2571 2820 2628 attractus,
2846 2565 2935 2619 vel
2964 2565 3073 2619 alio
3103 2564 3351 2637 quolibet
3381 2565 3546 2621 modo

1944 2657 2257 2730 subreptus,
2289 2657 2378 2710 vel
2411 2654 2771 2725 interceptus,
2812 2653 2870 2708 in
2913 2653 3100 2726 aliquo
3140 2654 3325 2709 minus
3379 2669 3546 2726 quam

1944 2748 2210 2804 debuerat
2257 2742 2524 2816 providus
2574 2744 2829 2799 exstitit:
2865 2744 3148 2815 quoniam,
3179 2750 3242 2798 ut
3272 2744 3547 2814 Augusti-

1944 2854 2049 2893 nus
2088 2836 2244 2905 dicit,
2292 2837 2456 2891 Amat
2484 2836 2630 2890 Deus
2658 2833 3052 2890 conﬁtentibus
3102 2850 3342 2905 parcere,
3376 2842 3428 2890 et
3455 2850 3549 2890 eos

1945 2929 2039 3001 qui
2088 2925 2408 2998 semetipsos
2440 2922 2714 2996 judicant,
2772 2938 2885 2978 non
2927 2920 3217 2993 judicare;
3268 2932 3547 2995 cessatque

1945 3017 2139 3073 divina
2178 3013 2445 3081 vindicta,
2489 3013 2534 3068 si
2566 3011 2855 3068 conversio
2907 3019 3207 3084 praecurrat
3260 3008 3541 3068 humana:

1944 3107 2113 3165 vestri
2138 3104 2473 3179 apostolatus
2505 3103 2797 3159 mitissima
2850 3109 2905 3157 et
2953 3102 3282 3174 praestabilis
3329 3105 3546 3161 cunctis

1942 3196 2223 3254 conversis
2249 3193 2579 3263 benignitas,
2623 3191 2681 3246 in
2712 3207 2776 3246 eo
2813 3191 3141 3246 sententiam
3172 3191 3545 3262 praedecesso-

1942 3286 2019 3340 ris
2053 3283 2137 3339 sui
2170 3280 2367 3337 Leonis
2394 3288 2673 3351 sequetur,
2699 3295 2807 3351 qua
2836 3277 3009 3334 dicit:
3058 3278 3231 3342 Sedis,
3266 3279 3539 3352 inquiens,

1942 3373 2256 3447 apostolicae
2285 3370 2589 3426 moderatio
2619 3369 2762 3424 hanc
2799 3368 3215 3439 temperantiam
3248 3377 3449 3436 servat,
3481 3377 3543 3423 ut

1941 3474 1995 3520 et
2046 3463 2290 3519 severius
2336 3468 2458 3531 agat
2486 3476 2611 3515 cum
2669 3456 2973 3526 obduratis,
3006 3464 3060 3513 et
3088 3460 3309 3513 veniam
3356 3461 3541 3531 cupiat

1940 3563 2195 3626 praestare
2228 3549 2519 3608 correctis:
2573 3557 2839 3622 quatenus
2893 3546 3055 3602 venia
3092 3548 3443 3616 concedatur,
3496 3548 3540 3603 si

1940 3659 2091 3699 error
2138 3641 2404 3697 aboletur.
2474 3639 2717 3695 Petimus
2755 3636 3049 3711 siquidem,
3098 3645 3159 3692 ut
3207 3637 3374 3692 istum
3429 3653 3540 3692 non

1940 3732 2105 3789 modo
2134 3748 2316 3799 suum,
2347 3746 2539 3786 verum
2571 3737 2625 3784 et
2654 3738 2903 3784 nostrum
2945 3728 3205 3799 legatum,
3254 3727 3536 3782 Bettonem

1938 3823 2256 3895 religiosum
2288 3818 2642 3886 monachum,
2674 3826 2729 3873 et
2758 3817 3065 3873 litterarum
3097 3816 3347 3881 scientia,
3387 3815 3540 3871 boni-

1940 3928 2043 3983 que
2074 3910 2281 3981 ingenii
2311 3908 2630 3980 capacitate,
2661 3906 2760 3962 Dei
2794 3905 3071 3991 gratia,.et
3116 3903 3310 3959 sedulo
3356 3904 3539 3959 studio

1938 4001 2234 4070 imbutum,
2268 4000 2499 4072 benigne
2528 4006 2581 4055 et
2610 3997 2956 4053 familiariter
3007 3996 3305 4068 recipiatis,
3344 4011 3450 4068 quo
3481 4010 3542 4050 ea

1938 4107 2059 4164 quae
2086 4091 2190 4146 sibi
2214 4089 2463 4160 injuncta
2490 4095 2636 4153 sunt,
2672 4085 3084 4143 mansuetudini
3120 4086 3290 4142 vestri
3330 4092 3540 4157 aposto-

1938 4182 2083 4237 latus
2129 4180 2434 4236 domestica
2472 4176 2817 4248 suggestione
2860 4177 3043 4230 valeat
3089 4190 3362 4231 enarrare.
3397 4175 3540 4229 Deus

1937 4270 2287 4341 omnipotens
2315 4272 2561 4322 orantem
2596 4280 2693 4337 pro
2725 4262 2885 4318 nobis
2914 4262 3261 4317 sanctitatem
3301 4269 3538 4316 vestram

1936 4375 2052 4415 aevo
2080 4356 2325 4430 longiore
2352 4370 2681 4416 conservare
2710 4352 2767 4407 in
2798 4353 3085 4407 voluntate
3114 4366 3214 4405 sua
3258 4349 3537 4420 dignetur,

1934 4446 2280 4504 sanctissime
2308 4452 2363 4501 et
2390 4441 2852 4499 reverendissime
2880 4446 3031 4513 pater
3058 4438 3116 4492 in
3130 4437 3391 4495 Domino.

2516 4608 2861 4667 EPISTOLA
2897 4608 2947 4665 ΙΙ

2577 4735 2871 4810 Synodaﬁs

2209 4904 2281 4945 AD
2318 4903 2607 4945 EPISCOPOS
2644 4902 2715 4941 ET
2751 4900 2992 4942 COMITES
3022 4899 3261 4952 GALLIE,

2365 5003 2470 5060 Sub
2498 5000 2707 5057 nomine
2738 5000 2925 5058 Caroli
2954 4999 3113 5070 regis.

2007 5125 2197 5201 [Apud
2224 5124 2524 5194 Labbeum,
2558 5123 2761 5181 ϐοηθεῖ.
2795 5130 2932 5179 tom.
2970 5121 3117 5188 Vill,
3146 5135 3268 5192 pag.
3311 5115 3464 5191 246.]

2004 5243 2067 5296 In
2094 5240 2320 5295 nomine
2339 5245 2540 5295 sanctis
2562 5244 2616 5293 et
2639 5234 2948 5292 individuaa
2969 5232 3261 5289 Trinitatis
3281 5231 3538 5288 Canows

1934 5329 2033 5387 Dei
2062 5326 2233 5401 gratia
2254 5344 2351 5383 rex
2373 5325 2626 5393 illustris,
2651 5322 2921 5396 episcopis
2942 5328 2994 5377 et
3014 5319 3252 5387 dilectis,
3277 5334 3339 5374 ac
3363 5316 3537 5374 ﬁdeli-

1932 5419 2037 5477 bus
2063 5417 2246 5474 missis
2274 5416 2614 5485 illustribus,
2639 5412 2935 5471 comitibus
2968 5410 3173 5467 nostris
3208 5410 3463 5467 salutem.

2005 5510 2208 5566 Notum
2240 5508 2313 5563 sit
2362 5505 2615 5562 ﬁdelitati
2648 5510 2844 5559 vestrae
2903 5500 3035 5574 quia
3078 5499 3293 5556 decimo
3340 5500 3536 5573 quinto

1932 5598 2204 5658 Kalendas
2252 5594 2460 5664 Martii,
2524 5591 2828 5650 secundum
2877 5605 3087 5647 sacram
3145 5588 3535 5645 auctoritatem
