4070 6184
516 218 622 279 863

1537 209 1795 267 CAROLI
1835 207 2050 266 CALVI
2091 207 2524 266 FRANCOBUM
2565 205 2769 265 REGIS

3717 203 3832 260 864

518 368 795 444 synodum
820 364 1253 423 'venerabilium
1269 361 1675 435 episcoporum,
1691 376 1755 417 ac
1767 368 2104 417 conventum
2134 359 2185 420 Α
2210 358 2560 427 sententiam,
2616 365 2672 414 et
2720 355 3039 414 secundum
3094 355 3268 444 leges
3297 370 3359 444 ac
3396 352 3649 444 capitula,
3680 355 3839 444 regia

518 460 766 518 ﬁdelium
814 464 1128 513 nostrorum
1159 453 1303 526 apud
1334 451 1672 510 Carisiacum
1703 450 1937 507 fecimus
1966 465 2112 506 con-

519 551 726 606 venire.
759 547 897 607 Cum
927 544 1147 618 quibus,
1181 543 1325 599 inter
1352 549 1546 599 caetera
1565 539 1934 597 ecclesiastica
1961 538 2111 593 utili-

517 639 647 696 tatis
691 653 754 693 ac
792 635 945 708 regni
981 631 1324 691 necessitatis
1366 630 1585 703 negotia
1618 626 2111 694 consideravimus,

517 727 757 801 qualiter
786 724 1012 796 rapinae,
1041 729 1096 779 et
1122 719 1597 794 depopulationes,
1629 734 1749 791 qua:
1783 718 1985 790 partim
2011 731 2116 771 oc-

518 815 738 874 casione
775 810 1270 885 superirruentium
1303 824 1660 882 paganorum,
1691 805 1894 880 partim
1927 803 2117 861 mobi-

518 904 674 961 litate
699 901 1063 977 quorumdam
1088 899 1336 955 ﬁdelium
1369 907 1684 954 nostrorum
1713 896 1773 951 in
1810 910 1977 967 regno
2006 909 2118 948 no-

519 1001 656 1062 stro,
693 1008 790 1065 per
817 1008 911 1049 eos
939 990 1105 1047 etiam
1136 988 1233 1062 qui
1261 986 1567 1046 Ecclesiam
1606 985 1707 1041 Dei
1746 982 2037 1040 defendere
2064 990 2118 1039 et

521 1084 685 1151 tueri,
726 1090 780 1138 et
831 1081 981 1152 regni
1038 1078 1376 1135 soliditatem
1425 1085 1481 1132 et
1526 1074 1768 1149 quietem
1817 1071 2123 1128 debuerant

523 1172 833 1243 providere,
876 1178 1206 1241 grassantur,
1244 1166 1434 1240 aliquo
1473 1164 1660 1232 modo,
1700 1168 1976 1218 annuente
2013 1163 2117 1217 Do-

524 1262 698 1328 mino,
729 1259 909 1315 sedari
941 1257 1161 1313 valeant
1189 1264 1244 1314 et
1276 1255 1544 1312 amoveri.

591 1350 836 1418 Quorum
880 1348 1138 1404 consultu
1184 1345 1553 1412 decrevimus,
1599 1351 1662 1399 ut
1707 1342 1838 1415 quia
1881 1345 2122 1413 peccata,

524 1456 647 1512 qum
677 1438 735 1493 in
763 1453 867 1493 suo
887 1436 1072 1503 initio,
1103 1444 1165 1491 ut
1193 1442 1343 1502 sunt,
1371 1430 1556 1503 magni
1576 1430 1837 1504 ponderis
1854 1428 2125 1485 aestiman-

524 1537 636 1596 tur,
678 1526 988 1599 pernicioso
1020 1540 1276 1597 processu
1308 1524 1428 1595 ipso
1456 1522 1624 1577 etiam
1653 1518 1934 1576 exitiabili
1962 1533 2128 1589 supra

521 1619 613 1692 jus
642 1616 923 1674 mentibus
952 1616 1270 1688 loquantur,
1301 1619 1355 1668 et
1385 1610 1538 1684 quasi
1578 1606 1930 1665 insensibiles
1953 1607 1977 1642 δ
2005 1621 2016 1660 :
2067 1621 2129 1660 ac

2222 449 2499 505 emendari
2542 455 2766 520 cogetur
2811 454 2866 503 et
2903 443 3207 502 secundum
3250 442 3524 515 judicium
3579 442 3834 501 ﬁdelium

2224 547 2538 595 nostrorum
2563 536 2891 608 condignam
2913 533 3220 591 vindictam
3241 532 3523 605 suscipiet.

2294 628 2366 683 Et
2391 628 2437 683 si
2468 628 2596 683 talis
2625 642 2857 700 persona
2884 624 3072 692 fuerit,
3104 630 3167 680 ut
3194 622 3436 694 episcopi
3464 630 3518 678 et
3548 622 3709 678 missi
3738 639 3838 678 no-

2226 716 2327 772 stri
2357 733 2419 773 ac
2447 716 2675 773 comites
2703 716 2762 771 in
2791 715 3015 770 illorum
3048 711 3375 768 ministeriis
3404 711 3555 784 quod
3598 727 3839 783 pravum

2226 814 2411 864 actum
2434 805 2600 861 fuerit
2626 804 2908 877 potuerint
2932 801 3245 869 emendare,
3277 800 3583 857 secundum
3604 801 3837 873 praﬁxa

2230 898 2439 953 monita
2468 896 2607 952 illud
2636 894 2926 951 emendare
2964 891 3243 960 studeant,
3276 900 3371 947 aut
3402 908 3499 964 per
3530 891 3837 963 ﬁdejusso-

2230 1006 2314 1045 res
2341 986 2410 1044 ad
2438 995 2681 1045 nostram
2708 983 3056 1058 praesentiam
3088 980 3280 1038 venire
3306 980 3533 1037 faciant.
3568 980 3625 1036 Si
3649 990 3841 1037 autem

2230 1077 2431 1150 aliquis
2461 1076 2809 1150 quiscunque
2840 1070 3167 1129 inobediens
3195 1070 3495 1137 exstiterit,
3527 1086 3653 1126 cum
3685 1088 3841 1126 sum-

2235 1184 2323 1223 ma
2342 1165 2696 1222 festinatione
2716 1162 2876 1219 nobis
2905 1168 3101 1216 notum
3132 1159 3309 1216 facere
3332 1166 3552 1224 curent,
3582 1168 3644 1216 ut
3664 1176 3843 1232 quan-

2235 1263 2292 1311 to
2321 1255 2486 1313 citius
2506 1253 2573 1310 ad
2604 1260 2847 1309 nostram
2875 1248 3221 1323 praesentiam
3248 1247 3409 1303 illum
3434 1247 3631 1304 venire
3650 1248 3849 1320 jubea-

2239 1363 2383 1412 mus,
2399 1352 2453 1402 et
2466 1344 2691 1416 dignam
2703 1341 2971 1398 ultionem
2987 1339 3291 1399 secundum
3299 1337 3318 1410 j
3328 1337 3578 1395 udicium
3596 1337 3849 1394 ﬁdelium

2236 1446 2553 1494 nostrorum
2597 1434 2884 1491 sustineat.
2918 1434 2991 1490 Et
3017 1432 3065 1488 si
3098 1430 3273 1505 (quod
3301 1428 3471 1501 absit)
3501 1429 3629 1486 talis
3666 1446 3846 1486 emer-

2239 1528 2395 1595 serit,
2423 1526 2519 1599 qui
2548 1525 2649 1582 Dei
2675 1524 2933 1581 timorem
2961 1529 3256 1595 postponat
3277 1563 3292 1589 ,
3333 1527 3387 1576 et
3416 1519 3853 1577 ecclesiasticam

2239 1616 2620 1674 auctoritatem
2664 1619 3000 1679 contemnat,
3048 1628 3113 1667 ac
3154 1610 3361 1682 regiam
3403 1616 3732 1682 potestatem
3764 1625 3849 1665 re-

524 1709 569 1765 si
600 1708 821 1782 quando
866 1707 1183 1778 resipiscere
1213 1705 1542 1771 moliuntur,
1578 1701 1693 1774 [eas
1722 1697 1944 1772 saepius]
1977 1697 2127 1754 casi-

2243 1710 2449 1781 fugiat;
2482 1706 2638 1772 sciat,
2677 1701 3020 1776 quiscunque
3064 1700 3158 1755 ille
3187 1700 3376 1767 fuerit,
3408 1698 3539 1772 quia
3568 1707 3625 1754 et
3652 1715 3848 1755 secun-

523 1799 627 1855 bus
656 1798 771 1855 suis
790 1798 1055 1868 obligent,
1079 1804 1142 1852 ut
1162 1796 1208 1851 si
1238 1809 1520 1865 resurgere
1541 1792 1738 1859 velint,
1757 1806 1870 1846 non
1892 1788 2122 1861 possint.

523 1890 837 1959 Antequam
873 1901 1105 1942 censura
1149 1883 1536 1950 ecclesiastica,
1582 1897 1645 1937 ac
1681 1881 1877 1952 legales
1912 1885 2127 1934 senten-

524 1976 615 2031 tiae
645 1975 966 2045 bujusmodi
999 1972 1327 2045 praedatores
1364 1969 1691 2026 terribiliter
1719 1975 1774 2023 et
1802 1965 2128 2023 damnabili—

524 2072 609 2120 ter
654 2062 884 2130 feriant,
931 2059 1175 2132 episcopi
1216 2058 1420 2131 quique
1465 2057 1523 2112 in
1571 2056 1686 2112 suis
1722 2054 2021 2128 parochiis,
2076 2063 2131 2111 et

527 2153 682 2210 missi
728 2154 787 2209 in
830 2152 1059 2208 illorum
1107 2149 1423 2216 missaticis,
1470 2148 1811 2219 comitesque
1847 2146 1906 2201 in
1935 2161 2129 2203 eorum

523 2243 877 2302 comitatibus
905 2240 1110 2315 pariter
1138 2240 1338 2313 placita
1379 2247 1621 2307 teneant,
1656 2253 1766 2310 quo
1797 2252 1990 2292 omnes
2019 2236 2128 2291 rei-

527 2332 759 2406 publicae
810 2329 1056 2386 ministri
1094 2337 1149 2385 et
1189 2329 1332 2384 vassi
1364 2327 1653 2396 dominici,
1683 2341 1979 2397 omnesque
2011 2325 2129 2398 qui-

527 2446 748 2501 cunque
775 2427 862 2482 vel
892 2440 1348 2498 quorumcunque
1377 2422 1631 2478 homines
1660 2420 1720 2476 in
1749 2419 1943 2475 iisdem
1976 2435 2133 2490 paro-

528 2517 673 2575 chiis
692 2524 748 2571 et
766 2513 1144 2580 comitatibus,
1164 2511 1282 2567 sine
1302 2511 1418 2566 ulla
1433 2525 1792 2584 personarum
1814 2507 2133 2580 acceptione

526 2615 582 2662 et
610 2605 963 2662 excusatione
988 2612 1084 2659 aut
1118 2603 1384 2659 dilatione
1413 2603 1767 2659 conveniant.
1800 2603 1871 2657 Et
1888 2601 2130 2674 episcopi

530 2694 687 2749 illius
742 2692 1017 2765 parochias
1085 2691 1328 2748 breviter
1390 2699 1679 2748 annotatas
1723 2691 2023 2748 sententias
2067 2690 2134 2747 de

535 2780 810 2852 ejusmodi
847 2796 1034 2847 causa,
1084 2779 1413 2851 evangelicae
1453 2778 1714 2836 videlicet
1742 2789 1796 2836 et
1824 2778 2136 2852 apostolicae

534 2877 589 2924 et
634 2868 968 2939 prophetica:
996 2869 1366 2935 auctoritatis,
1396 2884 1614 2924 necnon
1654 2877 1708 2923 et
1737 2868 1954 2924 decreta
1992 2881 2137 2939 apo—

535 2959 733 3014 stolica
760 2966 926 3031 atque
951 2956 1217 3014 canonica
1259 2956 1519 3012 omnibus
1557 2958 1819 3029 relegant,
1852 2966 1906 3013 et
1944 2964 2135 3028 aperto

530 3064 786 3104 sermone
833 3046 1049 3103 cunctis
1092 3045 1253 3119 quale
1291 3052 1670 3119 quantumque
1707 3052 1991 3117 peccatum
2040 3044 2132 3111 sit,
2169 3078 2212 3136 Ο

530 3144 585 3192 et
637 3136 853 3209 qualem
895 3142 1267 3207 quantamque
1306 3133 1712 3205 paenitentiam,
1742 3141 1796 3188 et
1825 3149 1987 3206 quam
2033 3134 2134 3188 im-

532 3239 747 3279 manem
795 3221 1313 3294 severissimamque
1343 3221 1652 3278 vindictam
1680 3230 1958 3293 exposcat,
2006 3238 2133 3277 cum

529 3312 655 3368 aliis
681 3311 882 3368 debitis
909 3319 964 3367 et
979 3310 1302 3367 necessariis
1330 3319 1496 3384 atque
1520 3311 1754 3368 utilibus
1792 3310 2134 3384 praedicatio-

531 3401 697 3458 nibus
725 3400 1067 3458 innotescere
1096 3410 1317 3463 curent.

604 3489 755 3545 Missi
786 3505 1004 3562 quoque
1031 3489 1228 3560 legales
1247 3488 1571 3556 sententias,
1602 3488 1746 3546 sicut
1774 3504 1864 3544 eas
1885 3487 2134 3561 cognitas

533 3579 758 3646 habent,
789 3577 1078 3644 adnotent,
1111 3583 1165 3631 et
1198 3579 1661 3647 praedecessorum
1694 3586 2009 3633 nostrorum
2039 3594 2135 3633 re-

532 3684 661 3739 gum
686 3674 848 3738 atque
880 3666 1297 3735 imperatorum,
1333 3674 1628 3739 nostraque
1666 3667 1909 3738 capitula
1938 3666 2005 3722 de
2034 3666 2136 3723 hac

531 3770 695 3811 causa
736 3754 796 3809 in
843 3770 1019 3808 unum
1064 3753 1295 3809 collecta
1350 3754 1611 3810 omnibus
1662 3762 1795 3810 nota
1850 3754 2003 3811 ﬁant.
2064 3757 2135 3810 Et

532 3843 777 3918 episcopi
802 3844 900 3900 Dei
925 3851 980 3898 et
1009 3843 1246 3914 apostoli
1275 3845 1604 3900 auctoritate
1624 3844 1759 3899 tales
1779 3843 2136 3916 depraedatio-

532 3950 630 3989 nes
658 3932 918 3988 omnibus
967 3931 1325 3999 interdicant,
1355 3938 1409 3986 et
1436 3932 1592 3987 missi
1619 3940 1674 3988 et
1702 3931 1931 3988 comites
1961 3933 2135 3988 nostri

533 4021 750 4077 cunctis
785 4038 855 4076 ex
902 4021 1054 4092 regio
1102 4026 1292 4074 nostro
1339 4020 1523 4075 hanno
1569 4020 1861 4093 prohibere
1902 4021 2136 4077 ﬁrmiter

532 4109 810 4176 studeant,
841 4116 895 4164 et
922 4117 1255 4180 cognoscant
1278 4124 1470 4165 omnes
1490 4112 1618 4182 quia
1644 4110 1690 4165 si
1720 4109 1924 4166 abhinc
1946 4111 2135 4166 inante

533 4198 593 4254 in
640 4214 806 4270 regno
854 4205 1042 4254 nostro
1073 4197 1206 4254 talia
1235 4198 1412 4255 facere
1451 4198 1651 4272 aliquis
1704 4199 2133 4271 praesumpserit,

532 4286 833 4344 secundum
896 4286 1118 4343 divinas
1174 4288 1476 4344 sententias
1530 4288 1842 4362 specialiter
1896 4289 2137 4361 excipiet

2239 1799 2372 1856 dum
2415 1792 2737 1852 canonicam
2767 1789 3151 1847 auctoritatem
3179 1787 3248 1843 ab
3281 1787 3532 1843 omnium
3573 1786 3843 1844 Christia-

2240 1902 2439 1944 norum
2483 1890 2649 1948 ccetu,
2694 1887 2750 1935 et
2791 1886 2992 1935 sancta:
3029 1876 3289 1933 Ecclesiae
3334 1876 3643 1943 consortio,
3691 1883 3745 1930 et
3788 1876 3847 1932 iu

2241 1977 2381 2034 caelo
2410 1981 2466 2030 et
2492 1971 2551 2027 in
2574 1979 2722 2027 terra
2749 1969 2964 2026 alienus
2986 1967 3277 2035 efﬁcietur,
3305 1975 3362 2022 et
3388 1966 3560 2037 regali
3585 1973 3847 2038 potestate

2241 2075 2404 2138 atque
2424 2061 2673 2118 omnium
2702 2058 2860 2130 regni
2887 2057 3136 2114 ﬁdelium
3166 2056 3559 2124 unanimitate,
3587 2057 3733 2113 sicut
3750 2057 3846 2113 Dei

2241 2166 2296 2213 et
2345 2150 2608 2210 Ecclesiae
2637 2149 2899 2205 inimicus
2942 2157 2997 2204 et
3028 2148 3181 2219 regni
3211 2147 3532 2204 devastator
3564 2163 3844 2220 perseque-

2244 2246 2356 2306 tur,
2387 2255 2561 2312 usque
2583 2239 2716 2294 dum
2745 2254 2777 2293 a
2802 2253 2970 2309 regno
2990 2235 3411 2293 exterminetur.

2315 2335 2386 2390 Et
2415 2333 2462 2389 si
2491 2333 2692 2407 aliquis
2711 2350 2894 2390 comes
2921 2334 3107 2401 fuerit,
3127 2334 3221 2406 qui
3242 2334 3301 2389 in
3329 2333 3435 2390 hoc
3456 2351 3562 2389 suo
3581 2336 3846 2391 comitatu

2246 2423 2461 2491 fecerit,
2511 2430 2608 2479 aut
2654 2422 2733 2478 ibi
2773 2422 2906 2480 talia
2946 2422 3251 2479 increscere
3280 2423 3619 2495 permiserit,
3655 2432 3711 2478 et
3738 2423 3849 2494 ipse

2248 2513 2346 2568 illa
2374 2529 2486 2568 non
2516 2512 2786 2580 emendet,
2816 2520 2911 2568 aut
2942 2520 3072 2568 nota
3100 2512 3264 2568 nobis
3290 2528 3402 2568 non
3435 2512 3651 2581 fecerit,
3676 2521 3738 2568 ut
3757 2529 3849 2568 no-

2245 2610 2360 2658 stra
2405 2601 2702 2659 auctoritas
2730 2600 2862 2657 talia
2891 2600 3165 2673 corrigat:
3199 2601 3337 2657 sciat
3366 2600 3498 2674 quia
3525 2601 3699 2657 talem
3734 2616 3849 2655 sen~

2248 2690 2478 2747 tentiam
2526 2689 2657 2747 inde
2702 2690 3019 2759 sustinebit,
3070 2690 3215 2747 sicut
3258 2698 3504 2763 tempore
3550 2699 3849 2747 antecesso-

2248 2798 2370 2837 rum
2414 2791 2730 2838 nostrorum
2766 2780 3107 2837 consuetudo
3135 2780 3261 2837 fuit.
3293 2782 3366 2837 Et
3393 2781 3441 2836 si
3469 2781 3646 2853 aliqui
3690 2780 3851 2835 itine-

2249 2876 2431 2926 rantes
2459 2869 2893 2943 depradationes
2908 2877 2962 2925 et
2982 2870 3203 2941 rapinas
3227 2886 3323 2941 per
3344 2886 3577 2942 regnum
3598 2878 3848 2925 nostrum

2248 2958 2501 3027 fecerint,
2534 2967 2586 3015 et
2612 2958 2854 3031 episcopi
2887 2974 2985 3015 seu
3013 2957 3167 3015 missi
3187 2966 3242 3014 et
3269 2959 3502 3014 comites
3531 2958 3641 3015 hoc
3668 2974 3848 3013 emen-

2247 3047 2376 3103 dare
2398 3063 2509 3103 non
2522 3046 2826 3119 potuerint,
2840 3063 3005 3121 quam
3026 3046 3193 3103 citius
3212 3046 3444 3120 possint,
3473 3047 3637 3104 nobis
3657 3054 3846 3102 notum

2248 3135 2425 3191 facere
2465 3144 2682 3204 curent,
2725 3143 2788 3191 ut
2824 3134 3118 3207 jubeamus
3148 3134 3294 3207 ipsos
3319 3134 3728 3206 depraedatores
3756 3152 3849 3206 per

2247 3225 2499 3281 eamdem
2530 3225 2679 3280 viam
2720 3242 2846 3281 cum
2876 3226 3047 3281 misso
3074 3234 3266 3281 nostro
3295 3225 3494 3293 redire,
3525 3233 3583 3281 et
3610 3225 3706 3281 illa
3734 3243 3845 3282 oni-

2244 3314 2357 3381 nia,
2402 3329 2524 3385 quae
2565 3312 2661 3368 alii
2692 3322 2940 3385 egerunt,
2976 3314 3222 3386 legaliter
3256 3312 3571 3385 emendare,
3601 3322 3657 3369 et
3689 3315 3844 3370 talem

2246 3401 2623 3470 armiscaram,
2667 3402 2811 3459 sicut
2839 3418 2870 3457 a
2898 3401 3059 3458 nobis
3094 3400 3312 3474 jussum
3359 3402 3551 3469 fuerit,
3583 3412 3680 3459 aut
3700 3402 3844 3473 judi-

2244 3491 2417 3561 cium,
2446 3491 2593 3548 sicut
2620 3508 2746 3547 cum
2777 3490 3033 3547 ﬁdelibus
3054 3492 3260 3547 nostris
3284 3491 3836 3561 consideraverimus,

2244 3581 2539 3636 sustinere.
2584 3580 2641 3636 Si
2686 3587 2869 3636 autem
2899 3580 3091 3637 dilecti
3125 3581 3311 3636 fratris
3350 3581 3550 3649 nostri,
3593 3598 3655 3638 ac
3682 3597 3845 3653 nepo-

2243 3680 2360 3727 tum
2387 3677 2702 3726 nostrorum
2734 3669 2989 3726 homines
3011 3671 3239 3737 fuerint,
3263 3671 3359 3743 qui
3385 3672 3517 3728 talia
3540 3671 3773 3745 egerint,
3792 3680 3843 3727 et

2244 3760 2352 3816 hoc
2382 3759 2542 3816 nobis
2571 3761 2902 3830 innotescat,
2930 3771 2993 3818 ut
3022 3762 3137 3819 illis
3165 3770 3295 3818 nota
3323 3762 3632 3830 faciamus;
3677 3771 3732 3819 et
3767 3764 3839 3819 illi

2244 3865 2373 3904 suos
2399 3849 2673 3919 homines,
2705 3850 2848 3907 sicut
2878 3850 2991 3906 illis
3019 3849 3217 3907 melius
3245 3851 3426 3907 visum
3448 3851 3621 3908 fuerit
3642 3851 3712 3908 de
3733 3851 3839 3908 tali-

2244 3936 2348 3993 bus
2377 3938 2647 4010 castigare
2679 3947 2999 4011 procurent,
3042 3938 3186 3995 sicut
3212 3949 3269 3995 et
3297 3956 3397 3995 nos
3426 3949 3651 3997 nostros
3680 3940 3839 3996 homi-

2244 4042 2341 4081 nes
2370 4026 2635 4098 castigare
2662 4029 2942 4083 volumus.
2971 4027 3028 4083 Si
3058 4028 3119 4083 in
3138 4028 3363 4085 illorum
3390 4029 3837 4101 regnisindecen-

2244 4115 2341 4183 tia,
2372 4122 2426 4171 et
2453 4116 2641 4187 aliqua
2669 4116 2840 4172 noxia
2867 4116 3041 4189 (quod
3068 4118 3235 4188 absit)
3269 4118 3450 4174 facere
3489 4134 3838 4190 praesumpse

2245 4204 2379 4271 rint,
2413 4214 2433 4239 °
2450 4203 2782 4260 admonendi
2805 4212 2936 4259 sunt
2956 4205 3052 4277 qui
3072 4206 3254 4262 aliena
3273 4222 3460 4278 rapere
3479 4207 3836 4271 contendunt,

2246 4299 2306 4347 ut
2325 4291 2565 4348 sollicite
2578 4290 2829 4361 audiant,
2852 4291 3002 4365 quod
3019 4293 3251 4348 veniens
3269 4293 3326 4348 in
3342 4292 3560 4365 judicio
3577 4293 3839 4349 Dominus

602 4418 624 4443 ι
672 4405 967 4490 βνῃράυιη.
998 4404 1277 4490 Cui‘n‘his
1309 4405 1651 4490 temporibus
1678 4405 1736 4460 in
1762 4405 2125 4490 Gallia__i1ndi-
2162 4431 2210 4490 Ι)
2240 4404 2472 4490 busdam
2512 4404 2630 4490 hac‘
2650 4404 2865 4477 synodo
2897 4405 3437 4490 gestis_Flodoardus
3470 4407 3571 4490 lib:
3602 4424 3837 4490 riu-cap.

531 4492 638 4549 que
667 4476 933 4549 factiones
960 4483 1025 4549 et_
1042 4475 1391 4549 subditorum
1428 4475 1768 4549 ’rebelliones
1805 4476 2125 4546 ebullirent,

532 4547 738 4620 ubique
785 4548 951 4620 furta,
995 4547 1449 4620 depraedationes,
1500 4547 1880 4620 grassationes,
1930 4556 1983 4604 et
2028 4565 2127 4605 cae-

532 4617 663 4706 des,
697 4619 991 4706 omniaque
1018 4617 1274 4706 violentae
1303 4617 1909 4706 ‘turpi‘tud‘inisngenera
1937 4620 2128 4706 incre—

531 4688 863 4755 brescerent,
886 4688 1113 4745 Carolus
1138 4704 1235 4744 rex
1255 4689 1323 4744 ad
1338 4688 1623 4745 evellenda
1652 4688 1749 4744 illa
1778 4690 2128 4747 incommoda

532 4774 678 4813 anno
708 4758 916 4814 Christi
941 4759 1048 4823 856
1078 4760 1136 4813 in
1167 4760 1302 4814 villa
1331 4759 1666 4816 Carisiacum
1683 4761 1968 4816 nominata
1984 4760 2126 4819 hanc

530 4827 805 4902 synodum
831 4830 1201 4902 congregavit,
1234 4845 1303 4884 ex
1334 4845 1441 4902 qua
1465 4830 1534 4885 ad
1563 4832 1864 4902 episcopos,
1900 4832 2118 4901 missos,

530 4897 585 4955 et
615 4897 862 4974 comites
893 4897 1083 4974 Galliie
1119 4897 1482 4974 epistola—illa
1521 4897 1802 4974 synodal‘is
1836 4902 2022 4974 (quam
2054 4897 2125 4958 ex

531 4969 727 5042 codice
765 4970 996 5042 Antonii
1046 4969 1339 5042 Augustini
1380 4969 1592 5042 primus
1620 4971 1678 5025 in
1709 4969 1894 5028 lucem
1942 4973 2126 5030 emisit

531 5041 825 5115 Baronius)
853 5041 957 5115 sub
990 5040 1215 5115 nomine
1241 5040 1423 5115 Caroli
1452 5042 1594 5113 regis
1623 5042 1826 5115 scripta
1852 5051 1907 5115 et
1933 5050 2124 5100 trans-

532 5114 699 5170 missa
723 5113 849 5186 fuit.
883 5113 969 5168 Ex
1000 5112 1187 5186 eadem
1215 5113 1440 5186 synodo
1458 5112 1996 5186 nonnulla'capitula
2025 5117 2125 5171 mi-

529 5193 721 5258 serunt
761 5185 829 5240 ad
877 5183 1347 5258 reconciliandum
1377 5183 1485 5240 sibi
1515 5183 2120 5258 subditumj'populum,

532 5256 963 5312 neimmemores
988 5256 1218 5327 praestiti
1233 5255 1532 5327 juramenti
1563 5255 1848 5312 ﬁdelitatis
1866 5255 2124 5313 defectio-

531 5343 653 5399 nem
687 5326 1124 5399 pararent._Quaa
1154 5326 1387 5383 libenter
1418 5327 1523 5383 hoc
1551 5327 1672 5399 loco
1702 5344 1826 5383 cum
1867 5328 2124 5399 praidicta

531 5397 765 5470 epistOIa
804 5398 859 5470 in
891 5397 1174 5469 publicum
1208 5398 1533 5466 emisissem,
1564 5398 1611 5454 si
1642 5397 1888 5470 praedicti
1915 5400 2122 5455 codicis

531 5465 770 5521 habendi
802 5465 1034 5525 facultas
1063 5471 1277 5525 fuisset.
1309 5472 1439 5537 Quae
1468 5465 1536 5525 ad
1566 5465 1851 5525 vitandam
1891 5471 2119 5542 prolixi-

532 5543 699 5591 tatem
738 5554 960 5593 suorum
996 5542 1296 5596 Annalium
1327 5541 1821 5597 ecclesiasticorum
1862 5541 2119 5597 reveren-

531 5605 792 5662 dissimus
819 5609 1113 5666 cardinalis
1144 5612 1412 5668 Baronius
1440 5612 1648 5668 omisit.
1680 5614 1758 5668 De
1789 5611 1952 5668 rebus
1984 5614 2119 5685 qui-

2239 4477 2327 4545 24,
2353 4477 2562 4568 isLtaLz.‘c
2592 4476 3389 4568 Cumlsvngdojepiscqporqm
3415 4477 3568 4558 apud
3597 4476 3840 4568 Carlisia-

2237 4565 2364 4621 cum
2393 4548 2582 4603 habita
2624 4548 2820 4604 scribit
2868 4548 3134 4621 Hilduino
3173 4548 3358 4606 Caroli
3400 4548 3545 4621 regis
3595 4550 3838 4621 archica-

2235 4619 2475 4745 Eellano,
2526 4629 2580 4675 et
2617 4635 2717 4690 pro
2754 4620 3004 4677 Ecclesia
3033 4620 3337 4692 Lingonica
3369 4619 3535 4693 quam
3570 4620 3838 4677 Vulfadus

2285 4690 2498 4745 cclesiaa
2528 4688 2852 4745 Rhemensis
2880 4693 3139 4745 alumnus
3157 4700 3353 4745 contra
3382 4692 3653 4745 canonica
3682 4708 3837 4745 occu-

2285 4690 2498 4746 cclesiaa
2528 4688 2852 4747 Rhemensis
2880 4688 3353 4748 alumnus'contra
3382 4688 3653 4747 canonica
3682 4708 3837 4747 occu-

2236 4769 2458 4834 paverat
2489 4760 2727 4834 decreta.
2778 4763 2934 4818 Unde
2979 4770 3321 4834 suggesserat
3355 4762 3550 4818 eadem
3592 4761 3838 4834 synodus

2234 4831 2375 4906 regit
2407 4839 2467 4906 ut
2490 4833 2729 4888 alterum
2752 4834 2822 4906 ad
2854 4831 3142 4906 regendam
3166 4834 3449 4906 praefatam
3473 4831 3836 4890 constitueret

2232 4902 2558 4977 Ecclesiam,
2592 4911 2646 4959 et
2666 4920 2764 4977 rex
2787 4902 3026 4977 jussérat
3056 4912 3117 4961 ut
3146 4902 3392 4977 episcOpi
3421 4912 3836 4977 quaererentu-

2233 4974 2362 5055 lem,
2396 4973 2490 5047 qui
2521 4983 2705 5055 pesset
2734 4973 2804 5030 in‘
2821 4976 3119 5048 episcopali
3161 4973 3475 5055 ministerio
3504 4976 3683 5055 eidem

2231 5045 2688 5119 clesizn'praiﬁci:
2720 5045 3027 5119 eorumque
3050 5056 3181 5104 vota
3217 5048 3276 5102 in
3315 5050 3465 5104 Isaac
3502 5047 3679 5119 ipsius
3708 5047 3837 5119 Hil-

2232 5062 2649 5172 OleSlEBJJl'aBIlcl
2675 5065 2688 5102 :
2720 5063 3023 5119 eorumque
3050 5062 3181 5104 νοω
3217 5064 3276 5102 in
3315 5062 3465 5104 isaac
3502 5062 3679 5118 ipsius
3709 5062 3831 5101 nu-

2232 5115 2428 5196 duiniﬂ
2440 5188 2450 5196 _
2460 5117 2760 5196 iscipulum
2781 5126 3177 5189 convenerant,
3190 5119 3566 5196 _observa_ntes
3587 5116 3831 5196 hujusin

2233 5186 2334 5243 hac
2387 5186 2640 5279 Hildui'ni
2679 5186 3029 5279 consensum,
3082 5199 3139 5279 et
3173 5189 3618 5262 deprecationem
3664 5186 3836 5260 ipsius

2233 5274 2332 5331 pro
2371 5276 2435 5315 eo
2467 5261 2613 5332 apud
2642 5276 2841 5333 regem.
2875 5286 2893 5309 ι
2934 5261 3064 5318 Ssv.
3099 5261 3224 5317 BIN.

2239 5331 2325 5409 m"
2357 5331 2534 5409 Locus
2567 5339 2879 5404 corruptus,
2911 5331 3311 5409 sic_l_egendus,
3346 5349 3446 5387 usu
3473 5334 3659 5404 pravis
3683 5346 3833 5385 nien-

2232 5402 2369 5457 tibus
2398 5404 2661 5470 levantur,
2689 5402 2813 5473 etq.
2848 5420 2887 5458 ι.
2928 5402 3180 5459 reddunt.

2303 5486 2324 5509 ε
2350 5474 2414 5528 In
2444 5473 2610 5529 Sirm.
2632 5473 2788 5529 edit.:
2822 5474 3134 5530 COLLEGTIO
3159 5493 3231 5531 nu
3255 5492 3617 5532 RAPTORIBUS.
3644 5475 3834 5542 Grego-

2228 5542 2345 5598 rius
2388 5543 2445 5597 in
2488 5545 2648 5599 Libro
2682 5546 2956 5610 Pastorali
2982 5546 3146 5601 dicit:
3196 5571 3214 5595 ι
3245 5547 3618 5614 Admouendi,
3654 5571 3672 5590 -
3719 5551 3835 5598 etc.
