4070 6178
222 234 331 291 865

1702 233 2089 291 EPISTOL/E.

3457 244 3564 300 866

217 386 368 444 dicat
392 400 405 438 :
437 378 667 438 Esurivi
691 385 740 434 et
765 394 872 434 non
902 378 1121 436 dedistis
1151 378 1285 435 mihi
1319 380 1662 451 manducare,
1690 390 1829 453 etc.;
1860 386 1913 446 Α
1937 382 1996 441 id
2024 391 2107 440 est
2133 382 2560 453 correctionem,
2604 392 2700 443 aut
2744 385 3212 458 emendationem,
3247 398 3301 446 et
3334 389 3562 464 dignam

222 473 427 548 quibus
471 468 613 526 dicit
654 487 667 525 :
715 467 980 523 Discedite
1016 486 1052 524 a
1083 485 1182 537 me,
1230 469 1521 539 maledicti,
1558 470 1618 524 in
1664 470 1834 542 ignem

224 570 501 631 internum,
562 558 659 630 qui
698 564 929 630 paratus
984 566 1060 614 est
1104 559 1315 615 diabolo
1372 567 1418 615 et
1473 562 1674 633 angelis
1723 564 1838 634 ejus

221 652 445 725 (Matth.
479 648 646 720 xxv).
697 647 843 704 Hinc
888 664 1017 719 ergo
1059 648 1435 721 colligendum
1479 658 1584 720 est,
1633 661 1839 724 quanta

222 740 584 799 damnatione
628 738 908 811 plectendi
949 738 1063 794 sint
1108 738 1205 812 qui
1260 740 1439 797 aliena
1494 741 1738 814 rapiunt,
1792 744 1838 800 si

222 840 379 889 tanta
408 828 889 887 animadversione
928 829 1206 886 feriuntur
1250 831 1347 903 qui
1396 849 1495 888 sua
1544 832 1841 892 indiscrete

223 929 545 979 tenuerunt.
602 918 952 990 Perpendant
993 935 1102 992 quo
1147 936 1241 976 eos
1288 920 1493 993 obliget
1552 932 1707 980 reatu
1756 941 1843 981 res

222 1019 403 1086 capta,
435 1010 481 1066 si
515 1008 615 1065 tali
642 1006 870 1079 subjicit
900 1024 1072 1079 poenae
1102 1025 1212 1064 non
1243 1009 1463 1067 tradita.
1496 1012 1848 1084 Perpendant

227 1119 339 1175 quo
366 1100 684 1156 demeretur
707 1095 984 1168 injustitia
1016 1098 1191 1165 illata,
1217 1097 1265 1154 si
1304 1106 1459 1155 tanta
1488 1103 1843 1173 percussione

224 1192 395 1264 digna
422 1200 505 1250 est
531 1191 706 1263 pietas
734 1206 848 1245 non
874 1188 1143 1261 impensa.

297 1281 545 1338 Audiant
575 1287 820 1352 raptores
852 1278 947 1350 qui
971 1278 1462 1351 multiplicantnon
1507 1299 1604 1338 sua
1631 1300 1844 1358 usque—

227 1387 465 1444 quaque,
496 1377 551 1424 et
574 1374 876 1439 aggravant
900 1376 1094 1423 contra
1120 1385 1176 1424 se
1204 1369 1438 1426 densum
1470 1372 1650 1430 lutum
1692 1378 1843 1449 (Ha-

226 1463 341 1517 bac.
367 1461 457 1529 11).
490 1460 735 1515 Densum
761 1458 940 1513 lutum
968 1466 1161 1513 contra
1179 1474 1236 1514 se
1264 1475 1559 1532 aggravare
1595 1474 1678 1521 est
1721 1475 1842 1523 ter-

224 1567 365 1607 rena
392 1550 548 1606 lucra
574 1564 700 1605 cum
730 1547 971 1620 pondere
998 1547 1209 1618 peccati
1248 1551 1554 1609 cumulare.

308 1638 557 1696 Audiant
584 1635 714 1709 quid
741 1634 995 1694 Christus
1023 1634 1171 1691 dicat
1204 1653 1215 1691 :
1249 1637 1389 1704 Quid
1403 1641 1619 1709 prodest
1641 1643 1844 1704 homini

1945 472 2357 545 paenitentiam.

2015 562 2262 619 Audiant
2289 564 2441 636 quod
2486 573 2709 622 sanctus
2746 564 2982 621 Joannes
3027 567 3314 637 apostolus
3358 569 3566 627 electus

1947 660 2002 708 et
2024 650 2263 708 dilectus
2292 652 2522 719 Christi,
2576 652 2671 725 qui
2709 653 2767 708 in
2796 668 2952 710 coena
3001 670 3168 726 supra
3207 662 3399 727 pectus
3443 656 3564 728 ejus

1948 745 2223 815 recubuit,
2249 746 2415 801 talem
2441 746 2723 802 hominem
2750 746 2987 801 salutare
3005 753 3174 814 vetat,
3198 744 3388 803 dicens
3416 765 3429 804 :
3462 748 3568 805 Nec

1949 833 2061 887 Ave
2088 832 2313 901 dixeris,
2344 850 2433 888 nec
2458 834 2514 889 in
2542 834 2755 889 domum
2783 833 3039 905 receperis
3069 834 3159 905 (II
3182 835 3340 890 Joan.
3375 835 3490 905 10).

2025 923 2140 995 (24,
2173 941 2266 997 qu.
2300 925 2354 993 3,
2387 942 2435 981 c.
2469 925 2585 998 2L)
2615 925 2863 983 Audiant
2895 914 3031 998 quid
3055 924 3114 981 in
3142 926 3408 983 Toletano
3436 945 3564 985 con-

1952 1013 2083 1070 cilio
2112 1021 2133 1048 ⁸
2162 1015 2338 1071 sancti
2384 1015 2625 1088 episcopi
2657 1015 2751 1089 qui
2785 1014 2841 1070 in
2870 1014 3011 1074 casio
3062 1022 3117 1071 et
3157 1032 3285 1072 cum
3330 1019 3444 1074 Deo
3485 1034 3564 1073 re-

1954 1117 2143 1182 gnant,
2185 1118 2240 1166 et
2284 1111 2343 1166 in
2389 1110 2551 1166 terris
2588 1110 2876 1166 miraculis
2924 1120 3233 1180 coruscant,
3288 1113 3356 1168 de
3393 1112 3565 1170 totius

1951 1198 2149 1255 mundi
2180 1198 2432 1272 partibus
2459 1197 2775 1271 congregati
2806 1198 3192 1256 decreverunt.
3240 1199 3297 1255 Si
3344 1202 3468 1272 quis
3496 1202 3565 1257 de

1951 1288 2273 1360 potentibus
2315 1288 2580 1345 clericum
2634 1295 2729 1343 aut
2783 1289 3087 1362 quemlibet
3130 1305 3421 1363 pauperem
3470 1297 3567 1345 aut

1951 1379 2271 1452 religiosum
2316 1377 2728 1451 exspoliaverit,
2780 1385 2834 1433 et
2881 1377 3227 1434 mandaverit
3268 1377 3336 1434 ad
3382 1379 3559 1450 ipsum

1951 1469 2262 1540 episcopus,
2291 1475 2354 1523 ut
2382 1483 2511 1523 eum
2540 1466 2763 1533 audiat;
2806 1474 2860 1521 et
2888 1465 2935 1521 si
2977 1466 3391 1538 contempserit,
3425 1466 3567 1523 invi-

1951 1573 2069 1613 cem
2100 1572 2234 1612 mox
2279 1556 2488 1628 scripta
2530 1564 2851 1627 percurram
2896 1571 2991 1627 per
3037 1571 3229 1611 omnes
3267 1553 3567 1628 provincia:

1951 1643 2259 1717 episcopos,
2304 1660 2664 1717 quoscunque
2701 1643 2853 1699 adire
2899 1645 3200 1716 potuerint,
3239 1653 3303 1700 ut
3348 1661 3567 1701 excom-

232 1732 284 1786 εἰ
318 1735 485 1785 totum
511 1726 756 1781 mundum
808 1724 1061 1792 lucretur,
1110 1724 1305 1780 anima:
1349 1743 1471 1782 vero
1522 1746 1631 1783 sum
1670 1730 1846 1787 detri-
1871 1741 1919 1801 Β
1956 1734 2268 1789 municatus
2299 1733 2584 1801 habeatur,
2618 1732 2794 1789 donec
2822 1733 3032 1804 audiat,
3059 1740 3113 1791 et
3142 1733 3333 1791 reddat
3362 1733 3561 1790 aliena.

234 1821 473 1872 mentum
493 1812 736 1884 patiatur
766 1810 983 1883 (Matth.
1016 1812 1139 1881 xv1)
1178 1829 1189 1867 :
1224 1811 1282 1868 id
1310 1820 1412 1883 est,
1462 1815 1596 1886 quid
1624 1818 1848 1889 prodest

230 1903 476 1971 homini,
526 1901 573 1958 si
616 1907 794 1956 totum
826 1898 972 1972 quod
1015 1906 1099 1954 est
1144 1907 1302 1956 extra
1345 1918 1401 1957 se
1450 1915 1761 1978 congregat,
1793 1914 1848 1965 et

231 1995 342 2051 hoc
371 1994 551 2050 solum
584 1989 732 2064 quod
756 1989 870 2062 ipse
901 1995 981 2045 est
1009 1987 1255 2054 damnat.

301 2081 551 2137 Audiant
582 2077 668 2134 illi
700 2077 797 2150 qui
827 2076 1051 2149 rapiunt
1074 2074 1134 2131 in
1165 2076 1271 2133 hoc
1298 2082 1499 2137 saeculo
1534 2100 1546 2137 :
1588 2081 1850 2143 deﬁcient

231 2181 442 2237 autem,
468 2177 522 2226 et
551 2170 612 2225 in
641 2167 844 2225 saeculo
871 2165 1192 2233 dimittent;
1234 2167 1329 2223 sed
1356 2184 1543 2227 secum
1589 2173 1659 2227 ad
1699 2173 1847 2245 judi-

230 2261 385 2317 cium
415 2275 605 2316 causas
637 2257 865 2331 rapinae,
900 2256 956 2312 id
990 2258 1070 2309 est
1105 2257 1517 2316 damnationem
1548 2277 1735 2318 secum
1775 2265 1850 2321 fe-

233 2358 382 2417 rent,
415 2358 475 2404 ut
502 2347 637 2403 alibi
667 2349 934 2420 scriptum
966 2358 1069 2407 est.

304 2438 553 2495 Audiant
583 2437 711 2510 quia
743 2440 1009 2511 propheta
1036 2440 1202 2497 Isaias
1243 2438 1382 2497 dicit
1417 2458 1428 2495 :
1459 2441 1668 2513 Rapina
1705 2459 1854 2513 pau-

227 2531 381 2603 peris
410 2530 467 2584 in
493 2531 647 2585 domo
675 2537 869 2599 vestra,
901 2539 949 2587 et
976 2549 1138 2587 causa
1174 2532 1350 2587 vidum
1397 2549 1502 2586 non
1549 2532 1854 2603 ingreditur

233 2621 308 2675 ad
334 2637 422 2675 eos
449 2620 583 2691 (Isa.
616 2637 655 2690 1,
689 2620 798 2691 111),
827 2627 874 2675 et
901 2621 1136 2693 lach
1164 2621 1339 2677 vidum
1371 2639 1534 2692 usque
1560 2623 1633 2678 ad
1659 2625 1854 2680 maxil-

237 2731 348 2787 lam
378 2710 684 2775 descendit;
725 2716 774 2764 et
799 2710 1060 2766 Dominus
1105 2727 1212 2766 non
1249 2712 1590 2767 delectabitur
1639 2712 1697 2767 in
1745 2714 1859 2770 illis

244 2804 442 2876 (Eccli.
476 2801 680 2872 xxxv).

315 2891 567 2948 Audiant
594 2891 724 2964 quia
752 2892 810 2948 in
839 2893 998 2965 cujus
1034 2893 1200 2950 domo
1243 2894 1437 2966 rapina
1484 2903 1586 2961 est,
1635 2894 1755 2949 sive
1800 2893 1861 2948 in

238 2981 412 3038 domo
436 2981 703 3053 corporis,
734 2981 853 3038 sive
882 2983 940 3039 in
961 2982 1129 3039 domo
1148 2982 1476 3051 mansionis,
1505 2997 1617 3038 non
1648 2981 1862 3039 habitat

236 3073 299 3128 in
332 3070 432 3126 illa
460 3071 626 3127 domo
646 3070 885 3143 Spiritus
912 3080 1153 3141 sanctus,
1177 3071 1272 3128 sed
1304 3070 1533 3143 spiritus
1563 3070 1857 3141 malignus.
1895 3103 1937 3163 Ο

237 3162 313 3216 Et
336 3160 384 3215 si
400 3161 612 3217 accedit
641 3161 710 3217 ad
738 3162 1187 3217 communionem
1212 3160 1461 3233 corporis
1489 3168 1544 3216 et
1572 3160 1859 3232 sanguinis

238 3250 453 3308 Christi
484 3258 609 3306 ante
646 3249 867 3321 dignam
898 3251 1351 3317 satisfactionem,
1399 3268 1510 3307 non
1559 3250 1860 3308 mundatur

240 3355 342 3412 per
364 3339 519 3395 illam
543 3340 993 3397 communionem
1019 3349 1309 3412 apeccato,
1337 3343 1432 3399 sed
1455 3343 1691 3415 plenius,
1716 3342 1860 3397 sicut

239 3428 416 3483 ludas
467 3428 687 3500 quando
743 3428 800 3484 in
855 3446 1013 3487 caena
1044 3431 1241 3502 plenus
1272 3430 1460 3502 rapina
1486 3439 1537 3487 et
1569 3430 1862 3503 iniquitate

241 3516 659 3572 communicare
689 3517 1036 3589 praesumpsit
1067 3517 1135 3573 de
1166 3534 1331 3573 manu
1359 3518 1590 3587 Christi,
1623 3519 1863 3591 posside-

243 3616 401 3662 tura
428 3602 670 3671 diabolo,
722 3605 868 3661 unde
915 3613 968 3661 ct
1016 3621 1314 3677 suspensus
1361 3607 1576 3679 crepuit
1623 3609 1860 3666 medius.

248 3693 337 3749 Ad
363 3708 531 3765 quem
560 3708 722 3749 causa
751 3694 932 3749 viduae
962 3711 1076 3751 non
1114 3693 1446 3767 ingreditur,
1490 3713 1591 3753 nec
1636 3698 1771 3769 ipse,
1816 3699 1862 3753 si

250 3783 421 3854 digne
449 3798 563 3838 non
608 3783 951 3852 satisfecerit,
1003 3784 1063 3839 in
1100 3786 1378 3843 caelestem
1429 3787 1732 3844 Ecclesiam
1782 3787 1865 3842 in-

248 3877 402 3926 trare
439 3871 665 3928 valebit.

327 3960 575 4015 Audiam
628 3970 871 4034 raptores
925 3964 1060 4037 quid
1108 3966 1312 4023 iterum
1358 3966 1627 4039 propheta
1668 3966 1862 4023 dicat:

252 4049 369 4118 Qui
386 4049 673 4120 prtedaris,
705 4070 876 4108 nonne
903 4059 951 4109 et
978 4054 1088 4125 ipse
1106 4055 1437 4125 prcedaberis
1459 4056 1595 4127 (Isa.
1624 4055 1868 4125 xxxm)?

251 4139 537 4198 Videlicet
564 4142 694 4214 quia
722 4143 816 4200 ille
864 4146 959 4217 qui
1009 4142 1286 4217 praedatur
1331 4159 1417 4199 res
1466 4158 1766 4213 pauperum
1815 4150 1869 4197 et

252 4232 616 4289 ecclesiarum
641 4250 704 4290 ac
732 4250 1017 4289 servorum
1047 4232 1169 4302 Dei,
1190 4231 1536 4305 depraedatur
1565 4247 1596 4285 a
1623 4227 1881 4296 diabolo,.

255 4330 310 4378 et
337 4323 530 4395 praeda
556 4323 711 4380 illius
744 4325 827 4380 ﬁt.

322 4410 576 4467 Audiant
602 4413 734 4484 quid
767 4420 988 4471 sanctus
1023 4411 1322 4485 Apostolus
1351 4410 1521 4477 dicat,
1572 4422 1671 4480 per
1710 4421 1870 4479 quem

253 4500 480 4556 locutus
527 4509 611 4556 est
648 4500 922 4569 Christus,
966 4507 1020 4556 et
1062 4499 1158 4573 qui
1201 4505 1391 4571 raptus
1436 4497 1544 4553 fuit
1585 4511 1757 4567 usque
1804 4493 1874 4550 ad

258 4587 487 4645 tertium
514 4590 739 4659 cmlum,
770 4598 825 4646 et
852 4590 948 4663 qui
978 4596 1167 4662 raptus
1198 4588 1306 4643 fuit
1351 4586 1407 4642 in
1449 4584 1785 4658 paradisum,
1823 4588 1878 4639 et

258 4678 479 4734 audivit
507 4678 643 4733 talia
668 4689 875 4736 secreta
902 4678 1090 4747 verba,
1121 4694 1244 4750 quae
1272 4691 1383 4731 non
1415 4674 1617 4731 licebat
1639 4669 1878 4728 homini-

263 4766 363 4822 bus
386 4766 574 4839 loqui;
606 4767 686 4822 ait
723 4784 959 4841 namque
992 4786 1004 4823 :
1064 4768 1204 4835 Quia
1245 4782 1410 4837 neque
1446 4779 1687 4836 rapaces,
1718 4777 1881 4830 neque

263 4856 564 4922 homicidae,
620 4875 782 4928 neque
809 4858 1044 4914 adulteri
1077 4872 1294 4929 regnum
1332 4855 1435 4911 Dei
1458 4853 1799 4926 possidebunt
1830 4851 1887 4921 (Ι

268 4948 397 5003 Cor.
429 4947 538 5018 v1).
572 4948 671 5003 Ille
702 4948 953 5005 intendat
981 4948 1140 5020 quale
1179 4953 1559 5019 quantumque
1599 4950 1883 5015 peccatum

262 5041 348 5089 est
378 5035 597 5106 rapina,
638 5051 801 5108 quam
840 5052 966 5092 cum
1010 5034 1282 5091 adulterio
1330 5041 1385 5089 et
1430 5031 1735 5088 homicidio
1766 5045 1884 5086 san-

260 5128 392 5177 ctus
419 5124 766 5196 comparavit
792 5124 1111 5196 Apostolus.
1149 5124 1287 5179 Item
1314 5120 1462 5176 dicat
1495 5139 1506 5175 :
1541 5120 1599 5175 Si
1627 5118 1745 5189 quis
1775 5116 1887 5187 for-

264 5211 500 5280 nicator,
533 5220 631 5268 aut
662 5214 896 5279 adulter,
929 5220 1026 5269 aut
1072 5230 1272 5284 rapax,
1320 5217 1417 5266 aut
1475 5208 1737 5264 homicida
1788 5214 1881 5277 est,

258 5319 389 5355 cum
421 5302 731 5371 hujusmodi
759 5320 847 5359 nec
873 5305 1045 5360 cibum
1074 5320 1275 5359 sumere
1313 5302 1368 5373 (1
1401 5300 1526 5357 Cor.
1560 5300 1644 5369 v),
1682 5296 1890 5355 Christi

256 5393 575 5465 discipulo,
604 5392 662 5448 id
681 5402 762 5450 est
782 5394 1117 5462 Christiano,
1143 5393 1272 5450 licet
1293 5398 1419 5447 ante
1435 5385 1888 5454 satisfactionem,

344 5600 369 5627 ι
395 5585 571 5644 Conc.
606 5586 781 5642 Tolet.
814 5604 853 5656 1,
885 5589 1120 5660 capAl.

1954 1822 2097 1879 Ecce
2126 1822 2194 1878 de
2225 1838 2529 1895 pauperum
2560 1821 2894 1894 raptoribus.

2029 1910 2144 1981 (i2,
2179 1927 2233 1982 q.
2286 1910 2342 1979 2,
2388 1928 2440 1967 c.
2484 1910 2564 1981 6.)
2597 1909 2844 1966 Audiant
2896 1920 3144 1984 raptores
3186 1920 3241 1967 et
3284 1910 3568 1984 praedones

1959 2014 2142 2053 rerum
2211 1997 2707 2053 ecclesiasticarum
2772 1999 2920 2071 quod
2983 2006 3206 2055 sanctus
3269 1999 3569 2055 Anacletus

1957 2106 2097 2163 papa
2124 2091 2193 2148 ab
2243 2090 2363 2162 ipso
2412 2088 2575 2145 Petro
2630 2091 2883 2160 apostolo
2939 2089 3228 2162 presbyter
3284 2088 3571 2144 ordinatus

1957 2196 2085 2236 cum
2141 2179 2314 2236 totius
2374 2176 2570 2233 mundi
2626 2177 3008 2235 sacerdotibus
3057 2177 3367 2249 judicavit;
3431 2177 3570 2235 dicit

1960 2285 2245 2341 namque:
2297 2266 2401 2335 Qui
2453 2266 2744 2323 abstulerit
2791 2267 3003 2339 aliquid
3061 2268 3201 2339 patri
3260 2269 3349 2323 vel
3406 2266 3571 2323 matri

1959 2357 2258 2415 homicidae
2305 2357 2580 2430 particeps
2626 2364 2728 2413 est.
2786 2357 2946 2413 Pater
2986 2364 3176 2413 noster
3231 2357 3348 2412 sine
3398 2355 3571 2413 dubio

1960 2450 2108 2504 Deus
2136 2454 2238 2514 est,
2271 2447 2367 2519 qui
2400 2463 2500 2503 nos
2529 2447 2740 2504 creavit
2774 2465 2785 2500 :
2840 2453 3012 2500 mater
3052 2462 3185 2501 vero
3228 2454 3410 2501 nostra
3455 2447 3573 2500 Ec-

1961 2536 2151 2603 clesia,
2180 2552 2301 2609 qua:
2332 2552 2432 2591 nos
2463 2535 2520 2591 in
2551 2535 2828 2608 baptismo
2857 2533 3280 2606 regeneraverit.
3312 2535 3456 2605 Ergo
3475 2532 3572 2605 qui

1966 2625 2173 2684 Christi
2212 2624 2473 2698 pecunias
2501 2632 2556 2681 et
2583 2624 2847 2681 Ecclesiae
2882 2624 3045 2695 rapit,
3073 2625 3161 2679 vel
3194 2623 3429 2689 fraudat,
3460 2623 3575 2678 ho-

1968 2713 2173 2771 micida
2201 2721 2303 2782 est,
2336 2720 2505 2785 utque
2540 2711 2823 2768 homicida
2873 2720 3000 2768 ante
3045 2718 3395 2784 conspectum
3436 2710 3577 2783 justi

1966 2802 2179 2860 Iudicis
2206 2801 2694 2875 deputabitur.Qui
2723 2801 2868 2873 rapit
2882 2801 3174 2873 pecuniam
3197 2799 3439 2872 proximi
3465 2799 3573 2867 sui,

1968 2891 2321 2964 iniquitatem
2352 2898 2610 2963 operatur
2639 2909 2651 2946 :
2683 2889 2779 2963 qui
2805 2897 2987 2946 autem
3023 2888 3315 2962 pecuniam
3353 2890 3444 2945 vel
3492 2905 3579 2946 res

1970 2981 2231 3038 Ecclesia
2261 2979 2573 3047 abstulerit,
2606 2977 2954 3051 sacrilegium
2987 2977 3140 3046 facit,
3171 2986 3225 3035 et
3253 2985 3317 3034 ut
3345 2979 3579 3035 sacrile-

1972 3087 2070 3143 gus
2093 3069 2429 3141 judicandus
2457 3077 2558 3125 est.
2594 3069 2707 3140 (l7,
2739 3085 2793 3140 q.
2831 3067 2884 3135 4,
2916 3084 2967 3123 c.
3003 3067 3116 3138 l8.)
3169 3068 3304 3123 Item
3358 3076 3581 3125 sanctus

1969 3159 2222 3215 Urbanus
2249 3174 2387 3229 papa
2412 3167 2467 3214 et
2495 3165 2706 3227 martyr
2737 3173 2749 3211 :
2785 3157 2888 3212 Res
2920 3164 2975 3211 et
3003 3156 3291 3211 facultates
3322 3156 3583 3212 Ecclesia;

1971 3247 2277 3304 oblationes
2319 3245 2689 3317 appellantur,
2730 3243 2861 3315 quia
2896 3242 3138 3299 Domino
3167 3243 3497 3311 offeruntur,
3529 3252 3585 3300 et

1970 3347 2100 3394 vota
2126 3344 2256 3392 sunt
2284 3335 2563 3402 ﬁdelium;
2590 3341 2644 3390 et
2674 3334 2850 3407 pretia
2886 3341 3258 3405 peccatorum,
3301 3341 3357 3390 et
3399 3333 3582 3407 patri-

1976 3426 2161 3481 monia
2190 3440 2517 3497 pauperum.
2565 3422 2623 3479 Si
2680 3422 2806 3496 quis
2857 3423 2957 3478 illa
3010 3422 3273 3494 rapuerit,
3324 3439 3449 3478 reus
3504 3431 3587 3479 est

1973 3512 2346 3571 damnationis
2373 3510 2603 3567 Ananiae
2632 3518 2687 3567 et
2715 3510 3016 3582 Sapphiraa,
3045 3518 3099 3566 et
3134 3518 3352 3582 oportet
3379 3510 3587 3582 hujus-

1974 3604 2126 3659 modi
2153 3601 2298 3657 tradi
2327 3601 2560 3669 Satanas,
2593 3610 2655 3657 ut
2682 3601 2912 3672 spiritus
2941 3600 3128 3656 salvus
3155 3600 3229 3656 sit
3261 3600 3320 3655 in
3349 3599 3440 3655 die
3466 3601 3588 3655 Do-

1976 3691 2136 3747 mini.
2183 3692 2298 3763 (17,
2333 3706 2387 3763 q.
2422 3688 2476 3757 4,
2509 3706 2557 3745 c.
2600 3689 2683 3761 5.)
2718 3690 2852 3744 Item
2897 3695 3119 3745 sanctus
3164 3688 3369 3744 Lucius
3412 3703 3585 3760 papa:

1975 3783 2176 3839 Rerum
2228 3779 2729 3837 ecclesiasticarum
2779 3785 2833 3834 et
2880 3778 3205 3834 facultatum
3255 3783 3523 3847 raptores,
3560 3793 3594 3832 a

1976 3872 2270 3929 liminibus
2311 3879 2512 3928 sanctae
2541 3868 2802 3926 Ecclesiae
2841 3866 3331 3923 anathematizatos
3364 3873 3594 3938 aposto-

1977 3959 2085 4016 lica
2109 3958 2436 4016 auctoritate
2467 3957 2729 4030 pellimus
2756 3963 2811 4011 et
2840 3955 3191 4023 damnamus,
3220 3961 3383 4026 atque
3412 3951 3594 4009 sacri-

1979 4049 2129 4120 legos
2153 4064 2269 4103 esse
2292 4046 2642 4118 judicamus;
2694 4053 2749 4101 et
2796 4061 2908 4100 non
2946 4045 3126 4099 solum
3157 4059 3270 4111 eos,
3301 4042 3392 4098 sed
3426 4042 3592 4097 etiam

1979 4152 2174 4192 omnes
2211 4134 2643 4201 consentientes,
2682 4133 2811 4205 quia
2857 4149 2971 4189 non
3008 4135 3187 4189 solum
3239 4131 3333 4205 qui
3386 4131 3596 4188 faciunt

1980 4224 2059 4280 rei
2084 4222 2429 4294 judicantur,
2451 4220 2545 4276 sed
2568 4220 2731 4276 etiam
2755 4221 2851 4292 qui
2881 4221 3217 4276 facientibus
3235 4222 3596 4276 consentiunt

1984 4312 2162 4384 (Rom.
2200 4310 2243 4381 1)
2280 4328 2291 4365 :
2328 4325 2426 4381 par
2453 4307 2603 4364 enim
2626 4323 2785 4378 poena
2824 4316 3046 4378 agentes
3089 4314 3143 4361 et
3188 4307 3597 4364 consentientes

1986 4398 2433 4472 comprehendit.

2057 4492 2130 4547 Et
2158 4497 2380 4546 sanctus
2403 4486 2748 4560 Augustinus
2776 4485 2836 4542 in
2864 4500 3115 4541 sermone
3154 4483 3445 4555 Evangelii
3474 4500 3596 4540 san-

1986 4588 2061 4644 cti
2092 4586 2318 4643 Joannis
2349 4587 2529 4657 (tract.
2556 4584 2650 4656 50)
2684 4584 2762 4638 ita
2789 4582 2957 4639 dicit:
2983 4583 3095 4637 Fur
3115 4579 3421 4652 sacrilegus
3449 4580 3598 4637 locu-

1989 4677 2168 4731 lorum
2204 4690 2484 4731 sacrorum
2525 4682 2579 4729 et
2614 4671 3026 4728 dominicorum
3056 4677 3137 4727 est
3173 4668 3343 4725 ludas
3375 4687 3386 4725 :
3420 4676 3474 4724 et
3503 4667 3598 4741 qui

1990 4764 2201 4838 aliquid
2227 4763 2294 4820 de
2328 4762 2576 4820 Ecclesia
2619 4762 2835 4817 furatur
2876 4767 2931 4817 et
2976 4758 3138 4833 rapit,
3188 4758 3342 4815 Iuda:
3385 4757 3602 4831 perdito

1991 4866 2360 4930 comparatur.
2392 4859 2529 4914 Item
2560 4855 2618 4911 in
2649 4853 2819 4912 sacris
2844 4853 3150 4912 canonibus
3189 4870 3222 4910 a
3249 4861 3440 4911 sancto
3468 4851 3602 4922 Spi—

1992 4947 2107 5004 ritu
2133 4947 2376 5016 dictatis,
2418 4954 2473 5003 et
2508 4944 2717 5003 Christi
2747 4944 3013 5017 sanguine
3048 4942 3391 5002 conﬁrmatis
3418 4939 3604 5010 scrip-

1994 5044 2113 5092 tum
2143 5044 2226 5092 est
2258 5037 2489 5107 (Gangr.
2524 5036 2627 5106 v11)
2655 5051 2667 5089 :
2700 5033 2757 5089 Si
2786 5034 2909 5107 quis
2940 5032 3305 5104 obligatioues
3341 5026 3603 5083 Ecclesiae

1998 5138 2154 5186 extra
2204 5129 2506 5186 Ecclesiam
2547 5127 2794 5199 accipere
2838 5134 2893 5182 et
2935 5125 3063 5180 dare
3120 5122 3356 5178 voluerit
3409 5128 3605 5193 praeter

1999 5215 2394 5275 conscientiam
2424 5216 2688 5289 episcopi,
2724 5222 2779 5268 et
2807 5212 2926 5283 ejus
2953 5211 3044 5267 cui
3071 5208 3391 5280 hujusmodi
3423 5207 3604 5265 ofﬁcia

2000 5305 2294 5361 commissa
2322 5313 2471 5370 sunt,
2505 5318 2608 5359 nec
2645 5317 2772 5357 cum
2815 5299 2933 5371 ejus
2977 5296 3220 5353 voluerit
3259 5313 3417 5369 agere
3461 5311 3606 5353 con-
3678 5324 3681 5327 ι

2002 5396 2150 5465 silio,
2164 5393 2474 5451 amathema
2492 5393 2583 5448 sit.
2607 5392 2912 5464 Episcopus
2932 5396 3114 5446 autem
3135 5387 3397 5445 omnibus
3423 5387 3606 5445 dicere
