4070 6184
498 259 603 325 867

1549 256 1809 312 CAROLI
1849 229 2063 312 CALVI
2104 253 2535 310 FBA‘NCORUM
2576 252 2779 307 REGIS

3717 237 3828 297 868

500 420 663 477 debet
690 414 823 491 quid
867 411 1157 470 anathema
1204 409 1308 479 sit;
1346 416 1400 466 et
1445 425 1514 465 ne
1563 405 1871 480 desperent,
1913 412 2110 462 osten—
2140 416 2181 475 Α
2216 403 2534 473 mandastis,
2568 403 2614 459 si
2645 402 2803 458 illum
2834 398 2904 456 ad
2935 415 3035 455 nos
3067 394 3284 453 trahere
3304 398 3365 449 ut
3385 391 3546 491 vobis
3576 388 3832 491 obediret

501 512 629 568 dere
656 510 817 566 debet
846 504 1092 579 quandiu
1122 502 1282 558 duret
1319 500 1631 567 anathema,
1665 499 1720 553 id
1752 506 1832 553 est
1864 497 2113 571 quandiu

503 598 733 671 quisque
761 609 999 651 errorem
1038 608 1148 646 non
1180 588 1427 662 corrigit,
1459 597 1512 644 et
1540 588 1706 659 digna
1738 586 2110 644 satisfactione

502 701 613 741 non
643 683 917 749 emendat,
959 689 1021 737 ut
1045 677 1553 736 reconciliationem
1602 684 1656 731 et
1706 675 2108 745 indulgentiam

503 776 680 831 valeat
709 770 1029 845 promereri.
1073 768 1129 825 Si
1172 766 1296 841 quis
1334 783 1464 822 vero
1501 773 1629 821 ante
1676 762 2108 821 satisfactionem

502 872 556 921 et
586 859 1056 920 reconciliationis
1086 857 1488 928 indulgentiam
1519 855 1574 910 in
1598 854 1835 926 peccatis
1858 852 1972 909 suis
1993 868 2109 924 per-

503 969 759 1010 severans
792 958 1041 1007 mortuus
1072 948 1259 1015 fuerit,
1296 947 1410 1018 jam
1445 944 1739 1001 anathema
1785 953 2107 1016 perpetuum

504 1044 588 1099 illi
637 1043 743 1099 erit
771 1051 825 1098 et
852 1049 1135 1113 peccatum
1166 1038 1233 1094 ad
1268 1043 1520 1103 mortem,
1565 1050 1665 1107 pro
1694 1051 1802 1107 quo
1830 1050 1940 1088 non
1972 1032 2109 1089 dicit

503 1136 783 1205 apostolus
812 1140 873 1187 ut
900 1137 1088 1187 oretur
1114 1131 1171 1199 (Ι
1199 1130 1356 1184 Joan.
1385 1128 1469 1195 v).
1502 1126 1605 1183 Sed
1632 1133 1686 1180 et
1715 1125 1891 1197 plura,
1925 1126 1970 1181 si
2002 1141 2110 1180 ne—

503 1239 650 1280 cesse
676 1221 865 1288 fuerit,
921 1219 1207 1292 episcopus
1246 1217 1478 1289 quisque
1523 1214 1782 1287 colligere
1828 1222 1882 1269 et
1927 1213 2108 1271 dicere

503 1309 841 1382 procurabit.

1082 1401 1422 1458 EPISTOLA
1454 1401 1529 1456 ΙΙΙ

845 1508 1045 1550 CABOLI
1082 1509 1153 1547 AD
1192 1506 1472 1547 NICOLAUM
1512 1504 1691 1545 PAPAM
1730 1504 1768 1543 ῐ.

510 1587 678 1643 Paulo
706 1589 826 1639 ante
860 1582 1115 1653 synodum
1168 1580 1583 1655 Suessionensem
1623 1577 1842 1655 scripta,
1891 1579 1949 1628 ut
1974 1575 2109 1655 σβε-

572 1658 787 1713 clesiam
836 1650 1214 1711 Bituricenssm
1262 1651 1484 1722 vulfado
1533 1650 1741 1704 interim
1798 1650 2112 1702 committere

576 1730 744 1785 meat.
800 1814 981 1888 [Apud
1006 1813 1306 1879 Labbeum,
1333 1811 1487 1877 ibid.,
1513 1826 1637 1881 pag.
1667 1809 1817 1882 811.]

573 1915 931 1972 Sauctissimo
960 1921 1014 1968 et
1043 1908 1503 1967 reverendissimo
1542 1910 1690 1965 Patri
1727 1908 1977 1975 Nicolao,
2010 1923 2111 1963 ca—

503 2008 724 2064 tholicae
753 2015 916 2077 atque
945 2003 1259 2076 apostolicae
1299 2001 1444 2056 sedis
1490 2016 1709 2055 summo
1750 2000 2024 2071 pontiﬁci,
2056 2005 2110 2052 et

502 2093 803 2151 universali
834 2109 1006 2164 papae,
1035 2092 1290 2149 Canows
1311 2088 1485 2160 gratia
1512 2087 1610 2144 Dei
1639 2103 1737 2142 rex
1761 2095 1815 2143 et
1843 2088 2111 2159 spiritalis

500 2184 651 2239 filius
680 2191 879 2238 vester.

574 2272 928 2330 Sanctitatem
960 2269 1306 2343 paternitatis
1334 2276 1531 2324 vestrae
1560 2266 1607 2323 si
1637 2267 1885 2339 quotidie
1915 2285 2107 2340 corpo-

502 2364 605 2419 rali
635 2362 943 2436 presentius,
976 2359 1150 2431 veluti
1181 2358 1384 2414 mentis
1413 2365 1657 2430 aspectu,
1690 2357 1879 2413 videre
1925 2373 2109 2413 mere-

502 2469 707 2521 remur,
745 2449 1041 2521 multiplici
1075 2448 1187 2502 imo
1228 2445 1498 2501 ineffabili
1528 2445 1726 2517 gaudio
1774 2447 2106 2513 laetaremur,

502 2551 555 2599 et
584 2558 746 2615 quem
776 2538 1083 2594 visceribus
1113 2535 1286 2590 animi
1318 2535 1729 2606 amplectimur,
1770 2534 1969 2589 humili
2003 2533 2109 2589 de-

502 2639 741 2700 votoque
767 2628 1161 2703 stringeremus
1186 2625 1465 2694 amplexu.
1499 2623 1605 2679 Sed
1625 2622 1757 2694 quia
1772 2631 1833 2677 ut
1852 2621 2107 2693 cupimus

502 2718 678 2789 spatia
706 2725 975 2771 terrarum
1009 2712 1067 2768 id
1099 2713 1276 2769 facere
1305 2713 1596 2785 denegant,
1630 2719 1787 2768 nacta
1821 2712 2108 2767 occasione

502 2807 570 2861 ad
627 2804 1024 2861 sublimitatem
1083 2803 1391 2858 sanctitatis
1437 2810 1633 2857 vestrae
1686 2816 1826 2871 saepe
1872 2799 2108 2871 dirigere

503 2902 778 2967 optamus,
810 2899 872 2947 ut
902 2892 1092 2946 saltem
1123 2890 1379 2945 atl‘amine
1402 2889 1713 2945 litterarum
1730 2888 2107 2959 colloquentes

503 2982 796 3042 certiﬁcari
826 2981 894 3037 de
920 2986 1107 3036 sancta
1149 2978 1411 3051 sospitate
1452 2987 1634 3033 vestra
1678 2992 2006 3044 mereamur,
2039 2977 2107 3032 de

503 3092 607 3148 qua
641 3074 799 3129 multi
831 3072 956 3128 aliis
983 3087 1052 3127 ex
1076 3069 1326 3142 partibus
1356 3065 1508 3121 varia
1527 3065 1847 3121 nuntiantes
1876 3080 1975 3119 nos
2001 3071 2106 3117 ter-

500 3131 618 3221 rere
647 3180 756 3221 non
787 3168 1019 3220 cessant.
1054 3158 1175 3215 Non
1210 3156 1359 3212 enim
1391 3153 1609 3211 modico
1642 3155 1952 3209 laetarentur
1982 3167 2105 3223 gau-
2142 3131 2185 3191 (ἶ

500 3253 613 3322 dio,
646 3254 691 3309 si
722 3252 960 3324 aliquem
992 3257 1301 3305 vestrorum
1346 3246 1421 3326 de
1463 3244 1622 3300 vobis
1664 3250 1923 3315 prospera
1966 3257 2104 3297 nun-

497 3343 727 3399 tiantem
754 3342 1070 3413 frequenter
1089 3338 1479 3409 reciperemus.
1504 3336 1575 3389 Et
1596 3334 1726 3406 quia
1746 3332 1906 3388 nobis
1925 3338 2109 3386 tantas

498 3433 701 3505 gratias
730 3432 796 3488 de
826 3430 1136 3503 receptione
1180 3427 1349 3482 unius
1378 3425 1617 3493 refertis,
1668 3439 1830 3497 quem
1879 3438 1991 3476 non
2044 3428 2107 3476 ut

498 3524 798 3590 voluimus,
839 3522 933 3577 sed
974 3528 1036 3576 ut
1072 3527 1208 3574 tunc
1236 3526 1451 3588 tempus
1480 3515 1732 3582 dictavit,
1770 3531 1868 3586 pro
1899 3513 2107 3569 honore

496 3623 550 3669 et
578 3629 763 3669 amore
791 3617 976 3664 vestro
1005 3606 1373 3676 suscepimus,"
1409 3612 1693 3675 appareret
1723 3602 1897 3673 major
1924 3601 2106 3656 devo-

497 3704 596 3770 tio,
625 3702 673 3758 si
716 3715 857 3770 saape
899 3698 1006 3752 hoc
1053 3711 1208 3767 agere
1246 3696 1610 3765 contingeret.
1662 3693 1796 3747 Nam
1848 3691 1916 3758 si,
1959 3691 2106 3762 quod

496 3797 770 3861 optamus,
802 3793 856 3840 et
888 3785 1033 3856 quod
1056 3786 1201 3839 Deus
1219 3785 1570 3854 omnipotens
1599 3798 1698 3839 sua
1726 3780 2105 3836 misericordia

495 3877 779 3944 concedat,
809 3876 1194 3933 celsitudinem
1229 3875 1539 3931 sanctitatis
1568 3881 1764 3928 vestrae
1806 3873 2104 3944 aliquando

494 3969 592 4023 has
632 3968 689 4022 in
730 3973 913 4038 partes
940 3964 1200 4034 recipere,
1230 3965 1318 4017 vel
1356 3962 1476 4017 illic
1518 3961 1707 4016 videre
1746 3976 2101 4030 mereremur,

494 4064 629 4111 tunc
658 4070 786 4108 vere
814 4051 1218 4123 cognosceretis
1256 4067 1421 4124 quam
1456 4049 1642 4106 devoti
1675 4056 1729 4104 et
1758 4049 1946 4105 ﬁdeles
1979 4067 2104 4123 erga

493 4160 592 4200 vos
621 4141 1033 4214 Ecclesiamque
1064 4140 1222 4196 vobis
1268 4157 1299 4196 a
1338 4142 1451 4196 Deo
1498 4140 1847 4196 commissam
1898 4141 2103 4195 existi—

493 4248 635 4289 mus.
687 4231 930 4288 Omnino
958 4230 1105 4287 enim
1138 4230 1283 4287 sicut
1312 4230 1605 4302 specialem
1653 4237 1861 4302 patrem
1909 4229 2103 4285 divina

492 4321 784 4394 dispositio
824 4338 920 4376 vos
962 4320 1265 4376 universali
1312 4320 1573 4376 Ecclesiae
1621 4335 1732 4374 suae
1776 4319 2097 4391 praeposuit,

490 4411 566 4469 ita
596 4411 907 4483 specialiter
936 4410 994 4465 in
1021 4410 1290 4465 charitate
1334 4408 1541 4465 Christi
1569 4416 1813 4464 sanctam
1844 4408 2101 4479 paterni-

2221 510 2331 549 non
2362 495 2689 560 valeremus,
2721 489 2959 547 sollicite
2988 501 3307 544 caveremus
3336 500 3405 539 ne
3453 482 3571 554 ipse
3617 498 3719 537 nos
3758 481 3830 537 ad

2220 598 2275 637 se
2321 581 2538 638 trahere
2580 579 3000 653 quibuscunque
3057 576 3265 630 valeret
3305 570 3668 646 argumentis,
3719 586 3831 639 quo

2220 678 2313 725 aut
2348 687 2416 725 ne
2458 667 2619 725 vobis
2663 667 2910 723 obediret
2951 665 3223 720 fautorem
3271 678 3371 718 nos
3429 660 3681 729 haberet,
3736 668 3830 715 aut

2219 771 2413 821 contra
2441 767 2768 817 memoratos
2796 758 3034 829 dejectos
3067 758 3313 812 animum
3366 764 3618 811 nostrum
3669 772 3835 810 com—

2222 859 2469 909 moveret
2500 870 2512 909 :
2544 858 2765 907 econtra
2795 849 3000 905 obnixe
3044 863 3350 920 precamur,
3406 854 3465 901 ut
3506 845 3665 900 nullo
3696 861 3833 901 sua-

2219 944 2382 999 dente
2409 940 2812 998 consentientes
2844 939 2989 1007 quod
3021 954 3120 993 vos
3143 951 3301 1009 agere
3348 952 3446 1007 pro
3493 951 3684 990 amore
3731 933 3835 990 Dei

2218 1030 2462 1103 cmpistis
2499 1028 2818 1097 dimittatis,
2849 1035 2904 1082 et
2932 1025 3081 1098 quod
3111 1042 3211 1080 nos
3241 1041 3340 1097 pro
3368 1022 3620 1095 jussione
3648 1031 3835 1079 vestra

2220 1121 2470 1187 facimus,
2492 1120 2559 1174 ad
2582 1116 2939 1190 opprobrium
2969 1124 3021 1172 et
3052 1113 3448 1172 contumeliam
3477 1113 3703 1170 evenire
3720 1130 3836 1169 non

2220 1209 2409 1282 possit.
2461 1207 2705 1272 Etenim,
2757 1205 2901 1260 sicut
2941 1203 3209 1275 jussistis,
3260 1200 3591 1256 celebraturi
3643 1217 3836 1256 sumus

2218 1296 2493 1368 synodum
2536 1312 2607 1349 xv
2641 1294 2912 1350 Kalendas
2962 1289 3329 1364 Septembres,
3378 1290 3435 1344 in
3482 1306 3591 1362 qua
3636 1309 3830 1348 omnes

2218 1386 2457 1458 episcopi
2489 1393 2542 1440 et
2572 1384 2761 1439 ﬁdeles
2792 1382 2941 1453 regni
2975 1380 3147 1437 nostri
3180 1379 3353 1451 parati
3380 1386 3511 1433 sunt
3537 1378 3595 1433 in
3630 1391 3837 1436 restau-

2218 1474 2429 1530 ratione
2459 1471 2845 1543 praedictorum
2878 1468 3215 1539 dejectorum
3242 1468 3591 1522 unanimiter
3620 1469 3832 1539 adesse,

2218 1572 2271 1619 et
2304 1561 2449 1633 quod
2480 1560 2782 1615 mandastis
2808 1558 3088 1631 perﬁcere,
3119 1557 3401 1630 vestrique
3427 1557 3597 1612 etiam
3624 1570 3833 1630 partem

2218 1652 2448 1707 salvare.
2482 1651 2552 1704 Et
2582 1665 2649 1704 ne
2679 1648 2955 1703 miremini
2991 1662 3158 1719 quare
3196 1663 3345 1703 nunc
3392 1647 3676 1702 sanctitati
3727 1664 3836 1703 ve—

2217 1748 2342 1795 strae
2373 1740 2525 1806 talia,
2556 1747 2609 1794 et
2638 1753 2734 1809 per
2760 1739 2896 1792 tales
2929 1736 3123 1792 missos
3162 1736 3533 1803 inculcamus,
3580 1736 3715 1791 dum
3748 1738 3835 1792 si-

2223 1829 2377 1885 milia
2398 1829 2573 1896 vobis,
2609 1836 2893 1901 postquam
2930 1825 2999 1881 ad
3029 1843 3128 1881 nos
3168 1824 3418 1893 misistis,
3457 1842 3555 1897 per
3604 1827 3834 1883 Ericum

2220 1917 2501 1973 hominem
2532 1916 2842 1972 cliarissimi
2877 1914 3092 1987 nepotis
3128 1915 3301 1971 nostri
3339 1915 3614 1971 Ludovici
3647 1917 3835 1988 impe-

2220 2008 2415 2063 ratoris
2442 2007 2865 2073 mandavimus;
2900 2022 2969 2061 ne
2999 2022 3097 2078 pro
3126 2005 3313 2077 aliqua
3344 2006 3572 2060 levitate
3618 2005 3828 2062 factum

2219 2106 2271 2153 et
2293 2098 2663 2153 inconstantia
2687 2097 2857 2151 animi
2889 2095 3187 2167 deputetis,
3218 2096 3463 2153 breviter
3491 2096 3653 2153 vobis
3688 2100 3834 2153 inti-

2220 2186 2511 2241 mabimus.
2548 2186 2817 2242 Budolfus
2838 2185 3203 2241 Bituricensis
3230 2187 3491 2242 Ecclesiae
3517 2187 3833 2258 archiepis-

2218 2291 2387 2346 copus
2416 2291 2591 2347 nuper
2619 2274 2912 2330 defunctus
2943 2283 3044 2341 est,
3087 2284 3140 2330 et
3170 2275 3285 2346 ipsa
3315 2275 3565 2331 Ecclesia
3597 2277 3833 2347 sapienti

2217 2371 2270 2420 et
2300 2372 2522 2419 strenuo
2552 2364 2811 2435 virilique
2859 2373 3073 2435 pastore
3119 2363 3347 2434 indiget,
3404 2373 3630 2437 propter
3683 2383 3833 2438 quo-

2218 2452 2468 2507 rumdam
2502 2452 2778 2508 levitatem
2826 2468 3062 2521 morum,
3096 2460 3151 2507 et
3182 2453 3612 2508 inconstantiam
3658 2454 3835 2527 ipsius

2218 2542 2410 2613 gentis.
2446 2541 2602 2596 Unde
2632 2540 2864 2596 consilio
2889 2548 3112 2612 accepto
3141 2557 3332 2596 omnes
3360 2543 3605 2615 episcopi
3655 2553 3709 2598 et
3755 2544 3836 2598 ﬁ-

2218 2630 2365 2685 deles
2392 2630 2541 2702 regni
2574 2630 2771 2697 nostri,
2815 2630 3037 2702 ipsaque
3084 2630 3249 2686 etiam
3294 2630 3572 2699 diuecesis,
3620 2634 3835 2687 unani-

2218 2720 2381 2776 miter
2434 2718 2489 2773 in
2534 2720 2803 2776 electione
2852 2720 3099 2792 praedicti
3131 2720 3357 2776 Vulfadi
3406 2732 3828 2779 consenserunt.

2215 2810 2349 2864 Nam
2382 2809 2426 2864 si
2457 2809 2617 2863 illum
2639 2810 2805 2865 talem
2828 2824 2937 2863 non
2965 2808 3289 2863 haberemus
3321 2809 3379 2864 in
3410 2826 3582 2881 regno
3613 2819 3827 2880 nostro,

2216 2896 2517 2953 trahendus
2544 2905 2685 2953 esset
2724 2913 2793 2953 ex
2819 2896 2949 2964 alio,
2987 2905 3211 2969 propter
3242 2899 3541 2955 maximam
3579 2902 3829 2957 necessi-

2216 2994 2381 3042 tatem
2416 2986 2590 3057 ipsius
2630 2985 2755 3041 loci.
2808 2985 3046 3041 Maxime
3094 2994 3299 3054 tamen,
3354 2987 3485 3059 quia
3533 3004 3833 3045 commcn—

2215 3075 2471 3131 davimus
2505 3076 2684 3146 ipsum
2717 3092 2969 3145 regnum,
3001 3075 3286 3148 ipsamque
3315 3077 3644 3146 Ecclesiam,
3675 3080 3831 3134 dile-

2216 3165 2460 3221 ctissimo
2498 3164 2614 3219 filio
2644 3172 2941 3237 nostroque
2985 3165 3289 3237 aequivoco,
3328 3164 3488 3237 cujus
3532 3167 3830 3224 infantiam

2216 3252 2726 3325 inﬁrmitatemque,
2748 3271 2869 3327 quae
2901 3254 2950 3308 ei
2982 3255 3218 3325 peccatis
3246 3256 3452 3311 nostris
3484 3258 3831 3313 merentibus

2216 3343 2437 3411 accidit,
2457 3343 2886 3411 considerantes,
2918 3359 3031 3398 non
3053 3344 3333 3414 potuimus
3349 3347 3829 3416 recuperationem

2216 3437 2451 3493 similem
2482 3436 2738 3508 reperire.
2764 3434 2869 3491 Sed
2900 3435 3029 3508 quia
3049 3434 3294 3491 nondum
3317 3436 3375 3491 in
3399 3437 3586 3493 futura
3613 3439 3829 3510 synodo

2216 3542 2377 3581 causa
2405 3542 2515 3581 suae
2546 3524 2912 3581 restitutionis
2943 3524 3171 3581 deﬁnita
3197 3532 3331 3592 erat,
3364 3526 3651 3584 noluimus
3677 3536 3829 3585 ante-

2216 3632 2378 3689 quam
2411 3631 2509 3671 vos
2537 3615 2968 3683 consuleremus,
3000 3615 3090 3670 cui
3127 3615 3315 3670 omnia
3345 3623 3535 3671 nostra
3572 3617 3823 3686 consilia,

2214 3719 2468 3770 uxorem,
2500 3704 2819 3776 prolemque
2849 3710 3114 3771 nostram,
3150 3718 3401 3774 regnum,
3453 3705 3823 3779 universaque

2215 3800 2400 3847 nostra
2428 3793 2850 3860 committimus,
2887 3800 2941 3847 et
2970 3807 3067 3863 per
3094 3808 3192 3848 vos
3220 3792 3422 3849 sanctis
3456 3794 3823 3867 principibus-

2213 3899 2318 3955 que
2360 3884 2641 3955 apostolis,
2702 3900 2935 3957 quorum
2994 3891 3241 3939 tutamen
3304 3883 3558 3956 quotidie
3616 3884 3824 3955 implo-

2213 3988 2418 4035 ramus.
2469 3987 2812 4044 quorumque
2865 3970 3137 4026 auxilium
3186 3971 3388 4027 humili
3435 3970 3821 4044 deprecatione

2212 4060 2577 4134 deposcimus,
2638 4062 2756 4117 ullo
2804 4062 2968 4117 modo
3015 4062 3173 4116 illum
3225 4060 3501 4133 praedictae
3559 4062 3818 4118 Ecclesiae

2211 4167 2542 4223 praeponere.
2586 4150 2797 4207 Idcirco
2825 4167 2973 4206 nunc
3000 4157 3115 4206 tam
3144 4151 3254 4206 cito
3287 4149 3352 4206 ad
3381 4159 3629 4206 vestram
3664 4150 3819 4223 remi-

2210 4241 2380 4296 simus
2409 4241 2776 4307 sanctitatem,
2818 4239 2950 4310 quia
2976 4255 3234 4295 veremur
3262 4255 3329 4294 ne
3359 4238 3553 4311 aliquo
3604 4238 3819 4311 ingenio

2208 4328 2483 4385 ordinatio
2498 4330 2650 4384 illius
2670 4328 2737 4382 ab
2758 4328 2943 4401 aliquo
2964 4328 3183 4383 dilatari
3205 4329 3394 4399 possit.
3416 4328 3653 4384 Penitus
3674 4328 3814 4384 enim

2207 4417 2483 4474 dimittere
2512 4434 2612 4473 nec
2641 4416 2815 4485 decet,
2849 4434 2950 4473 nec
2982 4417 3192 4489 justum
3240 4428 3323 4474 est
3352 4435 3364 4473 :
3400 4434 3582 4490 neque
3622 4434 3723 4473 nos
3766 4432 3816 4477 et

490 4508 656 4556 tatem
685 4508 922 4555 “suam
973 4499 1277 4573 diligimus:
1330 4506 1495 4571 atque
1540 4497 1709 4554 sacris
1749 4497 2095 4569 iuSSiOHibUS
2125 4494 2173 4551 D
2206 4508 2445 4581 episcopi
2481 4507 2654 4564 nostri
2691 4507 2809 4563 ﬁeri
2856 4508 3132 4579 patiemur
3166 4514 3377 4562 tantam
3424 4508 3812 4562 auctoritatem

490 4595 688 4650 vestris
743 4594 965 4651 obedire
1022 4595 1415 4651 desideramus.
1470 4593 1629 4660 Quod
1676 4594 1825 4651 enim
1864 4610 1892 4648 a
1939 4593 2097 4648 vobis

490 4684 827 4756 praecipitur,
854 4684 1123 4754 sapientia
1147 4691 1201 4738 et
1230 4685 1431 4755 pietate
1458 4683 1730 4739 munitur.
1754 4683 2097 4755 Quapropter

489 4773 607 4829 haec
634 4773 1044 4857 considerantes
1073 4774 1345 4846 quidquid
1392 4790 1567 4846 nuper
1613 4784 1796 4831 vestra
1836 4774 2097 4830 sanctitas

490 4860 651 4918 nobis
679 4877 836 4932 agere
868 4861 1151 4918 mandavit
1198 4863 1265 4918 de
1312 4879 1475 4919 causa
1504 4864 1685 4919 ﬁdelis
1714 4863 2096 4919 ministerialis

488 4950 662 5007 nostri
697 4949 943 5019 Vulfadi,
978 4951 1364 5023 sociorumque
1397 4951 1535 5022 ejus,
1580 4952 1673 5024 qui
1721 4951 1915 5022 dejecti
1965 4960 2094 5008 sunt

489 5048 711 5115 propter
739 5039 1147 5096 ordinationem
1178 5039 1428 5097 Ebbonis
1458 5041 1733 5114 quondam
1770 5040 2094 5098 Rhemensis

488 5131 905 5203 archiepiscopi,
935 5139 1099 5203 prout
1118 5131 1397 5187 valuimus
1417 5131 1660 5186 exsecuti
1686 5148 1898 5199 sumus,
1929 5138 2092 5203 atque

492 5221 786 5276 Hincmaro
838 5219 1142 5275 venerabili
1200 5219 1615 5291 archiepiscopo
1671 5220 2090 5293 quibuscunque

490 5310 667 5365 modis
699 5310 979 5381 potuimus
1002 5308 1227 5364 suadere
1251 5307 1644 5375 laboravimus,
1669 5316 1730 5363 ut
1756 5310 2091 5365 consentiret

484 5396 757 5467 justitiam
788 5406 1229 5471 praeceptumque
1263 5397 1569 5452 sanctitatis
1594 5407 1788 5455 vestrae
1817 5398 1885 5454 de
1915 5398 2047 5469 ipsis
2072 5419 2083 5455 :

490 5484 637 5555 quod
667 5493 719 5539 et
749 5487 841 5541 ille
870 5486 1128 5542 dulcibus
1158 5485 1434 5558 promittit
1476 5485 1677 5554 verbis,
1723 5486 1855 5558 quid
1904 5494 2087 5542 tamen

489 5577 592 5632 sub
624 5578 782 5632 melle
812 5580 972 5634 lateat
999 5582 1179 5638 adhuc
1227 5582 1562 5653 ignoramus.
1611 5580 1714 5638 Sed
1757 5581 1885 5653 quia
1928 5582 2088 5638 nobis

2206 4597 2485 4653 habentes.
2519 4598 2591 4652 Et
2621 4597 2743 4652 ideo
2785 4613 3059 4669 rogamus,
3090 4603 3151 4652 ut
3181 4596 3512 4652 auctoritate
3543 4595 3814 4651 sanctita—

2206 4686 2276 4742 tis
2302 4695 2515 4754 vestrae,
2559 4702 2627 4741 ne
2674 4685 2770 4741 diu
2820 4693 3011 4743 contra
3058 4685 3441 4742 auctoritatem
3491 4685 3807 4739 canonicam

2204 4775 2429 4831 viduata
2447 4774 2708 4847 praedicta
2738 4775 2981 4832 Ecclesia
3010 4781 3246 4843 maneat,
3276 4774 3448 4846 possit
3479 4772 3721 4828 ordinari
3750 4772 3807 4826 in

2203 4865 2385 4920 oﬂicio
2416 4864 2821 4936 presbyteratus
2848 4880 3031 4920 mense
3062 4863 3390 4935 Septembri,
3428 4871 3494 4919 ut
3537 4878 3667 4917 mox
3711 4863 3809 4915 fu-

2204 4962 2360 5009 turus
2388 4953 2673 5025 episcopus
2715 4961 2838 5027 agat
2891 4970 3011 5026 qua}
3058 4953 3189 5009 huic
3236 4952 3549 5008 ministerio
3596 4968 3809 5009 conve-

2201 5046 2380 5101 niunt.
2415 5045 2568 5101 Alias
2594 5055 2775 5103 autem
2807 5063 2917 5103 non
2944 5046 3156 5102 modica
3184 5044 3599 5118 perturbatione
3628 5049 3803 5115 potest

2201 5134 2442 5207 undique
2471 5141 2624 5190 tanta
2653 5142 2825 5190 mater
2848 5135 3098 5190 Ecclesia
3123 5133 3366 5201 concuti,
3410 5151 3510 5206 pro
3549 5150 3657 5208 qua
3689 5132 3799 5188 sola

2200 5226 2520 5282 necessitate
2577 5227 2866 5282 accelerari
2935 5227 3244 5282 necessario
3310 5224 3675 5295 deposcimus.
3740 5220 3797 5275 Si

2199 5331 2329 5369 vero
2359 5315 2464 5372 hoc
2492 5315 2648 5371 vobis
2677 5314 2952 5387 displicet,
2979 5323 3271 5388 antequam
3302 5314 3463 5370 vobis
3492 5314 3559 5370 de
3578 5312 3689 5383 jam
3717 5309 3793 5366 di-

2196 5412 2283 5459 cta
2312 5404 2524 5477 synodo
2554 5404 2917 5472 renuntietur,
2943 5404 3102 5460 liceat
3124 5404 3262 5458 mihi
3294 5404 3380 5457 vel
3412 5404 3584 5473 ipsam
3616 5400 3792 5455 Eccle-

2196 5494 2330 5549 siam
2363 5501 2583 5565 propter
2607 5493 2949 5565 saepedictam
2994 5492 3369 5548 necessitatem
3404 5491 3488 5545 illi
3538 5487 3792 5545 commit-

2196 5590 2330 5651 tere,
2361 5599 2429 5639 ne
2460 5582 2701 5656 undique
2732 5599 2762 5639 a
2812 5581 2998 5655 pravis
3044 5581 3396 5639 concutiatur
3451 5575 3786 5634 hominibus.
