4070 6178
513 250 613 304 871

1546 234 1805 292 CABOLI
1850 234 2065 292 CALVI
2102 234 2535 292 FBANCORUM
2575 233 2779 291 REGIS

3715 231 3812 291 872

513 409 686 468 papae,
739 393 1023 460 Canows,
1082 387 1254 460 gratia
1280 386 1381 443 Dei
1439 401 1535 441 rex
1564 393 1618 441 et
1673 384 1939 458 spiritalis
1967 384 2117 442 ﬁlius
2142 388 2194 448 Α
2224 385 2385 443 batus
2436 402 2498 443 ac
2527 386 2681 441 velut
2734 384 3007 457 insipiens
3050 384 3118 440 ab
3165 383 3424 439 omnibus
3451 389 3533 439 est
3559 381 3821 453 dejectus.

512 491 714 542 vester.

585 572 851 643 Quamvis
878 570 1132 630 omnium
1161 570 1277 624 Deo
1304 564 1742 621 ministrantium
1764 563 2115 621 sacerdotum

474 670 628 726 ‘sint
685 663 1029 740 exposcenda
1064 660 1340 733 suffragia,
1387 668 1441 716 et
1504 658 1817 715 veneranda
1875 655 2113 728 fastigia,

514 772 820 831 congruum
876 750 1435 822 decentissimumque
1456 792 1469 817 ,
1538 755 1692 819 pater
1753 744 2115 813 sanctissime,

514 846 940 916 antistitumque
964 838 1450 905 excellentissime,
1482 844 1671 892 nostra
1689 833 1959 906 comperit
1982 832 2117 889 lihe-

516 936 705 995 ralitas
754 941 949 990 vestrae
979 947 1090 1003 prae
1141 928 1354 986 caeteris
1402 925 1725 982 reverentiae
1769 924 2119 997 pontiﬁcatus

518 1026 667 1099 regia
693 1023 838 1081 colla
865 1020 1211 1088 submittere,
1243 1018 1551 1090 vestrisque
1580 1015 1961 1072 saluberrimis
1989 1029 2120 1069 mo-

518 1115 659 1172 nitis
686 1128 875 1169 aurem
921 1110 1105 1167 cordis
1132 1108 1200 1164 ad
1257 1105 1748 1178 obtemperandum
1804 1103 2121 1159 humillima

517 1202 810 1260 devotione
838 1198 1091 1256 subdere.
1125 1196 1338 1269 Quippe
1370 1211 1534 1269 quem
1565 1195 1685 1251 luce
1713 1192 1917 1250 clarius
1940 1191 2117 1248 cerni-

518 1309 661 1360 mus,
697 1289 955 1347 Ecclesiae
985 1289 1130 1344 inter
1162 1286 1360 1342 mundi
1389 1285 1766 1340 turbulentam
1797 1282 2117 1353 voraginem

518 1380 875 1437 ﬂuctuantem
928 1375 1321 1433 solidissimam
1382 1373 1680 1431 anchoram
1726 1371 2116 1437 constitutum,

518 1476 899 1550 paxillumque
920 1473 1287 1541 immobilem,
1312 1472 1372 1527 in
1385 1487 1494 1545 quo
1514 1470 1790 1527 sarcinam
1812 1464 2121 1540 dependere

518 1579 835 1627 nostrorum
891 1568 1173 1624 valeamus
1218 1564 1624 1638 peccaminum,
1684 1560 1784 1617 Dei
1813 1558 2124 1632 gratissima

517 1660 811 1718 clementia
834 1658 1113 1715 credimus
1141 1657 1493 1715 attributum.
1542 1655 1717 1711 Tanto
1768 1667 2003 1724 namque
2028 1651 2121 1706 be-

2223 479 2374 536 Tunc
2402 496 2531 536 vero
2561 480 2767 535 domno
2798 478 3115 551 imperatori
3148 478 3328 534 visum
3357 484 3438 532 est
3470 484 3533 532 ut
3567 478 3823 549 praefatus

2222 568 2379 624 Ebbo
2409 587 2504 641 pro
2534 568 2777 625 scientiae
2805 568 3125 640 capacitate,
3178 566 3614 638 meritorumque
3669 583 3825 623 reve-

2223 663 2420 728 rentia,
2453 662 2520 717 ad
2561 660 2677 732 jam
2707 661 2917 717 dictum
2972 665 3387 732 promoveretur
3429 657 3825 730 episcOpatum.

2226 752 2384 819 Quod
2437 767 2563 807 cum
2596 749 2739 822 plebi
2799 758 2960 821 atque
2998 748 3257 804 omnibus
3306 762 3436 802 sane
3487 748 3825 820 sapientibus

2226 848 2364 897 esset
2399 842 2651 908 relatum,
2687 841 2900 910 placere
2924 839 3030 894 sibi
3076 853 3267 893 omnes
3309 838 3651 895 unanimiter
3680 840 3830 895 afﬁr—

2226 945 2478 985 mavere:
2513 944 2575 984 ac
2607 928 2686 985 sic
2711 927 3012 984 secundum
3051 926 3374 983 canonicam
3420 926 3829 984 institutionem

2226 1025 2306 1075 est
2362 1016 2807 1089 archiepiscopus
2862 1015 3169 1072 ordinatus.
3244 1015 3429 1070 Prima
3484 1032 3616 1072 vero
3678 1017 3828 1085 vice,

2226 1110 2444 1185 quando
2472 1110 2767 1180 instigante
2796 1108 3018 1163 diabolo
3049 1109 3387 1164 Francorum
3432 1109 3667 1181 populus
3722 1110 3834 1164 im-

2228 1208 2532 1271 peratorem
2575 1198 2680 1253 sibi
2727 1214 2759 1252 a
2786 1199 2898 1253 Deo
2958 1195 3297 1264 ordinatum,
3340 1197 3490 1251 etab
3535 1197 3835 1269 apostolica

2227 1288 2353 1344 sede
2381 1294 2728 1353 coronatum,
2761 1302 2859 1341 suo
2888 1295 3018 1341 sunt
3042 1285 3221 1340 moliti
3251 1286 3559 1357 propellere
3580 1287 3831 1358 imperio,

2230 1380 2343 1451 ipse
2373 1377 2530 1433 Ebbo
2562 1378 2619 1432 in
2649 1377 2825 1449 ipsius
2854 1375 3119 1432 ﬁdelitate
3151 1375 3456 1431 immobilis
3475 1376 3740 1448 perstitit,
3762 1385 3832 1436 et.

2228 1475 2291 1521 ut
2321 1476 2535 1523 rectum
2564 1474 2700 1533 erat,
2730 1481 2900 1538 usque
2918 1464 2985 1521 ad
3017 1465 3485 1536 recuperationem
3516 1480 3837 1536 persevera—

2229 1556 2330 1613 vit.
2364 1555 2614 1612 Secunda
2633 1572 2782 1622 vero,
2812 1571 2938 1610 cum
2961 1553 3185 1609 hortatu
3206 1562 3260 1609 et
3278 1554 3566 1609 molimine
3590 1553 3836 1609 Lotharii

2229 1647 2415 1702 fratris
2443 1646 2619 1701 nostri
2650 1644 2831 1701 omnis
2864 1642 3098 1716 populus
3129 1659 3159 1697 a
3187 1643 3291 1715 piae
3321 1642 3727 1698 recordationis
3763 1660 3837 1713 ge-

519 1749 894 1807 nevolentiam
924 1747 1144 1820 pietatis
1172 1754 1367 1802 vestrae
1398 1752 1587 1800 nostra
1620 1742 1927 1799 ferventius
1964 1739 2117 1795 arde-
2151 1741 2198 1801 B
2232 1736 2413 1792 nitore
2441 1742 2631 1790 nostro
2661 1732 2906 1800 recessit,
2938 1740 2993 1786 et
3023 1747 3169 1800 eum,
3206 1747 3379 1786 uxore
3426 1731 3602 1803 ipsius
3636 1732 3694 1785 in
3726 1732 3839 1786 Ita-

518 1840 625 1897 scit
649 1838 983 1904 humanitas,
1013 1844 1219 1910 quanto
1247 1852 1347 1891 vos
1392 1833 1755 1907 perspicimus
1794 1831 2024 1886 unicum
2052 1826 2123 1883 ad

518 1926 897 1984 defensionem
917 1924 1229 1982 crudelium
1259 1923 1572 1979 belluarum
1593 1919 1896 1976 Ecclesiam
1912 1915 2121 1974 Christi

521 2012 876 2068 infestissime
898 2014 1134 2068 lacerare
1148 2011 1455 2066 volentium
1476 2007 1771 2063 exstitisse.
1796 2006 1969 2077 Igitur
1988 2020 2121 2077 quo-

521 2102 671 2157 niam
696 2101 1004 2157 sanctitatis
1023 2107 1219 2156 vestras
1248 2098 1449 2155 litteris
1480 2095 1751 2169 episcopis
1769 2093 1921 2166 regni
1945 2093 2123 2148 nostri

522 2189 841 2258 mandastis,
898 2198 961 2246 ut
1001 2189 1067 2244 de
1121 2205 1283 2246 causa
1334 2187 1582 2243 Ehbonis
1632 2186 1793 2242 vobis
1822 2185 2124 2241 scriberent

520 2277 794 2351 quidquid
822 2278 1125 2335 secundum
1175 2277 1466 2334 veritatem
1509 2275 1813 2349 comperire
1857 2282 2118 2347 possent:

521 2368 683 2424 nobis
711 2384 843 2424 vero
872 2384 985 2424 non
1020 2367 1245 2435 litteris,
1277 2368 1372 2423 sed
1389 2383 1483 2439 per
1502 2383 1724 2423 servum
1744 2372 1991 2421 vestrum
2016 2365 2124 2418 An-

520 2456 750 2529 sigisum
809 2455 934 2529 [al.,
968 2456 1324 2531 Ansegisnm]
1380 2456 1735 2522 monachum,
1768 2453 1989 2526 quando
2020 2452 2128 2509 hoc

522 2565 669 2604 anno
700 2547 979 2602 inﬁrmato
1008 2546 1242 2618 Egilone
1285 2544 1699 2615 archiepiscopo
1751 2537 1992 2597 secundo
2022 2538 2126 2592 Ro-

525 2654 669 2693 mam
696 2636 766 2691 ad
795 2644 1033 2691 vestram
1082 2634 1465 2707 paternitatem
1498 2633 1683 2700 rediit,
1717 2630 2017 2687 mandastis
2065 2636 2127 2684 ut

523 2725 685 2782 vobis
710 2723 999 2779 veritatem
1054 2724 1134 2778 rei
1164 2723 1548 2791 scriberemus,
1600 2728 1654 2777 et
1699 2721 1905 2791 scripto
1934 2726 2125 2774 nostro

523 2814 886 2886 signaremus.
920 2813 989 2867 Ut
1045 2828 1177 2868 vero
1207 2821 1403 2868 vestrae
1442 2819 1643 2867 sanctae
1699 2809 2017 2882 paternitati
2065 2807 2125 2862 in

523 2898 784 2955 omnibus
813 2913 1120 2970 pareamus,
1151 2914 1272 2970 quae
1300 2898 1369 2953 de
1393 2898 1513 2969 ipso
1538 2897 1784 2953 vidimus
1814 2906 1868 2952 et
1897 2896 2121 2963 scimus,

524 2987 765 3044 ﬁdeliter
786 2987 944 3044 vobis
959 2986 1354 3060 signiﬁcamus.
1377 2986 1512 3041 Nam
1535 2987 1725 3042 nullus
1743 2987 2123 3057 episcoporum

517 3076 634 3149 jam
686 3082 955 3149 superest,
1010 3082 1209 3148 praeter
1260 3074 1599 3144 Rothadum,
1660 3075 1757 3148 qui
1786 3082 1920 3130 tunc
1949 3074 2125 3147 ipsius

522 3181 699 3222 causae
730 3165 1067 3222 interfuerit.
1128 3167 1210 3221 Ac
1240 3181 1307 3222 ne
1337 3165 1471 3239 quid
1526 3167 1806 3238 praeterire
1853 3166 2129 3237 patiamur

524 3257 815 3325 intactum,
847 3256 1027 3328 primo
1049 3255 1117 3312 de
1146 3256 1424 3313 natalibus
1440 3255 1620 3329 ipsius
1638 3256 1957 3312 censuimus
1976 3270 2127 3310 exse-

524 3346 824 3419 quendum.
848 3347 967 3418 Ipse
989 3346 1159 3419 igitur
1176 3346 1335 3403 Ebbo
1355 3345 1491 3418 regii
1512 3346 1633 3404 ﬁsci
1654 3346 1866 3402 familia
1887 3344 2128 3401 oriundo

525 3451 860 3510 progressus,
884 3434 1032 3508 regia
1046 3436 1247 3508 pietate
1273 3435 1351 3508 pii
1370 3452 1435 3493 ac
1454 3435 1680 3509 gloriosi
1699 3436 1788 3492 avi
1832 3433 2007 3501 nostri
2029 3432 2125 3490 Ca-

524 3527 630 3583 roli
650 3532 954 3598 susceptus,
982 3527 1241 3598 palatinis
1265 3527 1501 3598 negotiis
1527 3543 1639 3583 non
1663 3525 2017 3583 mediocriter
2034 3539 2127 3579 an-

524 3613 791 3679 nutritus,
814 3612 1066 3667 libertate
1096 3613 1351 3680 donatus,
1376 3612 1571 3687 ad[ob]
1596 3612 1943 3668 nobilitatem
1966 3613 2126 3668 vehe-

526 3703 727 3757 mentis
756 3702 987 3773 ingenii,
1014 3701 1073 3755 in
1105 3702 1275 3757 sacris
1305 3703 1598 3758 ordinibus
1616 3702 1886 3774 gradatim
1909 3719 2126 3773 promo-

526 3796 636 3857 tus,
656 3788 890 3861 genitori
907 3795 1093 3844 nostro
1116 3789 1398 3847 Ludovico
1414 3790 1666 3862 piissimo
1686 3791 1934 3860 Augusto
1955 3791 2125 3862 Aqui-

526 3879 773 3937 tanicum
824 3895 1056 3951 regnum
1100 3879 1310 3950 regenti
1341 3880 1409 3934 ab
1448 3880 1639 3934 eodem
1681 3880 1920 3951 glorioso
1949 3890 2031 3936 est
2059 3881 2128 3937 ad

525 3968 877 4028 serviendum
900 3969 1209 4040 deputatus.
1235 3967 1406 4034 Quem
1429 3967 1545 4040 ipse
1564 3970 1795 4026 servitio
1814 3978 2126 4042 strenuum,

527 4060 857 4133 ingenioque
867 4060 1066 4132 agilem
1087 4060 1450 4132 comperiens,
1473 4076 1584 4116 non
1603 4072 1726 4133 post
1738 4064 1975 4120 multum
1990 4074 2129 4121 tem-

525 4149 675 4222 poris
704 4147 1190 4205 bibliothecarium
1233 4149 1544 4206 constituit.
1578 4150 1706 4207 Post
1735 4152 1948 4209 obitum
1996 4172 2127 4210 vero

527 4238 672 4294 divae
705 4237 1104 4294 recordationis
1132 4238 1221 4293 avi
1251 4238 1427 4295 nostri
1460 4237 1643 4296 Caroli
1672 4243 2125 4299 excellentissimi

526 4325 891 4398 imperatoris,
926 4326 1141 4398 genitor
1167 4335 1353 4383 noster
1379 4326 1692 4385 Ludovicus
1716 4330 1997 4402 piissimus
2017 4333 2125 4387 Au-

2232 1824 2384 1890 liam,
2405 1822 2710 1878 Tardonem
2725 1821 2938 1877 scilicet
2958 1821 3263 1887 civitatem,
3279 1819 3537 1887 abducta,
3590 1819 3842 1876 custodia

2233 1912 2632 1983 mancipavere,
2694 1926 2795 1965 nos
2826 1926 3062 1982 quoque,
3122 1925 3232 1964 non
3287 1907 3470 1964 adhuc
3514 1908 3836 1976 deceunem,

2232 2001 2386 2073 quasi
2417 2001 2720 2055 multorum
2752 2000 3053 2056 criminum
3082 1998 3410 2067 obnoxium,
3442 1998 3559 2070 pari
3590 2000 3841 2055 custodia

2232 2092 2453 2147 Prumia
2484 2091 2817 2147 monasterio
2864 2090 3291 2163 mancipandum
3320 2089 3663 2161 delegavere.
3718 2091 3867 2145 Ab—‘

2233 2186 2399 2243 ducto
2432 2196 2614 2243 autem
2646 2189 2975 2261 imperatore
3004 2203 3036 2241 a
3067 2186 3329 2257 Lothario
3359 2186 3671 2243 Suessionis
3716 2205 3838 2243 mo—

2234 2278 2536 2332 nasterium
2591 2278 2646 2333 S.
2698 2276 2964 2345 Medardi,
3026 2275 3141 2347 ipse
3168 2275 3345 2344 Ebbo,
3388 2293 3513 2332 cum
3549 2276 3677 2332 aliis
3708 2293 3838 2348 pene

2233 2367 2493 2422 omnibus
2504 2367 2792 2439 episcOpis,
2818 2366 3145 2439 quibusdam
3162 2365 3498 2432 volentibus,
3515 2365 3839 2437 quibusdam

2236 2457 2449 2525 invitis,
2468 2457 2581 2529 jam
2604 2458 2816 2514 dictum
2840 2458 3225 2529 imperatorem
3248 2472 3353 2512 nec
3373 2457 3713 2524 confessum,
3757 2471 3842 2509 nec

2235 2550 2301 2605 ab
2332 2549 2517 2620 aliquo
2546 2548 2885 2615 convictum,
2914 2563 3087 2603 uxore
3116 2554 3169 2601 et
3190 2545 3327 2614 ﬁlio,
3360 2555 3413 2602 et
3431 2546 3698 2602 omnibus
3719 2546 3842 2601 fide-

2239 2640 2401 2706 libus,
2436 2638 2705 2709 dignitate
2738 2638 3035 2709 privatum,
3071 2636 3138 2691 ab
3167 2636 3428 2692 Ecclesia:
3448 2636 3842 2692 communione

2235 2734 2602 2783 removerant.
2633 2724 2874 2780 Tandem
2905 2740 3037 2779 vero
3066 2723 3361 2779 clementia
3392 2722 3718 2777 miserantis
3758 2721 3842 2777 Dei

2235 2816 2609 2871 humilitatem
2642 2814 2718 2887 pii
2753 2814 3097 2887 imperatoris
3127 2812 3444 2883 respiciens,
3480 2811 3673 2881 tetigit
3690 2809 3845 2866 corda

2234 2921 2468 2978 quorum
2501 2904 2700 2969 voluit,
2754 2911 2808 2957 et
2861 2911 2921 2957 ut
2956 2919 3080 2957 eum
3137 2900 3385 2957 custodia
3438 2899 3770 2967 educerent,
3798 2905 3843 2953 et

2236 2996 2468 3068 imperio
2524 2995 2897 3061 restituerent,
2940 3010 3037 3049 sua
3091 2992 3383 3065 inspiravit
3442 2990 3841 3047 misericordia.

2236 3085 2409 3150 Quem
2442 3083 2499 3137 in
2533 3083 2868 3138 monasterio
2899 3082 3343 3137 beatissimorum
3376 3088 3699 3150 martyrum
3731 3079 3842 3134 Dio-

2238 3175 2408 3247 nysii,
2464 3174 2698 3240 Rustici,
2732 3182 2785 3230 et
2814 3173 3124 3229 Eleutherii
3156 3190 3187 3227 a
3242 3170 3492 3228 custodia
3523 3170 3847 3228 reducentes

2237 3267 2635 3339 archiepiscopi
2657 3275 2710 3321 et
2732 3267 2994 3339 episcopi,
3030 3275 3090 3322 ut
3118 3266 3347 3336 dignum
3378 3272 3512 3331 erat,
3548 3279 3607 3318 se
3636 3264 3699 3319 in
3732 3278 3844 3319 eum

2238 3361 2527 3416 humiliter
2556 3360 2854 3432 deliquisse
2884 3359 3229 3425 conﬁtentes,
3253 3357 3472 3413 veniam
3502 3356 3574 3411 ab
3613 3371 3685 3411 eo
3717 3372 3848 3427 sup-

2238 3450 2456 3523 pliciter
2486 3452 2923 3523 postulaverunt.
2958 3447 3282 3504 Lotharium
3313 3462 3443 3501 vero
3472 3444 3541 3500 ab
3574 3444 3846 3516 imperiali

2239 3548 2508 3613 potestate
2565 3539 2815 3597 secedere
2846 3539 3052 3594 hortati
3112 3545 3261 3593 sunt.
3294 3535 3450 3592 Unde
3497 3535 3615 3607 ipse
3675 3542 3731 3590 et
3759 3532 3847 3605 qui

2236 3646 2359 3684 cum
2419 3646 2483 3684 eo
2513 3637 2688 3695 erant,
2742 3628 2940 3684 abillo
2973 3627 3028 3681 in
3060 3626 3196 3681 alias
3251 3631 3431 3697 partes
3478 3629 3844 3679 recesserunt.

2239 3719 2335 3773 His
2357 3718 2511 3773 Ebbo
2536 3718 2854 3789 compertis,
2890 3716 3023 3773 dum
3049 3715 3275 3773 Rhemis
3303 3721 3629 3779 moraretur,
3672 3710 3851 3767 terri-

2238 3814 2326 3861 tus
2356 3808 2684 3863 Parisiacam
2734 3807 2875 3877 fugit
2918 3805 2987 3861 ad
3016 3805 3210 3861 urbem
3238 3804 3306 3860 ad
3337 3801 3633 3875 quemdam
3664 3801 3850 3857 reclu-

2237 3912 2379 3963 sum,
2404 3904 2465 3951 ut
2495 3898 2688 3952 saltem
2719 3913 2845 3953 cum
2876 3912 2940 3951 eo
2962 3894 3307 3961 delitescens,
3330 3892 3694 3964 imperatoris
3717 3891 3847 3945 iram

2237 3985 2521 4041 evaderet:
2556 3986 2856 4060 imperator
2885 4001 3120 4057 namque
3149 3983 3255 4039 hoc
3292 3980 3547 4048 audiens,
3581 3980 3719 4052 quia
3746 3994 3849 4034 non

2238 4076 2397 4147 longe
2427 4083 2564 4143 erat,
2586 4084 2840 4131 strenuos
2859 4082 2913 4130 et
2942 4073 3131 4129 ﬁdeles
3158 4071 3388 4127 nuntios
3410 4069 3687 4140 dirigens,
3730 4084 3849 4124 eum

2235 4162 2626 4236 comprehendi
2648 4172 2702 4219 et
2721 4162 2972 4219 custodia
3003 4160 3302 4232 mancipari
3328 4157 3518 4229 jussit,
3560 4157 3848 4214 ecclesiam

2235 4268 2366 4308 vero
2391 4252 2749 4309 Rhemensem
2775 4251 3005 4306 Fulconi
3031 4248 3331 4307 venerabili
3361 4246 3547 4302 abbati
3573 4259 3849 4303 commen-

2234 4341 2407 4398 davit.
2436 4340 2568 4397 Inde
2589 4340 2774 4399 Mettis
2797 4324 3085 4397 civitatem
3114 4346 3197 4394 est
3216 4338 3436 4404 ductus,
3459 4335 3560 4391 ubi
3585 4336 3645 4390 in
3683 4335 3851 4391 eccle~

525 4423 734 4488 ειιειιιε,
766 4417 880 4472 Βθο
907 4415 1165 4484 donante,
1198 4424 1487 4488 Paternum
1534 4417 1763 4491 adeptus
1788 4420 2122 4493 imperium.
2158 4449 2207 4508 D
2237 4430 2317 4485 sia
2346 4432 2518 4486 sancti
2550 4429 2810 4503 Stephani
2842 4429 3133 4484 amhonem
3181 4443 3365 4483 coram
3408 4423 3681 4482 omnibus
3711 4438 3853 4479 con-

524 4508 862 4567 Rhemorum
886 4508 1040 4564 venit
1059 4508 1127 4565 ad
1156 4508 1384 4566 urbem:
1410 4509 1503 4565 ubi
1544 4512 1911 4583 praedecessor
1943 4522 2126 4570 vester

526 4605 724 4653 sanctae
744 4596 1024 4653 memoria:
1044 4596 1351 4669 Stephanus
1381 4615 1629 4655 summus
1659 4601 1911 4671 pontifex
1938 4602 1988 4656 ei
2019 4602 2127 4656 ob-

525 4685 671 4741 viam
702 4687 875 4753 venit,
906 4693 1067 4758 atque
1092 4686 1151 4741 in
1192 4687 1409 4759 imperii
1439 4687 1705 4744 honorem
1735 4706 1862 4745 eum
1889 4691 2005 4746 Deo
2029 4692 2129 4747 in-

526 4774 767 4846 spirante
785 4775 1149 4830 consecravit.
1171 4776 1253 4831 Eo
1286 4783 1531 4848 tempore
1571 4778 1859 4835 Vulfarius
1889 4781 2127 4851 praefatae

526 4862 679 4919 urbis
725 4863 1057 4919 venerabilis
1085 4862 1529 4937 archiepiscopus
1583 4866 1767 4921 valida
1823 4868 2129 4925 vexabatur

526 4952 869 5022 inﬁrmitate,
893 4968 1000 5025 qua
1022 4960 1075 5009 et
1097 4960 1348 5009 mortuus
1385 4961 1486 5010 est.
1521 4954 1603 5009 Eo
1632 4962 1813 5010 autem
1841 4956 2125 5027 defuncto,

525 5048 579 5097 et
610 5041 678 5097 ab
708 5040 1055 5115 imperatore,
1091 5041 1393 5097 secundum
1422 5058 1702 5102 sacrorum
1726 5059 1998 5101 canonum
2029 5046 2130 5101 in-

526 5131 893 5200 stitutionem,
925 5131 1070 5204 plebi
1128 5131 1397 5188 electione
1427 5148 1705 5202 concessa,
1766 5135 1999 5207 contigit
2035 5152 2128 5192 eos

525 5222 817 5294 quemdam
838 5222 1043 5291 virum,
1068 5221 1433 5279 Gislemarum
1462 5224 1706 5293 nomine,
1729 5223 1795 5279 ad
1827 5225 2129 5297 pontiﬁca-

526 5318 616 5366 tus
662 5310 929 5369 honorem
980 5311 1224 5383 elegisse.
1257 5311 1361 5380 Qui
1406 5311 1538 5368 dum
1567 5320 1694 5369 ante
1724 5314 2006 5389 episcopos
2030 5315 2128 5372 di—

527 5400 845 5459 scutiendus
863 5401 1173 5472 assedisset,
1204 5402 1423 5461 oblatus
1453 5410 1535 5459 est
1554 5403 1604 5459 ei
1633 5410 1821 5460 textus
1840 5405 2129 5476 evangeli-

526 5504 642 5543 cus.
701 5490 839 5548 Cum
894 5500 1076 5548 autem
1136 5492 1315 5566 ipsum
1359 5493 1705 5567 aliquatenus
1749 5494 1945 5566 legere,
1982 5494 2127 5551 nihil

527 5582 712 5630 tamen
733 5576 1039 5651 intelligere
1067 5596 1259 5637 omnes
1289 5581 1493 5653 pariter
1521 5581 1927 5651 cognovissent,
1947 5599 2128 5656 repro-

2234 4518 2520 4584 scendens,
2580 4520 2855 4592 professus
2882 4526 2964 4574 est
2993 4534 3103 4573 non
3152 4532 3368 4589 aequum
3425 4514 3485 4569 in
3543 4513 3854 4584 gloriosum

2236 4608 2622 4681 imperatorem
2651 4608 2940 4664 dominum
2973 4623 3131 4662 suum
3164 4605 3418 4661 intulisse
3442 4602 3751 4673 judicium.
3776 4600 3853 4655 Ibi

2236 4697 2401 4752 etiam
2431 4696 2578 4753 idem
2606 4697 2889 4770 piissimus
2919 4696 3218 4769 imperator
3249 4695 3317 4748 ab
3346 4691 3610 4747 omnibus
3639 4691 3858 4763 episco.

2235 4786 2341 4859 pis,
2373 4787 2520 4844 clero
2552 4794 2607 4841 et
2635 4787 2858 4859 p0pulo,
2891 4794 2973 4842 est
3001 4783 3405 4841 honorabiliter
3440 4789 3770 4847 comnatus,
3803 4785 3856 4833 et

2236 4873 2472 4945 pristino
2503 4874 2790 4929 restitutus
2820 4872 3073 4946 imperio.
3110 4870 3250 4927 Hinc
3288 4871 3489 4926 iterum
3520 4869 3740 4941 placito
3770 4882 3859 4937 ge-

2235 4963 2409 5019 nerali
2437 4972 2762 5031 convocato,
2796 4963 3082 5035 praefatum
3105 4960 3388 5015 Ebbonem
3416 4958 3521 5015 sibi
3541 4957 3717 5029 jussit
3750 4972 3860 5012 ex-

2236 5051 2413 5108 hiberi
2445 5061 2499 5109 et
2527 5069 2652 5109 eum
2689 5069 2786 5125 pro
2813 5052 2969 5107 illata
3005 5049 3334 5121 injuriarum
3366 5047 3743 5113 contumelia,
3798 5062 3861 5100 ac

2236 5142 2523 5197 nonnullis
2552 5141 2822 5214 episcOpis
2852 5137 3232 5213 praesentibus,
3270 5136 3514 5209 episcopi
3570 5134 3860 5208 siquidem

2237 5229 2554 5302 imperatori
2581 5231 2913 5299 satisfacere,
2950 5238 3005 5286 et
3052 5228 3427 5303 pontiﬁcalem
3472 5226 3862 5283 reverentiam

2236 5335 2453 5375 servare
2481 5321 2783 5393 cupientes,
2811 5320 3174 5375 obtinuerunt
3200 5316 3345 5390 apud
3380 5315 3642 5371 eumdem
3677 5316 3865 5387 impev

2235 5415 2472 5464 ratorem
2501 5415 2563 5464 ut
2600 5423 2711 5465 non
2741 5424 2925 5464 coram
2954 5407 3131 5475 laicis,
3164 5405 3258 5462 sed
3287 5404 3346 5460 in
3380 5405 3623 5461 sacrario
3674 5402 3867 5476 ipsius

2237 5496 2485 5554 Ehbonis
2542 5513 2703 5555 causa
2759 5498 3163 5571 disponeretur.
3224 5494 3380 5551 Ebbo
3443 5502 3631 5549 autem
3695 5491 3865 5547 omni

2236 5585 2525 5658 temporali
2554 5586 2800 5658 privatus
2829 5585 3096 5653 subsidio,
3129 5584 3389 5656 omnique
3410 5581 3660 5637 humano
3681 5578 3867 5635 desti-
