4070 6184
229 290 344 349 873

1688 293 2070 353 ΕΡΙΞΤΟΙΑΕ.

3431 301 3535 364 874

225 450 393 498 tutus
422 439 642 508 solatio,
682 440 920 513 tempori
949 441 1261 511 consulens,
1294 442 1557 500 accersito
1590 443 1827 517 quodam
1857 448 1907 506 A
1941 451 2134 518 gasset,
2161 444 2309 518 quod
2337 446 2558 519 quidem
2593 446 3046 514 jmoderatissimo
3088 453 3320 510 consilio
3376 473 3534 529 agere

227 532 477 599 recluso,
519 529 747 584 nomine
776 529 1174 603 Framegaudo,
1213 530 1364 587 misit
1392 547 1489 603 per
1517 548 1642 588 eum
1674 534 1837 605 geni-

225 623 366 679 trici
408 627 614 676 nostrae
645 617 840 674 Judith
873 619 1122 690 gloriosae
1153 619 1490 692 imperatrici
1544 623 1833 686 annulum,

225 727 400 786 quem
450 708 519 764 ab
546 724 611 764 ea
641 707 921 780 quondam
950 717 1251 781 acceperat,
1283 726 1444 783 quem
1472 711 1657 778 etiam,
1690 727 1837 784 quo-

224 803 563 872 tiescunque
621 797 810 872 aliquo
837 797 1161 869 tangebatur
1207 799 1580 868 incommodo,
1620 801 1838 857 mittere

227 889 467 956 solebat,
501 895 556 943 et
583 894 645 942 ut
681 887 767 943 sui
827 888 1178 945 misereretur
1236 889 1493 946 ﬂebiliter
1538 891 1834 962 peroravit.

229 978 510 1034 Eumdem
535 993 666 1033 vero
696 978 966 1034 annulum
994 979 1232 1051 genitrix
1254 988 1438 1036 nostra
1482 979 1540 1035 in
1562 979 1680 1053 ipso
1727 996 1837 1036 no-

234 1078 364 1127 strae
395 1068 706 1124 nativitatis
737 1067 991 1136 articulo,
1025 1071 1154 1142 quia
1202 1070 1645 1143 archiepiscopus
1701 1080 1834 1140 erat,

236 1176 340 1232 pro
387 1176 485 1217 sua
516 1159 784 1231 religione
809 1169 863 1216 et
895 1161 1204 1228 sanctitate,
1238 1169 1300 1217 ut
1328 1161 1503 1218 nostri
1544 1161 1751 1234 jugiter
1779 1163 1837 1217 in

237 1251 356 1308 suis
385 1251 733 1308 orationibus
772 1269 988 1308 memor
1015 1263 1173 1321 esset,
1200 1253 1250 1309 ei
1276 1253 1517 1310 miserat.
1541 1254 1694 1309 Tunc
1723 1254 1839 1325 ipsa

239 1343 446 1399 borum
502 1341 882 1411 reminiscens,
931 1342 1155 1416 ejusque
1177 1343 1553 1417 lacrymabilia
1607 1345 1840 1418 suspiria

239 1448 562 1504 agnoscens,
596 1431 688 1503 pio
720 1447 884 1487 suasu
917 1431 1061 1504 apud
1090 1433 1392 1506 episcopos,
1428 1435 1522 1507 qui
1549 1434 1685 1492 illuc
1712 1450 1838 1491 con-

239 1536 534 1598 venerant,
566 1528 816 1584 obtinere
847 1530 1084 1598 curavit,
1114 1531 1383 1604 quatenus
1412 1540 1466 1588 et
1495 1531 1840 1603 imperatoris

244 1621 496 1677 animum
555 1617 943 1675 satisfaciendo
1002 1618 1258 1689 lenirent,
1314 1628 1368 1676 et
1426 1621 1569 1694 leges
1624 1620 1841 1676 divinas

247 1706 702 1780 transgrediendo
729 1723 843 1763 non
875 1707 1169 1776 violarent,
1223 1725 1292 1764 ne
1346 1709 1486 1765 forte
1536 1709 1840 1766 vindictam

1947 532 2205 589 differens
2224 533 2430 590 efﬁcaci
2463 536 2572 606 egit
2593 537 2905 609 sagacitate,
2929 547 2992 595 ut
3026 547 3080 596 et
3099 541 3179 598 sic
3224 544 3450 600 audacia
3477 546 3535 600 in

1947 620 2266 692 hujusmodi
2287 623 2424 679 viris
2444 625 2750 681 temerariis
2778 627 3037 700 deinceps
3059 631 3536 702 comprimeretur,

1947 728 1999 776 et
2025 722 2285 778 Ecclesiae
2315 729 2487 779 status
2525 739 2638 779 non
2669 724 3108 783 labefactaretur.
3155 727 3282 784 Post
3325 729 3537 784 obitum

1947 827 2077 867 vero
2106 810 2296 868 domni
2327 813 2695 885 imperatoris,
2725 816 2983 886 praefatus
3033 817 3190 873 Ebbo
3216 819 3283 873 ab
3314 819 3411 873 illo
3443 819 3537 891 qui

1947 917 2071 957 eum
2102 902 2446 961 custodiebat
2476 904 2634 962 fratri
2673 913 2863 961 nostro
2914 905 3175 962 Lothario
3204 908 3400 964 ductus
3435 917 3528 964 est.

1946 989 2118 1057 Quem
2149 990 2320 1048 isdem
2380 992 2552 1049 frater
2598 1002 2784 1050 noster
2817 994 3208 1051 venerabiliter
3259 1003 3314 1051 et
3373 996 3540 1052 beni—

1945 1099 2048 1155 gne
2090 1084 2415 1156 suscipiens,
2447 1100 2571 1140 cum
2629 1085 2898 1157 episcopis
2957 1087 3051 1158 qui
3107 1102 3232 1143 cum
3289 1105 3354 1144 eo
3404 1097 3539 1147 tunc

1940 1177 2121 1250 juncti
2150 1187 2326 1244 erant,
2359 1196 2592 1253 quorum
2620 1181 2736 1252 ipse
2781 1181 2936 1238 Ebbo
2966 1198 3096 1239 usus
3143 1185 3397 1255 consilio,
3442 1187 3539 1243 du-

1947 1271 2078 1329 dum
2109 1271 2359 1329 libellum
2390 1289 2500 1329 suae
2529 1273 2911 1342 confessionis,
2942 1284 3004 1330 ut
3031 1275 3349 1348 imperatori
3387 1277 3542 1334 satis-

1947 1361 2170 1428 faceret,
2203 1355 2486 1418 communi
2510 1381 2698 1420 eorum
2714 1366 3003 1421 ‘consensu
3043 1364 3155 1420 suis
3177 1364 3433 1436 gradibus
3460 1375 3541 1423 est

1948 1451 2252 1508 restitutus.
2284 1451 2454 1508 Nobis
2483 1463 2664 1510 autem
2697 1470 2795 1526 pro
2842 1453 3262 1509 imminentibus
3307 1455 3541 1526 negotiis

1949 1543 2007 1600 in
2037 1545 2350 1618 Aquitania
2373 1553 2550 1618 partes
2572 1545 2971 1615 recedentibus,
2995 1547 3061 1603 ab
3109 1547 3370 1603 universo
3403 1548 3542 1605 Rhe-

1951 1635 2154 1689 mensis
2171 1635 2425 1692 Ecclesiae
2445 1636 2591 1693 clero
2612 1643 2666 1692 et
2689 1636 2892 1708 populo
2904 1635 3224 1692 avidissime
3244 1639 3542 1710 expetitus,

1951 1721 2136 1795 sicque
2180 1723 2400 1780 demum
2444 1741 2474 1779 a
2527 1725 2862 1798 coepiscopis
2917 1731 2971 1781 et
3025 1724 3380 1799 suifraganeis
3431 1729 3546 1786 suis

244 1799 562 1857 severitatis
600 1806 920 1856 exercentes
968 1798 1026 1854 in
1058 1815 1182 1855 eum
1204 1800 1373 1874 quiin
1403 1817 1494 1857 eos
1514 1801 1838 1892 deliquerat,
1869 1808 1914 1868 Β
1945 1811 2061 1868 sedi
2112 1813 2359 1884 ρι-ίειίιιω
2414 1822 2496 1870 εει
2542 1815 2848 1870 restitutus,
2899 1814 3001 1871 Cui
3055 1823 3185 1872 ωηο
3209 1798 3422 1875 γοωηθε
3449 1819 3545 1892 qui

243 1907 360 1948 non
390 1889 712 1946 viderentur
739 1889 960 1961 dignam
991 1890 1357 1958 Deojreddere
1377 1890 1840 1960 vicissitudinem,

245 1981 342 2056 qui
374 1997 468 2038 eos
496 1997 528 2037 a
556 1989 710 2037 tanto
738 1981 988 2054 periculo
1029 1980 1462 2038 misericorditer
1493 1982 1841 2040 liberaverat.

245 2074 525 2129 Statuerat
561 2073 709 2128 enim
759 2072 964 2141 animo,
996 2080 1059 2128 ut
1091 2089 1191 2144 pro
1219 2074 1526 2130 reverentia
1555 2073 1690 2131 tanti
1736 2073 1845 2129 mi-

245 2161 467 2219 nisterii
499 2163 817 2218 nullatenus
847 2163 906 2217 in
927 2161 1324 2235 depositionem
1357 2163 1681 2238 cujusquam
1721 2163 1848 2236 epi-

249 2253 404 2325 scopi
435 2253 702 2325 praeberet
728 2269 1030 2309 assensum.
1063 2253 1134 2308 Et
1165 2253 1234 2309 ob
1263 2254 1369 2310 hoc
1404 2255 1547 2326 apud
1570 2254 1722 2326 pium
1752 2254 1849 2308 im-

251 2351 560 2416 peratorem
591 2342 835 2398 obtinuit
867 2358 936 2398 ne
975 2342 1031 2398 in
1063 2341 1180 2414 ejus
1195 2341 1595 2415 depositionem
1613 2344 1850 2415 amplius

250 2431 578 2503 impelleret,
603 2430 749 2504 quod
771 2440 824 2487 et
851 2433 1152 2488 secundum
1168 2431 1666 2488 moderatissimum
1697 2432 1852 2504 ejus—

251 2519 379 2575 dem
425 2521 707 2592 genitricis
741 2528 940 2577 nostrae
973 2520 1222 2592 gloriosae
1253 2520 1620 2592 imperatricis
1662 2522 1854 2578 consi-

253 2611 395 2668 lium
435 2610 809 2668 satisfacerent
839 2609 1090 2682 piissimo
1123 2609 1466 2682 imperatori,
1505 2620 1559 2667 et
1602 2611 1660 2666 in
1689 2628 1854 2667 eum-

255 2701 383 2757 dem
424 2700 710 2756 Ebbonem
755 2716 867 2755 non
907 2699 1072 2754 aliam
1125 2700 1455 2756 sententiam
1517 2700 1852 2769 intulissent,

257 2791 368 2848 nisi
398 2807 560 2864 quam
594 2792 708 2863 ipse
731 2791 940 2863 scripto
961 2789 1225 2846 ediderat.
1251 2791 1402 2846 Hanc
1429 2797 1613 2846 autem
1629 2790 1855 2848 authen-

255 2881 425 2938 ticam
450 2879 804 2952 scriptionem
836 2897 867 2936 a
891 2879 1116 2952 praefato
1137 2879 1378 2935 Fulcone
1424 2879 1726 2936 venerabili
1753 2881 1859 2936 ab-

260 2971 406 3040 bate,
449 2971 541 3028 cui
579 2979 713 3026 tunc
730 2971 977 3027 Ecclesia
997 2969 1322 3028 Rhemensis
1343 2971 1634 3027 commissa
1657 2971 1857 3040 fuerat,

259 3060 603 3117 Hincmarus
650 3058 977 3116 venerabilis
1033 3059 1476 3133 archiepiscopus
1528 3059 1756 3132 accepit,
1806 3067 1860 3116 et

1954 1899 2251 1956 adfuerunt
2266 1901 2838 1970 communicaverunt,
2863 1919 3160 1976 omnesque
3197 1905 3544 1978 sulfraganei,

1958 1989 2052 2062 qui
2085 2005 2149 2045 eo
2175 1989 2396 2045 absente
2420 1990 2661 2046 ordinati
2705 1991 2942 2060 fuerant,
2966 1995 3199 2048 annulos
3219 2002 3272 2050 et
3302 1995 3547 2062 baculos,

1959 2086 2012 2135 et
2039 2094 2154 2134 suae
2175 2077 2616 2150 conﬁrmationis
2645 2078 2870 2151 scripta,
2902 2096 3053 2136 more
3077 2081 3412 2138 Gallicarum
3440 2084 3548 2140 Ec-

1958 2168 2250 2225 clesiarum
2278 2167 2346 2222 ab
2375 2184 2438 2222 eo
2467 2177 2814 2241 acceperunt.
2849 2168 3136 2226 Universis
3178 2180 3382 2240 autem,
3419 2171 3553 2245 qui-

1959 2258 2061 2314 bus
2090 2257 2158 2313 ad
2187 2273 2311 2313 eum
2333 2258 2690 2328 praestabatur
2715 2275 2963 2316 accessus
2991 2261 3551 2329 communicantibus,

1960 2345 2262 2405 Vulfadum
2286 2351 2338 2400 et
2359 2345 2496 2401 alios
2512 2345 2776 2418 quosdam
2808 2345 2982 2419 ipsius
3027 2347 3287 2403 Ecclesiae
3308 2348 3452 2405 ﬁlios
3475 2349 3550 2405 ibi

1963 2433 2263 2490 ordinavit.
2295 2434 2421 2489 Haec
2442 2435 2508 2490 de
2524 2434 2772 2490 Ebbonis
2791 2433 3095 2506 dejectione
3113 2442 3169 2490 et
3203 2436 3552 2491 restitutione

1961 2521 2208 2578 breviter
2224 2522 2659 2594 praelibavimus,
2690 2529 2753 2579 ut
2781 2538 2850 2578 ex
2881 2521 2969 2579 his
3016 2530 3211 2579 vestrae
3244 2524 3554 2595 sagacitatis

1965 2611 2221 2667 decernat
2237 2609 2740 2682 prudentia,utrum
2768 2611 2885 2668 hac
2901 2611 2969 2667 ad
2993 2612 3222 2669 Vulfadi
3245 2613 3555 2684 pertineant

1967 2702 2386 2774 depositionem,
2411 2718 2602 2758 necne.
2626 2702 2682 2758 Si
2701 2701 2824 2775 quis
2840 2710 3021 2758 autem
3047 2710 3242 2759 vestrae
3277 2704 3556 2760 sanctitati

1967 2791 2252 2847 intimavit
2301 2790 2449 2864 quod
2498 2789 2671 2846 isdem
2720 2790 2790 2846 ad
2847 2791 3228 2848 Suessonicam
3283 2791 3558 2864 synodum

1967 2881 2230 2938 canonice
2259 2888 2488 2936 vocatus
2518 2880 2705 2948 fuerit,
2737 2886 2788 2935 et
2805 2897 2918 2936 suae
2960 2880 3334 2937 damnationis
3354 2880 3563 2938 litteras

1969 2969 2293 3036 ﬁrmaverit,
2326 2975 2420 3024 aut
2459 2969 2786 3040 porrexerit,
2819 2969 3006 3025 sciatis
3035 2970 3350 3026 nullatenus
3369 2987 3561 3026 verum

1971 3076 2107 3130 esse,
2139 3059 2268 3133 quia
2287 3075 2388 3114 nec
2406 3058 2512 3130 ipsi
2533 3057 2745 3130 synodo
2766 3058 3036 3114 interfuit.
3058 3060 3125 3114 Hi
3161 3060 3265 3114 sita
3282 3060 3561 3129 gestis,ne-

258 3149 430 3205 vobis
490 3165 632 3217 eam,
666 3156 728 3204 ut
779 3147 891 3221 ipse
939 3148 1100 3205 nobis
1146 3149 1355 3218 retulit,
1387 3149 1710 3206 transmisit.
1756 3149 1861 3206 Sed
1887 3168 1930 3228 ρ
1969 3150 2266 3206 cessarium
2289 3147 2678 3216 duximus,nos
2694 3147 3007 3203 humillime
3028 3148 3562 3205 ctdevotissimeante

261 3247 458 3294 utrum
499 3254 633 3311 pure
657 3254 718 3295 ac
744 3237 1068 3311 simpliciter
1087 3238 1246 3295 vobis
1280 3239 1353 3296 sit
1383 3239 1590 3297 directa
1631 3239 1862 3311 ignora-

258 3343 412 3383 mus.
467 3327 583 3383 Hoc
609 3334 787 3384 tamen
835 3329 1122 3386 verissime
1153 3331 1434 3398 novimus,
1471 3330 1619 3403 quod
1674 3330 1861 3385 nullus

258 3419 651 3491 episcoporum
705 3435 824 3477 eam
866 3421 1086 3492 propria
1130 3437 1299 3476 manu
1351 3421 1859 3477 subterﬁrmaverit.

259 3508 397 3564 Nam
421 3508 569 3564 idem
594 3508 773 3577 Ebbo,
798 3517 1078 3581 comperta
1096 3511 1406 3566 inevitabili
1425 3515 1508 3565 sui
1525 3511 1864 3568 discriminis

261 3612 446 3665 causa,
479 3597 710 3669 protulit
738 3605 850 3653 tres
905 3605 1091 3666 testes,
1117 3605 1380 3670 tanquam
1411 3615 1538 3656 suos
1591 3600 1861 3657 confesso-

263 3702 370 3754 res,
400 3685 652 3742 Aiulfum
686 3685 948 3743 videlicet
986 3686 1478 3761 archiepiscopum,
1512 3688 1860 3758 Moduinum,

265 3784 323 3832 et
341 3775 682 3832 Badaradum
709 3776 1027 3848 episcopos:
1061 3777 1155 3850 qui
1179 3778 1358 3835 vicem
1382 3780 1534 3836 illius
1552 3779 1865 3836 obtinentes

266 3866 534 3935 dicerent,
575 3866 622 3922 si
654 3867 730 3922 ita
762 3883 954 3922 verum
983 3877 1086 3936 est,
1117 3875 1179 3923 ut
1209 3868 1322 3942 ipse
1352 3870 1508 3926 Ebbo
1538 3872 1618 3927 eis
1640 3871 1862 3928 conﬁte-

267 3955 452 4024 batur,
482 3954 778 4011 consilium
810 3955 860 4011 ei
890 3954 1083 4011 darent
1110 3964 1173 4012 ut
1200 3972 1232 4010 a
1261 3957 1566 4028 pontiﬁcali
1605 3957 1868 4014 ministe—

267 4049 354 4104 rio
397 4047 716 4105 abstineret.
749 4047 853 4116 Qui
876 4048 1039 4104 etiam
1070 4047 1175 4104 sibi
1208 4049 1345 4104 alios
1371 4056 1482 4106 tres
1529 4051 1861 4121 asciverunt,

267 4140 366 4213 qui
397 4155 526 4196 eum
559 4140 675 4195 illis
703 4139 1055 4196 conﬁtentem
1099 4139 1380 4209 viderunt,
1429 4141 1739 4199 Nothonem
1765 4144 1865 4200 sci-

271 4230 403 4286 licet
447 4228 946 4302 archiepiscopum,
993 4229 1399 4288 Theudericum
1458 4241 1511 4289 et
1565 4232 1864 4290 Actardum

272 4318 579 4390 episcopos.
616 4317 828 4385 Quibus
856 4319 1111 4392 expletis,
1139 4320 1398 4377 reductus
1426 4328 1506 4377 est
1561 4320 1620 4375 in
1675 4328 1868 4377 custo-

274 4406 450 4463 diam.
483 4406 581 4463 His
610 4415 789 4464 autem
822 4408 890 4464 ab
922 4409 1190 4482 episcopis
1218 4411 1404 4466 taliter
1431 4410 1693 4479 deﬁnitis,
1717 4411 1866 4466 dom-

275 4512 382 4552 nus
430 4495 725 4568 imperator
751 4514 846 4570 per
901 4498 1260 4554 Godefridum
1319 4500 1639 4555 monasterii
1693 4500 1866 4556 sancti
1897 4537 1946 4594 Β

273 4586 529 4658 Gregorii
549 4588 920 4648 venerabilem
944 4588 1194 4645 abbatem
1217 4606 1327 4646 suae
1347 4588 1634 4660 dignitatis
1659 4589 1869 4646 litteras

272 4675 661 4749 pradecessori
675 4685 858 4733 vestro
880 4677 1085 4735 domno
1100 4678 1363 4750 Gregorio
1380 4679 1691 4736 venerando
1719 4694 1868 4751 papae

274 4765 489 4838 dirigit,
521 4765 638 4839 ejus
668 4783 970 4837 assensum,
1003 4769 1049 4825 si
1080 4768 1198 4824 ﬁeri
1217 4778 1418 4841 posset,
1441 4770 1500 4825 in
1531 4769 1870 4843 depositione

272 4855 452 4928 ipsius
488 4856 736 4913 Ebbonis
764 4858 1139 4930 expostulans.
1159 4858 1278 4932 Ipse
1298 4876 1429 4918 vero
1467 4874 1561 4934 per
1583 4862 1870 4932 praefatum

275 4945 530 5002 abbatem
557 4963 667 5004 suae
687 4950 1031 5005 auctoritatis
1063 4950 1272 5006 litteras
1289 4950 1340 5006 ei
1367 4951 1599 5018 remisit,
1624 4950 1717 5008 sed
1738 4950 1872 5024 quid

269 5036 330 5092 in
367 5036 504 5110 ipsis
525 5037 793 5094 insertum
838 5038 1024 5107 fuerit,
1057 5040 1314 5097 omnibus
1345 5040 1614 5113 episcopis
1646 5050 1700 5098 et
1727 5057 1874 5098 cun-

269 5127 383 5184 ctis
413 5129 568 5200 regni
591 5128 765 5186 nostri
794 5128 1086 5187 ordinibus
1108 5130 1341 5186 habetur
1372 5130 1735 5202 incognitum.
1769 5131 1874 5188 Sed

269 5217 590 5275 sanctitatis
626 5226 822 5275 vestrae
854 5218 1074 5275 solertia
1102 5235 1197 5292 per
1227 5220 1432 5277 scrinia
1457 5219 1745 5292 dignitatis
1771 5238 1875 5277 ve-

270 5312 408 5363 strae
466 5306 796 5382 investigare
833 5309 1037 5382 poterit
1089 5309 1224 5382 quid
1286 5309 1458 5366 isdem
1509 5311 1876 5382 praedecessor

268 5406 463 5453 vester
491 5397 725 5454 senserit
764 5397 913 5454 inde.
939 5397 1230 5455 Credimus
1250 5406 1431 5456 tamen
1455 5399 1604 5473 quia,
1627 5400 1673 5456 si
1703 5401 1760 5456 in
1786 5399 1876 5455 ab-

260 5486 575 5560 jectionem
597 5486 844 5560 praedicti
865 5485 1114 5544 Ebbonis
1133 5487 1676 5562 domnusimperator
1696 5489 1873 5562 ipsum

266 5575 735 5652 praedecessorem
766 5584 1016 5635 vestrum
1049 5578 1317 5636 fautorem
1357 5579 1656 5650 habuisset,
1689 5581 1880 5638 conti-

266 5682 395 5725 nuo
442 5669 663 5727 vacanti
690 5668 950 5727 Ecclesiae
980 5669 1064 5725 illi
1103 5669 1274 5727 alium
1311 5671 1628 5744 pontiﬁcem
1673 5670 1878 5728 subro-

604 5767 843 5826 PATROL.
887 5767 1138 5829 CXXIV.

1970 3245 2326 3311 conspectum
2350 3235 2651 3308 majestatis
2672 3228 2865 3292 vestrae
2883 3237 3057 3293 nostri
3079 3238 3326 3310 apicibus
3340 3254 3561 3295 excusa-

1969 3330 2107 3387 biles
2123 3327 2440 3395 reddere,eo
2462 3328 2608 3400 quod
2630 3335 2756 3383 ante
2777 3328 3149 3384 reversionem
3197 3329 3371 3401 Egilis
3397 3345 3562 3385 reve-

1971 3417 2560 3489 rendiarchiepiscopi,
2585 3419 2671 3473 vel
2694 3419 3109 3490 rescriptionem
3138 3421 3305 3476 vestri
3346 3437 3562 3494 praesu-

1973 3505 2611 3581 latus,przefatoVulfado
2627 3508 2806 3564 sedem
2819 3508 3181 3566 Bituricensis
3201 3509 3561 3582 archiepisco-

1971 3606 2129 3672 patus
2149 3595 2681 3664 commendavimus,
2698 3605 2751 3654 et
2770 3613 2896 3654 eum
2917 3597 3158 3670 episcopi
3175 3600 3329 3654 nulla
3346 3601 3560 3656 temeri-

1973 3695 2101 3755 tate,
2127 3686 2219 3743 sed
2241 3685 2805 3758 magnaincumbente
2820 3687 3254 3757 necessitate,ﬁsi
3270 3687 3337 3743 de
3357 3689 3561 3760 magni-

1972 3777 2166 3834 tudine
2188 3775 2578 3833 misericordiae
2597 3787 2814 3846 vestrae,
2846 3776 2915 3833 ad
2936 3777 3201 3834 honorem
3221 3779 3563 3852 episcOpatus

1971 3866 2501 3941 provexeruntldeo
2521 3867 2670 3925 enim
2687 3884 2814 3925 eum
2837 3867 2894 3923 in
2913 3868 3034 3924 illas
3053 3869 3363 3942 Aquitaniae
3384 3879 3564 3942 partes

1973 3957 2040 4014 ad
2063 3957 2239 4013 ﬁlium
2262 3965 2315 4013 et
2335 3956 2680 4030 aequivocum
2700 3964 2949 4015 nostrum
2963 3957 3288 4027 direximus,
3312 3965 3364 4014 et
3381 3959 3564 4016 Eccle-

1974 4046 2111 4102 siam
2160 4046 2311 4101 illam
2371 4046 2421 4101 ei
2467 4047 2998 4116 commendavimus,
3039 4048 3299 4121 quoniam
3333 4065 3457 4105 eum
3506 4049 3564 4105 in

1975 4133 2298 4191 educatione
2327 4132 2556 4188 alterius
2585 4132 2688 4188 ﬁlii
2720 4136 2918 4202 nostri,
2948 4135 3300 4194 Carlomanni
3355 4138 3565 4196 scilicet

1976 4225 2119 4280 servi
2174 4221 2365 4290 vestri,
2417 4238 2578 4294 quem
2634 4229 2825 4278 vestrae
2877 4222 3206 4279 beatitudini
3258 4227 3566 4297 specialiter

1977 4310 2509 4380 commendavimus,
2528 4319 2581 4368 et
2610 4310 2734 4368 aliis
2763 4311 3099 4368 utilitatibus
3130 4315 3331 4368 nostris
3353 4317 3566 4386 experti

1977 4425 2167 4466 sumus
2194 4413 2248 4462 et
2277 4404 2496 4477 ingenio
2526 4412 2830 4473 strenuum,
2854 4412 2908 4461 et
2947 4404 3194 4462 moribus
3231 4406 3487 4478 probum,
3514 4417 3567 4465 et

1978 4497 2137 4556 nobis
2158 4499 2216 4552 in
2238 4494 2496 4552 omnibus
2525 4494 2930 4550 ﬁdelissimum.
2951 4495 3012 4551 In
3039 4512 3145 4567 qua
3172 4495 3567 4554 acceleratione

1977 4590 2022 4647 si
2052 4587 2185 4662 quid
2216 4593 2409 4643 vestra:
2439 4591 2638 4642 sanctae
2669 4584 2980 4642 serenitatis
3028 4585 3213 4643 animo
3259 4585 3563 4659 displicuit,

1979 4696 2009 4736 a
2037 4685 2218 4735 vestra
2247 4683 2434 4734 sancta
2454 4676 2780 4748 paternitate
2803 4675 2961 4733 nobis
2978 4675 3173 4733 donari
3200 4676 3565 4750 deposcimus.

1980 4769 2049 4825 Et
2088 4767 2216 4840 quia
2245 4766 2302 4822 in
2331 4765 2522 4822 eodem
2554 4781 2720 4837 regno
2751 4781 2946 4838 magna
2991 4783 3326 4839 paganorum
3380 4784 3570 4840 perse-

1979 4857 2128 4913 cutio
2159 4855 2525 4928 grassabatur,
2568 4871 2705 4928 quos
2731 4855 3040 4913 misericors
3068 4858 3338 4914 Dominus
3371 4874 3469 4930 per
3505 4857 3570 4912 ﬁ-

1983 4947 2120 5004 lium
2142 4955 2391 5004 nostrum
2414 4955 2467 5003 et
2497 4943 2685 5002 ﬁdeles
2726 4962 2866 5019 saepe
2891 4948 3209 5019 prostravit,
3251 4956 3305 5004 et
3331 4963 3392 5002 ea
3421 4961 3570 5001 occa-

1983 5041 2137 5098 sione
2158 5056 2270 5096 non
2301 5041 2484 5095 minor
2514 5040 2786 5096 malorum
2817 5039 3261 5097 Christianorum
3291 5036 3572 5093 infestatio

1986 5130 2150 5186 latius
2179 5127 2644 5196 effervebat,sicut
2669 5128 2762 5184 hic
2776 5138 3089 5185 nostrorum
3106 5128 3321 5192 apicum
3355 5125 3573 5197 gerulus

1985 5220 2115 5276 viva
2142 5235 2274 5274 voce
2299 5218 2456 5274 vobis
2489 5219 2734 5275 indicare
2756 5227 2968 5290 potest;
3004 5219 3120 5291 ipsa
3141 5224 3368 5290 urgente
3393 5231 3574 5272 neces-

1985 5309 2145 5365 sitate
2166 5307 2340 5380 ipsius
2361 5307 2515 5380 regni
2535 5307 2762 5364 excitati
2783 5307 3046 5378 episcopi,
3068 5322 3136 5362 ne
3188 5304 3395 5378 majora
3432 5305 3576 5360 mala

1985 5405 2471 5472 supercrescerent,
2496 5403 2548 5452 et
2565 5395 3211 5468 praesentiasedarentur,
3233 5403 3287 5451 et
3313 5393 3576 5467 quoniam

1988 5489 2143 5546 illius
2163 5487 2403 5560 regionis
2422 5486 2574 5543 sedes
2595 5485 2692 5540 illa
2725 5483 3098 5556 principatum
3119 5483 3356 5551 obtinet,
3379 5491 3440 5540 ut
3459 5483 3578 5556 ejus

1987 5579 2279 5654 prudentia
2307 5587 2360 5635 et
2379 5577 2586 5650 vigore,
2610 5575 2935 5633 auctoritate
2954 5576 3118 5633 etiam
3140 5576 3284 5634 sedis
3326 5577 3475 5646 freti,
3502 5578 3579 5633 fa-

1987 5672 2152 5729 cilius
2175 5671 2314 5728 mala
2329 5678 2520 5728 exorta
2540 5668 3210 5742 compescerent,tempori
3231 5669 3581 5726 consulentes

3159 5769 3228 5825 28
