4070 6184
541 325 651 382 875

517 475 634 548 ejus
652 467 1057 530 ordinationem
1077 449 1726 521 maturaverint.lncujus
1746 439 2116 502 ordinationis
2150 440 2198 499 A
2227 432 2611 506 imputabitur,
2645 426 2739 500 qui
2769 423 3062 495 disponere
3084 421 3138 472 et
3168 409 3448 548 ordidnare,
3473 403 3698 463 etiamsi
3741 403 3798 458 di

1437 547 1443 548 7
1632 541 1643 548 ”
1774 539 1812 548 ’⁵
1859 545 1867 548 ‘
1935 537 1945 547 '
2074 533 2085 544 ⁶
2231 524 2399 548 "4“"-
2433 535 2599 548 ἰιι-Ἀι-
2634 521 2820 548 ν-ΛοΙΔ-
2871 512 2925 548 in
2973 507 3077 548 alia
3122 502 3275 548 inten
3317 513 3414 548 ens
3472 491 3741 548 nraterit.
3771 507 3798 546 Ῑ]

519 562 886 624 maturatione
913 557 1042 631 quia
1059 561 1240 612 vestra
1257 547 1608 617 licentia,pro
1625 541 1738 614 jam
1760 539 1910 596 dicto
1932 533 2120 591 immi-

522 662 686 711 nente
707 649 1291 724 periculo,exspectata
1310 654 1420 695 non
1436 623 2123 702 est,vestrabenignissima

525 722 815 798 sanctitate
832 722 2124 808 petimusindulgendum.Praetereavestramprze

526 828 787 886 omnibus
832 799 1130 896 gloriosam
1173 828 1228 876 et
1254 799 1696 888 amplexabilem
1742 799 2126 877 paternitatem

529 921 852 994 suppliciter
879 928 1174 972 exoramus
1194 916 1276 977 ut,
1305 906 1352 961 si
1401 901 1537 976 quid
1559 899 1616 954 in
1647 893 1852 954 sanctis
1898 887 2127 963 promis-

531 1009 779 1066 sionibus
819 1004 1018 1061 vestris
1046 999 1322 1058 conﬁdere
1367 991 1652 1054 audemus,
1696 985 1830 1040 hinc
1873 982 2132 1052 appareat

532 1115 632 1155 nos
661 1095 805 1168 apud
836 1110 936 1148 vos
956 1090 1259 1163 plurimum
1291 1098 1468 1156 posse,
1511 1087 1572 1134 ut
1600 1069 1872 1148 quidquid
1904 1068 1960 1122 in
1983 1082 2130 1137 prae-

533 1153 1111 1244 dictis‘dimittendum
1133 1185 1215 1232 est
1243 1153 1561 1234 dimittatis,
1585 1173 1637 1221 et
1661 1158 1980 1235 praedictum
2002 1153 2131 1208 ﬁde-

535 1274 811 1331 lissimum
842 1284 1062 1326 servum
1094 1271 1336 1320 vestrum
1369 1255 1672 1316 V’ulfadum
1703 1247 1873 1323 pallio
1922 1251 2132 1317 aposto-

535 1363 656 1420 licae
684 1356 1030 1416 auctoritatis
1053 1350 1373 1410 exornando
1420 1343 1710 1409 decoretis,
1736 1347 1789 1394 et
1819 1330 2135 1393 decorando

536 1448 894 1510 conﬁrmetis.
926 1444 1228 1501 Actardum
1274 1435 1610 1494 Namneticae
1660 1426 1938 1502 quondam
1994 1419 2138 1477 sedis

537 1542 911 1600 venerabilem
953 1537 1291 1609 episcopum,
1347 1527 1633 1592 exsilium,
1697 1519 1903 1584 vincla,
1966 1527 2135 1579 mare,

539 1635 678 1692 dura
736 1630 1265 1705 periculapassum,
1314 1620 1408 1677 sed
1457 1615 1629 1690 gratia
1678 1611 1778 1668 Dei
1824 1608 2136 1664 liberatum.

539 1719 939 1780 Northmannis
984 1716 1228 1771 nimium
1282 1707 1713 1776 Britonibusque
1761 1699 2031 1761 vicinum,
2081 1709 2143 1748 ac

542 1813 772 1886 perinde
819 1809 1023 1866 civitas
1065 1804 1169 1860 sibi
1205 1798 1518 1864 commissa,
1549 1792 1684 1848 olim
1735 1783 2141 1848 ﬂorentissima,
2178 1799 2225 1859 Β

545 1872 694 1958 nunc
722 1905 917 1953 exusta
947 1901 1000 1950 et
1031 1890 1286 1947 funditus
1315 1886 1519 1951 diruta,
1554 1879 1774 1936 redacta
1804 1890 1899 1948 per
1940 1872 2146 1927 decen-

544 1990 702 2044 nium
733 1984 980 2042 cernitur
1002 1981 1056 2034 in
1088 1991 1356 2041 eremum,
1380 1971 1597 2026 ﬁdelem
1631 1969 1866 2037 legatum
1897 1967 2145 2016 nostrum

544 2084 740 2132 vestrae
771 2067 1137 2127 sanctissimae
1168 2059 1488 2136 paternitati
1519 2054 1836 2126 dirigimus,
1869 2049 2018 2124 quod
2059 2048 2147 2103 lit-

546 2175 677 2222 terae
698 2169 898 2218 nostrae
920 2156 1108 2212 minus
1129 2153 1353 2219 habent,
1377 2165 1476 2221 pro
1522 2155 1769 2216 tempore
1818 2149 1871 2197 et
1909 2155 2006 2211 per
2032 2152 2147 2208 spa-

547 2257 687 2314 tium
711 2249 870 2307 vobis
892 2248 1115 2320 placens
1160 2241 1330 2297 verbo
1375 2246 1537 2293 tenus
1567 2229 2011 2305 signiﬁcandum.
2046 2225 2149 2282 Cui

547 2344 681 2418 quia
700 2340 855 2397 nulla
892 2316 1082 2392 manet
1111 2347 1231 2404 spes
1261 2329 1317 2384 in
1354 2324 1595 2398 propria,
1629 2321 1674 2377 si
1705 2319 1900 2376 annuit
1927 2326 1980 2373 et
2005 2316 2151 2370 favet

552 2427 980 2504 vigilantissima
1005 2431 1201 2480 vestrae
1229 2413 1581 2474 discretionis
1599 2409 1839 2474 solertia,
1860 2405 2151 2462 voluntate

550 2533 604 2583 et
635 2531 816 2579 mente
845 2513 1256 2591 promptissima
1283 2515 1535 2581 optamus
1556 2500 1802 2559 vacantis
1835 2495 1981 2553 sedis
2011 2511 2152 2549 con-

551 2613 814 2669 stituatur
838 2586 896 2661 in
925 2602 1206 2668 cathedra,
1240 2615 1348 2671 quo
1379 2594 1551 2668 possit
1585 2590 1834 2662 injuncta
1864 2586 1965 2641 Sibi
1994 2593 2048 2639 et
2068 2599 2152 2638 or-

554 2701 742 2756 dinata
755 2708 1008 2768 peragere
1032 2687 1364 2751 ministeria,
1379 2698 1597 2757 quoque
1616 2680 1796 2736 valeat
1818 2674 2154 2732 utilitatibus

554 2784 958 2850 ecclesiasticis,
985 2789 1040 2837 et
1059 2777 1335 2851 obsequiis
1357 2789 1544 2848 parere
1569 2769 1791 2827 nostris.
1816 2767 1921 2834 Qui
1968 2767 2153 2820 Romae

555 2874 854 2936 destinavit
901 2872 1112 2941 aliquas
1159 2869 1336 2924 facere
1387 2879 1589 2929 moras,
1620 2868 1682 2916 ut
1730 2854 2156 2914 adventantibus

555 2964 879 3025 Britonibus
911 2959 1081 3033 possit
1109 2973 1290 3014 coram
1322 2953 1532 3027 positus
1553 2965 1645 3005 eos
1665 2947 2019 3011 convincens,
2044 2959 2153 2998 suae

556 3053 1020 3123 ecclesiarumque
1050 3046 1357 3104 vicinarum
1391 3041 1458 3097 ab
1487 3039 1566 3095 eis
1589 3042 1896 3110 perpetrata
1917 3030 2154 3104 pandere

556 3145 910 3205 detrimenta.
943 3139 1095 3196 Unde
1109 3135 1355 3210 synodus
1371 3128 1718 3189 Suessionica
1747 3135 1802 3183 et
1845 3122 2154 3180 Tricassina

557 3254 612 3294 se
645 3238 933 3291 monuerat
957 3226 1286 3300 legationem
1329 3236 1566 3288 sumere,
1591 3224 1863 3292 quatenus
1906 3229 2035 3286 gens
2064 3220 2155 3268 te—

569 3324 823 3391 meraria,
854 3320 1024 3376 fallax
1057 3323 1111 3373 et
1163 3313 1413 3380 barbara,
1459 3309 1760 3383 apostolico
1815 3319 2077 3361 mucrone
2133 3319 2164 3357 a

562 3415 768 3472 talibus
796 3411 944 3468 ausis
965 3406 1280 3465 excessibus
1302 3408 1587 3461 coerceatu
1597 3417 1642 3466 r,
1663 3406 1717 3455 et
1737 3393 2163 3471 praesumptione

563 3502 840 3578 praesenti.
873 3501 1015 3556 Huic
1042 3504 1232 3555 nostro
1271 3494 1518 3561 alumno,
1540 3497 1833 3559 vestroque
1875 3483 2161 3550 clientulo,

568 3597 736 3652 solito
766 3608 918 3648 more
975 3603 1197 3645 oramus
1241 3584 1459 3657 pietatis
1506 3588 1702 3637 vestrae
1737 3575 2168 3633 charitosissima

569 3685 785 3740 viscera
807 3679 996 3752 patula
1026 3677 1176 3732 fore:
1212 3689 1320 3745 quo
1349 3672 1527 3726 valeat
1559 3684 1712 3724 mens
1751 3664 1973 3721 diutino
2011 3680 2166 3735 quas-

567 3779 687 3830 sata
699 3782 932 3825 maerore
951 3764 1098 3821 vivis
1113 3779 1176 3821 ac
1190 3759 1514 3819 salientibus
1535 3753 1822 3814 resolidari
1848 3761 1903 3808 et
1934 3752 2164 3809 recreari

571 3858 812 3919 fluentis.

1141 3971 1484 4034 EPISTOLA
1522 3970 1597 4030 VI

743 4101 815 4142 AD
854 4094 1081 4138 ADONEM
1120 4088 1592 4133 ARCHIEPISCOPUM
1629 4082 2002 4125 VIENNENSEM.

577 4193 654 4256 De
692 4191 988 4254 ordinando
1036 4184 1296 4247 Bernario
1325 4183 1383 4238 in
1429 4181 1724 4255 episcopum
1766 4172 2176 4246 Gratianopoli—

1272 4283 1477 4332 tanum.

873 4411 877 4414 ‘
945 4399 1133 4476 [Apud
1160 4399 1227 4455 D.
1258 4396 1461 4468 Bouq.,
1495 4400 1628 4449 tom.
1662 4389 1811 4464 VII.]

653 4525 906 4584 Canows
933 4535 1032 4576 rex
1061 4517 1240 4574 Amm
1281 4509 1584 4570 venerabili
1624 4504 2032 4577 archiepiscopo
2086 4519 2179 4560 no-
2213 4528 2261 4586 Β

583 4616 781 4688 bisque
811 4611 1134 4669 charissimo
1165 4607 1416 4661 salutem.

657 4686 759 4760 Par
779 4703 1028 4758 Odonem
1060 4705 1113 4751 et
1141 4695 1278 4749 alios
1294 4692 1482 4747 ﬁdeles
1497 4695 1712 4744 nostros
1732 4686 2070 4740 voluntatem
2095 4700 2188 4740 no-

590 4801 756 4849 stram
787 4788 950 4844 vobis
978 4782 1324 4856 aperuimus:
1350 4778 1479 4835 inde
1507 4791 1630 4832 cum
1682 4774 1747 4829 ad
1775 4789 1876 4828 nos
1905 4771 2184 4838 veneritis,

591 4877 854 4937 certiores
885 4889 984 4927 vos
1019 4868 1332 4925 reddemus.
1365 4863 1688 4920 Mandamus
1714 4858 2047 4914 ﬁdelissimae
2067 4875 2188 4913 san-

592 4966 774 5028 ctitati
805 4969 999 5019 vestrae
1012 4967 1073 5015 ut
1103 4955 1290 5013 sciatis
1303 4951 1434 5026 quia
1463 4950 1682 5008 cuidam
1713 4947 1936 5012 clerico,
1959 4947 2189 5004 diacono

593 5059 726 5115 olim
761 5049 1096 5110 venerabilis
1124 5041 1521 5114 archiepiscopi
1574 5036 1882 5113 [Lugdun.]
1933 5037 2186 5107 Remigii,

594 5154 649 5202 et
677 5139 1025 5216 postmodum
1051 5135 1204 5192 chari
1233 5131 1407 5188 nostri
1437 5128 1684 5185 Lotharii
1717 5125 1956 5197 nepotis,
1981 5124 2053 5180 ita
2066 5141 2191 5180 con-

595 5235 860 5294 cessimus
881 5225 1456 5297 Gratianopolitanum
1487 5219 1885 5292 episcopatum,
1917 5224 1979 5272 ut
2008 5221 2192 5270 vestro

591 5323 826 5398 judicio,
851 5322 894 5378 si
917 5317 1181 5377 canonice
1207 5310 1593 5387 probaveritis,
1626 5307 1702 5363 ibi
1725 5323 1757 5362 a
1784 5315 1967 5363 vestra
1991 5305 2189 5361 sancti-

595 5423 708 5471 tate
732 5411 1019 5469 ordinetur
1061 5407 1348 5481 episcopus
1405 5419 1417 5458 :
1450 5417 1562 5456 non
1592 5398 1741 5456 enim
1775 5396 1873 5453 diu
1920 5397 2038 5452 sine
2068 5395 2198 5467 epi-

597 5519 760 5575 scopo
780 5507 994 5574 oportet
1023 5496 1277 5555 eumdem
1300 5495 1480 5566 ipsum
1507 5507 1622 5548 esse
1650 5489 2045 5562 episcopatum.
2079 5484 2194 5541 Vos

599 5593 745 5649 enim
777 5573 929 5647 scitis
967 5587 1095 5644 inde
1124 5583 1444 5644 canonicam
1466 5579 1852 5638 auctoritatem
1884 5593 1895 5632 :
1927 5573 2198 5648 quidquid

607 5683 754 5740 enim
786 5681 1097 5753 neglectum
1131 5676 1320 5745 fuerit,
1351 5673 1513 5731 vobis
1540 5672 1658 5730 sine
1683 5668 1857 5728 dubio
1885 5683 1918 5724 a
1956 5661 2197 5722 Domino

1573 298 1833 357 CAROLI
1874 290 2090 353 CALVI
2132 282 2561 344 FRANCORUM
2601 275 2807 336 REGIS

2238 968 2328 1024 cui
2357 974 2410 1022 et
2439 981 2541 1021 nos
2583 963 2642 1017 in
2670 956 2929 1015 omnibus
2957 945 3352 1008 venerabiliter
3387 939 3551 996 subdi
3584 944 3800 1010 oportet
3826 953 3842 1001 ;

2239 1067 2301 1114 ut
2321 1073 2447 1113 cum
2482 1070 2580 1108 vos
2604 1068 2724 1123 quze
2746 1046 2899 1102 illius
2926 1049 3057 1098 sunt
3075 1035 3311 1108 impigre
3334 1027 3700 1104 perfeceritis,
3725 1025 3847 1081 sine

2242 1147 2408 1202 dubio
2427 1141 2573 1216 apud
2591 1115 2750 1196 illum
2775 1152 2873 1208 pro
2895 1130 3056 1189 nobis
3079 1137 3355 1197 regnoque
3376 1127 3566 1176 nostro
3586 1115 3852 1172 ﬁdentius

2245 1205 2582 1291 intercedere
2618 1244 2717 1284 vos
2743 1205 2855 1281 non
2882 1219 3219 1277 dubitemus.
3244 1211 3459 1276 Valete,
3490 1214 3546 1262 et
3576 1205 3850 1262 iuoratio-

2244 1325 2410 1380 nibus
2439 1319 2639 1377 vestris
2684 1313 2861 1372 nostri
2912 1322 3182 1366 memores
3203 1317 3418 1374 semper
3437 1296 3581 1354 sitis.
3613 1297 3849 1366 Accepta

2245 1417 2322 1475 VI
2352 1413 2474 1470 Kal.
2506 1405 2864 1482 Septembris.

2802 1529 3144 1592 EPISTOLA
3191 1525 3293 1584 VII

2773 1655 2845 1694 AD
2904 1647 3198 1691 ADBIANUM
3255 1645 3315 1685 II.

2255 1765 2444 1844 [Apud
2498 1766 2558 1822 P.
2615 1757 2927 1826 Delaland.,
2989 1753 3256 1914 Supp]lem.
3321 1745 3391 1803 ad
3439 1744 3615 1803 Conc.
3677 1740 3843 1812 antiq.

2973 1842 3114 1899 Gall.

2973 1842 3114 1899 Gall.

2328 1973 2563 2031 Domino
2599 1964 2947 2024 sanctissimo
2993 1969 3155 2033 atque
3198 1950 3667 2014 reverendissimo
3713 1947 3851 2004 Patri

2257 2067 2534 2130 ADRIANO,
2567 2060 2820 2118 Canows
2851 2052 3023 2126 gratia
3047 2051 3142 2107 Dei
3165 2065 3283 2105 rex.

2328 2154 2523 2212 Vestra
2555 2146 2866 2206 veneranda
2892 2141 3192 2216 paternitas
3239 2135 3400 2193 nobis
3436 2132 3734 2206 epistolam
3762 2146 3852 2202 pro

2259 2243 2556 2299 Hincmaro
2572 2232 2944 2301 Laudunensi,
2960 2227 3232 2303 quondam
3257 2224 3538 2298 episcopo,
3565 2219 3742 2275 misit.
3763 2218 3853 2275 Cu.

2255 2334 2348 2407 jus
2373 2327 2676 2404 primordia
2697 2326 2771 2382 ita
2791 2340 2848 2380 se
2869 2321 3093 2377 habent.
3117 2316 3344 2374 Initium
3369 2320 3574 2368 nostrae
3616 2309 3857 2365 locutio-

2263 2396 2348 2479 his
2375 2396 2442 2476 ad
2464 2429 2538 2484 te,
2569 2416 2650 2471 ﬁli
2671 2412 3014 2477 charissime,
3037 2424 3162 2464 cum
3181 2404 3448 2478 propheta
3469 2407 3572 2458 est.
3608 2400 3756 2454 Ecce
3775 2396 3857 2470 qui

2261 2511 2398 2568 dicit
2431 2527 2442 2564 :
2474 2506 2712 2578 Populus
2741 2502 2822 2558 hic
2853 2518 2932 2555 me
2965 2497 3117 2554 labiis
3163 2497 3407 2559 honorat,
3448 2507 3540 2546 cor
3571 2495 3749 2544 autem
3791 2503 3860 2540 eo-

2261 2616 2382 2655 rum
2407 2599 2551 2668 longe
2570 2599 2644 2649 est
2666 2611 2697 2648 a
2725 2607 2804 2646 me
2841 2590 2977 2660 (Isa.
3012 2585 3201 2656 xxix).
3231 2585 3303 2639 Et
3330 2598 3443 2637 non
3479 2586 3861 2651 optaveramus

2263 2691 2408 2766 apud
2422 2686 2784 2745 reverentiam
2814 2689 3050 2737 vestram
3071 2677 3180 2733 alia
3200 2691 3334 2730 voce
3381 2681 3436 2728 et
3485 2668 3853 2743 postulatione

2264 2760 2448 2854 aliqua
2467 2775 2674 2850 loquisi
2698 2771 2879 2829 nosad
2909 2769 3033 2837 hoc,
3057 2783 3178 2840 quae
3207 2762 3369 2820 inviti
3397 2760 3688 2833 loquimur
3717 2766 3860 2813 etco-

2263 2870 2370 2929 acti
2397 2863 2737 2942 deposcenda
2773 2859 3028 2919 ducimus
3063 2853 3356 2912 necessitas
3377 2850 3556 2906 nimia
3585 2865 3700 2905 non
3730 2863 3859 2904 com-

2264 2938 2668 3036 pelleret.Saipe
2689 2953 2849 3011 nobis
2867 2947 3356 3023 exprobrationum
3373 2938 3853 3016 epistolasmittitis

2265 3059 2318 3107 et
2347 3049 2583 3107 crimina
2605 3029 2763 3101 vobis
2793 3038 3096 3110 incognita,
3120 3034 3228 3090 nisi
3258 3040 3528 3106 quantum
3560 3046 3661 3103 per
3692 3029 3859 3085 male-

2191 3166 2234 3226 ο
2265 3156 2461 3196 vorum
2484 3145 2797 3194 nostrorum
2819 3147 2916 3187 ora
2943 3127 3167 3193 auditis,
3202 3123 3362 3180 nobis
3383 3115 3858 3194 impingitis,quod

2271 3241 2464 3291 vestra:
2482 3227 2792 3287 sanctitatis
2833 3220 3208 3280 ministerium
3230 3231 3340 3272 non
3373 3219 3678 3285 oporteret,
3702 3225 3864 3282 neque

2271 3325 2506 3390 deceret,
2541 3317 2635 3376 sed
2658 3321 2837 3388 neqtte
2865 3313 3176 3370 decessores
3211 3322 3274 3362 ac
3313 3301 3746 3378 praedecessores
3770 3315 3864 3354 ve-

2273 3413 2370 3470 stri
2426 3408 2630 3466 nostris
2683 3400 3062 3462 decessoribus
3090 3415 3153 3454 ac
3209 3390 3714 3469 praedecessoribus
3738 3388 3862 3444 talia

2275 3501 2639 3574 impegerunt,
2689 3494 2777 3550 vel
2831 3488 3251 3546 mandaverunt.
3307 3482 3462 3538 Sicut
3520 3494 3763 3551 namque
3818 3476 3871 3530 in

2275 3588 2590 3663 apostolicae
2645 3583 2791 3640 sedis
2839 3576 3166 3652 pontiﬁcum
3217 3580 3270 3629 et
3327 3571 3386 3626 in
3431 3567 3872 3627 Christianorum

2277 3695 2487 3750 regum,
2519 3692 2582 3732 ac
2610 3675 3002 3744 imperatorum
3028 3663 3276 3738 epistolis
3317 3659 3554 3732 legimus
3593 3675 3606 3714 :
3637 3653 3876 3727 religiosi

2279 3749 2430 3842 reges
2443 3776 2498 3824 et
2533 3767 2890 3838 imperatores
2909 3758 3052 3816 beati
3071 3756 3218 3812 Petri
3254 3751 3634 3827 apostolorum
3663 3749 3875 3823 princi-

2281 3863 2364 3937 pis
2384 3873 2739 3925 successores,
2765 3855 2951 3911 Patres
2976 3849 3394 3924 appellaverunt
3418 3862 3433 3912 ;
3467 3851 3524 3899 et
3568 3841 3873 3914 apostolica

2280 3929 2538 4010 Ilomanaa
2581 3945 2725 4004 sedis
2748 3941 3058 4017 pontiﬁces,
3089 3953 3241 4010 reges
3257 3945 3308 3992 et
3329 3935 3699 4007 imperatores
3715 3929 3874 3988 Chri-

2283 4042 2488 4099 stianos
2519 4053 2692 4111 usque
2712 4034 2780 4090 ad
2806 4040 2990 4089 vestra
3026 4037 3276 4102 tempora
3301 4024 3474 4082 Filios
3523 4033 3582 4079 et
3617 4020 3874 4078 Dominus

2283 4108 2640 4188 vocaverunt.
2671 4124 2829 4182 Nunc
2875 4127 3100 4177 econtra
3145 4131 3273 4174 cum
3325 4113 3474 4170 dicat
3534 4108 3872 4183 Apostolus:

2287 4221 2436 4288 Filii,
2462 4215 2657 4273 obedite
2681 4209 2994 4284 parentibus
3013 4206 3224 4274 vestris,
3261 4201 3408 4275 quod
3433 4198 3820 4261 devotissime,
3838 4194 3875 4249 si

2287 4286 2446 4369 nobis
2466 4309 2674 4374 liceret,
2703 4317 2859 4376 agere
2902 4312 3249 4372 cuperemus,
3269 4302 3322 4350 et
3355 4311 3366 4348 :
3396 4296 3605 4364 patres,
3636 4289 3800 4344 nolite
3821 4286 3879 4343 ad

2287 4399 2623 4458 iracundiam
2655 4408 2948 4466 provocare
2978 4388 3117 4461 ﬁlios
3137 4391 3334 4441 vestros
3355 4382 3499 4453 (Col.
3530 4374 3878 4450 1n).Perjurii

2291 4500 2345 4550 et
2371 4486 2685 4563 tyrannidis
2713 4493 2878 4556 atque
2898 4477 3140 4553 perﬁdia
3154 4491 3265 4531 non
3285 4470 3547 4536 confessi,
3578 4485 3684 4526 nec
3703 4467 3881 4523 ordine

2295 4577 2590 4653 judiciario
2612 4574 2856 4647 legaliter
2876 4578 2929 4626 et
2949 4567 3272 4639 regulariter
3286 4562 3530 4622 convicti
3553 4579 3564 4616 :
3596 4576 3724 4616 cum
3756 4558 3882 4614 sicut

2298 4644 2362 4725 I3.
2394 4644 2737 4738 Augustinus
2766 4678 2836 4718 ex
2866 4658 3077 4731 legibus
3105 4653 3314 4711 divinis
3343 4659 3511 4724 atque
3526 4647 3794 4705 humanis
3813 4644 3880 4699 in-

2299 4735 2536 4816 structus
2564 4753 2710 4810 dicat
2743 4770 2753 4806 :
2789 4749 2927 4816 Quia
2953 4761 3112 4802 nemo
3138 4743 3243 4799 sibi
3275 4749 3578 4812 utrumque
3605 4735 3771 4792 audet
3801 4748 3882 4787 as-

2296 4861 2533 4912 sumere,
2561 4851 2614 4899 et
2641 4842 2899 4912 cuiquam
2933 4835 3046 4907 ipse
3077 4832 3148 4889 sit
3187 4834 3474 4887 accusator
3502 4834 3557 4881 et
3602 4823 3796 4895 judex.
3826 4818 3882 4873 Et

2297 4935 2468 4992 tantis
2492 4903 2713 5002 injuriis
2741 4903 2918 4982 affecti
2949 4903 3140 4981 contra
3166 4923 3499 4993 praeceptum
3535 4909 3794 4985 Apostoli
3829 4903 3879 4961 ad

2301 5023 2642 5084 iracundiam
2672 5032 3057 5093 provocamur,
3091 5011 3332 5087 quantis,
3379 5015 3443 5063 ut
3473 5005 3543 5062 de
3577 5002 3729 5075 regia
3766 5013 3878 5072 per-

2300 5134 2434 5176 sona
2461 5085 2844 5188 repticeamus,
2872 5125 2940 5166 ne
2983 5085 3284 5181 quemlibet
3313 5097 3588 5174 plebeium
3617 5095 3708 5150 vel
3746 5085 3882 5147 liberi

2301 5208 2496 5281 capitis
2528 5205 2711 5261 virum
2741 5203 3007 5258 hactenus
3025 5194 3410 5252 audierimusa
3434 5185 3721 5245 sacerdote
3750 5195 3879 5255 quo—

2303 5263 2438 5352 libet
2466 5288 2775 5366 provocari,
2809 5302 2972 5360 quem
3001 5298 3104 5340 nec
3152 5274 3456 5336 secundum
3512 5263 3888 5328 ecclesiasticas

2303 5348 2539 5458 regulas,
2570 5381 2660 5438 vel
2690 5348 2994 5436 secundum
3030 5374 3173 5443 leges
3201 5365 3451 5442 publicas
3476 5348 3892 5421 accusatumﬁel

2307 5448 2499 5548 sponte
2523 5448 2860 5536 confessum,
2879 5473 2972 5522 aut
2993 5461 3243 5535 legaliter
3267 5474 3329 5514 ac
3375 5451 3703 5526 regulariter
3723 5448 3892 5517 aperte

2305 5565 2622 5624 convictum
2650 5561 2710 5617 in
2733 5556 2947 5632 judicio
2993 5533 3092 5610 suo
3121 5553 3511 5624 praesentatum
3559 5533 3888 5609 susceperit:

2307 5673 2436 5716 nam
2466 5655 2717 5714 decessor
2744 5657 2928 5710 vester
2971 5646 3143 5704 beatae
3206 5635 3486 5697 memoriae
3534 5629 3803 5690 Nicolaus,
3830 5619 3899 5676 de
