4070 6184
204 246 305 309 87.7

1651 253 2015 316 EPISTOLIE
2029 304 2041 317 .

3411 278 3518 340 878

202 393 428 469 publico
456 392 1006 469 adnlteriqnepotem
1032 397 1311 471 quondam
1333 408 1581 456 nostrum
1600 398 1797 456 Lotha-
1829 404 1881 463 A
1910 403 2249 475 Descendam,
2280 406 2465 482 inquit
2488 408 2781 479 Dom’inus,
2811 417 2860 465 et
2893 414 3073 469 videbo
3110 423 3286 473 utrum
3309 422 3516 477 clamo-

202 484 347 541 rium
374 482 781 556 deprehensum
811 485 974 557 regiae
1004 488 1261 559 potestati
1291 487 1559 545 honorem
1590 505 1805 546 conser-

201 589 356 641 vans,
382 588 502 629 non
529 573 719 630 taliter
746 572 805 629 in
834 575 949 633 suis
978 577 1295 649 apostolicis
1327 577 1526 635 litteris
1555 579 1805 651 appella-

200 663 302 730 vit,
351 662 499 718 sicut
527 678 631 717 nos
658 664 967 735 appellatis,
1014 681 1176 738 quem
1220 682 1322 722 nec
1350 667 1660 723 confessum
1706 682 1805 723 nec

198 753 523 809 convictum
553 752 780 819 tenetis,
809 753 1086 810 necillum
1116 756 1641 822 excommunicavit,
1663 755 1807 811 sicut

200 860 297 900 nos
331 842 454 900 sine
499 842 832 899 auctoritate
879 853 935 901 et
983 845 1196 901 ratione
1242 846 1806 903 excommunicandos

200 935 443 992 minatis.
478 933 618 991 Cum
650 950 763 989 non
796 934 1113 1007 ignoremus
1141 952 1210 991 ex
1237 952 1515 993 sacrarum
1546 936 1806 1009 Scriptu-

201 1044 382 1084 rarum
415 1025 637 1082 tramite
665 1032 719 1081 et
749 1025 1001 1082 doctrina
1040 1028 1353 1099 apostolicae
1382 1028 1528 1085 sedis
1570 1029 1806 1101 pontiﬁ-

203 1135 349 1187 cum,
396 1115 547 1172 unde
570 1124 626 1172 et
654 1115 912 1187 qualiter,
958 1132 1023 1171 ac
1052 1116 1334 1189 quomodo
1366 1126 1421 1174 et
1457 1134 1566 1190 quo
1610 1117 1805 1175 ordine

204 1223 554 1284 quemquam,
586 1205 842 1277 pontifex
870 1204 1107 1278 quilibet
1134 1206 1330 1263 debeat
1364 1208 1686 1279 regulariter
1713 1224 1805 1263 ex-

202 1296 632 1355 communicare.
661 1294 734 1352 Et
764 1303 975 1351 certum
1017 1303 1272 1352 tenemus
1300 1312 1459 1353 nosse
1497 1298 1807 1369 paternita-

202 1397 309 1447 tem
352 1396 594 1444 vestram
625 1394 680 1443 et
707 1392 955 1443 sanctam
982 1385 1281 1442 Romanam
1314 1386 1641 1452 Ecclesiam,
1672 1400 1808 1456 quas

203 1477 461 1552 epistolas
507 1475 821 1532 decessores
867 1490 930 1532 ac
973 1474 1402 1547 praedecessores
1434 1474 1604 1531 vestri
1650 1472 1805 1531 Chri-

202 1568 399 1627 stianis
428 1570 802 1626 Romanorum
821 1574 876 1624 et
906 1569 1245 1624 Francorum
1276 1566 1724 1640 imperatoribus,
1755 1568 1809 1621 et

203 1656 646 1731 progenitoribus
669 1654 877 1713 nostris
906 1655 1237 1724 direxerint,
1260 1664 1314 1712 et
1338 1656 1575 1729 qualiter
1601 1671 1713 1723 eos,
1739 1655 1807 1710 de

1913 507 2045 562 rem,
2076 494 2169 564 qui
2184 496 2322 549 venit
2338 498 2409 551 ad
2441 515 2539 567 me,
2574 515 2731 570 opere
2767 501 3136 571 compleverint
3157 521 3174 558 :
3202 523 3273 560 an
3300 525 3405 563 non
3443 517 3515 565 est

1913 579 1990 635 ita
2015 587 2075 636 ut
2096 583 2259 639 sciam
2300 586 2456 658 (Gen.
2492 588 2692 660 xvm);
2733 597 2826 646 et:
2865 590 3093 647 Causam
3131 610 3287 664 quam
3316 599 3514 653 nescie-

1915 670 2054 739 bam,
2094 672 2491 745 diligentissime
2534 677 2909 748 investigabam
2963 681 3081 752 (Job
3111 683 3298 755 xxrx).
3331 685 3515 742 Sancti

1915 759 2116 832 quippe
2145 762 2405 836 doctique
2428 766 2735 837 pontiﬁces,
2769 777 2822 823 et
2843 766 2955 838 jam
2988 769 3055 824 ab
3084 770 3163 826 eis
3185 771 3519 844 praejuducia

1915 849 2204 919 patientes,
2225 868 2335 908 non
2352 855 2433 911 sic
2453 854 2839 911 Constantium
2856 858 3146 928 Arianum,
3164 870 3216 917 et
3233 862 3514 920 lulianum

1915 947 2221 1009 apostatum
2253 953 2614 1001 vocaverunt.
2648 946 2719 1000 Et
2747 945 2793 1001 si
2826 963 3016 1003 omnes
3047 949 3306 1021 epistolas
3339 955 3515 1008 revol-

1914 1028 2064 1097 vitis,
2114 1047 2247 1103 quas
2290 1032 2554 1088 habemus
2583 1050 2652 1089 ex
2699 1050 2763 1090 eo
2810 1042 3074 1108 tempore,
3127 1055 3235 1111 quo
3284 1040 3516 1096 Romani

1914 1119 2201 1191 pontiﬁces
2244 1121 2311 1177 ad
2360 1139 2511 1195 reges
2559 1125 2894 1181 Francorum
2933 1136 3216 1199 cmperunt
3255 1130 3514 1197 scribere,

1915 1206 2058 1262 nihil
2087 1209 2195 1264 tale
2221 1210 2278 1265 in
2295 1212 2374 1266 eis
2404 1212 2721 1269 invenietis.
2746 1213 3024 1286 Scriptum
3054 1222 3135 1270 est
3158 1215 3322 1271 etiam
3355 1216 3518 1272 nobis

1915 1320 2050 1360 voce
2100 1314 2303 1374 vestra,
2353 1308 2483 1379 quia
2512 1325 2597 1365 res
2635 1326 2827 1365 omnes
2865 1310 3162 1367 Hincmaro
3199 1312 3518 1368 commissas

1917 1390 2197 1462 Ecclesim,
2221 1394 2398 1452 donec
2414 1397 2482 1453 ad
2503 1398 2725 1469 propria
2745 1406 3063 1467 reverteret,
3086 1399 3248 1456 nobis
3267 1418 3385 1457 com
3396 1403 3517 1458 mit-

1917 1481 2123 1550 teretis,
2158 1491 2220 1538 ut
2250 1483 2540 1541 indemnes
2561 1487 2946 1556 consisterent,
2980 1488 3272 1560 etaliquod
3301 1489 3516 1563 dispen-

1916 1568 2068 1626 dium
2118 1588 2229 1627 non
2278 1574 2658 1644 incurrerent;
2704 1576 2904 1649 quibus
2943 1567 3254 1648 referimus,
3302 1581 3430 1653 quia
3457 1592 3520 1639 ut

1915 1658 2107 1716 beatus
2135 1660 2271 1718 dicit
2300 1663 2617 1736 Gregorius,
2649 1681 2761 1721 non
2791 1683 2943 1739 reges
2973 1667 3309 1725 Francorum
3341 1686 3412 1725 ex
3440 1687 3518 1727 re-

201 1746 408 1822 quibus
449 1762 663 1803 necesse
694 1745 895 1814 fuerat,
943 1744 1411 1813 commonuerint,
1443 1760 1555 1800 non
1599 1759 1808 1816 expro-
1837 1762 1884 1822 Β
1916 1748 2005 1819 gio
2035 1765 2229 1820 genere
2258 1752 2552 1823 progeniti,
2585 1770 2696 1809 non
2726 1756 3109 1828 episcoporum
3152 1756 3517 1827 vicedomini,

197 1838 493 1908 baverunt,
524 1853 704 1911 neque
717 1836 955 1894 crimina
983 1836 1063 1892 eis
1091 1834 1459 1908 impegerunt,
1483 1836 1570 1891 vel
1601 1837 1808 1891 calum-

198 1927 321 1984 nias
348 1927 681 1995 intulerunt,
713 1925 810 1981 sed
838 1924 906 1980 de
936 1923 1024 1981 his
1043 1940 1170 1996 quae
1198 1924 1266 1980 ad
1295 1940 1458 1980 suum
1482 1922 1807 1981 ecclesiasti.

197 2035 322 2077 cum
368 2017 741 2075 ministerium
771 2014 1164 2089 pertinuerint,
1195 2030 1288 2071 eos
1321 2014 1712 2071 instruxerunt
1754 2020 1810 2068 et

197 2113 684 2175 commonuerunt,
730 2114 784 2163 et
810 2105 967 2178 regni
1012 2121 1077 2161 ac
1104 2103 1389 2161 saecularia
1435 2103 1657 2175 negotia
1700 2101 1805 2167 sibi

197 2215 312 2255 non
343 2203 778 2270 usurpaverunt,
808 2195 1044 2253 scientes
1072 2194 1201 2268 quia
1246 2194 1390 2252 sicut
1418 2201 1642 2250 sanctus
1671 2191 1810 2248 dicit

195 2289 474 2358 Gelasius,
500 2291 623 2345 Duo
656 2296 785 2344 sunt
819 2286 1023 2360 quibus
1044 2284 1428 2358 principaliter
1450 2281 1690 2338 mundus
1716 2281 1808 2338 hic

197 2378 436 2449 regitur,
468 2377 766 2435 auctoritas
785 2382 995 2432 sacrata
1021 2373 1373 2448 pontiﬁcum,
1404 2380 1457 2430 et
1486 2371 1686 2445 regalis
1714 2387 1807 2443 po-

198 2475 393 2536 testas,
416 2466 677 2540 quoniam
695 2464 949 2523 Christus
977 2479 1188 2520 memor
1208 2460 1526 2533 fragilitatis
1553 2461 1807 2516 humanae

193 2556 355 2631 quod
381 2574 607 2613 suorum
653 2554 817 2612 saluti
847 2559 1196 2624 congrueret,
1241 2550 1652 2623 dispensatione
1682 2565 1809 2603 ma-

188 2647 402 2720 gniﬁca
446 2645 795 2719 temperavit,
845 2644 925 2700 sic
968 2640 1280 2699 actionibus
1327 2639 1586 2712 propriis,
1628 2638 1805 2710 digni-

188 2737 519 2809 tatibusque
547 2736 823 2793 distinctis
846 2732 1027 2790 oﬂicia
1047 2730 1330 2805 potestatis
1357 2729 1603 2801 utrisque
1623 2728 1807 2784 decre-

189 2827 279 2882 vit
312 2843 445 2883 suos
489 2828 683 2883 volens
720 2822 1040 2881 medicinali
1088 2819 1404 2877 humilitate
1434 2817 1660 2886 salvari,
1692 2833 1806 2873 non

185 2918 449 2976 humana
475 2918 733 2990 superbia
771 2933 962 2972 rursus
991 2911 1271 2985 intercipi,
1304 2918 1367 2967 ut
1411 2918 1465 2966 et
1502 2908 1807 2968 Christiani

181 3010 568 3082 imperatores
588 3022 686 3079 pro
706 3013 906 3062 mterna
936 3004 1053 3059 vita
1086 3000 1444 3074 pontiﬁcibus
1473 2997 1803 3070 indigerent,

1918 1838 2013 1895 sed
2044 1847 2199 1896 terrae
2222 1840 2437 1899 domini
2474 1844 2741 1902 hactenus
2772 1846 2980 1903 fuimus
3009 1850 3314 1920 computati
3340 1868 3351 1906 :
3387 1860 3439 1906 et
3458 1859 3520 1905 ut

1921 1926 2029 1982 Leo
2058 1944 2121 1983 ac
2149 1929 2530 2001 Byturicensis
2558 1933 2804 2004 synodus
2835 1936 3056 2007 scripsit
3082 1955 3092 1992 :
3126 1939 3295 2009 Reges
3323 1947 3376 1994 et
3407 1939 3521 1993 im-

1920 2021 2219 2086 peratores,
2236 2033 2373 2089 quos
2392 2019 2557 2074 terris
2583 2018 2777 2075 divina
2797 2023 3043 2093 potentia
3064 2040 3294 2094 praeesse
3321 2042 3518 2096 praece-

1919 2104 2039 2177 pit,j
2048 2122 2112 2160 us
2127 2105 2648 2180 distinguendorum
2670 2110 3015 2184 negotiorum
3036 2112 3305 2186 episcopis
3320 2116 3523 2172 sanctis

1912 2193 2075 2266 juxta
2103 2195 2311 2253 divalia
2338 2202 2640 2255 constituta
2655 2202 3044 2272 permiserunt,
3069 2219 3178 2258 non
3198 2212 3380 2260 autem
3412 2205 3521 2277 epi-

1918 2300 2208 2357 scoporum
2244 2286 2423 2342 villici
2453 2289 2807 2345 exstiterunt.
2846 2292 2918 2345 Et
2956 2292 3303 2362 Augustinus
3344 2294 3517 2349 dicit:

1916 2372 2019 2427 Per
2039 2372 2168 2445 jura
2188 2390 2377 2446 regum
2413 2375 2765 2447 possidentur
2787 2380 3177 2463 pqssessiones,
3203 2397 3312 2435 non
3337 2388 3521 2435 autem

1918 2478 2013 2534 per
2041 2461 2349 2533 episcopale
2380 2460 2699 2534 imperium,
2731 2460 2882 2537 reges
2911 2466 3171 2521 villarum
3204 2466 3346 2522 ﬁunt
3375 2475 3520 2524 acto-

1916 2568 2021 2609 res.
2055 2552 2126 2608 Et
2154 2552 2445 2622 Dominus,
2471 2570 2591 2626 quae
2611 2563 2741 2612 sunt
2765 2556 2993 2614 Caesaris
3018 2558 3242 2629 Caesari,
3275 2575 3394 2631 quae
3416 2561 3516 2617 Dei

1916 2651 2046 2699 sunt
2087 2644 2201 2699 Deo
2249 2643 2404 2698 reddi
2455 2645 2706 2717 praecipit
2754 2647 2967 2717 (Matth.
3004 2648 3175 2719 χχιι),
3223 2648 3316 2719 qui
3353 2649 3519 2704 etiam

1916 2750 2141 2790 censum
2186 2734 2298 2805 regi
2347 2733 2591 2790 reddidit
2640 2736 2854 2807 (Matth.
2904 2736 3072 2807 xvn).
3107 2738 3178 2792 Et
3220 2736 3519 2809 Apostolus

1916 2821 2096 2877 voluit
2124 2822 2330 2878 servire
2360 2822 2600 2894 regibus,
2633 2825 2813 2880 voluit
2837 2825 3119 2893 honorari,
3153 2834 3206 2881 et
3237 2842 3347 2880 non
3386 2842 3513 2882 con-

1916 2913 2121 2969 culcari
2153 2930 2335 2985 reges:
2367 2915 2571 2985 Regem,
2600 2915 2803 2987 inquit,
2833 2916 3175 2989 honoriﬁcate
3201 2918 3259 2988 (Ι
3282 2918 3395 2973 Pet.
3420 2896 3509 2989 ιι).

1916 3000 1987 3055 Et
2019 3002 2149 3056 item
2176 3019 2186 3057 :
2227 3002 2428 3070 Omnis,
2462 3002 2740 3075 inquiens,
2778 3004 2959 3059 anima
2982 3007 3330 3077 potestatibus
3358 3007 3520 3061 subti-

178 3108 241 3155 et
277 3096 586 3170 pontiﬁces
613 3110 712 3167 pro
730 3094 1110 3166 temporalium
1143 3107 1308 3148 cursu
1340 3104 1545 3156 rerum,
1576 3087 1806 3183 impera-
1840 3122 1885 3183 Ο
1919 3092 2175 3147 mioribus
2221 3093 2430 3148 subdita
2480 3093 2548 3147 sit
2580 3112 2600 3158 ;
2646 3094 2848 3148 reddite
2903 3112 3024 3165 ergo
3065 3096 3307 3150 omnibus
3349 3097 3521 3150 debita

178 3196 396 3244 torum
427 3183 874 3256 dispositionibus
903 3190 1210 3249 uterentur,
1247 3186 1518 3253 quatenus
1543 3177 1807 3251 spiritalis

176 3276 354 3333 actio
382 3289 418 3329 a
443 3272 751 3330 carnalibus
778 3272 1005 3329 distaret
1034 3269 1372 3337 incursibus,
1404 3276 1457 3324 et
1488 3267 1613 3324 ideo
1660 3266 1805 3322 mili-

174 3375 320 3424 tans
350 3367 472 3421 Deo
499 3363 726 3418 minime
754 3379 810 3419 se
838 3361 1075 3435 negotiis
1102 3360 1458 3418 saecularibus
1498 3357 1807 3430 implicaret

176 3456 274 3528 (II
310 3454 456 3510 Tim.
489 3453 579 3525 ιι),
604 3468 666 3508 ac
694 3450 939 3508 vicissim
971 3467 1083 3506 non
1100 3450 1194 3505 ille
1215 3448 1377 3504 rebus
1395 3446 1603 3503 divinis
1624 3446 1806 3518 praesi-

174 3546 319 3603 dere
332 3541 745 3615 videretur,qui
769 3548 910 3598 esset
926 3538 1163 3610 negotiis
1186 3536 1544 3594 saecularibus
1560 3534 1807 3606 implica-

174 3646 297 3699 tus.
331 3638 615 3711 Scriptum
637 3647 721 3694 est
734 3636 849 3708 jam
865 3633 1182 3692 nobisinter
1205 3635 1315 3691 alia
1328 3649 1463 3691 voce
1475 3641 1655 3689 vestra
1678 3633 1808 3705 quia

176 3732 241 3788 in
275 3747 456 3789 causa
486 3728 774 3786 Hincmari
802 3742 1041 3799 agerem,
1071 3742 1184 3782 non
1214 3733 1276 3781 ut
1313 3742 1412 3781 rex
1442 3724 1588 3797 pius,
1620 3724 1716 3781 sed
1744 3732 1806 3780 ut

172 3822 360 3890 alius,
393 3819 454 3877 id
470 3827 555 3878 est
573 3828 847 3893 tyrannus
868 3815 1073 3889 impius
1095 3834 1109 3885 ;
1133 3816 1279 3873 sicut
1298 3831 1535 3889 namque
1556 3814 1700 3872 nihil
1724 3824 1806 3871 est

173 3914 468 3983 medium,
497 3913 592 3987 qui
612 3913 725 3970 dici
744 3929 856 3969 non
882 3919 1062 3985 potest
1076 3911 1278 3980 bonus,
1309 3919 1478 3967 restat
1498 3919 1560 3967 ut
1575 3918 1807 3968 vocetur

172 4005 417 4071 malus;
448 4003 530 4060 sic
569 4019 682 4059 non
711 4017 810 4058 rex
840 4000 988 4073 pius,
1016 4007 1289 4073 tyrannus
1334 3999 1674 4070 intelligatur
1704 3999 1803 4053 imo

172 4091 344 4166 pius;
379 4100 440 4149 et
468 4091 564 4167 qui
594 4106 681 4148 me
709 4096 1049 4164 peccatorem
1080 4087 1371 4156 conﬁteor,
1406 4086 1639 4159 impium
1687 4103 1802 4145 esse

171 4182 460 4239 diﬂiteor.
489 4181 561 4237 Et
588 4179 805 4237 Nathan
827 4178 1112 4253 propheta,
1142 4177 1323 4235 David
1345 4192 1525 4250 regem
1547 4176 1615 4233 de
1658 4194 1801 4233 mor-

169 4273 376 4329 tiferis
406 4271 645 4343 peccatis
673 4271 1025 4343 redarguens,
1053 4268 1343 4327 conﬁtenti
1372 4284 1483 4325 non
1507 4267 1686 4325 dixit:
1719 4268 1801 4324 Tu

167 4379 234 4420 es
266 4363 380 4418 ille
412 4360 636 4432 impius,
666 4360 760 4417 sed
786 4379 798 4417 :
839 4361 921 4418 Tu
945 4376 997 4416 es
1025 4359 1117 4417 itte
1146 4360 1233 4415 vir
1258 4359 1352 4431 qui
1383 4357 1565 4416 fecisti
1592 4356 1718 4426 hoc,
1747 4366 1800 4415 et

154 4468 269 4509 sua
301 4451 462 4508 facta
491 4448 829 4519 conﬁtendo,
860 4450 1215 4506 damnantem
1263 4465 1373 4504 non
1407 4447 1623 4519 judicio
1650 4465 1793 4506 con-
1820 4487 1869 4548 D

154 4540 498 4608 demnavit,
525 4556 718 4599 verum
748 4546 1122 4612 competenter
1140 4537 1373 4594 absolvit
1401 4538 1490 4608 (II
1512 4539 1636 4609 Reg.
1659 4539 1788 4610 xu).

150 4633 281 4691 Sed
325 4647 461 4689 cum
515 4630 780 4702 scriptum
809 4628 920 4686 sit:
969 4628 1140 4685 Labia
1173 4627 1460 4684 sacerdotis
1505 4628 1794 4684 custodient

157 4722 485 4792 scientiam,
515 4729 563 4777 et
593 4724 748 4794 legem
775 4721 1048 4792 requirent
1074 4737 1139 4776 ex
1166 4736 1257 4775 ore
1291 4717 1423 4790 ejus,
1468 4720 1597 4791 quia
1624 4735 1793 4791 ange—

155 4820 255 4875 lus
289 4814 523 4872 Domini
544 4814 866 4870 exercituum
893 4817 966 4867 est
995 4811 1252 4883 (Matach.
1280 4811 1365 4883 ιι),
1399 4808 1791 4867 interminante

150 4905 454 4971 Domino,
485 4920 554 4960 ne
574 4903 696 4977 quis
722 4901 871 4959 dicat
898 4901 1055 4957 fratri
1075 4917 1176 4957 suo
1203 4899 1323 4956 sine
1343 4916 1504 4957 causa
1533 4916 1676 4969 raca,
1698 4899 1789 4955 vel

146 4996 333 5053 fatue
371 4993 588 5065 (Matth.
628 4994 713 5065 v),
742 5008 855 5049 non
883 4990 1161 5049 credimus
1189 4998 1252 5047 ut
1284 4991 1411 5046 talia
1439 5007 1564 5061 erga
1594 5006 1679 5047 me
1709 5005 1788 5046 re-

145 5101 297 5159 gem
336 5082 800 5154 qualemcunque,
829 5089 1014 5137 tamen
1039 5078 1396 5147 catholicum,
1427 5086 1481 5136 et
1512 5079 1569 5133 in
1588 5076 1791 5137 catho-

143 5174 278 5232 lica
301 5170 585 5244 religione
610 5170 810 5227 devote
836 5177 1147 5227 manentem
1180 5168 1543 5243 processerint
1570 5166 1638 5223 de
1673 5184 1787 5224 ore-

138 5271 396 5328 vestro,
440 5276 550 5333 quo
586 5275 683 5333 per
720 5266 1121 5318 sacrosanctam
1168 5258 1602 5317 obsecrationem
1645 5273 1789 5314 con-

132 5361 378 5421 ﬁcitur
406 5356 608 5430 corpus
632 5366 687 5415 et
714 5358 939 5432 sanguis
967 5356 1196 5425 Christi,
1227 5356 1323 5430 qui
1360 5362 1497 5413 teste
1524 5356 1788 5428 Apostolo

123 5466 259 5525 pro
282 5446 491 5519 impiis
502 5452 744 5504 mortuus
762 5453 839 5503 est
859 5447 1035 5518 (Rom.
1061 5446 1145 5518 v).
1168 5445 1279 5502 Nec
1299 5444 1369 5501 ad
1386 5445 1788 5519 suggestionem

126 5535 610 5598 mendaciorum
627 5535 733 5597 hoc
746 5554 848 5595 vos
865 5535 1027 5594 nobis
1045 5533 1332 5592 mandasse
1352 5533 1661 5592 inconsulte
1677 5549 1791 5592 cre-

122 5632 400 5697 dimus,
428 5626 525 5703 qui
543 5626 847 5702 sequendas
860 5626 1160 5702 Scriptura:
1185 5624 1485 5683 sententias
1503 5623 1754 5682 retinetis
1775 5638 1787 5679 :

1917 3183 2093 3253 (Rom.
2126 3180 2276 3252 xm).
2311 3182 2382 3235 Et
2410 3183 2572 3252 paulo
2609 3183 2895 3252 superius:
2926 3184 3049 3237 Ideo
3080 3184 3375 3238 necessitate
3402 3186 3518 3239 sub-

1914 3270 2014 3325 diti
2034 3276 2205 3336 estote,
2225 3286 2330 3323 non
2360 3271 2530 3324 solum
2550 3276 2774 3340 propter
2796 3270 2959 3338 iram,
2982 3272 3071 3325 sed
3098 3277 3145 3325 et
3152 3278 3376 3343 propter
3398 3290 3515 3327 con-

1913 3359 2185 3414 scientiam
2213 3358 2427 3430 (Ibid.).
2461 3359 2534 3413 Et
2561 3359 2708 3430 quod
2737 3358 2804 3413 de
2844 3359 3115 3431 episcopis
3145 3377 3176 3415 a
3205 3361 3362 3417 vobis
3391 3362 3511 3419 Ro-

1915 3464 2058 3503 mam
2117 3464 2186 3502 ex
2234 3462 2400 3518 regno
2449 3454 2639 3501 nostro
2688 3446 3028 3503 accersendis
3074 3447 3339 3521 scriptum
3407 3457 3510 3518 est,

1917 3536 2078 3610 legite
2125 3545 2273 3608 gesta
2312 3534 2459 3591 sedis
2494 3536 2752 3592 Romanae
2795 3535 3142 3607 pontiﬁcum,
3176 3544 3229 3592 et
3258 3539 3516 3611 epistolas

1913 3625 2058 3683 beati
2103 3624 2353 3697 Gregorii
2404 3624 2473 3680 ad
2520 3640 2702 3697 regem
2743 3625 3102 3693 Francorum,
3151 3632 3204 3681 et
3243 3626 3407 3682 etiam
3446 3627 3515 3683 ad

1914 3714 2308 3772 Brunchildem
2332 3714 2460 3769 licet
2482 3713 2764 3782 feminam,
2788 3721 2970 3769 tamen
2992 3712 3260 3785 reginam,
3282 3722 3333 3770 et
3355 3715 3515 3772 aliter

1912 3802 2210 3860 invenietis
2237 3809 2450 3859 vestros
2479 3802 2811 3872 decessores,
2852 3810 2906 3860 et
2935 3801 3378 3875 praedecessores,
3420 3822 3514 3859 no-

1911 3900 2042 3955 stris
2068 3897 2448 3955 decessoribus
2477 3912 2541 3953 ac
2587 3894 3080 3969 praedecessoribus
3109 3911 3208 3967 pro
3239 3911 3515 3952 accersen-

1911 3987 1996 4045 dis
2023 3987 2315 4061 episcopis,
2349 3995 2403 4044 et
2423 4004 2522 4060 pro
2539 3986 2768 4060 synodis
2796 3985 3193 4059 congregandis
3208 3984 3509 4059 scripsisse.

1910 4079 1981 4134 Et
2010 4078 2070 4133 in
2099 4077 2287 4134 eadem
2308 4076 2540 4147 epistola
2561 4077 2723 4131 nobis
2753 4075 3021 4147 scriptum
3043 4082 3145 4143 est,
3168 4082 3231 4130 ut
3260 4074 3512 4131 homines

1909 4168 1975 4225 de
2006 4183 2174 4239 regno
2200 4173 2392 4222 nostro
2422 4164 2718 4222 Celsanum
2749 4171 2804 4218 et
2832 4163 3155 4218 Walconem
3194 4169 3357 4233 atque
3385 4163 3510 4219 Ber-

1907 4276 2108 4317 nonem
2153 4258 2335 4314 salvos
2364 4263 2418 4312 et
2464 4254 2771 4311 incolumes
2809 4268 2934 4307 cum
2975 4251 3090 4305 suis
3133 4251 3506 4321 permitterem

1907 4350 2239 4416 consistere;
2274 4354 2328 4402 et
2358 4345 2403 4401 si
2429 4345 2589 4401 aliter
2615 4340 2906 4416 egerimus,
2939 4346 3134 4395 vestrae
3162 4343 3504 4397 communio-

1905 4442 1992 4497 nis
2038 4437 2330 4514 participes
2369 4452 2541 4509 usque
2588 4434 2657 4490 ad
2690 4449 2875 4489 veram
2907 4429 3339 4486 satisfactionem
3390 4446 3504 4488 esse

1904 4546 2017 4588 non
2047 4530 2355 4585 valeremus
2381 4545 2394 4595 ;
2418 4534 2473 4583 et
2502 4540 2612 4581 non
2633 4539 2891 4580 evasuros
2914 4537 3013 4577 nos
3042 4529 3279 4577 vestram
3310 4536 3500 4577 censu-

1902 4638 2018 4678 ram
2050 4621 2335 4687 sciremus,
2368 4617 2413 4674 si
2444 4622 2626 4673 vestra
2651 4631 2683 4671 a
2711 4612 2870 4669 vobis
2908 4610 3115 4667 fuerint
3147 4611 3383 4683 amplius
3411 4611 3498 4668 de-

1900 4720 2048 4771 creta
2074 4711 2162 4767 vel
2193 4708 2403 4766 monita
2423 4707 2645 4764 violata.
2684 4704 2770 4761 Ad
2801 4720 2921 4777 quae
2947 4701 3321 4772 rescribimus,
3346 4702 3493 4776 quod

1899 4818 2010 4859 non
2057 4800 2156 4858 tali
2196 4798 2360 4856 modo
2388 4798 2703 4872 apostolicae
2736 4793 2879 4852 sedis
2931 4792 3219 4867 pontiﬁces
3267 4793 3497 4850 Franco-

1900 4909 2021 4950 rum
2054 4891 2273 4964 regibus
2304 4889 2563 4947 mandare
2592 4891 3017 4952 consueverunt,
3059 4902 3157 4958 pro
3188 4884 3276 4939 his
3304 4884 3397 4956 qui
3427 4882 3493 4938 ad

1897 4982 2270 5056 apostolorum
2312 4979 2507 5035 limina
2540 4976 2861 5051 confugium
2901 4974 3016 5032 suis
3054 4972 3391 5044 temporibus
3420 4970 3495 5024 fa-

1896 5074 2136 5133 ciebant.
2167 5073 2279 5130 Nec
2310 5072 2434 5128 talis
2458 5082 2540 5128 est
2576 5070 2829 5127 doctrina
2857 5066 3147 5132 catholica,
3180 5071 3241 5117 ut
3265 5078 3360 5134 pro
3391 5061 3493 5117 hac

1896 5163 1985 5219 vel
2017 5159 2335 5233 bujusmodi
2363 5176 2545 5226 causa,
2577 5176 2675 5216 rex
2703 5165 2977 5215 corrector
3005 5153 3322 5224 iniquorum
3352 5166 3384 5204 a
3411 5166 3490 5204 se-

1896 5252 1983 5311 dis
2022 5250 2334 5325 apostolicaa
2373 5247 2764 5307 communione
2800 5246 2992 5303 debeat
3037 5238 3298 5313 separari,
3347 5238 3490 5294 sicut

1896 5344 2089 5401 beatus
2116 5340 2459 5414 Augustinus
2480 5338 2753 5413 patienter
2776 5332 3017 5392 ostendit
3042 5347 3053 5384 :
3076 5327 3381 5401 Spiritales,
3408 5327 3489 5383 in-

1897 5439 2038 5512 quit,
2071 5436 2189 5495 sive
2213 5433 2281 5491 ad
2311 5432 2417 5488 hoc
2443 5431 2624 5504 ipsum
2653 5427 2747 5503 pio
2787 5425 2970 5484 studio
3001 5419 3490 5512 proﬁcientesnon

1899 5510 2031 5589 eunt
2066 5528 2232 5595 foras,
2268 5521 2397 5598 quia
2420 5537 2545 5579 cum
2562 5520 2746 5594 aliqua
2770 5517 2857 5574 vel
2888 5512 3262 5589 perversitate,
3289 5510 3376 5567 vel
3400 5525 3491 5565 ne-

1898 5619 2150 5679 cessitate
2178 5614 2469 5674 hominum
2518 5609 2778 5669 videntur
2806 5602 3029 5681 expelli,
3062 5600 3139 5660 ibi
3174 5600 3343 5674 magis
3372 5615 3491 5673 pro-
