4070 6178
601 278 708 338 879

1648 275 1907 340 CABOLI
1947 277 2162 337 CALVI
2201 277 2632 338 FRANCORUM
2672 281 2878 339 REGIS

3787 282 3887 338 880

595 432 750 498 bant,
779 445 942 502 quam
973 428 1122 484 intus
1152 433 1526 500 permaneant,
1557 441 1683 483 cum
1717 425 1977 484 adversus
2003 429 2187 486 Eccle-
2216 433 2267 492 Α
2295 437 2449 502 ptum
2488 438 2567 487 est
2599 430 2761 486 etiam
2811 428 2993 496 nobis,
3027 427 3237 484 misisse
3265 443 3366 484 nos
3417 426 3577 484 vobis
3613 426 3894 500 epistolam

595 520 733 577 siam
765 519 1082 574 nullatenus
1110 517 1416 589 eriguntur,
1441 515 1537 572 sed
1559 515 1616 570 hi
1637 516 1813 572 solida
1843 517 2079 573 unitatis
2106 534 2192 590 pe-

595 618 679 665 tra
708 609 1010 664 fortissimo
1041 606 1329 665 charitatis
1357 605 1552 662 robore
1590 605 1927 663 radicantur.
1960 606 2045 662 Ad
2087 606 2195 663 hoc

593 699 742 754 enim
790 697 1028 770 pertinet
1059 696 1205 769 quod
1236 697 1293 752 in
1345 697 1444 752 illo
1490 695 1725 752 Abrahae
1759 695 2030 752 sacriﬁcio
2059 696 2192 753 dici-

594 795 685 842 tur
715 804 726 842 :
757 789 896 842 Aves
923 793 1096 841 autem
1130 803 1235 839 non
1263 785 1444 839 divisit
1474 785 1628 856 (Gen.
1661 787 1783 855 xv).
1815 783 2053 840 Proinde
2081 801 2191 840 non

592 884 671 932 est
713 875 1071 939 credendum,
1103 882 1163 930 ut
1205 873 1324 930 haec
1370 874 1624 929 mandata
1654 891 1722 930 ex
1755 874 2059 945 apostolico
2088 891 2194 930 ve-

591 975 705 1021 stro
740 982 832 1021 ore
862 965 1227 1036 processerint
1254 983 1267 1031 ;
1298 964 1556 1036 quoniam
1580 963 1671 1035 qui
1701 964 1779 1019 ita
1807 964 2049 1036 scripsit,
2081 979 2190 1019 non

590 1053 727 1110 bene
771 1055 1027 1122 attendit,
1079 1054 1232 1126 quasi
1277 1053 1514 1126 quilibet
1555 1053 1692 1108 mihi
1723 1055 1779 1108 in
1825 1053 2101 1110 catholica
2141 1061 2194 1109 et

589 1143 890 1214 apostolica
934 1143 1324 1198 communione
1372 1144 1712 1216 permanenti
1757 1160 1911 1199 suam
1950 1159 2194 1198 commu-

588 1239 812 1294 nionem
858 1239 1216 1308 subtraxerit,
1249 1256 1360 1295 non
1397 1257 1502 1308 me,
1535 1239 1631 1296 sed
1660 1258 1714 1295 se
1756 1258 1786 1296 a
1818 1239 2091 1296 catholica
2139 1247 2191 1293 et

586 1331 888 1404 apostolica
917 1334 1308 1390 communione
1338 1341 1661 1406 sequestrat.
1698 1334 1838 1390 Ilinc
1878 1334 2029 1389 enim
2069 1333 2190 1388 bea-

586 1429 675 1478 tus
705 1422 1000 1495 Gregorius
1030 1424 1194 1478 etiam
1222 1424 1287 1480 de
1318 1423 1578 1480 Ecclesiae
1607 1431 1819 1480 rectore
1847 1423 2014 1480 dicit:
2046 1422 2193 1493 Saepe

584 1511 643 1566 in
693 1510 994 1578 solvendis,
1043 1529 1106 1568 ac
1146 1511 1381 1584 ligandis
1419 1511 1677 1580 subditis,
1725 1529 1835 1567 suae
1885 1510 2192 1566 voluntatis

588 1607 790 1668 motus,
823 1600 917 1672 qui
940 1601 1200 1657 Ecclesiae
1231 1601 1436 1658 Christi
1465 1601 1791 1673 praepositus
1821 1607 1921 1667 est,
1948 1616 2059 1655 non
2102 1616 2192 1654 au.

585 1695 696 1743 tem
731 1705 1018 1745 causarum
1046 1689 1242 1744 merita
1270 1690 1540 1762 sequitur.
1564 1689 1719 1746 Unde
1750 1689 1812 1744 tit
1846 1696 1907 1743 ut
1945 1689 2063 1760 ipsa
2091 1687 2191 1742 hac

2305 517 2372 574 de
2412 519 2708 576 Hincmaro
2746 517 3123 575 accusationes
3162 515 3430 572 nefandas
3481 516 3855 573 continentem
3880 561 3894 587 ,

2306 609 2452 679 quod
2479 607 2647 664 scribi
2678 623 2790 663 non
2827 607 3103 674 decuerat,
3145 606 3275 680 quia
3313 605 3578 662 nefandas
3607 607 3896 663 accusatio-

2306 713 2402 752 nes
2431 696 2498 752 de
2529 697 2626 752 illo
2656 697 2813 752 vobis
2842 712 2953 753 non
2982 694 3306 767 scripsimus
3331 714 3344 763 ;
3381 695 3475 752 sed
3506 711 3628 767 quas
3661 695 3822 750 multi
3849 704 3896 750 et

2305 784 2565 858 episc0pi,
2599 792 2651 840 et
2681 786 2778 840 alii
2808 785 2917 840 viri
2945 785 3324 852 ecclesiastici,
3369 791 3422 839 et
3453 785 3727 856 primores
3755 785 3898 856 regni

2304 876 2498 945 nostri,
2532 885 2583 932 et
2605 875 2838 943 nobiles,
2871 884 2924 932 et
2952 876 3273 944 mediocres,
3315 885 3370 931 et
3417 875 3692 946 ignobiles
3719 874 3786 930 de
3810 875 3900 930 illo

2305 977 2436 1025 tunc
2465 966 2794 1034 fatebantur,
2825 977 2879 1023 et
2898 967 3079 1023 adhuc
3109 967 3371 1034 fatentur,
3407 966 3564 1022 vobis
3586 965 3901 1037 scripsimus

2303 1065 2668 1129 suggerentes,
2717 1063 2778 1110 ut
2809 1057 2939 1129 quia
2978 1073 3105 1112 cum
3151 1055 3425 1127 corrigere
3456 1053 3800 1120 volebamus,
3842 1070 3900 1108 ne

2303 1147 2371 1202 ad
2405 1147 2507 1202 hoc
2537 1147 2851 1216 perveniret
2881 1145 2947 1201 ad
2979 1145 3128 1218 quod
3165 1162 3222 1200 se
3252 1145 3366 1216 ipse
3397 1144 3644 1216 impegit,
3679 1152 3740 1198 ut
3772 1159 3901 1200 rue—

2304 1243 2405 1303 ret,
2440 1235 2598 1290 vobis
2628 1235 2860 1307 quisque
2890 1235 3208 1306 surriperet,
3234 1241 3525 1306 antequam
3549 1232 3676 1288 inde
3708 1232 3902 1289 verita-

2303 1331 2414 1380 tem
2461 1323 2754 1380 resciretis.
2790 1323 2893 1379 Sed
2934 1324 3061 1396 quia
3105 1321 3490 1394 multipliciter
3525 1328 3581 1377 et
3627 1321 3904 1378 multoties

2305 1412 2462 1468 illum
2481 1413 2970 1484 corripuimus,sed
2989 1412 3262 1483 corrigere
3279 1428 3389 1467 non
3414 1411 3790 1479 valuimus,ad
3808 1411 3902 1467 hoc

2305 1519 2475 1574 usque
2521 1501 2792 1574 pervenit,
2827 1501 2969 1558 sicut
3005 1501 3062 1556 in
3109 1501 3275 1572 gestis
3322 1500 3682 1572 synodalibus
3716 1509 3903 1557 vestrae

2304 1591 2619 1648 auctoritati
2650 1592 2872 1648 directis
2903 1591 3220 1647 invenietis.
3259 1591 3414 1646 Unde
3433 1590 3638 1646 obnixe
3670 1599 3903 1648 vestram

2303 1688 2686 1744 auctoritatem
2717 1687 3082 1759 deposcimus,
3115 1692 3176 1740 ut
3207 1684 3351 1740 sicut
3399 1683 3569 1739 vestri
3600 1683 3903 1738 decessores

583 1777 792 1850 ligandi
821 1787 875 1833 et
905 1778 1156 1834 solvendi
1188 1786 1456 1850 potestate
1484 1794 1539 1834 se
1569 1779 1771 1850 privet,
1801 1778 1895 1849 qui
1930 1777 2072 1832 hanc
2095 1793 2190 1847 pro
2223 1794 2268 1852 Β
2302 1793 2364 1831 ac
2411 1776 2866 1848 praedecessores,
2923 1773 3239 1830 dessoribus
3301 1789 3365 1828 ac
3419 1771 3902 1844 predecessoribus

581 1867 696 1922 suis
722 1866 1126 1934 voluntatibus,
1160 1873 1214 1921 et
1252 1882 1364 1921 non
1395 1882 1492 1936 pro
1535 1865 1908 1936 subjectorum
1947 1864 2193 1920 moribus

579 1963 817 2012 exercet.
860 1956 932 2010 Et
961 1972 1087 2010 cum
1127 1955 1243 2010 haec
1281 1955 1359 2009 ita
1389 1971 1444 2010 se
1475 1955 1734 2023 habeant,
1764 1956 1978 2026 egimus
2009 1962 2191 2009 tamen

579 2043 646 2100 de
676 2043 908 2100 Celsano
938 2043 1034 2115 qui
1070 2043 1410 2097 mendaciter
1458 2059 1544 2098 me
1574 2059 1644 2097 ex
1692 2042 1971 2098 mendacis
2012 2042 2191 2099 Hinc-

578 2132 716 2188 mari
748 2139 924 2204 parte,
947 2130 1106 2202 cujus
1127 2131 1388 2188 Ecclesia:
1408 2131 1518 2187 duo
1547 2133 1769 2189 circiter
1795 2133 1973 2187 millia
2005 2148 2191 2187 mansa

577 2222 702 2294 plus
731 2237 894 2294 quam
927 2228 1173 2292 tempore
1203 2227 1608 2276 antecessorum
1641 2229 1956 2276 nostrorum
1988 2221 2189 2276 habue-

578 2311 671 2378 rit,
705 2309 1054 2375 adauximus,
1089 2317 1142 2365 et
1185 2309 1351 2364 etiam
1383 2310 1556 2381 ipsius
1601 2317 1845 2382 tempore
1875 2312 1997 2382 plus
2027 2327 2187 2382 quam

577 2404 838 2452 sexcenta
883 2397 1278 2466 succrevimus,
1319 2397 1720 2454 distrahentem
1755 2399 2188 2455 ecclesiasticum

577 2492 784 2541 statum
825 2486 969 2558 apud
1013 2486 1373 2544 Sanctitatem
1414 2496 1651 2544 vestram
1694 2488 2006 2560 apostolicae
2046 2487 2189 2543 sedis

578 2575 897 2646 pontiﬁcem
925 2576 1222 2630 accusavit.
1244 2575 1349 2630 Sed
1379 2583 1432 2631 et
1471 2576 1539 2631 de
1569 2577 1834 2632 Walcone
1865 2584 1917 2631 et
1939 2577 2189 2632 Bernone

577 2661 834 2732 perjuris,
866 2669 920 2717 et
951 2663 1098 2733 regia
1121 2671 1308 2718 nostra
1338 2663 1667 2720 inﬁdelitate
1698 2666 1924 2734 notatis,
1955 2683 2019 2722 ac
2049 2665 2188 2736 fugi-

578 2750 730 2818 tivis,
770 2749 913 2804 sicut
943 2749 1103 2805 nobis
1132 2767 1200 2805 ex
1231 2759 1412 2806 vestra
1437 2761 1590 2824 parte
1619 2754 1885 2825 scriptum
1917 2761 2019 2822 est,
2063 2753 2184 2809 obe-

577 2841 845 2908 divimus,
877 2856 989 2894 non
1037 2841 1384 2896 attendentes
1414 2843 1640 2898 illorum
1688 2845 1992 2912 mendacia,
2026 2851 2080 2900 et
2127 2845 2185 2899 in

576 2943 676 2984 nos
707 2927 882 2984 dictas
905 2927 1232 2995 calumnias,
1272 2928 1366 2984 sed
1405 2931 1718 3000 apostolicae
1740 2932 1885 2987 sedis
1910 2932 2182 2988 honorem

574 3037 638 3076 ac
682 3020 1091 3089 reverentiam;
1153 3020 1298 3076 unde
1339 3029 1399 3077 ut
1436 3039 1562 3078 cum
1587 3039 1714 3094 pace
1745 3023 1965 3080 etvenia
2004 3033 2186 3082 vestra

575 3109 843 3178 dicamus,
877 3126 996 3182 quae
1036 3111 1205 3166 vestri
1236 3110 1530 3166 ministerii
1567 3120 1716 3181 sunt,
1757 3113 2072 3185 apostolicae
2104 3131 2182 3170 se-
2220 3153 2263 3212 Ο

576 3203 663 3260 dis
709 3203 987 3272 mandata,
1039 3204 1355 3276 evangelica
1384 3205 1614 3262 veritate
1661 3214 1714 3261 et
1745 3207 2064 3279 apostolica,
2103 3215 2182 3263 at-

576 3310 680 3367 que
711 3295 976 3350 canonica
1021 3295 1372 3364 auctoritate,
1405 3298 1706 3353 secundum
1736 3298 2014 3352 tramitem
2063 3313 2180 3354 san-

579 3391 792 3439 ctarum
823 3383 1230 3456 Scripturarum
1268 3385 1735 3458 traditionemque
1777 3385 2045 3458 majorum
2073 3387 2182 3442 suf-

580 3473 721 3530 fulta
741 3474 1007 3546 recipere,
1033 3483 1088 3531 et
1109 3475 1188 3531 eis
1216 3473 1458 3530 obedire.
1485 3476 1556 3529 Et
1575 3478 1684 3530 tale
1705 3474 1932 3532 honoris
1960 3474 2182 3547 privile-

578 3562 729 3632 gium
753 3562 1012 3616 volumus
1037 3577 1385 3627 conservare,
1408 3570 1461 3616 et
1491 3563 1837 3618 obaudiendo
1865 3563 2022 3619 vobis
2050 3581 2180 3636 pon-

577 3638 716 3704 titici
764 3648 1076 3718 apostolicae
1123 3648 1269 3703 sedis
1312 3649 1618 3720 dependere
1657 3650 1716 3704 in
1749 3650 1990 3721 primatu
2035 3651 2178 3708 beati

577 3735 724 3790 Petri
756 3737 1131 3806 apostolorum
1171 3735 1458 3808 principis,
1492 3737 1715 3792 Domini
1740 3754 1871 3793 voce
1903 3748 2178 3811 percepto,

577 3823 746 3897 quod,
790 3824 1038 3882 Ecclesia
1066 3824 1453 3896 subsequente,
1506 3825 1683 3880 tenuit
1713 3842 1926 3896 semper
1973 3815 2026 3882 et
2055 3829 2179 3883 reti-

575 3921 669 3968 net
697 3932 708 3969 :
743 3913 886 3970 sicut
924 3920 978 3967 et
1024 3913 1198 3968 sancti
1239 3928 1474 3969 canones
1503 3921 1555 3968 et
1585 3929 1749 3969 sacrae
1798 3915 1940 3985 leges
1967 3931 1997 3970 a
2024 3915 2179 3972 Chri-

575 4002 772 4056 stianis
802 4001 1225 4072 imperatoribus
1256 4003 1613 4074 promulgatae
1645 4002 1822 4058 eidem
1847 4003 2036 4074 primae
2065 4005 2180 4061 sedi

574 4089 900 4158 deferentes,
951 4090 1368 4160 demonstrant;
1421 4099 1476 4148 et
1522 4091 1666 4148 sicut
1716 4092 2026 4150 decessores
2055 4137 2070 4164 ,
2117 4113 2180 4154 ac

573 4179 998 4252 praedecessores
1029 4181 1205 4236 nostri
1236 4180 1414 4238 eidem
1445 4189 1644 4238 sanctze
1685 4181 1801 4239 sedi
1841 4182 2177 4256 detulerunt,

573 4276 628 4324 et
676 4277 859 4325 vestra
907 4267 1211 4340 paternitas
1255 4269 1336 4326 sic
1387 4268 1636 4325 debitum
1703 4270 1969 4329 honorem
2021 4273 2180 4331 nobis

574 4357 880 4428 exhibeat,
935 4358 1077 4415 sicut
1120 4358 1206 4414 sui
1249 4357 1595 4428 decessores,
1644 4375 1706 4416 ac
1760 4362 2179 4432 praedecessores

573 4445 904 4504 Christianis
950 4448 1322 4505 Romanorum
1363 4449 1809 4522 imperatoribus,
1843 4459 1897 4507 et
1944 4453 2176 4509 Franco-

574 4527 696 4593 rum
727 4539 966 4611 regibus,
987 4540 1224 4612 itemque
1248 4541 1618 4596 Romanorum
1648 4547 1702 4596 et
1724 4541 2055 4597 Francorum
2076 4543 2174 4599 im-

572 4629 938 4698 peratoribus,
957 4628 1397 4699 progenitoribus
1418 4628 1620 4684 nostris
1647 4628 2038 4686 exhibuerunt.
2059 4629 2169 4688 Cae-

575 4720 752 4769 terum
775 4716 1155 4782 taleslitteras,
1181 4725 1235 4772 et
1261 4725 1444 4772 vestro
1466 4717 1777 4773 ministerio
1807 4718 2168 4792 incongruen-

574 4811 674 4870 tes,
706 4811 759 4858 et
787 4811 986 4860 nostrae
1017 4805 1176 4876 regiae
1211 4805 1467 4878 dignitati
1496 4822 1560 4862 ac
1605 4808 1860 4876 potestati
1901 4808 2166 4866 inconve-

572 4895 807 4963 nientes,
858 4892 1001 4950 sicut
1030 4894 1189 4950 nobis
1218 4909 1288 4950 ex
1331 4901 1512 4950 vestro
1564 4894 1788 4950 nomine
1831 4895 2163 4969 diriguntur,

570 5001 684 5042 non
713 5001 744 5041 a
789 4983 948 5041 vobis
995 4999 1170 5057 neque
1220 5000 1250 5040 a
1278 4991 1465 5041 sancta
1513 4983 1755 5040 Romana
1801 4985 2050 5042 Ecclesia
2107 4989 2165 5046 in

570 5075 831 5132 omnibus
860 5090 1073 5146 semper
1110 5073 1502 5130 discretissima
1531 5079 1695 5146 atque
1733 5074 2050 5133 cautissima
2087 5078 2166 5134 di-

568 5181 742 5230 ctatas
787 5170 1134 5240 crediderim,
1177 5170 1437 5245 quoniam
1473 5170 1590 5244 ipsa
1636 5179 1822 5228 sancta
1849 5172 2003 5229 sedes
2039 5189 2162 5232 cum

568 5261 837 5319 modestia
870 5269 925 5318 et
970 5261 1300 5319 discretione
1338 5275 1552 5332 semper
1597 5259 1891 5333 corripere,
1936 5269 1990 5319 et
2023 5263 2163 5320 salu-

564 5344 738 5406 briter
763 5351 1035 5424 corrigere
1079 5349 1382 5408 secundum
1412 5347 1846 5424 uniuscujusque
1876 5366 2161 5422 personam

563 5449 618 5495 et
666 5439 915 5498 ordinem
955 5441 1117 5498 solita
1165 5438 1288 5497 fuit.
1330 5438 1550 5496 Servate
1589 5455 1715 5511 ergo
1752 5447 1952 5495 nostrae
2000 5442 2160 5514 regiae

561 5530 836 5598 potestati,
886 5547 1006 5602 quae
1047 5536 1233 5585 nostra
1271 5537 1421 5600 sunt,
1454 5537 1506 5585 et
1537 5529 1698 5586 liceat
1737 5529 1896 5586 nobis
1945 5547 2160 5588 servare

557 5621 750 5671 vestrae
783 5617 1086 5687 pontiﬁcali
1119 5617 1458 5685 auctoritati,
1485 5632 1604 5689 quae
1629 5625 1808 5674 vestra
1839 5623 1986 5676 sunt.
2018 5618 2158 5678 Scri-

2302 1866 2524 1935 nostris,
2563 1873 2616 1920 et
2658 1863 3198 1937 archiepiscOporum
3228 1877 3292 1917 ac
3321 1861 3705 1933 episcoporum
3754 1862 3898 1932 regni

2302 1955 2474 2009 nostri
2505 1953 2688 2009 debita
2721 1962 2773 2010 et
2802 1951 3170 2010 ecclesiastica
3205 1951 3514 2024 privilegia,
3547 1951 3900 2024 dignitatum-

2301 2059 2404 2115 que
2446 2042 2850 2110 distinctiones,
2893 2059 2924 2097 a
2963 2042 3131 2098 sacris
3170 2041 3386 2096 decreta
3438 2047 3601 2112 atque
3641 2040 3898 2098 distincta

2299 2131 2604 2190 canonibus
2633 2149 2703 2188 ex
2731 2134 2959 2205 antiqua
3007 2129 3408 2189 consuetudine
3437 2141 3896 2188 conservaverunt

2301 2223 2478 2292 nobis,
2512 2223 2605 2279 sed
2628 2231 2682 2279 et
2709 2221 2822 2278 illis
2851 2223 3014 2277 etiam
3050 2221 3106 2276 in
3127 2222 3230 2277 hac
3259 2236 3420 2277 causa
3449 2236 3780 2277 conservare
3802 2230 3897 2278 stu-

2299 2313 2492 2382 deatis,
2540 2322 2809 2386 quatenus
2855 2314 2999 2369 sicut
3045 2321 3269 2370 sanctus
3307 2312 3444 2368 dicit
3490 2312 3814 2384 Gregorius,
3851 2322 3897 2368 et

2298 2407 2600 2480 apostolica
2625 2406 2778 2462 sedes
2826 2405 3109 2478 preprium
3140 2405 3386 2477 vigorem
3423 2404 3678 2472 retineat,
3711 2413 3772 2460 et
3798 2421 3827 2459 a
3850 2421 3895 2460 se

2299 2513 2554 2554 concessa
2597 2496 2720 2552 aliis
2767 2512 2865 2551 sua
2910 2494 3039 2566 jura
3092 2512 3203 2551 non
3261 2495 3492 2550 minuat.
3551 2495 3728 2551 Multa
3783 2504 3894 2551 sunt

2297 2586 2445 2642 enim
2479 2585 2546 2642 de
2575 2583 2794 2657 quibus,
2840 2600 2966 2639 cum
2993 2582 3100 2652 his,
3142 2601 3212 2640 ex
3247 2585 3449 2658 quibus
3487 2584 3781 2657 judicatus
3809 2594 3893 2654 est,

2297 2675 2621 2748 regulariter
2665 2673 3030 2746 judicaretur,
3083 2673 3128 2728 si
3174 2689 3284 2729 non
3331 2673 3542 2731 diutius
3587 2673 3648 2729 in
3691 2673 3894 2747 synodo

2298 2763 2535 2820 residere
2584 2763 2794 2820 liceret.
2845 2762 2951 2818 Sed
2984 2761 3115 2835 quia
3159 2779 3378 2819 necesse
3418 2763 3576 2819 nobis
3630 2763 3744 2818 fuit
3787 2779 3892 2820 cum

2297 2852 2625 2926 quibusdam
2675 2852 2947 2925 episcopis
2989 2851 3058 2908 ad
3099 2852 3439 2925 colloquium
3484 2851 3678 2908 fratris
3730 2850 3894 2909 nostri
3973 2921 3980 2930 .

2296 2960 2394 3014 pro
2423 2942 2872 3000 reconciliatione
2904 2940 3144 2996 ﬁliorum
3179 2939 3297 3013 ejus
3335 2941 3401 2997 ad
3431 2949 3639 3014 patrem
3672 2941 3886 2997 illorum

2295 3040 2348 3088 et
2389 3032 2612 3087 fratrem
2643 3038 2914 3098 nostrum,
2949 3029 3276 3102 quantocius
3324 3030 3608 3098 festinare,
3643 3046 3714 3086 ne
3747 3046 3893 3087 com-

2295 3129 2444 3176 mota
2475 3119 2764 3189 seditione,
2797 3128 2851 3176 et
2869 3119 2984 3192 jam
3020 3120 3356 3194 propinquos
3390 3119 3534 3177 inter
3572 3137 3630 3176 se
3662 3136 3890 3193 compu-

2295 3223 2523 3288 gnantes
2552 3213 2992 3271 Christianorum
3023 3213 3388 3286 parricidialis
3411 3213 3633 3285 sanguis
3653 3211 3884 3269 effunde-

2295 3311 2466 3372 retur,
2497 3310 2550 3359 et
2579 3302 2682 3359 hac
2721 3300 2787 3357 de
2817 3317 2980 3357 causa
3019 3299 3369 3357 ecclesiarum
3421 3300 3519 3356 Dei
3555 3317 3645 3357 res
3674 3301 3888 3357 scinde-

2295 3404 2504 3463 rentur,
2554 3402 2608 3450 et
2635 3391 2978 3449 sacerdotum
3013 3408 3074 3448 ac
3121 3407 3403 3448 servorum
3455 3390 3555 3446 Dei
3605 3391 3888 3447 facultates

2294 3483 2684 3557 diriperentur,
2716 3489 2769 3536 et
2799 3497 3062 3553 pauperes
3091 3480 3570 3553 depopularentur.
3615 3482 3694 3537 De
3723 3480 3884 3536 omni-

2293 3573 2416 3642 bus,
2465 3572 2532 3628 de
2563 3571 2762 3645 quibus
2800 3569 3175 3637 accusabatur,
3212 3567 3424 3639 judicia
3458 3575 3608 3625 certa
3645 3568 3881 3642 synodus

2294 3661 2660 3718 determinare
2690 3673 2800 3713 non
2835 3655 3035 3730 potuit.
3069 3656 3465 3713 Verumtamen
3498 3656 3555 3712 in
3585 3657 3673 3712 his
3703 3659 3882 3729 gestis,

2294 3766 2412 3822 quae
2440 3756 2636 3804 vestrae
2666 3744 2980 3802 auctoritati
3012 3744 3331 3813 mittuntur,
3373 3760 3696 3818 cognoscere
3734 3755 3885 3818 pote-

2293 3839 2416 3894 ritis
2445 3853 2608 3910 quam
2640 3837 2859 3895 diutino
2889 3843 3153 3908 tempore,
3188 3851 3288 3890 nos
3325 3843 3380 3890 et
3422 3835 3667 3908 episcopi
3698 3845 3756 3893 et
3782 3835 3884 3909 pri-

2294 3940 2470 3980 mores
2501 3925 2654 3997 regni
2684 3926 2883 3994 nostri,
2917 3923 3034 3996 ejus
3063 3921 3454 3996 improbabiles
3481 3932 3538 3979 et
3559 3923 3885 3996 importabi-

2295 4011 2372 4091 les
2396 4030 2575 4070 mores
2599 4021 2653 4070 et
2677 4022 2837 4072 actus
2860 4029 2985 4070 cum
3019 4011 3202 4068 labore
3228 4011 3473 4067 maximo
3504 4012 3878 4068 sustinuimus.

2292 4102 2634 4179 Quapropter
2663 4108 2730 4164 de
2763 4107 2860 4163 illo
2890 4114 3072 4162 vestra
3114 4105 3448 4179 pontiﬁcalis
3477 4107 3798 4173 auctoritas,
3830 4112 3883 4158 ut

2291 4195 2585 4266 credimus,
2619 4197 2781 4252 faciet
2801 4196 2947 4269 quod
2979 4196 3177 4268 regulae
3209 4211 3374 4252 sacrae
3421 4193 3769 4261 decernunt;
3798 4207 3882 4246 vos

2293 4289 2474 4340 tamen
2497 4285 2864 4342 certissimum
2885 4283 3187 4354 reddimus,
3212 4284 3341 4357 quia
3359 4283 3613 4356 quandiu
3634 4298 3735 4338 nos
3753 4283 3882 4338 Deus

2290 4373 2347 4429 in
2379 4376 2532 4446 regni
2562 4375 2826 4449 regimine
2847 4375 3277 4442 conservaverit,
3303 4373 3649 4447 episcopium
3680 4371 3881 4430 Laudu-

2289 4481 2454 4523 nense
2474 4467 2621 4524 idem
2648 4468 2977 4526 Hincmarus
2999 4468 3055 4524 in
3078 4485 3178 4524 suo
3201 4466 3469 4540 regimine
3491 4484 3606 4524 non
3632 4465 3878 4530 habebit;

2283 4556 2372 4612 cui
2419 4558 2810 4627 concessimus,
2863 4557 3118 4631 quamvis
3167 4573 3279 4613 non
3319 4566 3616 4622 mereatur,
3669 4557 3879 4630 pietatis

2280 4645 2507 4718 intuitu,
2537 4657 2599 4704 ut
2627 4650 2941 4721 quicunque
2982 4649 3049 4704 de
3079 4646 3314 4714 clericis,
3345 4655 3403 4703 et
3430 4647 3496 4703 de
3528 4646 3753 4702 familia
3782 4646 3877 4719 epi-

2277 4736 2451 4809 scopii
2485 4737 2865 4793 Laudunensis
2916 4753 3134 4810 pergere
3164 4737 3351 4804 vellet,
3383 4736 3664 4792 licentiam
3702 4735 3875 4792 habe-

2277 4831 2379 4882 ret.
2416 4825 2797 4883 Venerabilem
2819 4825 3057 4897 denique
3078 4823 3403 4894 Actardum,
3427 4841 3590 4898 quem
3621 4825 3808 4881 clerus
3827 4833 3872 4878 et

2277 4913 2430 4986 plebs
2457 4914 2780 4986 metropolis
2807 4914 3049 4972 ecclesiae
3095 4913 3434 4970 Turonensis
3478 4915 3540 4970 in
3567 4913 3765 4970 eadem
3791 4929 3877 4970 ec-

2275 5003 2440 5060 clesia
2470 5003 2827 5076 baptizatum,
2859 5012 3078 5061 tonsum
3119 5011 3172 5060 et
3213 5003 3510 5072 nutritum,
3547 5011 3602 5060 et
3630 5019 3734 5076 per
3763 5005 3876 5059 sin—

2275 5095 2429 5166 gulos
2475 5093 2674 5166 gradus
2723 5094 2792 5151 ad
2842 5093 3093 5150 ordinem
3151 5094 3497 5166 episcopatus
3553 5101 3874 5167 provectum

2273 5183 2379 5238 sibi
2429 5181 2766 5239 incardinari
2813 5182 3078 5256 deposcit,
3107 5197 3379 5256 quemque
3411 5191 3596 5239 vestra
3624 5181 3876 5256 paterni-

2270 5280 2353 5328 tas
2396 5273 2555 5330 nobis
2587 5272 3067 5342 incardinandum,
3117 5279 3172 5327 et
3198 5271 3314 5345 jam
3345 5273 3391 5328 si
3424 5271 3581 5328 locus
3629 5269 3879 5328 eveniret

2270 5362 2329 5419 in
2360 5364 2562 5422 nostris
2590 5363 2927 5438 regionibus,
2957 5364 3015 5420 in
3037 5364 3329 5437 metropoli
3349 5363 3797 5431 commendavit,
3829 5369 3877 5415 et

2269 5453 2360 5511 cui
2412 5454 2677 5513 hactenus
2727 5455 3012 5513 ecclesiam
3058 5462 3346 5511 vacantem
3399 5462 3640 5528 pastore,
3700 5451 3879 5509 donec

2269 5548 2422 5607 locus
2448 5567 2724 5625 congruus
2745 5551 2803 5608 in
2825 5567 2994 5625 regno
3021 5558 3204 5608 vestro
3225 5549 3555 5622 aperiretur,
3589 5554 3651 5603 ut
3665 5543 3881 5602 ibidem

2268 5639 2590 5712 regulariter
2637 5639 2974 5700 incardinari
3015 5648 3216 5715 posset,
3257 5654 3357 5713 pro
3396 5644 3582 5696 vestra
3621 5633 3881 5708 depreca-

3991 4706 3993 4785 1

3989 4813 3991 4865 1

3987 4881 3989 4947 1

3983 4961 3987 5040 1

3980 5041 3985 5107 1

3980 5119 3983 5187 1

3971 5197 3981 5591 1

3965 5601 3971 5672 1

3967 5691 3969 5751 1

3959 5757 3967 5994 1

3951 5995 3961 6099 1
