4070 6178
260 257 374 316 881

1731 255 2118 314 ΕΡΙΞΤΟΙΑΕ.

3467 258 3574 319 882

256 408 420 467 tione
467 404 875 473 concessimus;
925 405 1240 463 auctoritati
1270 413 1464 462 vestra;
1499 406 1861 481 remittimus,
1891 409 1942 470 A
1970 407 2106 464 bilia
2135 406 2295 463 nobis
2325 405 2527 480 scripta
2560 406 2857 479 impetrare
2900 407 3278 480 nequivimus,
3319 414 3383 464 ut
3412 410 3580 482 quie-_

263 503 547 573 quatenus
575 494 740 551 illum
761 495 818 550 in
849 494 1075 567 praefata
1096 495 1412 567 metropoli,
1426 512 1490 552 eo
1505 497 1550 552 si
1580 497 1740 554 vobis
1758 499 1869 570 pla-

257 596 356 648 cet
381 595 573 643 tenore
603 583 1079 656 archiepiscopum
1117 581 1499 652 incardinetis,
1536 596 1598 643 ut
1632 595 1751 660 post
1781 586 1869 643 de-

258 691 482 734 cessum
535 674 691 730 illius
724 673 962 745 praefatae
1006 671 1299 745 metropoli
1347 675 1610 744 ecclesia,
1641 676 1773 733 cleri
1817 685 1870 734 et

257 765 448 840 plebis
480 764 772 832 electione,
824 762 968 819 sicut
1013 763 1215 834 regulae
1245 779 1411 820 sacrae
1437 765 1785 838 praecipiunt,
1817 774 1870 823 et

257 865 426 912 vetus
453 853 797 911 consuetudo
832 852 1026 924 exigit,
1048 868 1079 908 a
1096 853 1451 926 suﬂ'raganeis
1478 861 1532 909 et
1562 856 1868 926 provincia-

257 945 416 1002 libus
433 943 709 1016 episcopis
730 941 936 998 ibidem
950 943 1406 1014 metropolitanus
1423 943 1710 1000 ordinetur
1729 945 1868 1001 anti-

260 1042 396 1091 stes.
427 1033 675 1090 Tandem
723 1031 782 1087 in
813 1031 1212 1104 omnipotentis
1236 1033 1335 1088 Dei
1366 1032 1596 1102 honore,
1624 1042 1678 1089 et
1708 1050 1866 1090 vene-

261 1124 482 1179 ratione
515 1129 834 1179 sanctorum
865 1121 1240 1193 apostolorum
1273 1138 1370 1177 vos
1399 1122 1775 1196 deprecamur,
1806 1131 1868 1180 ut

263 1214 402 1270 tales
430 1209 882 1268 inhonorationis
912 1219 1112 1268 nostra;
1143 1211 1420 1284 epistolas,
1448 1213 1688 1286 taliaque
1717 1230 1866 1269 man-

263 1303 418 1371 data,
466 1300 612 1358 sicut
649 1300 918 1357 hactenus
947 1317 1016 1356 ex
1046 1301 1271 1356 nomine
1298 1309 1480 1358 vestro
1516 1301 1678 1358 nobis
1706 1318 1866 1357 vene-

263 1403 423 1462 runt,
470 1393 633 1450 nobis
671 1402 725 1449 et
772 1407 1068 1465 regnorum
1103 1399 1418 1446 nostrorum
1463 1392 1756 1464 episcopis,
1807 1407 1868 1447 ac

263 1483 608 1556 primoribus
637 1481 869 1538 ulterius
899 1497 1010 1536 non
1042 1479 1315 1536 mandetis
1337 1488 1390 1535 et
1420 1497 1531 1537 non
1561 1483 1868 1554 compella-

263 1572 345 1628 tis
364 1589 470 1628 nos
499 1570 754 1628 mandata
778 1589 790 1638 ;
826 1576 879 1626 et
927 1569 1187 1642 epistolas
1215 1579 1426 1626 vestras
1455 1569 1866 1628 inhonorandas

265 1669 647 1729 contemnere,
678 1668 729 1716 et
770 1660 967 1716 missos
990 1668 1203 1716 vestros
1235 1659 1598 1730 dehonorare,
1633 1661 1725 1734 qui
1758 1678 1868 1717 vo-

265 1751 363 1807 bis
392 1752 451 1807 in
479 1751 582 1817 his,
615 1767 730 1822 quae
758 1749 825 1805 ad
873 1757 1118 1806 vestrum
1152 1749 1524 1806 ministerium
1564 1752 1863 1824 pertinent,

263 1838 570 1896 secundum
605 1838 975 1894 ministerium
1005 1847 1256 1894 nostrum
1287 1839 1543 1912 cupimus
1570 1839 1865 1912 obtempe-

259 1945 406 1984 rare.
439 1928 569 1995 Qum
603 1944 704 2000 pro
731 1929 900 1984 vestri
931 1927 1142 1984 honore
1164 1927 1864 2002 privilegiidicimus,quia

260 2018 446 2086 vobis,
475 2017 619 2074 sicut
644 2034 838 2074 revera
858 2034 888 2074 a
908 2018 1119 2075 vicario
1138 2017 1284 2074 beati
1312 2017 1457 2073 Petri
1488 2021 1863 2090 apostolorum

261 2104 604 2178 principisin
637 2106 899 2163 omnibus
928 2107 1113 2164 debite
1146 2123 1209 2164 ac
1237 2114 1612 2179 competenter
1640 2107 1863 2163 obedire

264 2193 664 2259 desideramus,
693 2203 749 2250 et
777 2211 846 2250 ne
877 2194 1039 2250 aliter
1059 2192 1297 2261 eveniat,
1330 2209 1523 2249 cavere
1551 2209 1648 2265 per
1676 2193 1865 2250 omnia

262 2277 540 2353 cupimus,
591 2297 654 2338 ac
694 2291 934 2340 vestram
991 2281 1348 2339 Sanctitatem
1392 2282 1634 2355 idipsum
1673 2299 1865 2340 cavere

260 2371 474 2428 humili
494 2389 653 2444 prece
677 2373 1047 2446 deposcimus.
1072 2375 1218 2430 Deus
1235 2371 1586 2444 omnipotens
1607 2371 1674 2428 ad
1694 2372 1864 2428 hono-

264 2477 407 2530 rem,
437 2470 492 2518 et
521 2463 882 2519 salvationem
914 2472 1076 2536 atque
1100 2461 1493 2519 exaltationem
1524 2469 1724 2519 sanctae
1755 2479 1864 2518 suae

260 2551 548 2619 Ecclesiae,
580 2569 679 2609 vos
719 2568 814 2624 per
842 2552 1028 2608 omnia
1058 2567 1325 2607 annorum
1355 2551 1632 2608 curricula
1649 2568 1862 2607 conser-

261 2655 394 2694 vare
438 2641 715 2714 dignetur,
760 2641 983 2697 domine
1028 2641 1390 2709 sanctissime,
1423 2648 1585 2714 atque
1613 2656 1863 2697 reveren-

261 2734 494 2792 dissime
523 2733 685 2790 Pater
714 2731 774 2788 in
802 2731 1063 2789 Domino.

798 2873 1141 2931 EPISTOLA
1177 2873 1324 2929 VIII.

891 2990 960 3028 AD
999 2987 1255 3029 EUKDEM.

1980 505 2087 552 tem
2116 496 2266 570 pacis
2289 503 2342 552 et
2370 496 2802 564 venerationem,
2835 510 3000 568 quam
3035 496 3180 568 apud
3207 505 3571 556 antecessores

1980 595 2189 642 vestros
2218 586 2394 642 nostri
2427 587 2738 643 decessores
2768 593 2822 643 et
2851 602 2953 642 nos
2980 586 3294 655 habuimus,
3313 603 3571 660 quoquo-

1980 678 2144 734 modo
2197 676 2445 732 obtinere
2499 693 2804 748 possemus,
2861 676 3185 749 scripsimus
3249 677 3408 733 vobis
3476 694 3573 750 per

1979 766 2278 824 Actardum
2308 766 2645 838 episcopum,
2677 773 2731 821 et
2753 765 3195 822 mansuetudinis
3213 774 3413 822 nostrae
3434 767 3572 841 lega-

1977 865 2116 926 tum,
2145 857 2472 930 singillatim
2494 873 2555 912 ac
2576 856 2790 913 viritim
2814 871 2976 929 quam
3000 856 3449 916 inconvenientia
3475 875 3572 932 pro

1978 947 2275 1004 Hincmaro
2297 945 2573 1020 quondam
2596 944 2948 1002 Laudunensi
2965 944 3221 1018 episcopo
3250 963 3318 1002 ex
3349 949 3575 1007 nomine

1977 1044 2161 1092 vestro
2189 1036 2350 1092 nobis
2379 1036 2580 1109 scripta
2610 1036 2834 1092 fuerunt
2865 1053 2876 1092 :
2915 1053 3035 1109 quae
3063 1052 3164 1093 nos
3186 1053 3217 1092 a
3245 1037 3406 1093 vobis
3434 1053 3574 1112 pro-

1976 1125 2202 1181 cessisse
2236 1141 2348 1180 non
2373 1124 2749 1193 credebamus,
2774 1132 3028 1196 putantes
3058 1141 3158 1181 nos
3179 1125 3392 1181 ratione
3413 1143 3576 1182 com—

1978 1223 2130 1286 perta
2174 1214 2242 1269 ab
2291 1214 2811 1285 incompetentibus,
2862 1230 2983 1286 quae
3031 1214 3268 1269 aliorum
3305 1215 3575 1274 instinctu

1975 1305 2138 1362 nobis
2178 1312 2403 1362 eatenus
2449 1304 2651 1377 scripta
2692 1305 2938 1373 fuerunt,
2987 1306 3260 1360 calamum
3289 1321 3568 1362 revocare.

1977 1393 2080 1450 Sed
2111 1410 2204 1466 spe
2245 1410 2388 1449 vana
2416 1393 2695 1450 frustratis
2723 1394 2882 1449 aliter
2925 1391 3088 1449 nobis
3113 1409 3275 1466 quam
3308 1393 3576 1465 speraba-

1977 1501 2101 1540 mus
2146 1484 2350 1539 evenit.
2403 1483 2466 1538 In
2497 1483 2675 1553 capite
2718 1482 2920 1555 quippe
2952 1482 3281 1551 litterarum,
3316 1499 3450 1556 quas
3480 1500 3578 1555 per

1977 1574 2265 1646 praefatum
2294 1571 2598 1628 Actardum
2629 1571 2948 1644 episcopum
2980 1571 3140 1627 nobis
3168 1581 3349 1628 vestra
3368 1572 3575 1633 direxit

1976 1663 2294 1734 paternitas,
2322 1660 2566 1717 auditam
2597 1659 2931 1717 laudabilem
2961 1660 3249 1716 charitatis
3271 1668 3324 1716 et
3347 1661 3575 1734 sapien-

1898 1765 1943 1825 Β
1975 1753 2065 1809 tiae
2094 1758 2294 1807 nostra)
2318 1749 2754 1821 magnitudinem
2777 1766 2876 1804 vos
2896 1749 3203 1820 praetulisse
3231 1749 3570 1819 invenimus,

1975 1849 2028 1898 et
2049 1857 2179 1897 mox
2194 1840 2262 1896 do
2281 1848 2561 1910 comperto
2592 1855 2874 1894 murmure
2895 1847 2947 1895 et
2973 1839 3314 1894 tumultuoso
3334 1840 3576 1896 clamore

1976 1931 2234 1988 indebitae
2283 1927 2723 2000 reprehensionis
2765 1927 3027 1984 adversus
3061 1929 3446 2000 paternitatem
3477 1945 3575 1984 ve-

1975 2027 2144 2076 stram
2207 2034 2307 2074 nos
2354 2017 2642 2073 denotatos
2696 2017 3037 2088 reperimus:
3092 2017 3280 2088 sicque
3327 2017 3573 2073 auditam

1977 2115 2219 2165 nostram
2249 2104 2572 2178 sapientiam
2590 2104 2968 2172 collaudastis,
2991 2112 3053 2159 ut
3082 2103 3238 2178 quasi
3265 2103 3572 2172 honestius,

1975 2209 2029 2256 et
2064 2215 2255 2256 revera
2283 2198 2558 2265 onustius,
2592 2213 2693 2252 nos
2735 2196 2915 2252 solitis
2961 2195 3316 2252 contumeliis
3359 2195 3574 2251 allicere

1976 2288 2289 2357 volueritis,
2314 2303 2476 2360 quem
2513 2302 2624 2341 non
2642 2301 2738 2358 per
2764 2284 3165 2356 insipientiam,
3188 2284 3282 2339 sed
3300 2301 3395 2355 per
3415 2283 3574 2340 indu-

1975 2378 2167 2435 striam
2200 2377 2258 2432 in
2290 2373 2728 2430 murmuratione
2758 2379 2812 2428 et
2843 2372 3082 2428 clamore
3111 2379 3302 2428 contra
3331 2371 3572 2428 debitam

1975 2473 2302 2530 charitatem
2330 2468 2650 2541 delinquere
2687 2463 3169 2533 demonstrabatis,
3199 2467 3252 2518 et
3294 2463 3450 2536 quasi
3502 2462 3571 2518 ad

1975 2581 2071 2622 ora
2116 2559 2326 2619 vasculi
2374 2557 2536 2614 melle
2588 2556 2742 2624 illiti,
2775 2564 2829 2612 et
2857 2556 2924 2612 de
2955 2556 3145 2611 eodem
3182 2553 3336 2612 fonte
3365 2570 3473 2627 quo
3521 2561 3575 2611 et

1975 2661 2100 2711 ante
2145 2652 2325 2709 missae
2357 2650 2554 2707 litterae
2587 2650 2705 2704 istae
2735 2647 3065 2720 posteriores
3096 2645 3257 2701 nobis
3291 2644 3572 2718 pernicio-

1975 2763 2097 2804 sum
2128 2745 2389 2818 poculum
2411 2742 2866 2814 propinaverunt,
2889 2739 3124 2795 fatentes
3145 2737 3260 2804 illa,
3292 2752 3411 2810 quae
3436 2736 3571 2791 alio-

1977 2853 2099 2893 rum
2132 2834 2402 2892 instinctu
2444 2840 2497 2889 et
2525 2847 2639 2888 non
2669 2847 2700 2887 a
2726 2828 2887 2886 vobis
2928 2824 3254 2900 processisse
3299 2824 3572 2883 credeba-

1977 2943 2118 2994 mus,
2149 2931 2330 2980 vestra
2354 2922 2544 2979 fuisse.
2610 2949 2613 2951 -

2043 3015 2180 3072 Nam
2214 3013 2271 3069 in
2291 3009 2727 3085 praecedentibus
2755 3006 2958 3064 litteris
3003 3021 3102 3061 nos
3132 3002 3438 3076 perjurum,
3471 3010 3575 3074 ty-

257 3084 417 3142 Bim's
452 3085 693 3143 Adriani
721 3086 913 3142 litteris
945 3091 1310 3158 exasperatus,
1341 3085 1413 3140 ad
1441 3091 1694 3156 utrasque
1715 3099 1864 3139 com-

1981 3119 2235 3171 rannum,
2263 3084 2325 3158 ac
2355 3100 2646 3174 perﬁdum,
2680 3105 2733 3152 et
2758 3096 3142 3153 distractorem
3176 3108 3359 3147 rerum
3385 3091 3572 3147 ecclo-

505 3178 725 3232 motiore
757 3177 1102 3249 aliquantum
1126 3176 1308 3232 animo
1337 3175 1634 3248 respondet.

457 3287 570 3363 [Ex
617 3291 756 3363 Opp.
801 3290 1104 3359 Hincmari,
1154 3299 1290 3348 tom.
1337 3291 1407 3358 II,
1439 3307 1495 3361 p.
1538 3288 1689 3361 701.]

336 3385 705 3443 Sanctissimo
725 3403 789 3442 ac
807 3386 1257 3443 reverentissimo
1275 3385 1426 3442 Patri
1444 3388 1703 3440 ADRIANO
1723 3401 1870 3440 sum-

265 3492 360 3532 mo
387 3475 642 3548 pontiﬁci
678 3484 732 3532 et
762 3474 1063 3532 universali
1092 3492 1266 3548 papae,
1296 3473 1550 3533 Canows
1577 3473 1677 3530 Dei
1697 3471 1871 3545 gratia

261 3581 362 3622 rex
394 3573 448 3621 et
477 3566 787 3638 spiritualis
821 3565 974 3621 ﬁlius
1004 3572 1208 3620 vester.

338 3655 602 3728 Legimus
657 3655 717 3712 in
782 3655 925 3710 libro
986 3652 1445 3725 Paralipomenon
1500 3651 1646 3708 ﬁlios
1705 3649 1868 3707 Israel

265 3752 453 3801 mente
503 3745 729 3819 pacifica
761 3745 927 3802 ivisse
957 3743 1026 3801 ad
1057 3743 1332 3818 praelium,
1374 3743 1503 3816 quia
1532 3758 1644 3798 non
1677 3739 1870 3796 livoris

262 3833 540 3903 vindicta,
573 3835 668 3892 sed
699 3835 1013 3893 obtinendae
1044 3834 1193 3908 pacis
1240 3833 1414 3907 gratia
1441 3832 1866 3890 dimicaverunt.

261 3924 431 3993 Quod
448 3941 663 3981 rursum
687 3924 947 3994 dicimus,
972 3924 1102 3998 quia
1133 3923 1331 3996 cogitis
1359 3939 1458 3979 nos
1480 3921 1868 3980 indecentibus

260 4013 526 4087 potestati
554 4015 714 4087 regiae
745 4015 947 4072 litteris
976 4013 1178 4070 vestris
1215 4012 1635 4078 inhonoratum,
1667 4012 1873 4068 incon-

264 4103 625 4161 venientibus
668 4105 965 4178 episcopali
1015 4103 1296 4160 modestiae
1346 4109 1540 4157 vestrae
1596 4101 1871 4158 mandatis

265 4201 583 4266 gravatum,
615 4195 971 4252 contumeliis
1000 4203 1053 4251 et
1081 4192 1395 4268 opprobriis
1424 4191 1868 4256 dehonestatum,

267 4285 434 4343 aliter
480 4303 644 4359 quam
695 4288 967 4344 vellemus
1010 4293 1192 4342 mente
1221 4285 1449 4358 paciﬁca
1479 4282 1636 4339 vobis
1665 4281 1875 4338 rescri-

265 4375 399 4432 bere
425 4394 436 4431 :
459 4383 523 4431 ut
544 4375 764 4432 tandem
795 4373 1266 4442 animadvertetis,
1300 4387 1613 4447 quanquam
1647 4377 1875 4442 pertur-

266 4463 594 4522 bationibus
639 4463 899 4520 humanis
947 4462 1275 4529 obnoxium,
1322 4461 1380 4516 in
1419 4459 1658 4531 imagine
1691 4465 1868 4512 tamen
1901 4482 1956 4543 Β

267 4553 372 4609 Dei
403 4553 780 4609 ambulantem
812 4568 928 4608 esse
957 4567 1057 4607 nos
1088 4549 1394 4612 hominem,
1424 4546 1626 4603 habere
1651 4560 1870 4602 sensum

268 4649 501 4715 paterna
545 4649 600 4698 et
641 4642 792 4697 avita
818 4640 1184 4707 successione,
1221 4636 1321 4694 Dei
1362 4635 1556 4709 gratia,
1586 4635 1735 4707 regio
1764 4649 1876 4688 no-

272 4736 427 4792 mine
456 4752 522 4793 ac
538 4735 783 4792 culmine
812 4733 1191 4799 sublimatum,
1224 4737 1278 4786 et
1305 4729 1452 4802 quod
1478 4727 1563 4784 his
1593 4725 1769 4799 majus
1796 4733 1878 4783 est

271 4826 682 4895 Christianum,
713 4824 1051 4884 catholicum
1072 4821 1201 4878 fidei
1223 4819 1547 4876 orthodoxae
1582 4818 1876 4886 cultorem,

270 4914 445 4971 sacris
484 4914 687 4971 litteris
731 4931 794 4972 ac
843 4914 1076 4987 legibus,
1125 4918 1238 4967 tam
1281 4907 1667 4966 ecclesiasticis
1714 4921 1878 4980 quam

269 5006 654 5074 saecularibus,
701 5005 769 5061 ab
819 5005 1057 5061 infantia
1103 5001 1407 5067 eruditum,
1440 4999 1596 5055 nullo
1645 4997 1879 5055 crimine

269 5095 504 5168 publico
535 5095 594 5151 in
624 5094 905 5150 audientia
925 5091 1221 5167 episcopali
1248 5089 1496 5162 legaliter
1515 5104 1578 5144 ac
1604 5085 1881 5158 regulari—

270 5193 358 5241 ter
401 5191 743 5252 accusatum,
787 5183 1018 5238 minime
1072 5187 1254 5236 autem
1286 5177 1629 5235 convictum.
1683 5177 1777 5244 Et,
1817 5181 1881 5232 ut

273 5287 401 5345 quae
452 5270 818 5343 superaddere
853 5277 1165 5343 poteramus
1212 5267 1320 5324 alia
1347 5275 1645 5332 taceamus,
1676 5279 1746 5319 ne
1780 5279 1883 5343 noS

269 5363 464 5436 potius
484 5361 715 5434 jactare,
747 5379 912 5436 quam
943 5377 1071 5419 vera
1099 5360 1282 5418 dicere
1312 5359 1620 5423 videamur,
1651 5354 1780 5412 licet
1799 5355 1876 5411 le-

270 5467 474 5527 gamus
505 5452 834 5524 Apostolum
865 5451 1024 5524 plura
1051 5449 1119 5505 de
1139 5465 1196 5505 se
1215 5447 1423 5505 dixisse
1452 5444 1522 5502 ob
1546 5441 1781 5499 alierum
1803 5458 1881 5497 sa-

271 5543 454 5599 lutem
483 5542 809 5600 necessitate
837 5541 1207 5615 compulsum,
1239 5537 1501 5614 quoniam
1532 5550 1674 5607 saepe
1702 5533 1885 5590 humi-

277 5632 411 5688 liter
441 5631 605 5688 vobis
636 5631 830 5701 locuti,
862 5631 1101 5705 benigna
1125 5638 1178 5687 et
1220 5629 1445 5702 paciﬁca
1465 5632 1630 5698 atque
1654 5623 1884 5681 honora-

1978 3193 2348 3260 siasticarum,
2398 3207 2510 3246 non
2555 3187 2893 3253 confessum,
2929 3200 3030 3240 nec
3058 3181 3252 3238 ordine
3273 3180 3572 3252 judiciario

1979 3284 2228 3356 legaliter
2256 3299 2318 3339 ac
2344 3279 2668 3352 regulariter
2695 3279 3036 3345 convictum,
3067 3274 3337 3332 vocastis:
3362 3274 3420 3329 in
3450 3273 3572 3330 istis

1979 3383 2160 3429 autem
2209 3368 2667 3427 murmurationis
2714 3368 2926 3425 crimen
2972 3364 3132 3421 nobis
3162 3363 3488 3436 impegistis,
3519 3371 3572 3419 et

1979 3460 2308 3519 tumultuosi
2355 3458 2613 3516 clamoris
2643 3472 2864 3512 naevum
2911 3451 3277 3526 imposuistis,
3311 3458 3572 3523 arguente

1979 3551 2216 3609 Domino
2255 3549 2529 3606 carnalem
2577 3546 2742 3603 Israel
2787 3562 2884 3618 per
2919 3543 3264 3617 prophetam,
3298 3539 3444 3596 unde
3472 3557 3573 3596 nos

1978 3641 2294 3715 coarguitis,
2317 3639 2448 3712 quia
2462 3654 2574 3694 non
2603 3637 2798 3695 fecerit
2823 3635 3121 3708 judicium,
3154 3631 3249 3688 sed
3273 3631 3573 3688 clamorem

1983 3733 2116 3798 (Isa.
2143 3732 2236 3803 v);
2265 3737 2318 3785 et
2337 3728 2655 3801 Apostolus,
2693 3726 2895 3792 Omnis,
2924 3722 3130 3796 inquit,
3149 3721 3353 3776 clamor
3371 3725 3418 3774 et
3438 3719 3573 3774 indi-

1978 3823 2157 3897 gnatio
2190 3824 2413 3878 tollatur
2432 3839 2466 3876 a
2487 3820 2630 3874 vobis
2654 3818 2870 3889 (Ephes.
2897 3814 3000 3885 Iv).
3027 3813 3096 3867 Et
3127 3827 3236 3866 non
3267 3807 3444 3866 levius
3466 3821 3575 3860 ma-

1980 3915 2095 3970 lum
2125 3921 2207 3970 est
2254 3910 2620 3968 murmuratio
2650 3907 2739 3963 his
2768 3905 2970 3979 quibus
3012 3919 3111 3959 nos
3153 3909 3313 3958 antea
3352 3899 3574 3956 denota-

1980 4004 2100 4072 stis,
2130 4003 2347 4058 dicente
2375 3999 2642 4072 Apostolo
2668 4014 2679 4052 :
2711 3997 2888 4068 Neque
2916 3989 3402 4055 murmurum-ritis,
3445 3987 3579 4041 sicut

1980 4090 2196 4161 quidam
2228 4090 2446 4144 illorum
2465 4090 2960 4150 murmurauerunt,
2991 4088 3037 4138 et
3075 4100 3109 4137 α
3147 4077 3474 4151 serpentibus
3489 4091 3576 4146 pe-

1980 4177 2189 4232 rierunt
2219 4177 2275 4247 (Ι
2319 4177 2443 4231 Cor.
2476 4177 2582 4246 γι).
2632 4175 2723 4241 Et,
2779 4180 2840 4228 ut
2869 4173 3062 4228 beatus
3090 4171 3228 4226 dicit
3254 4166 3573 4240 Gregorius,

1982 4265 2170 4319 nullus
2201 4277 2551 4318 murmurans
2583 4276 2809 4332 regnum
2841 4259 2940 4314 Dei
2980 4259 3186 4312 intrare
3214 4254 3576 4327 permittitur.

1984 4354 2125 4410 Hinc
2146 4351 2515 4422 colligendum
2538 4359 2638 4418 est,
2654 4358 2920 4423 quantum
2942 4354 3224 4420 peccatum
3246 4344 3318 4399 sit
3335 4357 3579 4397 murmu-

1986 4447 2144 4515 ratio,
2175 4462 2295 4518 quae
2326 4459 2554 4515 regnum
2584 4443 2683 4499 Dei
2715 4440 3058 4507 intercludit,
3089 4439 3234 4494 sicut
3263 4444 3316 4492 et
3342 4435 3440 4490 illa
3459 4450 3578 4507 pec-

1985 4544 2104 4594 cata
2128 4534 2336 4607 gravia,
2367 4541 2490 4606 post
2518 4548 2752 4606 quorum
2784 4528 3253 4586 enumerationem
3281 4524 3419 4581 dicit
3438 4523 3580 4595 Apo-

1989 4625 2161 4682 stolus
2190 4641 2202 4681 :
2244 4621 2346 4691 Qui
2377 4622 2512 4678 talia
2543 4626 2728 4692 agunt,
2750 4635 2965 4689 regnum
2995 4617 3094 4673 Dei
3121 4633 3226 4670 non
3242 4613 3586 4687 possidebunt

1992 4716 2141 4788 (Gal.
2175 4715 2258 4786 v).
2291 4714 2361 4769 Et
2391 4728 2523 4780 non,
2555 4718 2618 4766 ut
2644 4708 2960 4781 scripsistis,
2984 4707 3328 4762 tumultuoso
3347 4704 3585 4760 clamore

1990 4805 2372 4879 paternitatem
2416 4808 2651 4857 vestram
2684 4797 2930 4855 indebite
2970 4794 3444 4868 reprehendimus,
3492 4792 3587 4851 sed

1993 4912 2111 4969 quae
2156 4893 2318 4951 nobis
2370 4908 2441 4948 ex
2485 4899 2670 4948 vestro
2716 4887 2940 4945 nomine
2969 4887 3172 4958 scripta
3200 4887 3443 4953 fuerunt,
3475 4899 3587 4939 non

1994 4987 2297 5041 multorum
2323 4981 2575 5048 vocibus,
2607 4978 2806 5052 quibus
2837 4978 3110 5033 tumultus
3159 4975 3277 5031 ﬁeri
3307 4974 3463 5039 solet,
3493 4969 3588 5025 sed

1993 5083 2182 5132 nostra
2210 5081 2424 5130 tantum
2454 5088 2590 5128 voce
2632 5068 3038 5141 rescripsimus.
3071 5067 3141 5120 Et
3169 5062 3427 5136 quoniam
3457 5060 3590 5116 talia

1994 5185 2093 5224 vos
2125 5167 2358 5233 misisse,
2392 5173 2446 5221 et
2469 5180 2500 5220 a
2523 5172 2708 5220 sancta
2740 5163 2984 5218 Romana
3009 5156 3277 5222 Ecclesia,
3311 5154 3368 5208 in
3397 5153 3591 5208 omni—

1993 5261 2100 5316 bus
2143 5271 2356 5328 semper
2400 5253 2796 5312 discretissima
2828 5258 2990 5323 atque
3017 5247 3354 5311 cautissime,
3386 5241 3592 5300 dictata

1997 5349 2166 5406 fuisse
2193 5360 2539 5418 nequaquam
2571 5340 2929 5406 credidimus,
2977 5336 3106 5409 quia
3135 5334 3252 5406 ipsa
3282 5339 3471 5389 sancta
3497 5348 3592 5388 se-

1997 5437 2092 5494 des
2115 5452 2238 5492 cum
2268 5433 2535 5489 modestia
2563 5441 2618 5489 et
2648 5429 2980 5488 discretione
3001 5440 3214 5495 semper
3243 5422 3519 5494 corripere
3540 5428 3594 5478 et

1998 5526 2291 5586 salubriter
2310 5521 2583 5592 corrigere
2612 5519 2916 5577 secundum
2939 5513 3376 5587 uniuscujusque
3397 5529 3594 5587 perso-

2000 5636 2127 5677 nam
2165 5625 2219 5674 et
2266 5614 2518 5674 ordinem
2551 5613 2713 5670 solita
2749 5609 2876 5678 fuit,
2922 5606 3306 5682 suggessimus.
3337 5605 3512 5678 Igitur
3546 5602 3593 5659 si
