4070 6178
505 264 608 324 883

1541 252 1819 318 CABOLI-
1837 252 2054 315 CALVI
2093 252 2525 316 FRANCORUM
2564 255 2770 317 REGIS

3694 253 3796 313 88's

505 426 648 481 male
675 422 848 480 locuti
870 436 1078 489 sumus,
1112 417 1493 477 testimonium
1525 415 1807 490 perhibete
1834 417 1901 474 de
1930 416 2096 487 malo,
2124 420 2176 482 Α
2204 418 2444 487 terii,vel
2466 419 2827 492 episcopatus,
2848 417 3073 476 mortali
3092 415 3327 476 crimine
3341 416 3591 474 dixerint
3611 432 3671 474 se
3688 432 3802 475 esse

507 516 552 571 si
574 520 755 569 autem
783 510 940 577 bene,
964 509 1098 582 quid
1118 508 1278 565 nobis
1298 506 1633 566 succencetis
1650 506 1677 563 ?
1696 505 1970 579 Scriptum
1992 516 2094 576 est,

506 601 781 659 Abraham
812 598 941 656 licet
962 606 1235 665 sanctum,
1265 604 1327 653 ut
1356 614 1386 652 a
1415 598 1528 652 Deo
1560 595 1964 652 sanctiﬁcatum
1991 596 2104 651 ho-

506 690 731 757 minem,
765 695 950 744 tamen
981 687 1160 743 eidem
1189 687 1303 743 Deo
1352 685 1579 753 dixisse,
1621 686 1764 741 Num
1786 685 1973 755 perdes
1999 683 2107 753 ju-

506 785 640 835 stum
670 795 785 833 cum
814 776 977 848 impio
997 778 1025 831 Ῡ
1052 792 1158 829 non
1195 782 1267 830 est
1292 776 1385 829 hoc
1417 782 1585 840 tuum,
1617 773 1710 844 qui
1730 772 1946 842 judicas
1983 788 2105 827 om-

504 885 619 923 uem
634 875 831 923 terram
849 867 1002 938 (Gen.
1024 864 1213 936 xvm),
1239 874 1292 922 et
1312 880 1424 920 non
1446 864 1656 936 ingrate
1680 863 1785 919 hoc
1803 864 2104 919 Dominum

505 960 826 1031 suscepisse.
861 959 932 1015 Et
970 973 1071 1012 nos
1099 955 1351 1028 arguitis,
1382 955 1644 1028 quoniam
1674 955 1876 1010 humili
1910 956 2105 1027 placa-

503 1051 655 1105 tione
685 1050 845 1105 vobis
873 1048 1243 1119 suggessimus
1264 1062 1375 1102 non
1398 1062 1513 1102 esse
1535 1055 1799 1114 vestrum,
1830 1061 1943 1101 non
1963 1061 2105 1101 con—

504 1140 666 1207 fesso,
717 1155 819 1195 nec
862 1138 1109 1210 legaliter
1153 1155 1215 1194 ac
1264 1138 1590 1210 regulariter
1630 1137 1906 1205 convicto,
1957 1135 2106 1207 regia

504 1228 669 1284 etiam
700 1235 967 1301 potestate
1010 1228 1184 1300 gratia
1235 1227 1335 1283 Dei
1366 1227 1613 1301 praedito,
1645 1227 1779 1283 talia
1807 1227 1950 1283 sicut
1978 1226 2105 1298 ple-

502 1325 629 1382 beio
658 1333 712 1381 et
739 1326 807 1382 de
846 1324 1173 1382 criminibus
1207 1325 1514 1392 confutato,
1566 1322 1859 1379 scribendo
1892 1322 2105 1394 impin-

506 1432 629 1486 gere
654 1416 682 1470 ‘i
729 1414 983 1482 scientes,
1026 1430 1188 1486 quam
1238 1429 1400 1485 grave
1447 1412 1518 1469 sit
1551 1411 1730 1476 fratri,
1762 1409 1911 1483 quod
1945 1409 2106 1467 nobis

507 1505 760 1578 impactis
791 1505 975 1560 minus
1007 1513 1107 1572 est,
1138 1503 1320 1560 dicere
1340 1503 1486 1558 fatue
1507 1501 1717 1571 (Matth.
1745 1501 1829 1572 v),
1853 1500 2105 1572 nullique

506 1593 936 1659 detrahendum,
957 1594 1044 1647 vel
1073 1600 1264 1649 contra
1285 1591 1366 1648 fas
1389 1588 1852 1656 maledicendum,
1876 1587 2106 1643 minime

505 1692 687 1739 autem
735 1683 874 1755 regi,
923 1689 985 1736 ut
1036 1683 1336 1753 apostolica
1385 1679 1661 1746 doctrina,
1712 1685 1877 1749 atque
1930 1675 2106 1732 sancti

509 1773 689 1829 David
746 1772 802 1827 in
852 1772 1031 1828 Saulis
1056 1770 1168 1841 jam
1208 1786 1238 1824 a
1270 1769 1508 1824 Domino
1536 1765 1811 1837 reprobati
1843 1781 2107 1820 reveren-

510 1862 583 1915 tia
614 1861 671 1933 (I
691 1864 813 1929 Reg.
852 1858 1037 1928 xxvr),
1072 1867 1126 1914 et
1157 1857 1467 1913 Salomonis
1501 1854 1787 1926 sapientia,
1820 1870 1883 1911 ac
1912 1853 2107 1911 Nabu-

508 1948 616 2005 thas
647 1946 831 2018 prodit
862 1946 1094 2001 historia
1126 1947 1185 2016 (Ι
1207 1946 1380 2001 Mach.
1417 1945 1522 2014 ιχ).

576 2036 898 2090 Invenimus
945 2034 1112 2090 etiam
1160 2032 1217 2087 in
1250 2031 1455 2087 eisdem
1490 2033 1690 2088 litteris
1721 2033 1885 2088 nobis
1913 2032 2104 2088 datum

508 2123 831 2190 consilium,
862 2122 907 2176 si
943 2121 1084 2177 forte
1119 2121 1231 2177 dici
1284 2128 1461 2193 potest
1490 2122 1812 2189 consilium,
1843 2121 1991 2194 quod
2024 2127 2107 2177 est

505 2211 729 2269 Domini
744 2211 999 2282 exemplo
1014 2209 1435 2277 contrarium,et
1448 2209 1681 2266 decretis
1693 2217 2006 2265 sanctorum
2024 2209 2105 2265 in-

503 2302 725 2358 venitur
739 2300 1031 2357 adversum
1056 2318 1067 2355 :
1092 2298 1391 2365 scilicet,ut
1411 2299 1597 2356 verbis
1615 2300 1814 2356 vestris
1834 2299 2104 2368 dicamus,

503 2390 690 2446 omnia
728 2405 848 2461 (Ῑηω
896 2406 923 2443 a
966 2388 1093 2444 sede
1123 2387 1444 2459 apostolica,
1476 2388 1566 2445 cui
1616 2405 1710 2460 per
1740 2389 1838 2444 Dei
1871 2389 2105 2461 gratiam

507 2479 833 2553 prmsidetis,
886 2478 1095 2536 directa
1143 2487 1291 2547 sunt,
1343 2479 1512 2534 alacri
1561 2487 1743 2536 mente
1800 2481 2098 2553 percipere.

504 2569 783 2640 Scriptum
805 2575 886 2623 est
906 2568 1054 2622 enim
1079 2566 1239 2622 nobis
1259 2584 1327 2622 ex
1356 2576 1543 2623 vestro
1573 2569 1817 2636 nomine,
1844 2586 1944 2624 nos
1971 2586 2106 2641 per—

498 2657 711 2729 jurum,
744 2663 1066 2728 tyrannum,
1098 2673 1163 2711 ac
1190 2656 1483 2728 perﬁdum,
1515 2667 1566 2713 et
1597 2658 1977 2716 distractorem
2009 2676 2107 2714 re-

504 2761 627 2800 rum
660 2759 776 2799 esse
804 2744 1321 2801 ecclesiasticarum.
1346 2746 1418 2800 Et
1446 2745 1563 2801 haec
1581 2747 1747 2803 alacri
1771 2755 1952 2803 mente
1974 2765 2107 2821 per-

503 2833 703 2902 cipere,
739 2832 925 2886 animo
959 2840 1112 2902 grato
1133 2834 1412 2904 amplecti,
1446 2843 1499 2890 et
1528 2835 1726 2891 humili
1758 2854 1972 2909 semper
2001 2838 2105 2894 de—

506 2921 699 2976 bemus
728 2919 1037 2975 intentione
1066 2922 1310 2992 recipere
1335 2923 1363 2978 ?
1388 2922 1506 2978 Nisi
1539 2925 1776 2996 scriptor
1800 2927 1943 2983 forte
1967 2928 2108 2986 velit

504 3025 605 3065 nos
635 3026 759 3065 cum
790 3009 955 3081 vulgo
999 3008 1291 3082 {Ethiopes
1338 3027 1532 3068 vocare
1562 3022 1868 3084 argenteos,
1899 3024 1952 3072 et
1979 3016 2103 3072 ideo

2213 510 2511 583 pollutos,a
2526 527 2690 583 supra
2708 510 2873 568 dictis
2885 508 3329 568 ordinationibus
3338 508 3788 566 submovendos»

2212 598 2284 655 Et
2314 615 2436 667 nos,
2458 599 2503 654 si
2525 599 2593 655 ad
2609 599 2742 655 talia
2762 599 2923 655 nobis
2944 599 3179 671 impacta
3198 597 3432 654 tacendo
3457 597 3808 655 consentire-

2214 702 2476 754 mus,non
2491 687 2670 743 solum
2682 687 2988 760 aregimine
3009 688 3178 760 regio,
3197 703 3387 743 verum
3401 694 3456 743 et
3468 703 3500 742 a
3519 685 3808 744 catholicae

2212 775 2474 832 Ecclesiae
2529 777 2917 833 communione
2965 793 3067 833 nos
3118 777 3265 849 ipsos
3313 784 3805 850 sequestraremus.

2212 864 2332 922 Non
2364 865 2532 939 igitur
2577 866 2710 923 talia
2756 865 2917 923 nobis
2955 882 3025 922 ex
3054 875 3209 939 parte
3237 865 3382 922 sedis
3412 865 3727 938 apostolica
3758 872 3815 922 et

2213 955 2440 1012 nomine
2480 964 2665 1013 vestro
2706 958 2930 1030 scripta,
2980 966 3164 1015 mente
3193 958 3364 1014 alacri
3408 958 3712 1030 percipere,
3758 964 3815 1013 et

2213 1044 2398 1099 animo
2446 1055 2598 1117 grato
2639 1046 2924 1118 amplecti,
2954 1054 3009 1102 et
3038 1046 3239 1102 humili
3287 1061 3500 1118 semper
3547 1044 3815 1101 debemus

2214 1133 2521 1190 intentione
2552 1134 2815 1205 recipere,
2847 1152 2989 1209 quas,
3023 1134 3167 1191 sicut
3196 1134 3256 1191 in
3284 1133 3489 1191 eisdem
3511 1132 3715 1190 litteris
3744 1149 3816 1190 ex

2215 1222 2487 1280 sententia
2535 1224 2799 1296 sapientis
2850 1224 3161 1281 Salomonis
3209 1223 3565 1297 subjungitur
3612 1224 3814 1289 (Eecle.

2214 1317 2343 1388 xu),
2378 1318 2543 1385 Quasi
2569 1318 2793 1386 stimuli,
2825 1325 2873 1374 et
2900 1319 3035 1374 sicut
3060 1318 3199 1374 clavi
3227 1318 3285 1373 in
3315 1319 3485 1373 altum
3513 1316 3678 1388 deﬁxi
3706 1334 3816 1374 esse

2214 1407 2539 1476 viderentur,
2563 1409 2693 1482 quia
2720 1408 2908 1481 culpas
2936 1408 3384 1482 delinquentium
3414 1407 3671 1463 nesciunt
3701 1409 3817 1480 pal-

2216 1513 2365 1568 pare,
2393 1496 2489 1552 sed
2519 1513 2780 1569 pungere.
2804 1496 2906 1555 Cui
2932 1496 3220 1555 sententiae
3240 1496 3374 1553 item
3394 1493 3665 1570 Sapientis
3690 1513 3815 1553 ver-

2214 1589 2283 1644 ba
2311 1588 2623 1656 referimus,
2660 1587 2866 1663 quibus
2892 1588 3065 1645 dixit:
3122 1588 3446 1659 Priusquam
3502 1588 3817 1659 interroges,

2214 1695 2277 1733 ne
2306 1679 2563 1750 vituperes
2601 1696 2935 1750 quamquam,
2956 1686 3003 1734 et
3030 1695 3145 1734 cum
3178 1677 3615 1751 interrogaveris,
3645 1676 3704 1733 id
3736 1686 3821 1734 est

2136 1778 2181 1839 Β
2214 1767 2553 1840 probaveris,
2601 1769 2809 1841 corripe
2832 1769 2977 1839 juste
3005 1769 3198 1839 (Eccli.
3231 1768 3355 1840 x1);
3416 1768 3559 1825 sicut
3596 1767 3821 1825 Nathan

2214 1857 2395 1915 David
2427 1875 2610 1930 regem
2658 1859 2815 1931 prius
2856 1858 3238 1932 interrogavit,
3275 1865 3330 1914 et
3378 1857 3820 1930 interrogatione

2214 1947 2504 2019 probatum
2537 1949 2808 2020 corripuit
2835 1968 2846 2005 :
2878 1958 2933 2006 et
2960 1966 3090 2006 cum
3128 1964 3291 2006 causa
3320 1947 3690 2019 correptionis
3711 1947 3822 2003 de—

2216 2036 2342 2103 fuit,
2392 2036 2683 2093 humiliter
2723 2037 2997 2107 adoravit,
3046 2038 3219 2094 veluti
3268 2037 3327 2092 in
3382 2052 3534 2092 sacra
3581 2036 3822 2094 historia

2214 2124 2447 2197 legimus
2480 2126 2569 2197 (II
2601 2128 2725 2198 Reg.
2757 2143 2858 2194 vn,
2890 2129 3020 2197 xu).
3070 2125 3322 2183 Mandate
3346 2132 3399 2182 et
3430 2125 3659 2181 scribite
3690 2142 3814 2199 qua

2215 2223 2401 2271 vestro
2427 2223 2482 2272 et
2508 2223 2696 2272 nostro
2746 2217 3057 2274 ministerio
3086 2224 3419 2289 congruunt,
3455 2223 3517 2271 ut
3556 2215 3823 2272 decesso-

2215 2320 2300 2360 res
2342 2305 2512 2361 vestri
2548 2304 2709 2362 nobis
2742 2314 2798 2362 et
2845 2306 3049 2362 nostris
3092 2305 3472 2363 decessoribns
3503 2304 3822 2362 mandave-

2216 2404 2369 2465 runt,
2400 2406 2563 2470 atque
2609 2398 2968 2469 scripserunt,
3003 2404 3057 2454 et
3088 2397 3258 2454 alacri
3305 2403 3511 2465 mente,
3550 2404 3822 2470 gratoque

2215 2486 2402 2543 animo
2432 2486 2781 2558 recipiemus.

2286 2577 2506 2632 Littera:
2538 2584 2720 2633 autem
2751 2593 2823 2633 ex
2849 2576 3076 2634 nomine
3105 2585 3291 2634 vestro
3319 2592 3537 2650 semper
3565 2577 3688 2633 sine
3724 2576 3820 2633 in-

2214 2666 2605 2737 terrogatione,
2638 2666 2696 2723 id
2719 2675 2801 2723 est
2832 2666 2952 2723 sine
2980 2665 3303 2739 probatione
3332 2682 3433 2723 nos
3462 2674 3745 2739 pungunt,
3768 2675 3824 2723 et

2214 2764 2451 2826 peccata,
2484 2773 2584 2829 pro
2616 2756 2821 2829 quibus
2864 2756 3104 2813 invitum
3135 2766 3410 2829 pungunt,
3440 2765 3639 2830 sponte
3670 2774 3822 2814 eon-

2213 2841 2371 2906 fessa,
2427 2845 2511 2900 vel
2559 2845 2756 2901 ordine
2780 2844 3081 2917 judiciario
3122 2847 3369 2920 legaliter
3391 2864 3456 2905 ac
3483 2847 3821 2920 regulariter

2213 2934 2565 3005 comprobata
2596 2951 2707 2991 non
2741 2935 3075 2993 ostendunt:
3127 2944 3181 2992 et
3207 2953 3335 2993 cum
3368 2945 3589 3009 peccata
3637 2935 3820 2992 mani-

2214 3022 2349 3079 festa
2373 3032 2427 3079 et
2466 3025 2696 3096 probata
2741 3025 2945 3095 desint,
2976 3025 3238 3082 fomentis
3272 3026 3525 3100 benigna;
3554 3027 3819 3084 adhorta'

505 3097 629 3170 quis
658 3096 1080 3199 nobis-pulcher
1108 3097 1383 3199 videatur,
1406 3100 1536 3199 quia
1557 3101 1984 3199 nominebellus
2006 3122 2101 3161 vo-
2137 3138 2181 3199 ο
2212 3114 2381 3169 tionis
2418 3121 2472 3170 et
2500 3115 2859 3173 allocutionis
2886 3133 3001 3173 non
3037 3117 3327 3175 refovent:
3370 3096 3816 3191 reprehendente

503 3196 681 3257 catur,
699 3196 753 3244 et
784 3187 889 3244 sibi
914 3195 1134 3245 cantare
1162 3206 1286 3245 cum
1308 3191 1513 3260 Persio,
1537 3193 1795 3264 quidquid
1815 3197 2099 3252 calcaveris

500 3296 626 3332 rosa
646 3279 760 3349 ﬁat,
786 3278 1033 3351 illudque
1055 3279 1437 3351 propheticum
1462 3281 1764 3350 incurrere,
1795 3284 1879 3341 Va:
1907 3286 1987 3339 his
2007 3287 2100 3356 qui

495 3377 702 3442 ponunt
718 3387 961 3425 amarum
982 3371 1037 3425 in
1051 3372 1199 3427 dulce
1213 3372 1411 3445 (Isa.v)
1423 3391 1567 3440 ,cum
1583 3375 1854 3432 Dominus
1869 3376 2100 3433 dicenti-

498 3459 603 3516 bus
621 3460 689 3515 ad
710 3477 766 3516 se
786 3459 1010 3530 Judaeis,
1033 3462 1217 3517 Nonne
1248 3462 1370 3518 bene
1395 3464 1619 3519 dicimus
1636 3482 1749 3532 nos,
1764 3465 1892 3536 quia
1915 3467 2099 3523 Sama-

500 3549 712 3603 ritanus
739 3566 791 3602 es
822 3555 895 3614 tu,
934 3554 979 3602 et
1013 3550 1330 3604 daemonium
1367 3553 1565 3608 habes?
1583 3553 1731 3624 quod
1758 3555 2096 3626 recognovit,

498 3637 732 3692 tacendo
761 3639 1059 3703 consensit,
1095 3645 1147 3692 et
1178 3639 1449 3709 patienter
1480 3642 1683 3712 repulit
1712 3642 1858 3714 quod
1889 3644 2100 3701 dictum

501 3724 776 3779 fallaciter
804 3723 1040 3792 audivit,
1072 3725 1261 3781 dicens
1290 3745 1300 3781 :
1327 3728 1440 3796 Ego
1470 3729 1781 3783 daemonium
1814 3748 1920 3785 non
1942 3732 2102 3787 habeo

510 3812 688 3876 (Joan.
723 3811 868 3882 vni).
908 3810 1079 3883 Cujus
1107 3830 1206 3884 pro
1236 3814 1460 3869 modulo
1491 3824 1679 3872 nostro
1708 3817 1767 3872 in
1797 3817 1902 3875 hoc
1921 3836 2101 3876 exem-

502 3900 658 3972 plum
691 3899 888 3965 secuti,
920 3900 1015 3972 qui
1044 3917 1157 3955 non
1197 3901 1527 3972 dedignatus
1557 3913 1636 3960 est
1666 3921 1735 3960 ex
1766 3907 1979 3963 ratione
2018 3926 2099 3964 os-

502 3987 730 4043 tendere
755 4004 812 4042 se
841 3995 1185 4058 peccatorem
1216 4005 1327 4044 non
1350 4006 1483 4057 esse,
1518 3992 1612 4064 qui
1639 4009 1708 4049 ex
1736 3994 1942 4052 virtute
1961 3997 2101 4053 divi-

503 4076 695 4132 nitatis
722 4085 936 4149 poterat
968 4085 1277 4149 peccatores
1301 4077 1626 4151 justilicareg
1660 4083 1728 4139 de
1757 4084 1845 4140 his
1874 4102 1993 4158 quae
2041 4087 2099 4142 in

501 4164 665 4220 nobis
687 4182 798 4221 non
829 4168 1267 4239 recognovimus,
1290 4168 1579 4227 humiliter
1599 4180 1653 4228 et
1669 4174 1939 4245 patienter
1957 4177 2101 4249 apud

505 4257 888 4327 paternitatem
920 4266 1156 4314 vestram
1187 4275 1290 4316 nos
1317 4262 1725 4330 excusavimus,
1759 4281 1827 4320 ne
1860 4267 1906 4320 si
1937 4265 2101 4338 peni-

500 4354 591 4400 tus
630 4353 957 4415 taceremus,
994 4348 1150 4416 tales,
1184 4350 1373 4421 quales
1409 4351 1830 4422 denotabamur,
1865 4357 2099 4413 tacendo

500 4441 555 4489 et
593 4437 989 4493 consentiendo
1036 4453 1153 4493 esse
1196 4456 1296 4495 nos
1325 4440 1641 4511 fateremur,
1688 4452 1741 4499 et
1771 4446 1926 4518 quasi
1957 4462 2098 4502 con-

499 4522 627 4579 fessi
659 4534 713 4581 et
750 4534 937 4583 nostra
971 4527 1315 4584 confessione
1349 4531 1591 4588 convicti
1626 4531 2024 4604 judicaremur.

570 4620 641 4674 Et
675 4619 780 4677 hoc
808 4621 1241 4693 hortamentum,
1280 4625 1428 4696 quod
1457 4627 1517 4682 in
1548 4628 1749 4685 litteris
1779 4647 1849 4687 ex
1876 4633 2100 4691 nomine

499 4714 686 4762 vestro
711 4708 778 4763 ab
801 4709 1042 4765 Actardo
1071 4712 1326 4784 episcopo
1348 4714 1508 4771 nobis
1533 4715 1729 4773 delatis
1759 4718 2098 4791 invenimus,

496 4795 733 4863 scilicet,
769 4805 831 4853 ut
860 4799 1068 4868 omnia,
1101 4816 1221 4872 quae
1250 4818 1282 4856 a
1310 4801 1435 4857 sede
1464 4805 1765 4875 apostolica
1808 4809 1967 4866 nobis
1997 4829 2100 4868 ve—

498 4883 684 4953 niunt,
709 4886 910 4941 humili
937 4903 1151 4959 semper
1172 4888 1468 4947 debeamus
1494 4892 1803 4951 intentione
1832 4900 2095 4971 recipere,

497 4991 610 5029 non
638 4974 838 5043 solum,
872 4982 935 5031 ut
961 4976 1347 5048 prmmisimus,
1375 4981 1701 5053 evangelicae
1734 4986 1976 5059 veritati,
2003 4991 2099 5047 sed

496 5063 663 5117 etiam
716 5062 951 5120 decretis
993 5072 1310 5121 sanctorum
1360 5066 1648 5126 invenitur
1676 5071 1990 5134 adversum.
2032 5081 2095 5136 In

498 5166 734 5221 quorum
784 5151 1017 5208 decretis
1066 5154 1317 5225 legimus,
1351 5172 1476 5213 eum
1505 5158 1718 5217 absolvi
1757 5180 1869 5220 non
1913 5183 2091 5238 posse,

494 5238 592 5310 qui
624 5240 684 5296 in
713 5240 954 5312 seipsum
984 5240 1191 5297 dixerit
1222 5245 1416 5301 mortis
1450 5263 1690 5317 causam,
1719 5268 1841 5325 quae
1869 5254 2093 5311 dictain

494 5326 665 5383 alium
697 5328 1007 5400 puniretur,
1034 5330 1231 5386 falsum
1255 5332 1517 5392 videlicet
1537 5339 1942 5411 testimonium,
1967 5361 2091 5400 cum

495 5416 697 5502 omnis,
721 5418 817 5489 qui
852 5419 957 5476 sibi
988 5420 1157 5477 fuerit
1177 5422 1373 5479 mortis
1391 5441 1573 5495 causa,
1606 5428 1783 5502 major
1812 5431 2093 5491 homicida

491 5498 590 5591 sit.
632 5500 700 5553 Et
746 5501 879 5560 hinc
906 5506 1271 5566 decreverunt
1313 5511 1500 5583 (Cone.
1541 5515 1657 5577 ναι.
1685 5498 1802 5574 can.
1827 5519 1926 5591 4):
1971 5545 1990 5568 ι
2021 5522 2092 5580 Ut

488 5586 803 5661 quicunque
818 5594 919 5649 sub
935 5597 1396 5669 ordinatione,vel
1413 5604 1851 5677 diaconatus,vel
1863 5586 2088 5687 presby-

2127 4494 2176 4553 D

2212 3202 2342 3260 hinc
2370 3203 2611 3260 Domino
2640 3207 2975 3279 populorum
3006 3216 3243 3264 rectores
3272 3223 3512 3279 asperos,
3538 3216 3701 3279 atque
3731 3206 3817 3262 di-

2208 3298 2400 3347 cente:
2433 3293 2531 3350 Vos
2570 3299 2745 3348 autem
2772 3311 2885 3349 cum
2918 3297 3227 3351 austeritate
3270 3296 3612 3368 imperabatis
3640 3297 3741 3361 eis,
3769 3302 3822 3350 et

2207 3400 2323 3437 cum
2346 3382 2585 3454 potentia
2609 3383 2824 3456 (Ezech.
2853 3385 3078 3459 xxxrv).
3102 3385 3315 3453 Quibus
3332 3387 3629 3459 Apostolus
3648 3401 3816 3459 regno

2210 3472 2317 3528 lam
2366 3472 2520 3530 dedit
2551 3475 3028 3544 commonitionis,
3079 3477 3313 3548 singulis
3339 3476 3566 3533 dicens:
3599 3476 3813 3548 Argue,

2209 3563 2442 3631 obsecra,
2462 3564 2677 3636 increpa
2696 3566 2753 3620 in
2780 3567 2927 3622 omni
2946 3566 3212 3638 patientia
3235 3573 3281 3622 et
3299 3567 3541 3623 doctrina
3558 3568 3642 3638 (II
3660 3567 3812 3623 πω.

2210 3650 2316 3722 ιν),
2346 3652 2576 3708 misceas
2600 3654 2943 3726 temporibus
2976 3663 3237 3728 tempora,
3271 3656 3568 3712 terroribus
3584 3654 3814 3710 blandi-

2210 3746 2413 3795 menta.
2444 3740 2640 3796 Dirum
2666 3743 2935 3815 magistri,
2965 3744 3120 3816 pium
3153 3743 3323 3817 patris
3356 3743 3704 3800 ostendentes
3727 3744 3815 3801 af-

2210 3827 2438 3894 fectum,
2463 3828 2519 3885 id
2545 3837 2627 3886 est
2646 3831 3093 3904 indisciplinatos
3114 3840 3169 3889 et
3189 3832 3467 3907 inquietos
3488 3832 3684 3889 debent
3703 3832 3815 3890 du-

2211 3916 2327 3972 rius
2354 3933 2600 3990 arguere,
2632 3920 2952 3978 obedientes
2997 3931 3177 3979 autem
3226 3940 3290 3981 ac
3328 3925 3615 3997 patientes,
3650 3931 3715 3979 ut
3748 3924 3814 3979 in

2210 4008 2409 4065 melius
2443 4009 2736 4081 proﬁciant
2779 4012 3084 4083 obsecrare,
3136 4014 3475 4088 negligentes
3517 4020 3699 4070 autem
3757 4022 3815 4070 et

2210 4107 2625 4157 contemnentes
2653 4101 2852 4158 debent
2886 4103 3076 4176 utique
3118 4105 3401 4179 increpare
3427 4112 3588 4178 atque
3617 4105 3814 4161 corri—

2211 4205 2357 4261 pere,
2388 4196 2442 4244 et
2467 4190 2535 4246 de
2563 4192 2950 4249 criminalibus
2979 4195 3235 4265 peccatis,
3266 4202 3362 4251 aut
3393 4195 3538 4249 ultro
3573 4194 3815 4251 confes-

2210 4295 2317 4347 sos,
2349 4286 2445 4335 aut
2462 4278 2656 4336 ordine
2678 4279 2977 4352 judiciario
2997 4286 3385 4356 comprobatos
3413 4293 3573 4358 atque
3592 4283 3817 4340 convi-

2207 4375 2346 4437 ctos,
2378 4369 2678 4426 secundum
2713 4372 2938 4428 modum
2958 4374 3134 4445 culpas
3158 4375 3405 4447 legaliter
3433 4391 3493 4430 ac
3523 4373 3819 4445 regulari-

2207 4465 2291 4512 ter
2313 4456 2582 4528 judicare.
2626 4482 2645 4505 ε
2675 4459 2868 4517 Noluit
2896 4462 3216 4534 Apostolus,
3237 4463 3421 4537 inquit
3447 4463 3637 4519 beatus
3670 4465 3818 4518 Au—

2208 4547 2459 4618 gustinus
2488 4548 2710 4619 (Homil.
2744 4551 2797 4618 2,
2830 4551 2890 4606 de
2923 4551 3109 4607 Pcenit.
3143 4569 3258 4625 cap.
3291 4553 3373 4623 4),
3419 4551 3697 4609 hominem
3734 4554 3816 4610 ab

2209 4634 2434 4693 homine
2463 4636 2707 4709 judicari
2753 4654 2824 4694 ex
2871 4639 3104 4697 arbitrio
3133 4642 3485 4716 suspicionis,
3515 4640 3601 4696 vel
3628 4639 3816 4699 etiam

2208 4727 2649 4783 extraordinario
2678 4737 2942 4801 usurpato
2964 4727 3199 4801 judicio,
3245 4729 3340 4786 sed
3378 4730 3562 4801 potius
3583 4742 3653 4783 ex
3678 4727 3818 4801 lege

2208 4815 2308 4869 Dei
2333 4816 2635 4872 secundum
2657 4817 2910 4874 ordinem
2934 4818 3215 4887 Ecclesiae,
3251 4818 3368 4875 sive
3393 4819 3539 4876 ultro
3566 4818 3819 4875 confes-

2207 4919 2349 4972 sum,
2402 4905 2520 4960 sive
2565 4913 2880 4963 accusatum
2933 4915 3095 4980 atque
3142 4908 3483 4966 convictum.
3530 4907 3814 4980 Alioquin

2205 4991 2349 5047 illud
2375 5010 2475 5049 cur
2503 4993 2685 5051 dixit:
2711 4996 2767 5052 Si
2797 4996 2921 5068 quis
2949 4998 3119 5055 frater
3143 4998 3486 5066 nominatur,
3509 5004 3602 5053 aut
3624 4996 3814 5054 forni-

2204 5090 2373 5150 cator,
2397 5090 2491 5138 aut
2518 5082 2685 5141 idolis
2706 5085 2953 5141 serviens
2977 5086 3033 5157 (Ι
3051 5086 3179 5143 Cor.
3208 5091 3315 5157 vr),
3346 5095 3400 5143 et
3419 5093 3616 5143 caetera
3636 5085 3667 5140 ?
3686 5085 3810 5141 nisi

2204 5171 2332 5243 quia
2360 5188 2482 5228 eam
2507 5173 2944 5230 nominationem
2975 5175 3215 5247 intelligi
3244 5175 3448 5244 voluit,
3487 5192 3605 5248 quae
3645 5174 3711 5231 ﬁt
3742 5175 3809 5231 in

2203 5275 2552 5333 quemquam,
2583 5279 2712 5319 cum
2750 5264 3023 5320 sententia
3059 5264 3257 5321 ordine
3296 5263 3601 5337 judiciario
3630 5272 3811 5337 atque

2202 5346 2517 5420 integritate
2546 5350 2839 5422 profertur.
2862 5353 2999 5409 Nam
3023 5351 3070 5408 si
3087 5353 3398 5409 nominatio
3427 5350 3549 5408 sola
3565 5351 3808 5421 sumcit,

2201 5439 2364 5495 multi
2405 5432 2703 5499 damnandi
2745 5452 2875 5501 sunt
2920 5445 3278 5502 innocentes:
3323 5444 3456 5519 quia
3481 5460 3623 5518 saepe
3653 5444 3807 5503 falso

2199 5526 2258 5583 in
2286 5544 2615 5605 quemquam
2643 5532 2881 5590 crimina
2916 5535 3295 5592 nominantur.
3322 5534 3583 5609 Plerique
3606 5542 3809 5607 autem

2195 5616 2328 5674 boni
2359 5616 2659 5676 Christiani
2706 5629 2991 5695 propterea
3018 5629 3221 5691 tacent,
3253 5629 3308 5679 et
3350 5621 3625 5679 sufferunt
3654 5621 3807 5678 alio.
