4070 6184
247 224 362 283 885

1721 215 2104 273 EPISTOLIE.

3457 213 3565 274 886

243 403 372 445 rum
401 389 628 457 peccata
656 397 777 456 quae
807 387 1104 450 noverunt,
1142 382 1273 456 quia
1313 377 1662 436 documentis
1707 393 1849 448 sape
1876 376 1927 436 Α
1954 370 2180 428 nomine
2202 375 2386 426 vestro
2404 367 2630 430 directis
2649 367 2716 425 de
2730 367 3028 425 Hincmaro
3048 369 3154 425 hoc
3175 368 3370 428 modo:
3415 392 3435 418 ι
3457 369 3569 427 Vo-

245 477 607 541 deseruntur,
642 479 703 527 ut
734 486 796 526 ea
817 487 938 544 quae
971 471 1178 538 sciunt,
1204 467 1490 541 judicibus
1515 466 1859 524 ecclesiasti-

246 566 330 624 cis
358 564 596 638 probare
637 578 751 618 non
794 561 1024 634 possint.
1073 559 1336 626 Quamvis
1381 557 1531 613 enim
1578 572 1709 613 vera
1748 555 1860 610 sint

246 651 525 730 quaedam,
575 666 689 706 nou
736 659 922 706 tamen
966 646 1144 719 judici
1186 646 1350 702 facile
1394 644 1666 702 credenda
1707 651 1854 710 sunt,

245 744 358 801 nisi
387 741 556 800 certis
581 739 808 796 indiciis
836 738 1300 803 demonstrentur,
1330 735 1437 790 nisi
1479 734 1670 790 ordine
1694 733 1857 804 judi-

243 830 423 887 ciario
475 825 944 898 comprobentur:
999 832 1060 880 ut
1106 824 1153 879 si
1200 839 1298 896 per
1321 821 1596 894 judicium
1627 819 1756 875 mali
1789 819 1856 876 ab

243 917 510 976 Ecclesiae
541 913 933 972 communione
963 911 1157 968 auferii
1183 926 1294 966 non
1324 915 1571 981 possunt.
1609 908 1856 962 toleren-

241 1016 342 1065 tur
388 1005 596 1078 potius,
629 1020 698 1060 ne
745 1017 996 1074 perverse
1028 1000 1200 1056 malos
1237 996 1499 1054 evitando
1529 996 1759 1069 quisque
1788 994 1855 1050 ab

243 1097 494 1154 Ecclesia
533 1096 651 1168 ipse
693 1091 1002 1160 discedens,
1046 1107 1138 1146 eos
1186 1105 1324 1162 quos
1370 1089 1556 1159 fugere
1612 1085 1851 1154 videtur,

243 1186 457 1243 vinciat
485 1183 555 1240 ad
586 1183 912 1256 gehennam.
949 1205 966 1227 ι

316 1278 478 1347 Quod
513 1276 782 1348 scriptum
820 1279 902 1330 est
941 1271 998 1328 in
1046 1271 1251 1329 eisdem
1295 1288 1366 1327 ex
1402 1270 1627 1326 nomine
1673 1275 1855 1324 vestro

242 1370 468 1430 litteris.
497 1367 630 1441 quia
648 1379 778 1420 sane
797 1379 911 1418 non
940 1361 1215 1434 patienter
1245 1357 1519 1432 pontiﬁcii
1540 1358 1708 1414 vestri
1736 1373 1851 1413 mo-

243 1460 366 1516 nita
393 1466 448 1515 et
478 1455 852 1516 correctiones
881 1469 983 1509 nos
1011 1450 1228 1508 audisse
1247 1447 1616 1520 comperistis,
1642 1446 1856 1519 liquido

244 1557 397 1622 patet
416 1545 598 1604 adhuc
627 1544 880 1618 perfectae
911 1540 1123 1613 aliquid
1163 1538 1450 1596 charitatis
1491 1537 1675 1592 minus
1701 1535 1854 1591 dun-

247 1647 407 1695 taxat
432 1638 648 1705 habere,
681 1636 749 1692 de
778 1650 886 1708 qua
911 1633 1049 1690 dicit
1077 1631 1374 1704 Apostolus
1400 1646 1410 1683 :
1467 1628 1715 1684 Charitas
1739 1645 1852 1698 pa-

1969 460 2172 528 lumus,
2221 466 2276 515 et
2321 458 2647 515 auctoritate
2701 456 3000 529 apostolica
3038 455 3316 528 jubemus,
3375 458 3562 530 ipsum

1969 549 2324 605 Hincmarum
2350 547 2768 604 Laudunensem
2799 545 3136 618 episcopum,
3160 534 3340 600 vestra
3362 546 3564 602 fretum

1967 637 2232 710 potentia,
2264 635 2333 691 ad
2376 635 2571 690 limina
2619 643 2933 690 sanctorum
2981 640 3337 704 nostramque
3375 634 3566 690 venire

1965 723 2336 778 clementiam.
2362 721 2481 789 Quo
2510 737 2639 776 sane
2659 721 2937 788 veniente,
2960 719 3147 776 veniat
3175 720 3381 792 pariter
3413 737 3568 776 accu-

1965 818 2114 867 sator
2141 811 2392 878 idoneus,
2424 811 2520 882 qui
2551 810 2705 866 nulla
2742 809 2914 881 possit
2956 809 3280 865 auctoritate
3321 807 3569 881 legitima

1966 901 2146 973 respui
2175 919 2186 957 :
2215 908 2268 956 et
2297 908 2432 957 tunc
2460 900 2519 956 in
2550 899 2840 972 praesentia
2869 906 3076 968 nostra,
3109 907 3162 955 et
3209 898 3380 954 totius
3424 897 3570 955 sedis

1965 990 2243 1059 Romanae,
2288 991 2542 1064 synodali
2594 990 2827 1062 collegio
2882 1005 3045 1046 causa
3112 989 3263 1044 illius
3310 989 3569 1060 prudenti

1965 1080 2231 1136 ventilata
2251 1079 2526 1146 examine,
2548 1093 2612 1135 ac
2639 1077 2934 1150 diligenter
2959 1076 3247 1149 inquisita,
3263 1074 3568 1134 secundum

1964 1169 2140 1225 Deum
2172 1179 2222 1226 et
2254 1185 2535 1226 sacrorum
2576 1183 2851 1225 canonum
2904 1166 3329 1223 constitutiones
3357 1165 3571 1238 Spiritu

1965 1257 2063 1314 Dei
2089 1259 2326 1330 prolatas
2363 1258 2548 1330 (Cone.
2581 1255 2710 1326 Afr.
2739 1273 2855 1312 can.
2884 1255 3033 1327 105),
3057 1255 3175 1311 sine
3197 1253 3567 1326 protelatione

1966 1346 2153 1418 aliqua
2176 1346 2421 1416 ﬁnietur.
2447 1372 2465 1395 ι
2499 1345 2628 1413 Quae
2650 1346 2971 1417 relegentes,
2994 1344 3122 1401 licet
3141 1351 3334 1400 contra
3359 1360 3569 1400 morem

1969 1433 2312 1491 decessorum
2335 1452 2399 1491 ac
2420 1433 2874 1506 prmdecessorum
2901 1441 3208 1489 vestrorum
3233 1431 3337 1489 hoc
3357 1432 3568 1490 dictum

1963 1525 2362 1592 invenerimus,
2396 1523 2454 1579 id
2486 1532 2569 1580 est
2598 1523 2918 1580 umbrosum
2945 1523 3130 1579 saeculi
3156 1521 3387 1595 typhum
3411 1522 3568 1578 indu-

1961 1629 2081 1670 cere
2112 1613 2170 1669 in
2201 1612 2501 1670 Ecclesiam
2533 1629 2711 1681 suam,
2739 1630 2859 1686 quae
2889 1613 3068 1669 lucem
3115 1610 3488 1683 simplicitatis
3514 1613 3568 1666 et

242 1730 386 1785 tiens
412 1736 502 1796 est,
533 1726 752 1798 benigna
773 1729 867 1793 est,
897 1739 1000 1778 non
1028 1723 1274 1792 inﬂatur,
1309 1736 1418 1774 non
1448 1718 1722 1782 irritatur,
1746 1734 1850 1772 non
1881 1728 1926 1786 Β
1960 1700 2295 1757 humilitatis
2322 1701 2466 1756 diem
2491 1702 2714 1757 Domini
2748 1701 2933 1758 videre
2968 1700 3406 1756 desiderantibus
3436 1715 3567 1771 prae-

233 1819 351 1890 agit
371 1833 676 1890 perperam,
707 1814 887 1870 omnia
916 1813 1122 1882 suffert,
1154 1811 1336 1866 omnia
1365 1810 1583 1864 sustinet
1631 1809 1687 1878 (Ι
1717 1808 1842 1864 Cor.

235 1907 392 1979 xm).
444 1904 615 1977 Cujus
661 1903 947 1960 charitatis
989 1902 1214 1956 modum
1264 1907 1318 1955 et
1363 1896 1756 1970 perfectionem
1788 1895 1847 1950 in

235 1997 605 2070 benignitate.
629 2010 693 2050 ac
713 1991 998 2065 patientia,
1023 1990 1081 2046 in
1101 1988 1417 2046 humilitate
1433 1994 1486 2042 et
1507 1984 1846 2049 sufferentia,

232 2086 495 2157 exemplo
532 2091 731 2140 sanctae
776 2079 1124 2154 paternitatis
1165 2085 1380 2144 vestrae,
1414 2076 1470 2131 in
1516 2074 1715 2130 litteris
1743 2090 1849 2128 ve—

231 2178 369 2233 stris
397 2176 608 2233 discere
635 2173 935 2230 admodum
963 2186 1308 2242 cuperemus,
1344 2168 1391 2223 si
1414 2168 1559 2223 Deus
1576 2181 1689 2221 non
1719 2164 1848 2221 inde

233 2268 513 2324 honorare
542 2265 882 2338 dignaretur.
916 2260 1078 2330 Quod
1109 2268 1161 2316 et
1184 2260 1239 2314 in
1265 2258 1370 2314 hoc
1394 2271 1676 2330 possemus
1697 2253 1848 2310 addi-

232 2374 412 2426 scere,
451 2357 498 2414 si
550 2356 608 2411 in
657 2353 767 2423 his,
806 2352 873 2409 ad
914 2368 1034 2424 quae
1083 2366 1154 2405 ex
1201 2347 1427 2406 nomine
1466 2353 1648 2401 vestro
1690 2342 1850 2399 nobis

223 2447 444 2518 scripta
499 2444 775 2502 sanctitati
824 2449 1018 2498 vestrae
1048 2437 1465 2511 rescripsimus:
1510 2433 1850 2492 Sustineretis

228 2537 500 2592 modicum
527 2536 657 2606 quid
685 2532 1001 2604 insipientia:
1023 2536 1239 2597 nostrw,
1264 2533 1311 2582 et
1335 2522 1723 2596 supportaretis
1753 2539 1848 2576 nos

233 2627 333 2698 (II
362 2627 489 2682 Cor.
521 2626 628 2696 ιιι),
661 2625 806 2680 sicut
829 2637 1059 2693 magnus
1079 2620 1293 2684 Petrus,
1313 2613 1624 2688 apostolicae
1654 2621 1707 2668 et
1738 2609 1848 2682 pri-

229 2732 343 2771 ma:
389 2713 533 2771 sedis
583 2713 796 2785 primus
845 2724 1156 2783 episcopus,
1205 2722 1316 2762 non
1346 2704 1523 2760 solum
1557 2701 1847 2774 patienter,

226 2805 337 2862 sed
383 2813 438 2861 et
507 2803 806 2876 gaudenter
867 2799 1003 2855 adeo
1063 2795 1306 2868 suscepit
1361 2791 1845 2865 reprehensionem

226 2910 395 2951 suam
425 2910 456 2948 a
483 2891 799 2965 coapostolo
827 2905 928 2944 suo
957 2887 1128 2944 Paulo
1171 2883 1278 2940 sibi
1311 2889 1606 2948 ostensam,
1636 2887 1697 2934 ut
1728 2877 1848 2950 ejus

225 2985 524 3057 epistolas,
572 2983 630 3038 in
678 2979 876 3054 quibus
918 2994 974 3034 se
1021 2975 1413 3048 reprehensum
1461 2971 1683 3042 legerat,
1722 2986 1847 3026 cum

226 3073 498 3130 maximo
523 3072 713 3126 favore
751 3067 1056 3125 laudaverit
1089 3067 1176 3137 (II
1201 3066 1347 3122 Petr.
1374 3061 1480 3132 ιιι).
1533 3060 1655 3116 Non
1693 3059 1842 3116 enim
1885 3087 1928 3147 ο

234 3164 329 3219 ita
358 3166 652 3232 supputate
697 3174 782 3214 eas
823 3159 1042 3215 laudare
1090 3162 1326 3228 poterat,
1361 3152 1470 3209 nisi
1512 3149 1750 3222 legisset,
1795 3155 1849 3204 et

235 3250 383 3325 quia
406 3248 536 3321 legit
563 3248 842 3320 scriptum,
878 3246 1270 3319 reprehensum
1299 3260 1355 3300 se
1388 3245 1447 3299 in
1475 3244 1555 3300 eis
1589 3239 1805 3297 invenit
1832 3254 1843 3290 :

229 3350 301 3398 et
323 3340 585 3414 quoniam
616 3354 703 3394 eas
737 3345 848 3393 tam
897 3335 1176 3408 granditer
1205 3333 1471 3400 laudavit,
1519 3347 1682 3404 quam
1717 3342 1851 3398 gra—

229 3413 432 3489 tanter
453 3427 655 3500 justam
689 3425 1171 3499 reprehensionem
1200 3439 1354 3478 suam
1392 3428 1613 3492 accepto
1658 3413 1851 3473 tulerit

223 3520 537 3596 patienter,
561 3517 825 3574 ostendit.
866 3517 940 3571 Et
969 3530 1093 3570 cum
1125 3529 1157 3568 a
1185 3509 1495 3566 minoribus
1523 3508 1637 3564 suis
1670 3521 1846 3577 repre-

226 3593 444 3668 hensus
474 3606 581 3663 fuit
610 3623 712 3663 cur
741 3603 810 3658 ad
837 3602 1068 3674 gentiles
1096 3598 1407 3665 intraverit,
1441 3613 1553 3652 non
1593 3595 1672 3650 eis
1700 3593 1849 3650 nudo

228 3708 295 3758 et
322 3699 540 3756 tumido
568 3709 824 3753 sermone
864 3689 1168 3764 respondit,
1199 3697 1261 3745 ut
1289 3685 1478 3744 omnia
1514 3701 1634 3758 quae
1663 3689 1846 3754 egerat

232 3790 648 3865 patientissime
667 3785 1024 3852 sustinerent,
1057 3798 1160 3838 nec
1179 3778 1392 3853 aliquid
1411 3777 1471 3832 in
1492 3792 1683 3832 eorum
1708 3789 1851 3846 que-

230 3864 353 3938 rela
382 3881 449 3936 de
479 3895 576 3936 sua
605 3883 871 3950 potestate
900 3873 1064 3941 dixit,
1115 3871 1211 3928 sed
1258 3868 1457 3925 humili
1496 3882 1588 3922 eos
1634 3864 1850 3920 ratione

228 3973 500 4047 placavit,
533 3981 695 4045 atque
738 3969 797 4025 in
828 3983 989 4024 causa
1043 3961 1484 4035 reprehensionis
1527 3976 1641 4015 suae
1685 3958 1849 4014 etiam

229 4073 406 4123 testes
443 4062 702 4122 adhibuit
742 4061 893 4132 (Gal.
936 4057 1024 4128 ιι).
1076 4080 1094 4102 α
1119 4053 1259 4121 Quia
1303 4051 1348 4106 si
1378 4051 1437 4106 in
1469 4049 1691 4123 querela
1720 4047 1848 4104 ﬁde-

232 4158 404 4223 lium,
429 4163 495 4210 ut
523 4153 716 4209 beatus
737 4148 873 4206 dicit
902 4144 1218 4218 Gregorius,
1264 4139 1476 4213 aliquid
1510 4139 1578 4195 de
1608 4154 1708 4194 sua
1738 4154 1846 4209 po—

233 4253 439 4303 testate
465 4242 694 4308 diceret,
736 4237 982 4310 profecto
1013 4234 1206 4291 doctor
1250 4227 1692 4287 mansuetudinis
1739 4243 1851 4282 non

232 4335 459 4393 fuisset.
489 4356 508 4380 »
567 4329 626 4387 Si
677 4328 846 4400 igitur
900 4331 1085 4397 pastor
1138 4321 1421 4389 Ecclesiae,
1476 4318 1850 4391 apostolorum

232 4426 522 4500 princeps,
544 4421 700 4493 signa
727 4426 782 4474 et
809 4415 1075 4472 miracula
1103 4411 1456 4483 singulariter
1483 4409 1710 4474 faciens,
1739 4421 1849 4461 non
1880 4445 1930 4504 Β

234 4495 572 4584 dedignatus
605 4515 707 4576 est,
742 4506 802 4561 in
836 4519 998 4562 causa
1033 4498 1478 4573 reprehensionis
1501 4514 1632 4562 suae,
1669 4495 1849 4550 ratio-

234 4618 370 4661 nem
398 4598 687 4656 humiliter
715 4594 960 4661 reddere,
984 4597 1192 4666 quanto
1220 4588 1412 4660 magis,
1446 4587 1626 4660 inquit
1655 4586 1852 4641 beatus

237 4691 542 4765 Gregorius
569 4687 881 4762 apostolicae
911 4683 1055 4740 sedis
1083 4679 1356 4754 pontifex,
1389 4695 1489 4734 nos
1517 4684 1847 4750 peccatores-

237 4799 370 4842 cum
401 4781 468 4838 de
498 4797 554 4836 re
577 4779 763 4850 aliqua
791 4770 1271 4847 reprehendimur,
1304 4766 1723 4838 reprehensores
1743 4781 1846 4821 no-

239 4881 388 4930 stros
410 4870 621 4927 ratione
642 4867 842 4924 humili
860 4865 1075 4937 placare
1098 4857 1403 4916 debemus?
1424 4857 1645 4912 Litterae
1665 4863 1848 4911 autem

237 4981 312 5020 ex
345 4961 576 5018 nomine
603 4966 787 5016 vestro
809 4955 969 5013 nobis
989 4953 1237 5018 directae,
1268 4967 1380 5006 non
1414 4947 1614 5004 humili
1645 4964 1746 5003 nos
1769 4961 1849 5001 ra-

236 5055 396 5110 tione
427 5053 740 5124 placarunt,
775 5063 877 5104 nec
905 5051 1097 5102 contra
1131 5041 1399 5098 rationem
1421 5055 1522 5094 nos
1542 5054 1612 5094 ex
1637 5036 1850 5092 ratione

238 5151 302 5200 et
340 5140 670 5198 auctoritate
707 5135 990 5210 quasiisse
1034 5135 1444 5188 monstrarunt:
1483 5126 1578 5183 sed
1607 5125 1852 5182 indebita

239 5230 624 5302 increpatione
653 5243 714 5282 os
742 5232 994 5282 nostrum
1033 5219 1280 5294 cppilare
1326 5215 1674 5282 studuerunt,
1725 5230 1852 5269 cum

237 5323 358 5376 Deo
395 5319 588 5392 gratia,
631 5315 807 5372 libera
849 5311 1031 5369 adhuc
1070 5311 1253 5366 fronte
1301 5308 1368 5364 de
1399 5305 1506 5372 his,
1540 5320 1660 5376 quae
1690 5303 1854 5359 nobis

239 5428 343 5486 per
370 5411 585 5468 litteras
603 5423 673 5464 ex
701 5402 928 5462 nomine
954 5409 1142 5457 vestro
1170 5397 1405 5456 directas
1433 5393 1676 5466 impacta
1699 5398 1850 5460 sunt,

243 5499 404 5574 loqui
432 5498 725 5572 possimus.

317 5569 600 5662 Scriptum
635 5592 718 5643 est
761 5582 927 5642 etiam
967 5579 1025 5638 in
1070 5575 1309 5652 praefatis
1354 5573 1556 5630 litteris
1584 5569 1744 5628 nobis
1786 5585 1856 5626 ex

1957 1790 2082 1858 fert,
2109 1798 2288 1845 tamen
2317 1790 2384 1844 de
2412 1792 2697 1845 voluntate
2728 1807 2839 1846 non
2879 1790 3278 1859 dubitavimus,
3308 1790 3439 1862 quia
3468 1790 3566 1844 hu-

1958 1895 2120 1934 mano
2151 1879 2336 1933 animo
2358 1876 2522 1932 facile
2553 1886 2732 1949 potest
2762 1878 2993 1950 subripi,
3028 1878 3173 1950 quod
3211 1895 3278 1932 ex
3301 1878 3566 1934 delibera-

1959 1968 2108 2024 tione
2137 1967 2430 2024 conveniat
2460 1967 2762 2022 immutari.
2797 1967 2900 2022 Sed
2931 1967 3087 2022 valde
3128 1967 3311 2022 mirati
3351 1983 3564 2034 sumus,

1960 2054 2055 2110 ubi
2095 2055 2201 2111 hoc
2233 2054 2470 2111 dictator
2498 2054 2743 2126 epistolae
2790 2054 2951 2110 nobis
2981 2071 3076 2126 per
3105 2055 3405 2110 Actardum
3439 2053 3567 2124 epi-

1957 2160 2182 2216 scopum
2215 2143 2406 2200 delatae
2436 2143 2702 2215 scriptum
2747 2143 3047 2215 invenerit,
3099 2159 3213 2199 esse
3265 2142 3568 2214 apostolica

1959 2236 2288 2291 auctoritate
2320 2235 2771 2308 praecipiendum,
2807 2244 2869 2290 ut
2898 2252 2995 2291 rex
3025 2244 3302 2292 corrector
3328 2235 3563 2308 iniquo-

1958 2341 2105 2392 rum,
2154 2331 2209 2379 et
2251 2323 2534 2380 districtor
2577 2340 2820 2392 reorum,
2874 2341 2936 2380 ac
2975 2323 3276 2380 secundum
3310 2325 3453 2396 leges
3474 2340 3562 2379 ec-

1959 2412 2290 2469 clesiasticas
2321 2421 2484 2486 atque
2516 2412 2820 2468 mundanas
2857 2415 3005 2468 ultor
3039 2413 3360 2479 criminum,
3411 2427 3565 2466 reum

1960 2500 2206 2573 legaliter
2235 2516 2298 2555 ac
2327 2501 2651 2572 regulariter
2696 2517 2794 2572 pro
2829 2501 3144 2556 excessibus
3185 2501 3298 2556 suis
3329 2498 3566 2555 damna-

1959 2598 2100 2658 tum,
2134 2605 2232 2646 sua
2260 2589 2460 2645 fretum
2490 2590 2733 2661 potentia
2772 2590 3001 2644 Romam
3043 2588 3245 2660 dirigat
3275 2605 3285 2642 :
3320 2587 3564 2643 maximo

1960 2687 2141 2735 autem
2175 2678 2358 2746 illum,
2390 2676 2484 2744 qui
2516 2686 2570 2733 et
2604 2685 2729 2732 ante
2758 2676 3157 2748 depositionem
3178 2683 3370 2732 contra
3389 2683 3568 2730 custo-

1960 2769 2106 2824 diam
2138 2768 2416 2840 publicam
2449 2777 2501 2824 et
2545 2777 2736 2824 contra
2785 2769 3025 2839 quietem
3062 2765 3246 2821 moliri
3289 2765 3347 2820 in
3388 2765 3565 2821 tribus

1960 2857 2188 2931 synodis
2218 2858 2432 2914 exstitit
2461 2855 2857 2928 deprehensus,
2893 2855 3035 2911 sicut
3066 2855 3123 2909 in
3150 2854 3315 2926 gestis
3362 2853 3564 2925 episco-

1960 2947 2179 3021 palibus
2227 2945 2544 3019 paternitati
2596 2955 2792 3001 vestrae
2843 2943 3069 3001 directis
3115 2943 3451 3010 continetur,
3509 2934 3564 2997 et

1963 3045 2087 3110 post
2117 3036 2516 3110 depositionem
2549 3051 2724 3103 suam,
2756 3041 2809 3090 et
2840 3050 2936 3106 per
2965 3051 3042 3102 se,
3074 3041 3126 3088 et
3157 3050 3250 3106 per
3281 3049 3566 3106 quoscun-

1963 3144 2068 3200 que
2099 3128 2298 3199 potuit,
2351 3143 2381 3180 a
2429 3141 2525 3181 sua
2557 3123 2866 3196 pervicacia
2905 3139 3015 3178 non
3047 3123 3278 3194 quievit.
3312 3122 3417 3178 Sed
3449 3139 3560 3177 non

1962 3217 2250 3282 miramur,
2287 3215 2332 3271 si
2355 3214 2411 3268 in
2444 3212 2839 3285 posterioribus
2872 3211 3070 3266 litteris
3109 3227 3177 3265 ex
3205 3210 3432 3265 nomine
3462 3226 3568 3264 ve-

1963 3316 2077 3363 stro
2105 3306 2266 3362 nobis
2295 3304 2520 3362 directis
2548 3311 2630 3359 est
2661 3303 2981 3359 infulcitum
3013 3309 3072 3357 ut
3105 3300 3352 3374 legaliter
3379 3317 3442 3356 ac
3471 3315 3570 3356 re-

1963 3396 2223 3471 gulariter
2250 3395 2558 3462 damnatus,
2593 3393 2686 3466 qui
2718 3391 2888 3447 nullis
2920 3390 3133 3462 legibus
3178 3389 3498 3446 decernitur
3534 3406 3566 3444 a

1963 3502 2234 3559 quoquam
2275 3484 2444 3556 gradu
2493 3499 2588 3538 seu
2619 3481 2778 3537 rebus
2806 3498 2868 3538 ac
2909 3480 3266 3536 facultatibus
3300 3479 3565 3535 redonan-

1961 3576 2085 3642 dus,
2115 3582 2428 3646 antequam,
2463 3572 2508 3626 si
2539 3578 2731 3628 contra
2753 3569 3060 3627 custodiam
3092 3576 3145 3623 et
3183 3568 3423 3641 quietem
3454 3583 3568 3639 pu—

1960 3665 2163 3722 blicam
2197 3664 2382 3721 moliri
2405 3679 2519 3718 non
2546 3661 2714 3717 fuerit
2741 3659 3137 3734 deprehensus,
3158 3666 3416 3714 renovata
3440 3674 3564 3730 apo-

1961 3755 2168 3812 stolicae
2211 3754 2356 3811 sedis
2388 3752 2714 3809 auctoritate
2757 3748 2971 3821 judicio
3015 3749 3072 3805 in
3123 3749 3426 3822 provincia,
3461 3763 3568 3822 qua

1962 3848 2131 3904 fuerit
2173 3846 2473 3919 judicatus,
2524 3845 2666 3899 forte
2713 3841 3031 3896 inveniatur
3086 3840 3370 3906 innoxius,
3419 3836 3568 3909 regia

1961 3945 2150 3992 nostra
2178 3936 2423 4009 potentia
2452 3934 2522 3990 ad
2548 3939 2783 3988 vestram
2807 3930 2993 3985 veniat
3015 3928 3205 3997 fretus,
3241 3945 3368 3984 cum
3391 3944 3446 3983 se
3475 3943 3566 3982 au-

1964 4036 2114 4083 ctore
2144 4027 2405 4082 damnato
2435 4025 2698 4080 debeatur
2726 4021 2875 4075 zelus
2906 4018 3275 4085 rectitudinis,
3309 4034 3421 4073 non
3445 4015 3568 4073 cle-

1963 4115 2169 4170 mentia
2201 4112 2576 4168 resolutionis.
2609 4111 2740 4176 Quae
2766 4110 2812 4164 si
2837 4123 2945 4164 non
2967 4107 3033 4164 de
3054 4108 3244 4164 eodem
3267 4104 3562 4172 foramine,

1962 4204 2029 4260 de
2059 4203 2250 4259 eodem
2277 4209 2459 4255 tamen
2491 4199 2781 4254 conamine
2808 4204 3120 4263 manarunt,
3147 4197 3215 4251 de
3244 4212 3352 4268 quo
3384 4203 3437 4250 et
3464 4209 3564 4249 an-

1963 4293 2192 4350 teriores
2224 4291 2526 4356 ﬂuxerunt,
2560 4288 2614 4342 in
2647 4287 2847 4358 quibus
2867 4286 3201 4351 continetur,
3235 4291 3296 4338 ut
3328 4300 3412 4338 res
3443 4299 3566 4339 om-

1963 4399 2058 4438 nes
2089 4381 2384 4436 Hincmaro
2413 4376 2720 4434 commissae
2749 4373 3015 4443 ecclesiae,
3046 4371 3221 4427 donec
3248 4370 3317 4425 ad
3340 4371 3565 4442 propria

1963 4478 2348 4535 reverteretur,
2374 4467 2534 4522 nobis
2564 4462 3007 4530 committeretis,
3032 4469 3093 4516 ut
3122 4458 3409 4514 indemnes
3437 4474 3565 4514 con-

1960 4564 2234 4628 sisterent,
2268 4567 2322 4615 et
2349 4555 2576 4629 aliquod
2605 4547 2956 4625 dispendium
2988 4564 3098 4604 non
3122 4549 3487 4603 incurrerent.

2031 4671 2206 4733 Unde,
2237 4669 2380 4725 sicut
2430 4666 2586 4722 vobis
2629 4662 3034 4734 rescripsimus,
3079 4666 3132 4714 et
3183 4674 3331 4714 nunc
3360 4658 3562 4714 iterum

1960 4761 2119 4817 vobis
2147 4758 2386 4816 scribere
2407 4771 2516 4812 non
2541 4755 2738 4828 piguit,
2771 4751 2861 4808 sed
2894 4751 3146 4822 exigente
3175 4763 3338 4803 causa
3365 4762 3564 4803 neces-

1961 4851 2163 4908 sarium
2197 4856 2297 4915 est,
2331 4847 2459 4920 quia
2488 4861 2639 4916 reges
2670 4844 3010 4898 Francorum
3057 4855 3126 4895 ex
3173 4838 3322 4910 regio
3370 4851 3564 4908 genere

1961 4941 2096 5010 nati,
2130 4955 2243 4996 non
2263 4937 2646 5010 episcoporum
2672 4931 3032 4999 vicedomini,
3055 4929 3151 4986 sed
3172 4937 3328 4984 terra:
3349 4922 3561 4981 domini

1961 5031 2227 5086 hactenus
2274 5027 2484 5082 fuimus
2512 5023 2856 5096 computati:
2892 5029 2945 5077 et
2983 5027 3044 5076 ut
3081 5019 3189 5073 Leo
3227 5033 3288 5071 ac
3318 5016 3563 5070 Romana

1962 5117 2207 5190 synodus
2253 5115 2493 5186 scripsit,
2542 5129 2695 5184 reges
2727 5119 2780 5168 et
2820 5112 3196 5181 imperatores,
3230 5119 3367 5174 quos
3397 5099 3561 5156 terris

1962 5189 2154 5262 divina
2183 5203 2426 5275 potentia
2457 5201 2716 5274 praecepit
2745 5214 2990 5270 praeesse,
3026 5195 3118 5267 jus
3147 5189 3560 5262 distinguendo-

1962 5312 2084 5350 rum
2113 5293 2457 5364 negotiorum
2493 5288 2762 5362 episcopis
2784 5287 2988 5344 sanctis
3011 5284 3172 5356 juxta
3199 5279 3407 5337 divalia
3433 5293 3560 5334 con-

1964 5386 2156 5443 stituta
2177 5383 2566 5456 permiserunt,
2598 5395 2709 5436 non
2739 5385 2920 5433 autem
2952 5376 3335 5448 episcoporum
3383 5369 3557 5424 villici

1963 5476 2312 5533 exstiterunt.
2345 5472 2416 5526 Et
2445 5478 2666 5526 sanctus
2708 5466 3051 5538 Augustinus
3097 5462 3255 5530 dicit,
3296 5477 3392 5534 per
3434 5459 3558 5531 jura

1965 5581 2153 5638 regum
2181 5559 2528 5637 possidentur
2557 5556 2942 5632 possessiones,
2975 5569 3089 5610 non
3123 5559 3305 5608 autem
3328 5565 3424 5623 per
3449 5547 3559 5620 epi-
