4070 6184
493 225 598 285 887

1529 219 1788 278 CABOLI
1829 219 2044 277 CALVI
2083 217 2514 276 FBANCORUM
2554 215 2760 274 REGIS

3691 212 3804 270 888

494 379 710 452 scopale
734 377 896 452 impc-
916 378 1026 434 Ium
1055 391 1206 448 reges
1224 375 1402 431 villici
1427 374 1589 442 fiunt,
1619 384 1936 448 actoresque
1966 374 2094 447 epi-
2118 381 2169 440 Α
2196 375 2364 431 clesia
2389 372 2490 429 Dei
2517 372 2575 428 in
2604 371 2711 441 his,
2757 371 2875 428 sine
2923 369 3124 444 quibus
3163 383 3281 424 eam
3313 366 3638 426 Christiana
3686 383 3803 424 non

497 485 812 542 scoporum.
834 469 905 524 Et
934 467 1224 534 Dominus,
1261 482 1381 538 quae
1411 471 1540 520 sunt
1569 464 1816 533 Caesaris,
1869 464 2090 533 Caesari,

495 567 550 615 et
577 575 696 632 quae
725 565 855 612 sunt
891 557 1013 623 Dei,
1044 557 1157 611 Deo
1189 553 1343 609 reddi
1380 553 1631 625 praecipit
1660 555 1872 624 (Matth.
1921 554 2090 623 xxn),

497 649 590 723 qui
638 647 803 702 etiam
849 660 1072 701 censum
1127 643 1241 715 regi
1278 642 1519 699 reddidit
1568 642 1784 713 (Matth.
1828 643 1992 711 xvn).
2022 641 2094 703 Et

496 739 791 812 Apostolus
819 737 999 792 voluit
1023 735 1219 792 serviri
1247 734 1487 806 regibus,
1525 733 1706 788 voluit
1734 732 1993 787 honorari
2039 739 2094 787 et

495 844 607 883 non
653 825 934 882 conculari
987 841 1154 897 reges.
1228 826 1434 894 Regem,
1505 822 1710 894 inquit,
1754 821 2093 891 honoriﬁcate

497 916 552 985 (Ι
579 916 726 971 Petr.
763 914 849 986 ιι).
878 915 949 969 Et
978 913 1200 981 iterum,
1238 913 1439 979 Omnis,
1470 911 1750 983 inquiens,
1792 910 1974 965 anima
1999 926 2093 980 po-

497 1003 764 1058 testatibus
790 1001 1189 1058 sublimioribus
1218 1001 1429 1056 subdita
1454 1000 1544 1054 sit.
1574 997 1788 1056 Reddite
1817 1014 1936 1068 ergo
1969 1015 2091 1052 om-

494 1092 647 1147 nibus
687 1091 859 1146 debita
903 1092 1078 1162 (Rom.
1127 1091 1298 1161 xm);
1344 1097 1398 1144 et
1451 1088 1614 1160 paulo
1644 1088 1932 1159 superius:
1966 1087 2088 1142 Ideo

494 1181 792 1235 necessitate
818 1179 1018 1234 subditi
1037 1185 1209 1247 estote,
1241 1195 1347 1233 non
1369 1179 1540 1234 solum
1560 1183 1779 1248 propter
1803 1175 1962 1244 iram,
2003 1175 2090 1230 sed

493 1275 540 1322 et
564 1274 785 1338 propter
813 1267 1179 1322 conscientiam
1209 1266 1424 1337 (Ibid)
1457 1267 1529 1321 Et
1553 1266 1599 1320 si
1631 1263 1979 1320 revolveritis
2009 1280 2087 1320 re-

493 1363 642 1427 gesta
670 1355 1018 1412 decessorum
1049 1371 1111 1413 ac
1132 1355 1590 1428 praedecessorum
1630 1361 1960 1421 vestrorum,
1998 1360 2092 1408 ta-

494 1445 567 1501 lia
597 1445 854 1502 mandata
883 1445 1026 1501 sicut
1055 1444 1326 1501 habentur
1346 1445 1402 1500 in
1426 1443 1624 1500 litteris
1652 1458 1720 1499 ex
1750 1443 1974 1499 nomine
2000 1456 2090 1496 ve-

492 1544 606 1592 stro
635 1536 796 1592 nobis
826 1535 1048 1592 directis
1078 1552 1173 1608 per
1201 1535 1500 1592 Actardum
1533 1535 1870 1607 episcopum,
1894 1533 2091 1589 deces-

491 1642 640 1681 sores
715 1633 931 1681 nostros
1005 1642 1036 1680 a
1108 1624 1482 1682 decessoribus
1556 1623 1754 1678 vestris
1818 1621 2090 1694 accepisse

2204 467 2408 538 patitur
2434 481 2550 522 esse
2576 464 2790 537 religio,
2823 463 3034 520 inculta
3059 477 3123 518 ac
3151 459 3417 516 destituta
3433 465 3673 515 maneat.
3704 457 3800 513 Sin

2203 563 2383 612 autem
2410 553 2736 611 excellentia
2763 559 2946 608 vestra
2973 551 3134 607 aliter
3179 565 3235 605 se
3280 547 3504 616 habere,
3535 563 3705 620 quam
3735 548 3803 604 de

2203 665 2266 704 eo
2307 646 2455 720 quod
2484 645 2690 701 dicitur
2725 659 2841 699 esse
2864 640 3222 715 perspexerit,
3255 655 3381 695 eum
3410 638 3480 694 ad
3509 637 3801 694 ecclesiam

2202 753 2356 794 suam
2391 735 2591 790 reverti
2612 733 2894 801 concedat,
2920 740 2981 788 ut
3009 731 3254 788 ofﬁcium
3273 745 3432 784 suum
3459 727 3520 782 in
3547 727 3805 782 commis-

2201 827 2276 883 sis
2305 825 2409 882 sibi
2430 824 2713 882 animabus
2733 823 3050 895 adimpleat.
3075 845 3093 868 ι
3123 819 3336 888 Quibus
3352 817 3634 872 mandatis
3653 815 3802 871 beati

2200 915 2446 988 Gregorii
2493 912 2907 987 praedecessoris
2953 910 3145 978 vestri,
3199 909 3267 964 de
3305 907 3393 962 his
3437 905 3535 978 qui
3564 903 3802 962 necdum

2191 1011 2403 1084 judicio
2429 1011 2682 1084 synodali
2709 1009 2956 1082 legaliter
2975 1023 3038 1063 ac
3065 1003 3389 1076 regulariter
3417 1017 3518 1074 pro
3551 998 3804 1057 crimini-

2197 1101 2298 1157 bus
2334 1101 2449 1156 suis
2477 1100 2627 1155 fuere
2652 1097 2910 1170 depositi,
2943 1093 3163 1152 collatis
3199 1109 3326 1149 cum
3357 1090 3581 1162 scriptis
3608 1106 3680 1144 ex
3707 1105 3802 1144 no-

2198 1195 2346 1250 mine
2393 1202 2572 1248 vestro
2611 1191 2770 1247 nobis
2817 1188 3064 1256 directis,
3118 1203 3188 1242 ex
3233 1201 3298 1240 eo
3330 1183 3424 1256 qui
3472 1181 3721 1253 legaliter
3739 1197 3806 1238 ac

2197 1282 2520 1356 regulariter
2546 1297 2644 1352 pro
2677 1278 2793 1334 suis
2821 1275 3134 1334 excessibus
3155 1271 3371 1346 judicio
3392 1269 3651 1343 synodali
3685 1269 3798 1325 ha-

2196 1373 2358 1428 betur
2385 1370 2685 1442 depositus,
2717 1375 2778 1423 ut
2807 1382 2929 1423 eum
2947 1372 3134 1420 nostra
3162 1363 3368 1418 fretum
3396 1357 3645 1433 potentia
3672 1359 3793 1416 Ro-

2201 1479 2343 1518 mam
2375 1462 2680 1528 mittamus,
2711 1474 2832 1530 quaa
2861 1455 3045 1527 potius
3075 1451 3352 1526 sequenda
3371 1449 3505 1516 sint,
3533 1447 3799 1518 judicate.

2197 1553 2307 1609 Nos
2340 1559 2523 1606 autem
2546 1547 2927 1605 auctoritatem
2953 1551 3191 1602 vestram
3212 1540 3589 1613 judicaturam
3611 1538 3796 1612 potius

2199 1641 2497 1709 credimus,
2527 1648 2588 1696 ut
2616 1654 2680 1694 ea
2706 1652 3022 1710 sequamur,
3052 1651 3172 1708 quae
3222 1632 3534 1688 decessores
3563 1645 3628 1686 ac
3655 1645 3803 1700 pra-

491 1716 806 1771 nullatenus
827 1714 1125 1770 invenietis
1151 1733 1162 1771 :
1196 1714 1342 1770 unde
1369 1729 1541 1786 pauca
1568 1712 1634 1770 de
1663 1711 1914 1783 pluribus
1933 1709 2092 1767 vobis
2121 1732 2166 1790 B
2196 1731 2505 1787 decessores
2535 1727 2703 1784 vestri
2731 1725 3037 1782 secundum
3064 1723 3473 1795 scripturarum
3524 1719 3804 1775 tramitem

489 1802 728 1860 scribere
758 1804 1125 1859 necessarium
1155 1801 1440 1858 duximus.

559 1919 793 1976 Sanctus
822 1918 1134 1989 Gregorius,
1167 1919 1365 1973 merito
1413 1918 1541 1973 vitae
1571 1927 1626 1973 et
1664 1915 1946 1988 sapientiae
1984 1913 2094 1968 do-

487 2007 667 2062 ctrina
686 2008 997 2078 apostolicae
1028 2006 1172 2061 scdis
1202 2006 1453 2078 pontifex
1481 2013 1535 2060 et
1562 2005 1665 2061 toti
1691 2003 1808 2059 orbi
1830 2001 2094 2058 colendus

487 2110 549 2150 ac
602 2095 926 2160 imitandus,
985 2096 1319 2150 Francorum
1373 2095 1590 2166 regibus
1652 2092 1992 2150 Theodorico
2039 2098 2092 2146 et

486 2180 884 2250 Theodeberto,
910 2181 1398 2253 praedecessoribus
1424 2181 1650 2249 nostris,
1675 2181 1742 2236 de
1770 2178 2093 2251 praajudicio

485 2269 773 2341 cujusdam
804 2271 1067 2342 episcopi,
1097 2287 1209 2324 non
1251 2271 1327 2326 ita
1369 2279 1430 2324 ut
1459 2287 1557 2326 vos
1588 2269 1747 2324 nobis
1797 2266 2094 2340 scripsistis

485 2376 584 2431 pro
613 2376 698 2428 eo,
722 2359 817 2433 qui
851 2377 950 2432 pro
982 2359 1194 2416 meritis
1223 2360 1338 2415 suis
1368 2360 1618 2432 legaliter
1664 2376 1726 2416 ac
1765 2357 2092 2430 regulariter

479 2447 626 2519 juste
655 2447 937 2518 depositus
962 2455 1062 2516 est,
1096 2449 1317 2519 scripsit
1339 2447 1442 2503 hoc
1478 2448 1641 2503 modo
1665 2447 1781 2517 (lib.
1818 2463 1915 2512 v11,
1938 2445 2091 2515 epist.

488 2535 610 2604 l20,
649 2537 830 2593 indict.
865 2539 956 2608 2):
1006 2562 1023 2583 ι
1054 2538 1244 2592 Frater
1273 2545 1327 2592 et
1373 2536 1727 2608 coepiscopus
1769 2542 1955 2590 noster
1983 2534 2096 2589 Ur-

484 2625 637 2678 sinus
685 2625 936 2680 Taurinzn
987 2625 1230 2680 civitatis
1277 2625 1525 2693 antistes,
1562 2624 1618 2678 in
1651 2622 1927 2696 parochiis
1958 2622 2090 2679 suis,

487 2728 605 2784 quae
660 2712 805 2766 intra
857 2714 1009 2784 regni
1053 2714 1222 2768 vestri
1275 2723 1402 2769 sunt
1448 2713 1714 2768 terminos
1756 2712 2089 2778 constitutae,

489 2816 650 2872 grave
702 2801 930 2857 omnino
958 2803 1162 2858 dicitur
1204 2803 1586 2874 prmjudicium
1620 2802 1908 2858 sustinere:
1959 2800 2092 2856 adeo

490 2897 552 2943 ut
603 2895 796 2944 contra
867 2890 1290 2946 ecclesiasticam
1363 2892 1790 2960 observantiam,
1863 2897 2094 2949 contra-

491 2993 594 3048 que
643 2976 1031 3033 sacerdotalem
1093 2979 1439 3050 gravitatem,
1494 2989 1548 3036 et
1575 2990 1766 3036 contra
1813 2995 2090 3034 sacrorum

2202 1819 2758 1892 prmdicationemque
2791 1814 3063 1887 majorum
3093 1812 3452 1883 scripserunt,
3485 1823 3652 1882 quam
3688 1806 3801 1875 illa,

2203 1924 2323 1979 quae
2351 1908 2587 1980 scriptor
2617 1922 2757 1978 saepe
2783 1905 2948 1961 dictae
2991 1901 3237 1974 epistola
3265 1916 3337 1956 ex
3364 1897 3594 1953 nomine
3625 1903 3804 1951 vestro

2203 1997 2362 2054 nobis
2391 1997 2612 2052 directae
2641 1993 2931 2052 conﬁnxit.
2957 1992 3054 2049 Ait
3077 1991 3225 2047 enim
3249 1990 3442 2046 beatus
3461 1985 3804 2058 Augustinus

2204 2087 2343 2142 libro
2375 2085 2445 2141 ad
2489 2083 2810 2140 Ianuarium
2845 2081 3021 2154 (epist.
3070 2080 3191 2146 119,
3223 2095 3338 2150 cap.
3373 2077 3464 2147 19)
3494 2092 3505 2129 :
3558 2099 3577 2122 ι
3611 2075 3806 2130 Omnia

2201 2176 2355 2244 talia,
2387 2191 2508 2247 quae
2533 2189 2709 2245 neque
2739 2179 3055 2228 sanctarum
3077 2170 3488 2240 Scripturarum
3511 2164 3804 2221 auctorita-

2201 2265 2352 2321 tibus
2383 2263 2761 2330 continentur,
2791 2277 2891 2316 nec
2919 2260 2976 2315 in
3006 2258 3261 2316 conciliis
3287 2256 3676 2328 episcoporum
3707 2248 3824 2309 sta?

2203 2361 2323 2409 tuta
2353 2351 2738 2418 inveniuntur,
2778 2365 2879 2404 nec
2906 2345 3305 2404 consuetudine
3333 2343 3673 2400 universalis
3706 2343 3803 2398 Ec-

2203 2443 2381 2499 clesiae
2413 2442 2666 2497 roborata
2695 2449 2845 2507 sunt,
2877 2437 3173 2494 resecanda
3201 2436 3486 2492 existimo.
3521 2458 3539 2480 ι
3584 2435 3656 2488 Et
3689 2449 3803 2488 san-

2203 2541 2323 2588 ctus
2352 2531 2481 2599 Leo,
2527 2530 2595 2586 de
2627 2529 2713 2584 his
2754 2545 2874 2602 quae
2909 2543 2941 2583 a
2977 2527 3147 2584 sacris
3183 2523 3492 2582 canonibus
3535 2523 3805 2578 habentur

2203 2625 2279 2679 ita
2306 2623 2550 2694 praefixa,
2571 2629 2624 2677 et
2643 2620 2847 2676 eisdem
2877 2619 3191 2692 apostolicae
3220 2617 3365 2674 sedis
3393 2624 3525 2672 sunt
3560 2615 3800 2688 promul-

2203 2723 2325 2786 gata
2352 2714 2610 2780 decretis,
2639 2721 2700 2767 ut
2729 2711 2882 2766 nulla
2910 2711 3122 2782 possint
3149 2709 3362 2764 ratione
3391 2707 3659 2775 convelli,
3681 2722 3801 2763 con-

2202 2803 2402 2872 stituit,
2460 2828 2477 2850 ι
2514 2803 2584 2858 Ut
2633 2800 2784 2856 omni
2825 2798 3043 2871 penitus
3093 2798 3418 2854 auctoritate
3465 2796 3540 2856 sit
3586 2812 3796 2864 vacum,

2202 2893 2474 2967 quidquid
2496 2893 2564 2948 ab
2586 2891 2810 2946 illorum
2834 2889 3002 2944 fuerit
3023 2886 3418 2945 constitutione
3440 2887 3744 2942 diversum.
3768 2909 3786 2932 ι

2202 2985 2282 3040 Ac
2314 2984 2362 3039 si
2397 2999 2523 3039 cum
2572 2980 2739 3036 Paulo
2785 2979 3013 3046 diceret,
3048 2977 3177 3050 quia
3215 2976 3318 3032 sibi
3367 2976 3473 3048 ipsi
3505 2974 3799 3047 apostolica

488 3081 761 3120 canonum
821 3065 1069 3136 deﬁnita,
1131 3069 1284 3124 nullo
1350 3067 1468 3139 ejus
1529 3068 1782 3139 exigente
1834 3067 2087 3134 crimine,
2127 3093 2169 3150 Ο
2198 3073 2357 3128 sedes
2381 3071 2439 3126 in
2475 3070 2590 3125 suis
2624 3067 3116 3126 constitutionibus
3144 3082 3260 3122 esse
3301 3082 3414 3121 non
3441 3073 3624 3137 potest
3662 3080 3800 3120 con-

489 3154 627 3209 alter
652 3154 770 3210 illic
798 3171 909 3210 non
941 3159 1198 3213 metuerit
1226 3159 1514 3230 episcopus
1543 3156 1808 3213 ordinari.
1862 3158 1932 3212 Et
1963 3157 2092 3229 quia

488 3260 681 3315 parum
713 3246 894 3301 visum
925 3256 1026 3315 est,
1056 3249 1100 3302 si
1132 3248 1347 3304 illicitis
1371 3266 1480 3303 non
1504 3247 1866 3319 jungerentur
1895 3245 2093 3301 illicita

488 3331 652 3387 etiam
687 3349 770 3389 res
799 3336 1042 3394 ecclesiae
1063 3355 1194 3406 sure,
1217 3347 1278 3394 ut
1314 3339 1506 3405 fertur,
1535 3337 1729 3392 ablatae
1757 3343 1905 3391 sunt.
1933 3335 2090 3401 Quod

489 3423 531 3476 si
564 3425 641 3480 ita
672 3441 727 3481 se
759 3426 961 3483 veritas
1009 3427 1190 3495 habet,
1241 3428 1498 3500 quoniam
1537 3425 1703 3480 nimis
1744 3423 2092 3480 intolerabile

489 3522 591 3580 est,
623 3524 684 3571 ut
711 3516 799 3570 vir
826 3517 1229 3589 opprimeretur
1258 3519 1347 3573 cui
1380 3517 1540 3589 culpa
1571 3533 1680 3572 non
1711 3515 1928 3581 nocuit,
1955 3529 2090 3584 prae-

490 3604 656 3660 misso
719 3615 957 3676 paterna)
1019 3606 1366 3661 salutationis
1423 3606 1686 3677 alloquio,
1737 3605 1974 3676 petimus
2029 3607 2091 3660 ut

489 3693 636 3765 quod
683 3694 1008 3748 excellentia
1054 3703 1234 3748 vestra
1271 3711 1456 3748 amore
1501 3693 1882 3749 ecclesiastica)
1935 3709 2088 3748 reve-

489 3783 704 3848 rentiae,
759 3791 813 3839 et
867 3785 1143 3855 aequitatis
1172 3786 1654 3856 contemplatione,
1685 3794 1878 3855 sponte
1912 3793 2089 3856 potest

491 3871 824 3942 impendere,
871 3882 1056 3928 nostra
1097 3871 1312 3927 studeat
1363 3873 1655 3944 benignius
1699 3873 2087 3927 intercessione

489 3961 807 4030 concedere,
840 3970 893 4018 et
915 3962 1189 4032 justitiam
1228 3960 1332 4026 illi,
1382 3962 1524 4016 sicut
1552 3961 1619 4016 de
1665 3962 1938 4034 aequitatis
1968 3961 2086 4032 ejus

489 4050 635 4103 bono
663 4051 1014 4118 confidimus,
1050 4051 1216 4106 faciat
1238 4051 1294 4105 in
1325 4051 1583 4107 omnibus
1612 4051 1900 4119 custodiri,
1925 4059 2086 4122 atque

491 4138 756 4208 patefacta
787 4141 1018 4195 veritate
1057 4141 1204 4213 quod
1253 4139 1447 4197 illicite
1497 4151 1678 4197 actum
1731 4151 1830 4208 est,
1863 4141 2083 4212 corrigi.

492 4227 596 4281 Pro
620 4227 860 4284 utilitate
880 4245 1007 4301 ergo
1027 4230 1224 4286 animm
1242 4237 1437 4286 vestrae
1455 4230 1572 4286 haec
1600 4230 1745 4304 apud
1775 4247 1872 4286 vos
1903 4238 2089 4286 nostra

490 4314 804 4371 exhortatio
837 4318 1015 4374 locum
1045 4319 1311 4388 inveniat,
1345 4327 1451 4374 etc.
1483 4345 1500 4367 ιι
1547 4319 1650 4376 Sed
1693 4328 1746 4376 et
1776 4320 1845 4376 ad
1879 4323 2089 4378 Roma-

2203 3160 2388 3228 traria,
2417 3159 2560 3214 Licet
2585 3175 2702 3227 nos,
2741 3163 2839 3213 aut
2862 3158 3078 3230 angelus
3104 3157 3167 3212 de
3193 3157 3318 3211 ccelo
3361 3155 3681 3226 evangelizet
3707 3171 3798 3208 eo-

2205 3250 2282 3303 bis
2306 3255 2503 3320 prater
2536 3247 2676 3318 quod
2713 3245 3190 3317 evangelizavimus
3217 3245 3382 3314 vobis,
3421 3247 3707 3302 anathema
3736 3248 3798 3302 sit

2202 3339 2358 3407 (Gal.
2389 3338 2454 3407 1).
2486 3336 2591 3393 Sed
2620 3345 2682 3392 ut
2709 3336 2766 3391 in
2798 3335 3174 3392 controversia
3205 3335 3541 3403 Quintiliani
3582 3337 3794 3408 legitur,

2205 3426 2455 3482 Floribus
2483 3425 2711 3496 vafricia
2748 3426 3065 3480 nebulonum
3092 3425 3384 3497 veneﬁcatis
3412 3443 3539 3497 apes
3570 3433 3798 3481 mortuas

2203 3531 2325 3584 esse,
2349 3515 2537 3586 quibus
2565 3514 2975 3587 melliﬁcandum
3003 3513 3201 3584 fuerat,
3225 3514 3291 3571 de
3313 3514 3618 3588 Scripturis
3636 3516 3798 3572 sacris

2205 3605 2266 3659 Β.
2298 3605 2492 3660 Petrus
2519 3604 2606 3675 agi
2638 3604 2996 3672 demonstrat,
3039 3606 3266 3677 loquens
3292 3606 3360 3661 de
3398 3606 3559 3662 Pauli
3591 3605 3798 3678 Episto-

2204 3691 2293 3757 lis,
2327 3694 2453 3758 Qua:
2477 3693 2674 3747 indocti
2702 3699 2750 3747 et
2769 3693 3054 3761 instabiles,
3089 3693 3290 3767 inquit,
3323 3695 3642 3766 depraeant,
3672 3695 3800 3751 sicut

2201 3788 2248 3835 et
2275 3787 2488 3836 crateras
2519 3782 2846 3852 Scripturas,
2874 3783 2947 3838 ad
2987 3800 3138 3839 suam
3179 3785 3413 3856 ipsorum
3453 3785 3800 3856 perditionem

2197 3871 2223 3938 (
2228 3871 2292 3926 II
2308 3870 2453 3926 Petr.
2486 3870 2598 3942 ιιι),
2625 3878 2678 3926 et
2707 3871 2774 3928 de
2803 3871 3198 3929 traditionibus
3235 3874 3630 3932 ecclesiasticis
3669 3891 3800 3931 san-

2197 3969 2318 4017 ctus
2347 3961 2698 4018 Innocentius
2736 3962 2831 4030 (ad
2872 3963 2993 4018 Dec.
3042 3963 3192 4036 epist.
3242 3963 3359 4034 29),
3414 3989 3434 4011 ι
3482 3967 3656 4035 Dum,
3709 3967 3804 4022 in-

2197 4050 2412 4122 quiens,
2426 4052 2804 4123 unusquisque
2826 4068 2937 4108 non
2959 4053 3106 4126 quod
3127 4053 3391 4110 traditum
3406 4064 3509 4124 est,
3539 4055 3638 4112 sed
3659 4057 3799 4129 quod

2199 4141 2305 4197 sibi
2349 4142 2532 4198 visum
2577 4143 2766 4211 fuerit,
2817 4143 2926 4200 hoc
2971 4144 3255 4202 existimat
3307 4162 3422 4202 esse
3471 4147 3797 4215 tenendum,

2201 4229 2328 4285 inde
2355 4229 2574 4285 diversa
2593 4229 2651 4284 in
2676 4231 2911 4286 diversis
2937 4232 3075 4289 locis
3106 4235 3197 4289 vel
3231 4234 3500 4303 ecclesiis,
3528 4243 3627 4292 aut
3659 4245 3798 4290 teneo

2200 4319 2287 4374 riu
2315 4328 2409 4375 aut
2437 4319 2700 4377 celebrari
2732 4321 3012 4393 videntur,
3045 4341 3109 4382 ac
3133 4324 3196 4381 fit
3216 4326 3537 4383 scandalum
3558 4328 3794 4400 populis,

491 4420 624 4501 num
656 4405 980 4474 exarchum,
1014 4407 1246 4463 minoris
1275 4407 1579 4480 dignitatis,
1602 4424 1764 4481 quam
1787 4409 1959 4464 simus
1988 4409 2085 4464 Dei
2116 4449 2164 4506 Β
2198 4409 2293 4482 qui
2323 4409 2454 4465 dum
2485 4410 2740 4467 nesciunt
2768 4413 3094 4470 traditiones
3123 4416 3379 4488 antiquas
3402 4416 3649 4473 humana
3669 4433 3797 4490 prae-

490 4491 661 4563 gratia
691 4496 850 4567 regiae
895 4497 1197 4567 potestatis,
1241 4497 1308 4554 de
1336 4496 1570 4568 quodam
1594 4498 1848 4570 episcopo
1869 4496 2088 4570 scripsit

491 4582 594 4640 hoc
622 4584 787 4640 modo
818 4585 934 4657 (lib.
963 4603 1002 4653 ι,
1035 4603 1114 4657 ep.
1139 4586 1231 4657 32)
1267 4605 1278 4642 :
1327 4612 1344 4632 ι
1369 4587 1625 4642 Pervenit
1653 4586 1722 4642 ad
1761 4603 1880 4653 nos,
1911 4587 2085 4640 Blan—

487 4673 620 4728 dum
651 4675 973 4731 Ortonensis
1003 4675 1246 4732 civitatis
1273 4676 1611 4749 episcopum,
1636 4677 1798 4748 longo
1812 4675 1928 4748 jam
1950 4684 2084 4731 tem-

487 4778 616 4833 pore
645 4762 702 4817 in
731 4763 957 4819 civitate
983 4765 1284 4821 Ravennati
1315 4781 1347 4820 a
1375 4773 1554 4822 vestra
1583 4764 1909 4821 excellentia
1946 4763 2081 4820 deti-

487 4850 626 4917 neri,
682 4858 736 4906 et
782 4852 845 4908 ﬁt
891 4861 954 4909 ut
1014 4855 1243 4910 ecclesia
1289 4854 1407 4910 sine
1455 4860 1683 4918 rectore,
1740 4861 1794 4908 et
1849 4855 2080 4925 populus

486 4940 640 5011 quasi
671 4939 789 4997 sine
832 4951 1047 5014 pastore
1093 4959 1193 4998 rex
1233 4943 1455 5012 deﬂuat,
1499 4949 1552 4997 et
1593 4940 1799 4997 ibidem
1841 4943 2080 4999 infantes

485 5045 583 5100 pro
614 5033 848 5104 peccatis
875 5049 1041 5106 asque
1066 5033 1391 5105 baptismate
1416 5033 1741 5090 moriantur.
1773 5034 1845 5090 Et
1865 5050 2074 5102 rursus,

484 5121 613 5190 quia
651 5138 765 5176 non
811 5122 1088 5179 credimus
1133 5121 1280 5196 quod
1328 5139 1453 5178 eum
1501 5123 1827 5180 excellentia
1873 5133 2072 5193 vestra,

483 5211 589 5266 nisi
634 5229 702 5268 ex
749 5215 933 5286 aliqua
977 5215 1275 5288 probabilis
1304 5231 1560 5274 excessus
1607 5233 1770 5274 causa
1815 5218 2072 5285 tenuerit,

481 5309 696 5370 oportet
721 5312 781 5358 ut
812 5304 996 5359 habita
1023 5305 1236 5377 synodo
1261 5307 1438 5377 palam
1468 5305 1582 5374 ﬁat,
1615 5307 1662 5362 si
1691 5307 1840 5379 quod
1861 5308 1918 5363 in
1951 5323 2073 5364 eum

479 5389 689 5446 crimen
727 5392 1054 5463 intenditur,
1085 5401 1138 5450 et
1177 5393 1223 5450 si
1254 5395 1377 5451 talis
1405 5395 1464 5450 in
1502 5411 1566 5451 eo
1592 5396 1754 5468 culpa
1782 5398 2070 5469 reperitur,

479 5495 600 5550 quae
635 5497 806 5553 usque
835 5482 904 5537 ad
935 5483 1380 5554 degradationem
1412 5484 1702 5542 sacerdotii
1750 5485 2072 5555 deducatur,

476 5567 638 5626 aliam
660 5586 876 5628 necesse
904 5581 985 5631 est
1011 5573 1413 5630 ordinationem
1444 5575 1805 5648 inquiramus,
1857 5591 1925 5631 ne
1961 5576 2078 5634 Ec-

2196 4499 2509 4570 sumptione
2549 4509 2852 4574 corruptas,
2885 4511 3083 4575 putant
3121 4505 3229 4561 sibi
3275 4514 3369 4561 aut
3405 4507 3659 4562 ecclesiis
3689 4524 3793 4564 non

2195 4591 2514 4657 convenire,
2563 4600 2658 4648 aut
2697 4593 2766 4650 ab
2809 4596 3090 4667 apostolis,
3138 4596 3226 4652 vel
3271 4597 3591 4668 apostolicis
3661 4599 3795 4654 viris

2193 4679 2636 4737 contrarietatem
2676 4683 2980 4742 inductam.
3028 4710 3047 4736 ι
3086 4684 3292 4743 Contra
3336 4702 3502 4760 quem
3543 4687 3792 4746 morbum

2192 4777 2413 4826 sanctus
2444 4769 2770 4829 Coelestinus
2799 4773 3018 4830 salubre
3063 4775 3280 4832 cunctis
3309 4777 3613 4834 celebravit
3639 4779 3793 4835 anti-

2190 4856 2402 4926 dotum,
2435 4859 2624 4916 dicens
2657 4860 2828 4932 (epist.
2865 4862 2946 4935 2),
2992 4887 3010 4910 ι
3040 4863 3193 4920 Nulli
3227 4866 3499 4923 sacerdoti
3557 4885 3685 4924 suos
3715 4868 3791 4924 li-

2187 4954 2304 5003 ceat
2332 4961 2570 5003 canones
2617 4947 2888 5022 ignorare,
2923 4969 3027 5011 nec
3071 4953 3374 5028 quidquam
3412 4956 3614 5027 facere,
3647 4956 3788 5030 quod

2186 5035 2407 5092 Patrum
2453 5038 2658 5108 regulis
2700 5041 2875 5112 possit
2925 5042 3168 5101 obviare.
3204 5044 3335 5112 Quae
3379 5047 3530 5104 enim
3567 5065 3599 5103 a
3636 5047 3790 5103 nobis

2185 5142 2270 5182 res
2297 5126 2463 5200 digna
2489 5129 2818 5201 servabitur,
2841 5132 2889 5188 si
2910 5132 3278 5192 decretalium
3309 5153 3510 5194 norma
3528 5141 3786 5196 constitu-

2185 5224 2388 5285 torum,
2428 5235 2526 5290 pro
2569 5219 2880 5293 aliquorum
2932 5223 3100 5280 libitu
3151 5224 3379 5282 licentia
3407 5229 3631 5301 populis
3659 5245 3783 5300 per-

2184 5305 2348 5362 missa
2373 5307 2655 5380 frangatur
2674 5310 2703 5366 7
2731 5334 2749 5358 ι
2816 5314 2887 5369 Et
2913 5323 3136 5370 sanctus
3166 5315 3418 5372 Gelasius
3467 5317 3527 5373 in
3558 5316 3782 5374 decretis

2183 5397 2316 5465 suis,
2381 5422 2399 5446 ι
2427 5398 2613 5456 Patres
2662 5403 2857 5471 nostri,
2908 5405 3175 5463 catholici
3227 5407 3490 5465 videlicet
3541 5416 3597 5463 et
3635 5407 3777 5468 docti

2185 5485 2490 5584 Polliiﬁces,
2609 5505 2933 5584 unaquaque
2955 5503 3105 5552 secta
3133 5496 3382 5570 quolibet
3410 5506 3656 5570 tempore
3683 5513 3777 5553 su-

2184 5579 2395 5646 scitata,
2433 5579 2705 5653 quidquid
2757 5597 2855 5655 pro
2899 5582 3026 5654 ﬁde,
3073 5602 3171 5658 pro
3210 5586 3459 5656 veritate,
3493 5603 3592 5661 pro
3617 5603 3775 5645 com-
