4070 6184
209 253 316 310 889

1671 206 2070 353 Episromu

3351 207 3355 212 ’
3409 253 3515 313 890

206 403 478 460 munione
560 401 834 459 catholica
898 410 1062 475 atque
1121 404 1442 474 apostolica,
1502 403 1802 460 secundum
1834 412 1882 471 Α
1918 410 2024 458 tum
2054 403 2262 476 argenti
2303 405 2581 476 appendes.
2623 403 2766 459 Dum
2792 409 2965 459 autem
3000 419 3086 474 ego
3143 403 3385 460 tu—rbatus
3414 405 3516 461 huc

205 493 622 565 Scripturarum
667 490 967 560 tramitem,
1015 491 1570 566 pradicationemque
1629 492 1812 565 majo-

205 600 357 651 rum,
407 583 553 638 facta
599 583 766 636 semel
797 583 1214 654 congregatione
1251 594 1572 653 sanxerunt,
1607 587 1812 641 incon-

205 675 437 730 vulsum
467 673 769 727 voluerunt
790 671 1046 745 deinceps
1075 673 1405 746 ﬁrmumque
1435 683 1811 744 constare,nec

205 764 264 820 in
303 762 496 820 eadem
539 777 704 817 causa
751 762 930 817 denuo
968 780 1087 834 qua
1130 763 1353 835 praﬁxa
1382 764 1600 820 fuerant
1629 774 1811 822 retra-

204 853 347 910 ctari
390 851 637 924 qualibet
668 850 874 908 recenti
904 853 1327 925 praesumptione
1360 855 1744 926 permiserunt.
1779 881 1796 903 ι

273 962 600 1020 Videndum
629 969 711 1017 est
738 963 924 1034 igitur.
960 964 1093 1035 quid
1124 963 1215 1019 hic
1262 971 1463 1020 trames
1497 972 1808 1020 sanctarum

203 1053 640 1125 Scripturarum,
699 1059 753 1106 et
815 1052 1130 1123 pradicatio
1191 1054 1457 1126 majorum
1521 1055 1803 1110 deﬁniant.

204 1143 485 1216 Scriptum
529 1141 734 1214 quippe
785 1141 1019 1213 legimus
1055 1143 1112 1198 in
1161 1161 1314 1202 sacra
1344 1145 1575 1200 historia
1601 1144 1808 1200 dixisse

203 1232 507 1290 Dominum
540 1247 637 1303 per
665 1229 986 1302 prophetam
1017 1232 1280 1304 Josaphat
1306 1235 1422 1304 regi
1457 1233 1807 1305 :Impioprw-

206 1323 287 1377 bes
325 1319 616 1386 auxilium,
665 1326 711 1374 et
750 1320 831 1374 his
857 1320 950 1390 qui
978 1322 1206 1376 oderunt
1249 1323 1536 1378 Dominum
1573 1323 1809 1378 amicitia

195 1411 460 1482 jungeris,
494 1415 544 1464 et
579 1409 775 1463 idcirco
822 1408 964 1463 iram
994 1410 1204 1479 quidem
1240 1412 1461 1466 Domini
1499 1412 1804 1479 merebar-is,

201 1501 289 1554 sed
330 1500 467 1554 bona
495 1515 658 1569 opera
679 1497 891 1552 inventa
921 1505 1045 1553 sunt
1084 1499 1142 1553 in
1173 1506 1235 1567 te,
1268 1517 1324 1554 eo
1360 1501 1500 1570 quod
1530 1501 1808 1556 abstuleris

205 1593 352 1648 lucos
399 1591 458 1645 de
504 1597 646 1644 terra
677 1590 819 1645 Iuda
853 1592 942 1660 (ΙΙ
975 1592 1108 1646 Par.
1139 1591 1286 1662 xxx).
1319 1593 1389 1646 Et
1420 1591 1477 1645 in
1506 1591 1807 1662 Evangelio

207 1679 378 1738 semel
401 1687 454 1735 et
475 1678 712 1736 secundo
731 1695 795 1735 ac
819 1680 982 1736 tertio
1013 1680 1309 1747 monitum,
1328 1688 1382 1735 et
1411 1697 1521 1736 non
1553 1681 1806 1735 obedien-

204 1777 324 1824 tem
357 1768 423 1823 ad
453 1767 848 1823 correctionem
877 1767 1141 1835 debitam,
1169 1768 1439 1824 Dominus
1459 1769 1602 1824 sicut
1633 1767 1810 1824 ethni-
1840 1776 1885 1834 Β

201 1876 330 1916 cum
379 1869 433 1915 et
476 1860 830 1932 publicanum
859 1858 1019 1931 jubet
1049 1860 1234 1917 haberi
1266 1863 1481 1932 (Matth.
1512 1862 1701 1931 xvm).
1733 1861 1804 1915 Et

201 1947 400 2004 beatus
432 1949 727 2021 Gregorius
757 1950 814 2004 in
846 1950 1080 2006 decretis
1105 1951 1236 2017 suis,
1271 1951 1414 2006 sicut
1445 1952 1503 2006 in
1526 1951 1688 2022 gestis
1717 1966 1804 2021 sy-

201 2038 338 2094 nodi
363 2039 619 2094 invenire
649 2040 1255 2112 potestis,pervasorem
1277 2056 1389 2095 non
1409 2040 1587 2095 solum
1620 2056 1802 2095 rerum

201 2127 532 2196 alienarum,
557 2129 650 2184 sed
672 2129 838 2185 etiam
861 2130 1101 2185 ecclesiae
1121 2129 1225 2185 sibi
1247 2146 1364 2184 com
1375 2129 1804 2197 missa,anathe-

201 2219 522 2274 matizatum
558 2219 773 2275 definit.
807 2221 1014 2277 Verum
1048 2229 1101 2276 et
1153 2222 1199 2275 si
1225 2221 1366 2276 alius
1399 2221 1504 2276 hoc
1535 2220 1724 2292 egerit,
1759 2220 1806 2274 is

198 2307 298 2379 qui
333 2317 526 2378 praeest
555 2309 836 2377 Ecclesia,
868 2309 914 2365 si
969 2309 1075 2365 hoc
1104 2310 1191 2365 vel
1240 2310 1353 2380 ipse
1384 2309 1502 2386 ﬁeri
1534 2308 1801 2380 pracipit,

197 2396 290 2450 vel
322 2397 440 2452 sine
483 2414 582 2452 sua
613 2400 976 2470 praeceptione
1005 2399 1211 2454 factum
1260 2399 1425 2469 digna
1451 2399 1645 2470 punire
1675 2397 1806 2451 ani—

196 2482 591 2539 madversione
634 2485 960 2556 neglexerit,
1008 2501 1133 2540 eum
1181 2485 1622 2541 anathematizat.
1665 2484 1806 2540 Satis

195 2589 332 2644 ergo
359 2573 550 2628 mirari
596 2589 709 2628 non
738 2589 1048 2646 possumus,
1082 2573 1228 2629 unde
1277 2573 1511 2644 scriptor
1539 2573 1803 2644 epistola,

195 2660 366 2716 nobis
391 2677 459 2716 ex
504 2663 731 2718 nomine
753 2671 936 2718 vestro
967 2662 1180 2730 delata,
1206 2663 1345 2719 hanc
1383 2663 1554 2735 legem
1578 2661 1722 2732 apud
1750 2678 1806 2716 se

193 2767 337 2806 auro
383 2753 653 2824 sculptam
685 2752 970 2824 produxit,
1001 2768 1161 2824 quam
1194 2753 1465 2808 Dominus
1495 2752 1670 2823 digito
1707 2767 1806 2806 suo

192 2854 316 2894 non
370 2840 612 2913 scripsit,
645 2857 746 2898 nec
794 2840 1140 2897 scribendam
1189 2842 1446 2913 cuiquam
1491 2840 1804 2912 inspiravit,

193 2943 381 2999 neque
408 2927 718 2983 ordinatam
747 2945 844 3000 per
872 2930 1093 3000 angelos
1122 2928 1180 2984 in
1210 2945 1378 2984 manu
1399 2927 1714 2983 mediatoris
1744 2928 1805 2982 il-

192 3015 315 3071 lius
343 3015 521 3082 dedit,
540 3031 704 3086 quam
732 3034 840 3072 non
871 3034 1111 3090 paganus
1143 3017 1373 3086 indixit,
1405 3033 1516 3072 non
1543 3017 1806 3074 Christia-

189 3119 312 3159 nus
333 3102 584 3170 induxit,
602 3119 714 3158 non
744 3105 1136 3162 ecclesiasticus
1173 3107 1261 3161 vir
1298 3106 1564 3174 decrevit,
1599 3122 1718 3177 qua
1741 3106 1807 3161 de
1843 3143 1886 3203 Ο

189 3192 313 3248 sub
342 3193 452 3247 isto
495 3193 652 3259 caelo,
682 3193 822 3250 sicut
866 3211 976 3252 non
1005 3204 1312 3252 atramento
1359 3213 1527 3252 manu
1550 3194 1807 3266 justitia,

190 3283 291 3338 ita
319 3299 424 3340 nec
473 3284 678 3356 Spiritu
706 3287 804 3342 Dei
853 3289 970 3344 vivi
1012 3289 1215 3362 scripta
1255 3290 1561 3361 personuit,
1585 3305 1694 3360 qua
1721 3303 1808 3343 me

189 3391 390 3446 regem
423 3393 452 3430 a
480 3377 593 3432 Deo
620 3380 1007 3448 constitutum,
1025 3388 1078 3434 et
1109 3380 1290 3451 gladio
1306 3397 1375 3436 ex
1397 3388 1626 3452 utraque
1655 3387 1808 3450 parte

188 3473 389 3532 acuto,
421 3465 602 3522 ultore
631 3469 846 3539 scilicet
873 3469 1193 3524 nocentium
1234 3478 1288 3524 et
1311 3468 1596 3523 defensore
1635 3467 1807 3523 inno-

188 3555 471 3620 centium,
493 3555 846 3628 insignilum,
868 3557 936 3613 ad
957 3557 1263 3612 vindictam
1285 3557 1722 3622 malefactorum,
1747 3564 1808 3613 ut

191 3645 430 3716 exponit
479 3647 782 3718 Apostolus
817 3647 992 3718 (Rom.
1027 3647 1179 3716 xm),
1213 3647 1428 3703 laudem
1461 3663 1591 3703 vero
1622 3647 1809 3703 bono-

190 3751 344 3797 rum,
375 3735 454 3790 rei
483 3743 649 3808 atque
690 3735 959 3800 damnati,
991 3743 1154 3807 atque
1184 3736 1626 3792 anathematizati
1676 3736 1806 3790 fau—

188 3830 376 3879 torem
399 3842 514 3880 esse
540 3826 811 3898 praecipit,
836 3825 1030 3896 iubens
1057 3834 1118 3882 ut
1147 3827 1503 3884 Hincmarum
1524 3843 1804 3884 sacrarum

191 3913 382 3984 legum
415 3915 916 3985 praevaricatorem,
948 3915 1123 3971 sancti
1153 3916 1445 3971 sacerdotii
1470 3919 1803 3988 vituperato-

189 4017 335 4068 rem,
385 4003 549 4074 regiae
595 4003 886 4075 dignitatis
929 4011 1122 4058 contra
1170 4004 1414 4074 regulam
1444 4004 1802 4074 apostolicam

189 4088 633 4159 dehortatorem,
690 4090 845 4162 regni
896 4090 1353 4162 perturbatorem,
1411 4090 1694 4162 perjurum
1751 4100 1804 4148 et

191 4177 541 4234 seditionum
568 4187 869 4248 auctorem,
900 4178 1146 4236 ecclesia
1183 4179 1289 4234 sibi
1319 4178 1625 4235 commissa
1653 4178 1805 4234 aﬂli-

189 4276 407 4325 ctorem
440 4312 458 4337 ,
515 4270 841 4326 facultatum
919 4269 1413 4326 ecclesiasticarum
1479 4270 1802 4342 sacrilegum

189 4357 573 4414 fraudatorem
621 4375 682 4416 ac
712 4359 1153 4430 exstirpatorem,
1185 4359 1568 4432 episcoporum
1613 4376 1676 4415 ac
1705 4367 1804 4416 to-

189 4446 309 4503 tius
375 4448 564 4519 populi
625 4455 937 4504 nostrarum
999 4449 1236 4519 partium
1292 4448 1800 4514 scandalizatorem,

191 4535 505 4591 alienarum
553 4553 736 4592 rerum
787 4553 1154 4609 pervasorern,
1197 4545 1252 4592 et
1293 4538 1567 4593 veniendo
1613 4544 1804 4594 contra

194 4623 635 4697 subscriptiones
663 4633 716 4682 et
752 4625 1118 4698 professiones
1147 4642 1271 4682 suas
1299 4642 1330 4681 a
1361 4625 1541 4698 seipso
1570 4625 1808 4682 damna-

197 4730 343 4782 tum,
398 4715 644 4786 potentia
689 4715 837 4787 regia
885 4715 1086 4772 fretum
1136 4717 1366 4773 Romam
1417 4716 1606 4773 venire
1643 4715 1804 4772 facia-

195 4817 348 4859 mus.

270 4913 411 4980 Quis
457 4914 628 4986 igitur
663 4913 808 4971 hanc
837 4915 1152 4971 universam
1184 4917 1358 4988 legem
1389 4917 1642 4973 infernus
1667 4932 1806 4972 evo-

192 5003 345 5059 muit
367 5003 395 5059 ?
424 5002 557 5070 Quis
585 5010 823 5059 tartarus
841 5003 908 5059 de
938 5004 1052 5059 suis
1079 5004 1282 5060 abditis
1301 5014 1355 5060 et
1384 5007 1690 5063 tenebrosis
1709 5024 1802 5063 cu-

192 5092 410 5149 niculis
428 5093 705 5150 eructavit
725 5093 754 5149 ?
781 5094 985 5151 Contra
996 5094 1373 5165 quamlitteris
1388 5096 1556 5152 sacris
1589 5104 1808 5152 ostensa

195 5181 367 5238 nobis
410 5189 492 5238 est
519 5181 611 5236 via
637 5197 801 5254 quam
845 5197 1156 5254 sequamur,
1189 5184 1437 5254 apposita
1487 5184 1684 5252 forma,
1715 5185 1805 5240 cui

194 5270 610 5341 imprimamur.
668 5271 953 5338 Clamavit,
1005 5271 1208 5342 inquit,
1254 5273 1512 5342 propheta
1541 5272 1612 5326 ad
1641 5290 1806 5344 regem

192 5361 400 5427 Israel,
425 5365 473 5414 et
499 5359 578 5414 ait
603 5377 613 5414 :
651 5360 844 5416 Seruus
867 5366 988 5414 tuus
1017 5375 1251 5431 egressus
1269 5366 1345 5414 est
1369 5361 1439 5414 ad
1447 5360 1806 5431 praliandum

193 5448 442 5504 cominus
463 5466 484 5512 ;
505 5465 724 5519 cumque
751 5448 971 5520 fugisset
989 5449 1072 5504 vir
1093 5465 1248 5507 unus.
1279 5449 1509 5504 adduxit
1538 5465 1656 5504 eum
1676 5449 1806 5520 qui-

193 5537 329 5592 dam
356 5539 430 5593 ad
457 5555 558 5606 me,
581 5544 632 5592 et
659 5538 801 5593 dixit
821 5555 838 5592 .'
872 5538 1090 5594 Custodi
1117 5538 1290 5593 virum
1309 5540 1489 5607 istum,
1519 5538 1614 5608 qui
1631 5538 1678 5593 si
1692 5538 1805 5609 fue-

195 5625 278 5682 rit
304 5628 507 5698 lapsus,
534 5626 638 5682 erit
673 5625 854 5682 anima
885 5633 976 5682 tua
998 5643 1102 5699 pro
1130 5628 1313 5684 anima
1339 5626 1471 5698 ejus,
1503 5633 1598 5684 aut
1627 5630 1806 5686 talen—

1833 4498 1881 4555 D

1921 492 2146 564 illucque
2171 511 2251 548 me
2269 493 2711 563 verterem,subito
2731 509 2838 547 non
2863 490 3178 562 comparuit.
3210 494 3285 548 Et
3311 494 3390 549 ait
3417 510 3515 550 rea:

1922 585 2090 642 Israel
2125 584 2196 638 ad
2225 600 2342 638 eum
2373 601 2384 638 :
2418 585 2528 640 Hoc
2554 590 2627 638 est
2643 582 2904 652 judicium
2938 584 3104 646 tuum,
3137 581 3278 652 quod
3301 581 3409 653 ipse
3430 584 3514 638 de-

1919 676 2146 731 crevisti.
2177 675 2357 731 Atille
2384 675 2562 729 statim
2577 674 2824 729 abstersit
2836 673 3104 744 pulverem
3134 672 3196 726 de
3224 670 3361 741 fac-ie
3394 689 3515 738 sua,

1919 773 1966 820 et
2008 769 2246 836 cog-novit
2284 783 2399 820 eum
2430 782 2527 820 rea:
2574 765 2770 828 Israel,
2797 763 2937 833 quod
2984 767 3109 816 esset
3138 761 3199 815 de
3221 760 3513 832 prophetis.

1922 853 2024 920 Qui
2043 853 2121 908 ait
2141 854 2213 908 ad
2241 870 2355 908 eum
2389 871 2400 908 :
2430 855 2551 908 Haec
2580 853 2706 907 dicit
2736 851 2828 906 tibi
2858 849 3114 906 Dominus
3153 867 3164 904 :
3199 849 3336 916 Quia
3364 848 3519 904 dimi-

1917 942 2032 996 sisti
2058 941 2232 996 virum
2260 942 2475 1013 dignum
2505 941 2677 996 ‘morte
2707 942 2768 996 de
2797 956 2961 995 manu
2992 937 3209 1006 lua,erit
3227 937 3405 992 anima
3426 944 3518 994 tua

1911 1051 2014 1106 pro
2046 1033 2227 1088 anima
2245 1031 2378 1101 ejus,
2409 1037 2457 1086 et
2476 1034 2706 1103 populus
2745 1038 2865 1086 tuus
2887 1048 2992 1104 pro
3006 1031 3205 1103 populo
3236 1027 3365 1098 ejus.
3422 1029 3517 1084 Re-

1920 1140 2096 1178 versus
2125 1130 2199 1178 est
2243 1123 2409 1193 igitur
2451 1141 2548 1177 rea:
2590 1123 2763 1177 Israel
2808 1122 2864 1176 in
2908 1121 3121 1175 domum
3149 1135 3302 1174 suam
3329 1117 3519 1172 aud-ire

1915 1219 2241 1266 contemnens
2271 1257 2286 1280 ,
2371 1218 2418 1267 et
2469 1211 2796 1283 furibundus
2872 1208 3009 1263 venit
3074 1207 3130 1261 in
3215 1205 3520 1262 Samariam

1915 1303 2040 1370 (ΙΙΙ
2059 1303 2182 1372 Reg.
2216 1300 2340 1371 xx).
2383 1299 2643 1367 Quanam
2674 1315 2774 1354 vos
2807 1297 3084 1353 dementia
3111 1295 3298 1367 coepit,
3327 1293 3518 1350 scien-

1917 1398 1998 1445 tes
2042 1389 2248 1444 dixisse
2278 1389 2580 1456 Christum,
2610 1387 2711 1444 Dei
2758 1385 3024 1442 virtutem
3053 1393 3106 1441 et
3158 1384 3258 1440 Dei
3289 1383 3518 1455 sapien-

1918 1479 2071 1548 tiam,
2104 1497 2197 1550 ρον
2234 1498 2313 1534 me
2345 1496 2486 1550 reges
2515 1487 2756 1550 regnant,
2790 1485 2836 1532 et
2855 1477 3152 1532 conditores
3174 1476 3340 1546 legum
3363 1473 3518 1542 justa

1917 1570 2196 1625 decernunt
2228 1572 2413 1643 (Prov.
2446 1570 2595 1642 vni).
2628 1569 2700 1624 Et
2727 1569 2868 1625 sacri
2891 1583 3149 1632 canones,
3173 1565 3318 1622 sicut
3342 1564 3516 1622 credi-

1918 1676 2057 1728 mus,
2090 1667 2143 1715 et
2172 1661 2228 1715 in
2258 1658 2576 1732 apostolicis
2603 1657 2804 1713 litteris
2823 1656 3021 1728 saepius
3043 1652 3514 1726 legimus,Spiritu

1917 1750 2014 1804 Dei
2043 1749 2274 1818 conditi,
2309 1759 2362 1804 et
2393 1751 2566 1804 totius
2596 1748 2790 1803 mundi
2824 1745 3132 1802 reverentia
3171 1752 3299 1800 sunt
3325 1758 3512 1799 conse-

1917 1839 2072 1894 crati.
2107 1839 2397 1911 Propterea
2428 1838 2735 1904 videamus,
2769 1836 2903 1909 quid
2935 1837 3002 1891 de
3029 1832 3351 1905 hujusmodi
3377 1847 3514 1888 san-
3573 1907 3578 1912 η

1917 1928 1993 1983 oti
2020 1945 2257 1986 canones
2284 1938 2336 1985 et
2366 1946 2530 1986 sacra
2559 1930 2702 2001 leges
2734 1930 3050 1985 decernant.
3093 1925 3189 1982 Ait
3215 1924 3362 1980 enim
3393 1939 3513 1979 san-

1917 2030 2068 2078 ctum
2115 2025 2440 2080 Africanum
2487 2023 2788 2080 concilium
2821 2022 2981 2094 (Cari.
3014 2021 3106 2092 29)
3144 2037 3155 2074 :
3216 2044 3231 2065 ι
3275 2018 3348 2072 Et
3373 2014 3514 2072 illud

1919 2113 2237 2184 petendum,
2268 2112 2404 2184 quin
2447 2112 2591 2183 apud
2629 2117 2788 2166 terra
2833 2107 3109 2182 principes
3156 2112 3393 2161 statuere
3418 2103 3516 2160 di—

1919 2210 2175 2272 gnentur,
2208 2210 2270 2258 ut
2300 2202 2346 2258 si
2377 2203 2500 2274 quis
2529 2200 2827 2272 cujuslibet
2856 2198 3084 2254 honoris
3113 2195 3346 2253 clericus
3365 2192 3512 2266 judi-

1917 2290 2003 2346 cio
2015 2293 2396 2364 episcoporum
2416 2307 2744 2366 quocunque
2762 2290 2994 2346 crimine
3015 2287 3184 2342 fuerit
3201 2287 3324 2342 dam
3333 2291 3510 2349 natus,

1919 2394 2030 2433 non
2065 2379 2226 2435 liceat
2257 2396 2381 2434 eum
2409 2381 2526 2436 sive
2545 2380 2613 2435 ab
2642 2379 2888 2436 ecclesiis
2919 2376 3119 2450 quibus
3149 2372 3513 2446 prafuit,sive

1918 2484 1948 2522 a
1978 2468 2222 2539 quolibet
2243 2469 2466 2524 homine
2482 2468 2776 2535 defensari,
2802 2466 3123 2537 interposita
3143 2479 3303 2535 poena
3323 2459 3512 2517 damni

1919 2558 2163 2629 pecunia
2192 2566 2353 2630 atque
2376 2557 2627 2624 honoris,
2659 2575 2766 2630 quo
2796 2573 2899 2614 nec
2928 2563 3161 2621 atatem,
3186 2568 3286 2608 nec
3315 2565 3511 2606 sexum

1920 2647 2295 2704 excusandum
2323 2663 2437 2703 esse
2468 2647 2810 2719 pracipiant.
2846 2669 2864 2692 ι
2899 2645 2971 2700 Et
2992 2650 3128 2700 tunc
3156 2638 3514 2708 Valens,Gra-

1921 2739 2101 2795 tianus
2122 2747 2173 2795 et
2201 2738 2623 2796 Valentinianus
2651 2735 3058 2795 constituerunt
3091 2732 3228 2803 (cod.
3268 2726 3508 2799 Theod.);

1935 2855 1951 2876 ι
1991 2831 2060 2886 Ut
2089 2826 2402 2902 quicunque
2430 2828 2798 2886 residentibus
2818 2824 3191 2883 sacerdotibus
3211 2821 3378 2878 fuerit
3402 2819 3512 2892 epi-

1919 2920 2124 2991 scopali
2172 2921 2293 2976 loco
2323 2921 2579 2976 detrusus
2625 2926 2679 2974 et
2709 2917 2954 2984 nomine,
2988 2914 3035 2971 si
3083 2911 3294 2986 aliquid
3324 2918 3515 2967 contra

1919 3009 2225 3066 custodiam
2257 3009 2556 3084 publicam,
2581 3010 2670 3065 vel
2699 3017 2889 3066 contra
2905 3005 3144 3080 quietem
3167 3002 3352 3059 moliri
3383 3001 3515 3056 fue-

1919 3101 1992 3158 rit
2035 3100 2426 3173 deprehensus,
2476 3119 2805 3175 rursumque
2836 3099 3204 3157 sacerdotium
3256 3103 3458 3168 petere,
3483 3109 3516 3148 a

1919 3209 2026 3264 quo
2055 3192 2278 3248 videtur
2306 3194 2586 3263 expulsus,
2614 3193 2806 3264 procul
2839 3191 2907 3246 ab
2937 3191 3071 3246 urbe
3104 3203 3269 3261 quam
3300 3184 3510 3251 infecit,

1917 3286 2217 3342 secundum
2264 3287 2435 3357 legem
2486 3285 2630 3340 divae
2674 3283 2952 3339 memoriae
2987 3281 3256 3357 Gratiani,
3288 3287 3511 3335 centum

1918 3375 2166 3430 millibus
2186 3355 2358 3430 vitam
2374 3382 2515 3447 agat.
2535 3375 2616 3429 Sit
2643 3375 2710 3428 ab
2731 3390 2920 3429 eorum
2937 3355 3173 3429 cratibus
3202 3374 3505 3438 separatus,

1915 3480 1946 3518 a
1976 3481 2207 3536 quorum
2247 3472 2329 3518 est
2368 3464 2626 3520 societate
2655 3462 2941 3518 discretus.
2975 3461 3162 3531 Sitque
3191 3453 3510 3527 hujusmodi

1917 3553 2162 3625 personis
2205 3554 2465 3610 illicitum
2512 3562 2702 3609 tenore
2751 3550 2916 3624 hujus
2961 3550 3113 3621 legis,
3143 3564 3298 3604 sacra
3326 3553 3512 3601 nostra

1915 3644 2064 3700 adire
2093 3653 2322 3713 secreta,
2344 3654 2398 3701 et
2427 3647 2722 3717 impetrare
2751 3644 2974 3715 scripta,
2997 3640 3257 3699 omnibus
3286 3636 3513 3709 ahjectis

1916 3750 2010 3805 per
2039 3735 2256 3806 culpam
2277 3735 2582 3792 sacerdotio
2613 3735 2883 3806 personis,
2915 3748 3034 3805 qua
3068 3731 3358 3800 impetrata
3385 3734 3514 3782 sunt

1913 3825 2118 3881 infecta
2146 3836 2522 3898 permaneant,
2546 3826 2768 3884 scituris
2788 3825 2894 3893 his,
2927 3838 3160 3897 quorum
3191 3815 3512 3876 defensione

1914 3913 2189 3983 nituntur,
2221 3917 2425 3990 absque
2449 3917 2534 3973 sui
2565 3914 2988 3989 reprehensione
3017 3928 3128 3967 non
3155 3909 3431 3971 futurum,
3465 3902 3512 3958 si

1914 4003 2019 4060 hoc
2056 4008 2136 4063 eis
2163 4009 2493 4079 pollicentur
2513 4009 2856 4081 suffragium,
2889 4005 2982 4078 qui
3013 4003 3268 4059 divinum
3297 4011 3408 4053 non
3432 3992 3512 4048 vi-

1913 4094 2112 4150 dentur
2132 4098 2393 4152 meruisse
2408 4098 2706 4168 judicium.
2731 4125 2750 4146 ι
2783 4097 2937 4154 Unde
2955 4103 3010 4152 et
3031 4095 3139 4150 Leo
3170 4109 3306 4164 papa
3335 4090 3510 4163 (epist.

1913 4182 1981 4239 46
2000 4184 2071 4238 ad
2099 4186 2314 4255 Pulch.)
2345 4185 2489 4256 apud
2517 4187 2879 4256 principalem
2911 4192 3235 4254 potestatem
3266 4180 3424 4252 petiit
3445 4177 3514 4234 de

1912 4272 2168 4344 Eutyche
2188 4273 2431 4328 scandali
2446 4281 2498 4327 et
2517 4273 2804 4343 pravitatis
2816 4279 3060 4337 auctore,
3079 4295 3098 4317 ι
3112 4279 3174 4325 ut
3200 4271 3267 4325 ab
3282 4286 3346 4324 eo
3369 4270 3512 4335 loco,

1915 4361 2008 4433 qui
2047 4360 2672 4433 Constantinopolitanae
2715 4359 2839 4416 urbi
2884 4358 3052 4413 nimis
3099 4357 3318 4412 vicinus
3370 4363 3508 4422 erat,

1915 4433 2132 4520 longius
2163 4451 2566 4516 transferretur,
2601 4466 2669 4505 ne
2700 4445 3166 4520 frequentioribus
3192 4442 3403 4500 solatiis
3423 4458 3510 4497 eo-

1916 4554 2037 4592 rum
2070 4553 2207 4609 quos
2259 4539 2327 4594 ad
2374 4537 2713 4610 impietatem
2759 4551 2914 4591 suam
2961 4533 3131 4588 traxit
3160 4536 3424 4586 uteretur.
3478 4554 3496 4576 ι

1914 4627 1986 4680 Et
2006 4625 2300 4696 Gregorius
2319 4628 2440 4698 (lib.
2461 4627 2672 4698 x,epist.
2699 4624 2790 4695 33)
2824 4642 2834 4680 :
2860 4623 3091 4678 Paulum
3107 4618 3356 4677 Diadina
3375 4618 3510 4676 civi-

1917 4717 2046 4773 tatis
2078 4717 2354 4790 quondam
2381 4717 2719 4790 episcopum,
2746 4731 2854 4788 quo
2883 4729 3056 4786 usque
3075 4727 3239 4768 omne
3263 4707 3411 4783 quod
3430 4707 3512 4764 di-

1916 4805 2205 4878 lapidavit,
2242 4808 2332 4864 vel
2363 4806 2430 4863 de
2459 4806 2766 4863 substantia
2792 4803 2922 4860 tulit
2955 4801 3217 4870 ecclesia,
3248 4797 3513 4856 restitue-

1917 4903 2018 4963 ret,
2051 4897 2110 4952 in
2141 4897 2536 4953 monasterium
2560 4893 2894 4952 mittendum
2924 4908 3040 4949 esse
3067 4889 3333 4948 decrevit.
3365 4887 3438 4943 Et
3465 4885 3510 4939 si

1917 4988 2057 5044 forte
2086 4999 2209 5061 post
2237 4989 2640 5063 depositionem
2664 5004 2818 5044 suam
2839 4983 3211 5042 inverecunde
3240 4997 3303 5036 ac
3331 4984 3512 5032 mente

1918 5093 2171 5148 perversa
2199 5079 2496 5152 aliquando
2523 5079 2590 5135 de
2637 5079 2953 5150 episcopatu
2985 5073 3158 5146 loqui,
3189 5079 3283 5127 aut
3323 5080 3514 5122 rursus

1915 5167 1983 5222 ad
2032 5167 2136 5224 hoc
2182 5169 2426 5240 qualibet
2471 5170 2708 5242 aspirare
2735 5165 3156 5240 praesumptione
3196 5153 3508 5222 tentaverit,

1921 5257 2194 5314 Dominici
2223 5261 2472 5331 corporis
2500 5267 2555 5315 et
2583 5256 2866 5330 sanguinis
2898 5252 3289 5312 communione
3319 5249 3512 5321 priva-

1916 5355 2056 5413 tum,
2096 5345 2152 5400 in
2177 5353 2514 5404 monasterio
2541 5365 2666 5403 eum
2693 5361 2868 5418 usque
2919 5343 2989 5399 ad
3016 5343 3162 5400 diem
3194 5340 3380 5396 obitus
3404 5341 3512 5408 sui,

1915 5443 1984 5498 ad
2031 5444 2295 5515 agendam
2350 5444 2733 5516 pauitantiam
2758 5439 2968 5497 retrudi
3000 5482 3015 5507 ,
3076 5438 3260 5494 studio
3289 5437 3515 5494 Joannis

1916 5535 2106 5606 prima
2133 5535 2454 5595 Justiniana
2482 5533 2723 5608 episcopi
2747 5531 2931 5604 jussit,
2961 5538 3024 5588 ut
3068 5531 3362 5605 perpetrati
3389 5545 3516 5587 sce-

1917 5629 2045 5685 leris
2075 5629 2316 5686 maculas
2344 5627 2528 5700 dignis
2556 5625 2795 5684 disceret
2824 5619 3043 5680 tletibus
3074 5620 3514 5698 emendare,qu-
