4070 6178
547 244 646 301 891

1572 236 1830 295 cauom
1870 236 2083 295 eam
2125 234 2560 325 FBAN‘CORUM
2600 233 2807 293 REGIS

3751 236 3853 299 892

545 391 719 463 legem
773 386 1075 446 Justiniani
1124 387 1495 460 imperatoris,
1545 386 1640 459 qui
1687 387 1744 443 in
1797 386 1941 443 libro
1989 388 2146 446 Con-
2178 393 2225 451 Α
2257 394 2317 444 ut
2334 386 3109 459 etChristianiprincipespro
3135 393 3341 442 aeterna
3362 385 3480 443 vita
3498 386 3857 459 pontiﬁcibus

545 478 897 535 stitutionum
955 476 1223 545 decrevit,
1281 483 1344 532 ut
1417 475 1464 531 si
1537 468 1660 548 quis
1708 475 1997 550 episcOpus
2053 493 2148 532 ex-

547 570 772 642 plosus,
831 583 995 623 ausus
1064 565 1233 621 fuerit
1283 564 1496 637 ingredi
1553 565 1872 634 civitatem,
1922 567 1989 622 de
2041 582 2150 638 qua

546 658 797 731 repulsus
847 666 948 722 est,
1004 656 1092 711 vel
1147 654 1300 711 exire
1373 654 1441 711 de
1498 654 1620 711 loco
1678 655 1735 710 in
1790 671 1900 728 quo
1951 655 2147 727 degere

539 746 726 820 jussus
778 756 897 816 est,
949 745 1209 817 jubemus
1259 762 1381 801 eum
1431 746 1491 801 in
1538 745 1870 800 monasterio
1921 745 1977 800 in
2040 746 2148 801 alia

546 838 833 911 provincia
883 837 1184 893 constituto
1234 835 1397 904 tradi,
1440 843 1501 890 ut
1553 852 1677 908 quae
1730 835 1788 890 in
1840 835 2146 893 sacerdotio

544 927 811 999 peccavit,
849 925 1048 996 degens
1077 926 1136 980 in
1162 923 1496 981 monasterio
1525 925 1779 997 corrigat.
1817 950 1833 972 -
1882 925 2027 992 Quas
2059 926 2144 981 le-

545 1034 635 1091 ges
682 1017 749 1072 ab
797 1015 1221 1089 imperatoribus
1268 1024 1321 1072 et
1364 1013 1602 1086 regibus,
1637 1015 1839 1071 nostris
1884 1016 2146 1072 videlicet

546 1104 1059 1179 prazdecessoribus,
1100 1104 1476 1176 promulgatas
1521 1113 1685 1175 atque
1729 1102 1992 1173 decretas,
2044 1120 2145 1160 nos

543 1195 874 1252 immutilate
916 1203 971 1251 et
1000 1193 1449 1266 irrefragabiliter
1477 1194 1740 1250 convenit
1797 1210 2141 1265 conservare,

542 1285 686 1342 sicut
706 1286 1026 1358 apostolicae
1051 1284 1194 1341 sedis
1224 1284 1498 1340 antistites
1527 1284 1595 1340 ad
1624 1285 1879 1341 dominos
1908 1293 1961 1341 et
1988 1294 2144 1343 terra:

542 1375 823 1449 principes
873 1376 1233 1449 scripserunt.
1285 1375 1384 1431 Ait
1430 1374 1575 1429 enim
1628 1374 1735 1430 Leo
1789 1374 1857 1430 ad
1907 1375 2142 1431 Leonem

544 1464 853 1537 Augustum
886 1465 1058 1537 (epist.
1082 1465 1174 1537 92)
1214 1482 1226 1520 :
1274 1488 1292 1512 ε
1323 1463 2146 1536 Debes,inquiens,incunctan-

541 1560 626 1609 ter
683 1555 969 1611 advertere
1030 1555 1234 1628 regiam
1282 1561 1605 1625 potestatem
1648 1553 1772 1622 tibi,
1806 1569 1917 1609 non
1962 1554 2141 1610 solum

540 1641 609 1697 ad
642 1643 836 1700 mundi
868 1643 1131 1714 regimen,
1164 1642 1258 1699 sed
1288 1643 1529 1698 maxime
1556 1642 1623 1698 ad
1654 1642 1913 1699 Ecclesiae
1953 1643 2144 1714 praesi-

2255 478 2590 551 indigerent,
2619 487 2674 535 et
2706 476 2998 550 pontiﬁces
3026 493 3124 550 pro
3151 476 3541 548 temporalium
3567 492 3735 535 cursu
3765 494 3856 535 re-

2254 586 2377 625 rum
2409 568 2793 641 imperialibus
2809 566 3270 641 dispositionibus
3288 574 3578 624 uterentur
3613 586 3626 625 :
3660 577 3857 642 quate-

2256 674 2363 713 nus
2392 657 2701 729 spiritualis
2718 659 2861 714 actio
2881 674 2912 713 a
2931 656 3245 737 carnalibus
3271 656 3502 713 distaret
3522 658 3856 729 incursibus,

2255 754 2311 802 et
2346 746 2470 801 ideo
2502 747 2753 803 militans
2779 748 2893 803 Deo
2919 745 3150 801 minime
3163 762 3221 802 se
3240 745 3477 816 negotiis
3503 747 3860 805 saecularibus

2256 837 2563 910 implicaret
2595 838 2684 908 (II
2727 838 2862 895 Tim.
2905 837 2989 907 ιι),
3036 853 3100 895 ac
3145 836 3392 893 vicissim
3434 852 3544 891 non
3578 836 3675 892 ille
3701 837 3860 895 rebus

2254 927 2461 986 divinis
2490 929 2780 1001 praesidere
2810 929 3111 996 videretur,
3142 927 3236 1000 qui
3257 933 3396 983 esset
3422 925 3661 999 negotiis
3681 942 3860 983 sacu-

2256 1018 2461 1076 laribus
2502 1020 2842 1092 implicatus,
2871 1027 2934 1074 ut
2954 1027 3008 1075 et
3038 1017 3306 1074 modestia
3335 1016 3625 1089 utriusque
3651 1015 3861 1073 ordinis

2253 1116 2559 1177 curaretur,
2581 1125 2652 1164 ne
2670 1109 3036 1165 extolleretur
3059 1116 3293 1180 utroque
3315 1104 3598 1173 suffultus,
3629 1112 3685 1160 et
3713 1120 3862 1161 como

2252 1205 2442 1270 petens
2491 1197 2850 1271 qualitatibus
2892 1197 3172 1255 actionum
3229 1194 3543 1267 specialiter
3595 1193 3861 1266 professio

2253 1295 2550 1359 optaretur.
2586 1289 2768 1343 Omnis
2788 1286 3051 1359 pontifex,
3085 1286 3271 1359 inquit
3308 1284 3628 1357 Apostolus,
3659 1301 3723 1339 ea:
3775 1284 3860 1339 ho-

2258 1376 2482 1432 minibus
2510 1384 2829 1448 assumptus,
2858 1393 2962 1449 pro
3002 1376 3297 1432 hominibus
3325 1374 3664 1430 constituitur
3695 1374 3757 1428 in
3781 1372 3862 1428 his

2253 1483 2369 1537 qum
2410 1472 2534 1522 sunt
2564 1468 2636 1522 ad
2683 1468 2872 1533 Deum,
2904 1473 2964 1522 ut
2999 1467 3191 1537 offerat
3221 1465 3364 1520 dona
3391 1471 3438 1519 et
3463 1462 3733 1534 sacriﬁcia
3756 1478 3860 1534 pro

2248 1556 2471 1627 peccatis
2506 1558 2699 1627 (Hebr.
2720 1559 2789 1628 v)
2821 1575 2833 1613 :
2865 1555 3124 1613 videlicet
3153 1570 3267 1610 non
3295 1555 3475 1611 solum
3495 1569 3594 1625 pro
3629 1552 3860 1625 populo,

2253 1647 2346 1703 sed
2368 1646 2497 1719 quia
2517 1656 2571 1703 et
2589 1647 2706 1719 ipse
2724 1645 3100 1703 circumdatus
3122 1652 3199 1701 est
3222 1644 3566 1712 inﬁrmitate,
3590 1659 3689 1716 pro
3719 1642 3857 1698 suis.

541 1730 696 1787 dium
722 1747 840 1787 esse
873 1733 1155 1800 collatam,
1175 1739 1237 1786 ut
1254 1748 1417 1787 ausus
1446 1732 1684 1787 nefarios
1705 1731 2141 1803 comprimendo,
2176 1750 2220 1809 Β
2251 1736 2323 1792 Ει
2350 1737 2491 1807 regis
2534 1743 2635 1804 est,
2668 1736 2819 1808 regni
2867 1735 3088 1809 negotia
3116 1734 3453 1808 dispensare,
3483 1734 3630 1790 sicut
3659 1732 3855 1788 incul-

538 1828 596 1876 et
624 1838 745 1893 quae
775 1821 913 1876 bene
943 1829 1072 1877 sunt
1102 1828 1303 1877 statuta
1340 1820 1621 1889 defendas,
1655 1828 1708 1876 et
1738 1837 1921 1876 veram
1952 1837 2135 1893 pacem

536 1907 625 1964 his
661 1925 780 1981 quas
810 1917 939 1965 sunt
982 1909 1201 1965 turbata
1247 1909 1523 1967 restituas.
1572 1934 1591 1956 ι
1650 1910 1721 1964 Et
1768 1909 2017 1965 Gelasius
2070 1909 2139 1965 ad

535 1996 888 2052 Anastasium
909 1997 1084 2067 (epist.
1112 1998 1199 2062 10,
1230 1998 1287 2052 in
1315 1998 1436 2068 ﬁn.)
1466 2015 1478 2052 :
1514 2022 1533 2044 ι
1565 1997 1806 2065 Etenim,
1841 1998 2140 2070 imperator

537 2086 804 2158 Auguste,
828 2086 874 2142 si
907 2094 1100 2141 contra
1121 2087 1265 2158 leges
1292 2085 1543 2157 publicas
1561 2086 1947 2160 aliquid,quod
1971 2088 2134 2159 absit,

535 2173 809 2247 quispiam
839 2174 1068 2230 fortasse
1097 2182 1353 2243 tentaret,
1381 2175 1535 2233 nulla
1595 2175 1653 2231 id
1678 2174 1889 2231 ratione
1919 2177 2139 2249 potuis—

534 2265 873 2322 setadmitti.
906 2289 924 2313 ι
968 2266 1115 2334 Quas
1134 2266 1301 2322 etiam
1320 2267 1464 2338 leges
1491 2267 1781 2340 principali
1811 2269 2138 2325 auctoritate

535 2355 929 2428 promulgatas,
963 2371 1073 2411 non
1102 2356 1279 2412 solum
1331 2372 1362 2411 a
1390 2356 1808 2430 quibuscunque
1842 2358 2135 2431 episcopis,

533 2443 627 2500 sed
675 2444 840 2500 etiam
889 2444 957 2500 ab
1017 2444 1150 2517 ipsis
1195 2445 1516 2517 apostolicae
1563 2446 1708 2502 sedis
1759 2446 2133 2518 pontiﬁcibus,

533 2532 708 2605 ipsius
736 2534 928 2605 primae
957 2533 1102 2589 sedis
1152 2535 1429 2591 antistites
1457 2535 1738 2592 observari
1767 2536 1964 2593 debere
1992 2537 2139 2593 scri-

534 2628 785 2693 pserunt,
831 2622 975 2677 sicut
1020 2622 1211 2679 beatus
1256 2624 1364 2680 Leo
1408 2624 1476 2680 ad
1531 2626 1769 2682 Leonem
1825 2627 2135 2700 Augustum

533 2708 779 2765 scribens
833 2708 1190 2778 demonstrat,
1248 2713 1438 2769 dicens
1496 2712 1691 2785 (epist.
1742 2713 1858 2788 80)
1914 2732 2026 2772 non
2081 2733 2138 2773 se

532 2798 792 2869 refragari
840 2799 1038 2855 debere
1085 2800 1265 2857 edicta
1310 2802 1638 2873 imperialia,
1671 2805 1757 2860 vel
1807 2820 1871 2861 ea
1899 2822 2021 2878 quae
2046 2806 2135 2862 sui

531 2886 841 2943 decessores
868 2889 1170 2944 secundum
1203 2891 1485 2946 tramitem
1510 2892 1921 2963 Scripturarum
1941 2895 2137 2967 pradi-

531 2977 914 3050 cationemque
931 2977 1200 3049 majorum
1223 2986 1548 3037 statuerant.
1585 3005 1604 3027 ι
1625 2982 1683 3037 Si
1705 2984 2130 3058 quae,inquiens,

2251 1834 2376 1881 cant
2408 1826 2604 1881 litterae
2629 1826 2902 1882 divinitus
2938 1825 3236 1898 inspirata.
3275 1825 3415 1893 Quia
3459 1841 3587 1897 ergo
3626 1831 3854 1880 sancta-

2251 1934 2372 1972 rum
2395 1917 2800 1989 Scripturarum
2824 1918 3061 1985 tramite,
3085 1926 3139 1974 et
3162 1915 3551 1990 praedicatione
3578 1913 3853 1986 majorum

2251 2007 2582 2075 ostenditur,
2597 2012 2784 2063 sancto
2801 2006 2964 2063 etiam
2988 2014 3283 2063 attestante
3302 2006 3519 2063 Gelasio
3550 2004 3852 2077 (epistJO),

2250 2095 2380 2169 quia
2441 2122 2459 2144 ι
2500 2096 2609 2153 duo
2639 2104 2789 2164 sunt,
2816 2096 3017 2169 quibus
3060 2095 3437 2169 principaliter
3489 2094 3738 2151 mundus
3768 2094 3854 2150 hic

2251 2186 2459 2256 regitur
2505 2185 2803 2242 auctoritas
2846 2201 2997 2241 sacra
3039 2184 3387 2257 pontiﬁcum,
3414 2192 3469 2240 et
3518 2184 3719 2256 regalis
3748 2200 3853 2256 po-

2252 2282 2434 2331 testas.
2454 2300 2473 2323 »
2502 2275 2575 2331 Εῐ
2590 2292 2685 2348 per
2702 2276 2899 2346 Regem
2922 2290 3132 2346 regum,
3146 2291 3208 2331 ac
3229 2290 3505 2330 summum
3532 2273 3853 2346 pontiﬁcem

2249 2374 2570 2422 cunctorum
2588 2364 3035 2438 pontiﬁcum,qui
3064 2365 3214 2420 solus
3242 2380 3341 2420 rex
3368 2372 3424 2421 et
3449 2363 3704 2421 sacerdos
3736 2364 3851 2421 ﬁeri

2250 2455 2450 2525 potuit,
2484 2456 2777 2511 conditores
2818 2456 2983 2525 legum
3001 2454 3153 2525 justo
3181 2455 3462 2510 decernunt
3495 2454 3850 2526 (Prov.vnt);

2250 2558 2383 2614 quas
2412 2544 2555 2616 leges
2584 2543 2915 2617 principales
2932 2550 3225 2616 potestates
3251 2544 3671 2616 appellaverunt
3700 2552 3854 2601 aeter-

2249 2651 2368 2704 nas,
2417 2644 2473 2692 et
2520 2636 2659 2692 sacri
2709 2649 2945 2691 canones
2992 2633 3204 2705 Spiritu
3246 2633 3348 2690 Dei
3372 2643 3504 2690 sunt
3537 2633 3781 2702 conditi,
3803 2641 3853 2690 et

2248 2727 2419 2783 totius
2445 2725 2638 2782 mundi
2668 2723 2976 2782 reverentia
2998 2723 3323 2792 consecrati,
3343 2731 3396 2780 et
3422 2733 3482 2780 ut
3499 2723 3695 2782 beatus
3726 2728 3853 2781 Am-

2247 2816 2466 2873 brosius
2504 2815 2573 2871 ad
2597 2813 3055 2871 Valentinianum
3084 2813 3223 2871 dieit
3255 2830 3267 2869 :
3317 2838 3334 2861 ι
3355 2813 3525 2886 Leges
3554 2813 3852 2887 imperator

2248 2904 2373 2972 fert,
2405 2922 2540 2979 quas
2569 2904 2781 2977 primus
2811 2904 2925 2975 ipse
2956 2902 3250 2971 custodiat,
3274 2902 3404 2977 quia
3431 2902 3582 2975 quod
3607 2903 3850 2975 praescri-

2246 2994 2357 3066 psit
2382 2993 2528 3062 aliis,
2548 2993 2885 3066 prmscripsit
2904 2993 3032 3062 sibi,
3059 3008 3128 3049 ne
3149 2992 3237 3049 cui
3261 3000 3407 3048 esset
3437 2992 3677 3048 liberum
3698 2992 3849 3049 aliud

527 3065 799 3174 destruxi,
834 3067 1187 3174 ego'aediﬁco,
1207 3071 1803 3174 praevaricatorem‘me
1831 3076 2130 3146 constituo,
2166 3114 2209 3174 Ο
2240 3065 2510 3155 judicare.
2540 3065 2561 3132 έ
2597 3083 2669 3138 Et
2692 3084 2883 3139 beatus
2909 3083 3253 3155 Augustinus
3279 3080 3418 3139 dicit
3447 3100 3459 3139 :
3500 3106 3519 3129 ε
3541 3082 3685 3151 Quia
3704 3090 3847 3157 post-

526 3162 580 3211 et
605 3156 684 3214 eis
716 3172 801 3213 me
845 3157 1124 3214 ultionum
1171 3158 1588 3216 conditionibus
1624 3161 1821 3231 subdo,
1856 3179 1991 3235 quas
2020 3180 2132 3221 non

524 3246 703 3302 solum
735 3247 1037 3331 auctoritas
1065 3247 1236 3305 beatae
1259 3250 1539 3306 memoriae
1559 3251 1827 3325 principis
1851 3252 2127 3323 Martiani,

520 3334 615 3391 sed
637 3335 803 3392 etiam
825 3352 925 3408 ego
956 3353 1077 3393 mea
1102 3339 1465 3396 consensione
1485 3339 1725 3398 ﬁrmavi.
1760 3368 1779 3390 ι
1808 3343 1880 3397 Et
1909 3351 2132 3400 sanctus

520 3422 771 3480 Gelasius
800 3423 868 3481 ad
915 3427 1270 3483 Anastasium
1302 3427 1690 3500 imperatorem
1735 3429 1911 3502 (epist.
1952 3430 2037 3500 10,
2073 3432 2130 3485 in

513 3513 719 3586 princ.)
753 3533 765 3570 :
814 3540 833 3563 ι
865 3515 923 3571 Si
960 3516 1166 3589 inquit,
1201 3526 1468 3589 quantum
1493 3518 1562 3574 ad
1593 3518 1845 3575 ordinem
1891 3521 2127 3593 publica;

524 3604 766 3674 pertinet
797 3602 1126 3674 disciplinae,
1156 3615 1547 3676 cognoscentes
1576 3607 1871 3679 imperium
1910 3610 2012 3665 tibi
2035 3626 2127 3665 su-

519 3706 689 3762 perna
712 3688 1075 3761 dispositione
1100 3692 1384 3761 collatum,
1408 3694 1620 3765 legibus
1641 3695 1752 3751 tuis
1774 3695 1878 3767 ipsi
1909 3714 2128 3772 quoque

516 3784 713 3850 parent
738 3777 1023 3850 religionis
1043 3778 1339 3850 antistites,
1359 3798 1428 3837 ne
1448 3782 1533 3837 vel
1556 3782 1615 3837 in
1647 3782 1807 3839 rebus
1828 3786 2125 3844 mundanis

515 3866 758 3924 exclusae
784 3867 1080 3925 videantur
1113 3869 1341 3927 obviare
1369 3871 1679 3939 sententiae,
1713 3888 1845 3945 quo,
1876 3891 2028 3947 rogo,
2070 3885 2123 3934 te

515 3956 716 4015 aﬁ’ectu
743 3960 823 4015 eis
869 3960 1132 4015 convenit
1161 3960 1404 4030 obedire,
1438 3962 1532 4035 qui
1563 3979 1662 4035 pro
1695 3966 1987 4037 erogandis
2015 3984 2124 4025 ve-

511 4046 858 4104 nerabilihus
879 4056 1008 4105 sunt
1036 4049 1291 4106 attributi
1321 4052 1647 4125 mysteriis?
1675 4078 1693 4102 ι
1728 4054 1883 4122 Quod
1910 4064 1964 4112 et
1996 4073 2117 4126 nos,

507 4138 673 4211 juxta
693 4139 1103 4197 hortamentum
1123 4141 1269 4198 beati
1292 4142 1518 4213 Gelasii,
1543 4144 1930 4203 incunctanter
1955 4156 2119 4221 atque

510 4230 752 4287 libenter
779 4232 1005 4305 exsequi
1044 4232 1318 4306 cupimus,
1353 4235 1412 4290 in
1439 4233 1530 4291 bis
1558 4252 1679 4309 quae
1708 4236 1778 4293 ad
1807 4254 1966 4294 suum
2005 4239 2118 4295 mi-

506 4319 803 4377 nisterium
834 4322 1135 4395 pertinent,
1165 4324 1381 4381 cunctis
1399 4326 1729 4397 generaliter
1741 4326 2118 4384 sacerdotibus

504 4416 656 4467 recte
704 4409 896 4466 divina
943 4412 1331 4483 tractantibus,
1364 4422 1418 4470 et
1460 4414 1746 4487 potissime
1787 4415 1932 4472 sedis
1960 4415 2114 4473 illius

502 4500 752 4570 presuli,
777 4516 941 4574 quem
965 4502 1183 4558 cunctis
1208 4502 1585 4560 sacerdotibus
1606 4504 1872 4561 divinitas
1900 4521 2115 4561 summa

504 4588 687 4645 voluit
715 4591 1091 4661 praeminere,
1124 4598 1177 4648 et
1222 4592 1559 4665 subsequens
1603 4594 1864 4651 Ecclesiae
1907 4592 2114 4665 jugiter

499 4680 677 4750 pietas
704 4679 1011 4736 celebravit
1044 4699 1056 4736 :
1118 4681 1263 4737 sicut
1292 4683 1467 4738 nostri
1496 4683 1808 4740 decessores
1834 4699 1898 4740 ac
1929 4699 2114 4756 proge.

499 4769 709 4825 nitores
763 4767 1062 4824 orthodoxi
1109 4771 1465 4841 imperatores
1507 4780 1564 4827 et
1592 4788 1742 4844 reges
1770 4780 2019 4844 egerunt,
2051 4782 2114 4830 ut

495 4867 551 4915 et
571 4858 887 4931 apostolicae.
918 4858 1063 4915 sedis
1086 4860 1366 4931 pontifex,
1386 4869 1442 4917 et
1462 4861 1660 4933 reliqui
1682 4862 1905 4918 Domini
1933 4879 2109 4920 sacer-

494 4949 671 5017 dotes,
703 4947 866 5004 nobis
897 4964 1019 5021 quae
1047 4964 1079 5003 a
1106 4950 1222 5005 Deo
1266 4958 1397 5007 sunt
1426 4951 1749 5019 constituta,
1782 4951 2107 5009 exhibeant.

488 5037 756 5107 Scientes,
786 5037 932 5095 sicut
980 5036 1126 5094 idem
1174 5037 1367 5094 beatus
1415 5038 1664 5094 Gelasius
1705 5037 1842 5096 dicit
1870 5039 1951 5112 (in
1981 5046 2106 5094 tom.

490 5128 698 5196 anath.,
729 5128 824 5182 sub
852 5127 1000 5199 ﬁn),
1051 5126 1312 5201 quoniam
1350 5126 1621 5196 Christus,
1658 5144 1869 5185 memor
1896 5128 2105 5201 fragili-

489 5215 622 5272 tatis
650 5214 927 5285 humanae,
959 5215 1107 5292 quod
1138 5232 1364 5273 suorum
1394 5216 1559 5273 saluti
1598 5224 1945 5289 congrueret,
1977 5218 2106 5274 dis.

489 5305 810 5375 pensatione
885 5305 1175 5379 magniﬁca
1235 5313 1549 5380 temperans
1580 5350 1595 5377 ,
1650 5308 1731 5366 sic
1791 5307 2108 5366 actionibus

488 5401 732 5473 propriis
778 5401 1259 5477 dignitatibusque
1295 5403 1578 5463 distinctis
1605 5405 1787 5462 oﬂicia
1817 5404 2107 5478 potestatis

487 5487 777 5560 utriusque
806 5491 1099 5562 discrevit,
1132 5510 1261 5551 suos
1294 5494 1490 5552 volens
1515 5492 1834 5553 medicinali
1864 5491 2103 5549 humili-

486 5584 596 5649 tate
628 5576 851 5649 salvari,
885 5596 998 5641 non
1049 5582 1293 5640 humana
1315 5584 1569 5669 superbia
1598 5600 1789 5645 rursus
1816 5583 2100 5657 intercipi,

2242 3194 2405 3251 quam
2444 3178 2588 3249 leges
2615 3177 2938 3248 subscripta:
2970 3176 3178 3232 fuerint
3207 3182 3262 3231 et
3288 3175 3540 3243 ﬁrmatae,
3572 3192 3689 3232 non
3723 3177 3849 3233 licet

2234 3266 2410 3339 judici
2446 3266 2512 3323 de
2560 3266 2693 3339 ipsis
2735 3265 3006 3338 judicare,
3039 3265 3132 3321 sed
3162 3264 3464 3323 secundum
3508 3266 3679 3339 ipsas.
3710 3266 3847 3335 Quia

2240 3358 2543 3414 secundum
2603 3356 2920 3430 pontiﬁcale
2968 3356 3339 3413 ministerium
3384 3366 3658 3426 vestrum,
3698 3357 3848 3432 regio

2241 3448 2550 3505 ministerio
2592 3456 2781 3504 nostro
2828 3446 3040 3503 monita
3088 3455 3283 3503 vestrae
3331 3446 3681 3519 paternitatis
3707 3448 3848 3505 obe-

2239 3542 2453 3599 dienter
2480 3560 2543 3600 ac
2600 3543 2835 3599 libenter
2863 3540 3117 3613 cupimus
3143 3540 3426 3610 obaudire,
3461 3541 3722 3614 patimini
3747 3557 3848 3597 nos

2236 3646 2298 3686 ea
2322 3648 2539 3687 servare
2595 3649 2716 3705 quae
2754 3630 3177 3702 przedecessores
3226 3630 3398 3685 vestri
3438 3647 3504 3687 ac
3556 3629 3728 3686 nostri
3773 3628 3844 3685 de

2236 3719 2554 3792 hujusmodi
2584 3720 2729 3775 unde
2750 3720 2932 3793 agitur
2957 3718 3385 3795 constituerunt,
3418 3725 3474 3773 et
3516 3716 3843 3775 roborautes

2234 3808 2505 3865 servando
2534 3826 2654 3882 quae
2677 3816 2824 3880 gesta
2853 3816 3003 3876 sunt,
3028 3815 3146 3864 rata
3179 3807 3472 3864 doceamus
3496 3823 3617 3863 esse
3647 3805 3842 3863 debere

2233 3915 2351 3972 quae
2400 3897 2661 3970 gerimus.
2712 3897 2849 3953 Nam
2897 3896 3174 3970 quomodo
3203 3897 3345 3969 leges
3387 3895 3713 3969 principum
3741 3896 3843 3951 rite

2231 3987 2584 4045 vocabuntur
2601 3986 2890 4055 πίει-ηδεβί
2922 3985 3342 4043 transeuntibus
3368 3984 3722 4058 principibus
3738 4000 3842 4041 una

2229 4096 2355 4136 cum
2385 4080 2465 4135 eis
2498 4078 2825 4136 constitutio
2847 4076 2982 4148 legis
3001 4076 3314 4133 transibit?
3340 4076 3414 4132 Et
3432 4091 3575 4148 papa
3594 4075 3842 4147 Symma-

2228 4168 2365 4225 chus
2392 4169 2461 4225 ad
2495 4169 2757 4224 Eonium
2786 4166 2961 4239 (epist.
2998 4165 3076 4238 1),
3124 4190 3142 4214 ι
3170 4167 3337 4233 Dum,
3372 4164 3585 4237 inquit,
3614 4164 3686 4221 ad
3708 4164 3843 4220 Tri—

2227 4261 2417 4317 nitatis
2457 4261 2649 4329 instar,
2681 4257 2840 4330 cujus
2868 4275 2979 4314 una
3020 4266 3101 4316 est
3145 4265 3310 4331 atque
3338 4256 3639 4314 individua
3678 4265 3844 4330 pote—

2224 4358 2353 4419 stas,
2391 4366 2565 4406 unum
2596 4348 2669 4405 sit
2706 4364 2802 4421 per
2845 4348 3097 4405 diversos
3124 4346 3403 4404 antistites
3444 4346 3842 4411 sacerdotium,

2224 4438 2506 4511 quomodo
2554 4438 2803 4511 priorum
2860 4444 3065 4494 statuta
3110 4454 3142 4493 a
3192 4435 3557 4510 sequentibus
3575 4435 3846 4494 convenit

2224 4528 2482 4584 violari?
2504 4528 2624 4584 Huc
2652 4527 2887 4596 accedit,
2912 4527 3059 4600 quod
3082 4527 3126 4582 si
3152 4526 3270 4583 haec
3294 4526 3515 4583 eveniat
3543 4525 3846 4583 sententia-

2226 4633 2350 4672 rum
2400 4617 2657 4686 varietas,
2708 4615 2776 4672 ad
2835 4617 3008 4688 ipsam
3057 4622 3464 4672 sacrosanctam
3512 4614 3845 4687 religionem

2221 4709 2505 4766 credimus
2527 4710 2824 4781 pertinere,
2841 4706 3000 4779 cujus
3015 4708 3197 4764 omnis
3218 4715 3459 4780 potestas
3486 4707 3848 4780 infringitur,

2221 4798 2330 4855 nisi
2359 4798 2624 4854 universa
2656 4813 2777 4870 quae
2806 4813 2837 4851 a
2863 4796 3089 4853 Domini
3116 4797 3492 4853 sacerdotibus
3516 4797 3682 4853 semel
3711 4805 3847 4852 sta-

2219 4896 2457 4945 tuuntur
2475 4894 2737 4960 perpetua
2763 4887 2896 4941 sint.
2914 4884 3076 4952 Quod
3103 4886 3242 4942 alias
3270 4886 3595 4959 contingere
3611 4887 3844 4958 poterit,

2221 4976 2267 5031 si
2298 4990 2583 5031 successor
2602 4973 2904 5031 decessoris
2933 4974 3148 5031 actibus
3172 4991 3286 5030 non
3321 4974 3582 5032 tribuerit
3608 4974 3849 5031 ﬁrmita-

2226 5072 2359 5133 tem,
2387 5071 2441 5119 et
2484 5062 2796 5120 rohorando
2828 5079 2949 5135 quae
2998 5072 3144 5135 gesta
3184 5071 3335 5130 sunt,
3369 5064 3538 5121 faciat
3572 5074 3687 5120 rata
3718 5079 3847 5121 esse

2222 5170 2341 5227 quae
2375 5153 2623 5226 gesserit.
2656 5152 2876 5220 Quanta
2897 5151 3047 5207 enim
3081 5152 3305 5209 vicariis
3333 5152 3477 5209 beati
3506 5153 3656 5209 Petri
3691 5168 3845 5225 apo-

2215 5242 2344 5299 stoli
2366 5241 2713 5314 judicabitur
2730 5256 2845 5297 esse
2866 5241 3195 5310 reverentia,
3218 5242 3265 5298 si
3292 5258 3413 5315 quae
3443 5242 3503 5298 in
3525 5242 3847 5301 sacerdotio

2214 5331 2565 5404 praecipiunt,
2609 5330 2817 5387 eisdem
2868 5329 3286 5388 transeuntibus
3326 5329 3714 5389 dissolvantur
3737 5331 3773 5387 ?
3808 5354 3829 5377 ι

2214 5421 2498 5489 Universa,
2532 5419 2734 5493 inquit,
2768 5425 3031 5492 perpetua
3058 5419 3190 5488 sint,
3226 5436 3347 5493 qua:
3374 5436 3409 5476 a
3448 5419 3678 5478 Domini
3726 5435 3845 5475 sa-

2212 5510 2531 5568 cerdotibus
2559 5516 2899 5575 statuuntur,
2933 5508 3050 5580 qui,
3079 5515 3142 5565 ut
3187 5508 3425 5582 Moyses,
3465 5523 3532 5565 ea
3554 5525 3678 5583 quae
3702 5514 3851 5564 sta-

2212 5607 2378 5657 tuunt
2405 5599 2473 5656 ab
2497 5598 2722 5659 oraculo
2742 5595 2939 5655 divino
2958 5595 3269 5673 suscipiunt
3300 5614 3311 5654 :
3342 5612 3457 5653 non
3485 5612 3610 5671 quas
3645 5595 3714 5653 ab
3736 5595 3848 5653 his
