4070 6184
218 292 328 352 893

1685 301 2070 363 EPISTOLIE.
2172 336 2181 341 -

3424 311 3532 371 894

216 457 566 521 statuuntur,
590 451 659 507 de
680 451 880 524 quibus
898 469 996 527 per
1014 453 1336 528 prophetam
1357 455 1580 529 dicitur,
1641 460 1726 519 νω
1752 461 1833 518 his
1859 464 1911 524 Α
1938 462 2260 519 exercituum
2284 468 2362 519 est
2393 464 2649 537 (Malach.
2682 466 2771 537 ιι),
2803 466 2978 522 nolite
3023 468 3337 539 permittere
3366 473 3531 534 nobis

215 544 313 616 qui
341 541 579 598 condunt
636 542 766 613 leges
816 543 1051 614 iniquas,
1083 551 1132 601 et
1180 545 1459 601 scribentes
1504 545 1823 616 injustitiam

214 634 549 705 scripserunt
583 630 719 701 (Isa.
754 629 838 702 ιι).
869 630 949 687 Ea
977 631 1362 701 nihilominus,
1396 649 1516 706 qua
1545 650 1575 689 a
1601 636 1824 692 vicariis

216 723 366 779 beati
392 720 547 779 Petri
567 720 1006 790 constituuntur,
1031 729 1285 778 maneant
1306 722 1649 793 inconvulsa,
1674 726 1820 798 quia,

216 820 279 869 ut
309 813 422 869 Leo
478 809 618 867 dicit
651 811 832 880 (serm.
893 809 926 866 3
953 811 1011 865 in
1034 810 1244 882 anniv.)
1277 828 1288 865 :
1338 836 1357 859 ι
1383 811 1495 868 Nec
1544 813 1717 870 nimia
1744 821 1825 870 est

215 901 483 959 severitas
507 898 596 954 vel
623 897 895 967 remissio,
954 899 1048 955 ubi
1080 899 1222 956 nihil
1279 902 1656 972 constituitur,
1715 904 1822 960 nisi

214 989 365 1066 quod
395 1005 465 1046 ex
489 987 636 1044 beati
656 986 804 1043 Petri
844 988 1100 1061 aequitate
1127 987 1423 1061 profertur.
1455 1012 1474 1036 ι
1520 989 1646 1045 Hac
1675 990 1823 1045 enim

216 1079 424 1137 scimus
443 1091 560 1133 esse
588 1075 875 1144 canonice,
925 1075 1132 1133 scimus
1160 1093 1275 1134 esse
1301 1078 1601 1150 apostolica
1623 1087 1825 1137 aucto-

216 1169 381 1227 ritate
409 1166 686 1234 roborata,
720 1173 773 1222 et
801 1165 1133 1239 Apostolicae
1154 1167 1298 1224 sedis
1317 1167 1557 1238 decreta,
1594 1185 1732 1242 qua,
1762 1179 1824 1227 ut

216 1258 468 1315 Gelasius
490 1256 632 1312 dicit
653 1254 825 1327 (epist.
854 1256 919 1311 l0
942 1256 1014 1310 ad
1032 1256 1209 1313 Dard.
1242 1258 1300 1311 in
1324 1252 1599 1329 princ.),’-
1625 1259 1822 1315 Unam-

217 1363 492 1424 quamque
518 1346 792 1422 synodum
851 1352 905 1401 et
934 1363 1032 1403 sua
1057 1347 1386 1404 auctoritate
1427 1349 1737 1417 conﬁrmat,
1770 1357 1825 1407 et

217 1440 546 1498 continuata
595 1435 973 1493 moderatione
1012 1437 1272 1507 custodit,
1328 1456 1426 1511 pro
1484 1455 1583 1495 suo
1611 1440 1823 1496 scilicet

216 1527 552 1602 principatu,
612 1541 776 1597 quem
804 1524 996 1581 beatus
1048 1526 1242 1583 Petrus
1268 1527 1546 1601 apostolus
1596 1526 1821 1584 Domini

217 1634 355 1675 voce
384 1621 721 1690 perceptum,
750 1615 1000 1672 Ecclesia
1028 1614 1396 1679 nihilominus
1434 1616 1818 1690 subsequente,

214 1716 272 1767 et
302 1706 485 1764 tenuit
514 1721 723 1779 semper
752 1713 806 1762 et
862 1706 1084 1762 retinet.
1120 1730 1140 1755 ι
1181 1706 1254 1762 Et
1308 1707 1470 1780 paulo
1526 1709 1816 1781 superius:

1933 551 2098 609 scribi
2120 566 2192 609 ex
2212 561 2407 611 vestra
2433 554 2783 611 auctoritatis
2803 556 3050 625 nomine,
3096 571 3217 630 qua
3238 558 3295 615 in
3316 560 3529 634 legibus

1931 641 2120 709 sacris,
2176 641 2277 698 Dei
2309 642 2577 716 sapientia
2604 643 2864 712 conditis,
2921 652 2974 700 et
3003 644 3062 701 in
3091 647 3298 704 sanctis
3328 650 3531 721 regulis

1933 729 2176 801 ejusdem
2197 730 2396 805 spiritu
2410 733 2768 804 promulgatis
2780 750 2891 790 non
2913 735 3289 807 continentur,
3305 737 3529 797 dicente

1934 819 2065 876 item
2088 820 2371 893 propheta,
2397 821 2455 878 id
2479 829 2561 877 est
2581 822 2849 879 sacerdoti
2872 823 3255 896 praecipiente:
3284 826 3530 885 Audiens

1932 910 2201 965 nuntiabis
2228 910 2302 967 eis
2344 930 2407 968 ea:
2437 929 2513 967 me
2543 914 2761 984 (Ezech.
2797 916 2885 986 ιιι)
2912 933 2927 981 ;
2991 931 3057 970 ea:
3081 932 3181 984 me,
3214 914 3413 990 inquit,
3474 925 3531 975 et

1932 1012 2044 1053 non
2095 1015 2160 1052 ea:
2190 1004 2252 1056 te.
2282 1000 2355 1055 Et
2416 999 2839 1073 redarguuntur,
2871 1001 2966 1076 qui
2994 1001 3064 1059 de
3117 1003 3282 1060 corde
3310 1020 3411 1061 suo
3436 1005 3531 1061 lo—

1932 1093 2196 1156 quuntur,
2231 1088 2491 1160 quoniam
2518 1089 2611 1158 qui
2639 1108 2673 1144 a
2700 1090 2969 1162 semetipso
3016 1092 3273 1162 loquitur,
3301 1094 3530 1165 gloriam

1930 1175 2208 1247 propriam
2229 1175 2423 1246 quierit
2451 1176 2635 1246 (Joan.
2670 1179 2796 1249 vn).
2822 1179 3005 1234 Nolite
3020 1178 3208 1249 igitur,
3231 1188 3295 1235 ut
3315 1182 3529 1251 prami-

1932 1264 2126 1332 simus,
2157 1281 2227 1321 ex
2255 1272 2437 1321 vestro
2468 1264 2715 1334 nomine,
2771 1267 2859 1322 vel
2885 1267 3199 1339 apostolica
3227 1268 3374 1325 sedis
3419 1287 3529 1328 au-

1932 1354 2204 1423 ctoritate,
2220 1353 2497 1427 jussiones
2520 1357 2607 1412 vel
2629 1357 3267 1414 excommunicationum
3288 1358 3526 1417 intenta-

1933 1441 2130 1511 tiones,
2199 1452 2390 1500 contra
2428 1460 2708 1502 sacrarum
2747 1445 3159 1519 Scripturarum
3220 1454 3525 1518 tramitem,

1931 1530 2486 1605 pradicationemque
2550 1534 2842 1606 majorum,
2883 1551 2946 1593 ac
3012 1551 3286 1593 sacrarum
3343 1538 3525 1611 legum

1930 1628 2354 1695 sanctorumque
2417 1638 2693 1679 canonum
2749 1624 3194 1694 constitutiones,
3260 1626 3421 1684 nobis
3456 1628 3526 1684 de

1930 1719 2126 1767 catero
2157 1713 2323 1769 scribi
2354 1712 2733 1788 cujuscunque
2758 1715 3025 1772 instinctu
3047 1718 3382 1789 permittere,
3406 1735 3524 1793 pre-

225 1822 244 1845 ι
278 1796 625 1857 Conﬁdimus
645 1796 795 1869 quod
814 1796 1001 1854 nullus
1024 1795 1138 1869 jam
1170 1798 1439 1854 veraciter
1470 1798 1821 1856 Christianus
1847 1821 1894 1880 Β
1930 1817 2142 1869 camur,
2173 1801 2303 1874 quia
2330 1801 2505 1871 scitis,
2537 1810 2592 1859 et
2643 1804 2867 1873 scimus,
2900 1812 3079 1861 totum
3132 1823 3247 1864 esse
3276 1808 3520 1877 irritum,

209 1889 452 1960 ignorat,
485 1884 919 1960 uniuscujusque
967 1884 1167 1959 synodi
1222 1887 1610 1957 constitutum,
1672 1888 1817 1961 quod

209 1982 547 2041 universalis
576 1981 835 2038 Ecclesia
868 1980 1121 2054 probavit
1150 1998 1419 2052 assensus,
1449 1982 1659 2039 nullam
1691 2000 1818 2039 ma-

210 2072 292 2144 gis
321 2070 551 2143 exsequi
582 2070 765 2128 sedem
796 2086 907 2144 pra
935 2071 1147 2127 caeteris
1175 2079 1449 2143 oportere,
1482 2087 1647 2145 quam
1692 2072 1819 2145 pri-

207 2178 380 2218 mam.
414 2186 433 2209 ι
474 2160 546 2217 Et
604 2161 738 2216 item
790 2159 936 2216 idem
997 2159 1168 2231 (epist.
1223 2160 1355 2216 6ad
1409 2160 1563 2232 episc.
1595 2160 1811 2231 univ.):

218 2277 237 2301 ι
269 2253 520 2327 Cumque
549 2253 711 2309 nobis
737 2261 931 2310 contra
959 2252 1286 2309 salutarium
1317 2253 1686 2309 reverentiam
1717 2269 1816 2309 re-

205 2347 465 2417 gularum
486 2345 772 2417 cupiamus
802 2343 944 2399 nihil
977 2350 1179 2400 temere
1199 2344 1383 2413 licere,
1408 2353 1461 2401 et
1493 2362 1619 2402 cum
1661 2346 1816 2401 sedes

200 2434 510 2506 apostolica
568 2434 818 2506 superior
845 2432 933 2489 his
980 2433 1259 2502 omnibus,
1305 2434 1523 2490 favente
1553 2434 1811 2503 Domino,

200 2540 330 2598 qua
360 2524 605 2597 paternis
634 2521 939 2580 canonibus
960 2529 1088 2578 sunt
1109 2522 1353 2595 praﬁxa,
1385 2523 1477 2597 pio
1506 2524 1814 2596 devotoque

199 2608 428 2666 studeat
454 2617 642 2665 tenere
672 2610 974 2683 proposito,
998 2611 1131 2667 satis
1171 2610 1463 2683 indignum
1494 2618 1595 2679 est,
1630 2627 1814 2684 quem-

195 2715 392 2773 quam,
424 2699 510 2753 vel
545 2698 894 2771 pontiﬁcum,
929 2699 1017 2755 vel
1046 2700 1305 2755 ordinum
1336 2698 1809 2772 subsequentium,

195 2788 351 2845 hanc
376 2787 784 2845 observantiam
805 2788 1063 2858 refutare,
1088 2804 1252 2861 quam
1269 2788 1413 2844 beati
1451 2789 1597 2844 Petri
1628 2789 1812 2845 sedem

193 2885 251 2934 et
309 2877 462 2951 sequi
492 2878 676 2934 videat
705 2886 759 2933 et
786 2878 983 2935 docere
1008 2895 1019 2933 :
1080 2878 1320 2950 satisque
1347 2878 1685 2934 conveniens
1714 2878 1807 2947 sit,

192 2974 257 3022 ut
283 2974 467 3024 totum
489 2984 690 3041 corpus
713 2968 973 3024 Ecclesia
992 2967 1051 3023 in
1074 2966 1176 3024 hac
1189 2966 1412 3023 sibimet
1427 2967 1811 3024 observatione

186 3058 525 3126 concordet,
550 3074 713 3130 quam
742 3058 858 3114 illic
878 3058 1061 3131 vigere
1080 3059 1403 3131 conspiciat,
1425 3059 1520 3115 ubi
1541 3059 1812 3116 Dominus

1927 1898 2198 1970 quidquid
2228 1898 2295 1954 ab
2349 1914 2537 1954 eorum
2567 1899 2735 1956 fuerit
2789 1903 3186 1961 constitutione
3216 1904 3519 1963 diversum.

1941 2011 1959 2033 ι
1987 1986 2224 2055 Dicitur,
2261 1987 2444 2060 inquit
2483 1997 2705 2046 sanctus
2745 1989 2853 2045 Leo
2898 1991 3081 2062 (serm.
3114 1993 3148 2049 3
3198 1995 3255 2049 in
3285 1996 3520 2066 annio.),

1925 2091 1957 2131 a
1992 2076 2230 2131 Domino
2269 2075 2587 2132 beatissimo
2616 2078 2800 2143 Petro,
2838 2079 2954 2135 Tibi
3007 2082 3141 2136 dabo
3181 2084 3348 2139 claves
3375 2084 3525 2155 regni

1924 2167 2193 2234 scelerum,
2226 2173 2273 2222 et
2291 2183 2610 2239 quacunque
2642 2169 2888 2240 ligaveris
2923 2186 3083 2242 super
3112 2177 3329 2238 terram,
3371 2178 3530 2228 erunt

1926 2258 2091 2329 ligata
2111 2264 2160 2313 et
2177 2258 2235 2312 in
2248 2259 2407 2327 cwlis,
2442 2267 2491 2315 et
2510 2277 2829 2330 quaecunque
2863 2263 3085 2318 solveris
3124 2279 3282 2333 super
3302 2269 3521 2333 terram,

1923 2354 2079 2403 erunt
2105 2348 2280 2402 soluta
2308 2354 2355 2402 et
2387 2347 2443 2402 in
2471 2346 2611 2402 catis
2643 2348 2856 2418 (Matth.
2890 2349 3034 2419 xvr).
3079 2348 3358 2404 Transivit
3386 2347 3523 2419 qui-

1922 2437 2047 2493 dem
2081 2435 2246 2492 etiam
2277 2437 2335 2491 in
2363 2434 2504 2490 alios
2536 2435 2814 2507 apostolos
2835 2434 2929 2507 jus
2953 2437 3115 2492 istius
3144 2434 3448 2508 potestatis,
3467 2439 3523 2489 et

1922 2527 1990 2585 ad
2017 2543 2207 2584 omnes
2253 2528 2513 2585 Ecclesia
2544 2527 2822 2599 principes
2851 2527 3056 2584 decreti
3100 2526 3267 2598 hujus
3302 2525 3522 2584 consti—

1923 2618 2065 2674 tutio
2085 2617 2447 2674 commeavit:
2473 2616 2565 2673 sed
2586 2632 2697 2672 non
2717 2615 2922 2672 frustra
2948 2612 3046 2671 uni
3078 2614 3518 2682 commendatur,

1922 2707 2067 2779 quod
2098 2706 2356 2762 omnibus
2384 2705 2693 2762 intimatur.
2723 2705 2885 2760 Petro
2927 2704 3077 2760 enim
3108 2704 3231 2759 ideo
3260 2702 3366 2759 hoc
3393 2702 3521 2758 sin-
3549 2762 3557 2777 ι

1922 2797 2186 2869 gulariter
2222 2796 2486 2865 creditur,
2521 2796 2650 2869 quia
2681 2795 2897 2853 cunctis
2924 2793 3185 2850 Ecclesia
3214 2791 3520 2850 rectoribus

1920 2886 2065 2946 Petri
2094 2888 2271 2943 forma
2300 2885 2656 2958 praponitur.
2715 2885 2896 2940 Manet
2925 2899 3052 2954 ergo
3080 2883 3228 2938 Petri
3282 2879 3521 2954 privile—

1920 2978 2091 3050 gium,
2141 2975 2457 3050 ubicunque
2486 2991 2556 3031 ex
2611 2974 2785 3049 ipsius
2838 2975 3015 3031 fertur
3058 2972 3316 3047 aequitate
3357 2969 3523 3043 judi-

1918 3082 2088 3124 crum.
2120 3090 2140 3114 ι

186 3148 475 3248 Ecclesia
502 3146 676 3202 totius
730 3148 906 3220 posuit
938 3148 1331 3221 principatum.
1365 3174 1384 3198 ι
1428 3149 1499 3204 Et
1545 3150 1613 3206 de
1643 3132 1811 3207 sacris
1841 3188 1884 3248 Ο
1990 3157 2107 3224 Qua
2162 3156 2433 3212 sententia
2483 3160 2716 3222 constat,
2785 3152 2915 3226 quia
2973 3167 3085 3209 non
3126 3161 3310 3208 manet
3369 3151 3516 3208 Petri

187 3234 451 3306 legibus,
479 3251 612 3307 quas
638 3252 745 3291 una
770 3253 894 3292 cum
944 3237 1147 3294 sanctis
1179 3237 1487 3294 canentibus
1538 3238 1814 3296 catholica
1843 3234 1884 3248 u
1920 3245 2297 3318 privilegium,
2327 3244 2425 3300 ubi
2456 3260 2524 3300 ex
2554 3244 2728 3315 ipsius
2747 3243 3003 3316 aquitate
3029 3257 3139 3298 non
3169 3242 3347 3297 fertur
3368 3240 3517 3313 judi-

183 3324 464 3380 observat
493 3324 755 3393 Ecclesia,
798 3325 946 3381 idem
1002 3327 1271 3392 Gelasius,
1301 3334 1364 3382 ut
1418 3328 1808 3400 pramisimus,

185 3417 339 3475 dicit
372 3417 434 3472 in
464 3417 694 3490 epistola
722 3419 791 3474 ad
820 3418 1174 3474 Anastasium
1214 3418 1602 3489 imperatorem
1632 3418 1806 3491 (epist.

190 3506 289 3579 10)
319 3524 332 3563 ;
359 3531 379 3553 α
395 3505 694 3576 Quantum,
718 3506 998 3579 inquiens,
1020 3506 1086 3561 ad
1108 3506 1358 3562 ordinem
1380 3505 1615 3578 publica
1645 3507 1810 3578 perti-

194 3605 298 3654 net
330 3596 667 3669 disciplina,
700 3605 1091 3667 cognoscentes
1121 3597 1414 3668 imperium
1442 3596 1546 3652 tibi
1576 3614 1810 3671 superna

188 3687 561 3759 dispositione
578 3686 869 3753 collatum,
901 3684 1110 3756 legibus
1130 3684 1240 3741 tuis
1262 3686 1364 3759 ipsi
1380 3703 1596 3759 quoque
1616 3695 1808 3760 parent

188 3777 485 3850 religionis
503 3776 803 3844 antistites,
839 3791 908 3831 ne
931 3768 1017 3831 vel
1041 3775 1099 3831 in
1118 3774 1281 3833 rebus
1307 3778 1603 3835 mundanis
1623 3779 1807 3836 exclu-

188 3888 262 3927 sa
294 3868 599 3925 videantur
627 3866 853 3923 obviare
883 3867 1189 3923 sententia.
1232 3892 1250 3916 ι

258 3968 339 4024 Et
371 3981 500 4022 cum
532 3965 613 4021 ita
640 3982 804 4022 sacra
834 3966 999 4038 leges,
1031 3974 1144 4022 tam
1186 3965 1590 4035 ecclesiasticae,
1642 3983 1805 4040 quam

186 4052 514 4123 mundana,
544 4054 611 4110 de
640 4053 903 4110 damnato
927 4052 1225 4126 episcopali
1257 4060 1311 4109 et
1341 4053 1595 4125 synodali
1619 4055 1805 4111 conci-

186 4146 269 4204 lio
300 4143 630 4212 decernant,
660 4158 772 4199 non
803 4150 884 4199 est
912 4142 1086 4200 nostri
1131 4142 1267 4215 regii
1298 4141 1617 4213 ministerii,
1652 4160 1806 4200 reum

183 4245 241 4293 et
271 4251 564 4292 sacrorum
593 4249 867 4290 canonum
894 4233 1109 4306 judicio
1137 4234 1593 4304 condemnatum,
1645 4243 1808 4308 atque

183 4322 515 4398 apostolica
543 4322 689 4379 sedis
723 4321 1066 4392 deﬁnitione,
1120 4324 1263 4381 sicut
1310 4324 1367 4379 in
1402 4323 1567 4396 gestis
1607 4322 1807 4397 synodi

183 4413 457 4471 invenire
486 4411 736 4483 potestis,
768 4412 1317 4481 anathematizatum,
1349 4422 1538 4470 nostra
1565 4414 1809 4485 potentia

184 4504 403 4560 fretum
462 4517 736 4575 quoquam
787 4501 1043 4575 dirigere,
1091 4519 1215 4559 cum
1264 4502 1607 4575 apertissime
1664 4506 1802 4561 sacri
1836 4544 1881 4602 Β

180 4607 436 4652 canones
462 4590 748 4661 deﬁniant,
780 4599 834 4647 et
864 4593 1007 4665 leges
1034 4592 1355 4661 Iustiniani,
1387 4607 1450 4648 ac
1478 4600 1802 4650 caterorum

184 4685 593 4758 imperatorum
641 4682 1042 4740 catholicorum
1072 4683 1271 4751 edicta,
1322 4682 1576 4755 qualiter,
1611 4691 1665 4739 et
1707 4699 1806 4756 pro

183 4775 421 4849 quibus,
482 4780 538 4829 et
565 4788 597 4828 a
634 4772 834 4845 quibus
885 4772 1081 4830 debeat
1111 4774 1402 4847 episcopus
1444 4772 1704 4847 jndicari,
1752 4781 1806 4829 et

183 4870 320 4937 post
340 4860 639 4934 judicium,
661 4862 795 4933 quid
824 4869 878 4918 et
899 4862 1155 4935 qualiter,
1192 4869 1245 4918 et
1271 4878 1367 4935 per
1393 4878 1532 4936 quos
1560 4863 1633 4918 sit
1675 4862 1804 4919 inde

180 4951 516 5027 apostolica
543 4951 670 5009 Sedi
696 4953 991 5025 agendum,
1023 4970 1144 5027 qua
1173 4970 1285 5009 non
1328 4954 1647 5024 abnuimus,
1709 4954 1803 5010 sed

178 5045 588 5101 incunctanter
639 5058 701 5098 ac
728 5051 1109 5115 competenter
1141 5044 1456 5099 annuimus.
1498 5043 1548 5099 A
1605 5044 1804 5117 quibus

178 5129 622 5191 deﬁnitionibus
672 5131 815 5187 nulli
844 5140 926 5187 est
980 5132 1198 5190 licitum
1239 5131 1499 5188 deviare:
1560 5132 1709 5204 quia,
1742 5142 1803 5190 ut

177 5212 421 5279 sanctus
450 5221 673 5277 Hilarus
720 5237 860 5294 papa
889 5222 1046 5292 dicit,
1094 5247 1111 5270 ε
1130 5222 1251 5278 Non
1278 5222 1462 5277 minus
1490 5220 1547 5276 in
1576 5229 1803 5279 sancta—

175 5323 319 5363 rum
370 5304 736 5362 traditionum
795 5306 1141 5378 delinquitur
1184 5305 1515 5373 sanctiones,
1548 5321 1713 5378 quam
1741 5305 1802 5361 in

174 5395 268 5469 inj
280 5394 462 5452 ariam
491 5395 667 5468 ipsius
690 5396 917 5452 Domini
947 5395 1253 5469 prosilitur.
1288 5419 1307 5445 υ

256 5489 559 5561 Quocirca,
619 5491 750 5565 quia
816 5492 1087 5550 Dominus
1139 5491 1278 5549 dicit
1306 5508 1403 5564 per
1452 5489 1798 5565 prophetam,

171 5578 364 5636 Labia
390 5580 679 5636 sacerdotis
706 5581 999 5636 custodient
1026 5580 1318 5650 scientiam,
1353 5587 1401 5636 et
1430 5581 1587 5652 legem
1611 5579 1801 5651 requi-

172 5671 397 5725 rentes:
418 5684 511 5724 ore
530 5667 664 5739 ejus,
687 5669 813 5740 quia
833 5672 1071 5742 angelus,
1101 5670 1158 5726 id
1177 5677 1259 5727 est
1295 5670 1549 5739 nuntius,
1582 5669 1800 5727 Domini

1920 3334 2092 3392 cium.
2150 3332 2287 3391 Cum
2342 3333 2493 3390 enim
2523 3331 2839 3404 ubicunque
2872 3330 3099 3398 dicitur,
3129 3329 3294 3387 sicuti
3329 3329 3518 3386 nullus

1920 3427 2093 3493 locus,
2127 3424 2204 3479 ita
2248 3439 2411 3479 nemo
2438 3428 2618 3478 rector
2670 3420 2929 3477 Ecclesia
2982 3435 3052 3475 ex
3080 3419 3229 3475 Petri
3259 3417 3516 3492 aequitate

1913 3511 2186 3585 judicium
2217 3514 2398 3568 ferens
2426 3511 2725 3583 excipitur,
2754 3510 2841 3565 vel
2871 3514 3066 3566 contra
3091 3508 3246 3564 illius
3274 3505 3516 3581 aquita-

1918 3608 2027 3657 tem
2054 3599 2331 3673 judicium
2358 3600 2641 3674 proferens
2669 3597 3110 3656 commendatur.
3141 3597 3213 3653 Et
3238 3597 3367 3669 quia
3396 3595 3515 3651 ubi-

1917 3708 2131 3765 cunque
2158 3692 2277 3747 sine
2306 3693 2422 3748 ulla
2450 3692 2774 3764 exceptione
2803 3706 2917 3746 non
2947 3696 3129 3744 manet
3157 3687 3304 3744 Petri
3331 3687 3516 3760 privi-

1916 3781 2141 3853 legium,
2178 3780 2256 3837 ibi
2282 3797 2351 3837 ex
2380 3779 2553 3854 ipsius
2583 3779 2837 3853 aquitate
2875 3794 2989 3835 non
3041 3778 3216 3835 fertur
3238 3775 3513 3850 judicium

1915 3880 2188 3952 prolatum
2221 3879 2580 3935 obaudiemus
2603 3877 2842 3950 jussum,
2876 3876 2967 3932 vel
2996 3875 3329 3946 recipiemus
3353 3872 3516 3946 judi-

1915 3969 2084 4039 cium,
2118 3968 2264 4042 quod
2294 3984 2405 4025 non
2435 3984 2504 4024 ex
2530 3967 2679 4023 Petri
2724 3966 2981 4039 aquitate
3014 3963 3184 4021 fuerit
3212 3963 3510 4036 prolatum,

1915 4075 1977 4115 ac
2005 4072 2102 4130 per
2132 4058 2239 4115 hoc
2267 4058 2441 4130 ipsius
2469 4056 2764 4130 privilegio
2799 4056 2969 4113 fuerit
3023 4054 3353 4113 destitutum
3373 4052 3402 4108 ‘i
3436 4053 3516 4108 De

1916 4164 2026 4221 quo
2054 4148 2348 4221 episcopali
2382 4145 2619 4219 judicio,
2678 4144 2811 4217 quid
2858 4144 3075 4202 cunctis
3122 4142 3392 4215 episcopis
3422 4156 3518 4197 se-

1917 4236 2216 4308 quendum,
2249 4243 2302 4291 et
2331 4234 2465 4307 quid
2494 4234 2755 4291 Ecclesia
2776 4232 2909 4288 ﬁliis
2936 4234 3008 4287 sit
3036 4231 3335 4287 tenendum
3352 4237 3516 4302 atque

1917 4325 2269 4393 servandum,
2318 4324 2510 4381 beatus
2538 4321 2834 4394 Gregorius
2875 4320 3210 4376 sufﬁcienter
3236 4318 3502 4375 inculcat.

1916 4419 2061 4490 Ergo
2076 4415 2265 4488 jubete
2292 4423 2346 4471 et
2363 4412 2609 4485 judicate
2638 4408 2930 4483 privilegio
2952 4406 3133 4479 magni
3164 4406 3331 4473 Petri,
3349 4404 3513 4477 juxta

1917 4504 2190 4577 aequitatis
2218 4502 2334 4575 ejus
2359 4499 2654 4572 judicium,
2685 4515 2805 4571 qua
2831 4493 3078 4569 jubenda
3122 4501 3176 4550 et
3212 4490 3514 4565 judicanda

1914 4602 2062 4662 sunt,
2094 4611 2177 4663 ne,
2207 4601 2271 4649 ut
2301 4590 2436 4647 dicit
2482 4589 2599 4661 ejus
2636 4586 3001 4660 coapostolus,
3051 4582 3374 4655 vituperetur
3400 4580 3513 4636 mi—

1913 4685 2187 4740 nisterium
2206 4690 2434 4740 oestrum
2456 4682 2546 4753 (II
2573 4681 2699 4739 Cor.
2727 4679 2832 4752 γι).
2856 4677 2996 4746 Quia
3016 4683 3069 4733 et
3092 4693 3191 4732 nos
3210 4673 3510 4732 secundum

1912 4773 2125 4847 regium
2147 4770 2518 4828 ministerium
2540 4778 2813 4837 nostrum,
2835 4774 3103 4842 quantum
3131 4782 3201 4823 ex
3221 4763 3382 4821 nobis
3408 4770 3512 4832 est,

1912 4862 2165 4935 cupimus
2221 4875 2439 4919 servare
2468 4858 2615 4933 quod
2641 4858 2909 4931 scriptum
2966 4862 3069 4925 est,
3127 4855 3280 4924 Filii,
3311 4852 3511 4909 obedite

1906 4952 2219 5024 parentibus
2245 4951 2433 5007 vestris
2460 4950 2519 5005 in
2556 4948 2782 5005 Domino
2815 4948 3034 5020 (Ephes.
3088 4944 3194 5019 v1),
3249 4942 3512 4999 videlicet

1912 5042 2058 5115 quod
2080 5041 2249 5098 fuerit
2272 5040 2488 5114 jussum
2520 5039 2607 5096 vel
2624 5037 2935 5112 judicatum
2955 5053 2987 5092 a
3013 5034 3272 5101 Domino,
3295 5031 3512 5087 dicente

1912 5131 2011 5186 illo
2040 5131 2293 5202 singulis,
2366 5130 2459 5203 qui
2491 5146 2589 5202 pro
2620 5128 2869 5201 patribus
2912 5123 3176 5197 apostolis
3225 5118 3507 5187 Ecclesia,

1911 5220 2026 5276 nati
2048 5228 2177 5276 sunt
2206 5218 2312 5275 ﬁlii
2341 5217 2631 5292 apostolici
2660 5215 2788 5283 viri,
2820 5218 2899 5272 Tu
2926 5218 3102 5269 autem
3128 5209 3350 5266 audiens
3377 5224 3510 5264 nun-

1913 5309 2070 5365 tiabis
2087 5307 2160 5363 eis
2180 5324 2246 5362 ea:
2266 5324 2345 5362 me
2367 5306 2582 5378 (Ezech.
2609 5305 2720 5376 ιιι).
2744 5302 2947 5361 Divina
2968 5299 3170 5374 quippe
3199 5313 3298 5354 nos
3344 5296 3511 5354 lectio

1910 5398 2090 5467 docet,
2132 5396 2261 5470 quia
2290 5411 2392 5452 nec
2412 5395 2576 5451 etiam
2613 5394 2833 5450 Balaam
2871 5392 3003 5449 satis
3029 5404 3299 5463 superque
3326 5403 3359 5444 a
3386 5402 3511 5460 rege

1908 5488 2073 5545 Balac
2098 5486 2319 5560 petitus,
2354 5484 2482 5541 licet
2508 5482 2911 5540 medicamento
2962 5477 3213 5537 avaritia
3241 5477 3511 5535 delinitus

1908 5577 1967 5634 in
1996 5576 2232 5634 consilio
2261 5573 2444 5632 dando
2472 5571 2764 5646 corruptus
2813 5569 3124 5639 offenderit,
3183 5568 3300 5625 ullo
3323 5574 3508 5625 tamen

1907 5674 2002 5725 aut
2030 5666 2201 5724 ullius
2229 5665 2499 5722 instinctu
2547 5662 2605 5719 in
2628 5659 2842 5734 judicio
2885 5658 3117 5732 justitia
3171 5657 3324 5715 aliud
3354 5656 3506 5739 loqui
