4070 6184
482 309 592 365 895

1512 287 1773 347 CAROLI
1812 283 2029 343 CALVI
2067 279 2499 339 FBANCORUM
2537 274 2743 333 REGIS

3679 265 3799 322 896

484 457 744 514 adversus
797 450 962 509 Israel
1011 443 1322 520 persuaderi
1369 442 1458 498 vel
1505 438 1820 511 extorqueri
1873 434 2076 508 potuit,
2109 435 2160 494 Α
2192 436 2529 496 convertere,
2567 426 2714 500 quod
2772 423 2830 479 in
2861 420 3054 495 quinta
3109 414 3434 515 universali.
3470 412 3711 510 synodo,
3767 429 3802 468 a

487 562 649 622 quam
680 540 826 616 quod
852 556 882 595 a
905 536 1143 595 Domino
1172 533 1389 590 audivit
1421 531 1606 622 (Nam.
1639 526 1808 597 xxn).

559 637 636 692 De
665 611 728 690 eo
758 628 905 704 quod
935 628 991 683 in
1022 623 1222 682 litteris
1250 638 1319 677 ex
1347 619 1569 676 nomine
1601 623 1782 672 vestro
1810 613 1971 670 nobis
2000 611 2080 667 di-

489 728 651 784 rectis
679 701 932 788 habetur,
961 719 1023 776 Ut
1047 714 1276 772 veniente
1305 712 1593 768 Hincmaro
1635 709 1877 772 Romam,
1909 701 2086 758 veniat

486 821 759 873 accusator
808 812 1045 877 idoneus,
1075 803 1167 878 qui
1213 803 1368 857 nulla
1391 800 1562 873 possit
1607 795 1921 852 auctoritate
1951 790 2086 862 legi-

491 909 618 963 tima
647 903 844 976 respui,
867 901 1238 966 rescribimus,
1260 895 1389 970 quia
1418 891 1548 948 licet
1576 887 1695 943 haec
1721 879 2086 976 commendat

489 998 569 1054 tio
625 969 781 1052 nulla
807 969 880 1050 sit
938 991 1149 1048 ratione
1194 969 1356 1060 atque
1394 977 1718 1039 auctoritate
1757 974 1999 1039 suffulta,
2041 969 2086 1025 si

490 1087 630 1142 forte
662 1082 808 1157 apud
861 1098 960 1137 vos
999 1082 1161 1136 exlex
1213 1079 1362 1134 solus
1401 1071 1730 1127 Hincmarus
1767 1080 1912 1120 nova
1950 1063 2086 1133 lege,

493 1175 688 1252 priscis
717 1183 828 1230 tam
886 1171 1126 1244 publicis
1158 1184 1321 1242 quam
1359 1156 1742 1220 ecclesiasticis
1795 1151 2086 1218 contraria,

491 1244 605 1322 imo
625 1263 818 1320 ordine
848 1275 1102 1332 novoque
1127 1273 1277 1312 more
1299 1253 1552 1319 habetur,
1589 1255 1650 1302 ut
1675 1244 1900 1301 nonnisi
1924 1259 1954 1297 a
1983 1259 2093 1296 vo—

491 1355 579 1413 bis
607 1361 660 1410 et
690 1356 874 1411 Romae
903 1352 1084 1407 valeat
1108 1347 1344 1421 judicari
1405 1359 1502 1415 pro
1532 1341 1620 1396 his
1659 1334 1993 1400 excessibus,
2028 1333 2094 1388 de

493 1443 696 1519 quibus
731 1443 1000 1499 habentur
1032 1446 1182 1495 certa
1211 1450 1492 1493 sacrorum
1518 1443 1792 1490 canonum
1823 1441 1886 1481 ac
1910 1424 2095 1495 legum

494 1513 730 1600 decreta,
763 1546 904 1603 quae,
945 1535 1007 1584 ut
1045 1527 1153 1584 Leo
1212 1523 1370 1589 dicit,
1412 1519 1566 1576 nulla
1620 1521 1850 1588 possunt
1886 1513 2098 1603 ratione

494 1619 756 1688 convelli,
779 1601 910 1676 cum
933 1618 1097 1673 etiam
1119 1615 1186 1670 de
1207 1628 1367 1670 causa
1387 1609 1538 1676 ﬁdei,
1570 1614 1632 1663 ut
1661 1605 1797 1662 dicit
1829 1601 2096 1668 Gelasius,

492 1712 803 1784 cuicunque
830 1707 1081 1781 pontiﬁci
1111 1705 1295 1771 liceat,
1329 1699 1632 1758 secundum
1665 1695 1908 1766 regulam
1941 1705 2101 1747 erro-

2189 519 2314 575 sede
2337 517 2655 591 apostolica,
2717 519 2778 568 ut
2810 512 2868 568 in
2899 508 3216 582 apostolicis
3264 503 3489 572 litteris,
3525 501 3801 574 praecipue

2190 590 2384 665 autem,
2426 607 2484 662 in
2514 603 2780 679 synodica
2805 600 2951 657 beati
2977 596 3219 670 Gregorii
3250 594 3320 651 ad
3353 600 3591 666 quatuor
3618 590 3802 664 patri-

2192 699 2404 765 archas,
2439 703 2491 751 et
2552 694 2611 750 in
2640 691 2766 748 aliis
2793 690 2915 762 ejus
2939 685 3207 761 epistolis,
3242 700 3354 739 una
3391 699 3518 740 cum
3566 687 3804 754 quatuor

2195 786 2632 864 praecedentibus
2688 782 2919 855 legimus
2975 776 3351 835 collaudatum
3405 780 3570 844 atque
3609 787 3805 827 susce-

2195 861 2372 953 ptum,
2398 876 2681 932 invenitur
2702 871 2861 928 nobis
2880 867 3203 926 tenendum.
3229 862 3387 930 Quod
3405 862 3587 918 adhuc
3600 861 3807 917 nostris

2196 949 2400 1024 litteris
2419 965 2486 1021 ad
2515 962 2830 1035 exemplum
2856 960 3095 1014 inserere
3117 953 3419 1019 noluimus,
3458 950 3636 1006 donec
3653 949 3807 1006 scia-

2199 1075 2339 1128 mus,
2372 1058 2419 1113 si
2465 1056 2729 1114 duritiam
2762 1049 3148 1107 mandatorum
3197 1053 3510 1102 vestrorum
3540 1059 3670 1115 erga
3709 1059 3809 1099 nos

2201 1147 2358 1202 aliter
2393 1145 2461 1201 ad
2498 1143 2893 1215 benignitatem
2963 1137 3243 1194 inﬂectere
3295 1133 3633 1207 poterimus:
3677 1132 3811 1204 quia

2203 1236 2348 1309 quod
2373 1251 2442 1290 ex
2472 1233 2785 1307 apostolicae
2815 1231 2960 1288 sedis
2988 1228 3234 1295 nomine,
3267 1224 3572 1282 secundum
3594 1231 3806 1279 sancta-

2203 1342 2325 1382 rum
2347 1323 2752 1396 Scripturarum
2776 1319 3074 1386 tramitem,
3097 1315 3660 1389 praedicationemque
3682 1328 3808 1366 ma-

2200 1413 2406 1485 jorum,
2437 1419 2492 1467 et
2525 1411 2962 1468 orthodoxorum
2994 1407 3210 1464 decreta
3257 1403 3544 1472 scribitur,
3579 1417 3806 1474 sequen-

2206 1503 2338 1559 dum
2371 1511 2424 1559 et
2453 1501 2752 1558 tenendum
2782 1517 2892 1555 non
2938 1499 3274 1570 ignoramus,
3319 1502 3374 1550 et
3418 1492 3570 1566 quod
3598 1509 3746 1548 secus
3775 1508 3809 1545 a

2208 1610 2482 1667 quoquam
2505 1592 2672 1648 fuerit
2700 1589 3058 1662 compilatum
3089 1587 3205 1642 sive
3235 1583 3562 1649 conﬁctum,
3595 1598 3708 1637 non
3726 1598 3809 1636 so-

2208 1685 2323 1740 lum
2359 1681 2747 1756 respuendum,
2781 1679 2873 1736 sed
2903 1686 2956 1734 et
2982 1674 3420 1749 redarguendum
3451 1688 3570 1728 esse
3615 1686 3811 1743 cogno-

492 1803 570 1859 ris
590 1761 1004 1865 antejdamnati,
1037 1793 1338 1869 quemlibet
1357 1807 1387 1844 a
1416 1786 1689 1846 catholica
1708 1782 2096 1840 communione
2125 1792 2171 1851 Β
2209 1774 2433 1831 scimus.
2468 1773 2525 1828 Si
2556 1769 2792 1844 denique
2816 1769 2977 1824 aliter
3001 1784 3165 1866 quam
3188 1781 3289 1822 nos
3325 1772 3380 1819 et
3402 1779 3502 1869 vos
3533 1761 3812 1869 decuerat,

493 1892 825 1949 discernere.
859 1888 930 1942 Et
961 1868 1060 1957 ego
1090 1884 1166 1940 ita
1193 1896 1382 1938 exsors
1410 1878 1478 1934 ab
1507 1875 1765 1932 omnibus
1792 1868 2095 1929 accusatio-

493 1979 678 2046 nibus,
711 1991 824 2032 non
853 1977 1033 2031 solum
1056 1974 1124 2028 ab
1157 1972 1265 2037 his,
1297 1969 1500 2042 quibus
1530 1965 1778 2036 legaliter
1808 1970 1861 2017 et
1890 1959 2096 2031 regula-

493 2067 630 2123 riter
654 2062 947 2120 accusandi
969 2060 1232 2116 adversus
1253 2058 1327 2114 sei
1337 2073 1493 2128 psum
1525 2053 1823 2124 denegatur
1852 2047 2096 2114 licentia,
2123 2087 2128 2094 .

493 2169 685 2210 verum
718 2149 862 2206 etab
888 2149 996 2217 his,
1030 2147 1232 2220 quibus
1264 2145 1321 2200 in
1354 2142 1592 2216 propriis
1620 2140 1799 2197 causis
1823 2138 2098 2195 accusatio

495 2258 607 2298 non
645 2247 892 2311 negatur,
950 2236 1184 2292 utsicut
1241 2235 1384 2305 leges
1430 2239 1483 2287 et
1511 2229 1711 2300 regulae
1763 2227 1982 2299 jubent,
2043 2225 2101 2280 in

494 2331 782 2406 provincia
818 2329 878 2385 in
917 2343 1025 2401 qua
1066 2333 1196 2381 sunt
1248 2332 1366 2379 orta
1407 2320 1625 2393 negotia
1663 2317 1948 2373 terminari
1989 2333 2101 2372 non

493 2423 734 2488 valeant,
770 2427 824 2475 et
852 2415 1158 2474 secundum
1190 2411 1567 2469 Antiochenos
1595 2424 1851 2476 canones,
1880 2406 2101 2480 provin-

496 2511 722 2568 cialium
763 2505 1105 2581 synodorum
1145 2518 1258 2559 non
1297 2500 1532 2557 debeant
1569 2497 1809 2570 experiri
1849 2511 2101 2563 examen,

497 2601 546 2658 si
566 2600 727 2657 nobis
747 2598 887 2664 vias,
911 2611 1038 2652 cum
1059 2594 1348 2650 voluntate
1370 2599 1424 2648 et
1455 2605 1728 2648 consensu
1754 2585 2102 2644 dilectissimi

498 2690 714 2762 nepotis
742 2686 917 2744 nostri
948 2682 1296 2757 imperatoris
1324 2680 1516 2750 vestri,
1553 2686 1747 2736 contra
1773 2675 1930 2748 cujus
1955 2675 2105 2731 dile-

499 2779 740 2836 ctionem
770 2783 824 2832 et
843 2775 1092 2831 debitum
1115 2771 1406 2838 honorem,
1437 2770 1484 2826 si
1517 2777 1701 2824 tamen
1729 2773 1978 2822 mutuam
2008 2763 2104 2819 di-

501 2867 798 2924 lectionem
865 2872 918 2920 et
955 2877 1263 2933 congruum
1333 2859 1601 2915 honorem
1640 2858 1801 2913 nobis
1845 2855 2106 2912 exhibere

502 2957 800 3025 studuerit,
833 2955 969 3011 illuc
1016 2953 1096 3009 ire
1124 2967 1235 3008 non
1282 2949 1558 3018 volumus,
1599 2949 1976 3015 obtinueritis,
2003 2965 2107 3004 co-

505 3055 764 3123 operante
782 3043 1042 3112 Domino,
1067 3057 1197 3114 pace
1219 3040 1277 3095 in
1299 3056 1468 3112 regno
1489 3044 1677 3094 nostro
1717 3046 1907 3093 contra
1935 3052 2106 3108 paga-

501 3157 602 3196 nos
630 3137 839 3194 virtute
865 3134 954 3190 vel
977 3147 1305 3206 quacunque
1331 3128 1692 3202 dispositione
1731 3126 1830 3183 Dei
1860 3126 2103 3194 obtenta,
2142 3153 2184 3214 Ο

500 3231 730 3287 Romam
751 3225 940 3284 venire
979 3239 1224 3296 congruo
1254 3229 1501 3294 tempore
1531 3237 1644 3277 non
1669 3219 2002 3276 differemus.
2036 3218 2107 3274 Et

501 3319 632 3396 quia
651 3319 811 3376 illum
837 3315 1085 3389 legaliter
1107 3321 1202 3370 aut
1224 3312 1548 3384 regulariter
1568 3310 1626 3366 in
1647 3308 1860 3382 synodo
1885 3310 2106 3381 episco-

503 3424 698 3482 porum
739 3407 1105 3480 plurimarum
1159 3399 1570 3476 provinciarum
1622 3398 1689 3455 de
1727 3396 1890 3455 certis
1927 3396 2104 3454 causis

503 3497 907 3565 accusavimus,
932 3494 1193 3552 idoneum
1217 3508 1316 3550 nos
1342 3496 1715 3549 accusatorem
1740 3487 1894 3544 illius
1915 3495 2108 3543 osten-

504 3586 717 3654 demus,
778 3592 831 3639 et
859 3590 1043 3639 tantos
1071 3589 1237 3636 testes
1279 3580 1507 3636 idoneos
1546 3577 1758 3634 diversi
1797 3575 2008 3631 ordinis
2047 3591 2111 3631 ac

503 3671 791 3746 dignitatis
842 3671 1132 3726 nobiscum
1167 3669 1450 3735 ducemus,
1483 3683 1610 3723 cum
1636 3664 1838 3737 quibus
1865 3680 1990 3719 eum
2020 3665 2110 3719 le—

506 3761 701 3833 galiter
754 3775 818 3814 ac
847 3759 1171 3828 regulariter
1198 3773 1299 3812 nos
1326 3771 1606 3812 accusasse
1643 3761 1696 3810 et
1724 3752 2110 3825 comprobasse

507 3845 975 3905 suﬂicientissime
1006 3844 1507 3917 comprobabimus.

578 3938 843 4006 Tandem,
867 3936 996 4010 quia
1017 3952 1116 3991 vos
1146 3950 1258 3990 non
1288 3934 1479 4006 legisse
1514 3932 1599 3987 vel
1630 3930 1847 3987 audisse
1877 3929 2111 4000 collegi—

508 4043 632 4083 mus
667 4041 737 4080 ex
794 4023 995 4078 litteris
1023 4023 1091 4078 ab
1120 4021 1361 4078 Actardo
1403 4020 1658 4092 episcopo
1704 4017 1864 4074 nobis
1893 4017 2107 4085 delatis,

509 4131 627 4186 quae
663 4119 823 4167 antea
867 4127 962 4183 per
993 4111 1151 4167 illum
1181 4108 1504 4182 paternitati
1535 4116 1728 4164 vestrae
1782 4106 2108 4173 direximus,

509 4205 705 4261 iterato
725 4202 1020 4260 scribimus
1049 4219 1112 4259 ea
1140 4219 1261 4276 qua
1298 4209 1432 4257 tunc
1461 4201 1876 4272 scripseramus,
1909 4197 2112 4270 depre-

509 4301 696 4352 cantes
747 4309 846 4348 vos
875 4292 934 4348 in
965 4292 1364 4366 omnipotentis
1394 4290 1493 4347 Dei
1538 4290 1767 4357 honore,
1804 4297 1858 4345 et
1886 4296 2114 4344 sancto-

507 4401 629 4441 rum
656 4382 1034 4454 apostolorum
1059 4381 1434 4448 veneratione,
1467 4386 1529 4434 ut
1558 4379 1695 4434 tales
1719 4377 2113 4434 inhonoratio-

2208 1861 2664 1918 reverentissimae
2706 1857 3024 1932 paternitati
3052 1863 3246 1911 vestrae
3303 1849 3679 1916 rescribendo,
3727 1849 3814 1903 fa—

2207 1961 2328 2010 ctus
2349 1969 2469 2009 sum
2493 1951 2779 2022 insipiens,
2803 1967 2904 2004 vos
2924 1964 3011 2003 me
3040 1945 3315 2018 coegistis.
3349 1942 3601 1999 Petimus
3629 1946 3810 1994 autem

2209 2044 2642 2116 omnipotentem
2704 2040 3006 2097 Dominum
3060 2045 3121 2092 ut
3152 2036 3381 2108 inspiret
3435 2031 3595 2090 cordi
3633 2038 3814 2085 vestro

2209 2135 2287 2190 sic
2339 2150 2441 2188 nos
2485 2131 2721 2203 benigne
2779 2138 3034 2196 tractare,
3077 2133 3342 2200 quatenus
3380 2121 3620 2180 ulterius
3661 2120 3814 2176 nobis

2211 2239 2321 2278 non
2344 2223 2414 2277 sit
2440 2236 2655 2278 necesse
2675 2220 2834 2276 vobis
2855 2219 2933 2274 ita
2952 2217 3272 2284 rescribere,
3297 2213 3411 2282 sed,
3447 2221 3508 2268 ut
3539 2211 3809 2283 cupimus,

2211 2313 2270 2369 in
2326 2312 2680 2368 veneratione
2731 2310 3125 2383 apostolorum,
3169 2303 3473 2378 apostolico
3529 2298 3814 2374 pontiﬁcio

2212 2410 2393 2458 vestro
2413 2399 2702 2456 humiliter
2721 2415 2783 2454 ac
2803 2398 3000 2454 devote
3029 2395 3170 2452 colla
3196 2401 3251 2449 et
3273 2391 3441 2449 corda
3461 2389 3811 2445 submittere.

2212 2495 2357 2550 Deus
2387 2491 2736 2563 omnipotens
2765 2488 2834 2544 ad
2865 2488 3130 2543 honorem
3164 2492 3217 2540 et
3259 2481 3622 2539 salvationem
3655 2485 3817 2550 atque

2213 2582 2604 2640 exaltationem
2657 2585 2857 2635 sanctae
2898 2594 3006 2633 sua:
3061 2573 3323 2632 Ecclesiae
3372 2588 3471 2627 vos
3509 2586 3606 2644 per
3646 2568 3816 2624 multa

2213 2689 2485 2730 annorum
2549 2669 2826 2728 curricula
2876 2682 3201 2725 conservare
3262 2663 3542 2736 dignetur,
3585 2659 3814 2716 Domine

2215 2764 2559 2822 sanctissime
2597 2769 2650 2818 et
2680 2758 3120 2816 reverentissime
3146 2765 3300 2830 pater
3330 2755 3387 2810 in
3413 2753 3677 2811 Domino.

2705 2883 3159 2943 EPISTOLA
3223 2882 3318 2939 IX

2837 3002 2910 3040 AD
2939 2999 3195 3040 EUMDEM.

2481 3094 2685 3150 Eodem
2715 3099 2940 3164 tempore
2975 3091 3137 3145 missa
3165 3105 3267 3160 quo
3296 3086 3568 3159 superior.

2567 3206 2678 3280 [Ex
2708 3207 2846 3280 Opp.
2878 3206 3122 3274 Hincm.,
3158 3220 3276 3276 pag.
3313 3202 3468 3277 716.]

2290 3308 2648 3366 Sanctissimo
2670 3324 2730 3363 ac
2751 3306 3197 3362 reverentissimo
3219 3303 3366 3360 Patri
3387 3302 3637 3360 Adriano
3676 3318 3812 3358 sum-

2221 3418 2309 3457 mo
2339 3399 2610 3472 pontiﬁci,
2638 3405 2691 3453 et
2713 3396 3011 3452 universali
3035 3413 3204 3469 papae,
3239 3395 3492 3454 Canows
3520 3394 3620 3451 Dei
3652 3391 3811 3466 gratia

2221 3508 2319 3546 rex
2346 3498 2399 3546 et
2429 3487 2732 3562 spiritualis
2755 3487 2905 3542 ﬁlius
2934 3495 3132 3543 vester.

2293 3579 2433 3646 Quia
2455 3577 2654 3634 litteris
2673 3594 2743 3632 ex
2767 3576 2990 3631 nomine
3019 3582 3220 3632 sanctae
3249 3573 3602 3647 pate'rnitatis
3629 3578 3814 3628 vestras

2221 3667 2288 3722 ab
2321 3667 2559 3723 Actardo
2609 3665 2910 3721 venerabili
2950 3664 3362 3738 archiepiscopo
3400 3662 3567 3719 nobis
3605 3661 3812 3728 delatis,

2224 3756 2544 3810 necessitate
2581 3762 2826 3827 cogente,
2878 3753 3152 3827 prolixius
3186 3753 3515 3826 respondere
3555 3751 3816 3826 compulsi

2222 3862 2431 3913 sumus,
2474 3851 2667 3900 contra
2705 3862 2911 3902 morem
2958 3852 3209 3902 nostrum
3266 3843 3324 3899 in
3363 3841 3819 3917 quaterniunculo

2223 3936 2428 3991 annulo
2458 3944 2646 3992 nostro
2678 3936 2893 4009 signato
2940 3934 3354 4008 responsionem
3395 3942 3644 3990 nostram
3685 3933 3820 3988 scri-

2221 4025 2349 4081 bere
2386 4025 2751 4082 necessarium
2809 4025 3090 4093 duximus,
3134 4031 3402 4096 quatenus
3460 4023 3568 4095 legi
3611 4023 3822 4096 planius

2223 4117 2423 4185 valeat,
2451 4124 2504 4172 et
2534 4133 2652 4189 qum
2681 4115 2841 4172 vobis
2868 4115 3007 4171 ratio
3039 4113 3367 4188 respondere
3397 4115 3601 4186 coegit,
3624 4113 3819 4186 legenti

2223 4207 2440 4278 plenius
2505 4205 2868 4261 innotescant.
2938 4205 3113 4273 Quam
3185 4205 3603 4278 responsionem
3644 4212 3821 4261 sancta

2223 4296 2523 4368 paternitas
2553 4301 2734 4350 vestra
2763 4309 2874 4350 non
2931 4303 3304 4366 aspernanter,
3337 4294 3430 4350 sed
3474 4294 3715 4367 benigne
3743 4310 3821 4349 sn-

2223 4385 2439 4457 scipiat,
2465 4401 2583 4456 quae
2616 4400 2648 4438 a
2671 4383 2833 4440 nobis
2860 4401 2971 4440 non
2993 4392 3073 4441 est
3093 4383 3516 4452 contumaciter,
3535 4384 3630 4441 sed
3649 4391 3823 4440 mente

507 4471 596 4530 nis
624 4479 825 4528 nostrae
855 4470 1134 4542 epistolas,
1169 4469 1408 4542 taliaque
1439 4466 1714 4537 mandata,
1755 4467 1898 4525 sicut
1930 4466 2105 4524 hacte-

2224 4475 2468 4548 paciﬁca,
2496 4482 2558 4530 ut
2578 4475 2638 4530 in
2659 4474 2848 4530 eodem
2878 4475 3339 4548 quaterniunculo
3362 4473 3682 4542 invenietis,
3703 4490 3823 4530 con-

507 4583 613 4622 nus
666 4582 737 4622 ex
761 4564 989 4622 nomine
1021 4569 1206 4620 vestro
1260 4561 1620 4634 suscepimus,
1657 4557 1816 4615 nobis
1859 4566 1913 4614 et
1960 4557 2112 4630 regni

508 4655 681 4712 nostri
713 4654 984 4728 episcopis
1008 4671 1070 4710 ac
1099 4652 1436 4726 primoribus
1465 4650 1532 4706 de
1573 4658 1771 4709 caetero
1801 4666 1912 4705 non
1945 4665 2111 4706 man-

509 4744 670 4812 detis,
703 4751 758 4798 et
785 4759 897 4798 non
948 4740 1292 4812 compellatis
1337 4756 1436 4795 nos
1467 4739 1722 4796 mandata
1750 4747 1804 4794 et
1854 4737 2111 4809 epistolas

509 4839 718 4888 vestras
749 4829 1162 4886 inhonorandas
1189 4836 1562 4896 contemnere,
1594 4836 1647 4882 et
1675 4827 1871 4882 missos
1902 4835 2111 4884 vestros

509 4921 872 4989 dehonorare,
895 4917 991 4991 qui
1013 4917 1193 4987 vobis,
1229 4917 1286 4973 in
1319 4916 1407 4973 his
1436 4932 1556 4989 quae
1580 4915 1649 4970 ad
1678 4921 1921 4971 vestrum
1950 4917 2112 4973 mini-

508 5009 740 5068 sterium
769 5007 1066 5081 pertinent,
1117 5005 1166 5062 si
1231 5013 1415 5062 tamen
1465 5005 1833 5060 ministerium
1868 5013 2111 5062 vestrum

507 5101 764 5174 cupimus
810 5099 1207 5171 obtemperare.
1254 5096 1385 5163 Quae
1416 5111 1514 5167 pro
1557 5094 1727 5150 vestri
1756 5094 1964 5152 honore
1994 5097 2112 5170 pri-

510 5187 700 5259 vilegii
728 5187 888 5244 vobis
908 5185 1168 5254 dicimus,
1196 5183 1327 5257 quia
1353 5183 1533 5252 vobis,
1567 5183 1709 5240 sicut
1737 5200 1926 5240 revera
1954 5186 2114 5244 vica-

510 5278 594 5333 rio
640 5277 702 5334 B.
734 5275 881 5334 Petri
907 5275 1282 5348 apostolorum
1330 5273 1617 5347 principis,
1651 5274 1709 5329 in
1741 5275 1996 5333 omnibus
2023 5276 2112 5333 de-

515 5367 629 5424 bite
681 5386 744 5427 ac
789 5375 1164 5441 competenter
1213 5365 1435 5423 obedire
1483 5365 1878 5437 desideramus,
1937 5376 1991 5424 et
2045 5383 2113 5425 ne

516 5456 680 5512 aliter
709 5457 927 5515 eveniat
955 5469 1148 5515 cavere
1175 5473 1271 5529 per
1295 5455 1482 5514 omnia
1502 5456 1775 5530 cupimus,
1793 5474 1858 5514 ac
1877 5463 2111 5514 vestram

517 5545 865 5603 sanctitatem
894 5547 951 5604 id
1001 5549 1182 5623 ipsum
1212 5565 1406 5608 cavere
1429 5548 1634 5606 humili
1665 5566 1823 5623 prece
1870 5549 2112 5623 deposci-

520 5649 661 5704 mus,
690 5648 760 5690 ne
793 5649 893 5692 nos
944 5644 998 5694 et
1027 5646 1244 5696 nostros
1274 5639 1408 5695 satis
1464 5638 1670 5696 invitos
1717 5639 1782 5695 ad
1824 5638 1880 5698 id
1908 5640 2114 5712 cogatis

2222 4573 2391 4622 texta.
2425 4568 2792 4639 Deprecamur
2829 4572 3010 4621 autem
3059 4581 3159 4621 vos
3195 4564 3253 4620 in
3293 4563 3698 4637 omnipotentis
3729 4561 3820 4618 Dei

2220 4655 2448 4725 honore,
2481 4664 2534 4711 et
2563 4663 2879 4711 sanctorum
2916 4654 3290 4726 apostolorum
3343 4654 3720 4721 veneratione,
3764 4659 3822 4707 ut

2219 4747 2356 4802 tales
2385 4745 2829 4802 inhonorationis
2861 4752 3062 4802 nostrae
3091 4743 3372 4816 epistolas,
3403 4743 3644 4816 taliaque
3674 4757 3821 4798 man-

2220 4837 2366 4905 data,
2399 4837 2540 4892 sicut
2574 4836 2838 4893 hactenus
2866 4852 2936 4892 ex
2975 4835 3200 4893 nomine
3237 4842 3422 4891 vestro
3464 4833 3819 4906 suscepimus,

2220 4921 2381 4976 nobis
2436 4928 2488 4977 et
2527 4921 2679 4992 regni
2738 4923 2916 4978 nostri
2955 4922 3226 4995 episcopis
3263 4939 3326 4980 ac
3381 4919 3722 4995 primoribus
3758 4920 3821 4974 de

2220 5017 2418 5067 cmtero
2457 5025 2568 5065 non
2606 5009 2899 5066 mandetis.
2941 5011 3046 5067 Sed
3084 5011 3247 5068 liceat
3305 5010 3467 5068 nobis
3522 5009 3820 5084 apostolico

2221 5099 2507 5174 pontiﬁcio
2541 5106 2746 5168 vestro,
2778 5099 2836 5154 in
2867 5100 3219 5156 veneratione
3253 5101 3375 5170 Dei,
3415 5108 3472 5156 et
3509 5106 3814 5156 sanctorum

2221 5197 2615 5268 apostolorum,
2639 5194 2928 5251 humiliter
2946 5211 3010 5251 ac
3037 5193 3254 5264 devote,
3280 5202 3340 5250 ut
3373 5194 3649 5266 cupimus,
3682 5193 3817 5251 colla

2221 5291 2276 5340 et
2303 5285 2467 5342 corda
2495 5284 2837 5341 submittere.
2871 5285 3016 5341 Deus
3041 5284 3392 5358 omnipotens
3434 5283 3504 5340 ad
3557 5282 3812 5340 honorem

2223 5380 2275 5428 et
2308 5373 2667 5430 salvationem
2708 5382 2871 5447 atque
2899 5373 3291 5430 exaltationem
3322 5379 3525 5430 sanctae
3570 5387 3680 5427 suae
3720 5369 3813 5424 Ec~

2221 5465 2399 5520 clesiae
2463 5481 2562 5521 vos
2600 5481 2695 5537 per
2731 5481 3003 5522 annorum
3058 5466 3337 5523 curricula
3383 5479 3701 5523 conservare
3734 5459 3813 5516 di-

2222 5561 2438 5625 gnetur,
2489 5553 2725 5610 Domine
2765 5554 3110 5614 sanctissime
3170 5562 3334 5629 atque
3381 5549 3813 5612 reverentissime

2224 5648 2375 5713 pater
2406 5641 2463 5698 in
2494 5641 2758 5699 Domino.
