4070 6184
256 242 368 300 897

1280 525 1711 604 LIBELLUS

1215 228 1717 291 PROCLAMATIO
1754 228 2124 286 ADVERSUS
2165 226 2622 282 WENILONEM.

3463 227 3568 282 898

1796 521 2570 599 PROCLAMATIONIS

1537 676 1763 733 DOMNI
1798 674 2059 733 CABOLI
2095 671 2300 730 REGIS

860 815 1264 879 ADVERSUS
1309 811 1793 874 WENILONEM
1835 807 2517 871 ARCHIEPISCOPUM
2560 806 2934 870 SENONUM
2961 856 2977 886 ,

351 987 588 1050 Electis
632 982 958 1062 judicibus
1008 979 1296 1062 Remigio
1344 975 1888 1062 Lugdunensium,
1921 971 2200 1062 Herardo
2239 971 2680 1062 Turonorum‘,
2712 971 3546 1062 WeniloniRothomagen-

265 1073 466 1143 sium,
511 1072 575 1127 et
601 1052 874 1126 R'odull‘o
903 1052 1264 1143 Biturigum
1295 1052 1810 1143 archiepiscopis,
1860 1054 1924 1111 in
1954 1057 2170 1143 sancta
2203 1052 2446 1143 synodo
2468 1053 2832 1143 .duodecim
2873 1052 3351 1128 provinciarum
3402 1052 3570 1130 apud

264 1130 646 1214 Tullc'nsem
679 1143 1072 1223 parochiam,
1105 1130 1172 1199 in
1194 1130 1916 1223 _suburba_no_eju§dem
1952 1131 2125 1223 urbis
2156 1133 2330 1208 quod
2359 1130 3042 1223 diciturnSaponarias,
3080 1135 3340 1211 propria
3370 1134 3571 1210 ipsius

272 1248 471 1293 manu
535 1211 866 1304 porrectus
938 1211 1106 1282 anno
1191 1211 1676 1280 incarnationis
1731 1211 1987 1274 Domini
2075 1229 2340 1286 DCCCLIX,
2421 1211 2776 1274 indictione
2839 1232 2958 1284 vn,
3033 1231 3183 1273 xxm
3249 1214 3564 1274 Kalendas

266 1313 498 1376 Julias.

1683 1404 2087 1420 ι-*ι*

1062 1503 1105 1558 Ι.

351 1629 489 1698 Quia
519 1625 661 1682 sicut
689 1621 826 1678 dicit
854 1626 1075 1676 sanctus
1119 1614 1436 1687 Gregorius,
1469 1621 1522 1669 et
1547 1627 1616 1666 ex
1649 1624 1872 1666 consue-

278 1719 478 1777 tudine
496 1716 698 1772 olitana
718 1721 738 1747 ³
761 1707 1113 1782 cognoscitis,
1146 1707 1204 1761 in
1230 1707 1566 1761 Francorum
1593 1715 1758 1770 regno
1781 1713 1876 1752 re—

274 1828 373 1884 ges
407 1825 474 1864 ex
503 1819 694 1879 genere
725 1801 1020 1875 prodeunt,
1062 1795 1199 1852 mihi
1229 1811 1259 1850 a
1296 1794 1503 1851 domno
1547 1800 1599 1848 et
1631 1789 1875 1862 genitore

273 1916 426 1966 meo,
455 1896 559 1969 piae
605 1889 882 1948 memoriae
917 1886 1198 1943 Ludovico
1247 1884 1517 1954 Augusto,
1569 1896 1693 1952 pars
1725 1875 1876 1949 regni

273 1989 426 2046 inter
449 1986 644 2041 fratres
674 1997 823 2036 meos
852 1994 1003 2050 reges
1029 1974 1222 2032 divina
1256 1971 1618 2044 dispositione
1649 1975 1730 2022 est
1755 1976 1876 2022 tra—

275 2081 418 2138 dita.
446 2079 508 2135 In
532 2092 639 2150 qua
674 2079 826 2147 parte
842 2069 994 2142 regni
1025 2066 1252 2123 vacabat
1281 2072 1414 2120 tunc
1443 2069 1658 2135 pastore
1681 2066 1876 2114 metro-

279 2172 428 2246 polis
456 2149 756 2234 Senonum,
785 2179 947 2238 quam
974 2161 1141 2233 juxta
1169 2154 1624 2214 consuetudinem
1661 2149 1880 2223 praede-

277 2274 562 2319 cessorum
585 2270 832 2310 meorum
864 2247 1149 2307 Weniloni
1178 2255 1314 2303 tunc
1336 2242 1538 2301 clerico
1570 2238 1774 2307 meo,in
1797 2253 1878 2293 ca-

283 2349 435 2423 pella
474 2362 595 2403 mea
623 2343 759 2400 mihi
793 2338 1075 2406 servienti,
1117 2335 1212 2409 qui
1244 2349 1394 2390 more
1428 2329 1587 2388 liberi
1609 2326 1795 2385 clerici
1825 2342 1881 2380 se

281 2438 428 2495 mihi
448 2432 953 2495 commendaverat,
972 2435 1025 2483 et
1046 2426 1374 2482 ﬁdelitatem
1399 2425 1740 2478 sacramento
1762 2431 1880 2488 pro-

278 2528 535 2593 miserat,
569 2537 841 2581 consensu
871 2532 1149 2574 sacrorum
1169 2514 1547 2587 episcoporum
1571 2507 1743 2580 ipsius
1774 2521 1882 2560 me-

279 2615 524 2690 tropolis
555 2613 623 2670 ad
657 2607 1076 2685 gubernandum
1107 2601 1382 2670 commisi,
1408 2609 1461 2658 et
1493 2597 1636 2672 apud
1664 2596 1884 2670 episco—

281 2683 408 2782 pos,
443 2683 708 2780 quantum
745 2716 816 2756 ex
846 2714 934 2754 me
962 2697 1087 2764 fuit,
1120 2704 1182 2752 ut
1209 2709 1335 2750 eum
1366 2689 1569 2748 ibidem
1604 2683 1885 2756 archiepi-

288 2812 522 2870 scopum
548 2791 867 2850 ordinarent
891 2785 1129 2844 obtinui.

1055 2876 1122 2932 Π.
1277 2946 1287 2952 _

366 2983 500 3041 Post
546 2980 665 3037 haec
710 2977 776 3035 de
806 2975 1079 3034 divisione
1124 2968 1275 3042 regni
1323 2968 1466 3023 inter
1493 2980 1580 3020 me
1608 2969 1661 3018 et
1694 2960 1891 3015 fratres

295 3092 478 3142 meos,
504 3072 645 3128 ratio
671 3077 752 3124 est
779 3075 965 3123 exorta
994 3061 1301 3128 notissima,
1333 3055 1479 3113 unde
1501 3060 1706 3127 partem
1735 3049 1891 3106 divi-

293 3163 485 3220 sionis
523 3176 650 3218 cum
681 3156 901 3224 mutuis,
949 3151 1151 3210 nostris
1198 3147 1430 3214 scilicet,
1472 3150 1892 3212 nostrorumque

302 3250 562 3306 ﬁdelium
590 3245 957 3312 sacramentis,
988 3244 1132 3300 sicut
1151 3239 1314 3297 etiam
1339 3236 1609 3310 primores
1639 3228 1792 3301 regni
1815 3235 1892 3283 to-

293 3345 416 3402 tius
446 3344 788 3410 invenerant,
818 3339 1108 3397 tenendam
1137 3345 1190 3392 et
1221 3331 1626 3406 gubernandam
1657 3325 1892 3397 suscepi.

291 3431 481 3499 Quam
508 3429 839 3486 divisionem
866 3428 1010 3484 inter
1034 3442 1120 3480 me
1141 3432 1194 3480 et
1213 3423 1408 3478 fratres
1436 3435 1584 3475 meos
1606 3417 1674 3473 de
1700 3421 1896 3472 caetero

289 3537 326 3577 a
357 3537 447 3575 me
477 3518 918 3574 substantialiter
946 3512 1260 3580 tenendam,
1290 3511 1438 3566 sicut
1467 3516 1521 3564 et
1546 3507 1664 3573 alii,
1697 3504 1792 3578 qui
1819 3503 1898 3560 ibi

293 3611 601 3668 adfuerunt
625 3605 892 3680 episcopi,
942 3602 1164 3661 Wenilo
1197 3600 1335 3656 mihi
1361 3597 1733 3668 fratribusque
1764 3594 1899 3650 meis

296 3699 528 3774 propria
558 3713 727 3753 manu
749 3694 960 3766 juravit
988 3709 1000 3748 :
1035 3693 1226 3748 Pacem
1257 3689 1421 3747 etiam
1452 3695 1504 3745 et
1532 3694 1789 3742 mutuum
1810 3684 1900 3741 ad-

291 3787 579 3862 jutorium
612 3788 758 3842 inter
785 3801 870 3841 me
899 3791 953 3840 et
981 3783 1272 3856 praefatum
1302 3781 1527 3838 fratrem
1557 3776 1899 3834 Ludovicum

295 3877 532 3936 Wenilo
556 3883 897 3934 sacramento
926 3873 1187 3931 ﬁrmavit.

1051 4006 1145 4061 III.

381 4111 489 4169 Sed
516 4117 571 4166 et
599 4107 863 4182 posthoc,
893 4103 1162 4160 electione
1193 4118 1312 4169 sua,
1336 4099 1680 4171 aliorumque
1701 4098 1904 4170 episco-

1913 1498 1964 1557 A

2736 1512 2832 1569 IV.

2053 1608 2299 1682 Denique
2319 1625 2444 1666 cum
2465 1609 2762 1668 seditiones
2786 1612 2844 1667 in
2866 1627 3030 1684 regno
3053 1618 3242 1667 nostro
3273 1626 3365 1683 per
3397 1608 3574 1666 homi-

1986 1712 2081 1752 nes
2139 1698 2500 1756 irreverentes
2554 1708 2837 1773 coeperunt
2896 1701 3255 1767 crebrescere,
3305 1715 3578 1756 consensu

1986 1786 2388 1859 episcoporum,
2416 1806 2478 1846 ac
2496 1799 2819 1847 caeterorum
2842 1792 3089 1848 fidelium
3119 1785 3578 1854 nostrorum,chi-

1986 1875 2318 1948 rographum
2335 1877 2573 1936 invicem
2604 1880 3052 1952 conscripsimus,
3079 1879 3314 1952 qualiter
3332 1893 3431 1948 ego
3457 1890 3582 1946 erga

1986 1977 2082 2062 eos
2113 1975 2450 2062 cooperante
2496 1969 2735 2025 Domino
2784 1987 2940 2040 agere
2982 1970 3204 2034 vellem,
3244 1975 3298 2022 et
3345 1965 3583 2038 qualiter

1987 2053 2127 2109 mihi
2157 2055 2390 2111 consilio
2426 2064 2480 2112 et
2506 2057 2718 2113 auxilio
2765 2058 2932 2114 iidem
2965 2057 3154 2112 ﬁdeles
3185 2054 3360 2110 nostri
3385 2051 3584 2108 abinde

1988 2144 2339 2216 postmodum
2386 2145 2642 2202 solatium
2676 2146 2818 2202 ferre
2848 2145 3186 2202 debuissent.
3238 2141 3341 2201 Cui
3380 2142 3586 2212 scripto

1991 2232 2212 2288 Wenilo
2231 2233 2378 2305 apud
2397 2234 2683 2306 Bajernam
2702 2236 2892 2290 villam
2913 2235 3137 2307 propria
3159 2249 3326 2289 manu
3347 2230 3583 2288 subscri-

1991 2323 2118 2394 psit,
2149 2323 2294 2380 sicut
2317 2324 2375 2379 in
2404 2325 2659 2396 praesenti
2688 2325 2876 2381 videre
2906 2324 3154 2397 potestis.

2060 2502 2270 2559 Deinde
2296 2520 2423 2560 cum
2453 2511 2644 2561 contra
2673 2519 2914 2576 paganos
2939 2502 3007 2559 ad
3040 2502 3276 2558 insulam
3317 2499 3447 2567 loci,
3484 2497 3582 2571 qui

1993 2591 2239 2647 Oscellus
2265 2591 2490 2660 dicitur,
2538 2609 2661 2648 cum
2709 2591 2968 2648 ﬁdelibus
3022 2590 3225 2647 nostris
3277 2598 3330 2645 et
3359 2595 3577 2643 terreno

1996 2680 2211 2748 itinere,
2236 2688 2288 2735 et
2319 2681 2538 2753 navigio
2568 2682 2710 2738 sicut
2729 2680 2882 2737 scitis
2911 2680 3149 2752 perrexi,
3172 2678 3398 2750 quidam
3429 2693 3461 2732 a
3488 2693 3583 2732 no-

1994 2769 2081 2826 bis
2108 2770 2422 2828 deﬁcientes
2465 2772 2592 2844 fuga
2623 2773 2759 2844 lapsi
2808 2778 2959 2826 sunt.
3010 2769 3234 2827 Wenilo
3288 2774 3495 2837 autem,
3530 2783 3587 2822 se

1922 2858 1969 2918 B
1999 2878 2096 2934 pro
2116 2861 2438 2918 inﬁrmitate
2466 2879 2563 2918 sua
2583 2863 2716 2917 illuc
2742 2861 2821 2917 ire
2850 2877 2963 2917 non
2988 2875 3147 2932 posse
3172 2858 3383 2926 dicens,
3415 2857 3484 2913 ad
3515 2871 3594 2912 se-

2000 2950 2122 3006 dem
2154 2969 2306 3008 suam
2339 2967 2590 3007 reversus
2611 2959 2710 3006 est.
2735 2952 2879 3006 Dum
2910 2955 3094 3005 autem
3127 2947 3185 3003 in
3216 2946 3505 3020 procinctu
3533 2961 3597 3001 eo

2003 3061 2101 3098 nos
2128 3041 2334 3097 inﬁrmi
2361 3043 2702 3114 degeremus,
2733 3042 2901 3097 frater
2934 3047 3119 3095 noster
3141 3037 3479 3103 Ludovicus,
3512 3035 3599 3090 si-

2002 3141 2096 3189 cut
2115 3132 2288 3200 scitis,
2311 3148 2437 3189 cum
2467 3147 2633 3185 manu
2660 3129 2872 3196 hostili,
2895 3127 3234 3184 etseditiosis
3256 3123 3598 3188 hominibus,

2003 3240 2073 3280 ex
2104 3239 2268 3294 regno
2299 3238 2397 3276 suo
2427 3236 2655 3292 regnum
2672 3226 2924 3275 nostrum
2955 3216 3175 3288 irrupit.
3202 3214 3288 3270 Ad
3307 3211 3467 3284 cujus
3489 3212 3598 3267 col-

2006 3311 2276 3385 loquium,
2312 3309 2431 3366 sine
2462 3325 2583 3366 mea
2602 3308 2889 3364 voluntate
2909 3314 3073 3380 atque
3104 3303 3348 3371 licentia,
3375 3300 3601 3358 Wenilo

2004 3402 2181 3470 venit,
2214 3417 2376 3473 quem
2396 3401 2865 3473 supplantatorem
2890 3413 3074 3453 meum
3093 3410 3228 3463 esse,
3262 3391 3409 3466 quod
3438 3406 3602 3448 nemo

2005 3489 2241 3562 cognovi
2269 3489 2652 3562 episcoporum
2673 3503 2742 3542 ex
2768 3501 2936 3558 regno
2965 3491 3156 3540 nostro
3175 3481 3317 3538 alius
3341 3479 3494 3536 fecit.

2759 3575 2854 3633 VI.

2081 3654 2158 3709 De
2189 3658 2406 3721 caetero,
2429 3667 2554 3708 cum
2584 3657 2779 3709 contra
2796 3646 3119 3721 praedictum
3142 3645 3368 3702 fratrem
3392 3657 3600 3710 meum,

2011 3751 2064 3799 et
2097 3741 2353 3800 inimicos
2384 3758 2532 3799 meos
2561 3758 2623 3798 ac
2651 3747 2950 3798 vastatores
2977 3735 3263 3803 Ecclesiae,
3287 3741 3340 3790 et
3360 3731 3603 3804 depopu-

2012 3836 2211 3890 latores
2238 3834 2389 3905 regni
2419 3833 2766 3907 quicumillo
2781 3837 2954 3898 erant,
2989 3844 3115 3886 cum
3149 3823 3405 3883 ﬁdelibus
3426 3821 3525 3878 Dei
3541 3837 3604 3877 ac

2012 3927 2216 3984 nostris
2245 3926 2482 4000 perrexi,
2527 3943 2626 3983 nec
2659 3941 2754 3998 per
2796 3924 3056 3996 seipsum,
3098 3935 3200 3976 nec
3229 3932 3326 3990 per
3357 3913 3605 3972 debitum

2013 4019 2293 4086 solatium,
2343 4016 2489 4090 quod
2519 4025 2885 4074 antecessores
2916 4013 3023 4070 mei
3053 4027 3224 4083 reges,
3271 4015 3325 4065 et
3355 4022 3454 4078 ego
3484 4004 3600 4076 ipse

2014 4125 2083 4165 ex
2114 4109 2362 4164 Ecclesia
2389 4107 2474 4164 illi
2507 4108 2800 4163 commissa
2827 4105 3030 4163 habere
3061 4103 3256 4160 solitus
3299 4114 3468 4165 eram,
3497 4095 3611 4152 ali—

299 4217 533 4277 porum,
567 4215 629 4255 ac
657 4205 978 4254 cancrorum
1017 4192 1263 4248 ﬁdelium
1308 4189 1461 4262 regni
1491 4187 1667 4244 nostri
1698 4187 1896 4243 volun-

2015 4199 2150 4273 quid
2178 4197 2438 4268 adjutorii
2464 4196 2717 4268 praebuit,
2761 4195 3060 4267 praesertim
3093 4208 3221 4250 cum
3259 4190 3367 4247 hoc
3391 4187 3613 4244 devote-

298 4299 448 4359 tate,
478 4303 750 4346 consensu
783 4293 836 4340 et
872 4283 1288 4350 acclamatione,
1320 4297 1445 4337 cum
1476 4279 1600 4335 aliis
1633 4278 1904 4350 archiepi-

297 4381 492 4453 scopis
514 4385 568 4435 et
587 4375 857 4450 episcopis
886 4373 1110 4431 Wenilo
1143 4372 1201 4426 in
1232 4369 1456 4428 dioecesi
1477 4385 1595 4438 sua,
1631 4367 1777 4442 apud
1797 4370 1910 4424 Au-

301 4471 539 4530 relianis
568 4467 873 4534 civitatem,
911 4464 968 4520 in
1001 4463 1230 4519 basilica
1254 4471 1457 4519 sanctae
1487 4460 1700 4530 Crucis,
1723 4476 1810 4517 me
1831 4476 1910 4516 se-

304 4560 560 4618 cundum
591 4557 944 4614 traditionem
965 4552 1387 4610 ecclesiasticam
1418 4566 1599 4623 regem
1629 4566 1910 4608 consecra-

305 4652 417 4720 vit,
452 4660 504 4707 et
534 4648 592 4704 in
622 4648 775 4721 regni
801 4646 1068 4719 regimine
1110 4643 1405 4701 chrismate
1443 4659 1597 4699 sacro
1627 4643 1908 4716 perunxit,

309 4749 368 4798 et
394 4738 723 4807 diademate,
742 4744 920 4809 atque
950 4733 1103 4807 regni
1135 4741 1348 4807 sceptro
1371 4733 1427 4788 in
1456 4732 1608 4804 regni
1638 4732 1777 4789 solio
1811 4749 1913 4789 su-

306 4829 594 4886 blimavit.
618 4828 664 4883 A
685 4843 793 4900 qua
809 4823 1239 4894 consecratione,
1257 4824 1343 4879 vel
1373 4822 1526 4896 regni
1550 4821 1910 4890 sublimitate,

310 4917 658 4991 snpplantari
681 4917 766 4973 vel
792 4912 986 4988 projici
1013 4931 1044 4970 a
1065 4914 1220 4969 nullo
1240 4913 1556 4981 debueram,
1579 4914 1770 4969 saltem
1794 4912 1912 4968 sine

311 5007 602 5065 audientia
623 5013 676 5062 et
700 5004 915 5078 judicio
945 5003 1353 5077 episcoporum,
1384 5019 1619 5075 quorum
1651 5002 1914 5057 ministe—

312 5101 404 5158 rio
426 5099 486 5156 in
507 5115 688 5172 regem
717 5115 838 5154 sum
867 5103 1237 5161 consecratus,
1259 5102 1312 5151 et
1341 5092 1436 5166 qui
1457 5093 1643 5148 throni
1663 5092 1763 5148 Dei
1785 5098 1914 5148 sunt

314 5192 480 5262 dicti,
506 5191 562 5247 in
585 5191 788 5266 quibus
808 5191 954 5247 Deus
983 5189 1153 5257 sedet,
1187 5195 1240 5243 et
1260 5203 1355 5260 per
1382 5201 1519 5259 quos
1547 5201 1645 5241 sua
1671 5184 1917 5242 decernit

311 5279 560 5352 judicia:
617 5295 851 5352 quorum
905 5279 1146 5351 paternis
1175 5275 1614 5349 correptionibus
1660 5283 1714 5331 et
1742 5275 1918 5332 casti-

321 5369 550 5442 gatoriis
573 5367 804 5441 judiciis
835 5385 921 5425 me
951 5369 1181 5427 subdere
1216 5367 1294 5424 fui
1323 5371 1563 5438 paratus,
1595 5370 1649 5418 et
1677 5362 1736 5418 in
1768 5380 1917 5436 prae-

317 5455 464 5512 senti
497 5454 773 5512 subditus.

2019 4288 2088 4344 ab
2119 4288 2218 4343 illo
2247 4284 2521 4358 petierim.

2759 4369 2881 4427 VII.

2092 4464 2232 4523 Cum
2279 4470 2461 4519 autem
2511 4460 2650 4516 ratio
2693 4466 2747 4514 et
2785 4455 3078 4513 necessitas
3127 4449 3264 4507 mihi
3315 4447 3520 4509 accidit
3546 4447 3612 4505 de

2021 4559 2158 4614 villa
2185 4558 2396 4612 Breona
2425 4561 2487 4609 ut
2513 4567 2544 4607 a
2572 4549 2832 4624 praedicto
2864 4548 3030 4602 fratre
3060 4559 3181 4598 meo
3211 4539 3537 4597 secederem.
3561 4545 3614 4594 et

2023 4649 2136 4722 ipse
2167 4648 2336 4703 frater
2366 4660 2520 4700 meus
2542 4639 2856 4697 Ludovicus
2885 4636 2954 4692 ad
2983 4634 3088 4691 hoc
3116 4631 3283 4689 rediit
3303 4631 3364 4685 in
3401 4635 3612 4703 partem

2022 4719 2175 4810 regni
2202 4736 2310 4792 mei
2339 4742 2401 4791 ut
2431 4733 2571 4790 mihi
2603 4747 2785 4788 meum
2803 4734 3057 4802 nepotem
3087 4723 3412 4796 subriperet,
3437 4727 3492 4776 et
3521 4719 3616 4774 ho-

2023 4829 2199 4885 mines
2237 4827 2343 4883 mei
2377 4832 2440 4882 ut
2467 4823 2609 4880 mihi
2641 4819 3002 4905 subtraheret,
3036 4832 3099 4871 ac
3128 4814 3318 4870 ﬁdeles
3347 4827 3498 4867 meos
3527 4823 3618 4863 va-

2023 4928 2230 4976 stanter
2272 4916 2612 4990 imprimeret
2651 4907 3055 4986 [Opprimeret],
3092 4905 3316 4964 Wenilo
3347 4916 3474 4959 cum
3506 4911 3614 4968 quo

2023 5011 2204 5084 potuit
2233 4985 2428 5066 solatio
2457 5007 2526 5064 ad
2558 4985 2858 5078 praedicum
2891 5003 3116 5056 fratrem
3148 5009 3330 5050 meum
3365 4985 3621 5044 Ludovi—

2023 5117 2149 5158 cum
2178 5101 2236 5154 in
2267 5116 2444 5156 meam
2473 5095 2921 5155 contrarietatem
2949 5089 3123 5145 venit.
3157 5085 3294 5141 Cum
3325 5095 3434 5151 quo
3467 5082 3621 5132 erant

2024 5189 2491 5246 excommunicati
2513 5187 2672 5243 istius
2697 5183 2870 5256 regni,
2895 5189 2948 5237 et
2979 5174 3246 5241 seditiosi,
3281 5171 3348 5226 de
3377 5183 3612 5243 quorum

2025 5265 2599 5336 excommunicatione
2637 5275 3085 5347 coepiscoporum
3139 5278 3365 5320 suorum
3413 5259 3624 5315 litteras

2026 5367 2279 5441 accepit:
2314 5375 2367 5423 et
2413 5368 2606 5422 missas
2656 5362 2903 5437 publicas
2950 5356 3105 5412 fratri
3157 5369 3298 5420 meo,
3331 5365 3458 5408 cum
3515 5362 3625 5419 quo

1942 5473 1992 5532 1)
2019 5461 2125 5534 ipsi
2156 5458 2404 5517 seditiosi
2434 5464 2610 5526 erant,
2644 5456 2703 5511 in
2733 5451 2936 5526 palatio
2973 5462 3094 5503 meo
3120 5442 3422 5510 Altiniaco,
3455 5447 3510 5497 et
3537 5452 3627 5511 pa-

395 5582 417 5618 ³
453 5583 691 5651 Olitana,
727 5583 781 5640 id
813 5592 892 5641 est
922 5584 1056 5640 olim
1089 5591 1252 5658 atque
1280 5583 1590 5657 antiquitus
1622 5591 1859 5657 recepta,
1892 5599 2004 5640 non
2037 5581 2242 5641 abolita
2273 5589 2367 5639 aut
2400 5581 2637 5637 exoleta.
