4070 6184
450 170 577 251 ’8υ9

1440 186 1859 245 ADREVALDI
1900 186 2404 246 FLORIACENSIS
2444 189 2788 248 MONACHI.

3663 189 3776 249 900

476 340 669 399 rochia
692 348 747 396 et
773 338 1059 413 provincia
1086 337 1312 395 alterius
1339 338 1739 412 archiepiscopi
1759 339 1941 396 ﬁdelis
1969 355 2067 396 no-
2096 349 2148 407 Α
2177 351 2394 400 constat
2423 344 2571 417 quod
2591 345 2650 401 in
2683 345 2841 418 plebe
2869 346 3031 403 istius
3052 348 3204 419 regni
3232 346 3372 401 mihi
3401 362 3433 401 a
3451 347 3569 402 Deo
3586 346 3781 402 collati

475 433 597 502 stri,
634 432 751 489 sine
792 447 888 487 sua
916 430 1162 499 licentia,
1195 446 1258 487 ac
1286 431 1738 504 coepiscoporum
1767 448 2060 503 consensu,

476 522 699 579 Wenilo
712 519 1203 577 excommunicatis
1217 521 1305 576 vel
1321 520 1927 578 excommunicatorum
1944 538 2063 595 par-

476 609 739 683 ticipibus
771 609 1088 667 celebravit.
1110 611 1181 666 Et
1202 610 1259 666 in
1289 626 1354 667 eo
1382 612 1622 668 concilio
1649 619 1811 685 atque
1831 612 2066 669 consilio

477 702 604 770 fuit,
628 717 736 773 quo
758 717 928 774 nepos
957 717 1111 757 meus
1133 700 1426 758 Lotharius
1454 719 1550 775 per
1581 702 1883 770 mendacia,
1899 718 2065 775 quan-

478 799 595 847 tum
626 807 695 847 ex
723 790 1103 848 seductoribus
1128 792 1262 859 suis,
1295 791 1692 864 subriperetur,
1735 798 1788 846 et
1813 791 2059 847 debitum

476 897 540 936 ac
568 888 908 937 sacramento
938 881 1271 952 promissum
1305 881 1587 949 solatium,
1636 889 1799 952 atque
1838 879 2068 952 adjuto-

474 970 621 1027 rium
642 987 712 1027 ex
739 971 837 1027 illo
867 970 1007 1027 mihi
1032 969 1438 1027 subtraherent.

1191 1070 1340 1129 VIII.

549 1160 834 1217 Prmdictis
877 1159 1243 1216 nihilominus
1274 1157 1458 1214 fratris
1487 1158 1594 1214 mei
1630 1158 1986 1227 consiliariis,
2009 1164 2067 1214 et

476 1251 717 1325 publicis
737 1269 799 1309 ac
827 1252 1050 1309 secretis
1079 1251 1421 1319 tractatibus,
1459 1253 1677 1309 Wenilo
1705 1270 1829 1309 cum
1851 1252 2071 1325 specia—

477 1340 628 1396 libus
658 1341 1047 1409 familiaribus,
1080 1348 1133 1398 et
1154 1341 1300 1396 inter
1330 1340 1538 1413 priores
1567 1339 1684 1411 ejus
1715 1339 2071 1395 familiariter

475 1447 600 1487 cum
632 1429 930 1502 episcOpali
947 1428 1181 1500 judicio,
1205 1438 1265 1486 ut
1285 1428 2067 1498 diximus,excommunicatis,

475 1533 529 1582 et
549 1524 765 1597 judicio
794 1524 947 1596 regni
979 1524 1317 1596 dijudicatis,
1335 1524 1590 1580 interfuit
1616 1541 1627 1579 :
1655 1534 1924 1595 quatenus
1952 1537 2070 1594 par-

473 1621 584 1670 tem
604 1612 777 1686 regni,
796 1629 957 1686 quam
980 1612 1124 1668 idem
1142 1612 1310 1668 frater
1332 1628 1504 1681 meus,
1524 1619 1577 1668 et
1594 1613 1819 1669 Wenilo
1834 1611 1968 1667 mihi
1983 1610 2069 1682 ju-

2175 446 2302 488 eum
2323 432 2579 490 studebat
2612 435 2793 493 colere
2823 441 2877 492 et
2906 434 3180 507 satagebat
3213 442 3417 491 tenere.

2256 622 2482 679 Wenilo
2511 622 2569 678 in
2599 636 2664 676 eo
2708 619 2943 677 consilio
2980 627 3035 675 et
3074 626 3315 677 tractatu
3356 636 3484 677 cum
3533 621 3781 693 prafatis

2177 712 2671 772 excommunicatis
2706 710 2832 777 fuit,
2883 709 2978 765 ubi
3022 709 3432 766 consideratum
3462 719 3547 767 est
3573 721 3778 784 quate-

2177 820 2282 860 nus
2306 804 2388 858 illi
2422 802 2675 857 homines
2712 799 2809 871 qui
2842 798 2980 854 mihi
3012 797 3203 854 ﬁdeles
3230 805 3388 853 erant
3425 806 3481 854 et
3510 798 3651 853 mihi
3681 815 3781 854 sa—

2176 901 2456 950 cramento
2521 890 2846 948 ﬁdelitatem
2894 889 3279 961 promiserant,
3326 889 3444 944 sive
3493 890 3779 957 nolentes,

2177 984 2292 1039 sive
2311 984 2558 1039 volentes
2589 979 2747 1037 fratri
2777 995 2896 1035 meo
2910 977 3197 1034 Ludovico
3217 976 3492 1049 jurarent,
3526 987 3587 1033 ut
3613 978 3665 1034 ei
3687 978 3783 1034 ad-

2172 1070 2441 1144 jutorium
2472 1071 2697 1139 ferrent,
2727 1069 2965 1142 qualiter
2995 1084 3223 1139 regnum
3256 1084 3442 1123 meum
3468 1074 3660 1124 contra
3693 1084 3785 1124 me

2178 1162 2427 1218 obtinere
2449 1159 2733 1233 potuisset,
2764 1165 2817 1213 et
2844 1174 2957 1213 non
2980 1158 3160 1214 solum
3182 1155 3418 1214 consilio
3446 1156 3667 1212 Wenilo
3697 1157 3784 1212 in-

2183 1251 2393 1320 terfuit,
2425 1250 2519 1306 sed
2557 1257 2611 1304 et
2641 1247 2756 1321 ipse
2795 1247 2902 1304 hoc
2932 1248 3079 1304 idem
3119 1247 3423 1304 consilium
3465 1246 3620 1302 fratri
3659 1263 3783 1303 meo

2180 1339 2462 1397 Ludovico
2490 1346 2681 1395 contra
2708 1354 2882 1393 meam
2907 1337 3257 1405 ﬁdelitatem,
3291 1352 3456 1409 quam
3489 1336 3628 1392 mihi
3659 1352 3783 1409 pro-

2180 1431 2333 1487 misit
2359 1437 2720 1497 sacramento,
2752 1428 2999 1485 donavit.

2253 1619 2477 1677 Wenilo
2509 1635 2606 1691 per
2628 1634 2685 1675 se
2713 1626 2766 1675 et
2796 1634 2892 1691 per
2921 1528 3225 1674 figliiliares
3258 1633 3409 1687 suos,
3432 1613 3781 1690 supradictas

474 1712 751 1773 raverant,
775 1711 829 1760 et
849 1702 905 1758 in
928 1703 1268 1776 quaWenilo
1291 1719 1377 1758 me
1398 1719 1579 1775 regem
1603 1709 2073 1772 sacraverat,sa:pc

2176 1708 2388 1765 scilicet
2414 1707 2922 1766 excommunicatos
2942 1752 2957 1777 ,
3001 1707 3147 1781 apud
3178 1708 3403 1764 fratrem
3449 1724 3635 1764 meum
3667 1705 3783 1761 Lu-

473 1793 619 1852 fatus
659 1795 830 1850 frater
855 1808 1010 1848 meus
1037 1791 1331 1860 obtineret,
1371 1798 1425 1848 et
1453 1807 1551 1865 ego
1579 1791 1734 1847 illam
1761 1790 2063 1864 perderem.

544 1980 768 2037 Wenilo
798 1979 857 2034 in
878 1994 943 2035 eo
966 1977 1201 2035 consilio
1220 1987 1274 2034 et
1296 1983 1531 2033 tractatu
1556 1976 1684 2045 fuit,
1708 1982 1771 2032 ut
1801 1974 2061 2048 episcopi,

473 2071 568 2146 qui
600 2071 739 2139 mihi
772 2070 901 2126 ﬁdei
943 2069 1224 2143 promissae
1264 2069 1541 2126 debitores
1570 2077 1746 2138 erant,
1780 2076 1835 2126 et
1866 2067 2065 2125 consi-

471 2161 607 2218 lium
652 2167 814 2233 atque
861 2158 1135 2215 auxilium
1188 2175 1354 2215 manu
1403 2158 1627 2231 propria
1665 2157 2061 2215 conﬁrmatum

471 2250 612 2305 ferre
642 2248 962 2315 debuerant,
995 2246 1311 2315 deﬁcerent,
1351 2256 1405 2303 et
1434 2248 1500 2303 ad
1528 2248 1714 2304 fratris
1747 2246 1854 2303 mei
1882 2246 2065 2303 Ludo—

470 2338 584 2396 vici
612 2337 938 2411 obsequium
969 2343 1023 2392 et
1047 2336 1420 2393 subditionem
1449 2353 1506 2393 se
1534 2343 1831 2393 verterent.

540 2527 619 2583 De
646 2524 864 2582 abbatia
892 2533 1093 2582 sanctae
1123 2525 1425 2594 Columbae,
1450 2532 1503 2582 et
1527 2524 1691 2582 rebus
1712 2524 1799 2581 vel
1828 2522 2068 2580 honori-

470 2616 573 2673 bus
601 2616 750 2688 regni
786 2617 913 2684 mei,
938 2616 1083 2688 apud
1104 2616 1450 2673 Ludovicum
1474 2617 1702 2673 fratrem
1725 2632 1904 2671 meum
1930 2630 2063 2686 prte-

470 2711 687 2775 ceptum
715 2702 978 2771 obtinuit,
1002 2710 1055 2758 et
1086 2703 1294 2758 litteras
1320 2703 1388 2758 ad
1420 2704 1633 2772 missos,
1677 2720 1785 2776 quo
1821 2702 2068 2759 eamdem

470 2793 747 2849 abbatiam
772 2801 1111 2861 revocarent,
1132 2792 1447 2850 Echardum
1474 2802 1526 2849 et
1546 2793 1951 2849 Theodoricum
1970 2793 2068 2848 im-

473 2880 730 2953 petravit.
767 2880 872 2935 Sed
902 2881 958 2935 in
989 2880 1193 2935 eisdem
1235 2881 1433 2936 litteris
1463 2883 1530 2938 ad
1560 2884 1817 2955 praefatos
1850 2884 2065 2951 missos,

465 2968 772 3041 jussionem
801 2967 988 3024 fratris
1039 2968 1145 3023 mei
1178 2967 1444 3024 Ludovici
1480 2970 1705 3025 Wenilo
1735 2971 1979 3026 obtinuit
2008 2978 2070 3026 ut

2177 1798 2438 1855 dovicum
2460 1796 2704 1853 obtinuit
2724 1804 2787 1853 ut
2816 1813 3016 1855 vacans
3040 1798 3408 1871 episcopatus,
3440 1796 3784 1869 Bajocacen-

2175 1888 2256 1945 cis
2302 1887 2516 1943 scilicet
2561 1886 2829 1955 civitatis,
2875 1887 3187 1961 propinquo
3230 1904 3353 1957 suo,
3406 1887 3612 1943 clerico
3642 1902 3780 1952 meo,

2175 1976 2400 2032 nomine
2421 1975 2708 2044 Tortoldo,
2744 1976 2839 2048 qui
2863 1977 3000 2032 mihi
3024 1993 3081 2033 se
3109 1976 3544 2043 commendavit,
3568 1984 3624 2032 et
3642 1975 3784 2031 ﬁde-

2176 2065 2388 2132 litatem
2419 2072 2761 2122 sacramento
2811 2066 3087 2138 promisit,
3119 2066 3456 2123 donaretur:
3492 2062 3593 2138 qui
3622 2080 3782 2120 eum-

2174 2153 2298 2210 dem
2331 2154 2707 2226 episcopatum
2738 2154 2797 2209 in
2823 2170 2943 2210 mea
2967 2154 3321 2224 infidelitate,
3352 2164 3409 2211 et
3431 2164 3627 2212 contra
3658 2155 3780 2213 ﬁde-

2176 2226 2385 2300 litatem
2418 2243 2558 2299 mihi
2591 2243 2939 2317 promissam,
2972 2261 3245 2303 consensu
3292 2246 3571 2304 Ludovici
3601 2247 3782 2305 fratris

2175 2335 2285 2393 mei
2316 2336 2550 2409 accepit.

2247 2523 2490 2581 Tandem
2521 2530 2818 2596 postquam
2868 2524 3012 2580 mihi
3047 2527 3193 2582 Deus
3233 2524 3380 2584 vires
3423 2526 3779 2601 recuperandi

2178 2613 2307 2682 mei,
2332 2630 2428 2686 per
2456 2612 2717 2669 solarium
2753 2613 3002 2669 fidelium
3031 2631 3300 2686 meorum,
3336 2625 3531 2673 contra
3562 2619 3775 2674 fratrem

2178 2718 2364 2757 meum
2391 2701 2642 2769 donavit,
2668 2702 2883 2774 perrexi
2915 2720 3082 2775 prope
3104 2703 3170 2759 de
3198 2704 3427 2762 civitate
3444 2707 3771 2771 Wenilouis,

2178 2792 2272 2865 qui
2302 2808 2393 2847 me
2431 2799 2624 2848 contra
2655 2792 2876 2847 fratrem
2911 2808 3093 2847 meum
3124 2792 3189 2848 ad
3222 2795 3661 2866 recuperandum
3687 2813 3773 2852 re-

2179 2897 2361 2954 gnum-
2386 2895 2569 2935 meum
2610 2895 2833 2952 pergere
2861 2880 3046 2949 scivit,
3095 2889 3149 2937 et
3181 2884 3395 2939 nullum
3440 2884 3769 2957 adjutorium

2178 2971 2262 3025 vel
2296 2985 2391 3041 per
2419 2984 2496 3038 se,
2530 2968 2800 3041 promisso
2831 2984 2893 3024 ac
2937 2968 3247 3042 subscripta
3274 2972 3537 3041 consilio,
3570 2975 3657 3030 vel
3687 2991 3772 3047 per

470 3058 539 3115 de
568 3074 727 3114 muro
760 3059 970 3114 castelli
993 3056 1297 3126 Meloduni,
1321 3058 1466 3131 quod
1483 3058 1575 3131 jus
1604 3059 1765 3132 regiae
1798 3068 1879 3117 est
1909 3069 2057 3132 pote-
2089 3063 2132 3123 C
2166 3058 2445 3126 militiam,
2478 3073 2598 3129 quae
2627 3073 2696 3112 ex
2725 3057 2972 3113 Ecclesia
2991 3057 3097 3114 sibi
3117 3059 3412 3119 commissa
3434 3062 3577 3119 solet
3603 3062 3769 3130 exire,

469 3147 648 3218 statis,
682 3154 862 3222 petras
905 3146 1169 3204 baberent
1206 3146 1486 3205 licentiam
1517 3147 1872 3221 prehendere.
1913 3148 2069 3207 Unde

2176 3146 2512 3220 adjutorium
2541 3146 2766 3219 aliquod
2792 3147 3067 3218 praestitit.

1178 3308 1357 3333 “‘".‘“,"."'
1369 3308 1439 3333 '1‘”
1449 3309 1797 3323 """""’""""“""

1540 3330 1547 3333 ν
1592 3330 1595 3333 ν
1632 3330 1655 3335 _
1676 3329 1741 3334 ﬂ...
1762 3328 2022 3335 .._.....-_.__.
2922 3327 2945 3333 -
3052 3329 3104 3335 ..ι
3136 3329 3281 3336 ._._-__.
3384 3332 3713 3341 -..Μ-...ς

1667 3480 1844 3529 ANNO
1885 3476 2107 3529 DOMINI
2150 3476 2573 3530 DCCCLXXVIII.

1340 3650 2907 3828 ADREVALDUS

1642 3912 2145 3973 FLORIACENSIS
2171 3915 2577 3975 MONACHUS.
2608 3942 2614 3948 ·

1184 4152 1541 4228 ΝΟΤΙΤΙΑ
1629 4153 2110 4230 HISTORICA
2197 4157 2290 4232 IN
2383 4159 3029 4236 ADREVALDUM.

1396 4304 1583 4378 (Apud
1610 4303 1947 4374 Fabricium,
1979 4306 2246 4365 Bibliotb.
2279 4308 2422 4366 med.
2464 4318 2518 4368 et
2546 4309 2649 4367 inf.
2681 4308 2831 4383 Lat.)

1886 4446 2308 4464 -ι-ᾕ-

530 4554 926 4636 Annavuous,
968 4554 1180 4639 ordinis
1208 4554 1551 4639 Benedictini
1580 4556 1888 4639 monachus
1913 4557 2050 4639 Elo-
2079 4563 2127 4623 D
2162 4558 2226 4616 A.
2356 4559 2494 4639 1002i
2520 4580 2532 4629 ;
2568 4571 2827 4639 quartum
2861 4565 3193 4639 Angnymus
3223 4566 3540 4639 composuit
3570 4565 3758 4625 Obvia:

456 4624 741 4701 riacensis,
774 4642 954 4701 quem
1014 4626 1279 4701 Ludovici
1328 4628 1412 4701 Pii
1456 4629 1797 4701 temporibus
1834 4629 2048 4686 vixisse

498 4696 655 4769 robat
686 4696 982 4769 Ruinartus
1037 4698 1093 4769 in
1131 4699 1400 4769 Apologia
1438 4696 1717 4755 missionis
1756 4700 1810 4755 S.
1845 4700 2042 4769 Mauri,

507 4766 666 4841 allice
688 4767 1104 4841 edita,Apag.p52
1144 4766 1292 4841 seqq.
1319 4766 1559 4825 Historia
1589 4772 1957 4826 translationis
1988 4766 2044 4828 S'.

454 4837 727 4892 Benedicti
755 4844 803 4891 et
845 4839 899 4893 S.
936 4837 1285 4907 Scholasticis,
1316 4841 1374 4895 in
1396 4841 1621 4896 Joannis
1667 4858 1699 4896 a
1744 4842 1914 4897 Bosco
1945 4843 2048 4897 Bi-

453 4907 743 4983 bliotheca
762 4908 1123 4983 Floriaoensi,
1150 4910 1323 4983 Raris,
1360 4911 1516 4980 1605,
1569 4911 1694 4983 in-8
1728 4928 1868 4983 ,pag.
1903 4914 1952 4980 1,
1994 4920 2050 4968 et

454 4978 513 5034 in
537 4978 691 5035 Actis
714 4980 1039 5036 Sanctorum
1068 4980 1131 5035 2i
1165 4981 1369 5050 Martii,
1401 4990 1454 5036 et
1487 4978 1540 5037 in
1588 4978 1893 5037 Mabillonii
1923 4978 2046 5040 szec.

453 5066 514 5125 ir.
548 5050 812 5125 Actorum
842 5050 1210 5125 Benedictin.,
1244 5069 1372 5125 pag.
1393 5053 1515 5109 253.
1548 5054 1797 5109 Historia:
1824 5055 2050 5111 miracu-

455 5121 629 5176 lorum
657 5124 711 5179 S.
744 5123 1032 5192 Benedicti,
1067 5121 1269 5179 librum
1296 5121 1532 5194 primum
1564 5124 1655 5180 hic
1682 5125 2047 5194 Adrevaldus;

452 5194 809 5316 ﬁpendicem
857 5194 927 5251 ad
975 5211 1121 5264 eum,
1156 5194 1465 5264 Adelerius,
1518 5196 1819 5252 monachus
1857 5196 2051 5253 itidem

520 5264 842 5316 oriacensis:
874 5265 1075 5316 librum
1098 5267 1395 5316 secundum
1419 5275 1472 5316 et
1491 5269 1713 5316 tertium
1740 5269 2047 5316 Aimnimm-

520 5265 843 5335 oriacensis;
874 5265 1076 5322 librum
1098 5267 1397 5325 secundum
1419 5275 1472 5324 et
1491 5269 1715 5325 tertium
1737 5269 2049 5339 Aimoinus,

2155 4631 2298 4710 apud
2329 4631 2873 4710 eumdem'Joannem
2895 4631 3146 4710 a‘Bo'sco,
3176 4654 3299 4710 pag.
3327 4631 3415 4704 1'3,
3433 4647 3489 4695 et
3518 4640 3576 4694 in
3607 4641 3757 4696 Actis

2157 4703 2500 4782 §anctoru_rn,
2528 4703 3476 4782 e_t_apud_Mabillionium'saiculi’n,
3511 4726 3633 4782 pag.
3655 4711 3744 4777 67,

2155 4773 2225 4829 80
2272 4782 2326 4829 et
2377 4775 2499 4852 3_69.
2532 4773 2700 4852 Liber:
2731 4778 2794 4832 de
2838 4795 3057 4852 corpore
3104 4785 3152 4835 et
3205 4773 3471 4852 sanguine.
3512 4773 3752 4848 mmini,

2157 4852 2343 4925 contra
2377 4846 2634 4925 Joannem
2664 4846 3181 4925 Scotum,_vul_gatus
3223 4869 3253 4907 a
3279 4846 3574 4919 Dacherio,
3602 4846 3751 4925 torno

2312 4915 2614 4996 S_picilegii_,
2653 4926 2707 4996 et
2726 4915 2927 4996 _ton_1.l_
2943 4915 3204 4996 editionis
3234 4939 3416 4992 novae,
3471 4915 3592 4996 pag.
3629 4922 3751 4996 150,

2167 4986 2384 5066 Vita-§_._
2404 4986 2629 5066 Aigulﬁ,
2654 4990 2856 5066 abbatis
2892 4992 3191 5066 Lem'nensis
3220 5001 3267 5066 et
3286 4986 3571 5066 martyris:
3586 4994 3752 5050 occisi

2159 5058 2804 5146 an.1675,_sine;n_omine
2836 5064 3077 5146 auctoris
3103 5065 3248 5146 apud
3301 5058 3582 5146 sarium?
3612 5066 3751 5137 Sep-

2159 5129 2353 5211 temb,
2384 5139 2438 5186 et
2472 5132 2962 5211 restitutaauctori
3001 5151 3100 5191 suo
3135 5129 3510 5211 integriorque
3549 5137 3608 5193 in
3628 5129 3746 5193 sic.

2162 5217 2226 5258 ιι.
2253 5203 2519 5259 Actorum
2539 5202 3048 5277 Benedictinorum,
3080 5222 3202 5280 pag.
3230 5202 3357 5265 6'56.

1551 5515 2637 5573 ww
