4070 6178
259 186 366 242 901

1319 180 1413 238 DE
1451 178 1989 238 TBANSLATIONE
2027 180 2083 237 S.
2126 177 2530 236 BENEDICTI.

3467 176 3573 238 902

555 493 1111 611 HISTORIA
1169 490 2099 608 TBANSLATIONIS
2154 490 2567 607 SANGTI
2633 487 3280 603 BENEDIGTI

1229 693 1594 757 AUCTORE
1654 650 2119 755 ADREVALDO
2182 688 2588 753 MONACIIO.

261 850 453 948 (Apud
472 847 714 914 Mabill.,
728 848 867 904 Acta
888 846 979 904 SS.
1006 845 1217 902 ordinis
1237 844 1293 901 S.
1315 844 1519 901 Bened.
1544 853 1675 902 tom.
1700 842 1843 933 II,ex
1865 841 2091 898 Joannis
2102 842 2284 899 Boscii
2300 840 2645 900 Bibliotheca
2664 839 3020 928 Floriacensi,
3041 838 3311 896 Bollando
3331 847 3387 895 et
3410 840 3568 908 mss.)

1699 1002 2114 1013 .________—.——

599 1122 939 1197 Langobardi
986 1122 1265 1181 Cassinum
1285 1131 1512 1181 vastant.

334 1238 384 1294 1.
419 1237 559 1295 Cum
586 1234 685 1291 diu
714 1250 845 1306 gens
872 1231 1354 1305 Langobardorum
1385 1232 1729 1290 inﬁdelitatis
1752 1250 1863 1289 suae

261 1333 505 1392 tenebris
535 1347 719 1388 carere
772 1329 1061 1397 noluisset,
1111 1336 1165 1385 et
1206 1327 1402 1402 jugum
1448 1328 1670 1384 Domini
1722 1329 1863 1387 ferre

259 1426 574 1483 detrectans
612 1437 705 1477 eos
729 1419 825 1492 qui
871 1418 1119 1474 ferebant
1158 1419 1482 1492 impugnare
1511 1419 1860 1489 decrevisset,

258 1515 481 1574 Italiam
508 1512 663 1569 venit
682 1509 926 1566 nominis
955 1508 1259 1566 Christiani
1301 1509 1473 1582 gratia
1501 1508 1862 1582 impugnandi

264 1617 324 1665 et
354 1622 454 1663 suo
483 1621 602 1661 eam
629 1602 873 1659 dominio
893 1600 1245 1674 subjugandi,
1270 1600 1430 1673 cujus
1454 1601 1663 1658 incolas
1679 1602 1861 1659 occul-

264 1703 390 1753 tum
419 1693 518 1751 Dei
541 1691 814 1764 judicium
844 1690 963 1763 ejus
991 1690 1241 1747 mucroni
1290 1691 1522 1747 tradidit
1566 1690 1858 1747 feriendos.

263 1786 403 1854 Qum
431 1799 562 1855 gens
590 1783 747 1853 longe
776 1782 992 1854 lateque
1013 1797 1130 1838 suae
1150 1779 1317 1837 caedis
1345 1779 1649 1837 extendens
1674 1779 1863 1837 crude-

252 1874 497 1941 litatem,
528 1872 972 1929 Beneventanam
1001 1886 1249 1943 aggressa
1282 1878 1363 1927 est
1385 1885 1701 1942 expugnare
1742 1886 1864 1943 pro-

254 1963 522 2031 vinciam,
553 1961 714 2033 cujus
764 1960 929 2018 urbes
974 1968 1131 2017 terra:
1176 1976 1485 2033 coaequans,
1535 1959 1864 2015 monasteria

255 2054 528 2124 villasque
555 2051 917 2124 depopulans,
949 2066 1063 2108 non
1114 2049 1376 2105 minimas
1421 2049 1863 2107 Christianorum

255 2149 463 2213 strages
489 2140 663 2197 dedit.
699 2141 842 2197 Oves
867 2141 1016 2197 enim
1044 2139 1361 2196 Dominicas
1390 2137 1458 2194 ab
1487 2137 1729 2193 ovilibus
1758 2153 1866 2192 ex—

256 2234 445 2292 clusae
472 2232 693 2289 diversa
723 2232 874 2289 crede
900 2233 1144 2289 lacerans
1170 2231 1342 2287 ovilia
1384 2229 1608 2287 Domini
1654 2236 1863 2286 everte-

253 2320 375 2390 bat,
415 2321 491 2378 ita
520 2327 582 2377 ut
613 2322 670 2376 in
701 2319 869 2378 eremi
898 2326 1211 2377 vastitatem
1246 2320 1362 2376 loca
1394 2318 1547 2391 prius
1575 2316 1865 2373 desidera-

250 2411 398 2467 bilia
424 2428 691 2469 conversa
716 2411 1056 2468 viderentur.
1090 2408 1247 2466 Unde
1293 2408 1439 2464 inter
1479 2414 1676 2464 cratera
1719 2406 1865 2462 faci—

251 2518 398 2559 nora
448 2518 546 2558 sua
587 2500 980 2558 monasterium
1033 2507 1055 2535 ι
1109 2497 1303 2554 eximii
1353 2497 1530 2553 Patris
1585 2495 1867 2552 Benedicti
1898 2505 1943 2564 Β

250 2594 619 2665 depopulans,
669 2592 845 2649 rebus
888 2589 1148 2649 omnibus
1191 2587 1554 2645 inhabitabile
1600 2585 1859 2643 reddidit.

250 2681 420 2749 Quod
470 2682 749 2754 quomodo
804 2681 1120 2752 contigerit,
1154 2677 1352 2750 legenti
1386 2678 1450 2733 B.
1485 2676 1731 2749 Gregorii
1770 2691 1867 2731 se-

254 2772 513 2830 cundum
539 2772 893 2843 Dialogorum
925 2769 1129 2824 librum
1160 2768 1371 2823 clarum
1397 2774 1475 2822 est
1508 2784 1520 2822 :
1554 2766 1647 2838 qui
1679 2765 1865 2821 omnia

251 2860 431 2935 hujus
460 2861 795 2918 sanctissimi
825 2859 933 2916 viri
963 2874 1131 2931 opera
1158 2858 1306 2914 claro
1335 2857 1481 2928 stylo
1518 2863 1857 2928 persecutus,

253 2952 414 3008 inter
440 2960 635 3008 caetera
665 2958 854 3006 narrat
878 2934 1027 3004 ‘eum
1071 2945 1374 3019 prOphetiae
1412 2944 1613 3016 spiritu
1653 2961 1865 3016 cogno-

250 3046 409 3103 visse
449 3052 612 3117 atque
662 3040 1086 3115 praenuntiasse,
1144 3036 1345 3093 ablatis
1390 3034 1555 3093 rebus
1606 3037 1865 3093 omnibus

251 3134 410 3192 idem
445 3132 841 3190 monasterium
869 3146 1122 3187 eversum
1153 3128 1241 3185 iri.

258 3286 568 3347 Chlodoveo
628 3285 835 3358 favente
906 3283 1236 3411 Leodegoélus
1284 3282 1525 3339 Floriaci
1570 3279 1856 3337 cwnobium

972 3374 1063 3411 con
1108 3374 1126 3410 ι
1156 3397 1169 3411 .

972 3374 1169 3412 condat.

331 3479 389 3536 2.
432 3478 547 3535 Hac
575 3478 760 3551 itaque
791 3480 1003 3549 patrata
1038 3470 1321 3528 eversione
1337 3478 1390 3526 et
1410 3469 1600 3525 multis
1629 3468 1867 3524 eﬂlnen-

256 3570 414 3627 tibus
440 3584 711 3624 annorum
751 3563 1064 3632 curriculis,
1118 3562 1264 3618 idem
1310 3560 1463 3616 locus
1511 3559 1578 3615 ad
1620 3571 1864 3614 eremum

255 3658 521 3716 redactus
554 3658 720 3728 οωρῆ
742 3672 854 3713 esse
878 3654 1137 3723 ferarum,
1173 3650 1267 3725 qui
1296 3650 1451 3723 prius
1480 3649 1657 3705 fuerat
1703 3646 1863 3703 habi-

254 3748 401 3806 tatio
432 3746 745 3815 hominum,
768 3760 1050 3818 usquequo
1070 3742 1222 3816 regni
1244 3737 1863 3810 Francorumfguberna-

1890 1129 1939 1187 A
1973 1133 2123 1182 ctum
2151 1131 2232 1180 est
2258 1123 2523 1196 praedium
2554 1122 2906 1193 (Attiniacum
2934 1121 3006 1176 ad
3043 1121 3339 1193 Axonam),
3373 1128 3427 1176 et
3453 1136 3577 1193 rege

1971 1216 2287 1289 supradicto
2321 1214 2600 1285 reciproca
2649 1212 3032 1269 vicissitudine
3088 1227 3187 1283 pro
3227 1227 3291 1267 eo
3337 1212 3574 1282 agellum

1973 1305 2264 1379 quemdam
2294 1304 2605 1361 Floriacum
2639 1302 3086 1374 cognominatum
3116 1318 3242 1357 cum
3296 1299 3577 1372 appendi—

1972 1396 2075 1454 ciis
2103 1396 2217 1452 suis
2246 1394 2392 1451 haud
2426 1395 2586 1465 longe
2616 1409 2647 1448 a
2675 1394 2859 1448 littore
2907 1392 3135 1464 Ligeris.
3187 1390 3346 1458 Quod
3392 1398 3572 1446 testa—

1974 1494 2220 1541 mentum
2243 1492 2449 1541 mutuaa
2466 1482 2871 1539 vicissitudinis
2888 1496 3060 1554 usque
3078 1478 3241 1536 hodie
3259 1479 3317 1534 in
3332 1477 3578 1535 archivis

1973 1573 2215 1648 publicis
2265 1572 2445 1629 nostri
2496 1577 2806 1628 reservatur
2872 1566 3212 1624 monasterii.
3256 1565 3574 1623 ‘Prredictus

1973 1670 2157 1719 autem
2211 1662 2301 1717 vir
2329 1661 2557 1718 Domini
2588 1658 2946 1716 Leodebodus
2975 1657 3082 1715 hoc
3108 1655 3329 1729 negotio
3357 1660 3577 1727 peracto

1972 1766 2316 1824 nequaquam
2352 1750 2561 1806 oblitus
2592 1766 2702 1805 suae
2731 1748 3157 1805 destinationem
3202 1742 3485 1811 desiderii,
3518 1742 3577 1798 in

1973 1841 2291 1913 supradicto
2320 1840 2498 1912 agello
2525 1839 2693 1911 coepit
2717 1836 2987 1893 aediﬁcare
3012 1834 3382 1891 habitationes
3402 1834 3573 1889 utiles

1973 1928 2276 1985 monachis.
2329 1928 2492 1995 Quod
2543 1944 2681 1999 opus
2737 1925 2917 1998 sagaci
2967 1924 3226 1980 insistens
3282 1922 3575 1988 industria,

1973 2017 2211 2073 miriﬁco
2239 2016 2650 2074 consummavit
2674 2015 2871 2070 effectu
2896 2032 2907 2068 :
2932 2012 3317 2083 aediﬁcansque
3338 2010 3416 2065 ibi
3436 2009 3578 2065 basi-

1974 2109 2135 2165 licam
2168 2108 2227 2164 in
2260 2106 2467 2163 honore
2494 2106 2548 2163 S.
2583 2104 2753 2172 Petri,
2793 2103 3037 2175 itemque
3068 2102 3231 2157 aliam
3263 2101 3321 2157 in
3369 2100 3580 2156 honore

1974 2195 2028 2251 S.
2062 2195 2246 2251 Maria:
2274 2194 2515 2250 Domino
2543 2192 2786 2249 dedicari
2822 2191 3019 2246 voluit.
3063 2191 3193 2246 Mox
3231 2190 3397 2245 etiam
3445 2196 3582 2245 tunc

1974 2291 2276 2358 praeparata
2305 2281 2573 2337 habitatio
2626 2289 2686 2335 ut
2734 2296 2802 2335 ne
2850 2278 3030 2333 inanis
3067 2286 3208 2334 esset
3254 2285 3417 2351 atque
3461 2278 3580 2333 sine

1975 2372 2398 2439 habitatoribus,
2445 2369 2665 2442 collegit
2710 2368 2914 2424 ibidem
2960 2368 3312 2440 quamplures
3358 2367 3426 2422 ad
3474 2368 3579 2421 Do-

1976 2464 2128 2520 mino
2157 2460 2511 2519 serviendum
2536 2459 2643 2535 sub
2672 2475 2866 2515 norma
2894 2458 3095 2530 regulas
3116 2457 3305 2512 vivere
3335 2464 3573 2528 paratos,

1972 2554 2298 2623 Patremque
2323 2557 2377 2608 et
2408 2549 2674 2606 Abbatem
2704 2547 2793 2603 his
2841 2546 3086 2619 praefecit
3127 2546 3353 2600 nomine
3399 2545 3574 2600 Mum-

1976 2644 2185 2699 molum
2216 2643 2264 2710 υ,
2293 2643 2386 2714 qui
2413 2638 2680 2714 quandiu,
2714 2636 2875 2693 rebus
2903 2634 3162 2691 humanis
3211 2631 3486 2701 interfuit,
3519 2640 3582 2688 ut

1973 2733 2205 2790 idoneus
2245 2738 2432 2805 pastor
2459 2729 2634 2802 gregis
2662 2726 2767 2784 sibi
2804 2725 3086 2784 commissi
3124 2722 3361 2781 sollicite
3391 2739 3580 2780 curam

1973 2824 2251 2882 exhibuit.

1973 2992 2227 3067 Aigulfus
2257 3012 2291 3050 a
2323 2985 3185 3067 Mummoloﬂqssinttminittitur
3227 3001 3333 3057 pro
3365 2986 3419 3042 S.
3460 2984 3575 3041 Be—

2533 3061 2727 3116 nedicii
2752 3060 3016 3129 reliquiis.

2043 3192 2095 3248 3.
2130 3190 2305 3262 Igitur
2333 3203 2458 3244 cum
2490 3199 2747 3257 processu
2768 3181 3032 3254 temporis
3060 3178 3449 3236 evolventibus
3478 3194 3571 3234 an-

1972 3288 2060 3343 nis
2098 3283 2449 3357 supradictus
2479 3277 2835 3337 Leodebodus
2855 3284 3384 3349 corporeexemptus
3407 3273 3583 3343 (sicut

1972 3371 2271 3440 credimus)
2305 3368 2525 3427 cmlicas
2578 3365 2890 3423 recessisset
2934 3361 3003 3418 ad
3053 3358 3226 3428 sedes,
3274 3357 3581 3430 jamdictus

1972 3462 2309 3521 Mummolus
2359 3459 2534 3531 gregis
2582 3454 2863 3513 commissi
2912 3450 3192 3510 custodias
3221 3450 3427 3523 optime
3472 3466 3580 3506 ser-

1973 3568 2109 3609 vans
2137 3557 2191 3606 et
2218 3548 2445 3606 lectioni
2484 3546 2700 3606 assidue
2725 3543 2970 3601 studium
3021 3539 3176 3608 dans,
3208 3538 3354 3595 inter
3382 3547 3581 3596 catera

1973 3641 2177 3715 reperit
2206 3640 2261 3695 in
2294 3638 2453 3695 libris
2513 3637 2660 3693 beati
2697 3651 2761 3692 ac
2789 3628 3285 3706 praecellentissimi
3313 3628 3422 3684 viri
3450 3629 3582 3685 Gre-

1975 3730 2115 3805 gorii
2145 3728 2381 3787 Romani
2426 3725 2711 3792 antistitis,
2769 3719 3045 3795 quomodo
3089 3725 3309 3775 sanctus
3354 3734 3419 3774 ac
3462 3719 3579 3773 Deo

254 3840 389 3897 cula
416 3837 649 3911 adeptus
677 3808 759 3892 est
786 3808 1315 3892 Chlodovens'ﬁlins
1342 3808 1656 3902 Dagoberti,
1681 3826 1774 3900 qui
1804 3833 1867 3881 ut
1894 3857 1944 3920 ρ
1972 3822 2207 3879 dilectus
2244 3818 2576 3875 Benedictus
2601 3813 2793 3888 agonis
2823 3812 2910 3909 sui
2941 3826 3164 3867 cursum
3179 3809 3254 3920 lin
3284 3808 3582 3907 Beneven-

256 3935 384 3986 erat
414 3926 507 3982 vir
534 3924 914 3983 nobilissimus
942 3938 1124 3978 rerum
1161 3919 1639 3976 administratione
1668 3915 1864 3988 publi-

254 4035 457 4078 carum
490 4017 632 4074 miro
660 4015 900 4073 callebat
926 4011 1164 4086 iogenio.
1196 4012 1330 4067 Item
1381 4010 1546 4064 etiam
1593 4023 1692 4062 rex
1736 4023 1862 4062 cum

259 4107 506 4182 egregiis
547 4106 776 4180 polleret
807 4102 1055 4161 moribus
1099 4099 1566 4174 petitionibusque
1608 4094 1772 4168 jnstis
1817 4101 1871 4149 et

263 4197 504 4254 servitio
532 4196 630 4253 Dei
655 4195 798 4268 aptis
847 4209 1123 4251 essensum
1157 4188 1445 4265 praeberet,
1495 4185 1874 4257 interpellatus

262 4294 351 4344 est
381 4304 414 4342 a
443 4285 605 4342 bona
642 4284 922 4340 memoriae
952 4282 1074 4337 viro
1097 4277 1424 4336 Leodebodo
1470 4276 1629 4331 Patre
1674 4288 1875 4329 mona-

262 4376 429 4434 sterii
460 4376 517 4432 S.
550 4373 776 4443 Aniani,
812 4372 959 4447 quod
986 4378 1067 4428 est
1095 4370 1261 4427 situm
1293 4383 1459 4441 prope
1494 4363 1698 4421 moenia
1726 4360 1878 4416 urbis

262 4466 609 4535 Aurelianus,
647 4474 709 4521 ut
731 4463 1123 4520 monasterium
1173 4456 1356 4517 ordini
1392 4454 1695 4511 monastico
1737 4467 1879 4507 con-

268 4572 478 4629 gruens
508 4554 612 4612 sibi
658 4555 849 4611 liceret
879 4562 1197 4611 construere
1240 4549 1299 4604 in
1345 4562 1475 4618 agro
1520 4540 1878 4608 Floriacensi,

269 4646 421 4704 datis
452 4664 554 4720 pro
581 4645 772 4703 eodem
796 4661 929 4717 agro
955 4644 1014 4700 in
1046 4648 1237 4698 mutua
1258 4634 1643 4695 vicissitudine
1663 4630 1885 4706 praediis

271 4752 404 4810 quae
435 4719 545 4794 sibi
577 4753 609 4792 a
638 4734 956 4809 parentibus
978 4731 1102 4804 jure
1133 4727 1480 4785 haereditario
1509 4725 1701 4781 relicta
1720 4719 1885 4795 possi-

271 4826 466 4885 debat.
502 4826 750 4899 Namque
776 4824 921 4880 idem
974 4837 1099 4894 ager
1140 4816 1507 4876 Floriacensis
1553 4813 1764 4872 scilicet
1808 4827 1887 4866 re-

271 4917 419 4991 galis
446 4924 584 4972 tunc
612 4914 777 4971 ﬁscus
813 4919 951 4969 erat.
986 4910 1198 4977 Quibus
1226 4906 1431 4964 auditis
1478 4921 1576 4960 rex
1627 4899 1892 4957 libentis—

270 4988 422 5063 Sime
455 5005 573 5078 ejus
597 5002 854 5077 precibus
880 4994 1111 5069 annuit,
1128 5007 1182 5055 et
1202 4995 1534 5054 desiderium
1565 4993 1716 5048 illius
1745 4988 1892 5063 quod

272 5094 382 5152 diu
413 5077 686 5151 dilatione
712 5100 958 5152 creverat
987 5087 1254 5163 compleri
1281 5084 1579 5158 judicavit.
1617 5081 1794 5152 Igitur
1822 5077 1892 5133 ab

272 5187 541 5260 utrisque
566 5185 818 5259 partibus
845 5189 1050 5239 mutuae
1067 5176 1528 5238 commutationes
1558 5172 1713 5228 facta;
1739 5175 1889 5260 sunt,

276 5258 598 5334 memorato
626 5274 822 5333 abbate
857 5272 1020 5330 dante
1049 5268 1197 5345 quod
1224 5284 1255 5324 a
1284 5262 1625 5341 genitoribus
1653 5260 1703 5315 ei
1751 5258 1893 5316 reli-

1979 3920 2107 3969 tana
2131 3908 2419 3983 provincia
2470 3901 2938 3964 consummaverit
2972 3916 2983 3954 :
3018 3897 3418 3969 recordansque
3448 3896 3579 3969 quia

1980 4001 2153 4057 isdem
2180 3997 2512 4055 venerabilis
2539 3996 2718 4063 Pater,
2750 3991 2977 4049 oraculo
3030 3987 3224 4045 divino
3267 3985 3585 4042 admonitus

1981 4088 2401 4163 praevidensque
2430 4086 2649 4140 futuros
2678 4098 2856 4149 casus,
2886 4075 3365 4152 praedixeritillud
3396 4091 3582 4131 mona-

1985 4179 2214 4239 sterium
2245 4174 2504 4231 funditus
2533 4170 2911 4235 avertendum,
2946 4175 3000 4221 et
3025 4165 3172 4237 quod
3202 4165 3298 4220 ille
3329 4165 3586 4235 spiritua-

1984 4266 2131 4323 libus
2160 4264 2357 4331 oculis,
2398 4262 2500 4317 iste
2527 4259 2704 4315 oculis
2732 4262 3006 4330 patratum
3039 4252 3250 4309 carneis
3282 4252 3588 4323 conspicie-

1985 4358 2099 4427 bat,
2139 4355 2291 4412 misit
2321 4353 2388 4410 ad
2427 4350 2746 4424 praedictam
2780 4344 3126 4420 provinciam
3149 4357 3322 4397 unum
3344 4356 3413 4396 ex
3442 4357 3589 4397 com-

1988 4444 2337 4503 militonibus
2366 4439 2591 4498 nomine
2623 4436 2911 4509 Aigulfum
2935 4431 3286 4488 monachum.
3311 4429 3402 4486 Sic
3420 4445 3591 4485 nam-

1993 4552 2097 4610 que
2123 4534 2228 4591 sibi
2260 4532 2428 4588 fuisse
2456 4527 2755 4585 revelatum
2783 4521 3057 4579 divinitus
3085 4518 3320 4586 dicebat,
3352 4526 3415 4573 ut
3442 4533 3590 4590 prae-

1993 4608 2178 4685 dictus
2206 4624 2294 4680 vir
2328 4622 2466 4678 illuc
2496 4618 2958 4692 pergens,corpus
2974 4611 3087 4684 jam
3108 4609 3242 4667 dicti
3264 4608 3589 4664 transferret

1994 4713 2300 4775 Benedicti.
2331 4710 2460 4767 Fuit
2495 4721 2731 4779 namque
2792 4704 2938 4761 idem
2968 4700 3224 4774 Aignlfus
3252 4696 3591 4756 venerabilis

1997 4808 2085 4864 vir
2109 4816 2162 4863 et
2190 4807 2304 4862 Deo
2334 4799 2655 4859 omnimodo
2683 4798 2894 4870 placere
2924 4796 3156 4868 gestiens
3192 4812 3202 4849 :
3238 4792 3331 4866 qui
3374 4798 3592 4865 quantae

1999 4896 2304 4956 sanctitatis
2332 4895 2501 4950 fuerit
2538 4889 2765 4962 cujusve
2795 4886 3040 4954 virtutis,
3074 4883 3199 4940 ﬁnis
3221 4882 3499 4956 probavit,
3533 4880 3591 4933 in

2001 5004 2109 5060 quo
2135 4986 2315 5042 omnis
2346 4985 2462 5039 laus
2490 4996 2679 5038 secure
2703 4978 2942 5035 canitur.
2972 4975 3218 5044 Namque
3258 4986 3383 5026 cum
3432 4967 3593 5023 bonis

2002 5056 2232 5149 polleret
2260 5072 2537 5144 operibus,
2570 5078 2625 5126 et
2655 5070 2714 5124 in
2742 5063 3078 5125 monasterio
3096 5058 3370 5116 Lirinensi
3400 5056 3471 5113 ob
3499 5056 3592 5112 bo-

2004 5145 2201 5220 norum
2251 5161 2496 5217 studium
2553 5174 2779 5231 operum
2853 5158 3130 5228 peteretur
3199 5145 3595 5219 aliquantisper

1998 5251 2237 5324 exempli
2267 5249 2439 5321 gratia
2481 5245 2766 5314 remorari,
2811 5261 2843 5299 a
2874 5238 3165 5301 contrariis
3208 5234 3465 5307 religioni
3513 5234 3594 5292 di-

364 5438 390 5465 ⁸
425 5429 579 5487 Hanc
603 5428 943 5485 eversionem
973 5426 1042 5484 ad
1069 5438 1273 5481 annum
1297 5420 1441 5479 circa
1469 5415 1574 5474 580
1604 5410 1897 5487 retulimus
1932 5422 1943 5426 ”
2000 5403 2287 5487 ῌιιτῃῐῃοιξ
2313 5401 2552 5487 elogium
2574 5386 3508 5487 intraadnapptlmfzgttlbiftiam
3527 5387 3597 5445 de

279 5504 351 5561 in
371 5502 527 5560 Vitae
556 5486 613 5557 s.
650 5502 709 5557 p.
741 5498 1023 5557 Benedicti
1053 5513 1172 5570 cap.
1205 5494 1295 5570 i7,
1327 5491 1513 5570 εωομι.
1545 5506 1561 5544 ι
1588 5486 1794 5570 Bened.

363 5554 407 5611 δ’
427 5554 929 5646 Ᾰίἰίῇίέδῐῐῐέῇιήῐὴ
957 5554 1261 5627 Μυωῖηοιο
1279 5554 1291 5563 ’
1308 5561 1625 5636 praeferunt.
1675 5558 1813 5629 Lege
1840 5554 1895 5612 S.

2003 5461 2328 5538 Leodebodo
2349 5461 2763 5529 et'monasterio
2789 5461 3123 5523 Floriacensi
3147 5478 3387 5536 agemus.
