4070 6178
201 282 312 342 905

201 454 311 494 nus
349 451 516 509 penes
543 451 646 491 nos
675 435 832 508 quasi
861 451 1004 492 nova
1030 435 1284 492 habetur.
1319 435 1533 503 Quibus
1568 437 1801 509 patratis
1827 440 1877 498 A

198 525 464 582 omnibus
492 524 796 596 improviso
833 523 1035 580 adsunt
1064 524 1220 592 socii,
1265 540 1403 596 quos
1431 541 1596 597 supra
1621 541 1801 581 sermo

199 613 396 670 retulit
435 628 468 666 a
511 611 873 668 Cinomanica
903 611 1038 667 urbe
1064 611 1359 684 profectos,
1401 620 1718 685 quaerentes
1748 620 1803 668 et

197 703 308 776 ipsi
341 718 452 758 non
475 700 705 774 quaesita
724 699 820 755 diu
841 683 1224 756 benedictione
1247 683 1517 757 frustrati.
1542 683 1802 774 Tuncque

199 793 446 866 primum
480 788 704 846 sibimet
735 796 927 845 mutuo
965 789 1266 862 patefecere
1295 790 1380 845 sui
1417 789 1634 846 itineris
1662 808 1804 846 cau-

200 900 342 951 sam,
374 881 506 955 quia
532 879 746 938 scilicet
767 887 823 934 et
842 879 945 952 ipsi
969 879 1302 936 revelatione
1322 879 1515 936 divina
1531 881 1804 938 admoniti

202 973 272 1029 ad
302 987 502 1044 corpus
532 969 594 1025 Β.
628 968 978 1026 Scholasticae
1009 969 1185 1026 ierant
1209 969 1566 1026 deferendum
1591 989 1602 1026 :
1634 988 1804 1028 mox-

203 1078 312 1135 que
339 1077 466 1117 cum
503 1059 855 1116 festinatione
891 1060 1268 1132 retrogradum
1313 1061 1419 1116 iter
1455 1059 1803 1132 arripientes,

207 1151 468 1209 festinato
497 1149 664 1205 simul
699 1148 909 1220 regredi
935 1150 1202 1205 curabant
1232 1158 1512 1222 portantes
1543 1165 1677 1222 quas
1708 1151 1806 1206 in-

208 1248 473 1299 venerant
499 1239 646 1296 dono
677 1237 871 1296 divino
897 1240 1325 1312 pretiosissimas
1354 1241 1694 1313 margaritas.

211 1398 256 1454 A
303 1395 536 1454 Romani
572 1391 838 1466 pontiﬁcis
884 1392 1203 1520 sateltlit-ibus
1246 1393 1380 1449 nube
1417 1393 1590 1452 media
1631 1400 1805 1467 prote-

901 1481 1003 1520 aun
1030 1481 1116 1520 ur.

900 1481 1116 1536 gunmr.

283 1595 338 1654 8.
383 1593 593 1668 Bajulis
636 1601 950 1650 sanctorum
981 1610 1272 1666 corporum
1319 1593 1606 1652 Benedicti
1653 1603 1708 1651 et
1749 1596 1804 1653 S.

214 1685 573 1744 Scholasticae
601 1682 798 1741 sororis
819 1681 936 1754 ejus
965 1684 1218 1740 celeriter
1237 1683 1652 1757 repedantibus,
1670 1685 1808 1758 jam-

215 1791 328 1849 que
348 1791 472 1831 oras
495 1774 684 1830 finium
713 1790 934 1830 suarum
957 1773 1377 1846 attingentibus,
1401 1791 1514 1831 vox
1535 1776 1645 1831 alta
1664 1774 1806 1830 divi-
1837 1797 1884 1856 B

215 1865 372 1922 nitus
397 1881 492 1938 per
513 1864 621 1919 alta
649 1862 870 1920 silentia
896 1864 1075 1921 noctis
1100 1864 1494 1936 prohibuiteos
1525 1882 1704 1921 moras
1724 1865 1806 1922 in-

211 1964 433 2013 nectere
463 1955 518 2010 in
548 1954 748 2010 eundo.
777 1954 982 2010 Eadem
1007 1954 1142 2010 hora
1163 1972 1354 2027 papam
1384 1957 1688 2012 Romanum
1714 1972 1809 2028 per

209 2045 488 2102 visionem
536 2044 760 2118 quidam
807 2045 1066 2101 assistens
1112 2045 1245 2100 talia
1286 2045 1616 2117 compellare
1658 2045 1810 2100 visus

210 2143 328 2191 est:
373 2134 484 2192 Cur
523 2141 575 2190 te
617 2135 770 2207 piger
795 2150 1024 2190 somnus
1053 2133 1394 2206 temporibus
1424 2133 1623 2206 pressis
1651 2140 1810 2205 negat

210 2224 480 2282 stratibus
509 2225 718 2280 relictis
747 2224 1052 2282 custodiam
1082 2231 1188 2280 tum
1220 2223 1422 2280 habere
1462 2223 1761 2295 provinciae
1784 2224 1812 2279 ‘I

209 2324 448 2390 etquare
461 2315 708 2372 dimissis
735 2315 973 2388 publicis
994 2314 1352 2382 utilitatibus,
1372 2314 1612 2387 propriis
1629 2314 1810 2386 impli-

209 2407 406 2463 caris?
435 2423 674 2479 namque
712 2414 774 2462 ut
809 2405 935 2462 dico
971 2406 1119 2478 quod
1158 2407 1337 2477 palam
1373 2407 1445 2461 sit
1477 2404 1718 2472 noveris,
1765 2413 1813 2460 te

210 2510 542 2566 magnorum
573 2495 819 2551 virorum
844 2494 1168 2568 patrociniis
1187 2510 1372 2551 carere
1397 2493 1684 2551 Benedicti
1711 2494 1814 2549 sci-

209 2585 347 2642 licet
360 2593 522 2659 atque
537 2585 891 2643 Scholasticaa
911 2585 1116 2642 sororis
1147 2584 1285 2656 ejus,
1318 2601 1551 2657 quorum
1587 2599 1814 2655 corpora

207 2675 440 2749 quidam
471 2692 503 2731 a
533 2677 723 2732 Galliae
753 2675 865 2731 oris
903 2675 1012 2732 huc
1039 2675 1416 2742 adventantes,
1450 2673 1584 2730 illuc
1623 2673 1816 2730 furunt

209 2764 521 2823 humanda.
573 2765 670 2821 His
719 2764 927 2821 auditis
964 2764 1242 2820 Romanus
1283 2762 1514 2820 antistes
1565 2764 1816 2835 protinus

208 2860 415 2916 relicto
444 2858 606 2914 thoro
629 2874 782 2913 arma
811 2857 1148 2929 comitesque
1188 2856 1442 2930 inquirit,
1473 2872 1535 2912 ac
1567 2854 1816 2929 persequi

208 2959 453 3010 conatur
507 2949 838 3018 recedentes,
893 2949 1103 3020 junctis
1169 2948 1275 3004 sibi
1333 2945 1814 3019 Langobardorum

208 3041 470 3099 auxiliis.
499 3042 611 3096 Hac
639 3041 824 3112 itaque
856 3039 1049 3094 famuli
1078 3038 1177 3094 Dei
1201 3037 1415 3093 visione
1445 3042 1684 3108 accepta,
1711 3035 1818 3090 for-

1239 281 1333 342 DE
1375 280 1912 344 TRANSLATIONE
1950 283 2006 343 S.
2047 280 2447 342 BENEDICTI.

3395 289 3502 346 906

2399 436 2716 492 Contractus
2759 435 3000 506 erigitur.

1983 523 2070 580 ιο.
2093 523 2306 579 Placuit
2327 524 2488 580 etiam
2515 523 2804 580 Divinitati
2827 524 2958 580 huic
2986 525 3252 582 miraculo
3272 529 3422 585 aliud
3445 531 3500 585 in

1909 613 2100 669 eodem
2132 615 2252 669 loco
2281 612 2636 684 conjungere,
2669 621 2730 668 ut
2770 623 2987 685 quantm
3025 616 3331 672 sanctitatis
3364 626 3503 673 esset

1911 701 2069 772 cujus
2097 718 2298 773 corpus
2327 700 2650 772 portabatur
2677 701 3005 758 ostenderet.
3037 703 3283 776 Namque
3307 703 3506 759 debilis

1912 790 2132 864 quidam
2157 791 2253 863 qui
2281 798 2495 846 erectus
2516 791 2595 844 ire
2623 791 2885 862 nequibat
2907 807 3002 863 per
3024 801 3244 860 terram,
3269 793 3507 865 rependo

1887 919 1890 922 -
1912 897 1968 936 se
1996 880 2239 947 trahens,
2264 886 2454 951 utpote
2470 880 2565 952 qui
2588 887 2642 935 et
2661 879 2910 935 omnium
2931 881 3302 938 membrorum
3325 883 3506 939 ofﬁcio

1912 978 2211 1034 destitutus
2238 985 2374 1042 erat,
2406 977 2632 1032 advenit
2660 977 2963 1048 implorans
2992 978 3265 1034 auxilium
3296 980 3364 1035 ab
3393 997 3506 1034 om-

1913 1067 2195 1139 nipotente
2225 1067 2339 1120 Deo
2369 1081 2464 1136 per
2492 1065 2762 1119 famulum
2792 1065 2946 1120 illius
2980 1065 3357 1123 Benedictum.
3389 1068 3510 1123 Ita-

1913 1172 2020 1228 que
2045 1154 2188 1210 miro
2220 1153 2381 1209 modo
2410 1161 2693 1224 coeperunt
2722 1169 2777 1208 se
2802 1153 2959 1208 nervi
2988 1152 3085 1208 diu
3110 1156 3378 1210 contracti
3402 1172 3510 1211 ex-

1913 1244 2157 1313 tendere,
2180 1251 2234 1298 et
2252 1241 2393 1298 aridi
2414 1242 2512 1298 diu
2533 1252 2744 1298 meatus
2761 1258 3026 1298 venarum
3049 1244 3332 1314 sanguinis
3348 1244 3509 1300 inun-

1914 1333 2136 1391 datione
2171 1331 2499 1398 humectari,
2549 1339 2710 1405 atque
2758 1332 2833 1388 ita
2871 1333 2984 1387 Deo
3031 1333 3250 1387 volente
3288 1343 3510 1405 accepto

1915 1423 2111 1479 robore
2156 1421 2314 1478 laetus
2347 1437 2510 1493 super
2548 1421 2711 1494 pedes
2747 1421 2999 1477 constitit
3033 1429 3086 1476 et
3123 1422 3364 1478 curatori
3411 1439 3510 1478 suo

1916 1518 2127 1591 magnis
2156 1516 2387 1573 vocibus
2415 1515 2720 1572 benedixit.
2755 1516 2859 1584 Qui
2894 1517 3047 1573 locus
3079 1517 3344 1573 hactenus
3364 1516 3510 1572 Basi-

1918 1606 2079 1664 licam
2125 1607 2326 1664 retinet
2369 1606 2609 1662 Domino
2660 1605 2717 1661 in
2766 1598 2975 1661 honore
3005 1605 3072 1662 Β.
3104 1605 3388 1665 Benedicti
3417 1604 3512 1663 di—

1916 1705 2116 1754 catam.

2363 1784 2508 1840 cho
2541 1784 2713 1841 lumen
2737 1783 3056 1842 restituitur.

1991 1875 2076 1931 11.
2132 1873 2380 1947 Cumque
2424 1873 2491 1928 ab
2533 1873 2725 1929 eodem
2775 1875 2894 1930 loco
2937 1871 3145 1930 moveri
3196 1873 3513 1947 placuisset,

1918 1964 2070 2020 aliud
2095 1963 2424 2036 praediolum
2455 1962 2659 2018 adeunt
2689 1963 2840 2018 mille
2862 1964 3177 2035 quingentis
3207 1965 3379 2020 ferme
3399 1981 3514 2035 pas-

1919 2054 2070 2110 sibus
2111 2071 2142 2108 a
2189 2053 2521 2108 monasterio
2569 2068 2678 2123 quo
2730 2051 3024 2108 tendebant
3065 2052 3305 2108 distante
3342 2053 3519 2108 Nova-

1919 2143 2056 2198 villa
2087 2141 2281 2216 [vulgo
2309 2143 2362 2197 la
2389 2141 2584 2198 Mairie
2610 2142 2671 2196 de
2701 2141 2964 2214 Neuville]
2992 2140 3341 2212 cognomine.
3373 2142 3434 2197 In
3456 2158 3520 2196 eo

1921 2231 2086 2288 etiam
2117 2247 2244 2286 cum
2281 2229 2687 2300 aliquantulum
2719 2229 2800 2284 eis
2829 2229 3168 2300 requiescere
3203 2229 3518 2300 placuisset,

1922 2319 2144 2378 obviam
2176 2319 2257 2374 eis
2285 2318 2509 2390 quidam
2541 2333 2716 2374 caecus
2745 2317 2921 2372 factus
2948 2325 3048 2385 est,
3082 2318 3176 2390 qui
3201 2335 3397 2389 magno
3421 2319 3519 2373 im-

1923 2421 2052 2486 petu
2088 2413 2344 2468 ferociter
2366 2411 2510 2467 facto
2541 2418 2782 2481 sportam
2805 2425 2912 2480 qua
2941 2409 3085 2463 beati
3108 2409 3213 2463 viri
3237 2409 3378 2464 cinis
3398 2425 3520 2479 por-

1922 2500 2139 2557 tabatur
2165 2497 2553 2570 apprehendit.
2577 2497 2751 2562 Quem
2772 2496 2860 2550 vir
2879 2496 3103 2552 Domini
3126 2495 3383 2567 Aigulfus
3407 2511 3519 2552 mo-

1925 2592 2110 2649 derata
2138 2588 2352 2645 studuit
2375 2584 2720 2658 correptione
2745 2585 3028 2656 castigare,
3051 2592 3212 2657 atque
3234 2587 3301 2641 ab
3323 2588 3524 2642 illicita

1924 2679 2350 2755 praesumptione
2376 2691 2653 2733 revocare.
2687 2675 2792 2730 Sed
2822 2675 2917 2730 ille
2941 2692 3103 2748 quem
3138 2676 3327 2730 lumen
3362 2677 3523 2732 amis-

1925 2789 2047 2828 sum
2077 2767 2457 2835 contristabat,
2475 2765 2780 2838 respondit,
2812 2767 2968 2822 nullo
2999 2765 3163 2822 modo
3190 2782 3246 2822 se
3275 2783 3433 2838 posse
3457 2767 3524 2822 ab

1925 2881 1988 2920 ea
2016 2861 2208 2918 divelli
2238 2857 2345 2916 nisi
2379 2857 2789 2930 quamprimum
2835 2857 3022 2910 lumen
3049 2855 3317 2927 reciperet
3343 2873 3355 2921 ;
3389 2873 3527 2927 pro—

1927 2953 2313 3024 nuntiavitque
2342 2967 2399 3006 se
2430 2957 2593 3006 tanta:
2617 2947 2744 3004 ﬁdei
2774 2963 2910 3016 esse,
2941 2956 3005 3003 ut
3027 2945 3299 3020 quidquid
3319 2957 3527 3019 peteret

1928 3046 1984 3101 S.
2040 3043 2370 3101 Benedictus
2400 3083 2418 3107 ,
2471 3038 2708 3096 Domino
2773 3037 2880 3094 sibi
2939 3043 3218 3094 annuente
3283 3037 3528 3095 tribuere

210 3131 494 3190 midantes
523 3131 759 3204 alicujus
779 3127 1253 3186 incommoditatis
1273 3126 1485 3182 tristem
1517 3141 1816 3194 accessum,
1851 3162 1894 3222 Ο
1932 3141 2132 3210 posset,

208 3221 529 3295 respiciunt
549 3229 715 3288 retro,
744 3219 1043 3291 videntque
1068 3233 1124 3273 se
1147 3215 1406 3288 subsequi
1435 3214 1504 3271 ab
1531 3213 1812 3272 hostibus:

210 3321 464 3384 tuncque
488 3311 684 3365 timore
707 3309 855 3382 pleni
889 3317 1154 3380 terraeque
1174 3305 1530 3389 consternati,
1555 3304 1820 3376 rogabant

210 3422 349 3462 eum
381 3403 477 3475 qui
505 3419 732 3458 suorum
763 3401 1096 3457 famulorum
1123 3414 1354 3470 corpora
1379 3397 1460 3453 eis
1481 3397 1722 3451 revelare
1739 3394 1819 3450 di-

212 3502 422 3567 gnatus
449 3501 551 3561 est,
584 3499 645 3548 ut
673 3508 735 3547 ea.
760 3491 876 3546 illis
893 3489 960 3545 ad
989 3491 1169 3544 locum
1200 3487 1535 3543 destinatum
1563 3485 1819 3556 pracipe-

211 3593 300 3640 ret
343 3581 593 3638 deferre:
639 3597 875 3654 quorum
917 3578 1169 3651 precibus
1215 3576 1424 3632 divinae
1481 3573 1671 3647 pietati
1730 3590 1822 3628 an—

214 3689 395 3730 uuere
416 3671 602 3728 libuit.
623 3671 759 3726 Nam
781 3668 1178 3741 omnipotentis
1199 3665 1449 3739 potentia
1470 3664 1817 3720 tenebrarum

213 3761 498 3820 densitate
519 3761 596 3816 ita
611 3777 706 3816 eos
725 3759 990 3826 occuluit,
1017 3765 1077 3814 ut
1100 3756 1206 3813 sibi
1228 3755 1450 3830 quidem
1482 3755 1561 3810 nil
1585 3753 1819 3823 obesset,

97 3870 109 3888 '
213 3853 671 3929 persecutoribus
698 3869 828 3910 vero
857 3869 1049 3908 eorum
1070 3867 1290 3906 omnem
1324 3849 1640 3906 facultatem
1663 3864 1718 3904 se
1741 3847 1823 3903 in-

212 3943 490 4004 veniendi
537 3944 811 4000 auferret:
853 3945 1042 4015 sicque
1080 3939 1274 3997 famuli
1306 3940 1405 3997 Dei
1436 3940 1708 3997 malorum
1740 3937 1823 3994 ti-

215 4055 383 4098 more
404 4038 619 4096 sublato
649 4039 804 4094 ocius
830 4036 1095 4094 redirent.

613 4191 841 4250 Bonodii
871 4208 1034 4248 aecus
1061 4188 1421 4248 illuminatur.

291 4321 352 4378 9.
387 4319 628 4376 Tandem
666 4318 834 4389 igitur
862 4332 1176 4390 quanquam
1212 4313 1504 4380 laboriose,
1535 4309 1829 4368 salubriter

203 4419 408 4468 tamen
454 4417 612 4466 tanto
656 4409 909 4466 confecto
951 4408 1150 4462 itinere
1195 4405 1252 4460 in
1293 4402 1618 4476 praediolum
1657 4400 1825 4473 quod-

1927 3249 1993 3304 In
2046 3242 2205 3300 veteri
2251 3239 2500 3296 Floriaco
2552 3235 2809 3361 reliqtut'las
2835 3234 3184 3361 tScholasticte
3239 3233 3528 3293 Cenomani

2581 3325 2676 3361 nos
2701 3325 2735 3361 u
2759 3324 2830 3361 an
2861 3349 2873 3361 .

2578 3324 2873 3379 postulant.

2003 3405 2087 3462 i2.
2121 3405 2249 3460 Post
2277 3401 2394 3458 haec
2423 3415 2554 3454 vero
2581 3414 2710 3455 cum
2741 3397 2799 3450 in
2829 3394 3009 3451 eundo
3040 3396 3194 3451 nulla
3231 3412 3384 3452 mora
3419 3397 3525 3452 tie-

1931 3505 2034 3564 ret,
2066 3493 2284 3565 agmina
2313 3487 2709 3544 monachorum
2739 3501 2864 3541 cum
2887 3483 3043 3556 plebe
3067 3484 3334 3540 territorii
3357 3487 3528 3541 Aureo

1932 3582 2191 3643 lianensis
2213 3580 2432 3638 obviam
2462 3579 2540 3634 eis
2571 3584 2950 3649 processerunt
2974 3575 3244 3631 milliario
3273 3591 3303 3630 a
3325 3593 3526 3633 mona—

1930 3676 2118 3744 sterio,
2158 3674 2215 3728 in
2245 3673 2370 3728 vico
2407 3669 2501 3742 qui
2537 3667 2745 3725 dicitur
2782 3674 2940 3721 vetus
2980 3667 3296 3723 Floriacus:
3342 3667 3528 3740 ibique

1930 3783 2056 3824 cum
2087 3764 2285 3837 gaudio
2313 3768 2367 3817 et
2396 3758 2587 3814 laetitia
2619 3765 2782 3831 atque
2811 3756 3018 3812 honore
3052 3772 3249 3830 magno
3287 3773 3530 3831 excepe-

1931 3862 2063 3911 runt
2125 3867 2354 3924 corpora
2403 3856 2716 3905 sanctorum
2773 3845 3212 3918 supradictornm
3282 3848 3385 3903 sub
3440 3848 3529 3903 die

1934 3948 2128 4018 quinto
2167 3942 2362 3999 Iduum
2403 3939 2692 3996 Juliarum.
2732 3938 2793 3992 In
2823 3936 3012 3992 eodem
3043 3952 3260 4010 quoque
3291 3939 3411 3994 loco
3439 3939 3529 3995 die

1935 4035 2034 4092 illo
2059 4032 2305 4090 eamdem
2323 4027 2726 4085 solemnitatem
2749 4042 2874 4081 cum
2910 4027 3116 4098 ingenti
3139 4026 3330 4082 laetitia
3350 4026 3407 4082 in
3428 4027 3528 4082 Dei

1937 4123 2192 4180 laudibus
2237 4125 2579 4190 peregerunt.
2626 4116 2764 4173 Cum
2805 4115 2974 4185 igitur
3002 4115 3078 4170 ibi
3112 4133 3277 4170 morae
3313 4115 3526 4184 ﬁerent,

1937 4211 2092 4285 plebs
2119 4206 2499 4267 Cenomanicze
2527 4203 2702 4270 urbis,
2719 4201 2878 4272 cujus
2903 4219 3067 4272 supra
3093 4204 3341 4258 diximus
3364 4205 3529 4262 fuisse

1937 4303 2086 4360 cives
2141 4298 2234 4370 qui
2291 4312 2390 4367 pro
2447 4290 2723 4349 afferendo
2778 4306 3006 4362 corpore
3057 4291 3120 4345 B.
3178 4291 3528 4348 Scholasticae

1940 4392 2140 4456 ierunt,
2185 4385 2362 4441 adfuit
2392 4384 2610 4439 obviam
2639 4379 2937 4454 procedens
2975 4395 3100 4435 cum
3131 4379 3348 4434 civibus
3391 4382 3524 4449 suis,

205 4500 346 4557 dam
380 4498 730 4555 diverterunt
750 4496 1062 4553 Bonodium
1095 4525 1116 4551 ι
1145 4493 1393 4558 nomine,
1415 4492 1583 4546 situm
1613 4490 1672 4545 in
1687 4507 1824 4562 pago
1855 4529 1901 4586 Ι)
1938 4500 2073 4558 quos
2103 4497 2200 4554 pro
2230 4475 2568 4548 deportando
2597 4473 2805 4530 cmlesti
2841 4471 3096 4527 thesauro
3127 4471 3372 4527 emisisse
3404 4491 3527 4546 gau-

870 4585 900 4586 ,,
1289 4583 1310 4586 _
1530 4581 1541 4586 -
1947 4577 1962 4586 .
2004 4577 2015 4586 ι
2117 4582 2127 4586 -
2174 4573 2204 4586 n
2259 4571 2273 4586 I
2456 4567 2510 4586 κ]
2541 4564 2858 4586 __-_J2-A--_.
2884 4563 3059 4586 IAA...“
3087 4563 3501 4586 -......I-...--___.-

209 4587 614 4645 Aurelianensi
655 4585 980 4643 lassitudine
1009 4591 1255 4656 cogente.
1289 4583 1350 4636 In
1381 4597 1488 4653 quo
1529 4581 1648 4635 loco
1697 4597 1822 4636 cum

211 4677 511 4750 paulisper
541 4675 888 4747 indulgerent
913 4673 1110 4748 quieti,
1131 4688 1255 4729 ecce
1270 4669 1494 4744 quidam
1516 4669 1634 4725 sine
1650 4669 1826 4726 oculis

213 4775 482 4823 materno
532 4761 687 4821 fusus
730 4774 888 4821 utero
935 4763 1178 4831 advenit,
1232 4760 1550 4832 magnisque
1597 4758 1828 4814 vocibus

213 4859 340 4914 oris
379 4873 444 4912 ac
481 4855 608 4911 ﬁdei
639 4863 890 4912 sanctum
932 4849 1334 4924 interpellabat,
1377 4858 1438 4906 ut
1475 4866 1594 4922 qua:
1635 4855 1830 4903 natura

211 4954 529 5020 negaverat
549 4946 654 5002 sibi
677 4946 890 5001 lumina
911 4949 1212 5017 praestaret.
1232 4941 1402 5012 Igitur
1421 4939 1553 4996 dum
1577 4939 1663 4995 his
1684 4940 1830 4997 voci-

209 5037 330 5092 bus
362 5044 652 5108 perstaret,
695 5053 864 5108 parvo
908 5033 1202 5090 intervallo
1236 5039 1398 5103 atque
1431 5031 1529 5086 vix
1561 5047 1670 5085 una
1697 5029 1836 5086 hora

206 5127 498 5185 eﬂluente
531 5125 776 5182 discussa
803 5125 1038 5197 caligine
1067 5121 1331 5180 caecitatis
1368 5121 1555 5176 lumen
1599 5119 1703 5175 sibi
1738 5120 1837 5175 diu

210 5225 496 5289 negatum
524 5217 691 5289 coepit
719 5217 981 5288 aspicere,
1012 5224 1066 5272 et
1093 5215 1337 5270 datorem
1373 5211 1522 5266 illius
1562 5209 1838 5282 simulque

208 5308 282 5364 Β.
325 5305 699 5363 Benedictum
731 5307 943 5378 magnis
963 5304 1190 5361 laudum
1219 5300 1449 5359 vocibus
1478 5299 1763 5356 extollere.

1933 4577 2153 4634 dobant.
2174 4571 2276 4628 Sed
2300 4585 2425 4626 curn
2449 4567 2515 4624 ad
2541 4564 2862 4638 praedictum
2884 4563 3063 4618 locum
3087 4563 3316 4618 veniens
3332 4579 3528 4636 cogno«

1934 4668 2101 4724 visset
2132 4663 2210 4719 rei
2244 4659 2531 4716 veritatem
2563 4663 2616 4711 et
2645 4664 2798 4712 actus
2827 4669 3018 4710 omnes
3047 4653 3380 4710 venerabilis
3419 4655 3529 4710 viri

1937 4755 2162 4830 Aigulﬁ,
2202 4749 2511 4826 postulabat
2549 4762 2674 4802 eum
2718 4752 2779 4800 ut
2825 4745 2929 4800 sibi
2965 4760 3168 4801 munus
3197 4745 3526 4817 promissum

1938 4857 2100 4921 atque
2141 4861 2172 4900 a
2215 4845 2329 4898 Deo
2359 4839 2792 4895 demonstratum
2821 4834 3121 4892 concedere
3152 4835 3394 4892 deberet.
3428 4835 3531 4891 Sed

1942 4937 2114 4994 isdem
2143 4930 2475 4990 venerabilis
2497 4929 2582 4983 vir
2602 4925 2903 4998 respondit,
2936 4942 2992 4982 se
3020 4942 3360 4998 nequaquam
3390 4926 3530 4978 velle

1941 5036 2258 5085 sanctorum
2296 5035 2678 5094 germanorum
2713 5033 2941 5090 corpora
2977 5017 3044 5072 ab
3091 5017 3330 5072 invicem
3372 5031 3534 5085 sepa-

1944 5133 2084 5183 rare,
2115 5115 2210 5170 sed
2231 5115 2372 5168 sicut
2400 5129 2493 5166 eos
2521 5111 2578 5165 in
2611 5108 2780 5181 priori
2806 5113 3162 5162 monumento
3188 5103 3395 5176 [supple
3408 5121 3533 5160 con-

1945 5205 2075 5280 stat]
2107 5202 2272 5258 simul
2304 5200 2471 5254 fuisse
2497 5197 2863 5265 conditos,_ita
2882 5194 2940 5248 in
2962 5191 3202 5248 secundo
3225 5191 3534 5246 indivisibi-

1948 5279 2074 5354 liter
2101 5305 2428 5363 componere
2454 5289 2594 5344 velle
2619 5284 2939 5343 testabatur.
2971 5283 3125 5337 Tunc
3154 5295 3286 5334 vero
3326 5279 3538 5334 nobiles

1951 5439 2272 5520 appellatus,
2306 5450 2413 5520 quo
2441 5432 2496 5520 in
2518 5433 2648 5520 ‘lo‘co
2667 5435 2935 5520 eruu'ntur
2966 5429 3540 5520 nonnunquamnvete-

1952 5495 2036 5568 ris.
2055 5495 2296 5576 adiﬁcii,
2323 5495 2472 5561 haud
2503 5499 2939 5576 dubiegecclesiae
2968 5495 3245 5572 quondam
3277 5496 3331 5553 S.
3361 5495 3545 5554 Bene-

1954 5583 2105 5640 dicto
2133 5571 2320 5648 sacrae,
2355 5576 2553 5633 rudera
2581 5581 2635 5629 et
2663 5571 3040 5626 fundamenta.

288 5467 314 5494 ι
356 5450 700 5520 Bonodium,
734 5451 962 5520 Bonnée,
983 5449 1202 5526 viculu‘s
1226 5464 1338 5504 una
1358 5447 1512 5526 leuca
1529 5459 1692 5526 supra
1721 5440 1842 5524 Flo:

204 5526 488 5581 riacense
518 5514 1053 5592 monasterium,'uhi
1085 5522 1239 5577 nulla
1259 5526 1438 5575 exstat
1459 5514 1841 5592 bas_ilica,_nisi

291 5593 556 5652 raecialis
585 5585 1229 5651 S.-Martino'dedicata:
1296 5599 1351 5646 at
1389 5605 1501 5646 uno
1540 5589 1650 5643 fere
1678 5585 1746 5640 ab
1783 5601 1848 5641 ea

227 5667 425 5742 apide
473 5667 720 5723 cernitur
763 5682 922 5739 agger
963 5665 1209 5737 quidam,
1255 5663 1412 5721 Mons
1458 5661 1512 5718 S.
1564 5655 1845 5714 Benedicti

535 5772 777 5831 PATBOL.
819 5770 1070 5829 cxxrv.
3235 5745 3304 5803 29
