4070 6178
526 221 632 284 907

1521 218 1937 277 ADREVALDI
1976 217 2480 278 FLOR‘IACENSIS
2519 209 2842 276 MONACIII

3717 209 3815 269 908

526 377 730 452 quique
760 382 923 448 atque
954 372 1229 445 sapientes
1257 369 1345 426 his
1385 367 1769 425 contradixere
1798 368 1999 438 verbis,
2024 368 2204 451 ju-:A
2236 370 2453 427 occulta
2480 369 2698 426 fuerant
2726 369 2848 426 luce
2877 367 3081 425 clarius
3122 366 3401 440 propalare
3435 364 3694 439 dignatus
3726 373 3819 426 est.

526 475 673 523 stum
706 481 816 520 non
848 479 963 519 esse
986 461 1253 528 dicentes,
1279 467 1340 515 ut
1356 475 1493 531 quos
1511 457 1706 514 divina
1732 458 1987 515 voluntas
2009 475 2125 531 par-

527 555 723 627 ticipes
765 554 966 609 fecerat
1005 550 1211 607 oraculi
1252 547 1508 614 caalestis,
1541 553 1596 602 et
1625 547 1720 618 qui
1750 546 1916 602 simul
1943 547 2126 604 locum

530 654 843 702 sanctorum
872 642 1044 699 thecae
1075 655 1368 712 corporum
1397 637 1657 705 adissent,
1688 637 1891 709 quique
1915 635 1974 692 in
2003 638 2128 693 sub-

531 733 712 790 eundo
741 749 896 806 pares
927 731 1110 786 labore
1139 729 1376 796 fuerant,
1408 743 1520 783 non
1551 725 1718 782 etiam
1740 725 1953 782 fructus
1983 725 2128 781 labo-

533 830 609 884 ris
633 845 786 901 aeque
809 828 1164 900 partirentur.
1197 824 1438 881 Maxime
1460 839 1592 879 vero
1625 838 1736 878 non
1762 838 1877 878 esse
1899 821 2128 893 dignum

532 917 808 984 dicebant,
842 925 904 972 ut
941 915 1051 970 duo
1081 927 1277 985 magna
1307 911 1603 967 luminaria
1633 909 1740 966 loci
1771 910 1940 965 unius
1964 924 2130 965 coar—

531 1015 706 1065 ctaret
742 1006 1014 1078 angustia,
1058 1020 1183 1060 cum
1219 1001 1532 1057 sufﬁcerent
1567 1000 1802 1072 singulis
1842 999 1976 1054 locis
2005 999 2131 1054 sin-

535 1099 679 1169 gula.
712 1097 953 1152 Tandem
987 1095 1155 1166 igitur
1183 1091 1508 1163 saepedictus
1536 1089 1872 1146 venerabilis
1902 1089 1988 1143 vir
2019 1088 2130 1142 Ai-

535 1187 718 1259 gulfus
763 1181 1012 1241 consiliis
1057 1181 1496 1240 venerandorum
1546 1179 1801 1234 vivorum
1849 1192 2129 1234 assensum

534 1276 687 1332 dedit
724 1275 1097 1347 decrevitque,
1129 1281 1193 1329 ut
1222 1273 1336 1345 ipse
1365 1288 1491 1328 cum
1524 1271 1637 1327 suis
1667 1277 1878 1327 retento
1905 1283 2132 1340 corpore

535 1368 589 1424 S.
632 1365 938 1434 Benedicti,
987 1364 1166 1421 socios
1204 1380 1333 1420 suos
1362 1378 1494 1420 cum
1534 1377 1762 1435 corpore
1807 1355 2132 1416 venerandae

534 1458 741 1514 sororis
769 1456 888 1530 ejus
915 1455 1222 1512 dimitteret
1251 1462 1293 1510 ⁸.

536 1610 789 1682 Reliquiae
818 1627 985 1666 sacra:
1011 1614 1345 1666 mort-uorum
1373 1604 1710 1662 suscitatione
1737 1603 2130 1660 discernuntur.

608 1744 693 1800 13.
716 1743 820 1800 Sed
847 1743 976 1815 quia
997 1748 1207 1798 certum
1231 1756 1342 1796 non
1356 1747 1471 1794 erat
1491 1739 1728 1810 qualiter
1747 1734 1989 1792 discerni
2011 1751 2134 1789 ossa
2163 1731 2209 1790 Β

536 1828 844 1900 potuissent
876 1845 996 1900 quae
1027 1827 1253 1882 confuse
1273 1825 1438 1880 unius
1461 1823 1734 1894 sportellae
1757 1823 1910 1879 sinus
1936 1822 2134 1878 retine-

533 1918 645 1985 bat,
679 1919 820 1974 facta
851 1917 1176 1972 difﬁcultate
1213 1913 1560 1970 discernendi
1602 1913 1670 1968 ad
1699 1912 1804 1968 hoc
1835 1911 2133 1968 consilium

534 2013 760 2060 ventum
791 2012 894 2071 est,
925 2011 988 2058 ut
1016 2020 1078 2059 ea
1107 2020 1227 2076 qua:
1259 2002 1474 2057 minora
1505 2001 1826 2056 viderentur
1846 2015 1966 2056 ossa
1986 2015 2136 2070 sepa-

534 2097 698 2152 ratim
735 2103 1089 2167 ponerentur,
1134 2093 1342 2167 majora
1370 2110 1502 2149 vero
1531 2093 1860 2150 altrinsecus
1898 2107 2137 2164 congre—

534 2192 813 2256 garentur.
855 2185 998 2240 Dum
1028 2183 1198 2256 igitur
1225 2183 1483 2239 dividens
1520 2182 1800 2238 haesitaret
1838 2188 1892 2236 et
1921 2187 2133 2236 certum

536 2275 670 2348 quid
704 2276 944 2348 judicari
989 2292 1100 2331 non
1137 2283 1340 2347 posset,
1381 2274 1678 2330 Divinitati
1727 2272 1860 2329 huic
1904 2270 2134 2343 ancipiti

536 2365 824 2421 sententiae
854 2364 1040 2420 taliter
1067 2364 1233 2420 ﬁnem
1263 2365 1548 2434 imponere
1575 2361 1801 2435 placuit.
1834 2361 1968 2416 Nam
2008 2377 2133 2416 cum

536 2455 819 2512 continuis
846 2454 1208 2510 Divinitatem
1240 2452 1496 2524 precibus
1511 2451 1690 2509 noctis
1719 2449 1957 2522 spatium
1987 2448 2136 2505 utri-

537 2559 642 2616 que
672 2543 861 2613 populi
892 2558 990 2612 pro
1015 2549 1171 2597 tanto
1201 2541 1306 2596 sibi
1341 2539 1746 2596 manifestando
1769 2538 1988 2610 negotio
2018 2541 2136 2610 pul-

537 2631 826 2697 savissent,
859 2629 1004 2686 facto
1035 2645 1194 2685 mane
1219 2631 1642 2702 conspiciuntur
1661 2629 1878 2684 eminus
1899 2628 2133 2684 duorum

537 2720 895 2791 parvulorum
941 2719 1216 2791 exsequiae
1263 2719 1614 2786 cadaverum,
1675 2734 1909 2790 quorum
1961 2734 2134 2772 unum

536 2817 652 2864 erat
681 2806 973 2863 masculini
1000 2823 1183 2875 sexus,
1206 2808 1437 2862 alterum
1463 2809 1707 2864 feminei.
1736 2809 1908 2879 Igitur
1925 2807 2133 2864 salubri

535 2903 760 2968 accepto
800 2895 1035 2952 consilio
1078 2894 1147 2949 ad
1194 2911 1250 2949 se
1298 2895 1613 2950 exanimata
1661 2912 1889 2966 corpora
1931 2896 2133 2951 deferri

530 2985 747 3057 jubent.
796 2983 956 3051 Quod
1003 3001 1128 3040 cum
1177 2982 1382 3039 factum
1440 2992 1598 3050 esset,
1649 2984 1881 3039 masculi
1936 3000 2134 3055 corpus

2242 459 2529 517 Cenomani
2559 460 2616 516 S.
2651 459 2983 516 Scholasticis
3015 458 3258 528 reliquiis
3277 455 3551 511 basilicam
3582 461 3631 509 et
3657 471 3813 510 cano-

2827 531 2970 585 bium
2999 528 3248 584 condunt.

2311 611 2397 668 14.
2433 610 2606 683 Igitur
2635 609 2850 666 sublata
2864 610 3013 665 omni
3035 609 3265 682 ancipiti
3296 608 3569 667 sententia
3599 623 3719 681 qua:
3748 622 3825 663 su-

2238 715 2335 773 per
2390 697 2714 772 corporibus
2761 697 3138 755 discernendis
3207 696 3305 752 diu
3364 711 3555 752 eorum
3623 694 3830 750 animos

2244 793 2622 860 occupaverat,
2656 786 2841 859 plebes
2861 785 3239 843 Cenomanicae
3267 785 3335 841 ad
3356 801 3555 856 corpus
3578 783 3641 839 Β.
3673 781 3829 839 Scho-

2240 879 2443 935 lasticae
2468 877 2764 934 salubriter
2789 884 3094 933 verterunt.
3125 875 3282 942 Quod
3315 889 3531 931 summa
3552 874 3830 930 celeritate

2240 966 2478 1021 levatum
2526 965 2876 1037 imponentes
2908 964 3166 1037 scapulis,
3197 979 3323 1019 cum
3358 961 3558 1034 gaudio
3591 961 3659 1017 ad
3699 979 3833 1034 pro-

2239 1055 2418 1128 prium
2451 1055 2631 1110 locum
2663 1053 3126 1126 deportaverunt:
3163 1051 3349 1124 ibique
3379 1052 3591 1123 magnis
3612 1053 3834 1126 sumpti-

2240 1145 2342 1201 bus
2368 1143 2636 1201 aediﬁcata
2666 1152 2747 1200 est
2775 1143 3021 1209 ecclesia,
3045 1149 3099 1197 et
3129 1141 3398 1196 ordinatis
3427 1156 3655 1213 quaeque
3684 1150 3837 1197 erant

2243 1235 2543 1292 necessaria
2594 1233 2817 1290 feminis
2873 1235 2986 1289 Deo
3041 1232 3410 1289 servientibus
3469 1231 3615 1286 infra
3672 1232 3836 1289 breve

2241 1325 2480 1398 spatium
2528 1324 2791 1396 temporis
2821 1323 3074 1396 plurimae
3111 1320 3384 1378 nobilium
3417 1319 3752 1377 feminarum
3787 1321 3837 1378 in

2242 1413 2431 1470 eodem
2480 1412 2811 1470 monasterio
2857 1419 3154 1482 aggregatze
3193 1417 3342 1477 sunt,
3382 1425 3504 1482 quae
3546 1426 3602 1466 se
3647 1411 3837 1468 relicto

2243 1507 2442 1562 saaculo
2472 1505 2696 1560 Domini
2731 1503 2958 1560 servitio
2989 1500 3395 1573 manciparunt.
3429 1501 3534 1557 Sed
3575 1509 3628 1556 et
3659 1502 3836 1574 ipsum

2245 1596 2635 1652 monasterium
2658 1610 2828 1668 usque
2857 1610 3006 1650 nunc
3033 1592 3244 1665 magnis
3271 1591 3664 1649 miraculorum
3697 1593 3838 1648 illu-

2244 1683 2603 1742 strationibus
2623 1700 2654 1739 a
2682 1683 2922 1740 Domino
2955 1682 3281 1738 honoratur.

2249 1773 2455 1844 Corpus
2501 1773 2669 1844 sancti
2717 1772 2983 1828 Benedicti
3016 1772 3072 1825 in
3110 1771 3322 1826 ecclesia
3363 1772 3418 1844 S.
3456 1770 3842 1844 Pet-rigideposi-

2319 1843 2449 1908 tum,
2489 1843 2547 1898 in
2595 1844 2806 1898 ecclesia
2848 1844 2903 1900 S.
2957 1845 3152 1898 Maria:
3189 1843 3514 1899 reconditur.
3564 1843 3844 1899 Miracqu

2319 1917 2459 1970 locus
2492 1915 2805 1970 celebratur.

2317 1997 2403 2051 15.
2432 1998 2506 2052 At
2534 2011 2664 2050 vero
2683 1996 3020 2051 Mummolus
3045 1993 3212 2050 abbas
3232 2001 3286 2050 et
3304 1992 3635 2050 venerabilis
3658 1991 3843 2064 Aigul-

2245 2083 2334 2138 fus
2361 2083 2687 2138 levaverunt
2713 2099 2914 2154 corpus
2944 2082 3000 2138 S.
3041 2081 3325 2139 Benedicti
3357 2081 3505 2154 quod
3533 2098 3564 2137 a
3594 2083 3712 2138 Deo
3745 2081 3842 2137 sibi

2245 2170 2506 2228 collatum
2537 2170 2704 2227 certis
2735 2170 2959 2228 indiciis
2988 2171 3379 2245 apparentibus
3405 2170 3688 2238 tenebant,
3714 2179 3776 2226 et
3796 2171 3842 2224 in

2223 2256 2480 2317 Basilica
2521 2261 2585 2316 B.
2623 2260 2769 2316 Petri
2815 2271 2835 2296 ⁶
2873 2260 2941 2316 ad
2978 2259 3401 2316 custodiendum
3450 2258 3841 2330 deposuerunt.

2245 2350 2404 2418 Quod
2428 2366 2555 2407 cum
2584 2349 2791 2405 eximia
2817 2366 2948 2405 cura
2987 2355 3285 2416 servantes,
3314 2346 3673 2404 conferebant
3705 2348 3847 2402 inter

2245 2455 2301 2494 se
2329 2455 2438 2510 quo
2468 2439 2526 2494 in
2557 2439 2676 2495 loco
2707 2438 2950 2511 ejusdem
2982 2439 3301 2494 monasterii
3333 2438 3390 2492 in
3417 2437 3626 2494 divinae
3653 2439 3844 2492 volun-

2245 2529 2344 2583 tati
2384 2528 2779 2585 concordantes
2815 2528 3127 2585 humarent.
3163 2528 3338 2602 Super
3363 2544 3470 2601 qua
3499 2544 3556 2583 re
3587 2544 3704 2584 non
3739 2528 3846 2582 mi—

2245 2621 2396 2676 nima
2423 2637 2613 2676 eorum
2646 2621 2862 2677 animos
2887 2620 3140 2676 dubietas
3168 2628 3550 2693 occupaverat.
3574 2620 3682 2676 Sed
3705 2623 3846 2676 Deus

2245 2713 2338 2784 qui
2392 2711 2629 2784 benigna
2671 2713 2870 2785 pietate
2913 2729 3011 2768 sua
3039 2713 3216 2769 sancti
3253 2712 3362 2768 viri
3401 2727 3603 2783 corpus
3632 2710 3846 2767 deloco

2245 2802 2414 2873 priori
2458 2803 2898 2859 transferendum
2937 2803 3205 2867 decrevit,
3251 2803 3309 2858 in
3358 2803 3612 2874 sequenti
3657 2811 3840 2874 aptum

2245 2893 2425 2947 locum
2453 2894 2745 2964 sepulturae
2776 2893 3045 2965 providit.
3075 2893 3211 2947 Nam
3253 2909 3376 2948 cum
3409 2891 3529 2959 diu,
3560 2891 3710 2948 sicut
3735 2891 3841 2963 jam

2243 2979 2454 3037 dictum
2491 2988 2592 3048 est,
2635 2981 2804 3036 beatae
2852 2981 3132 3036 memoria;
3168 2980 3506 3035 Mummolus
3534 2995 3708 3052 super
3750 2979 3846 3034 hac

537 3090 704 3147 prope
733 3089 856 3130 ossa
884 3073 1015 3146 poni
1045 3073 1295 3129 fecerunt
1324 3088 1444 3144 quae
1474 3072 1852 3144 magnitudine
1874 3081 2128 3144 praestare
2159 3086 2200 3145 α
2232 3086 2291 3142 τε
2315 3072 2581 3142 cogitaret
2595 3071 3002 3143 consiliumque
3032 3071 3169 3126 utile
3195 3079 3483 3144 quaereret,
3514 3070 3848 3144 intempesta

536 3162 890 3230 videbantur,
939 3161 1189 3234 miroque
1228 3159 1392 3216 modo
1421 3177 1553 3215 mox
1581 3167 1644 3215 ut
1680 3161 1883 3216 mortui
1917 3169 2132 3216 mortua

536 3253 763 3325 tetigere
789 3270 911 3309 ossa
937 3251 1194 3325 jacentis,
1228 3265 1323 3322 per
1355 3258 1634 3306 mortuum
1665 3258 1884 3306 mortuo
1923 3259 1976 3307 et
2019 3251 2131 3307 vita

536 3343 750 3400 reddita
795 3350 898 3398 est.
947 3340 1216 3397 Similiter
1262 3347 1443 3395 autem
1495 3339 1575 3395 eis
1611 3339 1818 3410 placuit
1865 3348 1927 3395 ut
1968 3356 2132 3411 penes

540 3431 755 3486 minora
795 3438 1024 3486 mortuas
1063 3429 1261 3501 pueltae
1301 3444 1500 3500 corpus
1535 3428 1666 3500 poni
1705 3427 1944 3485 deberet.
1985 3431 2132 3486 Deus

537 3527 720 3575 autem
761 3527 823 3574 ut
856 3519 1257 3574 demonstraret
1295 3532 1581 3586 germanos
1610 3533 1724 3572 esse
1751 3517 1846 3590 qui
1873 3517 2133 3574 fereban-

537 3623 628 3670 tur
657 3613 877 3678 merito,
899 3611 1365 3683 quemadmodum
1395 3609 1576 3665 carnis
1597 3626 1707 3664 una
1732 3613 2128 3682 procreatione,

537 3717 650 3756 uno
680 3699 981 3770 eodemque
1011 3707 1261 3770 tempore
1291 3713 1445 3768 pares
1477 3696 1674 3752 merito
1696 3713 1850 3768 pares
1879 3715 1993 3756 esse
2021 3717 2134 3757 vo—

537 3790 642 3845 luit
689 3789 747 3843 in
796 3788 1064 3844 miraculo
1110 3789 1168 3854 b;
1215 3787 1291 3840 ita
1329 3793 1390 3840 ut
1428 3785 1611 3856 puella
1648 3786 1835 3842 eadem
1887 3787 2021 3843 hora
2067 3789 2134 3844 ab

535 3877 717 3935 oﬂicio
765 3875 973 3931 funeris
1019 3882 1306 3946 surgeret:
1349 3882 1402 3928 et
1431 3888 1550 3944 quae
1580 3889 1610 3927 a
1640 3872 1902 3931 ﬂentibus
1938 3876 2134 3933 amicis

536 3964 853 4037 portabatur
881 3962 948 4018 ad
982 3961 1281 4028 tumulum,
1314 3959 1510 4015 iisdem
1535 3961 1900 4032 gaudentibus
1929 3965 2133 4022 rediret

533 4055 779 4110 domum.
813 4053 1122 4124 Antiquum
1157 4066 1394 4124 namque
1419 4050 1856 4126 inusitatumque
1875 4063 1997 4126 post
2016 4056 2131 4112 Eli-

531 4141 609 4197 sei
643 4151 824 4198 actum
859 4141 968 4212 (IV
989 4142 1115 4211 Reg.
1149 4141 1248 4212 xv)
1283 4147 1596 4196 revocatum
1638 4140 1745 4199 hoc
1772 4150 1986 4200 constat
2019 4145 2131 4199 mi—

529 4231 798 4300 raculum,
830 4233 960 4303 quia
985 4230 1382 4302 omnipotentis
1419 4231 1515 4286 Dei
1548 4247 1744 4287 manus
1784 4239 1847 4286 ut
1891 4231 2133 4287 demon-

527 4328 723 4375 straret
750 4319 813 4374 B.
844 4318 1210 4376 Benedictum
1241 4334 1343 4375 nec
1371 4319 1533 4374 novis
1562 4335 1662 4376 nec
1685 4319 1931 4392 antiquis
1960 4320 2131 4374 Patri-

2241 3168 2403 3217 nocte
2459 3167 2719 3216 consueta
2773 3159 3040 3216 orationis
3093 3160 3239 3215 furta
3291 3159 3598 3231 requirens,
3658 3161 3847 3217 stratis

2243 3251 2451 3308 relictis
2483 3250 2638 3329 sicut.
2655 3257 3016 3306 consueverat
3035 3248 3424 3305 dormitorium
3451 3265 3727 3320 egressus,
3750 3249 3846 3306 sub

2241 3342 2390 3398 nudo
2420 3341 2560 3398 cmlo
2589 3340 2756 3412 coepit
2786 3339 2930 3395 inter
2953 3340 3059 3396 alia
3091 3339 3322 3412 precari,
3353 3347 3416 3394 ut
3444 3337 3640 3394 divina
3669 3341 3846 3411 pietas

2241 3435 2291 3490 ei
2338 3431 2555 3488 salubre
2602 3430 2896 3487 consilium
2943 3435 3273 3500 suggereret,
3321 3444 3560 3500 quonam
3621 3430 3680 3484 in
3730 3430 3845 3485 loco

2240 3521 2584 3580 sanctissima
2624 3518 2870 3574 membra
2911 3518 3133 3574 locaret.
3189 3517 3389 3573 Adfuit
3442 3517 3532 3573 his
3593 3519 3847 3590 precibus

2241 3611 2481 3669 clemens
2509 3609 2660 3664 auris
2688 3607 3107 3679 omnipotentis,
3156 3623 3277 3679 quae
3315 3621 3505 3662 servos
3540 3623 3668 3662 suos
3697 3606 3847 3678 justa

2242 3707 2485 3772 petentes
2521 3696 2713 3753 audire
2751 3695 3057 3753 consuevit.
3097 3695 3232 3750 Nam
3273 3694 3372 3750 lux
3411 3695 3600 3752 subito
3625 3695 3848 3751 cmlitus

2243 3793 2439 3850 emissa
2475 3801 2600 3850 ante
2635 3792 2877 3848 basilicae
2915 3792 3150 3848 frontem
3195 3791 3365 3848 beatae
3406 3792 3507 3848 Dei
3543 3791 3848 3849 Genitricis
3943 3795 3953 3811 '

2241 3881 2424 3938 Marias
2445 3881 2502 3936 in
2530 3879 2751 3936 modum
2772 3880 2907 3937 facis
2921 3880 3116 3936 ardens
3137 3880 3194 3935 in
3219 3896 3344 3935 eum
3363 3881 3544 3938 locum
3573 3881 3673 3937 ubi
3700 3899 3848 3938 nunc

2241 3979 2322 4026 est
2350 3969 2638 4026 conditum
2669 3985 2867 4042 corpus
2899 3968 3150 4041 protendi
3182 3969 3304 4024 visa
3338 3978 3440 4026 est.
3473 3969 3636 4037 Quod
3661 3971 3843 4027 visum

2240 4057 2330 4115 vir
2356 4057 2576 4114 Domini
2600 4057 2934 4114 Mummolus
2953 4066 3014 4113 ut
3033 4056 3197 4127 vidit,
3221 4057 3374 4114 omni
3391 4057 3676 4116 dubietate
3694 4067 3848 4132 post-

2241 4149 2419 4221 posita
2470 4147 2774 4204 certissime
2824 4146 3062 4204 credidit
3117 4147 3262 4219 quod
3313 4147 3408 4204 hic
3463 4150 3622 4206 locus
3677 4159 3846 4223 aptus

2241 4244 2380 4294 esset
2407 4237 2580 4293 sancti
2610 4235 2718 4290 viri
2750 4235 3014 4291 membris
3043 4235 3310 4293 locandis.
3339 4237 3516 4309 Igitur
3544 4239 3846 4311 posthabi-

2240 4323 2314 4380 tis
2353 4324 2702 4381 mordacibus
2747 4323 2895 4381 curis
2937 4332 2992 4380 et
3036 4325 3237 4383 visioni
3285 4326 3628 4384 omnimodis
3672 4328 3846 4386 ﬁdem

526 4407 628 4464 bus
665 4409 949 4480 imparem,
991 4409 1188 4465 merito
1226 4425 1411 4481 parem
1453 4409 1612 4465 illum
1653 4409 1854 4466 extulit
1886 4409 2130 4482 prophe-
2161 4438 2207 4496 D
2239 4413 2394 4482 dans,
2425 4413 2485 4469 in
2518 4413 2710 4469 eodem
2737 4413 2858 4470 loco
2891 4430 2999 4487 quo
3037 4413 3145 4469 sibi
3186 4415 3627 4472 demonstratum
3659 4417 3850 4474 fuerat

526 4504 704 4552 tarum
726 4497 984 4569 operibus
1010 4515 1022 4554 :
1043 4498 1461 4570 completurque
1481 4497 1724 4554 veridica
1736 4499 1900 4557 voxV
1913 4499 2124 4554 eritatis

525 4585 935 4656 promittentis:
993 4586 1095 4652 Qui
1132 4586 1422 4640 crediderit
1461 4587 1518 4640 in
1555 4603 1653 4654 me,
1695 4604 1858 4658 opera
1896 4605 2011 4657 qua:
2039 4606 2126 4659 ego

523 4675 664 4755 facio
692 4673 851 4744 faciet
882 4675 1062 4746 (Joan.
1093 4691 1149 4743 x,
1185 4675 1297 4746 12).
1329 4676 1532 4733 Omnes
1562 4677 1731 4749 igitur
1762 4679 1902 4734 Iaatis
1926 4678 2126 4734 animis

523 4761 842 4834 magnisque
856 4762 1086 4819 vocibus
1095 4762 1432 4820 benedicunt
1447 4766 1870 4838 Dominum,qui
1884 4782 2003 4838 quae
2017 4766 2122 4835 sibi

593 4892 615 4919 ι
645 4856 762 4938 IIoc
793 4858 998 4938 factum
1021 4859 1313 4938 _improbat
1343 4857 1651 4914 Notkerus:
1695 4860 1778 4915 Vw
1804 4858 2123 4938 miserorum

521 4928 745 4996 meritis,
790 4928 973 5002 inquit
1021 4928 1142 4986 loco
1187 4931 1376 5002 citato,
1422 4947 1521 5001 per
1561 4947 1692 5002 quos
1721 4931 2122 5002 gseparationem

517 5016 680 5072 passa
719 5000 884 5069 sunt,'
918 5018 1033 5072 qua:
1087 5001 1426 5072 dispositione
1472 5002 1528 5056 S.
1580 5001 1816 5071 Spiritus
1873 5000 2124 5072 conjungi

519 5078 844 5126 meruerunt.

591 5147 616 5181 δ
641 5143 814 5214 Prope
838 5143 1023 5214 vicum
1052 5142 1364 5214 Floriacum
1397 5142 1518 5214 (qui
1548 5151 1708 5198 vetus
1731 5143 2017 5200 Floriacus
2039 5143 2120 5199 di-

519 5213 684 5285 citur,
716 5213 828 5268 uno
858 5213 1037 5285 lapide
1057 5213 1124 5268 ab
1153 5213 1354 5285 oppido
1382 5213 1796 5285 et’monasterio
1829 5215 1884 5271 S.
1938 5215 2119 5271 Bene-

519 5230 684 5280 cnur,
716 5231 828 5268 uno
859 5230 908 5269 Ia
949 5230 1037 5268 me
1057 5230 1124 5268 ao
1153 5230 1354 5285 oppido
1382 5230 1435 5268 et
1465 5230 1796 5270 monasterio
1829 5230 1884 5271 δ.
1938 5230 2118 5271 bene-

519 5283 657 5355 dicti
695 5230 944 5355 distansf
963 5291 1141 5340 exstat
1179 5285 1441 5340 sacellum
1472 5284 1528 5341 S.
1561 5285 1913 5343 Scholasticae
1951 5301 2016 5341 eo
2060 5287 2118 5342 in

522 5354 642 5410 loco
671 5355 767 5427 ubi
796 5354 915 5427 duo
937 5355 1052 5427 haec
1078 5355 1343 5412 miracula
1374 5363 1584 5427 patrata
1613 5363 1743 5412 sunt
1763 5356 2077 5413 dedicatum
2101 5375 2112 5412 :

521 5438 629 5494 quo
665 5426 870 5507 pluviae
918 5426 1230 5483 obtinendae
1271 5426 1445 5498 gratia
1481 5429 1755 5484 solemnes
1793 5443 1936 5498 saepe
1972 5427 2117 5487 ﬁunt

518 5505 966 5564 supplicationes.

589 5563 608 5599 δ
654 5563 778 5620 Haec
817 5566 872 5621 S.
915 5567 1059 5624 Petri
1095 5569 1322 5626 ecclesia
1361 5571 1601 5643 amplius
1642 5586 1750 5628 non
1791 5575 1988 5638 exstat,
2021 5569 2114 5628 sed

2229 4519 2354 4558 cum
2388 4518 2584 4574 magno
2613 4501 2797 4558 studio
2826 4501 2885 4557 in
2915 4502 3114 4558 melius
3143 4511 3338 4559 ornato
3363 4504 3468 4559 sub
3502 4504 3680 4577 pridie
3719 4506 3851 4561 No-

2235 4605 2333 4646 nas
2361 4590 2680 4647 Decembris
2709 4606 2834 4645 cum
2865 4590 3072 4662 ingenti
3097 4590 3307 4647 honore
3333 4601 3388 4648 et
3415 4593 3671 4650 laudibus
3692 4595 3848 4652 divi-

2235 4678 2322 4735 nis
2346 4685 2504 4735 terrae
2531 4677 2731 4733 humili
2759 4685 2958 4733 terram
2989 4678 3152 4734 multi
3173 4681 3332 4750 pretii
3351 4680 3580 4738 reddere
3594 4684 3850 4752 studuit,

2233 4769 2442 4842 vilique
2481 4783 2620 4823 urna
2651 4767 2678 4802 ά
2713 4766 2960 4823 contexit
2993 4768 3266 4824 caelestem
3306 4768 3652 4827 thesaurum.
3693 4772 3848 4828 Nam

2231 4861 2348 4916 sola
2385 4857 2613 4933 basilica
2638 4857 2722 4933 _B.
2771 4857 2953 4933 Mariae
2982 4874 3152 4933 sacr_a,
3178 4873 3313 4933 _quae
3342 4859 3427 4933 _uti
3448 4868 3522 4933 Aet
3563 4862 3852 4933 oppidum

2232 4929 2565 5012 monasterio
2601 4929 3053 5012 circumpositum
3067 4929 3154 5012 νδ..
3178 4929 3462 4987 Benedicti
3495 4929 3701 4988 nomen
3736 4951 3854 4989 ac-

2230 5000 2393 5073 cepit,
2425 5001 2590 5081 vulgo
2614 4999 2670 5055 S.
2699 4999 3229 5056 Benoist-sur-Loire.

2236 5151 2243 5152 γ
2302 5073 2327 5107 ά
2357 5072 2472 5152 _Hoc
2497 5071 2587 5126 die
2616 5072 2972 5152 Tunilatious'.‘
2994 5072 3278 5152 Benedicti
3311 5072 3670 5152 inplerisque
3691 5076 3853 5132 Mar~

2229 5142 2498 5215 tyrologis
2545 5159 2674 5198 mss.
2725 5142 3085 5215 inscribitur:
3131 5153 3185 5200 et
3221 5144 3276 5200 S.
3313 5142 3431 5201 Odo
3471 5146 3531 5200 in
3576 5142 3852 5203 sermone

2227 5213 2498 5294 sequenti,
2532 5229 2699 5294 num.
2720 5213 2773 5281 2,
2795 5214 3070 5294 duplicem
3101 5215 3155 5270 S.
3186 5215 3475 5294 Benedicti
3508 5219 3855 5275 solemnita-

2227 5285 2358 5352 tem,
2426 5285 2850 5340 'l'ranslationem
2904 5291 2950 5339 et
3007 5286 3447 5352 Tumulationem,
3509 5298 3852 5346 memorat:

2226 5355 2574 5411 Adrevaldus
2599 5355 2658 5411 in
2688 5355 2786 5411 lib.
2815 5356 3026 5424 Mirac.,
3056 5374 3104 5413 c.
3139 5356 3227 5425 22,
3261 5359 3689 5416 tumulationem
3721 5377 3857 5417 vo-

2225 5433 2314 5483 cat
2340 5427 2564 5503 solemne
2600 5427 2790 5503 festum
2837 5427 2891 5483 S.
2936 5426 3250 5503 confessoris
3291 5429 3507 5503 Christi
3532 5431 3857 5503 Benedicti,

2225 5499 2367 5568 quod
2381 5515 2467 5572 _ea:
2504 5498 2664 5572 veteri
2699 5499 3068 5572 consuetudine
3108 5501 3392 5572 quotannis
3413 5501 3600 5572 pridie
3626 5498 3862 5560 Nona-'-

2224 5585 2344 5624 rum
2375 5569 2732 5626 Decembrium
2768 5570 2966 5642 agitur.
3002 5569 3127 5636 Quo
3149 5569 3238 5627 die
3268 5578 3388 5644 post
3414 5569 3626 5629 inultos
3645 5589 3860 5634 annos
