4070 6184
277 225 386 288 909

1401 231 1494 288 DE
1534 227 1912 291 MIRACULIS
1950 235 2005 292 s.
2048 197 2468 292 BENEDICTI.

3473 241 3576 300 910

276 395 550 462 quantum
590 385 826 443 dilectus
877 389 1010 457 Deo,
1055 389 1413 463 amabilisque
1448 391 1561 462 ipse
1590 392 1878 449 thesaurus
1909 396 1950 454 Α
1987 401 2086 460 set,
2113 391 2447 463 credendum
2470 402 2549 449 est
2582 409 2705 449 eum
2730 411 2840 466 prae
2861 395 3118 451 omnibus
3147 397 3285 453 locis
3311 400 3434 470 plus
3449 416 3575 456 eum

275 479 372 544 sit,
423 483 700 532 testantur
737 475 1041 533 innumera:
1079 477 1345 534 debilium
1392 480 1651 536 sanitates
1675 498 1880 554 corpo-

275 583 425 634 rum,
459 563 814 636 maximeque
862 567 1171 624 animarum
1221 569 1468 638 medela,
1534 589 1653 644 quae
1705 589 1879 644 usque

273 653 446 710 hodie
476 651 807 708 mortalibus
831 670 929 725 pro
950 655 1088 710 tanti
1129 655 1235 710 viri
1267 654 1475 713 honore
1502 658 1826 714 tribuuntur
1849 675 1880 713 a

270 745 536 802 Domino.
570 743 676 800 Sed
705 753 759 798 et
780 743 935 801 locus
960 745 1132 802 isdem
1163 746 1322 818 cujus
1342 749 1414 804 sit
1449 748 1776 820 nobilitatis,
1810 768 1879 807 ex

270 833 492 891 actibus
545 833 693 889 beati
749 834 857 888 viri
910 834 1301 907 comprehendi
1345 844 1543 909 potest.
1592 839 1729 894 Nam
1750 855 1878 895 cum

270 923 455 980 eidem
489 922 614 978 viro
644 921 959 979 machinam
990 923 1048 978 in
1080 924 1308 995 sphaerae
1338 926 1562 982 modum
1596 929 1880 985 ostendis-

270 1044 593 1110 recurrente
620 1037 828 1110 Relatio
874 1053 971 1093 seu
1026 1039 1204 1094 lllatio
1233 1040 1478 1110 corporis
1506 1041 1561 1096 S.
1595 1042 1879 1099 Benedicti

270 1125 345 1164 ex
371 1109 508 1164 urbe
536 1108 962 1164 Aurelianorum
1011 1109 1068 1163 in
1102 1108 1498 1166 monasterium
1534 1113 1879 1169 Floriacense

269 1181 420 1252 circa
451 1179 823 1252 principatum
857 1179 1240 1252 Carolomanni
1289 1182 1557 1238 Ludovici
1588 1184 1744 1239 Balbi
1775 1185 1878 1240 filii

271 1251 419 1326 facta
452 1250 586 1326 est;
622 1251 908 1326 Postrema
933 1250 1050 1326 haec
1081 1252 1356 1326 festivitas
1375 1270 1496 1326 quae
1522 1255 1628 1326 sub
1653 1256 1878 1311 nomine

272 1324 504 1396 antiquo
544 1322 935 1380 Tit-mutationis
961 1322 1144 1382 adhuc
1178 1322 1469 1382 saeculo‘xr
1501 1325 1878 1384 celebrabatur

1987 481 2248 538 dilexisse
2279 500 2388 556 quo
2410 483 2687 555 praescivit
2709 484 2928 556 propria
2949 501 3069 540 ossa
3105 487 3340 557 propriis
3371 489 3577 546 relictis

1987 571 2210 628 sedibus
2238 572 2618 644 trapsferenda
2643 592 2653 628 :
2680 575 2738 628 in
2761 591 2870 646 quo
2902 574 3167 630 hactenus
3195 583 3346 633 tanta
3366 589 3578 637 constat

1988 668 2290 716 monstrata
2315 660 2602 728 miracula,
2626 671 2686 717 ut
2716 663 2761 717 si
2793 663 3182 731 scriberentur,
3215 665 3438 736 proprio
3483 667 3580 721 in-

1988 747 2242 820 digerent
2267 749 2432 819 libro,
2466 758 2759 822 praestante
2786 752 3025 807 Domino
3044 760 3232 809 nostro
3264 753 3392 810 Jesu
3422 754 3577 812 Chri-

1988 846 2094 893 sto.
2126 837 2323 895 Amen.

1986 1046 2075 1172 ἕω
2094 1052 2308 1100 constat
2335 1061 2405 1099 ex
2433 1045 2653 1102 Rodulﬁ
2684 1045 2918 1102 Tortarii
2950 1048 3092 1103 libro
3117 1049 3308 1105 Mirac.
3331 1048 3385 1104 S.
3409 1049 3576 1105 Bene-

2027 1116 2144 1172 icti.
2183 1132 2300 1172 can.
2335 1115 2422 1172 33.
2453 1132 2613 1172 auem
2646 1117 2849 1172 librum
2883 1119 3117 1172 Joannes
3133 1121 3359 1172 Boscius
3379 1131 3576 1172 auarto

2027 1116 2144 1183 icti,
2183 1132 2303 1193 cap.
2335 1115 2422 1184 33,
2453 1132 2613 1193 quem
2646 1117 2849 1193 librum
2876 1119 3117 1193 Joannes
3133 1121 3359 1176 Boscius
3379 1131 3576 1193 quarto

1987 1187 2108 1242 loco
2146 1187 2254 1266 sub.
2274 1187 2556 1266 Anonymi
2576 1188 2798 1266 nomine
2819 1189 3058 1266 edidit),
3095 1200 3293 1266 postea
3309 1193 3339 1247 Ι
3342 1187 3578 1266 nationis

1986 1271 2188 1333 nomen
2207 1258 2468 1333 obtinuit,
2493 1265 2552 1333 et
2583 1259 2968 1333 Tumulationis
2997 1258 3326 1333 antiquioris
3354 1262 3580 1320 celebri-

1987 1329 2115 1384 tatis
2144 1329 2466 1385 memoriam
2503 1329 2842 1387 obscuravit.

1720 1474 2124 1540 APPENDIX.

929 1593 1035 1657 Ea:
1065 1591 1338 1660 historia
1357 1593 1632 1676 propria
1679 1594 2156 1662 Translationis
2186 1617 2209 1646 ε
2237 1606 2483 1664 sanctae
2509 1598 2939 1666 Scholasticce.

351 1726 588 1785 Tandem
633 1724 802 1799 igitur
857 1727 1081 1782 Domini
1128 1728 1477 1801 providentia
1506 1738 1782 1802 przeennte
1817 1746 1880 1786 ac
1913 1737 1959 1795 Β
1985 1729 2040 1786 S.
2084 1730 2228 1786 Petri
2279 1730 2391 1804 jam
2450 1732 2818 1799 dedicaverat,
2871 1733 3125 1790 decenter
3170 1739 3224 1788 et
3261 1730 3579 1790 solemniter

273 1823 643 1896 subsequente
671 1837 871 1894 eosque
891 1821 1194 1878 comitante
1217 1823 1287 1878 ad
1317 1822 1738 1880 Cenomanicam
1772 1841 1880 1880 ur—

269 1911 400 1968 bem
432 1911 904 1983 propinquavere:
952 1910 1154 1983 quibus
1183 1912 1422 1968 domnus
1461 1912 1717 1968 Berarius
1747 1930 1877 1984 pon-

270 2002 416 2059 tifex
448 1999 778 2056 venerabilis
796 2016 907 2055 una
933 2017 1060 2056 cum
1102 2003 1377 2059 revestitis
1422 2001 1796 2058 sacerdotibus
1824 2008 1880 2057 et

268 2091 530 2146 omnium
573 2088 838 2161 graduum
879 2089 1098 2146 clericis
1128 2089 1486 2146 devotissime
1524 2092 1786 2158 occurrit,
1825 2098 1879 2146 et

266 2178 703 2236 sacratissimum
737 2177 794 2235 S.
827 2176 1178 2250 Scholasticae
1198 2179 1444 2252 corporis
1474 2179 1670 2251 pignus
1699 2196 1880 2236 vene-

264 2269 523 2325 rabiliter
553 2266 792 2338 suscepit
818 2284 829 2322 :
883 2275 942 2321 et
978 2267 1262 2322 civitatem
1290 2267 1625 2339 ingrediens,
1658 2267 1726 2324 ad
1750 2285 1879 2324 mo-

263 2357 578 2415 nasterium
600 2356 747 2428 quod
777 2355 844 2411 ad
863 2355 968 2412 hoc
991 2355 1076 2427 (ut
1107 2356 1377 2429 diximus)
1403 2374 1540 2429 opus
1569 2357 1713 2412 inter
1745 2375 1879 2412 mu-

264 2463 398 2504 rum
429 2446 676 2503 civitatis
702 2453 755 2501 et
776 2444 1009 2501 ﬂuvium
1021 2440 1198 2501 Bartaa
1221 2447 1488 2503 nobiliter
1505 2454 1668 2519 atque
1684 2446 1878 2503 decen-

263 2545 360 2594 ter
410 2538 477 2594 ab
539 2537 666 2593 imis
722 2535 1070 2605 fundaverat,
1105 2553 1231 2592 cum
1281 2552 1494 2591 summa
1524 2535 1879 2592 veneratione

263 2627 535 2684 devexit:
571 2627 758 2699 ibique
791 2625 932 2681 illud
962 2626 1022 2681 in
1049 2625 1278 2683 ecclesia
1305 2641 1468 2699 quam
1512 2626 1573 2680 in
1612 2625 1875 2681 honorem

347 2767 368 2793 ι
401 2755 528 2810 Haec
563 2755 874 2811 Translatio
904 2755 1204 2827 quotannis
1242 2755 1300 2809 in
1330 2755 1560 2812 civitate
1599 2755 1878 2813 Cenoma-

259 2827 401 2883 nica
439 2827 761 2882 solemniter
789 2827 1096 2881 celebratur
1133 2827 1324 2898 die7x1
1357 2827 1509 2894 Julii,
1552 2844 1661 2898 quo
1711 2844 1877 2883 sacra!

258 2899 338 2954 B.
372 2898 723 2954 Scholasticis
755 2898 998 2969 reliquiae
1029 2915 1122 2969 per
1161 2897 1348 2953 urbem
1378 2897 1648 2953 aulaeisiet
1668 2899 1878 2969 tapeti—

261 2970 381 3026 bus
401 2969 722 3024 adornatam
751 2969 1265 3025 circumducuntnr.
1298 2970 1513 3024 Exusto
1539 2986 1571 3023 a
1590 2970 1876 3024 Norman—

257 3041 366 3097 nis
387 3041 490 3113 sub
523 3041 690 3113 linem
717 3041 897 3113 saeculi
934 3058 988 3095 rx
1018 3042 1372 3108 monasterio,
1403 3041 1460 3094 in
1491 3057 1599 3113 quo
1621 3041 1674 3095 S.
1700 3041 1873 3113 Bern-

257 3114 398 3184 rius
435 3112 495 3165 Β.
526 3111 878 3184 Scholasticaa
904 3128 1102 3183 corpus
1122 3100 1466 3184 deposuerat,
1498 3100 1649 3167 sacra
1675 3112 1871 3184 ipsius
1907 3100 1948 3156 (λ
1980 3100 2164 3169 ferunt
2212 3115 2423 3169 meritis
2467 3114 2520 3169 S.
2571 3100 2943 3181 Scholasticae,

259 3183 446 3238 theca
489 3183 923 3237 Normannorum
968 3181 1142 3238 furori
1191 3181 1481 3250 subducta,
1515 3184 1573 3237 in
1605 3181 1868 3237 urbanam

265 3254 335 3310 S.
374 3253 520 3326 Petri
550 3253 867 3326 Ecclesiam,
901 3272 1020 3326 quae
1050 3254 1162 3325 jam
1193 3255 1480 3325 collegiata
1500 3262 1601 3326 est,
1627 3254 1872 3326 Hugonis

261 3323 504 3397 comitis
533 3323 733 3397 studio,
760 3323 982 3380 ineunte
1005 3323 1292 3393 x‘szeculo,
1316 3323 1509 3397 quarta
1530 3325 1619 3380 die
1639 3323 1870 3379 Novem-

261 3396 394 3451 bris
421 3396 684 3450 translata
717 3405 816 3451 est.
849 3398 960 3452 Hac
989 3398 1145 3452 etiam
1174 3396 1410 3450 saeviente
1447 3398 1681 3466 procella
1723 3397 1874 3450 Nor-

262 3482 603 3522 mannorum
629 3467 837 3538 (inquit
868 3468 1039 3524 Vetus
1067 3469 1295 3538 Auctor,
1317 3466 1473 3537 cujus
1506 3468 1871 3538 fragmentum

263 3538 510 3593 tom.lll
543 3538 684 3592 l-list.
709 3537 906 3593 Franc.
940 3538 1171 3593 Andreae
1191 3537 1413 3594 Chesnii
1446 3537 1724 3608 refertur),
1750 3539 1875 3592 urbs

268 3610 630 3666 Cenomanica
705 3610 1033 3675 devastatur,
1091 3615 1136 3662 et
1191 3608 1476 3662 coenobium
1538 3609 1594 3663 S.
1654 3609 1875 3679 virginis

267 3681 615 3737 Scholastij
645 3685 802 3734 extra
829 3696 1040 3733 murum
1070 3679 1218 3734 urbis
1248 3679 1405 3733 situm
1430 3685 1672 3734 exustum
1700 3687 1795 3747 est,
1831 3686 1876 3733 et

264 3768 469 3823 corpus
500 3752 667 3822 ipsius
696 3767 860 3805 sacrae
886 3751 1111 3822 virginis
1161 3751 1307 3805 intra
1353 3750 1583 3823 ejusdem
1613 3752 1764 3805 urbis
1794 3752 1877 3804 si—

263 3821 425 3877 miim
447 3821 680 3895 positum
709 3829 757 3877 et
783 3829 1164 3895 conservatum.
1218 3821 1373 3895 Quod
1427 3822 1691 3895 accidisse
1731 3839 1876 3895 anno

264 3895 384 3951 669
405 3893 672 3952 discimus
691 3910 760 3950 ex
781 3894 1061 3965 Anonymi
1082 3893 1345 3949 chronico
1364 3894 1708 3965 perantiquo,
1731 3893 1878 3965 quod

263 3965 536 4022 Andreas
591 3965 862 4023 Chesnius
891 3964 1071 4035 Gestis
1100 3966 1418 4035 Normann.
1449 3965 1736 4035 praemisit.
1755 3964 1878 4020 Nec

264 4037 491 4093 minori
519 4053 646 4093 sane
692 4037 960 4092 miraculo
1007 4034 1250 4106 ejusdem
1296 4033 1351 4089 S.
1402 4033 1752 4106 scholasticae
1783 4051 1879 4088 ar-

267 4117 481 4181 gentea
511 4125 669 4181 capsa
697 4107 973 4181 divinitus
1018 4105 1297 4181 subtracta
1352 4105 1735 4181 est‘manibus
1770 4122 1880 4181 sa;—

266 4176 556 4236 i'ientium
577 4176 1051 4246 Calvinistarum,
1083 4178 1177 4250 qui
1207 4193 1352 4250 anno
1376 4177 1512 4250 1562
1534 4176 1687 4250 die_3
1707 4177 1880 4250 Apri—

272 4253 374 4319 lis,
410 4251 629 4307 Merlini
658 4250 941 4322 cujusdam
982 4247 1345 4322 impurissimi
1386 4247 1676 4304 nebulonis
1731 4247 1882 4304 falsis

1988 1827 2111 1891 post
2142 1820 2311 1876 altare
2356 1821 2685 1878 collocavit:
2725 1821 3101 1894 ordinatisque
3148 1839 3266 1894 quae
3295 1829 3448 1877 erant
3474 1838 3580 1876 ne-

1987 1907 2222 1964 cessaria
2283 1909 2508 1964 feminis
2552 1912 2665 1965 Deo
2697 1910 2923 1966 sacratis
2961 1910 3239 1982 vitamque
3277 1911 3580 1983 regularem

1987 1997 2338 2066 ducentibus,
2374 1998 2515 2054 infra
2543 1998 2710 2054 breve
2739 2001 2979 2071 spatium
3009 2000 3274 2070 temporis
3318 2000 3582 2072 plurimas

1988 2087 2282 2156 nobilium,
2315 2087 2371 2143 id
2401 2097 2483 2145 est
2512 2105 2622 2144 non
2647 2090 2831 2144 minus
2862 2106 3022 2162 quam
3047 2097 3270 2144 centum
3303 2091 3585 2163 sexaginta

1989 2177 2323 2232 feminarum
2364 2180 2421 2234 in
2455 2178 2644 2234 eodem
2669 2179 3002 2234 monasterio
3031 2178 3254 2234 Domini
3293 2179 3582 2236 famulatui

1987 2270 2320 2342 aggregavit,
2365 2279 2419 2326 et
2485 2272 2664 2342 ipsum
2711 2273 3106 2329 monasterium
3155 2275 3222 2330 de
3272 2274 3434 2330 rebus
3497 2277 3583 2331 sui

1987 2359 2332 2432 episcopatus
2358 2359 2620 2416 nobiliter
2639 2361 2862 2429 ditavit,
2904 2361 3193 2434 ipsumque
3222 2381 3348 2420 cum
3392 2365 3584 2420 omni—

1986 2448 2091 2504 bus
2149 2448 2216 2504 ad
2266 2466 2320 2505 se
2354 2450 2760 2521 pertinentibus
2789 2467 2899 2506 suae
2930 2451 3046 2506 sedi
3073 2459 3126 2506 et
3151 2453 3312 2507 matri
3341 2453 3580 2509 ecclesiae

1988 2541 2078 2597 cui
2111 2540 2436 2613 praesidebat
2461 2541 2771 2613 subjectum
2787 2541 2842 2596 in
2861 2541 3188 2614 perpetuum
3209 2542 3325 2599 fore
3345 2545 3579 2601 censuit.

1987 2757 2433 2833 persuasionibus
2459 2759 2762 2833 accivium
2791 2759 3157 2833 quorumdam
3183 2756 3498 2832 proditione
3525 2761 3585 2816 in

1986 2832 2178 2902 urbem
2215 2830 2460 2902 admissi,
2493 2831 2726 2902 direptis
2773 2830 2936 2887 rebus
2987 2832 3156 2887 sacris
3185 2830 3276 2886 'ac
3314 2833 3582 2902 profanis,

1987 2900 2074 2956 die
2107 2902 2171 2956 10
2204 2901 2335 2973 Julii
2376 2903 2431 2956 in
2463 2900 2653 2973 vigilia
2683 2901 3080 2958 Translationis
3127 2903 3180 2958 S.
3233 2900 3584 2959 Scholasticaa

1986 2973 2166 3027 subita
2212 2971 2824 3046 formidine—correpti,
2871 2974 2926 3046 in
2951 2974 3139 3046 fugam
3174 2973 3395 3046 nemine
3444 2975 3583 3030 inse-

1985 3052 2183 3116 quente
2220 3044 2496 3116 conversi_
2531 3054 2689 3100 sunt:
2725 3044 2905 3116 'quod
2935 3044 3236 3101 Cenomani
3293 3054 3582 3116 acceptum

3039 3131 3162 3168 nam
3190 3122 3250 3168 ut
3294 3117 3583 3172 tutelarem

1982 3131 2164 3169 rerum
2212 3131 2423 3169 meritis
2467 3131 2520 3169 δ.
2571 3131 2943 3181 δοηοιεειωίε,
3039 3131 3162 3168 nam
3190 3131 3250 3168 ut
3294 3131 3582 3172 tutelarem

1982 3202 2044 3240 ac
2075 3193 2356 3256 patronam
2390 3185 2720 3256 praecipuam
2743 3187 2952 3240 colunt.
2998 3131 3133 3250 ignee
3168 3185 3237 3256 de
3274 3185 3339 3256 S.
3362 3187 3582 3242 Schola-

1983 3255 2140 3326 sticm
2190 3256 2545 3326 reliquiarum
2584 3255 2774 3325 majori
2809 3264 2958 3326 parte
2999 3272 3092 3326 per
3126 3255 3436 3310 Bichildem
3468 3258 3580 3313 Ca—

1983 3327 2088 3382 roli
2118 3325 2269 3383 Calvi
2304 3324 2593 3396 conjugem
2625 3324 2769 3380 anno
2798 3324 2902 3382 874
2924 3324 3188 3381 translata
3219 3326 3276 3380 in
3309 3335 3579 3383 monaste-

1985 3398 2125 3452 rium
2186 3397 2570 3452 Juviniacense
2622 3397 3112 3461 circumferuntur,
3171 3397 3381 3451 incerta
3431 3406 3580 3455 sunt.

1984 3468 2142 3524 Certe
2191 3467 2447 3538 Aigulfus
2492 3467 2585 3538 SS_.
2635 3467 2918 3538 Benedicti
2967 3475 3020 3522 et
3055 3467 3406 3523 Scholasticae
3463 3486 3585 3524 ossa

1983 3538 2137 3594 arida
2181 3536 2452 3593 ex'ltalia
2497 3536 2758 3592 advexit:
2810 3546 2863 3592 et
2911 3546 3095 3592 tamen
3133 3539 3188 3593 S.
3233 3538 3584 3596 Scholastica:

1982 3609 2268 3665 brachium
2297 3608 2510 3663 ossibus
2542 3616 2595 3680 et
2614 3625 2776 3664 carne
2807 3609 3086 3680 integrum
3120 3609 3181 3663 in
3220 3609 3410 3664 eodem
3467 3627 3580 3665 mo-

1985 3681 2222 3736 nasterio
2247 3680 2512 3735 asservari
2543 3679 2767 3748 dicitur,
2822 3680 2900 3734 uti
2939 3679 2995 3734 et
3025 3681 3308 3751 cingulum
3339 3680 3584 3751 ejusdem

1985 3761 2208 3821 sanctae,
2240 3767 2348 3823 quo
2376 3752 2536 3806 Anna
2566 3752 2854 3806 Austriaca
2894 3751 3072 3823 felicis
3104 3751 3379 3823 memoriae
3422 3753 3584 3807 Fran-

1986 3840 2175 3878 corum
2207 3821 2394 3893 refgina
2417 3823 2474 3894 in
2504 3823 2791 3894 puerperio
2821 3821 3175 3894 invictissimi
3216 3822 3358 3894 regis
3410 3823 3585 3878 nostri

1992 3894 2255 3950 Ludovici
2297 3893 2426 3950 XIV
2461 3893 2621 3949 modo
2644 3893 2981 3965 imperantis
3028 3911 3123 3949 usa
3154 3903 3253 3949 est.
3297 3895 3465 3948 Porro
3495 3896 3586 3949 Ju-

1986 3966 2302 4021 viniacense
2348 3965 2660 4020 Parthenon
2697 3965 2816 4021 ord.
2876 3967 2929 4020 S.
2973 3965 3178 4020 Bened.
3241 3965 3298 4019 in
3342 3965 3586 4020 conﬁnio

1988 4035 2238 4108 dimcesis
2292 4036 2633 4092 Trevirensis
2683 4037 2899 4092 duabus
2929 4037 3244 4108 aSatanaco
3283 4036 3486 4108 oppido
3517 4037 3586 4092 ad

1989 4107 2436 4188 Caruma‘mnrem
2466 4109 2729 4188 positum,
2759 4108 2828 4162 ab
2863 4109 2986 4188 ipso
3015 4107 3263 4188 conditu
3306 4107 3587 4188 nuncupa-

1989 4185 2108 4232 tum
2145 4184 2226 4232 est
2255 4177 2308 4232 S.
2335 4176 2706 4248 Scholasticae,
2739 4193 2860 4248 quas
2884 4176 3029 4232 inibi
3051 4179 3216 4233 etiam
3249 4195 3397 4235 nunc
3426 4176 3588 4233 mira-

1990 4249 2113 4305 cula
2141 4248 2270 4320 saapi
2282 4264 2347 4304 us
2376 4248 2588 4319 operari
2621 4247 2813 4303 fertur.

989 4558 1747 4673 MIRACULA
1865 4561 1970 4670 S.
2096 4555 2889 4669 BENEDICTI

817 4769 1068 4812 ΡΔΤΒΑΤΑ
1105 4767 1160 4809 IN
1200 4769 1398 4810 GALLIA
1443 4769 1570 4809 POST
1608 4767 2059 4809 TRANSLATIONEM
2097 4766 2170 4806 AD
2208 4764 2427 4806 MEDIUM
2459 4765 2629 4814 USQUE
2658 4765 2926 4809 SECULUM
2964 4766 3039 4808 IX.

1478 4871 1733 4953 Scripta
1764 4873 1844 4936 ab
1884 4873 2108 4936 ADRE
2121 4872 2402 4936 VALDO.

441 4995 629 5072 (Apud
659 4991 896 5066 Mabill.,
921 4998 1058 5054 Acta
1086 4995 1180 5053 SS.
1216 4995 1429 5052 ordinis
1458 4994 1514 5052 S.
1547 4994 1776 5064 Bened.,
1809 5000 1943 5051 tom.
1976 4995 2045 5064 II,
2076 5010 2146 5050 ex
2174 4993 2400 5051 Joannis
2430 4993 2611 5052 Boscii
2652 4993 2982 5053 Bibliothec.
3010 4993 3265 5060 Floriac.,
3307 4991 3438 5061 etc.)

1801 5129 2044 5140 _

703 5213 1069 5273 PROLOGUS
1098 5211 1465 5272 AUCTORIS.

732 5302 908 5362 Italia:
926 5307 1043 5362 laus
1072 5311 1119 5361 et
1145 5305 1445 5376 descriptio.

364 5396 542 5470 Regni
571 5395 750 5452 Italici
780 5411 1056 5451 summum
1089 5411 1151 5450 ac
1180 5395 1500 5467 praeclarum
1524 5391 1689 5448 decus
1717 5405 1780 5446 ea
1810 5388 1893 5444 in-

284 5489 503 5547 stantia
531 5505 562 5544 a
592 5485 1126 5560 praepollentissimis
1159 5492 1408 5540 veterum
1432 5489 1715 5538 auctorum
1747 5479 1893 5551 inge-

283 5577 408 5636 niis
423 5581 720 5634 tractatum
739 5583 818 5632 est
830 5574 1151 5650 editumque
1165 5582 1398 5642 constat,
1415 5588 1522 5646 quo
1529 5571 1639 5645 jam
1656 5566 1843 5627 inveni
1851 5569 1894 5624 ri

1913 5226 1963 5284 D
1995 5211 2245 5282 nequiret
2269 5206 2417 5282 quod
2438 5227 2548 5267 non
2571 5208 3035 5282 praeoccupaverit
3065 5206 3331 5279 majorum
3355 5202 3581 5277 diligen-

1998 5297 2094 5354 tia.
2132 5297 2503 5370 Scriptoribus
2551 5315 2786 5372 namque
2808 5296 3272 5371 praestantissimis
3300 5301 3584 5366 suppetere

2002 5387 2302 5460 plurimum
2319 5386 2610 5441 videbatur
2631 5387 2802 5458 ipsius
2819 5381 3111 5441 laudabilis
3134 5392 3288 5439 terra:
3311 5383 3586 5440 excellens

2007 5475 2253 5545 materia,
2284 5473 2408 5533 caeli
2439 5475 2650 5530 scilicet
2677 5474 2958 5547 temperie,
2983 5474 3229 5530 locorum
3243 5473 3584 5542 salubritate,

2008 5566 2292 5625 fertilitate
2321 5565 2445 5633 soli,
2479 5564 2747 5638 opacitate
2775 5563 3248 5621 abundantissima
3276 5579 3584 5632 nemorum,
