4070 6178
521 245 622 300 911

520 399 748 455 collium
777 395 1082 470 apricitate,
1115 393 1361 450 olearum
1394 392 1708 466 vitiumque
1746 391 1977 466 proﬂuis
1998 409 2121 465 pro-
2147 415 2198 476 Α

523 487 802 555 rentibus,
828 500 1096 542 novarum
1111 481 1334 538 urbium
1357 481 1696 550 amanitate,
1716 490 1963 537 veterum
1986 497 2115 556 quo-

520 592 625 650 que
672 574 999 649 oppidorum
1055 572 1269 642 decore,
1327 571 1572 627 amnium
1640 570 1913 627 nobilium
1969 567 2116 626 felici

518 663 796 737 prolapsu,
854 677 1070 736 unaque
1117 671 1441 719 cunctarum
1490 676 1674 716 rerum
1704 661 2117 732 opulentissima

521 754 712 826 gloria.
745 753 819 808 At
843 769 968 809 cum
997 759 1162 810 tanta
1184 752 1354 824 copia
1375 750 1623 824 potentia
1642 751 1904 823 vigorque
1924 749 2114 806 decen-

518 842 767 898 tissimus
797 849 1043 898 veterum
1067 841 1251 898 studio
1280 842 1453 896 Italia
1476 840 1646 895 fuerit
1665 839 1986 905 attributus,
2009 847 2112 894 tra-

517 945 638 993 ctus
685 944 870 990 tamen
938 933 1109 989 totius
1166 932 1356 1004 patria
1415 932 1473 986 in
1527 931 1746 986 diversa
1807 939 2110 1002 porrectus,

517 1022 772 1095 diligenti
796 1038 910 1078 sese
931 1021 1371 1077 consideratione
1393 1019 1606 1075 adverti
1632 1021 1898 1092 exposcit.
1928 1020 2112 1091 Neque

515 1115 664 1170 enim
695 1111 861 1167 unius
883 1110 1230 1167 solummodo
1252 1109 1490 1180 regionis
1525 1108 1793 1165 beneﬁcia
1821 1107 2110 1180 complecti

513 1209 665 1258 tanta
687 1200 846 1256 laude
873 1199 1153 1269 videntur,
1179 1199 1313 1272 quin
1338 1199 1520 1271 potius
1534 1200 1722 1271 patria
1745 1198 1928 1254 omnis
1949 1199 2112 1253 decor

514 1289 777 1361 regnique
806 1289 1041 1344 felicitas
1064 1289 1220 1344 brevi
1247 1297 1554 1343 memoratu
1579 1304 1642 1343 ac
1671 1288 1716 1343 si
1747 1287 1984 1361 quodam
2003 1286 2109 1342 col-

513 1379 758 1435 lcctaneo
809 1379 1032 1434 astricta
1079 1378 1425 1450 perspicitur.
1483 1378 1730 1451 Cumque
1774 1376 2110 1450 magnitudo

513 1467 630 1539 ipsa
657 1467 836 1524 Italici
866 1469 1017 1540 regni
1048 1467 1194 1540 quod
1224 1467 1359 1523 olim
1377 1468 1571 1538 Magna
1601 1467 1811 1523 Gracia
1832 1482 2111 1538 nuncupa-

511 1556 693 1626 batur,
725 1573 788 1613 eo
815 1557 962 1631 quod
992 1557 1154 1613 urbes
1180 1555 1299 1629 ejus
1320 1565 1483 1630 atque
1505 1557 1731 1612 castella
1759 1556 1846 1612 vel
1866 1556 2111 1611 maxima

511 1664 580 1703 ex
609 1655 762 1720 parte
801 1647 1119 1703 auctoribus
1143 1646 1344 1703 Gracis
1365 1647 1732 1714 constiterint,
1767 1646 1823 1702 in
1857 1645 2110 1718 longitu—

510 1736 697 1792 dinem
721 1735 1179 1808 latitudinemque
1199 1753 1354 1809 aequo
1374 1735 1662 1790 libramine
1681 1734 1969 1802 astimata,
1992 1734 2107 1789 lon-
2145 1777 2186 1835 Β

511 1827 759 1898 gitudine
790 1826 937 1882 haud
969 1827 1182 1882 modice
1204 1834 1423 1898 superet
1457 1825 2106 1894 latitudinem,assimilis

509 1917 700 1990 utique
721 1933 929 1990 querno
951 1915 1107 1983 folio,
1131 1915 1278 1986 quod
1300 1915 1628 1986 proceritate
1647 1915 1729 1969 sui
1755 1914 2104 1969 latitudinem

510 2005 757 2070 excedit;
815 2005 1176 2074 plurimarum
1228 2011 1414 2058 tamen
1469 2003 1882 2074 provinciarum
1934 2010 2106 2058 mater

507 2092 701 2149 etl'ecta
721 2091 982 2164 pradulci
1006 2099 1232 2148 cunctas
1247 2091 1598 2162 amplectitur
1619 2092 1844 2162 gremio.
1870 2091 1940 2148 At
1974 2108 2105 2147 vero

508 2183 741 2240 Romani
765 2181 982 2254 imperii
1011 2181 1244 2253 insignis
1266 2182 1512 2254 potentia
1541 2182 1672 2238 dum
1696 2181 2003 2238 edomitum
2020 2199 2104 2237 or-

506 2273 630 2330 bem
674 2272 800 2345 jure
839 2271 1238 2346 perduellionis
1265 2272 1516 2328 obtinere
1545 2272 1734 2340 vellet,
1767 2272 2106 2344 amplissima

508 2379 801 2436 regnorum
822 2361 996 2434 spatia
1013 2378 1132 2434 qua
1153 2378 1248 2434 per
1261 2361 1472 2430 Asiam,
1497 2362 1773 2433 Europam
1798 2369 1851 2418 et
1873 2363 2104 2434 Libyam

507 2451 656 2509 haud
687 2469 880 2525 parum
899 2451 1312 2520 distenduntur,
1335 2451 1392 2506 in
1415 2451 1729 2524 provincias
1753 2451 2105 2525 coloniasque

508 2541 816 2597 discindere
839 2549 1018 2596 ratum
1044 2538 1257 2606 habuit,
1290 2540 1478 2612 sicque
1507 2539 1898 2612 stipendiarias
1924 2541 2106 2613 legio-

509 2629 674 2684 nibus
703 2627 1042 2700 interpositis
1070 2627 1424 2683 constituere.
1459 2630 1610 2684 Inter
1636 2645 1756 2701 qua
1785 2629 1944 2684 Italia
1973 2647 2104 2702 quo-

509 2733 615 2790 que
644 2717 886 2771 maxima
907 2732 1198 2788 regnorum
1222 2715 1594 2774 Occidentalis
1619 2717 1857 2774 climatis
1878 2717 2104 2774 divisio-

508 2824 634 2863 nem
665 2823 839 2878 passa,
868 2806 1252 2878 duodeviginti
1286 2819 1306 2845 ·
1325 2809 1641 2879 provincias
1669 2825 1736 2864 ex
1759 2826 1875 2866 sese
1905 2818 2105 2882 protu-

504 2897 587 2963 lit,
656 2912 890 2968 quarum
955 2896 1207 2952 omnium
1248 2897 1568 2968 praeclarior
1636 2898 1874 2967 Valeria,
1945 2899 2104 2973 eique

500 2984 759 3056 adjuncta
803 2983 1000 3041 Nursia
1027 2983 1173 3038 inter
1220 2983 1503 3039 Umbriam
1535 2992 1588 3039 et
1616 2984 1973 3056 Campaniam
2003 2987 2104 3042 Pi-

499 3090 806 3147 cenumque
832 3072 1103 3141 consistit,
1129 3071 1438 3128 Samnitum
1461 3072 1728 3128 orientem
1759 3089 1950 3131 versus
1980 3092 2101 3147 pro-

1513 233 1928 292 ADBEVALDI
1971 233 2472 292 FLORIACENSIS
2513 231 2830 290 MONACH]

3707 231 3800 286 912

2843 402 3070 463 CAPUT
3102 402 3151 457 X
3173 400 3214 459 ⁵.

2731 521 3058 578 Cassinensis
3107 519 3324 576 eversio.

2295 660 2512 716 Iustino
2541 661 2709 733 igitur
2739 661 3064 732 imperatore
3108 656 3178 714 ob
3223 655 3623 714 immanitatem
3652 659 3817 715 scele-

2223 767 2346 807 rum
2377 751 2433 806 in
2463 749 2756 806 amentiam
2788 765 2944 806 verso
2973 765 3036 804 ac
3065 749 3228 821 paulo
3260 755 3380 820 post
3429 746 3544 802 vita
3574 747 3809 819 privato,

2223 839 2473 896 Tiberius
2502 837 2914 906 Constantinus,
2948 837 3034 892 vir
3062 835 3377 909 reipublica
3407 835 3652 909 regenda
3684 845 3817 894 stre-

2222 947 2385 999 nuus,
2429 929 2645 1002 imperii
2677 928 2879 983 infulas
2927 927 3097 983 totius
3125 927 3301 1000 gentis
3329 925 3524 981 adnisu
3553 928 3816 1001 suscepit,

2222 1021 2420 1092 quibus
2450 1035 2544 1091 per
2572 1026 2777 1090 septem
2803 1034 2975 1074 annos
3021 1018 3126 1074 rite
3153 1016 3488 1090 gubernatis,
3531 1033 3821 1074 successo-

2222 1123 2334 1162 rem
2366 1105 2567 1178 delegit
2597 1106 2702 1161 sibi
2735 1107 3087 1175 Mauricium,
3121 1123 3192 1162 ex
3226 1107 3477 1179 prosapia
3506 1107 3822 1164 Graecorum

2220 1212 2283 1252 ac
2304 1195 2645 1268 Cappadocia
2674 1196 2992 1252 oriundum.
3020 1196 3138 1264 Quo
3160 1196 3489 1268 imperante,
3521 1196 3580 1252 Β.
3604 1197 3824 1269 Grego—

2221 1284 2337 1341 rius
2365 1293 2564 1342 sancta
2593 1294 2756 1359 atque
2787 1287 3100 1360 apostolica
3131 1286 3245 1342 sedi
3289 1287 3473 1344 Roma
3522 1286 3824 1360 praﬁcitur

2220 1375 2527 1446 episcopus.
2577 1375 2746 1430 Porro
2786 1377 3124 1432 Francorum
3165 1392 3394 1448 regnum
3433 1375 3824 1432 Brunechildis

2219 1463 2406 1536 regina
2425 1480 2550 1519 cum
2573 1465 2864 1535 nepotibus
2891 1464 3266 1520 Theodeberto
3295 1471 3458 1536 atque
3483 1464 3822 1522 Theoderico

2219 1551 2352 1606 ﬁliis
2389 1550 2728 1608 Childeberti
2785 1552 2927 1624 regis
2974 1551 3089 1623 jam
3144 1551 3367 1622 majoris
3421 1553 3594 1610 aetatis
3643 1564 3824 1611 metas

2217 1643 2616 1714 attingentibus
2647 1643 2864 1701 fortiter
2899 1645 3138 1716 regebat.
3172 1646 3243 1700 At
3270 1651 3401 1701 vero
3437 1663 3564 1717 gens
3593 1646 3825 1720 Lango-

2217 1733 2511 1789 bardorum
2535 1735 2748 1790 Italiam
2774 1753 2804 1791 a
2836 1735 3081 1808 partibus
3110 1735 3466 1794 Venetiarum
3499 1736 3737 1806 dudum,
3768 1750 3822 1796 ut

2216 1839 2379 1894 supra
2407 1825 2838 1897 pralibavimus,
2871 1826 3132 1897 ingressa,
3166 1827 3410 1884 maxima
3438 1844 3506 1884 ex
3537 1836 3686 1901 parte
3711 1830 3822 1886 cla-

2216 1911 2378 1967 dibus
2416 1912 2725 1980 aliiciendo,
2769 1931 2880 1969 sua
2924 1915 3183 1986 potentia
3222 1915 3454 1972 subdere
3492 1917 3823 1977 conabatur.

2216 1999 2545 2056 Procedente
2566 2002 2765 2059 deinde
2788 2012 3050 2075 tempore,
3071 2003 3294 2076 jamque
3315 2005 3495 2062 Phoca
3517 2007 3819 2078 imperium

2214 2089 2634 2147 administrante
2665 2093 2994 2163 Romanum,
3029 2094 3120 2166 qui
3147 2094 3470 2152 Mauricium
3510 2096 3826 2169 imperato-

2217 2194 2328 2233 rem
2355 2195 2483 2234 cum
2512 2179 2644 2234 filiis
2680 2179 3008 2248 Theodosio,
3060 2182 3298 2252 Tiberio,
3343 2193 3504 2256 atque
3533 2186 3822 2244 Constan-

2214 2266 2354 2334 tino,
2377 2283 2502 2322 cum
2524 2275 2663 2324 esset
2684 2275 2884 2326 strator
2904 2269 3075 2327 Prisci
3098 2271 3340 2341 Patricii,
3378 2272 3506 2329 dolo
3525 2274 3822 2333 intereme-

2215 2365 2319 2425 rat,
2361 2357 2584 2428 prafata
2623 2375 2754 2430 gens
2789 2360 2927 2416 duce
2955 2362 3223 2432 Agilulfo,
3269 2379 3430 2436 quem
3479 2364 3584 2421 sibi
3630 2383 3818 2440 regem

2215 2447 2549 2517 prafecerat,
2584 2456 2754 2504 totam
2789 2465 2928 2522 pene
2971 2450 3228 2524 irrumpit
3260 2462 3279 2488 ε
3315 2454 3550 2523 Italiam,
3603 2456 3822 2514 Roma-

2215 2552 2451 2608 namque
2478 2537 2795 2608 aggreditur
2823 2539 3036 2595 urbem.
3061 2539 3173 2596 Nec
3202 2541 3364 2612 longo
3397 2551 3516 2614 post
3544 2560 3576 2598 a
3605 2545 3822 2617 praedo-

2215 2626 2379 2683 nibus
2397 2627 2668 2699 pradicta
2693 2628 3291 2701 gentis,monasterium
3313 2630 3617 2690 beatissimi
3637 2635 3821 2692 Patris

2215 2715 2518 2784 Benedicti,
2549 2717 2696 2790 quod
2718 2717 2775 2772 in
2806 2718 3032 2775 Cassino
3065 2719 3233 2775 situm
3256 2728 3357 2790 est,
3390 2730 3557 2779 noctu
3588 2723 3821 2782 invadi-

2213 2813 2323 2874 tur,
2355 2805 2634 2878 diripitur,
2665 2807 2987 2865 destruitur.
3011 2809 3116 2876 Qui
3148 2827 3274 2868 cum
3309 2812 3566 2889 universa
3611 2813 3817 2890 diripe-

2213 2903 2353 2964 rent,
2384 2912 2452 2950 ne
2479 2912 2652 2952 unum
2693 2897 2915 2970 quidem
2958 2915 3027 2955 ex
3058 2899 3342 2958 monachis
3383 2910 3568 2960 tenere
3609 2914 3818 2978 potue-

2214 2991 2376 3039 runt:
2411 2991 2472 3040 ut
2503 2985 2792 3058 prophetia
2822 2988 3158 3044 venerabilis
3200 2990 3398 3060 Patris,
3445 3009 3610 3066 quam
3651 2995 3815 3069 longe

2213 3080 2339 3128 ante
2371 3075 2716 3146 praeviderat,
2749 3079 3139 3149 compleretur,
3171 3095 3277 3152 qua
3304 3080 3483 3137 dixit:
3520 3083 3633 3139 Vix
3665 3085 3816 3158 apud

500 3174 752 3238 spectans
781 3165 1041 3231 limitem,
1070 3161 1296 3218 Etruria
1323 3178 1456 3218 vero
1472 3163 1659 3218 semeti
1667 3179 1817 3234 psam
1845 3164 2098 3221 determi-
2131 3137 2172 3196 θ
2211 3165 2510 3219 Dominum
2526 3165 2775 3222 obtinere
2796 3167 2970 3239 potui,
2993 3176 3054 3224 ut
3074 3186 3142 3226 ex
3163 3169 3268 3225 hoc
3284 3171 3406 3227 loco
3449 3170 3587 3227 mihi
3611 3137 3814 3229 aniina

502 3273 658 3314 nans.
697 3255 832 3312 Cum
866 3254 1069 3326 itaque,
1102 3259 1163 3306 ut
1192 3250 1626 3324 pralibavimus,
1657 3252 1946 3310 nobilitate
1982 3253 2099 3310 sin-

502 3344 678 3418 gulari
699 3343 1033 3399 etbonorum
1047 3341 1298 3397 omnium
1314 3341 1672 3414 proventibus
1686 3339 2100 3396 afﬂuentissime

501 3435 875 3502 exuberescat,
909 3433 1404 3505 pracelsorumque
1430 3431 1601 3486 altrix
1630 3431 1878 3486 virorum
1920 3432 2100 3504 prisca

499 3524 805 3596 reperiatur
833 3529 1011 3590 atate,
1044 3539 1156 3577 uno
1187 3529 1371 3576 tamen
1402 3521 1748 3592 semetipsam
1793 3521 2098 3578 editissimo

499 3611 681 3684 potuit
700 3611 922 3664 vincere
937 3607 1337 3678 germine,dum
1360 3606 1663 3662 beatissimi
1681 3607 1857 3662 Patris
1870 3609 2095 3664 Benedi-

497 3701 572 3756 cti
604 3697 899 3770 optandam
930 3696 1145 3752 cunctis
1161 3696 1487 3750 mortalibus
1503 3696 1736 3766 protulit
1765 3697 2094 3766 genituram.

569 3809 592 3835 ι
614 3795 862 3851 Totidem
888 3794 1060 3867 Italia
1080 3793 1395 3867 provincias
1415 3801 1665 3867 numerat
1705 3794 1902 3867 Paulus
1933 3797 2091 3852 War-

495 3867 747 3924 nefridus
775 3867 832 3921 in
864 3866 963 3921 lib.
995 3883 1056 3939 II,
1084 3865 1248 3939 Hist.
1284 3865 1546 3939 La_n_gob.,
1569 3880 1697 3939 cap.
1752 3866 1818 3919 I5
1857 3873 1910 3920 et
1938 3883 2088 3939 seqq.

567 3941 588 3968 "
606 3940 841 3994 Joannes
870 3937 1098 3991 Boscius
1129 3936 1330 3989 librum
1355 3935 1743 3990 Miraculorum
1766 3951 1878 3991 uno
1905 3935 2090 3993 tenore

524 4017 585 4064 ut
614 4026 683 4064 ex
715 4025 843 4063 mss.
875 4006 1328 4079 codd._apparet)
1362 4006 1429 4079 ab
1464 4005 1797 4079 Adrevaldoi
1825 4008 2090 4079 scriptum

493 4011 683 4135 sut‘eox
711 4025 843 4089 mss.
875 4011 1037 4087 codd.
1083 4011 1328 4086 apparet)
1362 4011 1429 4060 ab
1464 4011 1799 4088 Adrevaldo”
1825 4011 2089 4087 scriptum

537 4087 686 4150 tvisu
707 4094 765 4133 1n
789 4077 1028 4150 capitula
1047 4076 1134 4150 39,
1169 4075 1536 4150 quibusduos
1563 4076 1803 4133 Adeleru
1828 4081 2089 4136 articulos

491 4149 802 4222 subjunxit.
832 4147 918 4222 Ex
949 4147 1153 4222 primis;
1168 4147 1434 4222 capitulis
1449 4164 1667 4222 novem,
1690 4165 1819 4222 qua
1843 4167 1990 4206 mera
2009 4161 2089 4208 est

492 4218 745 4294 repetitio
787 4236 859 4275 ex
884 4218 1037 4294 Actis
1085 4218 1519 4294 S_S.__Ben_edicti
1548 4227 1602 4276 et
1653 4218 2088 4294 Mauriialiisque

491 4290 808 4348 auctoribus
837 4291 1036 4362 cuique
1065 4290 1246 4346 obviis
1274 4292 1521 4363 collecta,
1568 4308 1770 4363 paucos
1817 4290 2087 4350 duntaxat

492 4381 681 4420 versus
737 4361 1131 4435 excerpsimus.
1162 4363 1224 4417 In
1253 4361 1440 4435 capite
1471 4361 1586 4430 sic;
1605 4373 1724 4434 post
1781 4365 2081 4435 superiora,

491 4452 659 4507 genus
689 4443 742 4490 et
790 4432 970 4507 ortum
1001 4433 1057 4488 S.
1090 4432 1378 4507 Benedicti
1411 4432 1673 4507 describit
1719 4432 2080 4492 Adrevaldus.

504 4504 645 4562 illic
674 4522 868 4576 nempe
897 4504 1130 4576 dilectus
1161 4505 1382 4576 Domini
1413 4505 1762 4574 Benedictus,
1790 4513 1924 4561 teste
1953 4507 2082 4562 exi-

489 4578 603 4633 mio
625 4575 854 4649 prasule
885 4575 1165 4649 Gregorio,
1195 4575 1392 4649 Nursia
1419 4584 1664 4649 exortus,
1707 4593 1845 4648 qua,
1882 4585 1944 4632 ut
1966 4578 2078 4649 jam

487 4647 746 4719 praefatus
775 4663 928 4719 sum,
951 4647 1248 4716 conjuncta
1279 4647 1508 4702 Valeria
1540 4647 1885 4719 Etruriaque
1915 4647 2076 4704 unam

486 4718 654 4772 etIicit
683 4718 1045 4788 provinciam,
1089 4734 1199 4772 non
1251 4719 1428 4772 solum
1467 4734 1586 4788 eam
1643 4735 1742 4773 suo
1783 4718 2080 4776 illustravit

486 4787 703 4854 exortu,
741 4803 931 4842 verum
961 4803 1178 4842 omnem
1210 4789 1447 4855 Italiam,
1501 4787 1659 4858 cujus
1690 4788 1923 4846 felicitas
1967 4793 2079 4847 alto

487 4862 718 4931 repetita
749 4858 1020 4929 principio
1050 4858 1152 4913 hac
1177 4859 1243 4914 de
1271 4875 1431 4914 causa
1469 4859 1620 4913 brevi
1665 4860 1927 4915 edisserta
1974 4872 2074 4931 est,

485 4932 752 5003 inclytam
775 4945 874 4984 suo
897 4944 1120 5003 munere
1151 4931 1427 5003 praestitit:
1460 4931 1707 5003 Denique
1735 4940 1950 5002 quanta
1998 4935 2076 4988 di-

484 5000 709 5073 gnitatis
732 5000 1044 5072 parentibus
1067 5003 1384 5073 progenitus
1404 5000 1591 5068 fuerit,
1617 5000 2076 5060 testaiiturruina

485 5071 671 5144 palatii
702 5071 890 5144 eorum
922 5087 1052 5144 cuin
1070 5071 1301 5128 adicula
1332 5088 1495 5142 prope
1521 5074 1721 5144 mania
1739 5073 1948 5130 Nursia
1972 5093 2077 5131 ur—

480 5141 563 5198 bis
586 5145 713 5219 _sita_.
747 5143 931 5219 Tantae
961 5141 1171 5219 quippei
1186 5141 1592 5219 magnitudinis
1614 5145 2073 5219 perplexiioperis

479 5231 547 5269 ex
578 5214 950 5290 fundamentis
976 5212 1296 5290 conjicitur,
1326 5224 1383 5270 ut
1413 5212 1671 5286 qualibet
1713 5212 2073 5290 palatia'po-

479 5287 910 5362 tentissimorum
934 5287 1275 5362 superaverit
1293 5301 1503 5357 regum,
1527 5301 1628 5343 nec
1653 5287 1888 5344 modicis
1909 5287 2071 5362 queat

479 5357 718 5429 reparari
750 5356 1033 5429 impensis.
1069 5381 1086 5405 ι

549 5426 663 5502 Iloc
690 5426 988 5502 Adi-e’v'aldi
1018 5426 1393 5502 testimonium
1416 5437 1681 5502 respuunt
1697 5432 1830 5489 socii
1856 5433 2069 5488 Bollan-

475 5495 649 5571 diani,
682 5500 1081 5571 praferuntque
1112 5499 1308 5555 Leonis
1336 5495 1622 5558 Marsicani
1672 5503 1954 5558 silentium
2003 5504 2070 5559 de

477 5567 718 5645 iiberiori
742 5585 920 5636 genere
946 5567 1011 5645 Sf
1037 5571 1336 5645 Benedicti,
1369 5575 1457 5626 cui
1479 5580 1671 5645 tamen
1719 5575 1929 5645 generis
1959 5591 2070 5631 no-

472 5636 744 5692 bilitatem
769 5640 1076 5694 concedunt
1106 5636 1418 5697 liberaliter.
1463 5636 1852 5700 Gratiainvsine
1899 5646 2068 5704 dubio

472 5708 587 5764 illis
617 5705 837 5764 habebit
867 5709 1194 5768 Benedictus
1219 5729 1230 5766 :
1261 5711 1328 5766 de
1356 5712 1516 5784 cujus
1545 5714 1833 5772 nobilitate
1877 5719 2009 5774 satis
2037 5736 2066 5774 a

2210 3257 2657 3313 concederentur.
2691 3258 2982 3330 Fugientes
3013 3268 3194 3317 autem
3221 3279 3290 3318 ex
3319 3263 3508 3320 eodem
3540 3264 3664 3321 loco
3699 3283 3811 3322 mo-

2210 3348 2371 3405 nachi
2425 3350 2654 3407 Romam
2687 3360 2976 3420 venerunt,
3035 3353 3280 3411 codicem
3337 3365 3539 3414 sancta
3606 3359 3810 3429 regula

2209 3454 2370 3510 quam
2398 3440 2722 3512 sapedictus
2743 3442 2901 3498 Pater
2918 3454 3316 3516 composuerat,
3339 3455 3394 3502 et
3413 3446 3665 3518 quadam
3703 3448 3810 3503 alia

2207 3527 2324 3600 ejus
2363 3529 2601 3602 scripta;
2668 3546 2880 3588 necnon
2934 3531 3150 3604 pondus
3179 3535 3356 3605 panis,
3406 3545 3459 3592 et
3490 3553 3806 3595 mensuram

2207 3617 2345 3685 vini,
2377 3634 2438 3673 ac
2462 3618 2733 3691 quidquid
2763 3636 2832 3675 ex
2863 3622 3190 3692 supellectili
3215 3623 3489 3695 surripere
3512 3633 3807 3697 potuerant

2205 3705 2528 3762 deterentes.
2553 3707 2735 3764 Phoca
2765 3708 2947 3782 itaque
2976 3721 3099 3783 post
3140 3719 3264 3768 octo
3311 3729 3583 3770 annorum
3629 3716 3805 3773 curri-

2204 3802 2466 3884 Gregorio
2498 3805 2692 3886 Magno
2711 3813 2909 3886 testata
2937 3808 3120 3886 rixari
3141 3825 3253 3865 non
3271 3808 3448 3886 juvat.
3473 3811 3801 3886 Quanquam

2205 3874 2309 3948 viri
2329 3874 2627 3948 aquissimi
2653 3878 2874 3948 paululo
2896 3878 3156 3935 videntur
3191 3874 3519 3940 morosiores
3535 3874 3808 3942 adversus

2203 3945 2595 4013 Adrevaldum,
2625 3945 2720 4024 qui
2752 3949 2890 4024 licet
2912 3951 3271 4024 iunonnullis
3292 3953 3475 4024 lapsus
3503 3957 3597 4022 sit,
3619 3966 3804 4014 aucto-

2200 4032 2286 4071 res
2317 4032 2445 4100 sane
2475 4019 2824 4100 quamplures
2843 4019 2911 4075 ab
2939 4020 3052 4076 illis
3082 4019 3409 4100 probatos—et
3440 4019 3642 4098 magna
3669 4045 3803 4086 cura

2199 4104 2262 4172 ac
2282 4088 2547 4172 religione
2567 4088 2749 4172 editos
2777 4099 2995 4172 superat
3019 4088 3331 4172 eruditione
3364 4106 3418 4152 et
3440 4088 3799 4172 auctoritate.

2197 4158 2382 4244 Neque
2397 4158 2478 4215 ’de
2508 4160 2668 4217 rebus
2698 4158 2900 4244 nostris
2929 4164 3272 4244 eruditorum
3306 4183 3599 4226 censuram
3629 4187 3694 4228 ac
3709 4171 3797 4244 ju-

2196 4229 2341 4306 dicia
2370 4246 2701 4306 recusamus,
2734 4233 2828 4306 sed
2859 4233 3196 4306 prajudicia.

2251 4301 2328 4388 In
2357 4303 2534 4388 gapite
2564 4303 2606 4384 7,
2625 4301 2947 4388 ηοῐξιξιάθξὶη
2966 4301 3301 4388 ίΑᾶέ-θχξιιάο
3345 4310 3622 4388 quadam,
3672 4331 3798 4388 qua:

2195 4371 2336 4453 vita
2357 4372 2410 4453 S_.
2424 4371 2608 4453 Mauri
2627 4390 2697 4453 ex
2725 4376 2951 4432 Cassino
2964 4378 3030 4453 in
3053 4379 3285 4453 Galliam
3309 4371 3622 4453 profecturi
3655 4371 3794 4442 nbu-

2193 4442 2336 4524 uiliil
2389 4444 2528 4524 lucis
2569 4445 2857 4524 afferunt:
2900 4442 3423 4524 _-‘Profectiiita‘que
3456 4471 3488 4508 a
3534 4458 3798 4512 coenobio

2191 4513 2858 4593 Cassini.Epipha_nioruui
2885 4519 3100 4588 diebus,
3133 4513 3597 4593 quinta-Sabbati,
3643 4527 3798 4584 haud

2191 4585 2383 4664 procul
2403 4585 2459 4640 in
2474 4585 2687 4665 ’pradio
2708 4587 2950 4665 ejusdem
2973 4585 3211 4665 cmnobii
3229 4609 3290 4648 ea
3310 4585 3615 4652 deveniunt
3639 4599 3786 4665 die;-

2190 4671 2339 4738 cuin
2368 4659 2680 4738 divulgato
2730 4659 2947 4738 Fausto
2974 4662 3080 4738 _sic_
3115 4664 3363 4738 legatur:
3413 4692 3430 4714 ε
3461 4669 3636 4738 Igitur
3691 4659 3800 4724 nos

2187 4727 2380 4852 quinta
2405 4727 2836 4808 Epiphaniorum
2864 4732 3084 4788 Sabbati
3111 4727 3215 4789 ite'r
3241 4727 3594 4818 arripientes,
3628 4764 3645 4787 ι
3682 4752 3794 4797 etc.

2240 4813 2350 4852 nno
2372 4797 2719 4852 (“1112511543.
2744 4817 2853 4852 auo
2878 4804 2931 4852 S-
2958 4804 3202 4852 Maurum
3228 4807 3453 4852 Caseinn
3475 4810 3794 4852 admonui.“

2240 4813 2350 4872 uno
2372 4797 2575 4872 Christi
2597 4799 2720 4872 543,
2744 4817 2853 4872 quo
2878 4804 2932 4858 S.
2957 4804 3202 4860 Maurum
3228 4797 3453 4863 Cassino
3475 4797 3799 4868 discessisse

2187 4868 2469 4950 diximusn
2513 4868 2822 4950 Epiphania
2853 4875 2909 4950 in
2966 4875 3157 4950 feriam
3215 4879 3434 4950 tertiam
3469 4881 3795 4939 incidebat:

2186 4939 2321 4993 adeo
2345 4947 2402 5019 ut
2427 4941 2469 5021 si
2506 4939 2953 5021 RI’IQ—IZCXPQSINC
2984 4947 3319 5021 praierenda
3343 4951 3619 5021 videatur,
3640 4955 3798 5010 Mau-

2188 5027 2278 5091 rus
2303 5011 2496 5091 quinta
2524 5011 2883 5071 hebdomada
2915 5011 3069 5091 feria,
3092 5019 3534 5090 Epiphaniorum
3563 5011 3655 5080 die
3687 5034 3796 5080 ter-

2186 5083 2298 5168 tia;
2319 5083 2606 5168 Cassinum
2646 5102 2915 5168 egressus“
2949 5083 3062 5168 sit
3098 5083 3444 5168 Adrevaldus
3496 5104 3798 5168 postquam

2181 5152 2242 5246 BL
2254 5152 2855 5246 Benedicti-transitum
2878 5158 2940 5240 .
2960 5160 3147 5240 Mauro
3165 5161 3222 5216 in
3246 5162 3423 5244 Gallia
3441 5152 3798 5246 perspectum

2181 5227 2476 5308 enarravit,
2538 5231 2651 5296 agit
2679 5227 2746 5282 de
2777 5227 3086 5308 Cassineusi
3139 5227 3649 5308 eversione'capite
3695 5239 3799 5304 10,

2181 5311 2289 5374 quo
2318 5309 2386 5350 ex
2419 5297 2536 5378 loco
2565 5313 2701 5376 opus
2729 5301 2968 5378 auctoris
2999 5302 3296 5378 integrum,
3329 5297 3599 5378 apposit'is
3643 5297 3799 5364 Bos-1

2179 5367 2350 5448 ciana
2375 5367 2636 5448 editionis
2663 5370 3028 5448 capitulorum
3049 5367 3211 5448 notis
3239 5367 3710 5448 repra‘sentamus.

2251 5437 2446 5520 °HCave
2475 5439 2531 5494 id
2563 5437 2836 5520 intelligas
2881 5442 2947 5498 de
2978 5445 3155 5520 prima
3191 5437 3674 5520 Langobardorum
3731 5451 3800 5507 in

2179 5507 2392 5587 Italiam
2422 5507 2800 5587 impressione,
2832 5530 2951 5586 qua
2975 5507 3215 5573 Alboino
3240 5507 3398 5587 duce,
3431 5519 3651 5578 Iustino
3678 5521 3799 5578 im-

2179 5586 2425 5658 peratore
2445 5580 2586 5658 faeta
2607 5580 3083 5658 est._Be_fempore
3103 5580 3406 5646 eversionis
3440 5591 3800 5649 Cassinensis

2178 5652 2391 5722 egimus
2419 5652 2485 5707 ad
2515 5669 2634 5725 cap.
2671 5653 2737 5710 17
2769 5655 2908 5712 Vita
2939 5652 2994 5714 S.
3033 5659 3096 5719 Ρ.
3141 5660 3444 5718 Benedicti.
