4070 6178
299 266 412 326 913

1426 276 1523 334 DE
1561 277 1942 338 MIRACULIS
1981 280 2036 339 S.
2079 281 2478 344 BENEDICTI.

3496 296 3602 355 9M.

3100 418 3126 436 δ

285 428 436 493 cula,
471 425 676 500 quibus
703 426 1000 500 imperium
1031 445 1192 487 omne
1225 434 1667 505 pessumdederat
1691 439 1894 496 condi-
1921 442 1971 501 Α
2005 456 2194 497 corum
2226 443 2512 502 decidente
2545 447 2740 520 gloria,
2770 465 2803 506 a
2832 425 3126 522 prafectis‘
3151 453 3342 522 palatii
3402 455 3601 514 domus

287 535 399 593 gno
447 520 650 577 mortis
697 537 893 592 genere
947 523 1244 594 trucidato,
1279 526 1567 585 Heraclius
1621 532 1888 602 succedit,

283 626 484 682 regens
522 608 744 682 imperii
775 618 987 682 sceptra
1009 614 1208 687 viginti
1233 633 1330 674 sex
1351 618 1531 676 annis.
1551 621 1761 694 Cuique
1789 623 1890 677 He-

283 700 537 756 raclonas
561 697 688 773 [al.,
723 700 1108 778 Heracleonas]
1141 721 1266 761 cum
1299 717 1472 763 matre
1502 710 1713 766 Marina
1756 710 1887 767 duo-

285 787 391 846 bus
416 787 779 844 substituitur
797 790 990 847 annis:
1015 809 1078 849 ac
1095 793 1292 851 deinde
1313 795 1708 855 Constantinus
1740 800 1888 858 ﬁlius

281 878 637 938 Constantini
667 893 715 948 ι,
761 884 1127 941 successionis
1169 887 1364 943 ordine
1417 890 1577 946 annis
1616 891 1888 948 sufﬁcitur

209 1044 214 1048 .
282 970 487 1042 viginti
517 980 573 1028 et
601 987 822 1028 novem.
855 971 975 1040 Quo
1004 974 1307 1048 imperante
1355 978 1607 1036 Italicum
1655 998 1884 1053 regnum

281 1060 640 1118 Grimoaldus
668 1061 774 1118 sibi
799 1066 1357 1139 prosperedisponere
1377 1068 1688 1139 videbatur,
1718 1074 1884 1129 Fran-

277 1165 471 1207 corum
528 1167 664 1206 vero
691 1151 937 1222 regimen
985 1153 1336 1214 Chlodoveus
1388 1158 1539 1215 ﬁlius
1588 1161 1882 1234 Dagoberti

277 1237 488 1312 optime
511 1240 846 1299 asservabat.

892 1358 1122 1417 CAPUT
1152 1363 1250 1419 XI.

281 1455 590 1511 Translatio
619 1462 921 1512 sanctorum
941 1460 1210 1517 Benedicti
1227 1469 1277 1517 et
1313 1463 1662 1520 Scholasticw.
1715 1465 1879 1522 Pauli

777 1529 987 1586 diaconi
1013 1534 1381 1592 testimonium.

351 1625 468 1680 Hac
493 1625 720 1697 proinde
742 1633 1064 1699 tempestate
1108 1630 1442 1688 Mummolus
1485 1632 1652 1689 abbas
1691 1649 1872 1691 coeno-

277 1711 360 1768 bii
385 1713 760 1784 Floriacensis,
800 1715 947 1787 quod
995 1718 1164 1773 situm
1209 1727 1289 1775 est
1318 1720 1376 1775 in
1416 1721 1694 1778 territorio
1747 1725 1872 1778 Au—

2001 529 2360 589 ordinabatur
2386 536 2554 607 regia,
2589 537 2808 610 regibus
2837 538 2908 595 ob
2936 539 3271 611 imperitiam
3309 541 3599 602 desidiam-

1999 634 2104 690 que
2171 622 2350 678 solum
2433 626 2611 697 regale
2686 644 2889 683 nomen
2936 628 3179 685 inaniter
3235 633 3596 702 gestantibus.

1996 709 2242 783 Namque
2271 721 2324 769 et
2345 730 2476 785 opes
2497 723 2551 770 et
2579 716 2822 785 potentia
2851 717 3006 788 regni
3038 734 3201 790 penes
3238 720 3427 793 palatii
3460 741 3599 796 [πω-

1998 804 2188 870 fectos,
2222 803 2315 876 qui
2374 803 2806 874 majoresdomus
2861 808 3204 878 dicebantur,
3235 819 3286 866 et
3339 812 3408 868 ad
3463 832 3598 888 quos

1997 908 2208 947 summa
2235 892 2453 964 imperii
2475 894 2802 964 pertinebat,
2827 897 3228 967 retinebantur,
3252 917 3426 974 neque
3447 905 3596 961 aliud

1995 980 2109 1052 regi
2167 980 2599 1052 relinquebatur,
2641 999 2806 1054 quam
2856 992 2917 1040 ut
2944 985 3092 1056 regio
3122 995 3332 1044 tantum
3369 993 3595 1050 nomine

1993 1078 2303 1140 contentus,
2337 1071 2490 1128 crine
2531 1073 2776 1144 profuso,
2811 1075 2979 1132 barba
3007 1077 3278 1135 submissa
3320 1082 3458 1137 solio
3514 1101 3592 1141 re-

1992 1159 2212 1228 sideret,
2245 1177 2307 1217 ac
2357 1161 2593 1233 speciem
2650 1163 2990 1221 dominantis
3037 1169 3336 1239 elIingeret,
3389 1172 3593 1244 legatos

1990 1250 2354 1325 undecunque
2393 1251 2676 1308 venientes
2724 1252 2962 1323 audiret,
3017 1257 3204 1330 eisque
3260 1260 3591 1321 abeuntibus

1987 1355 2253 1412 responsa
2291 1356 2411 1412 quae
2442 1347 2558 1396 erat
2586 1341 2811 1398 edoctus
2836 1343 2924 1398 vel
2967 1345 3130 1400 etiam
3159 1347 3345 1418 jussus
3370 1366 3439 1405 ex
3494 1354 3591 1407 sua

1988 1429 2143 1486 velut
2177 1435 2444 1502 potestate
2474 1429 2724 1486 redderet
2759 1448 2769 1484 :
2803 1447 2929 1487 cum
2979 1443 3175 1504 praeter
3219 1436 3416 1493 inutile
3445 1439 3588 1512 regis

1985 1533 2208 1587 nomen,
2251 1525 2305 1573 et
2363 1516 2672 1589 precarium
2724 1517 2855 1574 vitae
2901 1520 3265 1593 stipendium,
3330 1527 3478 1598 quod
3534 1530 3583 1584 ei

1977 1610 2278 1681 praefectus
2311 1609 2470 1676 aulae,
2506 1616 2670 1680 prout
2715 1609 3028 1680 videbatur,
3073 1613 3391 1685 exhibebat,
3440 1618 3582 1674 nihil

1981 1697 2131 1753 aliud
2165 1697 2373 1770 proprii
2404 1697 2727 1768 possideret,
2759 1715 2923 1771 quam
2979 1718 3144 1757 unam
3177 1712 3231 1760 et
3272 1721 3392 1762 eam
3450 1724 3584 1779 per-

272 1802 574 1859 relianensi
615 1820 779 1875 supra
819 1786 1069 1862 iﬂuvium
1120 1807 1350 1881 Ligeris,
1381 1810 1575 1866 divina
1623 1813 1868 1868 monitus
1902 1797 1948 1857 Β
1984 1803 2145 1881 Par“
2193 1786 2402 1881 “(Et)”
2446 1787 2672 1881 “Hami
2718 1803 2778 1842 ω
2822 1805 2929 1881 (ΡΨ
2981 1791 3207 1848 domum
3251 1803 3306 1850 et
3351 1812 3422 1851 ex
3477 1813 3585 1869 qua

264 1890 485 1946 visione
531 1907 628 1963 per
673 1893 971 1962 somnium,
1027 1895 1218 1968 dirigit
1260 1914 1370 1954 una
1415 1916 1539 1956 cum
1598 1917 1868 1959 consensu

261 1981 380 2035 Deo
413 1979 522 2036 sibi
544 1982 1037 2039 commilitantium
1067 1985 1289 2042 fratrem
1321 1988 1612 2060 quemdam
1657 2006 1725 2044 ex
1754 1991 1868 2046 suis

261 2069 639 2125 venerabilem
661 2071 991 2128 monachum
1013 2074 1298 2146 Aigulfum
1319 2077 1574 2132 nomine:
1599 2086 1868 2150 quatenus

259 2158 601 2215 sanctissimi
633 2161 964 2219 confessoris
1003 2163 1209 2221 Christi
1232 2165 1516 2222 Benedicti
1539 2183 1737 2239 corpus
1757 2168 1867 2224 huc

258 2247 559 2304 transferre
596 2248 836 2307 deberet.
887 2251 980 2308 Sic
1024 2253 1173 2310 enim
1214 2254 1319 2310 sibi
1369 2257 1674 2313 revelatum
1722 2257 1864 2313 divi-

255 2333 416 2391 nitus
461 2336 758 2394 asserebat.
809 2339 911 2397 Cui
983 2357 1054 2398 ex
1101 2341 1378 2415 insperato
1452 2345 1865 2418 conjunguntur

253 2424 416 2480 missi
445 2425 876 2485 Cenomanensis
926 2429 1081 2486 urbis
1127 2432 1390 2504 episcopi,
1414 2441 1469 2489 et
1498 2435 1601 2506 ipsi
1644 2443 1864 2509 propter

250 2528 459 2585 corpus
485 2515 817 2574 beatissima:
845 2518 1195 2578 Scholasticae
1219 2521 1455 2594 virginis
1501 2524 1706 2582 sororis
1733 2526 1862 2580 exi—

249 2605 360 2660 mii
389 2606 566 2662 Patris
594 2609 880 2667 Benedicti
909 2612 1354 2670 transferendum
1400 2613 1594 2669 divina
1641 2617 1861 2671 revela—

248 2693 412 2750 tione
434 2694 680 2754 invitati.
714 2697 886 2771 Cujus
911 2701 989 2757 rei
1021 2701 1332 2772 historiam,
1357 2703 1487 2776 quia
1513 2704 1571 2760 in
1601 2712 1860 2777 promptu

246 2786 376 2853 est(
381 2786 581 2858 scripta
609 2788 724 2846 scil.
753 2791 819 2846 ab
836 2792 952 2863 ipso
969 2793 1324 2866 Adrevaldo),
1345 2793 1574 2850 instanti
1596 2795 1859 2866 opusculo

247 2874 500 2932 inserere
521 2893 983 2950 supervacaneum
1006 2881 1289 2939 duximus.
1324 2884 1465 2940 Huic
1480 2884 1856 2940 sacratissima

247 2966 614 3022 translationi
659 2967 944 3025 beatorum
991 2987 1398 3043 germanorum,
1426 2973 1706 3030 Benedicti
1741 2973 1859 3030 sci-

243 3055 384 3111 licet
437 3063 597 3130 atque
630 3056 1003 3128 Scholasticae,
1058 3068 1347 3117 attestatur
1403 3063 1604 3117 Paulus
1659 3080 1858 3119 mona-

1978 1876 2213 1931 famulos
2242 1875 2348 1930 sibi
2405 1876 2712 1930 necessaria
2773 1877 3151 1936 ministrantes
3203 1890 3366 1955 atque
3429 1885 3578 1940 obse-

1978 1964 2170 2037 quium
2227 1964 2552 2020 exhibentes
2608 1980 2794 2036 paucae
2863 1971 3274 2028 numerositatis
3322 1973 3576 2030 habebat.

1976 2054 2312 2126 Quocunque
2367 2053 2610 2110 eundum
2657 2055 2708 2109 ei
2759 2063 2893 2124 erat,
2937 2069 3194 2130 carpento
3239 2061 3372 2130 ibat,
3433 2063 3580 2134 quod

1975 2143 2151 2201 bobus
2187 2145 2399 2216 junctis
2445 2142 2466 2171 ⁵
2515 2153 2568 2201 et
2623 2144 2865 2202 bubulco
2918 2149 3124 2206 rustico
3179 2169 3330 2208 more
3387 2162 3578 2227 agente

1977 2232 2310 2290 trahebatur.
2351 2235 2442 2290 Sic
2471 2234 2540 2291 ad
2568 2236 2856 2308 palatium,
2902 2237 2982 2293 sic
3026 2238 3094 2294 ad
3136 2239 3420 2310 publicum
3469 2259 3577 2314 po-

1975 2321 2091 2392 puli
2126 2322 2209 2377 sui
2258 2330 2618 2391 conventum,
2666 2323 2760 2396 qui
2793 2325 3079 2380 annuatim
3111 2327 3180 2382 ob
3224 2328 3377 2400 regni
3425 2330 3574 2386 utili-

1973 2416 2140 2464 tatem
2173 2409 2572 2476 celebrabatur,
2605 2412 2705 2479 ire,
2737 2412 2816 2469 sic
2845 2411 3073 2468 domum
3117 2414 3294 2470 redire
3343 2418 3571 2473 solebat.

1973 2503 2045 2557 At
2075 2499 2228 2571 regni
2248 2499 2786 2558 administrationem
2809 2509 2863 2558 et
2909 2502 3097 2560 omnia
3124 2519 3246 2577 quae
3272 2507 3361 2562 vel
3394 2508 3568 2576 domi,

1970 2591 2057 2646 vel
2107 2589 2242 2645 foris
2297 2589 2505 2662 agenda
2549 2599 2705 2647 erant
2760 2606 2824 2648 ac
2878 2592 3240 2664 disponenda,
3278 2596 3570 2666 praefectus

1970 2683 2110 2738 aulae
2140 2682 2468 2755 procurabat
2498 2681 2691 2755 :cujus
2713 2683 2882 2740 oﬂicii
2908 2685 3286 2756 magistratum
3314 2702 3376 2741 ea
3407 2694 3566 2744 aetate

1969 2774 2238 2830 Arnulfus
2259 2784 2279 2809 ο
2307 2774 2393 2829 vir
2413 2775 2632 2830 eximiae
2659 2776 2966 2832 nobilitatis
2988 2776 3394 2850 probabilisque
3415 2779 3564 2850 vita,

1969 2879 2095 2919 cum
2143 2861 2262 2917 ﬁlio
2304 2862 2566 2932 Angesilo
2587 2862 2834 2935 apprime
2863 2864 3100 2934 regebat.
3132 2864 3345 2938 Quique
3375 2868 3567 2925 relicta

1969 2961 2091 3026 post
2119 2952 2307 3008 saeculi
2338 2953 2536 3023 gloria,
2567 2955 2857 3025 episcopus
2901 2953 3397 3026 Mediomatricum,
3431 2959 3564 3015 cieri

1967 3044 2265 3116 populique
2295 3042 2687 3098 acclamatione
2717 3051 2770 3099 et
2807 3054 2938 3100 voto
2984 3045 3290 3116 ordinatus,
3342 3049 3563 3106 mirabi-

241 3142 416 3212 chus,
447 3143 605 3215 cujus
634 3162 799 3218 supra
828 3148 1163 3204 mentionem
1186 3149 1293 3220 egi,
1331 3149 1385 3205 in
1428 3151 1660 3208 historia
1680 3154 1855 3225 gentis
1885 3153 1928 3213 C
1967 3136 2093 3225 “le?
2120 3134 2176 3188 in
2203 3131 2757 3225 Poﬂtiﬁcalu_"iver€
2799 3135 3010 3225 Stud?“
3043 3153 3054 3190 ⁵
3095 3152 3170 3225 λεια
3197 3137 3419 3193 demum
3450 3155 3560 3196 θτθ·

241 3252 367 3291 suae
402 3235 547 3291 libro
575 3246 753 3306 sexto,
786 3238 864 3293 ita
887 3239 1144 3311 inquiens
1195 3258 1207 3296 :
1261 3241 1419 3298 Circa
1447 3241 1565 3298 haec
1609 3249 1854 3315 tempora

242 3322 429 3394 (haud
451 3325 681 3381 dubium
703 3327 839 3399 quin
878 3327 1240 3386 Constantino
1282 3329 1614 3403 imperante)
1637 3348 1761 3387 cum
1793 3331 1851 3386 in

240 3410 446 3470 Castro
480 3410 693 3468 Cassini
724 3414 820 3470 ubi
855 3415 1160 3472 beatissimi
1191 3417 1476 3474 Benedicti
1509 3436 1707 3490 corpus
1758 3435 1853 3474 re-

238 3498 590 3572 quiescebat,
637 3500 936 3574 aliquantis
983 3500 1098 3574 jam
1158 3503 1356 3575 elapsis
1409 3505 1570 3560 annis
1610 3505 1850 3560 solitudo

237 3588 571 3658 exsisteret;
603 3590 889 3648 venientes
917 3591 986 3648 de
1043 3592 1540 3650 Cenomanensium
1581 3603 1635 3651 et
1679 3594 1849 3649 Aure-

237 3677 582 3736 lianensium
610 3680 830 3752 regione
862 3682 1080 3750 Franci,
1096 3682 1228 3738 dum
1250 3682 1393 3756 apud
1414 3699 1630 3740 sacrum
1651 3700 1851 3770 corpus

234 3785 296 3826 se
353 3778 675 3842 pernoctare
722 3773 1092 3843 simulassent,
1149 3774 1396 3847 ejusdem
1454 3775 1632 3832 Patris
1687 3784 1850 3848 atque

234 3875 518 3930 germanae
576 3860 698 3933 ejus
756 3879 878 3920 ossa
932 3864 1264 3931 auferentes,
1305 3865 1365 3922 in
1415 3882 1568 3922 suam
1617 3866 1845 3938 patriam

231 3956 686 4020 asportaverunt,
715 3950 811 4008 ubi
852 3951 1179 4025 singillatim
1235 3952 1346 4009 duo
1398 3955 1732 4012 monasteria
1789 3955 1848 4010 in

235 4036 535 4110 utriusque
564 4038 773 4096 honore
792 4049 1108 4098 constructa
1126 4050 1275 4099 sunt.

849 4161 1079 4218 CAPUT
1108 4163 1232 4219 XII.

634 4262 831 4318 Rerum
856 4261 1244 4318 Francirarum
1274 4268 1462 4319 stat-us.

306 4357 456 4414 Sane
496 4357 808 4416 Iustiniano
859 4358 1080 4432 juniore
1131 4369 1255 4434 post
1303 4368 1534 4416 mortem
1584 4359 1844 4418 Constan-

228 4446 342 4503 tini
382 4447 678 4520 imperium
711 4459 1042 4519 assumente,
1073 4451 1262 4506 decem
1295 4451 1352 4505 in
1403 4450 1636 4523 imperio
1688 4452 1846 4506 annis

226 4537 470 4606 exactis,
514 4555 544 4594 a
573 4539 752 4595 Leone
795 4540 1084 4613 Augustali
1139 4539 1406 4610 dignitate
1468 4539 1736 4610 privatur,
1778 4555 1845 4595 ex

226 4627 478 4700 silioque
506 4629 778 4701 relegatur
828 4630 1160 4686 :adversum
1194 4629 1342 4685 hunc
1393 4627 1646 4683 Tiberius
1698 4644 1847 4683 arma

225 4717 572 4791 corripiens,
608 4718 881 4793 imperiali
915 4720 1128 4777 sarcina
1169 4719 1471 4777 relevatum
1504 4718 1737 4774 retrudit
1786 4717 1844 4773 in

224 4823 536 4864 carcerem.
563 4809 735 4865 Porro
769 4810 868 4866 illo
898 4810 954 4866 in
986 4819 1255 4883 tempore,
1283 4809 1428 4883 apud
1453 4808 1659 4865 Gallias
1679 4809 1844 4864 Fran-

302 4947 324 4971 ι
354 4930 462 5006 Hic
483 4933 638 4990 locus
659 4950 729 4990 ex
748 4935 1088 5006 PauloDiac.
1117 4933 1173 5006 in
1196 4934 1335 4990 Hist.
1360 4933 1604 5006 Langob.
1640 4932 1728 5006 lib
1765 4950 1842 5001 1v,

218 5018 354 5074 cap.
392 5003 457 5058 51
470 5045 486 5087 ,_
525 5006 898 5087 emendandus
919 5005 1242 5087 hocmodo:
1275 5003 1535 5087 Ηθτςᾳοιὸη
1560 5004 1670 5087 ejus
1699 5005 1846 5087 ﬁlius

215 5092 351 5129 cum
375 5081 549 5129 matre
579 5077 818 5133 Martina
846 5078 994 5147 regni
1011 5077 1144 5146 jura
1189 5077 1430 5146 suscepit,
1459 5077 1706 5146 rexitque
1733 5077 1847 5129 im-

211 5147 447 5216 perium
472 5147 678 5227 duobus
706 5150 883 5204 annis.
921 5151 1033 5216 Quo
1061 5149 1172 5202 vita
1221 5147 1485 5227 decedente
1515 5147 1846 5227 successit-in

215 5217 548 5290 locumiejus
573 5219 951 5276 Constantinus
971 5236 1250 5290 germanus
1277 5219 1508 5288 ejusdem
1535 5217 1678 5290 alius
1699 5217 1845 5288 ﬁlius

209 5288 478 5372 Heraclii
516 5288 1181 5372 imperavitquemeusib'us
1209 5307 1320 5372 θεαί.
1350 5291 1459 5346 Hoc
1487 5288 1657 5372 etiam
1675 5305 1841 5372 auor-

210 5367 318 5415 luo
353 5360 746 5442 Coussuutiuus
775 5360 1005 5433 ejusdem
1041 5363 1195 5442 ﬁlius
1233 5361 1324 5442 ad
1347 5360 1840 5442 reg-nidiguitatem

202 5431 490 5511 ascendit,
526 5431 1357 5511 tenuitqueregnumunnispeto
1394 5431 1442 5511 et
1473 5432 1675 5511 viginti.

294 5505 323 5535 ³
356 5500 715 5582 Hic_n_i_mius
746 5500 967 5582 videtur
1014 5503 1360 5562 Adrevaldus
1393 5503 1450 5558 in
1481 5500 1842 5582 deprimendo

201 5590 426 5650 regum
477 5575 634 5650 illius
660 5578 948 5650 temporis
974 5583 1162 5650 _statu,
1198 5591 1360 5647 quem
1392 5583 1575 5630 tamen
1613 5575 1842 5629 omnino

198 5645 559 5716 degenerem
590 5648 761 5706 fuisse
787 5645 1100 5707 concedunt
1127 5645 1339 5703 omnes.

1964 3223 2210 3279 miticam
2242 3221 2448 3293 eligens
2499 3220 2692 3287 vitam,
2743 3222 2971 3293 leprosis
3009 3223 3270 3279 universa
3315 3226 3560 3298 praebens

1963 3312 2244 3384 obsequia,
2300 3308 2774 3367 continentissime
2803 3325 2972 3382 usque
3021 3311 3090 3366 ad
3132 3311 3346 3368 obitum
3392 3313 3555 3371 vixit.

1959 3399 2282 3457 Anastasius
2321 3397 2436 3469 jam
2471 3405 2604 3452 tunc
2633 3397 2866 3455 Romani
2897 3397 3115 3469 imperii
3149 3398 3366 3471 regebat
3411 3399 3560 3456 insi-

1942 3471 2106 3557 gnia,
2138 3484 2463 3540 Italicivero
2485 3482 2637 3554 regni
2659 3482 3028 3554 principatum
3061 3491 3182 3554 post
3229 3484 3558 3556 Arepertum

1961 3571 2332 3646 Liutprandus
2360 3572 2420 3627 in
2450 3587 2604 3628 suam
2635 3570 2915 3642 redegerat
2944 3569 3234 3627 ditionem.

2542 3698 2771 3756 CAPUT
2811 3699 2962 3754 XIII.

2025 3800 2332 3857 Cassinense
2349 3800 2730 3854 monasterium
2757 3816 2792 3853 α
2820 3799 3106 3854 Petro-nuce
3131 3796 3491 3854 instauratur.

2029 3908 2186 3965 Circa
2207 3907 2325 3965 hmo
2354 3915 2602 3980 tempora
2643 3906 2920 3964 Petronax
2968 3907 3192 3981 quidam
3242 3906 3382 3964 civis
3416 3908 3558 3966 Bre-

1957 3996 2174 4065 xienus,
2236 3997 2504 4069 religiosae
2538 3998 2667 4054 vitae
2693 3997 3091 4054 continentiam
3153 4013 3394 4068 servans,
3436 3999 3556 4056 Ilo-

1959 4103 2101 4142 mam
2128 4093 2318 4156 agente
2347 4087 2700 4158 praesulatum
2730 4087 2793 4144 B.
2829 4087 3092 4160 Gregorio
3124 4088 3150 4123 ά
3175 4087 3348 4157 venit,
3379 4090 3554 4146 sancti

1957 4173 2214 4230 desiderii
2254 4173 2624 4243 patefacturus
2654 4182 2865 4230 votum.
2899 4176 3148 4248 Denique
3166 4175 3387 4233 hortatu
3416 4177 3555 4250 ejus-

1956 4264 2077 4319 dem
2112 4261 2445 4318 sanctissimi
2474 4262 2723 4334 praesulis
2767 4263 3061 4334 praedictus
3107 4265 3380 4320 Petronax
3437 4283 3555 4324 coe-

1957 4353 2185 4408 nobium
2217 4353 2364 4426 quod
2395 4351 2675 4425 quondam
2707 4351 2775 4408 ab
2804 4351 3021 4426 egregio
3057 4352 3216 4407 Patre
3247 4353 3550 4412 Benedicto

1956 4442 2014 4497 in
2046 4441 2237 4499 Castro
2272 4441 2484 4499 Cassini
2532 4440 2738 4496 montis
2786 4441 3116 4498 aediﬁcatum
3167 4440 3363 4511 fuerat,
3393 4449 3555 4517 atque

1956 4529 2228 4604 permissu
2256 4530 2356 4586 Dei
2386 4528 2787 4602 omnipotentis
2816 4545 2846 4583 a
2899 4529 3275 4601 Langobardis
3328 4529 3555 4587 destru-

1955 4627 2141 4687 ctum,
2203 4618 2560 4676 devotissime
2612 4616 2790 4686 adiit,
2854 4617 3038 4690 ibique
3095 4635 3220 4674 cum
3277 4620 3555 4693 aliquibus

1955 4709 2213 4784 prudenti
2269 4707 2623 4780 simplicitate
2681 4706 2946 4779 praeditis,
2996 4707 3091 4781 qui
3141 4707 3255 4780 jam
3308 4709 3552 4782 ejusdem

1955 4799 2060 4856 loci
2117 4797 2514 4854 habitationem
2567 4797 2943 4870 expetierant,
3002 4814 3217 4853 summa
3269 4798 3555 4858 charitatis

2025 4928 2247 5000 cNeque
2276 4927 2331 5000 S.
2363 4925 2634 5000 Arnulfus
2661 4923 3036 5000 majordomus
3081 4925 3210 4994 fuit,
3244 4944 3421 5000 neque
3452 4927 3553 4982 sub

1955 4997 2172 5077 ignavis
2223 4999 2336 5077 illis
2354 4998 2581 5077 regibus
2613 4997 2876 5077 palatium
2909 4997 3072 5077 rexit,
3104 5006 3248 5077 certe
3278 4997 3396 5077 nec,
3425 5005 3554 5077 ante

1958 5067 2257 5142 monachus
2288 5069 2393 5125 fuit
2430 5067 2941 5142 'quam‘episcopus.
2977 5069 3114 5139 Lege
3152 5068 3269 5138 ejus
3301 5070 3437 5123 Acta
3483 5067 3551 5123 ad

1953 5158 2080 5196 ann.
2113 5141 2238 5196 640.

2068 5208 2389 5267 Monasterii
2430 5210 2770 5266 Cassinensis
2800 5209 3205 5265 restitutionem

1955 5298 2142 5361 nauem
2187 5279 2289 5335 sub
2333 5281 2598 5361 Gregorio
2635 5282 2714 5360 _ll,
2744 5281 2840 5361 qui
2880 5280 2948 5335 ab
2965 5296 3141 5361 “anno
3170 5279 3409 5361 ,Πέλλα

1953 5354 2067 5410 sedi
2100 5354 2355 5410 Romanae
2388 5351 2928 5422 praefuitinceptam,
2959 5351 3221 5422 Gregorio
3251 5351 3324 5407 III
3355 5351 3551 5422 ponti-

1953 5426 2052 5483 ﬁce
2107 5423 2333 5480 alterius
2391 5421 2643 5492 Gregorii
2684 5421 3006 5493 successore,
3027 5421 3322 5493 perfectam
3351 5422 3546 5490 fuisse,

1951 5496 2165 5552 erudite
2193 5492 2387 5566 probat
2419 5491 2660 5563 Angelus
2703 5493 2770 5547 de
2815 5491 2964 5548 Nuce
2996 5491 3050 5548 in
3093 5492 3300 5548 Chron.
3333 5493 3545 5551 Cassin.

1951 5567 2050 5624 lib.
2084 5585 2125 5635 ι,
2155 5565 2274 5638 cap.
2306 5565 2360 5620 2.

3277 5225 3335 5264 er
3363 5209 3550 5264 Petro-
