4070 6178
478 285 583 343 915

1345 357 1354 366 _
1449 279 1867 353 ADREVALDI
1908 273 2410 335 FLORIACENSIS
2447 267 2765 328 MONACHI
3665 262 3760 322 916

475 445 789 503 annexione
855 447 910 502 in
966 446 1019 502 S.
1054 443 1339 516 religionis
1391 440 1584 497 habitu
1632 441 1821 495 vivere
1883 439 2067 511 coepit,
2101 440 2150 498 Α
2184 435 2364 495 Rebus
2395 435 2576 506 itaque
2605 429 2864 488 humanis
2894 444 2959 486 eo
2989 435 3116 501 post
3169 425 3443 516 diutinam
3483 424 3632 496 regni
3680 423 3765 480 εὰ-

477 534 682 608 quique
734 533 986 590 eumdem
1047 531 1230 587 virum
1276 529 1547 584 seniorem
1602 524 1706 581 sibi
1747 525 2075 596 prmﬁciunt.

475 625 598 681 Non
626 631 748 696 post
777 624 1012 678 multum
1046 637 1177 676 vero
1208 616 1494 689 temporis,
1525 622 1850 686 cooperante
1888 613 2080 669 divina

477 711 883 779 misericordia,
914 707 1344 781 suffragantibus
1375 704 1588 760 meritis
1619 702 1881 774 praecipui
1903 701 2079 756 Patris

476 801 785 868 Benedicti,
818 801 1119 855 multorum
1147 797 1351 853 ibidem
1377 793 1772 850 monachorum
1807 790 2074 846 nobilium

477 905 640 970 atque
682 897 1044 954 mediocrium
1079 895 1147 950 ad
1193 910 1248 949 se
1294 889 1739 949 concurrentium
1787 889 1945 944 Pater
1989 887 2079 942 ef-

476 988 654 1043 fectus
686 994 766 1044 est
799 1005 810 1041 :
845 986 1032 1058 sicque
1085 982 1350 1057 reparatis
1381 980 1709 1037 habitaculis
1762 976 2078 1035 cmnobitali

475 1075 658 1130 ordini
716 1074 1165 1146 congruentibus,
1200 1072 1300 1128 sub
1352 1077 1552 1126 sancta:
1601 1069 1797 1140 regulae
1839 1067 1971 1139 jngo
2019 1084 2080 1124 ac

477 1162 781 1218 beatissimi
827 1163 1004 1218 Patris
1029 1160 1311 1217 Benedicti
1346 1159 1696 1215 institutione
1726 1158 1914 1213 vivere
1959 1174 2080 1214 co:—

476 1260 694 1325 perunt.
732 1253 846 1308 l-Ioc
877 1253 1061 1324 itaque
1101 1251 1296 1307 ordine
1354 1250 1412 1304 in
1478 1255 1702 1316 statum,
1769 1263 1879 1320 quo
1933 1263 2080 1302 nunc

477 1342 742 1408 cernitur,
773 1341 1184 1397 sanctissimum
1216 1339 1356 1394 illud
1389 1336 1712 1394 Cassinense
1765 1335 2076 1393 coenobium

478 1439 791 1502 reparatum
849 1438 949 1497 est,
1005 1447 1129 1486 cum
1188 1427 1302 1500 jam
1357 1428 1468 1482 fere
1512 1435 1731 1482 centum
1792 1433 1846 1480 et
1895 1424 2078 1480 decem

479 1539 749 1578 annorum
782 1531 801 1554 ³³
827 1522 1106 1578 curricula
1129 1521 1349 1575 evoluta
1394 1526 1593 1586 essent,
1626 1535 1693 1574 ex
1726 1525 1833 1590 quo
1865 1516 2082 1572 occulto

478 1610 576 1666 Dei
599 1618 736 1665 nutu
777 1611 931 1665 locus
960 1611 1054 1664 ille
1080 1609 1420 1663 habitatione
1468 1623 1650 1663 carere
1676 1614 1912 1678 coeperat
1968 1605 2084 1660 hu—

480 1715 660 1754 mana.
713 1698 951 1753 Proinde
989 1697 1236 1770 sequenti
1291 1705 1557 1767 tempore,
1608 1695 1741 1750 huic
1779 1691 2082 1749 venerabili

479 1785 603 1842 viro
640 1787 928 1842 Petronaci
985 1786 1221 1841 dilectus
1258 1784 1478 1840 Domini
1512 1783 1759 1854 pontifex
1791 1781 2084 1838 Zacharias
2112 1797 2156 1855 Β
2193 1783 2477 1838 ostendere
2506 1780 2719 1836 visibus
2761 1795 2772 1833 :

481 1874 782 1944 plurimum
842 1875 1040 1931 auxilii
1079 1873 1338 1941 contulit,
1388 1873 1558 1927 libros
1613 1871 1824 1928 scilicet
1879 1875 2078 1924 sanctae

481 1964 803 2036 Scriptura,
842 1981 1056 2020 necnon
1087 1971 1140 2018 et
1169 1963 1276 2018 alia
1326 1979 1444 2034 quae
1475 1961 1542 2016 ad
1594 1961 1892 2015 utilitatem
1951 1974 2080 2012 mo—

481 2051 707 2106 nasterii
757 2051 1030 2121 pertinere
1078 2059 1382 2123 poterant:
1448 2050 1672 2119 insuper
1729 2056 1781 2102 et
1838 2046 2075 2117 regulam

481 2155 646 2211 quam
679 2138 794 2211 ipse
847 2141 1096 2212 egregius
1146 2141 1302 2195 Pater
1345 2135 1706 2192 sanctissimis
1753 2135 2081 2207 conscripsit

482 2230 760 2298 manibus,
789 2237 1014 2302 paterna
1044 2230 1296 2285 libertate
1325 2225 1615 2283 concessit.

1077 2371 1305 2429 CAPUT
1345 2368 1495 2427 XIV.

485 2487 925 2546 CaroliMartelli
956 2494 1114 2556 gesta.
1149 2485 1412 2558 Pippinus
1440 2490 1489 2538 et
1517 2484 1942 2558 Carolomannus
1971 2480 2082 2550 ejus

766 2560 888 2630 ﬁlii.
943 2556 1373 2613 Carolomdnnus
1398 2557 1459 2627 ﬁt
1486 2556 1793 2610 monachus.

556 2683 772 2737 Interea
800 2681 943 2752 apud
968 2680 1192 2747 Gallias,
1211 2679 1475 2750 Angesilo
1499 2678 1901 2750 majoredomus
1926 2674 2082 2731 ﬁlio-

488 2788 591 2844 que
617 2770 735 2841 ejus
768 2769 1003 2842 Pippino
1053 2769 1350 2823 humanam
1381 2767 1714 2823 obeuntibus
1747 2768 1917 2822 vitam
1969 2766 2122 2823 (ζει-ρ

487 2860 638 2913 rolus
666 2858 814 2912 ﬁlius
863 2854 1102 2927 Pippini,
1134 2854 1304 2910 totius
1351 2853 1528 2924 gentis
1577 2855 1912 2908 Francorum
1961 2869 2086 2907 ma-

490 2949 800 3018 gistratum,
862 2959 1177 3016 quanquam
1217 2951 1336 3013 post
1386 2941 1560 2995 multa
1615 2941 1758 2994 bella
1804 2940 1870 2996 de
1920 2958 2086 2997 manu

488 3035 770 3094 Reinfredi
805 3029 1146 3105 (Reginfredi
1179 3033 1339 3087 Paul.
1394 3029 1569 3098 Diac.,
1613 3028 1712 3084 lib.
1761 3046 1839 3097 vr,
1889 3047 1937 3085 c.
1991 3029 2082 3101 42)

490 3124 717 3198 tyranni
755 3125 868 3179 Deo
898 3122 1127 3194 juvante
1158 3120 1406 3209 abstulit,
1440 3134 1659 3209 sumque
1692 3117 1945 3209 subdidit
1979 3136 2086 3191 po-
2123 3153 2164 3209 Ο

489 3213 695 3269 testati.
726 3212 975 3284 Denique
994 3209 1157 3265 rebus
1176 3208 1392 3265 bellicis
1413 3206 1795 3280 operosissime
1809 3206 2088 3277 insistens,

490 3311 758 3375 tyrannos
784 3317 879 3374 per
908 3307 1079 3356 totam
1111 3298 1397 3354 Franciam
1429 3296 1775 3352 dominatum
1817 3295 1922 3350 sibi
1954 3295 2091 3350 vin—

490 3398 734 3454 dicantes
783 3397 1074 3469 oppressit,
1117 3394 1187 3451 ob
1233 3409 1462 3466 eamque
1523 3409 1638 3449 rem
1694 3393 1934 3465 plurima
1976 3391 2091 3464 juri

490 3486 878 3544 Ecclesiastico
927 3486 1218 3542 detrahens
1262 3484 1463 3555 praedia
1516 3483 1648 3541 ﬁsco
1681 3483 1992 3550 associavit,
2031 3497 2093 3537 ac

490 3574 689 3631 deinde
720 3574 995 3630 militibus
1022 3572 1258 3644 propriis
1289 3572 1620 3627 distribuere
1647 3571 1879 3628 studuit.
1943 3572 2092 3626 Prae-

492 3675 639 3720 terea
664 3664 962 3719 Saracenos
985 3663 1220 3718 Galliam
1243 3677 1509 3733 occupare
1549 3668 1822 3716 tentantes
1875 3662 2091 3717 duobus

493 3755 706 3824 magnis
734 3754 959 3826 prwliis,
994 3770 1105 3809 uno
1133 3753 1192 3808 in
1236 3753 1536 3825 Aquitania
1581 3751 1725 3823 apud
1781 3752 2090 3809 Pictavium

492 3843 769 3900 civitatem
803 3886 817 3911 ,
872 3844 1044 3898 altero
1099 3848 1283 3897 autem
1340 3839 1486 3911 apud
1548 3839 1882 3905 Narbonem,
1931 3840 2093 3912 juxta

493 3932 704 3988 Birram
763 3931 997 3987 ﬂuvium
1038 3932 1117 3985 ita
1159 3927 1365 3982 devicit
1416 3934 1478 3981 ut
1523 3927 1580 3980 in
1635 3926 1948 3998 Hispaniam
2001 3946 2093 3986 eos

496 4020 678 4075 redire
706 4019 1080 4091 compelleret.
1119 4015 1483 4084 Quamobrem
1515 4031 1640 4071 cum
1671 4015 2092 4075 adversantibus

495 4107 812 4163 nullatenus
840 4105 1030 4162 cedere
1085 4105 1271 4173 sciret,
1319 4103 1571 4176 nullique
1615 4120 1856 4176 parcere,
1910 4106 2006 4161 diu
2061 4124 2092 4162 a

495 4197 728 4269 posteris
759 4197 1002 4265 Tudites,
1054 4195 1122 4253 ab
1163 4201 1288 4251 actu
1332 4209 1512 4249 rerum
1562 4193 1778 4250 scilicet
1822 4211 2090 4266 agnomen

495 4288 754 4360 indeptus
776 4298 877 4345 est.
910 4289 1140 4344 Tudites
1171 4287 1319 4343 enim
1377 4287 1556 4343 mallei
1608 4287 1871 4344 dicuntur
1899 4288 2094 4346 fabro—

495 4393 662 4445 rum,
737 4393 971 4449 quorum
1024 4377 1229 4433 ictibus
1273 4384 1473 4433 cuncta
1528 4377 1787 4432 atteritur
1838 4377 2089 4434 durities.

2189 524 2652 581 ministrationem
2681 527 2960 592 exempto,
3007 518 3118 574 duo
3173 515 3278 572 ﬁlii
3328 515 3468 587 ejus,
3513 515 3768 587 Pippinus

2188 623 2240 670 et
2269 614 2686 679 Carlomannus,
2721 609 2872 681 regni
2906 624 3176 664 summam
3209 604 3468 662 concordi
3523 603 3770 659 societate

2189 703 2448 770 divisam,
2478 703 2691 774 aliquot
2721 697 2878 755 annis
2908 697 3009 753 sub
3059 695 3341 754 Childrico
3394 692 3775 750 nominetenus

2188 810 2332 866 rege,
2384 792 2454 848 ad
2518 789 2932 864 gubernandum
2984 784 3308 859 suscipiunt.
3366 784 3534 839 Porro
3584 782 3776 839 Carlo—

2191 899 2423 938 mannus
2462 890 2583 954 post
2602 881 2947 953 aliquantum
2977 876 3242 949 temporis
3269 891 3584 942 excursum,
3622 870 3775 945 regni

2191 991 2352 1046 quam
2381 972 2448 1028 ad
2493 970 2792 1044 regendum
2851 974 3159 1039 susceperat
3208 973 3414 1037 partem
3475 963 3626 1018 fratri
3679 977 3779 1016 re-

2194 1063 2468 1135 linquens,
2529 1076 2712 1115 amore
2764 1073 3057 1114 succensus
3092 1053 3444 1128 speculativae
3481 1069 3783 1108 conversa-

2188 1151 2378 1218 tionis,
2434 1151 2663 1206 Romam
2718 1163 2773 1203 se
2833 1145 2892 1201 in
2945 1145 3120 1200 otium
3193 1142 3450 1198 contulit.
3501 1141 3760 1214 Siquidem

2190 1239 2444 1295 hortante
2485 1238 2548 1293 B.
2600 1235 2874 1293 Eucherio
2921 1233 3343 1289 Aurelianorum
3376 1231 3644 1302 episcopo,
3681 1228 3762 1303 qui

2189 1351 2219 1388 a
2258 1341 2406 1405 patre
2437 1331 2589 1386 illius
2619 1330 2776 1385 nulla
2803 1329 3103 1385 exsistente
3148 1326 3323 1398 culpae
3369 1323 3572 1380 offensa
3591 1323 3765 1395 pulsus

2191 1425 2316 1481 sede
2363 1423 2602 1496 propria,
2632 1429 2794 1494 atque
2839 1420 2893 1475 in
2923 1417 3250 1475 Hasbaniam
3279 1415 3422 1487 apud
3479 1415 3532 1470 8.
3564 1412 3770 1468 Trudo-

2192 1529 2316 1567 nem
2347 1512 2405 1567 in
2437 1511 2694 1566 exsilium
2726 1510 2996 1582 relegatus
3045 1507 3254 1572 fuerat;
3307 1520 3521 1560 necnon
3567 1501 3620 1557 S.
3678 1502 3768 1556 Bo-

2191 1600 2396 1658 nifacio
2423 1601 2746 1656 Fresionum
2777 1599 3054 1670 episcopo,
3084 1595 3178 1668 qui
3230 1593 3392 1648 ambo
3440 1591 3605 1663 patris
3657 1588 3766 1661 ejus

2192 1690 2336 1762 apud
2390 1689 2596 1744 inferos
2626 1686 3035 1743 damnationem
3061 1691 3103 1752 ι’,
3133 1683 3297 1739 etiam
3355 1679 3628 1752 corporeis
3673 1678 3768 1750 ipsi

2831 1792 3113 1849 operosam
3145 1774 3465 1847 temporalis
3491 1773 3637 1844 regni
3683 1772 3770 1827 di-

2194 1871 2456 1941 gnitatem
2479 1877 2595 1924 toto
2632 1877 2995 1926 contemnens
3024 1864 3224 1921 mentis
3243 1863 3460 1930 adnisu,
3483 1862 3772 1933 habituque

2193 1967 2520 2032 permutato,
2556 1965 2796 2013 tonsurae
2829 1955 3212 2014 ecclesiasticas
3263 1953 3490 2026 gratiam
3535 1969 3565 2007 a
3594 1952 3655 2006 Β.
3685 1953 3772 2007 Za-

2192 2054 2378 2110 charia
2435 2069 2572 2126 papa
2635 2055 2882 2110 Romano
2939 2049 3214 2123 percipere
3271 2046 3492 2102 meruit.
3537 2045 3776 2118 Denique

2195 2141 2511 2198 monasticae
2542 2141 2674 2196 vitae
2693 2155 2946 2196 normam
2976 2138 3227 2210 adeptus,
3260 2135 3316 2190 in
3360 2142 3544 2190 monte
3563 2133 3790 2190 Soracte

2194 2230 2341 2302 apud
2388 2229 2673 2285 ecclesiam
2717 2228 2778 2283 B.
2814 2225 3087 2292 Silvestri,
3120 2232 3402 2280 exstructo
3457 2224 3790 2279 monasterio
3827 2279 3834 2285 ,

2194 2336 2316 2376 cum
2371 2317 2633 2373 fratribus
2685 2332 2868 2372 secum
2927 2315 2992 2371 ad
3035 2317 3142 2371 hoc
3168 2313 3622 2371 convenientibus
3652 2329 3788 2368 non-

2195 2408 2351 2463 nullo
2406 2414 2652 2478 tempore
2707 2413 2892 2476 optata
2939 2403 3123 2477 quiete
3178 2403 3500 2474 perfruitur.
3561 2400 3664 2458 Sed
3716 2417 3788 2454 ex

2195 2497 2430 2553 Francia
2459 2497 2622 2553 multi
2669 2495 2941 2552 nobilium
2982 2493 3052 2549 ob
3076 2501 3207 2548 vota
3247 2491 3528 2560 solvenda,
3558 2493 3786 2547 Romam

2195 2604 2317 2641 cum
2349 2587 2668 2642 solemniter
2710 2591 3101 2652 commearent,
3133 2589 3187 2637 et
3213 2599 3339 2637 eum
3397 2583 3547 2637 velut
3596 2580 3790 2636 domi—

2197 2692 2326 2732 num
2363 2675 2638 2748 quondam
2669 2691 2829 2730 suum
2869 2673 3149 2746 praeterire
3193 2672 3422 2739 nollent,
3456 2672 3631 2726 otium
3681 2688 3790 2745 quo
3863 2694 3867 2697 ·

2199 2765 2438 2822 maxime
2483 2764 2875 2832 delectabatur,
2903 2763 3092 2820 crebra
3120 2762 3447 2819 salutatione
3483 2761 3793 2816 interrum-

2198 2864 2405 2926 pentes,
2430 2855 2618 2920 locum
2647 2862 2857 2910 mutare
2877 2853 3236 2926 compellunt.
3269 2852 3401 2908 Nam
3438 2867 3562 2907 cum
3602 2849 3790 2922 hujus-

2201 2943 2348 2998 modi
2399 2942 2764 3016 frequentiam
2809 2958 2908 2997 suo
2958 2939 3239 3011 proposito
3278 2939 3493 2994 allicere
3540 2937 3788 3004 vidisset,

2199 3033 2392 3088 relicto
2446 3040 2632 3087 monte
2659 3031 2718 3085 in
2767 3028 3051 3084 Samnium
3091 3027 3434 3099 provinciam
3465 3025 3534 3081 ad
3591 3041 3793 3080 mona-

2198 3122 2428 3177 sterium
2483 3122 2537 3176 S.
2603 3117 2885 3175 Benedicti
2932 3117 3101 3173 situm
3159 3116 3216 3171 in
3271 3115 3562 3188 saepedicto
3613 3123 3794 3170 castro

2201 3211 2433 3280 Cassini,
2459 3210 2702 3277 secessit,
2726 3217 2889 3282 atque
2919 3208 3019 3276 ibi,
3044 3206 3186 3280 quod
3210 3207 3486 3278 reliquum
3517 3204 3625 3260 fuit
3651 3221 3796 3260 mor-

2203 3301 2327 3358 talis
2354 3301 2504 3369 vitae,
2537 3298 2789 3371 religiose
2814 3297 3193 3355 conversando
3219 3295 3538 3368 complevit.

2793 3447 3021 3509 CAPUT
3055 3447 3182 3504 XV.

2201 3563 2465 3635 Pippinus
2503 3580 2600 3619 rex
2630 3563 2988 3619 constituitur.
3006 3561 3806 3635 Cassinenses‘Zachafiampu-

2266 3632 2393 3706 pem
2421 3636 2483 3689 de
2511 3652 2729 3705 corpore
2760 3637 2815 3692 S.
2849 3633 3118 3692 Benedicti
3135 3633 3498 3705 interpellant.
3515 3632 3807 3689 Zachariae

2267 3708 2370 3777 pro
2399 3707 2495 3761 hac
2521 3724 2581 3762 re
2605 3707 2845 3777 epistola.

2271 3839 2412 3894 Dum
2444 3839 2611 3912 igitur
2641 3840 2756 3897 haec
2771 3841 2850 3896 ita
2874 3851 3130 3915 aguntur,
3162 3842 3432 3916 Pippinus
3460 3841 3616 3914 regni
3632 3843 3811 3897 Fran-

2201 3943 2388 3983 corum
2420 3938 2702 3986 assecutus
2747 3947 3042 3998 summam,
3067 3930 3227 4004 jussu
3270 3931 3536 4004 Stephani
3566 3930 3809 3988 Romani

2202 4017 2478 4087 pontiﬁcis
2490 4017 2834 4076 Childricum
2861 4020 3259 4076 inertissimum
3281 4036 3466 4092 regem
3486 4020 3809 4092 depositum

2200 4122 2263 4161 ac
2288 4105 2601 4177 detonsum,
2633 4107 2688 4163 in
2732 4109 3068 4164 monasterio
3099 4109 3298 4166 deinde
3327 4118 3545 4166 trusum
3587 4111 3816 4182 private

2202 4196 2389 4252 vivere
2408 4197 2697 4269 compulit.
2723 4197 2859 4253 Dein
2884 4199 3209 4256 auctoritate
3233 4198 3478 4271 ejusdem
3498 4197 3816 4273 pontiﬁcis,

2202 4302 2269 4340 ex
2290 4287 2548 4358 praefecto
2577 4287 2761 4358 palatii
2794 4305 2890 4344 rex
2924 4291 3279 4358 constitutus,
3309 4306 3406 4362 per
3431 4305 3608 4344 annos
3627 4289 3825 4343 ferme

2201 4378 2516 4450 quindecim
2539 4387 2634 4434 aut
2653 4396 2716 4434 eo
2735 4381 2972 4452 amplius
2994 4383 3146 4454 regni
3171 4384 3509 4438 Francorum
3528 4379 3827 4452 principa-

494 4466 701 4557 Pepigit
734 4466 854 4557 hic
897 4466 1074 4522 foedus
1113 4483 1238 4524 cum
1306 4466 1665 4557 Liutprando,
1687 4465 1855 4557 eique
1911 4466 2086 4522 ﬁlium
2123 4501 2172 4557 Β
2205 4476 2321 4522 tum
2362 4467 2512 4523 solus
2536 4469 2742 4540 optime
2763 4470 2926 4524 rexit.
2955 4470 3033 4524 Ea
3055 4470 3583 4541 igiturtempestate,
3609 4479 3834 4522 mona-

495 4571 655 4609 suum
685 4555 982 4628 Pippinum
1018 4557 1192 4624 misit,
1221 4564 1282 4611 ut
1310 4571 1461 4610 more
1492 4553 1932 4611 Christianorum
1963 4554 2090 4611 ﬁde-
2127 4553 2163 4557 "
2205 4557 2293 4612 chi
2349 4556 2628 4628 szepcdicti
2671 4558 2908 4614 cmnobii
2957 4557 3316 4626 Cassinensis,
3343 4567 3566 4614 auctore
3612 4555 3832 4613 Carlo-

495 4643 632 4698 lium
665 4643 783 4714 ejus
821 4645 1083 4714 capillum
1126 4644 1337 4714 primus
1365 4643 1698 4708 attonderet,
1728 4658 1791 4697 ac
1820 4642 1978 4698 Pater
2006 4645 2090 4700 illi

495 4731 762 4802 spiritalis
793 4731 1080 4786 exsisteret
1113 4748 1124 4786 :
1175 4731 1319 4802 quod
1354 4731 1448 4786 ille
1498 4730 1902 4802 gratantissime
1931 4748 2093 4787 com-

494 4820 671 4892 plens,
725 4820 916 4876 multis
963 4819 1200 4875 ditatum
1239 4819 1563 4875 muneribus
1609 4819 1844 4891 genitori
1902 4829 2087 4878 natum

494 4907 920 4978 remisit(Paul.
950 4909 1129 4977 Diac.,
1161 4907 1259 4964 lib.
1293 4927 1371 4976 vr,
1406 4925 1454 4964 c.
1487 4909 1602 4981 53).
1627 4909 1742 4976 Qua
1765 4910 1832 4966 de
1862 4927 1918 4966 re
1949 4928 2092 4967 con-

493 4998 639 5070 tigit,
673 5007 734 5054 ut
768 4997 1097 5070 legationem
1130 4997 1483 5053 sacratissimi
1542 4999 1795 5069 praesulis
1841 4999 2089 5072 Gregorii

493 5090 559 5146 ad
590 5105 646 5145 se
675 5088 960 5158 directam,
996 5087 1335 5144 obsecrantis
1373 5095 1642 5159 quatenus
1681 5088 1735 5143 S.
1788 5089 2090 5145 Romanam

493 5178 798 5236 Ecclesiam
836 5194 867 5233 a
914 5175 1399 5248 Langobardorum
1458 5175 1754 5247 tyrannide
1811 5177 2089 5236 liberaret,

493 5275 708 5325 terrena
770 5265 1086 5324 caelestibus
1144 5263 1588 5336 praeponderans,
1649 5264 2090 5337 ﬂoccipenderet.

559 5415 579 5438 ³
601 5409 703 5464 Hic
731 5409 996 5476 calculus,
1021 5406 1103 5462 uti
1125 5414 1179 5462 et
1216 5413 1369 5462 totus
1387 5406 1499 5462 fere
1519 5406 1808 5476 articulus,
1844 5422 1911 5461 ex
1934 5406 2091 5461 Pauli

492 5451 1183 5560 Diaé‘fiiiéibiifﬂ’aﬁébii
1200 5451 1960 5560 )’ίῙ›’.“”γίζξιῖεἶ.“ῖόῗὶῑθξὶἱιῖ)
1969 5451 2094 5556 get;

495 5555 620 5627 est:
675 5564 986 5627 quanquam
1030 5548 1164 5627 anni
1189 5549 1308 5627 fere
1336 5548 1562 5627 centum
1607 5557 1674 5627 _et
1729 5548 2094 5627 quadraginta

495 5616 562 5675 ab
590 5616 874 5675 eversione
894 5619 1203 5677 Cassinensi
1225 5619 1293 5676 ad
1332 5616 1785 5677 instaurationem
1808 5616 2089 5676 eﬂluiisse

2203 4663 2403 4701 manno
2433 4647 2500 4702 de
2541 4663 2649 4718 quo
2703 4662 2867 4718 supra
2920 4649 3232 4716 retulimus,
3264 4650 3495 4705 Romam
3539 4647 3832 4708 veniunt,

2201 4735 2408 4790 doloris
2437 4735 2580 4808 apud
2610 4735 3014 4791 sanctissimum
3061 4753 3250 4808 papam
3286 4735 3605 4792 Zachariam
3635 4734 3834 4803 depoo

2203 4822 2361 4878 situri
2388 4823 2686 4894 querelam,
2731 4831 2952 4895 propter
2971 4840 3170 4896 corpus
3199 4824 3411 4880 scilicet
3439 4818 3832 4879 sacratissimi

2201 4909 2378 4966 Patris
2407 4910 2709 4978 Benedicti,
2759 4927 2790 4966 a
2815 4913 2932 4967 solo
2957 4912 3180 4984 proprio
3211 4912 3268 4967 in
3298 4911 3477 4968 Gallia
3523 4907 3831 4967 translati.

2202 4998 2307 5064 Qui
2331 5014 2532 5054 mmror
2546 4997 2873 5070 jampridem
2895 5016 2926 5054 a
2952 4999 3242 5056 cordibuse
3257 4999 3546 5055 orumdem
3567 4999 3830 5054 fratrum

2202 5087 2272 5142 ob
2302 5096 2570 5144 terrarum
2625 5089 3085 5162 longinquitatem
3151 5107 3252 5147 nec
3308 5107 3418 5146 non
3468 5095 3829 5146 vetustatem

2204 5186 2512 5248 temporum
2549 5176 2844 5233 admodum
2877 5178 3188 5244 refrixerat,
3212 5196 3312 5235 nec
3342 5178 3459 5249 jam
3507 5196 3665 5251 spem
3702 5191 3831 5250 po-

2205 5266 2411 5322 tiundae
2440 5265 2669 5339 hujusce
2695 5267 2774 5322 rei
2812 5265 3087 5323 habebant
3115 5286 3127 5324 :
3151 5267 3248 5324 sed
3268 5268 3639 5326 Carlomanno
3665 5266 3827 5322 illo-

2204 5406 2464 5550 zigeqtlur
2515 5425 2585 5464 ex
2637 5407 2802 5466 dictis
2853 5425 2886 5464 a
2933 5408 3094 5465 nobis
3140 5409 3208 5466 ad
3260 5409 3444 5466 Vitam
3477 5409 3533 5466 S.
3568 5404 3821 5469 Bened.,

2275 5521 2397 5622 illi.
2417 5522 2564 5622 inter
2589 5521 2803 5622 fabulas
2826 5550 3122 5607 amandant
3140 5549 3411 5606 Baronius
3457 5550 3828 5622 aliique,qna

2205 5619 2272 5676 de
2300 5619 2433 5675 rein
2448 5620 2575 5676 Vita
2592 5621 2648 5678 S.
2670 5620 2932 5678 Eucherii
2963 5623 3164 5681 saeculo
3195 5622 3455 5694 proximo
3496 5619 3825 5692 agendum.
