4070 6184
247 245 362 308 917

255 421 389 463 rum
419 416 635 461 sacrum
663 401 933 460 subeunte
958 402 1274 477 collegium,
1306 419 1427 476 spes
1455 405 1590 460 olim
1617 415 1870 464 emortua
1897 415 1946 473 Α

254 495 507 554 revixit:
540 501 901 567 sanctumque
929 494 1194 552 adeuntes
1220 505 1527 570 exposcunt
1553 499 1861 569 praesulem,

256 595 326 644 ut
355 585 570 642 litteras
599 583 835 655 Pippino
865 585 975 658 regi
1007 587 1345 644 Francorum
1375 588 1596 659 dirigat,
1630 588 1867 661 qualiter

255 672 582 732 auctoritati
609 689 673 729 ac
695 673 949 746 precibus
969 673 1106 730 tanti
1129 675 1320 732 favens
1343 676 1642 748 pontiﬁcis,
1664 675 1864 748 egregii

256 764 444 823 Patris
493 779 692 836 corpus
741 761 893 818 avito
935 763 1189 820 restituat
1236 765 1378 822 loco.
1425 766 1690 822 Praefatus
1735 781 1866 820 vero

259 854 520 930 pontifex
562 851 817 924 precibus
863 869 1111 910 annuens
1149 853 1494 926 lacrymosis,
1523 853 1870 910 auctoritatis

259 942 583 1017 apostolicae
611 940 898 1013 epistolam
921 941 1145 1010 editam,
1169 958 1264 1014 per
1282 941 1536 998 eumdem
1556 941 1867 998 Carloman-

259 1049 401 1090 num
450 1048 515 1087 ac
560 1030 759 1087 fratres
805 1030 899 1102 qui
957 1047 1082 1086 cum
1134 1047 1198 1086 eo
1244 1039 1530 1099 venerant,
1581 1032 1868 1087 Franciam

260 1121 503 1194 Pippino
531 1119 724 1191 dirigit
753 1119 886 1190 regi.
915 1117 1110 1175 Modus
1141 1127 1324 1174 autem
1348 1119 1674 1175 relectorum
1696 1135 1869 1175 sacro-

265 1229 390 1269 rum
415 1211 506 1267 hic
523 1217 662 1266 erat.
701 1233 718 1256 ι
735 1209 1023 1265 Zacharias
1047 1210 1356 1283 episcopus,
1378 1225 1569 1266 servus
1586 1225 1868 1264 servorum

268 1302 393 1371 Dei,
445 1307 649 1356 sanctae
702 1297 818 1354 sedi
868 1299 1136 1372 principis
1182 1300 1555 1372 apostolorum
1605 1298 1668 1352 B.
1725 1297 1870 1353 Petri

266 1394 589 1470 praesidens,
621 1390 880 1448 omnibus
908 1391 1180 1464 episcopis
1207 1408 1272 1448 ac
1310 1389 1642 1463 presbyteris
1670 1390 1873 1445 Eccle-

263 1495 360 1553 siae
405 1495 743 1551 Francorum
788 1491 1020 1546 salutem
1067 1488 1222 1546 dicit.
1265 1487 1529 1560 Egregius
1577 1485 1875 1558 Apostolus

264 1584 384 1640 ait:
418 1579 767 1652 Diligentibus
794 1579 964 1634 Deum
995 1577 1173 1633 omnia
1201 1582 1551 1649 cooperantur
1588 1574 1646 1629 in
1683 1573 1875 1628 bonum

271 1682 452 1750 (Rom.
483 1678 632 1748 VIII).
663 1677 734 1731 Et
760 1674 958 1731 iterum
993 1673 1137 1729 idem
1168 1673 1320 1745 ipse:
1363 1673 1504 1728 Dum
1545 1676 1741 1740 tempus
1768 1669 1876 1724 ha-

1397 253 1491 309 DE
1528 252 1908 312 MIRACULIS
1946 253 2004 312 S.
2044 251 2442 313 BENEDICTI.

3464 251 3570 312 918

2563 406 2792 464 CAPUT
2825 406 2975 464 XVI.

1977 496 2358 554 Carolomanni
2389 497 2575 568 legatio
2604 497 2661 551 in
2695 497 2949 553 Galliam.
2983 496 3248 568 Remigius
3278 498 3572 554 Rothoma-

2043 571 2212 641 gensis
2233 569 2501 639 episcopus
2519 586 2553 623 a
2577 568 3002 624 Floriacensibus
3020 571 3074 626 S.
3100 569 3365 626 Benedicti
3383 587 3574 641 corpus

2046 640 2250 710 repetit.

2047 747 2301 820 Acceptis
2333 748 2516 819 itaque
2547 747 2746 802 litteris
2777 748 2831 802 S.
2872 763 3043 819 papae,
3067 746 3495 806 Carlomannusa
3521 765 3578 817 eg

1978 836 2170 892 fratres
2201 838 2294 910 qui
2320 853 2447 893 cum
2477 854 2541 893 eo
2561 844 2715 892 erant
2741 837 2947 892 Gallias
2967 845 3251 909 expetunt,
3279 837 3576 910 Pippinum

1978 928 2200 996 adeunt,
2234 943 2385 982 sacra
2413 928 2586 982 sancti
2623 926 2912 998 apostolici
2951 927 3237 998 proferunt
3275 928 3573 998 rescripta:

1979 1016 2328 1088 ﬂebilemque
2353 1015 2460 1071 sibi
2487 1016 2762 1088 querelam
2795 1015 3105 1087 questuosis
3146 1014 3452 1086 subjiciunt
3491 1016 3580 1069 la-

1981 1105 2206 1177 crymis.
2242 1105 2414 1160 Orant
2439 1104 2722 1160 subveniri
2751 1105 2878 1169 sibi,
2909 1105 3028 1176 pios
3049 1105 3225 1158 Patris
3255 1105 3469 1160 cineres
3497 1119 3578 1158 os-

1981 1212 2144 1268 saque
2173 1197 2386 1253 cunctis
2425 1196 2724 1253 reverenda
2762 1195 3088 1251 mortalibus
3128 1195 3321 1249 furtim
3365 1194 3584 1250 sublata

1981 1289 2356 1345 devotissimis
2377 1289 2509 1344 filiis
2532 1289 2861 1344 auctoritate
2881 1287 3028 1358 regia
3041 1285 3380 1358 justitieeque
3406 1301 3582 1356 respe-

1981 1387 2073 1435 ctu
2114 1379 2322 1434 affatim
2363 1377 2600 1434 restitui.
2642 1377 2763 1432 Non
2804 1377 2975 1431 ullius
3016 1375 3236 1431 offensae
3281 1375 3336 1429 in
3381 1373 3483 1430 hac
3525 1389 3583 1428 re

1984 1471 2366 1542 pertimescere
2394 1470 2632 1541 culpam,
2657 1469 2746 1524 cui
2779 1468 3059 1540 suffragari
3090 1467 3404 1538 agnoscitur
3427 1467 3583 1522 inof-

1983 1559 2170 1614 fensus
2199 1556 2552 1614 rectitudinis
2579 1565 2799 1612 trames.
2823 1558 3026 1612 Flexus
3046 1555 3134 1612 his
3156 1555 3421 1611 luctuosis
3441 1571 3584 1626 que-

1983 1648 2160 1704 stibus
2199 1648 2322 1720 pius
2365 1647 2618 1719 princeps
2664 1647 2938 1720 simulque
2981 1653 3182 1701 sanctae
3227 1643 3344 1699 sedi
3388 1659 3583 1698 assen-

267 1733 464 1836 bemus,
494 1733 771 1839 operemur
799 1765 989 1820 bonum
1018 1765 1089 1819 ad
1114 1733 1287 1818 omnes
1321 1762 1470 1832 (Gal.
1504 1760 1608 1829 vr).
1639 1733 1714 1814 Ει
1741 1759 1872 1814 item

1999 1737 2153 1792 Laudo
2202 1737 2445 1791 favorem
2494 1737 2761 1808 praebens,
2812 1735 2998 1791 fratris
3037 1750 3256 1807 quoquo
3291 1733 3584 1790 consulens

264 1860 591 1930 Scriptura:
625 1858 796 1924 Quam
823 1853 1038 1926 speciosi
1063 1853 1216 1925 pedes
1252 1847 1727 1922 eoangelizantium
1760 1863 1874 1917 pa-

262 1967 394 2017 cem,
439 1945 914 2018 evangelizantium
959 1945 1094 1998 bona
1141 1944 1316 2012 (Rom.
1359 1941 1458 2010 x)l
1505 1939 1874 1993 Innotuerunt

262 2037 430 2095 nobis
460 2033 750 2106 religiosus
771 2031 939 2087 abbas
966 2039 1020 2086 et
1051 2029 1335 2102 presbyter
1355 2027 1567 2086 Cassini
1603 2029 1871 2080 monaste-

263 2128 336 2184 rii
367 2129 431 2184 B.
467 2123 770 2191 Benedicti,
799 2130 853 2178 et
882 2121 1281 2180 Carlomannus
1315 2120 1424 2175 Deo
1452 2118 1708 2174 amabilis
1743 2131 1874 2170 mo-

266 2217 505 2282 nachus,
530 2229 819 2286 germanus
839 2211 942 2267 ﬁlii
967 2210 1142 2266 nostri
1167 2209 1385 2282 Pippiui
1417 2203 1873 2264 excellentissimi

266 2304 719 2378 majorisdomus,
777 2317 873 2374 per
930 2299 1031 2356 bos
1086 2305 1381 2372 praesentes
1431 2297 1717 2368 religiosos
1774 2294 1870 2350 Dei

268 2413 460 2454 servos
489 2393 788 2450 monachos
817 2390 1126 2447 concordiae
1163 2396 1217 2446 et
1245 2388 1394 2460 pacis
1421 2402 1701 2442 sermones
1730 2384 1876 2439 inter

269 2503 399 2542 eum
430 2502 494 2542 ac
523 2483 806 2540 Grifonem
830 2480 1056 2536 fratrem
1081 2478 1200 2550 ejus
1224 2477 1483 2550 expedire
1503 2489 1602 2532 nos
1625 2475 1870 2540 mittere;

268 2584 334 2631 ut
364 2583 418 2631 et
448 2591 549 2630 nos
577 2573 694 2628 haec
730 2571 848 2642 ipsa
872 2569 1240 2634 admonendo,
1274 2567 1577 2638 dirigamus
1605 2564 1876 2620 excellen-

270 2667 366 2722 tiae
391 2665 506 2738 jam
535 2663 671 2719 dicti
703 2660 923 2742 Pippini
951 2658 1052 2714 filii
1082 2657 1278 2726 nostri,
1308 2665 1370 2712 ut
1396 2655 1460 2711 ad
1486 2655 1634 2728 pacis
1653 2667 1877 2709 concor-

271 2755 424 2812 diam
455 2753 704 2820 redeant,
727 2741 886 2806 vobis
907 2755 1126 2820 propter
1149 2750 1321 2804 Deum
1346 2743 1589 2819 pacificis
1615 2741 1878 2798 mediato-

275 2844 451 2901 ribus.
482 2843 688 2899 Verum
718 2839 884 2895 etiam
917 2854 1014 2910 pro
1038 2852 1266 2909 corpore
1294 2837 1358 2891 B.
1394 2832 1700 2900 Benedicti,
1732 2831 1880 2904 quod

276 2934 486 2990 furtive
514 2932 755 2988 ablatum
786 2939 869 2986 est
895 2946 925 2985 a
954 2945 1054 2985 suo
1078 2929 1351 2999 sepulcro,
1381 2933 1439 2981 ut
1458 2925 1507 2980 ei
1537 2922 1876 2979 restituatur.

277 3024 343 3080 In
367 3022 477 3078 hoc
495 3020 716 3092 pietatis
732 3027 785 3074 et
803 3015 1196 3073 misericordiae
1212 3014 1448 3070 libenter
1467 3027 1652 3066 aurem
1670 3025 1879 3066 accom-

279 3109 513 3167 modare
523 3108 806 3163 hortamur
819 3107 1168 3164 dilectionem
1184 3119 1248 3159 ac
1258 3102 1601 3159 sanctitatem
1621 3105 1852 3154 vestram
1865 3140 1878 3164 ,
1919 3128 1958 3186 Ο

282 3207 353 3255 ut
383 3199 621 3270 primum
655 3197 896 3252 omnium
928 3197 1096 3252 frater
1127 3194 1196 3250 ad
1221 3194 1447 3249 fratrem
1484 3191 1633 3263 pacis
1663 3188 1787 3260 jure
1820 3187 1878 3242 in

287 3303 464 3344 unum
496 3285 694 3354 redeat,
724 3293 776 3342 et
805 3284 1178 3343 confundatur
1208 3281 1473 3356 iniquitas
1501 3297 1529 3334 e
1559 3279 1741 3334 medio
1778 3293 1880 3332 eo-

282 3393 442 3442 rum;
481 3375 717 3432 cbaritas
739 3392 872 3431 vero
901 3374 1000 3430 Dei
1022 3373 1180 3428 vobis
1199 3370 1626 3445 praedicantibus
1646 3375 1698 3422 et
1719 3364 1881 3421 mini-

279 3465 587 3524 strantibus
615 3464 880 3521 exuberet
908 3463 1052 3518 inter
1084 3478 1194 3516 eos.
1231 3459 1440 3515 Deinde
1476 3466 1528 3512 et
1568 3455 1778 3529 praefati
1816 3454 1879 3508 B.

282 3554 565 3612 Benedicti
615 3571 817 3626 corpus
854 3552 1017 3623 juxta
1063 3550 1384 3621 petitionem
1435 3562 1718 3602 servorum
1762 3542 1882 3612 Dei,

281 3643 597 3701 sublimitas
627 3643 731 3697 ﬁlii
761 3640 952 3698 dilecti
993 3638 1166 3694 nostri
1202 3635 1421 3710 Pippini
1465 3643 1642 3690 vestra
1681 3650 1887 3706 coope—

281 3740 443 3789 rante
471 3731 764 3788 sanctitate
798 3727 1178 3784 indubitanter
1215 3725 1284 3781 ad
1322 3723 1602 3797 proprium
1645 3721 1890 3777 remittat

281 3824 468 3880 locum
494 3840 508 3890 ;
541 3829 602 3877 ut
624 3829 678 3876 et
693 3819 805 3892 jam
837 3818 971 3875 dicti
995 3818 1140 3874 servi
1163 3817 1263 3875 Dei
1285 3815 1350 3870 de
1373 3831 1474 3869 suo
1495 3812 1764 3886 gaudeant
1784 3809 1889 3865 sibi

279 3915 547 3973 restituto
561 3913 740 3981 Patre,
761 3926 966 3982 vosque
987 3923 1281 3980 perennem
1313 3905 1560 3960 habeatis
1586 3901 1892 3958 mercedem

280 4011 342 4059 et
374 4001 613 4067 laudem,
647 4016 744 4072 pro
775 4015 839 4053 eo
871 3996 1020 4069 quod
1043 3994 1191 4067 juste
1219 3992 1428 4066 operati
1461 3991 1701 4059 fueritis,
1734 3998 1796 4046 ut
1826 3990 1894 4046 ad

279 4107 452 4148 suum
480 4087 813 4146 sanctissimi
845 4086 950 4141 viri
979 4101 1179 4157 corpus
1207 4083 1476 4138 referatur
1501 4080 1798 4146 tumulum,
1827 4095 1892 4134 ex

284 4196 403 4254 quo
449 4179 590 4236 clam
637 4179 883 4233 ablatum
929 4183 1029 4231 est.
1080 4174 1190 4230 Nec
1234 4172 1382 4228 enim
1431 4169 1597 4226 habet
1639 4169 1900 4224 sanctitas

285 4277 480 4326 vestra
508 4268 655 4341 quod
684 4265 1005 4324 offensionis
1044 4265 1102 4320 in
1138 4263 1244 4320 hoc
1281 4262 1428 4317 bono
1467 4273 1630 4333 opere
1668 4257 1902 4314 restitu-

286 4365 468 4423 tionis
495 4363 662 4436 hujus
694 4363 1077 4435 pertimescere
1106 4359 1301 4416 debeat
1345 4373 1529 4414 coram
1576 4357 1728 4423 Deo;
1769 4353 1902 4409 dum

289 4453 562 4522 creditur,
598 4452 726 4525 quia
757 4451 824 4508 ad
856 4448 1219 4507 obtinendum
1251 4447 1376 4515 hoc,
1402 4445 1576 4518 ipsius
1605 4443 1900 4542 suffragan:
1933 4486 1979 4543 υ

293 4543 451 4600 tibus
478 4540 822 4598 orationibus
850 4547 904 4596 et
939 4538 1243 4603 voluntate,
1278 4533 1491 4608 praefati
1527 4531 1766 4605 religiosi
1802 4529 1903 4587 Dei

294 4633 444 4689 servi
472 4639 603 4688 sunt
629 4629 885 4704 permoti.
917 4627 1130 4686 Valete.
1150 4650 1168 4671 ι

960 4792 1261 4808 ~

373 4956 395 4982 ι
450 4919 888 4978 Carolomannus
934 4931 964 4970 e
1008 4913 1236 4974 Cassino
1289 4913 1346 4968 in
1397 4911 1630 4968 Galliam
1683 4906 1910 4982 accessit

299 4979 584 5063 Stephano
633 4991 721 5063 III;
753 4987 1034 5063 pontifice,
1087 4992 1408 5063 ut__co_nstat
1451 4999 1517 5063 ex
1565 4979 1908 5063 Eginhardo,

301 5006 584 5063 Stephano
634 5006 706 5046 ιιι
791 5006 1034 5056 onunce,
1087 5006 1146 5042 ιιι
1192 5006 1408 5041 οοηδιειι
1451 5006 1517 5039 ex
1565 5006 1908 5046 D"IIIIIaI'UU,

301 5063 595 5119 Anastasio
643 5006 1095 5125 Bibliothecario,
1138 5056 1554 5131 Iierkemperto,
1603 5027 1913 5131 Knnalibns

303 5133 664 5201 Bertinianis,
687 5132 920 5202 aliisque
940 5128 1260 5202 auctoribus
1285 5125 1614 5202 supparibus
1647 5125 1774 5202 :_qui
1798 5138 1912 5202 omf

305 5223 406 5262 nes
435 5206 503 5261 de
524 5207 629 5260 ista
652 5194 1043 5260 Carolomanni
1066 5198 1336 5268 legatione
1355 5194 1818 5268 primariasilent.
1843 5194 1914 5246 Et

305 5273 936 5350 quidemgverisimilius
975 5280 1075 5339 est,
1119 5264 1583 5350 Carolorri‘annum
1624 5264 1913 5350 ligniinum

307 5333 662 5405 saecularium
695 5333 1327 5418 fugientem_consortia,
1364 5337 1566 5394 litteris
1591 5352 1622 5418 ξι
1656 5333 1918 5418 Zacharia

309 5435 452 5493 papa
483 5419 552 5475 de
586 5407 882 5493 repetendo
912 5415 966 5471 S.
999 5411 1285 5493 Benedicti
1319 5424 1549 5493 corpore
1589 5407 1917 5493 impetratis,

309 5477 426 5547 hoh
449 5477 805 5562 perseipsum
830 5487 886 5543 id
907 5485 1246 5562 prestitisse,
1270 5477 1480 5562 sedper
1497 5477 1776 5560 legatosin
1798 5477 1918 5532 Gal-

314 5550 700 5632 liam'misso's,
733 5550 1198 5632 quemadmodum
1231 5571 1332 5609 ms.
1368 5550 1599 5632 historia
1622 5550 1922 5632 episcopo—

313 5649 441 5689 rum
479 5620 806 5703 Bothomag.
835 5629 1034 5688 saeculo
1059 5645 1119 5684 χι
1150 5625 1452 5699 composita
1479 5621 1638 5681 docet
1659 5620 1759 5677 his
1789 5635 1910 5675 ver-

1982 1826 2276 1894 voluntati,
2303 1825 2611 1897 Remigium
2635 1825 3128 1895 Bothomagensem
3151 1823 3467 1895 episcopum
3490 1838 3582 1876 na-

1982 1920 2220 1974 turalem
2249 1935 2409 1974 suum
2439 1918 2507 1973 ad
2529 1917 2926 1990 perﬁciendum
2950 1915 3304 1972 Carlomanni
3326 1915 3582 1969 fratrum-

1983 2023 2088 2079 que
2108 2005 2432 2078 petitionem
2454 2022 2582 2061 cum
2603 2005 2837 2076 imperio
2858 2004 3166 2059 Floriacum
3188 2001 3582 2058 monasterium

1981 2093 2210 2165 dirigit:
2247 2093 2343 2164 qui
2372 2109 2440 2148 ex
2471 2099 2740 2164 praecepto
2771 2092 2914 2163 regis
2945 2091 3112 2146 etiam
3142 2089 3460 2145 nolentibus
3479 2088 3584 2143 fra-

1983 2187 2161 2243 tribus
2182 2202 2398 2242 sacrum
2420 2185 2676 2241 effossum
2698 2184 2898 2256 pignus
2918 2183 3283 2242 Carlomanno
3305 2199 3369 2239 ac
3389 2181 3587 2237 fratri-

1985 2278 2087 2333 bus
2113 2293 2238 2334 cum
2282 2293 2346 2332 eo
2385 2276 2735 2348 pergentibus
2776 2275 3031 2331 ocissime
3070 2274 3278 2330 reddat.
3321 2274 3583 2344 Suscepto

1986 2369 2204 2439 negotio
2250 2368 2537 2440 episcopus
2581 2367 2866 2423 celerrime
2914 2363 3304 2420 monasterium
3351 2363 3579 2434 expetit,

1989 2460 2242 2515 mandata
2274 2457 2412 2530 regis
2444 2458 2633 2524 edicit,
2668 2456 2820 2528 jussa
2859 2456 3086 2527 implere
3128 2462 3377 2510 conatur.
3424 2452 3582 2508 Medo

1987 2556 2121 2604 tunc
2149 2547 2414 2618 temporis
2443 2545 2608 2601 abbas
2635 2545 2766 2600 huic
2793 2551 2980 2599 sancto
3009 2549 3236 2615 praeerat
3276 2541 3444 2613 gregi.
3480 2540 3583 2596 Hic

1986 2654 2108 2694 cum
2143 2643 2409 2709 praecepta
2436 2634 2638 2706 regalia
2666 2633 2945 2704 aegerrime
2975 2629 3320 2701 suscepisset,
3371 2644 3482 2683 non
3526 2644 3582 2683 se

1987 2742 2143 2799 posse
2172 2725 2480 2798 depositum
2513 2722 2739 2779 reddere
2763 2722 2932 2790 dixit,
2958 2719 3105 2793 quod
3132 2720 3199 2774 ad
3226 2718 3579 2785 servandum,

1988 2831 2098 2870 non
2128 2824 2308 2870 autem
2340 2811 2742 2868 restituendum
2769 2827 2825 2866 se
2854 2810 3156 2881 suscepisse
3187 2806 3473 2878 gaudebat.
3504 2808 3585 2861 Ita

1988 2903 2321 2975 subjiciens:
2378 2905 2496 2974 Ipse
2543 2900 2920 2957 sanctissimus
2957 2899 3116 2954 Pater
3144 2897 3365 2969 propria
3391 2903 3586 2968 sponte

1989 2992 2100 3049 huc
2128 3009 2184 3048 se
2212 2991 2422 3047 deferre
2451 2989 2720 3062 permisit,
2753 2989 2868 3060 ipse
2906 2987 3121 3042 visione
3157 3001 3309 3040 sacra
3351 3001 3478 3040 suos
3515 2984 3584 3038 ob

1990 3082 2073 3136 sui
2096 3080 2471 3137 devectionem
2497 3078 2756 3134 invitavit
2776 3076 3022 3131 servulos
3043 3090 3054 3128 ε
3085 3073 3424 3144 suscepimus
3445 3071 3584 3127 indi-

1991 3169 2102 3240 gni,
2135 3169 2334 3241 egregii
2365 3167 2541 3222 Patris
2570 3164 2932 3222 sacratissima
2964 3161 3227 3227 membra,
3269 3160 3586 3231 excepimus

1991 3254 2201 3308 cineres
2233 3251 2373 3323 pios,
2405 3251 2601 3305 devote
2640 3264 2790 3304 nunc
2827 3261 2998 3318 usque
3035 3259 3312 3301 asservare
3355 3243 3585 3299 curavi-

1994 3359 2135 3397 mus.
2168 3345 2240 3396 At
2269 3341 2317 3396 si
2355 3339 2558 3396 nostris
2595 3335 3093 3393 intervenientibus
3130 3333 3366 3406 peccatis
3406 3332 3586 3387 relin—

1993 3447 2158 3502 quere
2187 3431 2392 3485 Gallias
2418 3443 2654 3498 ruraque
2683 3441 2807 3481 eum
2852 3424 3039 3480 nativa
3083 3429 3262 3495 petere
3296 3410 3585 3492 placuerit,

1996 3522 2168 3576 fateor
2196 3518 2340 3591 potis
2369 3517 2426 3572 id
2456 3517 2506 3571 ei
2536 3515 2818 3581 exsistere,
2851 3529 2952 3569 nec
2977 3512 3119 3568 velle
3149 3518 3396 3566 nostrum
3423 3510 3588 3565 licere

1995 3604 2381 3681 quoquomodo
2428 3604 2710 3660 obsistere.
2757 3602 2855 3657 Sin
2896 3618 3027 3657 vero
3073 3599 3244 3673 (quod
3287 3597 3592 3656 certissima

1999 3697 2105 3752 fide
2132 3702 2321 3752 nostro
2349 3693 2570 3750 inhaesit
2591 3691 2822 3764 pectori)
2846 3690 3040 3747 divino
3061 3698 3198 3745 nutu
3220 3686 3590 3761 providentia-

1999 3803 2104 3860 que
2132 3784 2387 3843 clementi
2416 3783 2487 3839 ob
2508 3782 2869 3855 plurimarum
2892 3781 3124 3836 salutem
3144 3779 3450 3835 animarum
3471 3776 3594 3832 reli-

2002 3877 2106 3933 ctis
2151 3875 2388 3949 propriis
2426 3873 2524 3929 has
2568 3873 2754 3944 procul
2795 3869 2999 3943 positas
3032 3886 3094 3926 ac
3131 3886 3266 3942 pene
3305 3868 3363 3923 in
3397 3867 3597 3923 ultimo

2004 3967 2192 4022 littore
2211 3964 2411 4022 Oceani
2435 3964 2568 4019 sitas
2587 3963 2820 4034 expetiit
2846 3960 3157 4018 voluntarie
3184 3959 3337 4016 sedes
3359 3977 3372 4027 ;
3396 3956 3600 4014 certis—

2006 4057 2209 4112 simum
2240 4054 2517 4122 habetote,
2555 4055 2791 4125 impotes
2817 4052 2935 4107 voti
2965 4049 3134 4107 vestri
3159 4056 3372 4105 vosmet
3393 4048 3460 4104 ad
3482 4063 3601 4120 pro-

2009 4146 2126 4217 pria
2157 4144 2446 4200 redituros.
2475 4144 2571 4198 His
2593 4143 2775 4208 dictis,
2807 4142 3041 4196 multum
3066 4140 3439 4212 illacrymans,
3462 4137 3606 4192 fores

2011 4235 2253 4292 ecclesiae
2284 4239 2483 4288 sanctae
2509 4232 2609 4286 Dei
2650 4229 2951 4284 Genitricis
2990 4227 3174 4283 Mariae
3220 4243 3330 4298 quo
3371 4227 3608 4297 reposita
3669 4259 3682 4265 -

2011 4332 2200 4382 sancta
2245 4322 2489 4377 membra
2533 4317 2807 4376 cubabant
2855 4330 3092 4371 reserare
3134 4314 3313 4386 jubet,
3375 4331 3609 4386 suosque

2014 4421 2235 4487 propter
2269 4411 2410 4468 ostia
2440 4408 2780 4465 excubitare.

2592 4505 2821 4562 CAPUT
2859 4503 3033 4559 XVII.

2464 4595 2733 4651 Divinilus
2767 4594 2824 4650 id
2864 4592 3166 4664 impeditur.

2085 4691 2203 4763 Ipse
2221 4703 2349 4743 vero
2373 4701 2499 4743 cum
2524 4682 2788 4740 fratribus
2809 4682 2983 4740 totius
3010 4677 3451 4752 congregationis
3471 4678 3616 4733 intra

2017 4779 2316 4838 Ecclesiam
2347 4776 2491 4833 beati
2513 4773 2888 4849 apostolorum
2919 4769 3190 4845 principis
3212 4785 3327 4825 sese
3353 4766 3616 4833 retinens,

2015 4899 2139 4956 bis:
2176 4899 2437 4970 Pippinus
2471 4895 2712 4970 precibus
2756 4887 3392 4970 Carlomannimouachi
3429 4883 3623 4970 fratris

2019 4954 2116 5026 sui
2165 4954 2435 5026 mandauit
2471 4954 2709 5038 ‘Remigio
2746 4954 2974 5037 praefato
3012 4961 3419 5038 archiepiscopo,
3461 4960 3518 5007 ut
3554 4954 3626 5007 ad

2023 5046 2211 5106 locum,
2266 5043 2358 5112 qui
2409 5035 2944 5112 diciturr'Floriacus
3009 5037 3264 5112 pergeret,
3285 5035 3626 5112 Aetncorpus.

2024 5116 2078 5170 S.
2113 5099 2379 5168 Benedicti
2414 5113 2508 5182 qui
2552 5111 2626 5166 ibi
2666 5099 3025 5182 requiescebat
3057 5099 3243 5182 legatis.
3278 5099 3629 5182 Carlomapni

2022 5168 2278 5251 redderet,
2331 5168 2438 5240 etc:
2486 5185 2557 5238 Et
2599 5168 2826 5236 fortasse
2854 5168 3199 5251 Adrevaldus
3228 5168 3629 5251 inspectis‘Za—

2023 5238 2222 5311 chariae
2251 5238 2451 5310 litteris
2480 5252 2751 5308 adductus
2780 5255 2861 5304 est
2888 5254 2950 5302 ut
2979 5243 3244 5302 scriberet
3267 5238 3447 5313 ipsum
3470 5238 3627 5295 Caro-

2029 5328 2347 5382 lomannum
2409 5325 2682 5396 legatione
2743 5321 2995 5396 functum
3029 5331 3201 5396 esse":
3254 5311 3633 5396 quodpostea

2029 5398 2183 5468 Hugo
2213 5385 2580 5468 Floriacensis
2601 5391 2906 5468 monachus
2927 5387 3047 5468 (qui
3059 5387 3122 5468 id
3144 5385 3494 5468 Constantini
3517 5385 3632 5468 in}-

2030 5450 2168 5541 iis?
2191 5450 2336 5522 anno
2379 5450 2445 5522 ίὶ)
2483 5467 2690 5522 factum
2725 5450 2943 5530 asserit)
2964 5450 3183 5530 'aliique
3216 5455 3284 5511 ab
3318 5450 3633 5511 Adrevaldo

2029 5547 2376 5613 acceperunt.
