4070 6178
454 201 557 259 919

1440 193 1856 255 ADREVALDI
1895 192 2397 253 FLORIACENSIS
2434 189 2755 250 MONACHI

3642 183 3746 241 πο

452 352 570 407 solo
599 346 927 423 prostratus,
955 351 1215 423 lacrymis
1244 367 1339 406 ora
1364 349 1617 422 perfusus
1646 350 1866 408 Domini
1889 349 2042 404 auxi-
2077 353 2125 412 Α
2155 349 2442 421 migrante,
2483 346 2711 405 Carolus
2749 352 2802 401 et
2837 343 3237 402 Carlomannus
3273 336 3376 394 ﬁlii
3416 337 3553 408 ejus,
3594 346 3750 412 regni

452 447 589 502 lium
625 448 1026 519 expostulabat,
1059 454 1328 520 quatenus
1357 446 1705 502 dilectissimi
1735 446 1820 502 sui
1841 447 2052 502 confes-

453 535 592 591 soris
621 537 819 609 pignus
845 535 989 608 quod
1021 535 1192 591 nullis
1221 534 1658 607 praecedentibus
1688 535 1920 603 meritis,
1958 535 2051 591 sed

454 626 571 680 solo
601 625 837 696 gratuito
869 641 1095 681 munere
1124 625 1346 680 famulis
1377 624 1492 679 suis
1530 624 1857 692 contulerat,
1899 625 2052 678 nulla

454 715 719 772 scelerum
769 715 1097 770 enormitate
1143 714 1392 788 irritatus
1439 713 1642 768 auferri
1688 714 2046 782 permitteret.

455 802 613 868 Quod
655 802 854 874 quibus
898 802 1118 858 fletibus
1163 803 1471 873 quibusque
1514 801 1830 873 gemitibus,
1876 817 2053 873 quove

455 891 767 946 ululatuum
799 893 1052 962 clangore
1091 898 1401 963 peroratum
1438 892 1530 959 sit,
1573 890 1696 962 quis
1735 891 2049 945 mortalium

456 979 739 1034 exsolvere
783 981 1010 1036 valeat?
1058 979 1448 1037 Conflictantes
1485 978 1722 1050 denique
1761 979 1818 1032 in
1863 978 2052 1033 dolore

456 1067 630 1122 Patris
660 1075 713 1122 et
752 1067 994 1124 ﬁliorum
1034 1068 1267 1135 animos,
1309 1067 1484 1124 etatis
1522 1065 1828 1122 maturimae
1872 1067 2054 1121 inter-

457 1154 697 1228 dumque
725 1171 1012 1226 supremae,
1044 1157 1325 1228 qualitatis
1353 1156 1544 1224 variae,
1585 1156 1924 1212 valetudinis
1957 1155 2054 1210 di-

456 1263 648 1314 versae,
672 1246 797 1318 quis
817 1247 1176 1318 explicaverit
1196 1247 1359 1319 digne
1375 1249 1403 1303 Ῡ
1423 1247 1655 1304 Videres
1675 1254 1822 1304 certe
1841 1245 2055 1303 animos

457 1336 632 1391 Patris
671 1336 945 1392 maestitiae
986 1337 1216 1392 vulnere
1253 1338 1490 1403 attritos,
1531 1345 1876 1410 prospectare
1910 1353 2056 1392 mm-

458 1425 698 1481 rentium
729 1425 975 1480 ﬁliorum
1005 1426 1388 1497 lacrymabiles
1411 1429 1620 1496 vultus,
1653 1434 1814 1498 atque
1838 1426 1905 1481 ab
1927 1442 2055 1481 neu-

458 1522 542 1568 tra
571 1521 726 1584 parte
753 1516 1176 1583 consolatorem,
1217 1533 1573 1588 prorumpere
1607 1515 1739 1571 hinc
1777 1532 1932 1571 senes
1962 1515 2051 1587 ju-

458 1601 710 1656 nioribus
725 1603 949 1658 solitum
966 1604 1176 1674 pridem
1192 1604 1569 1676 impendentes
1580 1606 1896 1662 dilectionis
1910 1621 2054 1660 amo-

2160 435 2690 493 administrationem
2719 431 3052 504 suscipiunt,
3081 429 3130 502 [δ
3150 429 3406 500 factoque
3434 428 3752 485 solemniter

2162 526 2396 600 generali
2431 532 2708 582 conventu
2735 530 2915 578 totum
2946 520 3100 592 regni
3129 535 3328 590 corpus
3357 533 3427 573 ex
3447 533 3600 592 aequo
3621 535 3756 592 par—

2160 620 2378 675 tiuntur
2402 636 2413 673 :
2447 625 2501 672 et
2529 615 2758 674 Carolus
2785 612 3007 687 quidem
3039 627 3157 668 eam
3179 617 3390 682 partem
3419 610 3569 681 regni
3590 627 3756 684 quam

2161 716 2314 780 pater
2333 723 2522 763 eorum
2545 706 2810 778 Pippinus
2848 700 3103 774 inprimis
3123 708 3374 756 tenuerat
3397 719 3411 767 ;
3445 700 3759 757 Carloman-

2163 814 2268 854 nus
2295 813 2424 853 vero
2453 812 2569 852 eam
2596 795 2685 850 cui
2715 801 2942 865 patruus
2967 806 3157 847 eorum
3181 789 3579 847 Carlomannus
3606 806 3762 862 prai—

2163 886 2359 954 fuerat,
2391 883 2613 956 regendi
2645 882 2817 953 gratia
2849 878 3177 950 suscipiunt.
3216 875 3322 932 Sed
3361 875 3763 934 Carlomannus

2163 984 2284 1048 post
2310 973 2756 1031 administratum
2787 970 3014 1026 biennio
3051 983 3301 1039 regnum,
3338 965 3530 1020 morbo
3561 966 3765 1023 deces-

2162 1065 2269 1122 sit:
2303 1066 2531 1123 Carolus
2555 1072 2761 1128 autem,
2791 1062 2958 1118 fratre
2996 1059 3277 1125 defuncto,
3319 1073 3584 1114 consensu
3621 1073 3763 1113 om-

2162 1159 2318 1214 nium
2361 1159 2719 1224 Francorum,
2763 1155 2937 1211 totius
2983 1151 3161 1224 gentis
3209 1149 3579 1206 monarchiam
3623 1166 3766 1206 sus-

2161 1247 2320 1319 cipit.
2354 1245 2459 1312 Qui
2492 1244 2698 1300 bellum
2729 1243 2991 1299 adversus
3019 1237 3501 1311 Langobardorum
3541 1247 3765 1308 gentem

2163 1335 2378 1391 Italiam
2430 1333 2762 1406 jampridem
2818 1333 3189 1390 Romanorum
3244 1327 3498 1400 potestati
3548 1327 3767 1383 subtra-

2163 1436 2309 1486 ctam
2355 1428 2509 1483 vario
2553 1427 2677 1500 jure
2725 1424 3113 1497 possidentem,
3170 1429 3366 1493 rogatu
3409 1427 3463 1476 et
3505 1418 3767 1490 precibus

2163 1516 2394 1574 Adriani
2424 1519 2683 1575 Romanae
2711 1514 2864 1570 urbis
2893 1510 3135 1584 episcOpi
3165 1510 3418 1577 assumit,
3439 1507 3582 1582 quod
3603 1507 3770 1580 prius

2164 1607 2385 1680 quidem
2417 1615 2471 1662 et
2496 1624 2527 1662 a
2556 1613 2707 1677 patre
2737 1603 2874 1676 ejus,
2919 1601 3195 1674 Stephano
3232 1615 3371 1672 papa
3399 1598 3770 1670 supplicante,

458 1709 571 1748 rem
603 1693 812 1748 nullam
843 1695 1126 1750 solaminis
1153 1696 1402 1751 conferre
1431 1697 1692 1767 gratiam:
1727 1696 1857 1752 hinc
1873 1696 2053 1768 junio-
2086 1709 2128 1766 Β
2163 1712 2290 1751 cum
2323 1711 2516 1767 magna
2548 1693 2873 1750 difﬁcultate
2897 1699 3208 1762 susceptum
3241 1695 3342 1744 est.
3373 1687 3511 1754 Quia
3537 1687 3774 1758 quidam

459 1796 563 1849 res,
596 1782 843 1852 patribus
872 1784 1090 1837 nullum
1120 1783 1425 1853 adjumenti
1455 1783 1624 1838 robur
1650 1784 1918 1841 conferre.
1954 1785 2056 1841 Res

458 1877 604 1925 certe
645 1871 862 1926 animos
904 1887 1161 1926 erroneos
1197 1871 1301 1929 hac
1340 1873 1575 1944 illacque
1605 1873 1875 1930 trahebat.
1909 1875 2054 1928 Dum

458 1957 642 2030 itaque
664 1967 842 2031 partes
861 1966 1018 2015 tanto
1040 1960 1213 2015 animi
1239 1961 1431 2016 ardore
1453 1961 1597 2016 inter
1615 1977 1670 2016 se
1691 1962 2052 2030 decertarent,

457 2056 620 2119 atque
641 2047 698 2102 hi
715 2049 914 2120 quibus
935 2065 1020 2106 res
1037 2066 1134 2121 pro
1153 2050 1338 2105 animo
1360 2051 1556 2120 inerat,
1576 2067 1691 2107 sese
1711 2051 2056 2107 orationibus

457 2136 886 2203 communirent,
928 2137 1198 2209 majestati
1248 2140 1803 2211 omnipotentissimae
1846 2149 2055 2197 tantam

377 2239 388 2247 ’
458 2225 798 2282 discriminis
819 2227 968 2283 litem
993 2228 1156 2284 solita
1177 2228 1526 2286 miseratione
1547 2229 1807 2286 dirimere
1829 2230 2052 2302 placuit.

459 2316 742 2389 Siquidem
785 2317 1066 2389 Remigius
1109 2318 1416 2392 episcopus,
1465 2336 1590 2376 cum
1632 2321 1748 2376 suis
1788 2320 2055 2391 templum

457 2405 752 2478 ingressus,
775 2407 910 2464 dum
927 2409 994 2464 ad
1015 2425 1227 2465 sacrum
1246 2410 1703 2483 propinquassent
1722 2411 2053 2482 sepulcrum,

459 2498 744 2569 repentina
765 2499 1037 2554 luminum
1059 2500 1302 2557 caecitate
1316 2501 1453 2556 adeo
1470 2502 1864 2573 percelluntur,
1884 2510 1945 2558 ut
1957 2518 2059 2558 nec

457 2595 678 2642 mutuos
698 2604 918 2643 cernere
940 2591 1164 2661 quirent
1184 2592 1392 2660 vultus,
1415 2608 1516 2648 nec
1535 2594 1840 2666 quamlibet
1861 2593 1917 2648 in
1939 2610 2055 2664 par-

455 2683 567 2728 tem
604 2675 796 2730 saltem
827 2677 1050 2749 palpatu
1077 2695 1185 2751 quo
1215 2681 1467 2752 progredi
1497 2683 1705 2738 vellent
1743 2699 2053 2755 agnoscere.

456 2763 688 2819 Perinde
721 2772 925 2821 terrore
955 2769 1139 2824 valido
1159 2770 1426 2841 adoperti,
1456 2771 1598 2826 nihil
1621 2772 1772 2828 aliud
1794 2789 1956 2844 quam
1978 2773 2056 2828 vi-

457 2861 524 2908 ta:
545 2853 832 2924 dispendia
852 2857 1242 2926 operiebantur
1261 2877 1272 2914 :
1298 2860 1392 2914 alii
1415 2859 1652 2933 denique
1668 2864 1785 2917 solo
1805 2871 2056 2918 sternun-

457 2950 566 3010 tur,
586 2941 1015 3001 misericordiam
1038 2946 1262 3001 Domini
1281 2950 1648 3019 priestolaturi
1665 2968 1677 3016 ;
1697 2951 1790 3005 alii
1813 2951 1959 3022 fugae
1975 2969 2055 3007 so-

2163 1799 2192 1838 e
2223 1783 2557 1856 primoribus
2577 1785 2913 1839 Francorum
2939 1795 3065 1835 cum
3097 1777 3299 1851 quibus
3322 1775 3603 1833 consulere
3621 1776 3775 1831 sole-

2165 1875 2276 1941 bat,
2307 1873 2442 1929 adeo
2472 1872 2746 1928 voluntati
2776 1869 2895 1942 ejus
2922 1867 3092 1925 renisi
3114 1874 3264 1935 sunt,
3292 1874 3355 1922 ut
3383 1881 3438 1921 se
3464 1881 3643 1936 regem
3680 1863 3778 1918 de-

2165 1974 2424 2033 serturos,
2456 1963 2791 2035 domumque
2820 1959 3097 2016 redituros
3119 1957 3291 2014 libera
3314 1972 3449 2013 voce
3467 1955 3778 2026 proclama-

2165 2061 2305 2110 rent.
2341 2053 2663 2123 Susceptum
2698 2058 2882 2107 tamen
2910 2057 2992 2106 est
3024 2056 3160 2104 tunc
3198 2055 3391 2103 contra
3431 2045 3776 2101 Haistulfum

2166 2161 2345 2218 regem
2377 2151 2431 2199 et
2457 2143 2741 2199 celerrime
2772 2141 3127 2213 completum.
3163 2137 3446 2211 Siquidem
3475 2136 3776 2208 praefatum

2167 2252 2347 2308 regem
2386 2249 2687 2307 paucorum
2733 2231 2949 2288 dierum
2988 2229 3276 2286 obsidione
3318 2226 3463 2300 apud
3509 2226 3777 2283 Ticinum

2166 2324 2435 2397 compulit
2464 2331 2518 2392 et
2546 2321 2763 2378 obsides
2793 2321 2942 2390 dare,
2980 2329 3035 2377 et
3061 2327 3247 2391 erepta
3276 2317 3536 2375 Romanis
3566 2315 3781 2388 oppida

2167 2422 2326 2486 atque
2356 2413 2580 2468 castella
2608 2411 2913 2476 restituere,
2939 2417 3100 2482 atque
3126 2417 3187 2465 ut
3215 2407 3428 2464 reddita
3458 2422 3570 2461 non
3603 2421 3781 2477 repe-

2166 2510 2432 2569 terentur,
2465 2506 2803 2558 sacramento
2834 2498 2997 2555 ﬁdem
3028 2499 3225 2553 facere.
3256 2496 3557 2552 Enimvero
3590 2495 3780 2552 Caro-

2169 2595 2256 2649 lus
2286 2592 2606 2649 inchoatum
2646 2608 2678 2646 a
2717 2606 2772 2646 se
2806 2589 3013 2645 bellum
3061 2602 3404 2661 nequaquam
3445 2584 3779 2657 interpolari

2167 2683 2435 2756 permisit,
2471 2681 2793 2754 priusquam
2823 2678 3166 2736 Desiderium
3209 2693 3389 2750 regem
3429 2676 3591 2746 longa
3625 2674 3780 2731 obsi-

2167 2773 2331 2829 dione
2363 2773 2650 2843 fatigatum
2685 2771 2741 2826 in
2774 2769 3113 2825 deditionem
3145 2768 3434 2837 acciperet,
3481 2765 3781 2837 ﬁliumque

2167 2863 2284 2935 ejus
2304 2862 2623 2935 Adalgisum
2647 2859 2701 2915 in
2725 2876 2886 2932 quem
2912 2875 3033 2931 spes
3053 2856 3300 2912 omnium
3325 2855 3594 2912 inclinata
3620 2851 3779 2908 vide-

2165 2951 2346 3021 batur,
2372 2968 2483 3007 non
2509 2951 2688 3007 solum
2709 2966 2896 3021 regno,
2930 2947 3290 3004 verumetiam
3319 2945 3478 3002 Italia
3507 2941 3781 3000 excedere

457 3031 589 3087 latio
611 3032 842 3089 salutem
862 3035 1940 3110 meditantes,hucillucquediscurrunt,
1961 3059 2052 3097 vo-
2092 3069 2135 3128 Ο
2170 3041 2542 3114 compelleret,
2587 3040 2881 3112 omniaque
2924 3039 3184 3096 Romanis
3221 3044 3406 3108 erepta
3434 3036 3779 3102 restitueret,

455 3121 855 3196 ciferantesque
885 3125 1157 3181 auxilium
1188 3128 1356 3183 affore
1395 3135 1706 3200 precantur.
1750 3130 1848 3186 His
1885 3131 2058 3186 nimia

456 3213 781 3270 confusione
812 3217 1306 3287 tumultuantibus,
1339 3227 1598 3276 evocatus
1635 3237 1761 3277 cum
1798 3221 2063 3279 fratribus

456 3303 694 3358 accurrit
713 3305 896 3373 abbas,
913 3305 1145 3380 dataque
1163 3324 1326 3363 manu
1344 3309 1411 3363 ab
1427 3309 1656 3366 ecclesia
1671 3310 1969 3367 violatores
1983 3327 2062 3366 sa-

455 3390 535 3444 cri
561 3395 753 3466 templi
776 3397 1039 3464 extrahit,
1063 3396 1312 3453 divinam
1335 3400 1468 3456 satis
1487 3400 1810 3474 abundeque
1827 3401 2062 3457 sentien-

452 3482 534 3538 tes
549 3484 819 3542 ultionem
831 3532 840 3542 .
851 3488 1013 3542 Humi
1030 3490 1229 3552 deinde
1243 3492 1528 3562 prostratis
1542 3493 1868 3564 veniamque
1879 3499 2063 3564 peten-

453 3571 602 3629 tibus
618 3575 916 3631 clementer
936 3577 1189 3644 indulsit,
1209 3587 1370 3651 atque
1390 3594 1458 3633 ex
1475 3578 1717 3650 ejusdem
1738 3581 2064 3651 pretiosissi-

456 3661 530 3714 mi
548 3662 878 3718 confessoris
890 3680 1116 3734 corpore
1132 3666 1390 3738 reliquias
1401 3667 1791 3737 benignissime
1805 3669 2059 3726 contulit.

453 3754 692 3810 Retectis
713 3765 915 3825 autem,
947 3774 1006 3812 ac
1017 3760 1232 3816 cunctis
1247 3762 1766 3818 necessariisitineri
1781 3763 2067 3834 dapsiliter

457 3845 761 3912 attributis,
779 3846 848 3902 ad
869 3864 965 3904 sua
988 3849 1320 3906 remittit.At
1344 3851 1426 3905 illi
1449 3851 1713 3921 palatium
1738 3860 2060 3925 repetentes,

459 3933 719 3990 virtutem
763 3937 1226 4006 quamplurimam
1264 3939 1360 3993 Dei
1414 3938 1520 3995 hoc
1569 3940 1630 3994 in
1685 3940 1804 3996 loco
1854 3943 2065 3998 meritis

457 4029 659 4076 sanctae
687 4022 785 4077 Dei
817 4023 1113 4080 Genitricis
1152 4035 1532 4100 perpetuaeque
1571 4028 1818 4101 Virginis
1855 4031 2059 4096 Mariae,

457 4124 520 4162 ac
545 4109 606 4164 Β.
640 4109 787 4166 Petri
817 4114 1192 4184 apostolorum
1225 4116 1510 4189 principis,
1539 4134 1753 4176 necnon
1783 4129 1836 4178 et
1865 4122 2062 4194 egregii

459 4197 517 4251 P.
543 4198 826 4256 Benedicti
849 4202 1244 4261 intercessione
1265 4208 1562 4278 vigentem,
1587 4210 1700 4281 regi
1732 4213 2064 4283 praestantis-

457 4287 603 4342 simo
624 4289 857 4361 Pippino
877 4293 1236 4364 patefaciunt,
1259 4311 1493 4368 eumque
1515 4297 1795 4355 liberalem
1819 4300 1949 4357 huic
1969 4318 2066 4357 sa-

457 4393 551 4432 cro
583 4379 836 4436 coenobio
865 4382 979 4438 suis
1008 4384 1490 4442 adhortationibus
1524 4387 1711 4444 sedule
1749 4390 1994 4448 eﬁiciunt
2015 4408 2058 4438 ιο

1029 4507 1260 4565 CAPUT
1284 4509 1484 4568 XVIII.

464 4591 692 4674 Caiolu‘s
738 4601 786 4648 et
832 4595 1224 4674 Carlomannus
1272 4601 1502 4672 Pippino
1554 4605 1704 4674 patri
1763 4607 2058 4662 succedunt.

534 4663 1043 4745 Carlomannusrex
1066 4671 1311 4745 moritur.
1335 4663 1520 4729 Caroli
1546 4663 1704 4745 gesta.
1739 4706 1809 4717 —
1827 4678 2062 4734 Rahonis

531 4741 733 4789 comitis
760 4741 1030 4806 rapacitas
1050 4741 1302 4810 punitur.

531 4830 768 4902 Pippino
798 4832 1010 4888 interea
1039 4850 1161 4907 rege
1189 4837 1257 4894 ad
1285 4839 1527 4896 cmlestia
1561 4850 1623 4898 ut
1651 4842 1928 4900 credimus
1957 4845 2062 4901 de-

535 4958 556 4984 .
591 4921 828 5000 Brevius
855 4922 1316 5000 bancghistoriam
1346 4929 1637 5000 descripsit
1665 4931 1878 4988 Auctor
1915 4950 2063 4989 ano-

463 5009 664 5074 nyinus
687 4994 1062 5074 ms:.l1istoritp
1082 4998 1387 5074 episcopor,
1413 4994 1740 5074 Rotbomag.
1771 5003 1837 5059 de
1867 5005 2063 5062 Remi—

464 5065 552 5146 gio
581 5064 658 5119 ita
674 5065 928 5146 scribens
954 5086 965 5122 :
1010 5064 1240 5146 Cumque
1267 5064 1340 5123 ad
1371 5071 1538 5146 locum
1565 5064 1782 5142 veniret,
1823 5082 1870 5130 et
1896 5078 2057 5134 abba-

464 5140 684 5216 μέρη-(ιιφὶ
715 5143 834 5192 tunc
875 5140 1120 5216 temporis
1157 5142 1531 5216 monasterium
1570 5140 1777 5216 regebat
1821 5155 1868 5202 et
1913 5150 2062 5206 Medo

463 5207 732 5290 dicebatur
755 5207 1133 5290 vocaret—regis
1165 5211 1334 5290 edicta
1369 5207 1671 5290 edisserens,
1722 5235 1838 5273 cum
1887 5221 2064 5290 legatis

468 5279 830 5363 Carlompgni
853 5279 1117 5361 ecclesiam
1149 5283 1428 5363 _ingressus
1469 5293 1562 5343 est.
1613 5279 1847 5363 cumque
1879 5279 2066 5363 sepul—

463 5365 613 5431 crum
777 5352 886 5431 viri
916 5352 1462 5431 appropinquassent,
1518 5352 1793 5431 repentina
1842 5352 2067 5418 caecitate

464 5421 678 5502 multati
718 5421 1138 5502 sunt:_Proinde
1183 5421 1381 5484 terrore
1421 5421 1600 5488 ualido
1645 5434 1901 5502 concussi,
1947 5440 2067 5490 ante

462 5489 1043 5580 ηζοξίίξψψηιᾳὸὸαιεῖη
1097 5497 1551 5580 fratresque_loci
1606 5504 1756 5560 illius
1795 5489 2066 5561 ,solotenus

465 5565 881 5631 prosternuntur
931 5565 1348 5627 misericordiam
1401 5573 1749 5644 deprecantes,
1811 5582 2067 5646 quatenus

2170 3139 2451 3203 totamque
2475 3129 2687 3186 Italiam
2715 3147 2824 3185 suae
2851 3127 3052 3185 ditioni
3082 3126 3397 3200 subjugaret
3425 3125 3783 3197 subactaque

2171 3221 2350 3276 ﬁlium
2379 3236 2540 3275 suum
2567 3219 2863 3292 Pippinum
2894 3235 3096 3291 regem,
3131 3220 3456 3292 imponeret.
3492 3217 3782 3288 Ampliat:

2173 3310 2408 3382 denique
2451 3310 2599 3383 regia
2643 3317 2927 3382 potestate,
2977 3326 3196 3366 necesse
3236 3316 3350 3364 erat
3397 3308 3780 3381 duces‘regno

2172 3400 2584 3474 subjugataeque
2613 3401 2758 3473 genti
2787 3401 3084 3473 praeﬁcere,
3111 3401 3208 3474 qui
3233 3409 3288 3456 et
3315 3400 3500 3471 legum
3528 3400 3780 3456 modera-

2173 3490 2342 3560 mina,
2373 3498 2428 3546 et
2455 3507 2663 3546 morem
2690 3491 2938 3548 Franciae
2967 3497 3243 3546 assuetum
3273 3507 3492 3546 servare
3519 3491 3781 3562 compel-

2174 3584 2366 3638 lerent.
2390 3583 2508 3650 Qua
2527 3581 2594 3637 de
2622 3599 2680 3637 re
2707 3582 3036 3654 primatibus
3060 3582 3247 3654 populi
3271 3581 3620 3655 ducibusque
3647 3599 3780 3639 con-

2175 3672 2212 3727 ti
2221 3672 2297 3744 git
2317 3671 2580 3744 palatium
2603 3673 2847 3741 vacuari,
2869 3688 2934 3727 eo
2955 3671 3102 3744 quod
3124 3671 3328 3727 multos
3347 3687 3417 3727 ex
3435 3672 3781 3729 Francorum

2175 3763 2348 3820 nobili
2379 3780 2572 3836 genere
2610 3764 2729 3821 ﬁlio
2761 3766 3078 3834 contulerit,
3123 3765 3220 3837 qui
3263 3780 3389 3820 cum
3432 3781 3500 3820 eo
3546 3781 3781 3835 regnum

2174 3857 2394 3913 noviter
2421 3865 2731 3930 susceptum
2763 3863 3048 3912 tuerentur
3079 3863 3133 3912 et
3161 3863 3428 3927 regerent.
3463 3854 3580 3911 Hac
3611 3855 3785 3930 igitur

2173 3947 2459 4004 occasione
2504 3955 2567 4004 ut
2613 3947 2890 4018 aliquibus
2935 3945 3192 4001 videtur:
3243 3952 3305 4000 ut
3344 3944 3608 4016 plurimis
3648 3961 3783 4000 vero

2173 4040 2436 4096 credibile
2455 4041 2636 4096 visum
2661 4047 2761 4108 est,
2785 4040 2854 4094 ob
2877 4040 3212 4095 Francorum
3243 4045 3554 4109 suspectam
3587 4037 3778 4105 ﬁdem,

2174 4146 2335 4202 quam
2395 4129 2558 4186 semel
2617 4129 2677 4184 in
2733 4127 3154 4200 conjuratione,
3221 4128 3354 4184 dum
3409 4126 3626 4182 bellum
3683 4125 3782 4182 in-

2173 4219 2464 4275 choaretur
2491 4217 2846 4286 Saxonicum,
2878 4225 3138 4289 expertus
3179 4227 3290 4284 est;
3340 4218 3543 4272 iterum
3595 4224 3782 4272 autem

2173 4309 2228 4362 in
2260 4308 2640 4380 conjuratione
2669 4308 2889 4380 Pippini
2932 4308 3203 4364 naturalis
3246 4306 3397 4381 ﬁlii,]
3445 4305 3783 4380 quibusdam

2090 4425 2137 4484 ι)
2173 4415 2456 4454 servorum
2513 4415 2736 4456 suorum
2797 4398 2914 4456 ﬁsci
2973 4398 3160 4454 debito
3224 4397 3524 4453 sublevatis
3589 4411 3784 4452 curam

2169 4485 2400 4543 tradidit
2445 4488 2618 4560 regni,
2670 4495 2832 4560 atque
2878 4487 3153 4558 imprimis
3201 4487 3476 4559 Ragonem
3530 4487 3785 4544 Aurelia-

2171 4576 2431 4632 nensibus
2460 4577 2717 4632 comitem
2747 4577 3008 4648 praefecit,
3049 4576 3497 4648 Biturigensibus
3526 4576 3783 4634 Sturmi-

2171 4666 2348 4732 nium,
2377 4666 2643 4722 Arvernis
2670 4665 3093 4736 Bertmundum,
3131 4667 3364 4738 aliisque
3394 4675 3456 4722 ut
3493 4665 3544 4723 ei
3595 4666 3781 4723 visum

2171 4762 2252 4809 cst
2281 4754 2417 4810 locis
2441 4755 2579 4810 alios
2606 4755 2922 4826 praeposuit.
2958 4754 3062 4812 Sed
3103 4755 3254 4814 Raho
3283 4764 3344 4811 ut
3373 4755 3494 4826 ejus
3522 4755 3781 4813 debitum

2166 4861 2266 4914 pro
2294 4843 2367 4898 eis
2396 4843 2684 4898 Dominum
2713 4851 2998 4899 exorarent
3025 4850 3085 4899 ut
3110 4844 3182 4898 eis
3213 4844 3548 4916 indulgeret:
3573 4845 3784 4916 promi-

2169 4936 2337 5009 sitque
2362 4936 2431 4992 B.
2458 4934 2742 5009 Remigius,
2770 4937 2913 5009 quod
2939 4953 3213 5007 nunquam
3242 4938 3411 5009 sancti
3441 4954 3637 5009 corpus
3661 4939 3786 4993 inde

2170 5007 2402 5078 amplius
2429 5007 2766 5080 transferret.
2806 5008 2947 5075 Quid
2961 5010 3164 5080 plura?
3191 5008 3347 5064 Illico
3369 5015 3491 5063 sunt
3512 5007 3781 5076 exauditi,

2171 5085 2217 5132 et
2242 5079 2307 5134 Β.
2332 5079 2597 5149 Remigius
2616 5095 2733 5134 cum
2752 5080 2863 5134 suis
2892 5079 3160 5134 sodalibus
3174 5081 3468 5151 pristinam
3497 5083 3785 5137 sanitatem

2172 5151 2379 5223 recepit.
2435 5151 2688 5223 Precatus
2737 5157 2813 5205 est
2857 5157 3030 5206 autem
3072 5151 3364 5222 praefatum
3408 5153 3673 5222 abbatem,
3723 5161 3784 5208 ut

2173 5222 2410 5297 c_orpo_ris
2437 5222 2546 5278 viri
2572 5223 2830 5297 reliquias
2860 5223 2971 5279 illis
2997 5223 3278 5297 exhiberet,
3311 5241 3374 5278 ne
3404 5225 3550 5280 locus
3579 5226 3641 5280 in
3677 5242 3782 5297 quo

2177 5294 2280 5347 Deo
2305 5295 2483 5349 devote
2508 5295 2935 5351 servieratvtanto
2969 5295 3267 5365 patrocinio
3304 5303 3632 5352 cassaretur.
3677 5294 3784 5364 Οιιί

2177 5365 2392 5439 libenter
2419 5367 2698 5439 acquievit.
2733 5370 2917 5439 Sicque
2945 5366 3126 5436 legatis
3154 5367 3507 5423 runcantibus
3534 5368 3609 5423 ad
3641 5383 3782 5439 pro-

2169 5435 2328 5510 pria,
2337 5435 2616 5510 Remigius
2642 5440 2805 5496 rediit
2825 5435 2901 5494 ad
2925 5435 3043 5510 sua.

2245 5514 2270 5550 δ
2309 5508 2476 5564 Uncis
2503 5508 2728 5591 inclusa
2755 5513 2953 5570 desunt
2995 5508 3053 5565 in
3083 5509 3395 5584 apographo
3423 5518 3617 5568 nostro
3645 5509 3777 5568 San-

2175 5594 2540 5650 germanensi.
