4070 6184
210 274 323 332 921

1363 275 1459 336 DE
1492 274 1874 337 MIBACULIS
1911 278 1967 336 S.
2009 279 2412 340 BENEDICTI.

3417 285 3522 343 922

202 428 544 502 exposcebat
574 435 802 496 naturae,
839 429 1011 485 nimia
1039 429 1370 486 insolescens
1397 431 1616 500 astutia,
1650 433 1816 505 cupi-
1843 434 1893 492 A
1927 448 2087 488 suum
2142 432 2449 490 interﬁcere
2504 431 2764 499 voluisse,
2821 431 3016 487 baculo
3061 431 3208 504 quod
3258 434 3518 506 gestabat,

203 518 382 576 ditate
418 533 552 573 vero
600 517 879 574 crudelior
917 518 1159 588 effectus,
1209 535 1333 576 cum
1381 521 1640 578 universa
1696 537 1817 594 quae

202 606 695 665 Anrelianensium
728 606 864 663 ﬁnes
892 610 1173 664 continere
1201 608 1530 666 videbantur
1557 611 1660 667 sibi
1676 611 1818 667 sub-

197 699 352 772 jecta
379 705 647 767 cerneret,
684 698 936 755 cmnobio
975 700 1245 756 duntaxat
1291 700 1344 758 S.
1394 701 1680 759 Benedicti
1709 720 1817 759 ex—

202 799 367 862 cepto
403 788 549 862 quod
589 788 658 844 ab
686 787 881 844 abbate
909 797 1043 846 tunc
1073 789 1358 861 regebatur
1388 791 1642 860 Badulfo,
1675 809 1817 848 con—

202 879 396 936 silium
430 877 626 934 habuit
653 876 847 932 abbate
878 879 1170 935 interfecto
1209 879 1496 950 praefatum
1527 881 1817 952 praeripere

199 968 546 1028 ccenobium.
588 966 747 1033 Quod
797 974 1070 1022 maturato
1119 967 1434 1039 peregisset,
1489 969 1594 1023 nisi
1644 969 1819 1040 pietas

202 1056 691 1130 indulgentissima
711 1054 1028 1112 Conditoris
1058 1055 1276 1112 obviam
1313 1072 1368 1112 se
1396 1063 1553 1112 tanto
1583 1057 1815 1114 facinori

202 1163 481 1220 opponere
526 1144 905 1216 disposuisset.
960 1145 1154 1201 Fretus
1206 1146 1394 1219 itaque
1441 1147 1641 1203 ﬁducia
1684 1163 1818 1218 per-

200 1236 426 1309 agendae
453 1233 837 1306 malignitatis,
868 1234 1158 1306 quemdam
1191 1250 1220 1289 e
1249 1235 1364 1290 suis
1390 1235 1726 1292 satellitibus
1744 1235 1810 1292 ad

203 1346 386 1402 regem
409 1329 622 1401 dirigit,
649 1325 744 1400 qui
768 1333 1049 1382 mortuum
1079 1327 1374 1382 Radulfum
1399 1328 1647 1384 abbatem
1675 1344 1814 1383 nun-

203 1421 387 1488 tiaret,
419 1419 716 1490 statimque
745 1433 809 1474 ac
838 1433 974 1490 pene
1012 1418 1280 1489 evestigio
1327 1420 1562 1474 alterum
1620 1418 1809 1494 mittit,

200 1509 297 1580 qui
329 1506 628 1565 Radulfum
651 1506 903 1562 abbatem
932 1507 1000 1562 ad
1029 1508 1370 1581 colloquium
1400 1516 1652 1566 evocaret
1681 1526 1813 1564 mu—

201 1606 384 1654 tuum.
417 1597 554 1653 Sane
587 1597 791 1668 legatus
834 1597 948 1667 regi
990 1596 1232 1653 directus
1267 1599 1567 1654 accelerate
1614 1599 1814 1654 itinere

200 1690 469 1764 palatium
498 1689 671 1757 venit,
705 1688 859 1760 jussa
891 1690 1212 1762 exsequitur
1241 1709 1252 1745 :
1287 1691 1633 1762 necdumque
1679 1706 1812 1760 per—

1924 530 2088 594 caput
2128 538 2312 578 meum
2351 520 2534 577 valide
2575 519 2909 592 percutiens,
2949 519 3112 575 morti
3159 535 3245 575 me
3274 523 3522 580 vicinum

1921 611 2200 679 reddidit;
2261 628 2370 666 una
2426 611 2588 667 etiam
2641 610 3002 672 comminans.
3053 609 3320 666 citissime
3359 611 3525 684 hujus

1925 700 2054 756 facti
2087 717 2171 756 me
2218 701 2492 756 inutiliter
2538 700 2936 773 paenitudinem
2987 707 3352 771 peracturum.
3397 699 3527 756 Haec

1926 788 2134 857 dicens,
2166 788 2355 845 dolore
2385 789 2648 844 interiora
2677 788 2840 844 citius
2869 795 3207 860 penetrante,
3242 794 3401 843 nocte
3429 803 3526 842 se—

1927 878 2138 949 quenti,
2171 879 2336 934 morti
2367 879 2612 950 corporis
2642 887 2872 934 mortem
2903 876 3099 932 anima;
3132 876 3369 945 socians,
3401 876 3526 933 Ma-

1927 983 2058 1022 num
2119 967 2481 1042 [daemonum]
2540 968 2822 1040 obsequio,
2875 967 3234 1022 miserrimam
3282 968 3523 1024 animam

1926 1062 2088 1118 Erebi
2117 1062 2393 1134 jaculatur
2415 1064 2489 1120 ad
2531 1064 2658 1118 ima.
2703 1067 2776 1119 At
2823 1063 3088 1120 Radulfus
3132 1063 3298 1119 abbas
3341 1061 3525 1135 agnita

1927 1151 2042 1224 ejus
2075 1155 2296 1225 praepeti
2327 1154 2570 1226 quidem,
2611 1153 2705 1210 sed
2753 1155 2982 1208 serorita
3024 1160 3219 1221 morte,
3274 1155 3514 1224 legatum

1926 1241 2136 1314 dirigit,
2169 1244 2260 1316 qui
2294 1244 2408 1315 regi
2439 1253 2491 1299 et
2519 1260 2673 1299 suam
2703 1243 2982 1300 renuntiet
3007 1242 3203 1310 vitam,
3245 1247 3300 1296 et
3345 1240 3522 1299 Baho-

1927 1332 2012 1388 nis
2040 1333 2290 1390 exitiales
2319 1335 2621 1410 exsequias.

2517 1513 2743 1569 CAPUT
2772 1512 2924 1569 XIX.

2098 1625 2267 1682 Naves
2297 1622 2710 1682 Floriacensium
2742 1643 2775 1678 a
2809 1621 3043 1695 vectigali
3070 1620 3341 1676 immunes.

196 1762 326 1836 acto
355 1777 575 1851 negotio
599 1777 922 1850 aliquandiu
950 1778 1152 1849 palatio
1183 1779 1529 1835 immoratur.
1573 1781 1646 1834 At
1675 1794 1806 1833 vero
1837 1791 1881 1849 Β
1990 1769 2172 1840 Regali
2207 1767 2588 1824 muniﬁcentia
2612 1766 2745 1822 huic
2783 1766 3151 1822 sacratissimo
3195 1762 3448 1822 coenobio
3490 1779 3524 1818 ει

196 1872 471 1930 Badulfus
503 1869 669 1926 abbas
697 1870 1011 1926 conscensis
1038 1871 1194 1944 equis
1223 1887 1347 1926 cum
1385 1871 1574 1940 paucis
1597 1870 1665 1926 ad
1695 1871 1804 1925 col-

197 1961 453 2034 loquium
484 1967 737 2032 properat
769 1960 1012 2016 fallentis
1040 1959 1225 2016 amici.
1277 1959 1381 2015 Sed
1417 1959 1550 2014 dum
1582 1959 1678 2014 ille
1701 1958 1806 2014 iter

196 2056 506 2125 perageret,
536 2065 718 2105 comes
749 2048 1008 2104 balneum
1048 2049 1345 2120 ingressus,
1379 2065 1568 2105 curam
1599 2064 1805 2120 corpo-

197 2145 274 2200 ris
302 2142 516 2216 agebat.
548 2142 793 2215 Cumque
823 2141 1076 2198 adhucin
1097 2142 1295 2197 balneo
1327 2141 1607 2208 resideret,
1640 2140 1805 2196 abbas

194 2232 652 2287 monasteriolum
684 2231 738 2286 S.
771 2229 1038 2286 Gundulﬁ
1077 2237 1098 2263 "
1137 2230 1444 2302 ingreditur
1475 2231 1627 2300 (nam
1664 2229 1800 2284 inibi

195 2329 331 2378 tunc
362 2319 680 2375 morabatur
714 2319 941 2389 comes).
983 2318 1320 2391 obviumque
1355 2318 1550 2398 habuit
1602 2334 1804 2389 quem—

191 2413 322 2468 dam
361 2411 722 2485 pomilionem
763 2408 1149 2482 [pumilionem
1185 2426 1273 2463 seu
1304 2409 1534 2483 nanum]
1581 2409 1805 2464 nomine

193 2499 612 2571 Gauringisum,
644 2498 739 2571 qui
761 2497 975 2554 facetiis
994 2498 1184 2554 comiti
1215 2498 1567 2565 inserviebat,
1599 2498 1803 2570 quique

192 2589 429 2645 insidias
459 2589 508 2644 ei
539 2586 779 2655 comitis,
810 2603 937 2642 cum
981 2587 1230 2652 nutibus,
1269 2593 1388 2642 tum
1418 2602 1668 2642 sermone
1698 2585 1804 2641 de-

191 2679 484 2746 nuntians,
523 2677 667 2749 fugas
694 2677 968 2732 auxilium
1003 2684 1258 2748 expetere
1297 2676 1566 2732 hortatur.
1617 2677 1804 2748 Itaque

189 2768 363 2824 abbas
391 2783 553 2823 verso
583 2766 772 2837 gradu,
804 2766 1109 2823 calcaribus
1133 2781 1332 2838 equum
1367 2765 1676 2837 impellens,
1714 2765 1805 2820 ci—

190 2866 310 2914 tato
343 2874 512 2914 cursu
543 2857 751 2927 Ligeris
780 2858 995 2911 alveum
1043 2856 1260 2926 repetit,
1310 2871 1615 2928 navemque
1662 2871 1805 2910 con-

187 2946 486 3014 scendens,
518 2945 576 3000 in
603 2945 914 3000 citeriorem
936 2944 1313 3000 transvehitur
1342 2943 1538 3013 ripam,
1572 2941 1805 2995 celerri-

188 3053 395 3109 meque
421 3034 753 3091 monasterio
771 3034 1052 3106 recipitur.
1077 3035 1288 3090 Interea
1303 3032 1592 3088 nuntiatur
1611 3030 1802 3086 comiti

184 3127 462 3184 abbatem
492 3124 633 3180 inibi
662 3124 874 3181 affuisse
905 3125 1224 3193 Radulfum,
1266 3123 1360 3179 sed
1407 3123 1620 3179 concite
1669 3121 1800 3176 red—
1840 3151 1882 3210 Ο

184 3217 356 3272 iisse.
392 3214 634 3272 Cernens
669 3231 844 3270 comes
887 3215 1150 3271 acerrime
1198 3229 1253 3269 se
1299 3213 1368 3268 ab
1415 3211 1608 3267 abbate
1652 3227 1801 3282 pra:—

185 3313 456 3373 ventum,
503 3321 601 3361 nec
646 3306 844 3360 malitae
890 3323 999 3362 suae
1045 3322 1108 3361 ac
1155 3305 1337 3362 fraudi
1385 3305 1564 3360 locum
1620 3310 1802 3374 patere

182 3397 400 3460 ullum,
423 3393 600 3450 nimio
631 3393 758 3450 felle
785 3402 1112 3461 commotus,
1136 3410 1167 3448 a
1189 3389 1382 3450 balneo
1411 3392 1675 3448 exsiliens
1698 3390 1800 3445 lin-

183 3493 281 3540 teo
309 3483 656 3552 obvolvitur,
675 3499 840 3556 seque
862 3483 920 3537 in
941 3483 1142 3538 lectum
1164 3483 1568 3554 aliquantulum
1595 3479 1802 3551 requie-

184 3581 354 3630 turus
408 3571 656 3644 projicit,
713 3569 988 3626 residente
1033 3569 1101 3624 ad
1149 3578 1311 3640 caput
1350 3568 1467 3639 ejus
1508 3568 1806 3624 Deutheria

184 3661 524 3719 concubina.
549 3661 634 3715 Eo
655 3657 840 3714 altiori
870 3673 1061 3728 sopore
1091 3656 1364 3729 depresso,
1388 3657 1563 3712 astitit
1592 3657 1650 3712 in
1680 3658 1807 3712 visu

187 3752 416 3824 quidam
443 3767 612 3807 senex
636 3748 893 3804 monachi
916 3748 1164 3803 habitum
1196 3765 1404 3819 gerens,
1439 3765 1600 3821 quem
1622 3765 1810 3822 seque-

187 3841 358 3897 batur
377 3856 514 3912 puer
534 3839 780 3910 ejusdem
803 3838 1048 3907 habitus,
1069 3839 1361 3910 taliterque
1390 3838 1458 3894 ad
1487 3855 1611 3894 eum
1647 3838 1770 3894 inﬁt
1795 3861 1806 3899 :

187 3930 236 3986 Ο
268 3929 488 3998 Comes,
522 3928 653 4001 quid
685 3929 988 4000 promerui,
1023 3929 1152 3999 quia
1185 3928 1414 3982 voluisti
1447 3928 1698 3983 abbatem
1731 3928 1811 3982 in-

186 4017 442 4074 terﬁcere
510 4017 744 4072 meum?
789 4015 1021 4073 Cuicum
1053 4016 1146 4070 ille
1186 4015 1436 4085 negando
1487 4032 1810 4087 responsum

187 4107 402 4174 ederet,
453 4123 796 4179 nequaquam
844 4121 900 4160 se
951 4104 1202 4160 abbatem
1251 4121 1414 4159 suum
1465 4120 1660 4160 necare
1702 4121 1814 4160 vo-

191 4196 398 4263 luisse;
435 4195 530 4252 ille
554 4202 714 4250 torvo
749 4195 911 4250 vultu
953 4195 1011 4249 in
1044 4210 1167 4249 eum
1200 4194 1500 4266 respiciens
1529 4193 1811 4266 simulque

187 4285 396 4341 baculo
415 4285 563 4358 quod
591 4283 834 4356 gestabat
864 4283 1098 4341 incurvo
1126 4291 1290 4355 caput
1319 4282 1439 4354 ejus
1471 4283 1807 4354 percutiens.

189 4375 382 4448 inquit
411 4393 422 4431 :
457 4375 557 4430 Per
585 4382 748 4446 caput
782 4373 887 4430 hoc
922 4380 1092 4429 testor
1123 4371 1530 4444 paenitudinem
1563 4381 1616 4428 te
1646 4371 1811 4443 hujus

190 4449 325 4520 facti
360 4462 636 4518 inutiliter
665 4462 970 4518 certissime
998 4469 1270 4517 acturum.
1314 4460 1432 4526 Qua
1461 4461 1810 4532 percussione

191 4553 493 4620 excitatus,
527 4567 557 4606 a
587 4553 728 4607 lecto
758 4550 1043 4617 exsiliens,
1075 4549 1332 4604 efferatus
1365 4547 1552 4605 animo
1595 4549 1654 4605 in
1700 4567 1812 4604 vo-
1839 4524 1886 4582 D

192 4657 314 4698 cem
348 4639 551 4714 erupit,
581 4638 770 4696 dicens
804 4657 815 4695 :
850 4639 947 4697 Vas
976 4637 1134 4705 mihi,
1179 4654 1263 4694 vae
1293 4637 1453 4706 mihi,
1497 4637 1612 4709 jam
1660 4654 1810 4695 nunc

194 4729 425 4787 morior.
453 4730 701 4802 Cumque
749 4737 987 4786 astantes
1036 4728 1217 4784 territi
1264 4727 1624 4800 requirerent,
1674 4728 1809 4800 quid

195 4836 374 4876 causa
423 4828 586 4886 esset,
625 4835 725 4876 cur
749 4818 882 4876 talia
906 4835 970 4875 ac
998 4818 1044 4874 si
1076 4824 1258 4873 mente
1287 4825 1478 4890 captus
1506 4817 1810 4874 effunderet

193 4909 387 4978 verba,
418 4909 630 4981 pallens
659 4924 722 4966 ac
750 4917 994 4964 tremens
1023 4906 1437 4964 sciscitantibus
1477 4907 1760 4980 respondit
1794 4926 1805 4963 :

191 4998 516 5066 Quiescenti
547 4997 687 5055 mihi
715 4998 774 5053 in
803 4999 945 5054 lecto
984 5005 1205 5054 sanctus
1243 4999 1420 5054 astitit
1453 4999 1808 5066 Benedictus,

193 5088 510 5145 veneranda
549 5088 779 5144 decorus
805 5087 1030 5156 canitie,
1063 5103 1224 5160 quem
1255 5085 1584 5159 sequebatur
1614 5104 1809 5159 pueru-

194 5179 284 5234 lus
314 5187 370 5234 et
402 5178 518 5251 ipse
542 5176 870 5245 monachus,
923 5176 1201 5248 coepitque
1243 5175 1534 5232 adversum
1563 5190 1650 5230 me
1679 5191 1810 5230 con-

195 5273 377 5345 queri,
410 5271 767 5345 quamobrem
789 5271 1038 5327 abbatem
1069 5287 1230 5326 suum
1259 5268 1566 5326 interﬁcere
1588 5269 1809 5326 vellem.

193 5362 448 5436 Cumque
493 5362 545 5419 ei
604 5360 990 5434 responderem
1048 5361 1368 5418 nullatenus
1423 5375 1510 5416 me
1561 5359 1811 5415 abbatem

263 5511 286 5537 ³
314 5510 770 5568 Monasteriolum
812 5509 868 5566 S.
925 5507 1210 5580 Gundulﬁ,
1255 5507 1422 5580 vulgo
1470 5507 1524 5564 S.
1571 5507 1812 5580 Gondon,

193 5582 454 5639 dicacesis
505 5581 871 5637 Bituricensis
914 5581 984 5636 ad
1032 5577 1492 5652 Ligerim,_riunc
1537 5577 1812 5651 prioratus

190 5653 432 5711 abbatis:
463 5653 521 5710 S.
555 5653 828 5710 Florentii
859 5649 1220 5709 Salmurieusi
1249 5649 1544 5725 subjectus.

1915 1858 2111 1929 priscis
2138 1859 2475 1913 Francorum
2504 1856 2724 1927 regibus
2750 1871 2845 1927 per
2877 1854 3132 1924 praecepti
3165 1852 3373 1925 proprii
3393 1868 3522 1924 syn-

1915 1947 2182 2018 graphum
2221 1962 2542 2001 concessum
2573 1944 2770 2012 fuerat,
2821 1945 2906 1999 uti
2958 1951 3196 2015 quatuor
3225 1957 3394 1997 naves
3422 1941 3522 1996 im-

1916 2052 2108 2090 munes
2133 2035 2201 2090 ab
2242 2035 2394 2088 omni
2441 2034 2629 2090 debito
2671 2032 2788 2089 ﬁsci
2840 2031 3120 2087 liberrime
3159 2047 3255 2102 per
3300 2031 3520 2084 alveum

1915 2125 2122 2195 Ligeris
2156 2123 2544 2180 discurrerent.
2597 2123 2737 2180 Cum
2783 2123 2967 2194 itaque
3004 2119 3268 2192 suprafati
3300 2117 3522 2175 comitis

1914 2223 2178 2286 tempore,
2225 2213 2421 2268 harum
2454 2227 2564 2266 una
2594 2211 2664 2266 ob
2692 2211 2822 2266 salis
2850 2210 3190 2265 evectionem
3237 2205 3520 2262 Namneti-

1913 2321 2031 2361 cam
2063 2317 2234 2374 usque
2273 2301 2342 2356 ad
2388 2301 2579 2356 urbem
2622 2300 2979 2371 pervenisset,
3029 2305 3192 2369 atque
3240 2296 3298 2351 in
3345 2310 3520 2366 regre-

1913 2392 2115 2450 diendo
2145 2397 2262 2448 tuta
2301 2407 2370 2445 ex
2401 2395 2670 2461 praecepto
2702 2387 2851 2458 regio
2881 2387 2905 2422 δ
2934 2401 3125 2441 onmes
3155 2383 3369 2439 itineris
3399 2399 3518 2454 por-

1911 2495 2002 2542 tus
2053 2482 2418 2551 civitatesque
2465 2478 2841 2550 pertransiret,
2893 2477 2961 2532 ad
3019 2474 3212 2530 urbem
3267 2473 3520 2544 pervenit

1913 2570 2288 2636 Aurelianam,
2321 2568 2507 2639 ibique
2535 2583 2566 2621 a
2595 2563 2880 2622 telonariis
2905 2563 3150 2620 civitatis
3187 2563 3407 2621 detenta
3431 2577 3518 2617 re-

1912 2668 2032 2714 ctor
2085 2657 2242 2712 navis
2292 2656 2576 2727 vectigalis
2630 2655 2802 2726 gratia
2859 2653 3151 2725 quaestioni
3203 2651 3516 2723 subjicitur.

1914 2747 2329 2802 Liberalitatem
2381 2745 2583 2817 regiam
2646 2744 2745 2799 illo
2798 2743 3152 2809 reclamante,
3210 2748 3526 2813 contempta

1914 2836 2081 2906 regali
2112 2836 2441 2892 auctoritate
2469 2841 2696 2889 exactor
2722 2847 2920 2888 navem
2945 2838 3200 2886 onustam
3237 2831 3348 2886 sale
3391 2829 3522 2884 ﬁsco

1914 2924 2158 2996 subjicit,
2221 2931 2384 2995 atque
2440 2940 2569 2979 cum
2637 2923 2848 2978 caeteris
2905 2919 3140 2976 navibus
3185 2918 3525 2991 procuratori

1914 3025 2104 3086 portus
2134 3015 2454 3072 committit.
2489 3015 2622 3070 Erat
2652 3013 2871 3086 quando
2921 3013 3038 3069 haec
3076 3012 3376 3082 agebantur
3404 3009 3523 3066 dies

1913 3105 2204 3161 Dominica
2231 3123 2243 3172 ;
2277 3104 2370 3161 sed
2400 3103 2547 3158 circa
2567 3102 2760 3157 horam
2781 3101 2894 3157 fere
2914 3100 3024 3155 diei
3046 3101 3285 3166 tertiam,
3307 3098 3523 3155 cunctis

1915 3194 2204 3248 missarum
2237 3191 2602 3248 celebratione
2623 3189 2878 3255 detentis,
2913 3189 3070 3244 navis
3096 3205 3216 3260 quae
3248 3203 3376 3242 cum
3404 3203 3521 3242 cas-

1915 3281 2041 3336 teris
2069 3281 2128 3335 in
2151 3288 2311 3352 portu
2328 3279 2501 3334 ﬁscali
2525 3277 3023 3344 tenebatur,subito
3046 3276 3249 3348 absque
3272 3274 3516 3329 humano

1911 3369 2135 3440 remige,
2167 3387 2198 3424 a
2230 3377 2392 3440 portu
2421 3374 2602 3422 emota
2633 3365 2876 3421 medium
2916 3365 3154 3436 Ligerim
3204 3363 3364 3436 petit,
3415 3375 3525 3433 quo

1910 3454 2108 3515 fortior
2136 3460 2221 3514 vis
2251 3475 2402 3530 aquae
2424 3456 2712 3512 decurrere
2751 3455 2888 3510 solet
2924 3473 2935 3510 :
2988 3453 3174 3524 ibique
3211 3457 3405 3509 contra
3433 3449 3524 3505 ad-

1913 3565 2127 3604 versum
2161 3548 2381 3620 pelagus
2408 3545 2643 3601 fortiter"
2672 3541 2975 3611 enatando,
3019 3541 3270 3613 pervenit
3315 3538 3382 3594 ad
3426 3539 3524 3594 Po-

1919 3639 2179 3694 sterulam
2209 3653 2329 3709 qua
2359 3651 2530 3707 usque
2557 3635 2722 3690 hodie
2751 3634 2805 3690 S.
2836 3630 3120 3688 Benedicti
3164 3630 3391 3696 dicitur,
3421 3626 3524 3684 ibi-

1919 3744 2025 3800 que
2064 3727 2299 3799 appulit.
2345 3725 2696 3784 Concurrunt
2741 3721 2986 3795 undique
3033 3720 3102 3776 ah
3151 3718 3284 3776 urbe
3335 3717 3524 3792 populi

1922 3817 2266 3889 incognitum
2301 3830 2522 3872 cernere
2553 3813 2904 3879 miraculum,
2944 3817 3333 3882 stupentesque
3362 3821 3524 3862 voces

1921 3908 2177 3964 clamoris
2214 3915 2377 3980 atque
2425 3903 2827 3960 adhortationis
2871 3902 3178 3974 proferunt.
3224 3897 3444 3964 Videte,
3491 3911 3525 3950 o

1922 3999 2090 4065 cives,
2119 3995 2574 4068 contemplamini
2605 3995 2842 4068 qualiter
2871 4007 3048 4048 novus
3078 3995 3245 4045 nauta
3288 3986 3526 4043 dilectus

1921 4087 2142 4142 Domini
2174 4085 2502 4141 Benedictus
2531 4085 2753 4140 mortali
2780 4083 2898 4139 sine
2928 4080 3133 4152 remige
3166 4094 3364 4135 navem
3403 4089 3527 4148 pro—

1923 4176 2096 4248 priam
2145 4174 2338 4229 mediis
2385 4173 2522 4243 regit
2568 4172 2627 4226 in
2674 4171 2953 4226 fluctibus.
3003 4169 3243 4226 Confusa
3290 4164 3526 4236 denique

1922 4266 2104 4320 omnis
2132 4271 2546 4336 procuratorum
2567 4260 2686 4316 ﬁsci
2707 4259 2934 4325 audacia
2954 4257 3012 4311 in
3033 4262 3313 4326 posterum
3333 4253 3401 4309 ab
3424 4253 3526 4308 hac

1921 4370 2036 4410 sese
2063 4353 2400 4424 compescuit
2428 4349 2683 4405 stultitia.

2523 4511 2752 4571 CAPUT
2793 4508 2919 4564 XX.

1924 4619 2118 4676 Carolo
2149 4619 2341 4686 Magno
2369 4610 2664 4686 Ludovicus
2694 4605 2934 4686 succedit.
2980 4602 3167 4686 Regni.
3187 4609 3265 4686 et_
3278 4601 3526 4686 Ecalesiw

1990 4673 2176 4745 stattus
2205 4673 2297 4743 sub
2327 4703 2402 4742 eo.
2432 4682 2628 4742 Odom's
2657 4679 2856 4736 comitis
2885 4673 3096 4751 feritas.
3131 4675 3186 4734 S.
3217 4673 3527 4734 Benedictus

1992 4777 2074 4816 res
2101 4776 2320 4815 suorum
2348 4773 2497 4813 curat
2507 4799 2519 4811 .

1991 4903 2188 4962 Carolo
2242 4903 2492 4974 Augusto
2539 4900 2734 4972 Magno
2793 4897 3123 4969 imperatore
3188 4896 3524 4952 Francorum

1921 4995 2067 5052 diem
2099 4995 2356 5061 obeunte,
2381 4989 2693 5046 Ludovicus
2713 4988 2863 5044 ﬁlius
2883 4986 3002 5059 ejus
3023 4986 3238 5058 imperii
3260 4983 3523 5053 guberna-

1921 5085 2046 5142 cula
2074 5083 2334 5154 suscepit,
2357 5081 2515 5152 cujus
2545 5087 2788 5152 tempore
2812 5078 2983 5133 variis
3004 5067 3525 5131 tumultuationibus

1922 5190 2090 5245 regno
2133 5175 2469 5228 Francorum
2513 5170 2724 5235 attrito,
2774 5168 2950 5223 multo
2991 5181 3056 5221 ac
3104 5160 3254 5234 gravi
3303 5157 3524 5216 turbine

1923 5260 2182 5320 Ecclesiae
2211 5260 2368 5316 visus
2395 5267 2478 5315 est
2506 5257 2728 5315 concuti
2759 5264 2952 5312 status.
2989 5253 3234 5324 Namque
3271 5247 3403 5304 ﬁliis
3427 5247 3524 5304 di-

1923 5371 2080 5410 versa
2124 5352 2386 5410 adversus
2432 5358 2639 5423 patrem
2690 5345 3069 5414 molientibus,
3129 5347 3398 5414 quantum
3455 5340 3523 5396 ad

1995 5501 2019 5536 δ
2052 5501 2310 5574 Diploma
2338 5497 2444 5554 hoc
2468 5495 2620 5574 _vi_c_le
2665 5495 2809 5551 inter
2855 5492 3059 5568 scripta
3099 5488 3367 5548 Ludovici
3410 5488 3518 5568 Pii,

1925 5567 2248 5646 Patrologiae
2279 5579 2429 5627 tomo
2459 5567 2600 5627 CIV.
