4070 6178
518 234 621 301 923

1509 240 1924 300 ADREVALDI
1967 243 2465 304 FLORIACENSIS
2504 246 2826 306 MONACHI

3740 258 3838 318 92'}

517 394 690 452 totius
711 393 862 467 regni
893 395 1170 467 specimen
1201 397 1418 465 attinet,
1452 397 1717 453 intestina
1743 399 1921 455 oritur
1948 400 2120 456 colli-
2153 398 2203 458 A
2232 414 2420 456 sonam
2455 401 2556 457 sub
2586 401 2889 458 monastico
2915 401 3109 460 habitu
3134 403 3392 463 baculum
3426 423 3594 466 manu
3615 418 3839 483 gestau-

516 484 600 541 sio
629 503 640 542 :
675 484 917 557 dumque
943 493 1095 564 pater
1123 487 1262 542 alios
1292 487 1599 543 honoribus
1644 488 1714 543 ob
1765 488 1962 545 merita
2005 490 2131 562 pri-

519 593 666 644 vare,
699 576 837 632 alios
878 576 1161 632 cumulare
1204 576 1400 648 opibus
1448 576 1668 644 studet;
1717 577 1958 649 idipsum
2001 597 2132 636 vero

519 665 620 720 ﬁlii
649 665 910 721 adversus
941 672 1174 737 patrem,
1208 663 1449 736 dejectos
1478 665 1544 720 ab
1575 665 1674 721 illo
1703 667 1934 738 erigere,
1966 669 2134 724 subli'

521 762 696 810 mutos
724 753 997 824 deponere
1027 761 1322 820 conantur,
1366 755 1711 825 tempestatis
1756 754 1931 812 instar
1975 757 2134 813 mari-

520 843 690 910 timae,
722 841 1000 914 subjectos
1030 841 1133 898 hac
1165 843 1401 914 illacque
1435 843 1762 917 dispergunt
1795 863 1806 901 :
1841 862 1947 918 qua
1977 863 2139 902 causa

519 947 604 985 res
631 947 974 1005 quarumque
1003 931 1211 988 Christi
1240 933 1599 988 ecclesiarum
1642 935 1876 1007 contigit
1909 937 2132 1006 gravis-

521 1020 659 1076 sima
677 1023 786 1094 pati
813 1023 1280 1094 dispendia.lnter
1301 1040 1438 1096 quas
1459 1024 1704 1080 Ecclesia
1727 1027 2139 1082 Aurelianensis

520 1125 643 1166 cum
687 1113 963 1184 contiguis
1007 1121 1322 1168 sanctorum
1371 1113 1527 1181 locis,
1577 1129 1696 1186 quae
1731 1115 1836 1170 sub
1877 1115 2141 1187 regimine

521 1201 937 1259 Dominicorum
981 1203 1312 1260 clericorum
1344 1201 1463 1258 sive
1494 1204 1896 1260 monachorum
1942 1205 2136 1263 consi—

520 1297 661 1345 stere
690 1290 1044 1358 videbantur,
1078 1308 1185 1346 non
1222 1292 1439 1348 modica
1468 1292 1766 1348 vexatione
1797 1295 2000 1351 afﬂicta
2037 1303 2135 1358 est.

520 1377 803 1451 Siquidem
833 1380 1094 1436 Matfrido
1119 1382 1321 1437 comite
1348 1382 1623 1453 quondam
1657 1382 2040 1439 Aurelianensi
2070 1385 2139 1440 ob

521 1470 740 1541 culpam
766 1470 980 1526 inertiae
1010 1472 1250 1544 propriis
1288 1471 1596 1527 honoribus
1643 1473 1880 1545 privato,
1930 1474 2048 1530 Odo
2078 1473 2136 1529 in

519 1557 636 1629 ejus
665 1559 847 1617 locum
877 1560 1253 1617 substituitur.
1288 1561 1390 1628 Qui
1425 1562 1724 1617 insolentia
1754 1563 1907 1633 gravi
1945 1571 2140 1619 contra

519 1645 605 1702 sui
637 1655 887 1702 naturam
919 1649 1115 1717 elatus,
1147 1658 1346 1705 cuncta
1372 1667 1492 1722 qum
1521 1650 1636 1722 juri
1666 1649 2023 1722 subjacebant
2053 1668 2135 1708 ec'

2242 497 2373 559 tem,
2396 507 2561 564 quam
2591 490 2919 564 sequebatur
2948 509 3085 565 puer
3113 492 3355 565 ejusdem
3393 495 3634 554 habitus.
3665 501 3840 576 Itaque

2244 587 2642 651 stupescentem
2690 581 3073 654 presbyterum
3123 599 3353 654 persona
3408 585 3505 642 illa
3554 588 3842 648 clementer

2245 668 2549 741 alloquitur
2579 688 2591 725 :
2627 669 2769 737 Quid
2806 677 2904 739 est,
2937 671 3128 739 frater,
3172 689 3272 728 cur
3320 674 3482 730 modo
3529 675 3623 734 hic
3670 680 3844 738 taliter

2241 757 2390 830 jaces
2415 760 2442 814 ?
2471 759 2572 817 Cui
2607 761 2700 816 ille
2728 761 3026 816 venerandi
3058 762 3247 818 vultus
3278 763 3501 820 intuens
3527 783 3842 837 personam:

2246 848 2499 917 Domine,
2535 849 2737 923 inquit,
2761 850 2922 907 vobis
2954 851 3278 924 cunctisque
3311 861 3501 909 notum
3534 863 3641 924 est,
3673 873 3847 929 quau-

2249 947 2364 994 tum
2400 941 2560 996 nobis
2579 960 2642 999 ac
2664 943 2889 999 familiae
2919 951 3120 1000 nostrae
3151 944 3269 1001 Odo
3298 962 3480 1003 comes
3506 965 3722 1006 necnon
3753 968 3849 1024 po-

2249 1028 2410 1098 pulus
2434 1029 2482 1084 ei
2506 1029 2695 1086 favens
2717 1031 2916 1087 inferat
2938 1033 3089 1101 mali,
3115 1031 3346 1106 ideoque
3366 1035 3681 1108 injunctum
3708 1058 3850 1113 prai-

2249 1124 2405 1187 cepto
2431 1116 2646 1173 abbatis
2676 1119 2919 1175 cilicium
2966 1135 3099 1175 cura
3142 1123 3395 1196 pervigili
3440 1129 3692 1186 certatim
3726 1131 3850 1189 dum

2250 1205 2536 1275 provideo,
2588 1215 2857 1279 quatenus
2911 1209 3094 1264 navali
3153 1211 3356 1284 effugio
3409 1214 3622 1273 familia
3668 1228 3855 1280 nostra

2249 1309 2465 1349 servare
2519 1311 2551 1349 a
2606 1295 2918 1368 raptoribus
2974 1298 3149 1354 valeat
3214 1303 3612 1373 supellectilem
3680 1324 3853 1378 suam,

2251 1394 2506 1456 gravatus
2533 1403 2727 1443 somno
2754 1388 2813 1443 in
2845 1387 2951 1444 hoc
2981 1406 3067 1445 me
3095 1392 3360 1449 stramine
3389 1395 3619 1469 projeci.
3656 1403 3730 1457 At
3766 1419 3854 1460 se-

2249 1484 2374 1539 nior
2403 1483 2586 1539 verbis
2604 1484 2683 1539 fat
2699 1500 2792 1540 ens
2813 1486 3139 1559 presbyteri,
3161 1489 3295 1546 talia
3320 1491 3487 1547 refert
3511 1512 3522 1549 :
3555 1495 3697 1550 Novi
3730 1515 3853 1554 vera

2245 1592 2364 1631 esse
2389 1592 2510 1648 quae
2543 1575 2702 1645 dicis,
2736 1578 2830 1634 sed
2859 1587 3152 1651 antequam
3187 1580 3276 1637 his
3313 1599 3434 1656 quae
3461 1583 3702 1644 dolendo
3731 1605 3851 1662 que-

2247 1665 2407 1733 reris,
2467 1665 2753 1721 verissima
2815 1667 3146 1724 satisfaciam
3196 1671 3582 1742 promissione,
3644 1680 3851 1735 causari

519 1735 699 1792 clesize
729 1738 1478 1804 Aurelianensis,matricula
1505 1749 1731 1812 excepta
1755 1741 1946 1812 (idest,
1967 1741 2136 1796 rebus
2165 1762 2206 1820 Β
2249 1755 2652 1826 aliquantulum
2696 1755 2848 1812 libet.
2898 1756 3098 1813 Mirum
3149 1735 3310 1814 valde
3351 1769 3456 1830 est,
3502 1735 3851 1835 quamobrem

520 1829 872 1899 pauperum),
916 1828 1011 1884 sed
1042 1837 1095 1884 et
1124 1829 1398 1884 abbatiam
1447 1830 1501 1885 8.
1548 1831 1775 1900 Aniani,
1820 1848 2034 1888 necnon
2070 1832 2126 1892 S.

519 1917 800 1973 Benedicti
835 1918 890 1972 in
922 1918 1198 1989 propriam
1234 1919 1462 1974 molitur
1504 1920 1749 1991 redigere
1781 1927 2130 1992 potestatem.

519 2003 678 2070 Quod
707 2006 962 2060 monachi
992 2007 1229 2062 coenobii
1262 2009 1314 2062 S.
1350 2008 1635 2064 Benedicti
1666 2017 1971 2076 cernentes,
2002 2025 2136 2064 con-

519 2091 646 2147 silio
676 2092 838 2159 inito,
872 2095 1263 2152 misericordiae
1295 2097 1517 2152 Domini
1560 2098 1731 2154 solius
1778 2115 1833 2154 se
1880 2099 2135 2154 commit-

520 2191 721 2254 tentes,
789 2187 1167 2241 maturrimam
1229 2197 1437 2260 partem
1497 2207 1720 2246 suorum
1775 2190 2005 2246 fratrum
2064 2190 2132 2246 ad

519 2276 804 2349 praefatum
819 2277 1066 2349 dirigunt
1087 2279 1345 2336 comitem
1364 2281 1539 2337 nimia
1562 2282 1923 2338 insanientem
1945 2291 2132 2355 tyran-

521 2364 649 2420 nide
677 2383 804 2422 cum
833 2366 1158 2439 pignoribus
1183 2379 1496 2426 sanctorum
1532 2390 1542 2426 :
1577 2372 1868 2443 omnigena
1907 2371 2131 2444 suppli—

520 2464 704 2512 cantes
730 2472 908 2529 prece,
941 2473 1009 2512 ne
1041 2465 1254 2514 tantum
1287 2459 1532 2516 incurrat
1554 2461 1853 2534 piaculum,
1885 2478 2022 2518 neve
2049 2477 2132 2517 res

521 2563 675 2602 sacro
723 2547 908 2604 ordini
956 2548 1229 2622 delegatas
1285 2552 1349 2607 ad
1391 2553 1632 2609 nefarios
1671 2555 1963 2610 transferat
2001 2571 2134 2609 usus

522 2633 615 2689 sed
665 2636 836 2707 magis
880 2652 1068 2692 servos
1114 2639 1210 2693 Dei
1259 2657 1342 2696 res
1391 2641 1495 2696 sibi
1539 2659 1569 2697 a
1617 2643 1857 2699 Domino
1905 2643 2133 2700 traditas

527 2721 697 2778 libere
731 2723 892 2780 liceat
921 2726 1176 2783 ordinare
1211 2747 1222 2784 :
1264 2745 1382 2802 quae
1411 2731 1604 2802 petitio
1635 2734 1774 2788 nulli
1813 2735 1959 2806 apud
2005 2751 2129 2791 eum

522 2811 718 2866 valuit.
751 2812 1000 2883 Coeperat
1032 2831 1094 2870 eo
1126 2815 1182 2870 in
1214 2825 1460 2890 tempore
1486 2821 1893 2891 expeditionem
1943 2839 2133 2896 parare

522 2898 736 2954 viribus
764 2901 1128 2976 undecunque
1149 2908 1448 2962 contractis
1463 2909 1753 2966 adversum
1776 2913 2130 2970 Lantbertum

526 2996 689 3061 atque
719 2990 1034 3047 Matfridum
1059 2993 1345 3068 sociosque
1367 3013 1580 3066 eorum,
1597 2999 1863 3057 Neustriae
1883 3002 2132 3075 partibus

2243 1843 2438 1899 fratres
2468 1844 2640 1900 nostri
2675 1845 2893 1916 culpam
2925 1845 2983 1900 in
3021 1861 3107 1901 me
3137 1846 3466 1920 redarguant
3495 1850 3760 1922 ignaviae,
3797 1873 3850 1913 ac

2243 1933 2289 1988 si
2337 1949 2436 2004 ego
2480 1934 2690 1989 nullam
2741 1935 3053 1991 vexationis
3095 1936 3320 1993 illorum
3365 1955 3556 1996 curam
3600 1942 3848 2014 habeam,

2244 2022 2507 2093 velutque
2539 2021 2786 2094 lethargo
2826 2039 3139 2094 oppressus,
3191 2025 3250 2080 in
3296 2041 3486 2082 eorum
3517 2033 3851 2090 revelatioue

2245 2105 2512 2162 dormiam
2551 2126 2562 2164 :
2604 2107 2750 2180 quod
2781 2125 2878 2180 pro
2898 2117 3048 2166 certo
3078 2110 3197 2167 fieri
3229 2113 3438 2185 nequit.
3460 2114 3517 2170 Si
3541 2116 3694 2174 enim
3718 2137 3853 2192 prae-

2244 2197 2416 2268 ceptis
2457 2199 2855 2270 omnipotentis
2899 2216 3087 2257 curam
3136 2201 3505 2261 adhibueritis
3539 2206 3850 2281 obediendi,

2244 2288 2443 2358 regula:
2468 2303 2686 2360 quoque
2717 2304 2813 2361 per
2843 2305 2929 2345 me
2958 2307 2989 2346 a
3017 2293 3131 2347 Deo
3163 2291 3321 2348 vobis
3350 2293 3566 2351 traditae
3596 2298 3844 2357 mandata

2243 2376 2484 2432 exsecuti
2519 2376 2665 2432 haud
2688 2377 2925 2450 segniter
2954 2378 3196 2446 fueritis,
3237 2389 3436 2440 cuncta
3463 2384 3703 2443 adversa
3729 2388 3850 2444 fient

2243 2483 2521 2539 prospera,
2555 2466 2772 2523 inimici
2803 2469 2966 2525 amici
2989 2469 3316 2539 eﬂicientur,
3340 2475 3689 2549 gratiamque
3710 2495 3850 2535 suam

2243 2555 2426 2610 fautor
2455 2556 2706 2612 omnium
2751 2556 3024 2614 bonorum
3055 2559 3114 2615 in
3147 2561 3306 2616 nullo
3349 2563 3591 2636 negabit.
3635 2569 3720 2623 De
3767 2568 3853 2626 hac

2245 2661 2375 2701 vero
2405 2662 2524 2719 quae
2557 2663 2709 2703 nunc
2741 2655 2821 2704 est
2852 2646 3060 2719 injuria
3086 2657 3288 2719 vestra,
3334 2653 3532 2709 scitote
3575 2654 3700 2727 jam
3750 2656 3852 2712 cle-

2243 2736 2576 2792 mentissimi
2607 2737 2926 2796 Conditoris
2943 2739 3192 2796 omnium
3212 2745 3541 2800 sententiam
3565 2748 3852 2819 propitiam

2242 2838 2368 2894 erga
2400 2839 2498 2877 vos
2528 2823 2800 2891 effectam,
2832 2842 3066 2899 eumque
3092 2829 3185 2900 qui
3217 2820 3538 2902 tyrannidis
3568 2831 3850 2890 adversum

2242 2914 2545 2970 Ecclesiam
2576 2914 2806 2986 indigne
2827 2931 2978 2971 arma
2997 2917 3291 2989 corripuit,
3315 2919 3616 2991 septimum
3649 2938 3852 2996 nequa-

2243 3021 2404 3076 quam
2457 3005 2756 3077 transigere
2807 3006 3000 3076 solem,
3053 3007 3228 3064 donec
3267 3008 3434 3080 hujus
3481 3010 3563 3065 rei
3614 3012 3852 3069 incurrat

523 3078 848 3150 residentes,
886 3082 978 3154 qui
1011 3084 1079 3139 ab
1109 3085 1438 3160 imperatore
1473 3090 1539 3146 ad
1573 3091 1894 3146 Lotharium
1925 3092 2130 3148 defece-
2171 3131 2216 3191 ο
2245 3093 2669 3165 paenitudinem.
2715 3095 2920 3151 Habete
2951 3113 3078 3169 ergo
3108 3097 3166 3152 in
3196 3078 3438 3154 Domino
3477 3099 3768 3172 ﬁduciam,
3809 3113 3856 3161 et

523 3175 646 3224 rant
677 3187 688 3224 :
722 3171 814 3227 cui
839 3173 1179 3244 expeditioni
1205 3174 1444 3247 jusserat
1493 3196 1710 3254 quoque
1754 3179 2016 3237 interesse
2046 3182 2130 3237 Jo-

524 3272 649 3312 nam
688 3261 1056 3318 venerabilem
1105 3265 1419 3340 episcopum
1471 3270 1921 3326 Aurelianensem
1953 3279 2006 3326 et
2031 3272 2132 3329 Bo-

522 3363 709 3404 sonem
753 3351 1001 3408 abbatem
1051 3354 1104 3411 S.
1156 3357 1461 3428 Benedicti,
1512 3376 1746 3432 quorum
1801 3377 1886 3417 res
1929 3361 2134 3433 injuste

526 3436 632 3491 sibi
686 3439 1085 3499 vindicaverat.
1138 3447 1350 3503 Interea
1400 3449 1703 3506 auxiliares
1748 3465 1815 3505 ex
1863 3451 2130 3524 superiori

522 3526 841 3599 Burgundia
869 3531 938 3586 ad
968 3531 1023 3587 id
1055 3544 1408 3606 properantes
1437 3538 1667 3607 bellum,
1711 3548 2002 3613 utramque
2048 3541 2132 3595 Li-

522 3617 666 3687 geris
725 3618 900 3690 ripam
955 3631 1224 3692 tenentes,
1284 3626 1492 3698 rapinis
1551 3637 1748 3686 cuncta
1800 3631 2131 3696 vastabant;

522 3720 757 3775 quorum
788 3708 1026 3764 vesaniae
1063 3711 1203 3767 Boso
1233 3714 1398 3770 abbas
1429 3715 1730 3785 obviando,
1767 3716 1934 3788 jussit
1965 3734 2134 3774 naves

524 3801 713 3865 portus
744 3796 819 3852 ita
850 3808 1063 3870 paratas
1093 3801 1300 3872 adesse,
1331 3812 1389 3859 ut
1420 3805 1464 3860 si
1501 3807 1739 3878 populus
1776 3823 1845 3862 ex
1877 3809 2136 3880 superio-

523 3881 678 3940 ribus
708 3886 1011 3943 adventans
1043 3889 1292 3960 partibus
1335 3893 1648 3950 citeriorem
1689 3897 1865 3968 ripam
1903 3906 2130 3963 teneret,

523 3982 702 4030 nautae
732 3992 952 4031 omnem
978 3979 1266 4049 pecuniam
1297 3980 1523 4037 familiae
1577 3985 1813 4040 coenobii
1853 3986 2026 4058 ipsius
2073 3991 2129 4046 in

523 4063 822 4135 majoribus
845 4066 1262 4141 minoribusque
1288 4072 1577 4143 pecoribus
1606 4092 1708 4131 seu'
1725 4079 1935 4134 caeteris
1960 4081 2128 4138 mobi-

523 4153 669 4210 libus
697 4155 1090 4214 consistentem
1112 4160 1293 4229 rebus,
1320 4163 1556 4220 navibus
1573 4175 1878 4240 exceptam,
1911 4186 2124 4227 amnem

522 4242 664 4298 ultra
697 4246 1072 4304 transferrent.
1117 4249 1173 4304 Si
1204 4259 1387 4306 autem
1432 4254 1752 4311 ulteriorem
1802 4259 1947 4314 viam
1995 4276 2127 4332 per-

521 4341 690 4404 geret,
720 4350 877 4391 versa
907 4337 1028 4394 vice
1059 4337 1297 4411 idipsum
1329 4357 1395 4398 ex
1428 4345 1758 4416 supradictis
1783 4356 2002 4419 agerent
2032 4366 2126 4405 re-

520 4421 644 4490 bus,
671 4425 1077 4483 transvehendo
1107 4429 1318 4486 scilicet
1355 4442 1553 4490 cuncta
1573 4434 1629 4490 iu
1647 4435 1788 4493 hanc
1816 4437 1959 4493 alvei
1991 4456 2126 4512 par-

520 4519 654 4567 tem.
709 4513 1014 4572 Praeﬁcitur
1065 4517 1382 4590 hujusmodi
1433 4525 1651 4595 negotio
1697 4526 2124 4585 Hercambaldus

520 4601 804 4674 presbyter
831 4603 990 4660 bonae
1021 4606 1150 4663 vitae
1172 4615 1225 4664 et
1256 4611 1519 4680 nominis,
1551 4613 1644 4686 qui
1694 4614 1751 4669 in
1801 4614 1906 4672 hoc
1935 4619 2124 4675 eodem

520 4689 772 4746 coenobio
804 4691 976 4747 vitam
1005 4697 1186 4751 tenuit
1216 4699 1724 4775 regularem,eaque
1750 4720 1870 4776 quae
1888 4706 2127 4764 scribere

522 4778 801 4848 proposui,
821 4779 951 4835 viva
971 4797 1106 4838 voce
1126 4784 1228 4840 sub
1251 4788 1602 4844 attestatione
1623 4793 1892 4862 veritatis,
1911 4798 2127 4853 cunctis

520 4864 883 4937 profitebatur
941 4870 1250 4928 certissimo
1305 4890 1361 4930 se
1414 4878 1736 4948 cognovisse
1785 4881 1930 4938 visu.
1979 4885 2123 4941 Dum

519 4953 668 5008 enim
715 4971 812 5027 per
858 4956 1104 5013 triduum
1148 4961 1415 5031 profectio
1466 4964 1785 5036 perduraret
1826 4972 2121 5042 exercitus,

518 5050 673 5107 labor
702 5067 809 5106 non
842 5051 1019 5108 dicam
1053 5063 1364 5126 nautarum,
1390 5077 1582 5117 verum
1614 5062 1855 5134 ipsorum
1879 5069 2124 5125 excrevit

517 5142 724 5198 nimius
752 5143 1096 5214 animalium,
1144 5147 1384 5224 itemque
1423 5169 1491 5208 ex
1537 5155 1827 5228 pervigilio
1858 5159 2122 5218 lassitudo

2248 3182 2304 3236 in
2336 3182 2433 3237 illo
2458 3184 2869 3239 confortamini.
2905 3187 3049 3241 Dum
3081 3185 3199 3242 haec
3220 3187 3405 3242 senior
3435 3187 3852 3248 delectabilibus

2247 3273 2428 3330 ederet
2455 3274 2658 3342 verbis,
2690 3274 2977 3348 presbyter
3003 3276 3203 3350 quibus
3232 3284 3445 3349 poterat
3465 3280 3704 3337 nutibus
3735 3298 3852 3355 pue-

2247 3380 2368 3418 rum
2397 3363 2797 3433 sciscitabatur,
2821 3381 2942 3436 quze
2967 3373 3107 3422 esset
3138 3373 3301 3423 tantae
3331 3369 3714 3427 venerationis
3743 3388 3854 3444 per-

2247 3469 2399 3509 sona.
2434 3454 2531 3510 Cui
2555 3471 2690 3526 puer
2710 3454 2983 3511 submissa
3011 3471 3144 3512 voce
3170 3473 3182 3512 :
3213 3455 3317 3513 Hic
3336 3466 3438 3526 est,
3471 3457 3682 3533 inquit,
3707 3462 3855 3518 Pater

2250 3551 2436 3599 noster
2465 3544 2519 3600 S.
2554 3543 2904 3600 Benedictus.

2840 3643 3069 3701 CAPUT
3109 3643 3261 3700 XXI.

2623 3732 2820 3788 Odom's
2851 3733 3184 3805 aliorumque
3213 3733 3480 3790 interitus.

2316 3817 2654 3891 Saepediclus
2683 3821 2867 3895 itaque
2897 3823 3185 3896 presbyter
3212 3839 3338 3880 cum
3369 3824 3630 3883 rescisset
3650 3822 3856 3881 beati:-

2243 3906 2444 3962 simum
2476 3908 2690 3964 Patrem
2714 3927 2897 3966 secum
2933 3912 2991 3966 in
3023 3912 3146 3967 visu
3168 3913 3436 3986 colloqui,
3459 3914 3630 3987 cmpit
3651 3914 3859 3970 cunctis

2242 3999 2336 4070 qui
2363 3997 2590 4055 aderant
2616 3999 2935 4058 videntibus
2957 4003 3024 4058 ab
3046 4003 3235 4060 eodem
3267 4020 3380 4061 sese
3401 4005 3610 4062 lectulo
3623 4006 3857 4074 brachiis

2240 4089 2478 4144 extentis
2528 4090 2868 4161 protrahere,
2917 4107 2981 4147 ac
3015 4091 3060 4148 si
3113 4092 3340 4166 vestigia
3388 4093 3508 4166 ejus
3539 4111 3711 4168 quem
3741 4111 3861 4151 cer-

2239 4178 2401 4234 nebat
2430 4187 2700 4235 astantem
2733 4187 2918 4235 tenere
2951 4190 3139 4254 posset
3171 4200 3182 4238 :
3228 4183 3505 4256 simulque
3549 4200 3720 4242 voces
3752 4201 3851 4241 cu-

2229 4267 2448 4338 jusdam
2481 4271 2779 4326 murmuris
2807 4272 3060 4327 emittere
3092 4271 3310 4341 anxius,
3351 4288 3486 4345 quas
3519 4275 3859 4341 nullatenus,

2234 4365 2472 4413 astantes
2501 4358 2808 4431 intelligere
2837 4367 3114 4431 poterant.
3189 4361 3430 4417 Tandem
3455 4366 3872 4436 expergefactus

2155 4488 2203 4548 D
2236 4446 2339 4504 hac
2364 4447 2599 4521 illacque
2631 4447 2886 4505 obtutum
2909 4450 3173 4506 vertendo
3231 4450 3568 4523 discurrens,
3625 4453 3866 4530 supplici

2235 4553 2298 4592 ac
2323 4553 2460 4610 pene
2491 4538 2834 4612 lacrymabili
2865 4555 2999 4596 voce
3025 4541 3191 4596 semel
3222 4548 3276 4597 et
3301 4541 3388 4598 bis
3419 4543 3740 4616 ingeminat
3775 4545 3867 4602 di-

2237 4641 2410 4683 cens:
2468 4627 2740 4695 Quorsum
2790 4629 3062 4685 Dominus
3109 4646 3264 4688 meus
3308 4632 3363 4688 S.
3407 4632 3468 4689 P.
3519 4633 3869 4693 Benedictus

2235 4719 2801 4793 abiit?Cognitorem
2853 4723 3108 4780 omnium
3159 4724 3504 4782 occultorum
3554 4727 3868 4784 Dominum

2237 4817 2424 4879 testor,
2447 4811 2609 4867 modo
2634 4812 2724 4869 hic
2745 4830 2870 4869 eum
2903 4813 2960 4869 in
2994 4815 3176 4888 specie
3195 4832 3459 4889 corporea
3479 4831 3511 4871 a
3534 4831 3620 4872 me
3643 4817 3871 4885 visum,

2235 4894 2481 4967 mihique
2513 4895 2779 4952 locutum.
2812 4899 2922 4955 Nec
2955 4916 3124 4968 mora,
3165 4901 3284 4974 ipse
3312 4918 3532 4975 quoque
3562 4903 3869 4975 presbyter

2236 4985 2625 5040 monasterium
2658 4987 2904 5055 veniens,
2939 4988 3193 5045 Patribus
3231 4990 3477 5061 ejusdem
3509 4992 3619 5049 loci
3652 5001 3868 5049 cuncta

2233 5094 2353 5149 qua:
2374 5077 2498 5132 visu
2517 5085 2866 5148 cognoverat,
2896 5077 3104 5133 monita
3121 5076 3360 5151 denique
3388 5079 3625 5150 piissimi
3651 5079 3866 5148 Patris,

2234 5183 2446 5223 necnon
2472 5167 2918 5224 adhortationem
2948 5165 3068 5238 ejus
3097 5167 3287 5224 sedule
3316 5170 3508 5226 refert.
3539 5170 3662 5240 Qua
3711 5173 3872 5228 rela-

517 5236 832 5308 praavalida.
867 5239 1062 5295 Fessus
1092 5243 1509 5300 continuatione
1535 5246 1853 5318 vigiliarum
1885 5250 2124 5323 presby-

513 5329 616 5392 ter,
645 5326 792 5385 circa
835 5331 1218 5402 crepusculum
1266 5333 1440 5390 tertia:
1483 5335 1662 5392 noctis
1708 5336 1934 5394 domum
1982 5357 2121 5412 pro-

515 5427 688 5507 perat,
719 5429 882 5495 atque
914 5424 971 5481 in
997 5426 1263 5484 stramine
1292 5428 1579 5502 cujusdam
1611 5432 1738 5489 lecti
1780 5434 2126 5507 impatientia

515 5505 696 5563 victus
724 5513 904 5568 somni
925 5531 980 5570 se
1013 5516 1254 5589 projicit,
1281 5536 1518 5591 moxque
1541 5531 1600 5578 ut
1627 5505 1910 5596 quippiam
1941 5527 2126 5583 somni

514 5603 706 5666 capere
736 5600 935 5669 potuit,
972 5606 1244 5677 conspicit
1276 5608 1330 5663 in
1368 5609 1491 5666 visu
1527 5619 1795 5669 astantem
1840 5614 1947 5671 sibi
1989 5631 2122 5688 per-

2233 5252 2383 5314 tione
2404 5260 2583 5316 moesti
2611 5259 2837 5315 relevati
2865 5259 3083 5328 fratres,
3116 5269 3288 5318 semet
3311 5262 3555 5320 invicem
3585 5262 3654 5319 ad
3688 5279 3876 5336 agen-

2231 5349 2328 5404 das
2365 5350 2478 5405 Deo
2525 5350 2724 5422 gratias
2771 5347 3154 5420 hortabantur,
3201 5352 3296 5426 qui
3340 5353 3559 5410 auxilio
3605 5353 3877 5411 desertos

2233 5438 2495 5508 humano,
2518 5440 2681 5496 solito
2701 5439 2954 5496 tuebatur
2972 5442 3560 5500 munimine.Necdum
3601 5444 3882 5516 promissi

2231 5547 2455 5587 cursum
2499 5533 2854 5605 expleverant
2891 5534 3055 5603 soles,
3097 5541 3152 5590 et
3179 5550 3306 5591 ecce
3335 5550 3403 5590 ex
3432 5533 3552 5592 acie
3593 5534 3885 5592 castrensi

2233 5618 2454 5690 quidam
2486 5620 2716 5680 clericus
2744 5620 2873 5693 fuga
2907 5623 3110 5694 lapsus,
3143 5623 3233 5680 cui
3275 5638 3480 5679 nomen
3529 5621 3888 5693 Herrardus,
