4070 6178
273 274 384 330 923

1410 268 1506 325 DE
1544 267 1925 325 MIRACULIS
1965 269 2018 326 S.
2062 267 2465 327 BENEDICTI.

3482 274 3586 332 926

272 426 546 503 postridie
573 423 705 480 belli
736 426 916 480 exacti
949 424 1084 480 hora
1114 425 1224 482 fere
1244 424 1352 481 diei
1377 431 1568 481 octava
1601 432 1868 480 monaste-
1902 425 1950 483 A
1982 425 2162 481 dictus
2185 425 2452 482 vocabulo
2477 427 2610 483 Obla
2640 426 2818 499 Ligeri
2848 427 3214 498 immergitur,
3252 445 3416 501 supra
3443 430 3584 502 ejus-

273 517 423 574 rinm
457 513 731 587 pervenit,
755 512 986 586 diroque
1018 516 1214 570 nuntio
1235 515 1546 570 coenobium
1575 531 1738 570 omne
1764 531 1878 587 per-

273 606 432 663 culit.
475 603 708 659 Nuntiat
747 619 982 674 namque
1020 604 1460 659 cruentissimam
1500 603 1702 661 caedem
1743 621 1881 659 nos-

274 705 514 761 trorum,
555 691 994 749 adversariorum
1028 693 1309 748 victricem
1348 693 1600 749 insistere
1631 710 1876 762 manum,

273 783 464 855 copias
494 797 687 837 omnes
717 797 842 836 cum
873 782 1100 837 auxiliis
1135 782 1266 838 hinc
1295 782 1424 838 inde
1454 784 1751 839 contractis
1780 783 1881 840 hac

273 873 515 944 illacque
546 870 688 941 fuga
720 869 970 924 subsidio
996 871 1254 943 dilapsas,
1288 872 1546 928 ductores
1574 872 1706 927 belli
1738 871 1878 928 Odo-

275 978 425 1028 nem,
449 960 786 1030 fratremque
816 958 968 1012 illius
999 960 1355 1014 Guillelmum
1380 961 1638 1015 comitem
1662 961 1877 1016 Blesen-

277 1051 444 1114 sium,
485 1049 788 1104 Teutonem
821 1047 1059 1119 denique
1089 1048 1335 1111 abbatem
1383 1049 1438 1104 S.
1468 1050 1712 1117 Martini,
1747 1049 1877 1104 Gui-

277 1141 474 1195 donem
525 1137 788 1192 comitem
838 1136 1303 1193 Cenomanensem
1357 1154 1482 1191 cum
1526 1138 1716 1193 multis
1754 1138 1878 1193 aliis

279 1247 358 1285 am
371 1230 469 1301 plaa
491 1227 776 1301 opinionis
797 1227 935 1282 viris
956 1235 1189 1281 mortem
1213 1227 1525 1298 oppetiisse.
1543 1227 1662 1294 Quo
1678 1228 1877 1282 nuntio

279 1319 515 1392 graviter
535 1316 726 1373 afflicti
755 1315 972 1383 fratres,
995 1315 1382 1371 ad-Dominum
1408 1318 1747 1372 exorandum
1779 1333 1876 1387 pro

277 1414 426 1463 tanta
459 1405 759 1464 Christiani
800 1403 986 1476 populi
1023 1403 1168 1460 caede
1199 1421 1255 1459 se
1299 1405 1665 1459 intentissime
1694 1405 1875 1462 confe-

277 1509 430 1557 runt.
464 1500 615 1556 Licet
649 1499 794 1554 enim
831 1497 1054 1569 quidam
1101 1497 1346 1566 illorum,
1391 1497 1484 1569 qui
1516 1505 1671 1553 tanto
1711 1499 1875 1554 inter-

286 1592 440 1647 fuere
459 1589 785 1658 discrimini,
808 1588 1044 1643 nimium
1069 1586 1221 1659 gravi
1249 1587 1555 1642 infortunio
1586 1605 1669 1642 res
1691 1588 1875 1644 Eccle-

277 1681 374 1736 sia:
400 1679 512 1751 juri
539 1679 797 1746 subditas,
825 1694 933 1733 non
957 1677 1133 1733 dicam
1161 1685 1491 1748 premerent,
1518 1678 1629 1732 imo
1657 1677 1875 1748 penitus

1989 514 2112 570 dem
2146 515 2360 571 ﬂuvioli
2394 532 2451 572 se
2485 525 2658 572 astare
2699 517 2999 590 marginem
3028 535 3038 572 :
3073 533 3144 572 ex
3172 517 3279 572 alia
3308 535 3438 573 vero
3467 519 3588 590 ripa

1991 605 2200 676 praefati
2259 606 2526 672 ﬂuminis,
2582 607 2894 678 quemdam,
2956 607 3154 676 ignotae
3203 607 3310 662 sibi
3362 607 3584 679 quidem

1991 693 2200 761 formae,
2248 694 2340 750 sed
2383 702 2568 751 tamen
2608 695 2906 750 venerandi
2950 697 3140 750 vultus
3188 702 3363 750 astare
3414 695 3588 750 cleri—

1989 800 2113 839 cum
2147 785 2227 855 (id
2254 791 2327 839 est
2357 784 2737 856 monachum),
2779 785 2873 856 qui
2919 784 3115 840 baculo
3157 783 3304 854 quod
3346 783 3588 855 gestabat

1991 874 2221 928 incurvo
2244 890 2394 929 more
2415 883 2658 929 veterum
2682 875 3018 940 antistitum,
3041 876 3347 929 maximum
3371 889 3584 946 gregem

1989 963 2139 1019 suilli
2187 963 2400 1034 pecoris
2448 980 2479 1019 a
2509 964 2782 1036 profundo
2830 963 3057 1036 ejiciens
3088 981 3264 1036 aquae,
3304 981 3422 1020 eam
3453 980 3588 1019 ver-

1989 1069 2079 1107 sus
2109 1061 2338 1124 partem,
2369 1069 2476 1124 qua
2508 1055 2804 1125 praedictus
2845 1054 3149 1109 monachus
3179 1063 3321 1110 stare
3351 1054 3589 1110 videba-

1989 1153 2100 1214 tur,
2128 1161 2254 1201 cum
2287 1162 2486 1216 magno
2517 1145 2832 1216 impellebat
2863 1145 3113 1215 strepitu.
3157 1145 3587 1216 Expergefactus

1987 1233 2154 1288 frater
2173 1242 2294 1304 post
2325 1235 2695 1304 expletionem
2719 1234 2886 1289 ofﬁcii
2919 1234 3200 1299 nocturni,
3225 1240 3452 1288 evocato
3489 1250 3586 1287 se-

1986 1325 2191 1380 cretius
2233 1322 2551 1379 monasterii
2592 1323 2821 1388 decano,
2861 1321 3138 1376 somnium
3172 1321 3358 1387 refert,
3391 1321 3588 1374 horta-

1986 1422 2184 1484 turque
2209 1421 2270 1467 ut
2298 1430 2424 1468 cum
2457 1412 2720 1467 fratribus
2760 1411 2991 1466 fluvium
3031 1409 3283 1481 piscandi
3323 1408 3587 1463 aviditate

1986 1509 2204 1572 expetat
2239 1521 2250 1557 :
2304 1518 2402 1572 pro
2438 1509 2587 1556 certo
2636 1515 2691 1554 se
2738 1500 2896 1566 scire,
2949 1499 3077 1570 quia
3107 1497 3315 1555 Christi
3349 1497 3585 1552 dilectus

1985 1594 2144 1647 miles
2173 1592 2646 1648 commilitonibus
2689 1592 2801 1647 suis
2843 1590 3371 1646 abundantissimam
3407 1588 3582 1658 largi-

1986 1691 2143 1737 turus
2167 1684 2272 1737 erit
2302 1684 2534 1754 piscium
2569 1682 2826 1752 praedam.
2862 1682 2974 1737 Hoc
3002 1681 3239 1752 denique
3272 1679 3581 1749 signiﬁcare

276 1769 470 1842 gentili
503 1785 647 1824 more
675 1769 990 1833 auferrent;
1031 1774 1215 1821 tamen
1253 1765 1507 1821 humanae
1535 1767 1735 1822 affectu
1766 1784 1873 1821 na—
1902 1782 1946 1840 Β
1985 1770 2188 1838 visum,
2220 1788 2344 1827 cum
2378 1773 2567 1842 procul
2604 1771 2774 1825 dubio
2817 1787 2939 1825 sues
2983 1769 3177 1841 pisces,
3211 1771 3398 1840 ignota
3426 1783 3578 1832 vero,

273 1866 432 1924 turre,
465 1873 746 1912 servorum
770 1856 869 1912 Dei
892 1855 1060 1911 corda
1086 1871 1195 1926 prce
1215 1854 1402 1910 dolore
1432 1871 1697 1910 concussa
1719 1863 1869 1922 sunt,

273 1947 537 2001 memoria
569 1947 868 2002 recolentes
908 1944 1041 2017 quid
1083 1944 1282 1998 animae
1328 1951 1737 2014 perseverantes
1766 1959 1872 1997 ex-

271 2045 443 2092 trema
480 2035 581 2090 sub
629 2035 750 2090 luce
799 2034 856 2090 in
905 2033 1066 2090 malis
1112 2031 1258 2104 apud
1307 2031 1514 2086 inferos
1546 2031 1866 2103 patiantur:

271 2123 473 2195 quibus
506 2122 843 2179 cruciatibus
885 2129 1264 2194 torqueantur,
1318 2137 1552 2192 quorum
1585 2119 1714 2174 vita:
1745 2119 1872 2176 finis

271 2210 496 2266 exitiale
537 2210 874 2282 stipendium
923 2211 1148 2265 meruit.
1195 2208 1564 2276 Quamobrem
1611 2208 1870 2280 praecepti

267 2299 450 2360 divini
483 2316 770 2368 memores,
802 2299 1040 2355 dicentis
1074 2318 1085 2355 :
1124 2300 1282 2355 Orate
1315 2315 1417 2368 pro
1445 2298 1871 2368 persequentibus

268 2397 317 2445 et
343 2390 790 2446 calumniantibus
811 2407 920 2456 vos,
953 2396 1011 2444 ut
1039 2389 1154 2443 sitis
1183 2389 1284 2461 ﬁlii
1314 2388 1494 2443 Patris
1514 2387 1674 2441 vestri
1698 2388 1790 2457 qui
1816 2387 1872 2440 in

267 2482 414 2535 cretis
445 2487 556 2535 est:
605 2481 698 2552 qui
735 2483 893 2536 solem
926 2498 1078 2535 suum
1117 2480 1250 2550 facit
1277 2479 1416 2533 oriri
1459 2496 1617 2550 super
1645 2479 1803 2533 bonos
1826 2483 1873 2532 et

267 2572 462 2636 malos,
503 2575 550 2622 et
583 2570 725 2640 pluit
772 2587 928 2640 super
963 2569 1144 2638 justos
1183 2575 1229 2624 et
1266 2569 1490 2638 injustas
1523 2569 1734 2636 (Matth.
1771 2568 1865 2638 v):

264 2662 552 2718 communi
585 2661 820 2717 consilio
847 2678 944 2733 pro
977 2661 1063 2716 his
1100 2675 1284 2732 preces
1310 2661 1376 2714 ad
1407 2659 1704 2714 Dominum
1733 2660 1872 2714 fun-

240 2750 397 2806 dere
439 2757 725 2816 statuunt;
775 2759 1043 2822 quatenus
1073 2749 1174 2804 etsi
1220 2749 1494 2821 perpetuis
1540 2764 1650 2802 non
1686 2764 1870 2803 mere-

264 2847 465 2896 rentur
493 2838 708 2894 absolvi
739 2838 1097 2905 cruciatibus,
1122 2839 1313 2893 saltem
1336 2837 1653 2893 mitioribus
1673 2839 1693 2863 '
1717 2838 1871 2892 mul-

266 2933 524 2982 tarentur
552 2942 582 2980 a
612 2927 806 2982 stricto
831 2927 1023 2983 Judice
1053 2927 1248 2998 poenis.

854 3042 1080 3100 CAPUT
1121 3042 1300 3098 XXII.

377 3133 696 3192 Solemnitas
737 3135 792 3192 S.
826 3135 1112 3191 Benedicti.
1153 3134 1289 3190 Huic
1323 3133 1488 3206 pisces
1523 3129 1768 3204 providet

913 3207 1240 3262 Benedictus.

337 3309 599 3364 Solemne
627 3307 826 3363 festum
869 3307 1218 3380 impendebat
1257 3305 1311 3361 S.
1343 3303 1674 3362 confessoris
1699 3302 1872 3360 Chri—

263 3401 335 3458 sti
371 3399 681 3467 Benedicti,
712 3399 858 3472 quod
892 3415 960 3454 ex
986 3400 1158 3456 veteri
1198 3397 1594 3455 consuetudine
1629 3404 1873 3469 quotan-

265 3491 359 3546 nis
395 3489 577 3562 pridie
609 3489 887 3545 Nonarum
931 3487 1315 3544 Decembrium
1349 3486 1550 3558 agitur,
1594 3502 1702 3557 quo
1732 3501 1875 3540 con-

263 3586 476 3634 ventus
525 3579 823 3634 multorum
876 3576 1204 3649 populorum
1257 3575 1325 3630 ob
1368 3575 1510 3631 tanti
1552 3573 1873 3628 memoriam

263 3667 452 3724 Patris
482 3667 756 3723 conﬂuere
787 3665 1120 3721 monasterio
1150 3666 1288 3721 solet
1323 3684 1332 3721 :
1377 3674 1635 3736 praeterea
1677 3679 1876 3718 servo-

264 3776 394 3814 rum
448 3757 547 3814 Dei
595 3757 1084 3830 religiosorumque
1120 3771 1229 3809 non
1275 3753 1677 3811 contemnenda
1720 3751 1877 3823 copia

262 3849 546 3903 virorum.
592 3847 709 3902 Mos
737 3855 919 3901 autem
962 3844 1138 3916 prisca
1181 3843 1476 3916 procedens
1520 3849 1676 3898 mtate
1724 3841 1878 3896 mul—

263 3944 380 3990 tam
416 3936 710 4007 occupavit
742 3941 1139 4005 tempestatem,
1182 3932 1526 3987 liheralitatis
1559 3931 1729 4003 gratia
1757 3937 1880 4002 post

264 4025 544 4098 spiritalis
573 4023 890 4080 refectionis
921 4021 1454 4078 abundantissimum
1488 4019 1717 4086 donum,
1746 4035 1880 4074 cor-

267 4131 406 4185 pora
462 4130 679 4186 quoque
730 4121 948 4168 terreno
996 4109 1404 4166 accuratissime
1452 4107 1674 4163 reficere
1731 4107 1875 4162 cibo.

264 4202 375 4258 Sed
409 4218 536 4258 cum
584 4201 927 4256 diversarum
969 4205 1262 4271 apparatus
1292 4197 1571 4268 copiarum
1623 4195 1754 4250 huic
1801 4195 1879 4249 rei

264 4291 698 4363 congruentium
724 4291 853 4345 hinc
876 4288 1003 4344 inde
1026 4287 1342 4360 proﬂueret,
1361 4287 1592 4358 piscium
1612 4285 1880 4339 omnimo-

264 4381 356 4436 dis
384 4380 576 4435 deerat
615 4378 916 4445 afﬂuentia,
957 4393 1076 4449 quae
1106 4382 1270 4431 tantae
1296 4373 1600 4430 celebritati
1637 4374 1881 4444 aliquan-

1982 1861 2075 1916 sed
2107 1861 2394 1916 reverendi
2427 1860 2649 1915 habitus
2693 1874 2943 1930 persona,
2976 1875 3252 1913 summum
3281 1856 3584 1928 portende-

1981 1957 2063 2003 ret
2093 1948 2476 2004 Benedictum.
2524 1948 2812 2005 Roboratis
2856 1948 2958 2003 hac
2990 1947 3204 2001 visione
3231 1944 3433 2001 animis
3463 1947 3584 2000 fra-

1981 2048 2149 2106 trum,
2197 2038 2447 2093 certatim
2478 2038 2688 2093 retibus
2717 2038 2938 2109 paratis,
2981 2037 3226 2091 curritur
3255 2035 3323 2090 ad
3353 2035 3582 2102 ﬂumen,

1980 2128 2272 2199 pansisque
2304 2127 2436 2182 hinc
2465 2127 2592 2182 inde
2619 2127 2881 2194 cassibus,
2915 2123 3243 2197 squamigeri
3278 2123 3453 2194 gregis
3482 2139 3586 2179 co-

1981 2213 2070 2285 pia
2111 2215 2480 2270 exuberanter
2519 2215 2861 2269 abstrahitur
2893 2229 3131 2285 aequore,
3180 2219 3441 2283 tantaque
3479 2211 3586 2267 fuit

1985 2313 2269 2376 captorum
2293 2305 2525 2377 piscium
2557 2303 2917 2370 abundantia,
2948 2310 3010 2357 ut
3039 2318 3226 2357 eorum
3255 2299 3468 2356 evectio
3496 2316 3585 2354 ve-

1986 2395 2174 2451 hiculo
2216 2405 2415 2467 egeret.
2463 2394 2631 2465 Atqui
2681 2399 2909 2447 noverat
2949 2391 3142 2446 beatus
3183 2391 3342 2445 Pater
3379 2389 3586 2444 tirones

1985 2499 2112 2539 suos
2143 2484 2230 2538 his
2259 2501 2322 2540 ac
2352 2483 2577 2549 talibus,
2611 2480 3030 2552 infatigabiliter
3059 2479 3283 2535 Domini
3315 2477 3584 2533 inhaeren-

1985 2585 2064 2632 tes
2092 2573 2400 2647 praeceptis,
2433 2573 2646 2626 elevare
2675 2569 2977 2635 beneficiis,
3019 2568 3112 2639 qui
3145 2567 3362 2622 mortali
3397 2582 3584 2636 grava-

1982 2675 2073 2722 tus
2103 2664 2285 2720 adhuc
2313 2662 2548 2728 sarcina,
2575 2660 2862 2731 discipulis
2890 2659 3120 2730 penuria
3149 2655 3306 2728 panis
3336 2655 3584 2710 laboran-

1986 2755 2131 2810 tibus
2161 2769 2316 2825 opem
2361 2753 2502 2806 ferre
2544 2750 2719 2804 valuit
2752 2748 3117 2803 ducentorum
3150 2743 3463 2799 modiorum
3509 2744 3585 2797 fa-

1985 2847 2118 2900 rinae
2147 2844 2462 2901 collatione.
2489 2841 2543 2896 Si
2577 2840 2750 2912 igitur
2768 2856 2996 2911 corpora
3015 2837 3278 2893 alimento
3300 2843 3586 2906 tantopere

1982 2937 2192 2992 solatur
2213 2941 2451 2998 terreno,
2477 2936 2685 3002 quanto
2716 2937 2972 3001 putamus
3003 2943 3125 2981 eum
3153 2924 3440 2996 juvamine
3471 2921 3586 2977 ani-

1984 3040 2196 3078 marum
2229 3021 2392 3077 saluti
2440 3017 2712 3086 insistere,
2763 3018 2998 3089 qualiter
3041 3024 3258 3071 aeterna
3304 3011 3586 3069 felicitatis

1908 3134 1951 3192 ο
1987 3112 2184 3182 gaudia
2203 3111 2477 3165 honorum
2499 3117 2720 3164 actuum
2743 3107 2926 3162 onusti
2950 3105 3241 3171 fructibus,
3273 3109 3585 3159 mereantur

1988 3203 2191 3259 intrare
2223 3202 2473 3257 lmtantes
2495 3201 2523 3256 ‘I

2551 3340 2778 3397 CAPUT
2819 3338 3005 3393 XXIII

2354 3438 2489 3494 Pede
2521 3444 2742 3506 utroque
2770 3435 2954 3490 debitis
2984 3439 3219 3488 senatur.

2055 3562 2328 3636 Opinione
2349 3561 2516 3631 vulgo
2537 3558 2724 3614 orbem
2747 3565 3084 3631 penetrante,
3125 3555 3356 3628 gratiam
3379 3538 3586 3613 Christi

1985 3650 2352 3728 prmstahilem
2383 3649 2572 3706 adfore
2593 3648 2902 3721 quibusque
2933 3643 3259 3702 mortalibus
3285 3645 3586 3700 incommo-

1986 3743 2158 3798 ditate
2186 3755 2448 3812 corporea
2478 3737 2876 3803 laborantibus,
2923 3735 2991 3791 ad
3031 3734 3224 3790 limina
3255 3731 3588 3791 confessoris

1988 3831 2194 3890 Christi
2225 3827 2508 3886 Benedicti
2552 3843 2766 3899 cmpere
2794 3825 3160 3898 undecunque
3194 3822 3587 3879 monasterium

1989 3927 2189 3992 petere,
2236 3925 2505 3989 quatenus
2546 3913 2807 3986 optabilis
2853 3912 3132 3984 sospitatis
3159 3917 3441 3982 compotes
3472 3923 3588 3964 esse

1991 4009 2256 4064 valerent.
2281 4007 2343 4061 In
2368 4013 2640 4061 tereacum
2663 4000 2891 4074 reliquis
2916 4001 3138 4074 quidam
3171 4007 3406 4071 utroque
3435 3996 3586 4052 debi-

1989 4098 2056 4152 lis
2092 4111 2299 4167 gressu,
2332 4094 2422 4148 cui
2469 4108 2751 4163 nunquam
2799 4091 3029 4162 pedibus
3057 4105 3378 4146 concessum
3410 4087 3588 4144 fuerat

1989 4182 2095 4238 iter
2124 4195 2336 4251 capere,
2369 4179 2463 4234 sed
2495 4178 2667 4249 magis
2696 4178 3079 4232 scamellorum
3105 4176 3411 4246 juvamine,
3443 4174 3590 4247 geni-

1990 4274 2130 4330 culis
2160 4288 2216 4326 se
2246 4286 2340 4342 per
2367 4277 2569 4324 terram
2601 4277 2829 4323 noverat
2858 4267 3098 4330 trahere,
3119 4266 3337 4321 asttitit.
3370 4266 3472 4322 Hic
3491 4266 3590 4323 diu

1990 4364 2046 4419 in
2088 4361 2314 4417 basilica
2349 4368 2550 4415 sanctae
2580 4357 2678 4414 Dei
2728 4355 3010 4430 genitricis
3054 4363 3436 4427 perpetuaeque
3466 4357 3592 4411 vir-

265 4469 453 4524 tulam
509 4474 788 4540 praestaret
835 4442 1083 4537 gratiam.
1135 4463 1353 4518 Anxius
1382 4462 1542 4518 valde
1571 4442 1757 4530 abbas,
1789 4462 1879 4518 sed

1995 4450 2138 4522 ginis
2170 4449 2353 4505 Mariae
2385 4447 2528 4518 apud
2560 4463 2742 4502 sacros
2781 4446 2994 4501 cineres
3022 4443 3319 4511 excubans,
3367 4442 3590 4498 tandem

265 4565 324 4611 ct
360 4557 564 4611 fratres
594 4555 724 4610 huic
754 4553 1100 4627 procurando
1130 4551 1346 4608 suffecti
1384 4551 1586 4618 oiIicio,
1631 4567 1883 4623 quaqua-

268 4662 498 4701 versum
524 4643 793 4715 dirigunt,
817 4643 860 4698 si
891 4658 999 4715 quo
1027 4641 1191 4697 modo
1222 4639 1521 4712 cujuslibet
1545 4639 1884 4695 adminiculo

268 4751 299 4788 a
337 4742 498 4789 tanta
545 4732 776 4787 relevari
826 4739 1049 4804 possent
1098 4730 1332 4802 piscium
1382 4728 1630 4802 penuria.
1677 4728 1882 4783 Verum

271 4824 525 4878 humana
546 4821 837 4878 deﬁciente
866 4821 1162 4888 industria,
1186 4837 1310 4878 cum
1340 4819 1451 4892 jam
1477 4819 1745 4891 desperati
1773 4835 1887 4874 om.

268 4929 373 4967 nes
407 4911 638 4982 dejectis
669 4909 870 4965 animis
909 4909 1051 4964 nihil
1087 4909 1230 4982 quod
1283 4916 1564 4980 sperarent
1601 4907 1886 4978 haberent,

267 5001 500 5058 meritis
529 5008 582 5056 et
612 5000 929 5055 interventu
960 4999 1252 5055 clarissimi
1284 5015 1520 5071 vereque
1551 4998 1833 5054 Benedicti
1861 5013 1892 5051 a

264 5098 437 5146 tanto
485 5089 733 5144 mmroris
784 5089 1124 5145 suscitantur
1179 5103 1392 5143 somno.
1449 5089 1694 5142 Instante
1743 5086 1892 5140 enim

267 5179 480 5253 vigilia
527 5178 800 5250 praedictae
851 5177 1202 5245 festivitatis,
1254 5175 1476 5248 quidam
1528 5175 1695 5230 frater
1733 5173 1896 5245 juxta

267 5285 495 5324 morem
526 5276 800 5326 nocturno
832 5277 940 5324 tem
953 5284 1082 5341 pore
1111 5284 1239 5324 cum
1270 5267 1534 5322 fratribus
1564 5264 1786 5336 proprio
1815 5280 1894 5319 re.

264 5357 500 5414 cubans
547 5356 714 5425 lecto,
756 5356 901 5412 vidit
951 5355 1008 5411 in
1056 5356 1183 5412 visu
1235 5371 1454 5410 amnem
1504 5353 1739 5425 Ligerim
1783 5368 1898 5408 sese

265 5446 717 5518 transpositam,
766 5453 928 5519 atque
961 5447 1018 5501 in
1058 5445 1204 5514 loco,
1253 5462 1361 5518 quo
1391 5443 1657 5500 ﬂuviolus
1686 5441 1898 5514 vulgari

358 5564 382 5589 ι
426 5551 692 5622 Veterum
744 5551 1109 5622 quorumdam
1157 5548 1432 5607 sententia
1469 5549 1594 5622 fuit,
1641 5548 1898 5622 vivorum

265 5623 570 5693 suffragiis
615 5619 807 5678 mitius
862 5622 1051 5678 haberi
1092 5623 1424 5678 damnatos:
1477 5619 1569 5677 cui
1618 5619 1901 5675 sententia:

1995 4548 2243 4610 respectu
2263 4537 2471 4592 divinae
2501 4535 2721 4608 pietatis
2739 4544 2906 4606 atque
2935 4532 3250 4588 interventu
3278 4531 3466 4586 dilecti
3488 4533 3591 4587 Do-

1997 4628 2130 4682 mini
2158 4625 2446 4684 Benedicti
2478 4622 2696 4680 sanitati
2728 4622 2996 4689 redditus,
3029 4621 3228 4693 gratias
3255 4620 3492 4676 Domino
3523 4620 3591 4675 si-

1995 4717 2218 4788 mulque
2250 4711 2599 4770 intercessori
2649 4728 2747 4767 suo
2800 4727 2897 4783 pro
2945 4709 3169 4765 modulo
3213 4707 3458 4765 scientiae
3486 4707 3594 4764 sibi

1995 4805 2210 4860 collata)
2241 4803 2446 4860 referre
2476 4819 2588 4858 non
2617 4801 2858 4857 distulit.
2892 4799 3030 4855 Sane
3061 4799 3190 4871 quia
3223 4798 3472 4855 insuetus
3499 4797 3594 4853 do-

1998 4893 2100 4961 lor,
2147 4893 2412 4966 laborque
2465 4909 2574 4948 non
2623 4891 2872 4946 modicus
2920 4890 2975 4944 in
3019 4889 3340 4946 extensione
3385 4886 3596 4944 diutius

1997 4994 2407 5043 contractorum
2439 5002 2729 5042 nervorum
2770 4984 3008 5058 graviter
3035 4983 3271 5040 debilem
3300 4980 3590 5047 aﬂlixerat,

2001 5092 2342 5148 nequaquam
2404 5076 2689 5146 repentina
2745 5073 3024 5131 celeritate
3072 5072 3319 5142 ignotum
3375 5082 3594 5138 pergere
3650 5067 3654 5073 ’

2002 5166 2108 5220 iter
2133 5164 2370 5231 valebat,
2413 5163 2589 5220 donec
2618 5163 2915 5218 titubantia
2951 5177 3145 5230 genua,
3187 5158 3376 5213 dolore
3406 5157 3594 5228 procul

2004 5260 2236 5320 semoto,
2277 5252 2494 5307 ﬁrmius
2537 5251 2939 5306 stabilirentur.
2973 5250 3234 5304 Servatur
3267 5244 3497 5318 proinde
3541 5245 3596 5299 in

2005 5343 2170 5398 domo
2199 5357 2500 5414 pauperum
2532 5340 2772 5414 hospitio
2802 5338 3081 5409 deputata,
3114 5336 3297 5408 ibique
3326 5333 3598 5391 sufﬁcien-

2006 5447 2118 5496 tem
2162 5437 2265 5496 sibi
2314 5453 2559 5508 agapem,
2611 5451 2735 5492 cum
2784 5432 3014 5505 reliquis
3061 5431 3284 5503 ptochio
3313 5437 3594 5503 πτωχιῖον,

2009 5546 2254 5602 nondum
2300 5544 2368 5600 ab
2404 5541 2653 5599 Ecclesia
2689 5541 2959 5597 damnatae
3001 5537 3272 5594 contraria
3304 5547 3386 5595 est
3415 5537 3600 5595 schola

2011 5617 2375 5689 posteriorum
2405 5614 2804 5685 theologorum.
