4070 6178
505 248 609 305 927

1484 237 1903 295 ADREVALDI
1943 233 2453 294 FLORIACENSIS
2494 232 2819 290 MONACHI

3705 237 3802 295 928

504 387 950 456 mendicabulum
985 408 1074 446 seu
1108 390 1409 463 hospitium
1440 393 1763 465 pauperum)
1797 392 2099 450 residenti-
2124 397 2173 456 Α
2207 391 2378 454 fracto
2409 392 2660 459 humero,
2684 397 2913 462 totoque
2947 405 3087 462 pene
3115 406 3345 462 corpore
3374 391 3636 460 contrito,
3663 392 3803 452 obse-

503 483 607 540 bus
636 482 864 554 accepit.
913 481 1227 539 Transactis
1260 481 1471 554 aliquot
1509 481 1704 539 diebus
1741 500 1881 555 aeger
1925 483 2104 540 robu-

505 576 642 632 stior
673 574 940 642 redditur,
972 589 1034 630 ac
1059 590 1273 646 gressus
1303 573 1510 630 dudum
1541 573 1643 630 hac
1672 575 1906 648 illacque
1935 575 2101 632 diva-

505 666 742 721 ricantes
789 663 991 719 rectius
1038 663 1291 719 incedere
1337 663 1579 719 discunt.
1634 664 1914 720 Postremo
1957 665 2102 721 resi-

504 753 764 809 dentibus
792 753 1075 818 fratribus,
1115 752 1254 809 hora
1283 752 1394 808 diei
1425 753 1607 822 tertia,
1657 763 1780 826 post
1809 754 2100 810 lectionem

505 842 732 915 capituli
775 842 1038 913 regularis
1069 849 1493 914 sanctorumque
1537 842 1893 912 memoriam,
1930 843 2103 914 jube-

506 940 596 988 tur
627 931 697 988 ab
724 932 1044 1003 Adalgaudo
1092 931 1216 1004 [al.,
1268 931 1608 1003 Adalguado.
1664 933 1870 1001 Boscio,
1922 933 2101 989 Adal-

505 1009 686 1095 caldo]
719 1021 912 1078 abbate
941 1021 1219 1095 quondam
1256 1019 1547 1092 languidus
1587 1037 1738 1077 sacro
1768 1039 1824 1078 se
1851 1037 2101 1094 praesen-

505 1120 619 1168 tare
647 1111 968 1180 conventui,
1009 1119 1171 1183 atque
1199 1110 1269 1167 ob
1299 1111 1635 1167 dubietatem
1674 1127 1704 1166 a
1736 1111 2098 1184 quorumdam

504 1199 767 1258 cordibus
793 1199 1166 1268 auferendam,
1200 1200 1512 1273 putantium
1553 1200 1787 1257 necdum
1817 1217 1943 1256 eum
1975 1202 2101 1273 ple-

505 1308 632 1348 nam
663 1292 979 1362 sospitatem
1011 1291 1296 1362 recepisse,
1326 1291 1547 1346 situlam
1579 1291 1794 1362 plenam
1821 1308 1973 1365 aqum
1994 1291 2100 1347 de-

504 1382 664 1438 ferre.
710 1379 868 1448 Quod
914 1380 1206 1437 confestim
1257 1381 1545 1452 impletum
1592 1387 1690 1437 est.
1751 1382 1881 1436 Erat
1930 1381 2102 1452 igitur

504 1478 746 1544 spectare
777 1471 1127 1539 miraculum,
1161 1470 1374 1526 videres
1403 1479 1578 1526 astare
1614 1471 1799 1526 stabili
1830 1470 2098 1543 ﬁrmoque

505 1576 691 1632 gressu
715 1559 925 1616 dudum
955 1567 1113 1616 terrae
1143 1568 1444 1631 genutenus
1475 1559 1857 1628 inhaerentem,
1900 1576 1962 1616 ac
2000 1576 2099 1616 ce-

505 1649 604 1705 leri
631 1648 952 1722 directoque
983 1649 1122 1705 calle
1151 1665 1371 1722 quoquo
1415 1648 1741 1718 discurrere,
1787 1648 1881 1721 qui
1926 1665 2098 1720 nuper

503 1741 720 1799 nutanti
751 1757 908 1798 crure
937 1741 1034 1797 vix
1074 1741 1268 1798 baculo
1299 1749 1636 1798 sustentante
1684 1743 1929 1814 quolibet
1961 1760 2096 1814 pro-
2129 1764 2174 1823 Β

503 1831 655 1904 gredi
680 1830 916 1886 valebat.
944 1829 1016 1884 At
1038 1828 1356 1885 mortalium
1387 1829 1551 1885 corda
1571 1830 1705 1902 quid
1728 1839 1861 1887 tunc
1889 1831 2096 1903 gaudii,

503 1919 636 1992 quid
662 1917 1052 1975 exsultationis
1081 1917 1279 1974 habere
1325 1928 1591 1990 poterant,
1636 1928 1927 1990 patronum
1960 1920 2098 1976 tanti

503 2011 702 2081 gregis,
725 2009 976 2079 tantique
1004 2009 1293 2078 praesulem
1316 2008 1444 2076 loci,
1478 2006 1824 2064 exhibitione
1845 2023 2093 2080 operum,

501 2097 587 2153 sui
637 2099 984 2170 praesentiam
1033 2096 1317 2155 cernentes
1364 2095 1702 2152 ostendere?
1749 2095 1851 2152 Sed
1889 2105 2098 2153 mentes

501 2187 708 2244 cmlesti
729 2186 1001 2244 desiderio
1022 2190 1328 2260 ﬂagrantes,
1351 2203 1382 2241 a
1411 2186 1667 2242 laudibus
1689 2186 2098 2259 Omnipotentis

501 2293 710 2334 cessare
734 2293 845 2332 non
877 2284 1148 2350 poterant,
1183 2276 1316 2348 quin
1347 2277 1530 2348 potius
1559 2292 1623 2331 eo
1653 2284 1898 2349 tempore
1927 2275 2100 2336 Chri-

501 2373 585 2424 sto
617 2366 922 2439 jucundare
955 2367 1013 2423 in
1044 2366 1272 2440 hymnis
1302 2367 1691 2423 exsultatiouis
1731 2366 1956 2423 uberius
1995 2365 2095 2422 ad-

501 2456 846 2528 gaudebant,
918 2473 1028 2531 quo
1097 2472 1153 2514 se
1213 2455 1447 2514 donatos
1513 2473 1738 2514 munere
1795 2471 2100 2529 cognosce-

501 2545 652 2604 bant.

1065 2672 1295 2730 CAPUT
1325 2673 1533 2730 XXIV.

498 2793 672 2850 Judex
709 2793 764 2848 S.
800 2791 1066 2848 Benedicti
1111 2792 1265 2847 rebus
1297 2794 1600 2850 contrarius
1642 2801 1807 2850 morte
1850 2795 2094 2868 punitur.

568 2929 713 2984 Dum
744 2927 885 2982 Boso
912 2939 934 2965 ι
966 2925 1133 2983 abbas
1162 2927 1398 2983 cmnobii
1429 2927 1596 2999 hujus
1625 2929 1870 2998 regimen
1903 2945 1971 2983 ex
2003 2945 2100 2984 re-

497 3015 673 3089 gulari
703 3015 973 3073 electione
1001 3017 1309 3090 suscipiens
1338 3033 1449 3073 non
1482 3017 1804 3088 ignobiliter
1830 3017 2098 3088 dispone-

497 3114 600 3176 ret,
652 3107 936 3164 contentio
967 3107 1210 3163 maxima
1258 3107 1403 3163 inter
1434 3107 1764 3164 advocatum
1811 3107 2096 3179 praesentis
2126 3131 2168 3189 ε

495 3196 738 3254 ecclesiae
769 3197 1087 3269 Epitagium
1120 3197 1363 3264 nomine,
1398 3212 1612 3252 necnon
1641 3195 1965 3252 advocatum
1997 3197 2090 3252 al-

493 3286 664 3342 terius
694 3286 979 3358 cujusdam
1007 3284 1146 3342 sacri
1178 3286 1284 3342 loci
1311 3286 1562 3342 oboritur
1590 3286 1659 3342 ob
1691 3285 2088 3358 mancipiorum

492 3372 795 3444 querelam,
845 3390 957 3429 non
991 3373 1147 3446 parvi
1190 3374 1427 3430 numeri.
1473 3372 1824 3430 Theodoinus
1861 3359 2090 3429 diceba-

492 3469 583 3518 tur
613 3463 884 3520 vocabulo
916 3464 1157 3522 vicarius
1201 3463 1570 3531 Mariacensis,
1620 3463 1778 3536 cujus
1815 3463 1874 3520 in
1906 3463 2088 3520 officio

491 3553 811 3609 eorumdem
848 3554 1127 3610 concretio
1156 3563 1319 3625 atque
1347 3552 1685 3610 cohabitatio
1717 3569 1750 3606 a
1779 3552 2087 3624 progenito-

490 3642 645 3698 ribus
673 3641 961 3697 exstiterat
992 3660 1004 3697 ;
1057 3640 1124 3696 ad
1155 3658 1316 3713 quem
1348 3659 1405 3698 se
1437 3643 1736 3698 advocatus
1768 3641 1922 3697 illius
1959 3643 2088 3697 alte-

491 3729 606 3784 rius
635 3729 741 3784 loci
767 3729 1077 3796 conferens,
1107 3729 1342 3802 datoque
1374 3746 1596 3786 munere
1616 3746 1992 3802 corrumpens,
2018 3729 2087 3786 ab

488 3816 764 3890 aequitatis
785 3815 910 3889 jure
932 3816 1158 3873 deﬂexit
1182 3837 1193 3873 :
1222 3818 1447 3891 jamque
1482 3817 1720 3874 instabat
1747 3818 1862 3875 dies
1883 3835 1990 3892 qua
2018 3818 2087 3875 lis

491 3915 704 3977 emota,
738 3907 796 3963 in
826 3908 1051 3964 castello
1081 3908 1226 3980 quod
1260 3907 1543 3964 Nandonis
1576 3907 2083 3978 (Cha'teau-La-ndon

491 3997 547 4051 in
584 3996 886 4066 Wastinio)
936 4004 1182 4064 vocatur,
1229 3996 1418 4053 dirimi
1464 3995 1762 4054 debuisset.
1810 3997 1914 4054 Sed
1944 4000 2085 4056 Boso

486 4082 672 4151 abbas,
698 4101 765 4140 ne
795 4084 936 4142 forte
965 4085 1149 4142 minus
1172 4095 1366 4143 cautus
1386 4102 1500 4143 esse
1521 4086 1820 4157 videretur,
1852 4088 1921 4144 ad
1951 4105 2084 4162 prai-

488 4174 663 4230 fatum
695 4174 963 4231 vicarium
993 4175 1132 4232 duos
1181 4177 1353 4234 mittit
1395 4182 1712 4249 monachos,
1759 4179 1916 4252 eique
1963 4181 2083 4237 loco

487 4265 733 4322 muneris
768 4264 878 4322 duo
921 4267 1141 4323 vascula
1186 4265 1360 4324 mittit
1404 4276 1658 4340 argentea
1699 4285 1810 4325 non
1841 4279 2081 4326 contem-

483 4356 652 4412 nendi
681 4355 960 4428 ponderis,
990 4356 1281 4414 obsecrans
1302 4359 1562 4432 quatinus
1586 4358 1817 4430 justitize
1841 4368 1894 4417 et
1924 4361 2082 4416 recti-

484 4445 666 4503 tudini
697 4446 907 4514 favens,
948 4448 1171 4506 oﬂiciali
1221 4449 1546 4506 nullomodo
1583 4452 1827 4508 oﬂiceret
1867 4461 2076 4510 nostro.

482 4538 556 4592 At
582 4535 676 4593 ille
703 4537 932 4594 alterius
955 4537 1069 4610 jam
1099 4539 1247 4596 dono
1276 4548 1570 4612 corruptus
1596 4543 1894 4598 monachos
1917 4559 2081 4614 sper-

481 4641 638 4694 nens,
697 4627 842 4684 dona
903 4645 1183 4701 respuens,
1243 4631 1498 4702 superbia
1554 4631 1820 4701 tumidus,
1876 4649 2076 4706 equum

479 4719 823 4786 conscendit,
854 4719 1133 4792 servisque
1165 4721 1264 4777 Dei
1295 4722 1442 4777 dixit
1467 4739 1479 4778 ;
1517 4723 1794 4792 Recedite,
1823 4740 1857 4779 o
1888 4740 2078 4780 mona-

477 4803 592 4872 chi,
628 4821 755 4860 cum
788 4806 1028 4862 vasculis
1060 4808 1276 4876 vestris,
1325 4808 1394 4864 ad
1427 4811 1823 4866 monasterium
1871 4812 1938 4868 de
1971 4828 2080 4884 quo

479 4892 586 4951 huc
614 4895 966 4968 properastis.
1011 4896 1171 4954 Hunc
1201 4905 1373 4953 testor
1402 4914 1608 4966 ensem,
1655 4900 1841 4955 nullus
1874 4900 1942 4955 ab
1985 4901 2079 4957 ho-

474 4983 670 5040 dierna
701 4982 791 5040 die
820 5001 890 5041 ex
930 4984 1018 5040 his
1048 4985 1340 5057 mancipiis
1369 4995 1557 5043 sancto
1595 4987 1956 5045 famulabitur
1984 4989 2080 5044 Be-

475 5073 717 5132 nedicto.
751 5073 849 5129 His
878 5073 1062 5143 dictis,
1111 5075 1350 5146 impulso
1379 5075 1686 5132 calcaribus
1717 5093 1878 5150 equo,
1914 5077 2079 5134 celer-

475 5162 614 5218 rime
643 5162 894 5219 incedere
923 5165 1112 5235 erepit.
1149 5163 1392 5220 Necdum
1424 5166 1614 5236 procul
1653 5182 1685 5221 a
1713 5165 1880 5222 domo
1910 5184 2079 5224 reces-

474 5258 616 5308 serat
644 5251 887 5326 propria,
919 5260 972 5309 et
999 5267 1124 5310 ecce
1152 5253 1280 5326 equi
1310 5253 1400 5310 cui
1442 5253 1717 5312 insederat
1753 5272 1848 5328 pes
1878 5256 2079 5329 lapsus,

471 5356 740 5400 aessorem
785 5358 817 5399 a
845 5342 1010 5401 dorso
1040 5342 1282 5416 projicit.
1318 5343 1424 5412 Qui
1459 5361 1718 5403 corruens
1757 5347 1816 5403 in
1855 5355 2078 5411 terram,

547 5477 569 5502 "
602 5475 891 5551 Boso_post
919 5477 1298 5551 Adalgaudum
1362 5480 1694 5538 monasterio
1741 5479 2081 5537 Floriacensi

481 5545 724 5631 prmfuit.
755 5545 927 5631 Deveo
956 5545 1120 5631 supra
1146 5567 1263 5631 cap.
1287 5551 1379 5619 20,
1411 5559 1465 5609 et
1486 5551 1640 5631 infra
1666 5551 1900 5631 cap._27.

612 5617 722 5686 Lex
760 5617 940 5674 Salica
982 5617 1226 5692 a’Ligeri
1256 5617 1447 5679 verSus
1486 5617 1758 5694 Rhenum",
1796 5623 1898 5680 hoc
1929 5631 2012 5680 est
2054 5640 2084 5679 a

2105 4492 2155 4551 D

2214 481 2501 555 quentium
2551 480 2808 537 manibus
2849 480 2919 537 ad
2960 480 3187 537 domum
3237 483 3473 538 refertur
3510 485 3800 555 propriam.

2213 572 2350 629 Dein
2381 579 2730 644 gravescente
2757 570 2967 638 dolore,
3009 569 3098 626 die
3130 569 3335 627 abhinc
3358 571 3522 628 tertia
3549 572 3682 628 vitae
3710 591 3806 630 ex-

2212 661 2358 733 cepit
2385 661 2707 716 terminum.
2731 659 3050 716 Advocatus
3070 675 3200 716 vero
3229 659 3285 715 8.
3310 659 3594 718 Benedicti
3625 664 3806 718 castel-

2214 751 2328 806 lum
2371 749 2656 807 Nandonis
2699 750 3045 823 perveniens,
3087 751 3368 823 querelam
3417 751 3564 823 apud
3603 751 3810 822 judices

2212 841 2506 912 deponens,
2527 856 2590 896 ac
2612 839 2772 912 legali
2791 855 2981 896 eorum
2999 839 3215 912 judicio
3231 840 3508 914 mancipia
3522 842 3805 915 recipiens,

2211 929 2279 986 ad
2305 929 2525 1004 propria
2558 937 2784 986 remeat.

2785 1093 3012 1154 CAPUT
3056 1092 3237 1151 XXV.

2443 1222 2571 1278 Item
2597 1220 2741 1276 alius
2775 1220 2965 1290 lingua
2993 1219 3179 1292 ofﬁcio.
3211 1249 3282 1260 —
3310 1218 3581 1275 Duellum.

2281 1357 2524 1412 Decurso
2555 1353 2758 1410 exinde
2783 1369 2896 1408 non
2927 1352 3146 1409 modico
3171 1360 3442 1425 tempore,
3465 1352 3576 1409 alia
3612 1352 3811 1411 iterum

2209 1443 2460 1499 oboritur
2488 1443 2866 1499 controversia
2891 1442 3036 1497 inter
3062 1441 3350 1515 praafatum
3382 1439 3552 1513 hujus
3583 1442 3693 1499 loci
3726 1445 3811 1501 ad-

2207 1545 2486 1602 vocatum,
2520 1545 2682 1608 atque
2709 1535 3038 1592 advocatum
3067 1534 3122 1590 S.
3146 1533 3425 1606 Dionysii.
3458 1535 3814 1610 Colliguntur

2207 1628 2274 1684 ab
2305 1628 2590 1700 utriusque
2620 1627 2869 1702 partibus
2899 1624 3125 1698 plurimi
3159 1626 3339 1698 legum
3373 1625 3621 1696 magistri
3643 1633 3700 1681 et
3727 1625 3809 1698 ju-

2209 1717 2376 1786 dices,
2428 1717 2522 1790 qui
2571 1734 2668 1790 pro
2715 1716 2963 1789 partibus
2995 1714 3358 1771 decertarent.
3411 1715 3684 1772 Praeterea
3722 1715 3807 1771 ad-

2204 1814 2360 1862 erant
2394 1806 2449 1862 in
2482 1805 2672 1862 eodem
2704 1805 2907 1878 placito
2945 1803 3095 1860 missi
3141 1821 3171 1859 a
3215 1805 3381 1859 latere
3429 1803 3593 1876 regis,
3647 1805 3811 1861 Jonas

2204 1897 2490 1968 episcopus
2521 1895 2965 1963 Aurelianensis,
3000 1902 3054 1950 et
3093 1895 3342 1949 Donatus
3368 1910 3556 1950 comes
3585 1894 3808 1951 Milidu-

2205 1986 2479 2043 nensiuin.
2523 1985 2631 2042 Sed
2658 2002 2784 2043 cum
2817 1984 2972 2039 litem
3007 1983 3062 2038 in
3093 1999 3156 2037 eo
3189 1983 3390 2055 placito
3419 1982 3582 2038 ﬁnire
3619 1983 3808 2057 nequi-

2206 2085 2347 2146 rent,
2395 2093 2459 2133 eo
2506 2077 2654 2150 quod
2697 2067 2932 2134 Salicaeb
2981 2073 3116 2147 legis
3157 2072 3372 2146 judices
3409 2073 3809 2133 ecclesiasticas

2206 2191 2290 2230 res
2318 2174 2420 2230 sub
2450 2175 2695 2231 Romana
2723 2173 3054 2230 constitutas
3093 2171 3209 2243 lege
3239 2171 3534 2228 decernere
3573 2173 3808 2244 perfecte

2210 2282 2320 2321 non
2350 2273 2593 2338 possent,
2645 2264 2828 2320 visum
2861 2270 2942 2320 est
2990 2262 3174 2319 missis
3202 2261 3498 2319 dominicis
3544 2264 3808 2335 placitum

2209 2353 2524 2410 Aurelianis
2553 2360 2784 2408 mutare.
2817 2352 3118 2409 Venientes
3153 2351 3338 2425 itaque
3374 2351 3443 2408 ad
3485 2352 3808 2410 condictum

2211 2446 2392 2500 locum
2425 2443 2672 2516 magistri
2713 2451 2766 2499 et
2808 2441 3045 2514 judices,
3079 2450 3312 2515 utraque
3341 2457 3410 2497 ex
3456 2450 3616 2514 parte
3655 2459 3810 2498 acer-

2209 2537 2348 2593 rime
2376 2537 2750 2594 decertabant.
2783 2535 3028 2592 Aderant
3055 2551 3295 2608 namque
3320 2536 3501 2608 legum
3533 2534 3807 2604 doctores,

2208 2633 2319 2682 tam
2349 2643 2419 2682 ex
2439 2626 2823 2683 Aurelianensi
2844 2641 3008 2698 quam
3037 2641 3108 2680 ex
3132 2607 3469 2680 wastinensi
3497 2625 3806 2696 provincia.

2209 2718 2508 2774 Enimvero
2547 2717 2888 2790 longiuscule
2919 2716 3072 2771 litem
3116 2714 3400 2786 judicibus
3439 2714 3808 2786 protrahenti-

2208 2807 2330 2877 bus,
2345 2824 2410 2864 eo
2425 2807 2571 2880 quod
2593 2823 2691 2863 nec
2712 2806 2772 2861 hi
2793 2805 2984 2862 cedere
3006 2804 3139 2871 illis,
3160 2819 3259 2861 nec
3280 2803 3365 2860 illi
3381 2821 3675 2862 assensum
3692 2805 3809 2862 aliis

2208 2897 2448 2970 praebere
2469 2897 2698 2964 vellent,
2716 2895 2938 2951 tandem
2961 2894 3339 2965 adjudicatum
3360 2901 3461 2960 est,
3486 2902 3550 2950 ut
3573 2894 3649 2950 ab
3669 2905 3809 2952 utra-

2207 3005 2312 3060 que
2341 2995 2492 3060 parte
2524 2995 2686 3043 testes
2715 2988 2956 3054 exirent,
2987 2986 3082 3058 qui
3115 2995 3234 3058 post
3273 2987 3606 3044 sacramenti
3644 2987 3806 3044 ﬁdem

2207 3078 2378 3133 scutis
2422 3093 2484 3133 ac
2531 3076 2743 3133 baculis
2788 3075 3148 3144 decertantes,
3199 3075 3366 3131 finem
3411 3078 3808 3133 controversia

2204 3169 2572 3242 imponerent.
2622 3168 2726 3224 Sed
2755 3185 2880 3224 cum
2923 3166 2982 3224 id
3024 3167 3234 3239 justum
3273 3175 3595 3240 rectumque
3625 3168 3806 3224 visum

2205 3261 2397 3316 fuisset
2426 3259 2706 3327 omnibus,
2741 3257 2962 3330 quidam
2993 3257 3361 3314 Wastinensis
3389 3257 3635 3330 regionis
3677 3259 3809 3331 legis

2203 3352 2413 3422 doctor,
2456 3351 2544 3408 cui
2594 3350 2832 3425 quodam
2866 3352 3130 3424 praesagio
3176 3350 3407 3406 bestiale
3456 3366 3668 3405 nomen
3717 3367 3806 3424 pro

2203 3443 2446 3499 humano
2477 3442 2716 3498 inditum
2750 3451 2884 3512 erat,
2920 3442 3124 3515 quique
3153 3458 3222 3498 ex
3252 3450 3402 3514 parte
3431 3440 3486 3498 S.
3521 3442 3804 3516 Dionysii,

2205 3550 2430 3589 munere
2459 3539 2752 3606 corruptus
2779 3531 3098 3601 advenerat,
3123 3548 3318 3606 verens
3346 3548 3414 3588 ne
3443 3533 3488 3588 si
3512 3531 3628 3588 duo
3660 3532 3806 3588 inter

2201 3639 2257 3677 se
2283 3623 2646 3691 decertarent,
2696 3622 2851 3678 testis
2879 3638 3070 3678 eorum
3116 3621 3381 3694 reprobus
3412 3621 3802 3690 inveniretur;

2191 3714 2467 3786 judicium
2499 3714 2751 3784 protulit,
2783 3730 2894 3770 non
2921 3729 3036 3769 esse
3067 3721 3279 3768 rectum
3307 3721 3371 3768 ut
3401 3711 3552 3768 bello
3578 3722 3804 3787 pmpter

2199 3821 2282 3862 res
2301 3804 2698 3862 ecclesiasticas
2724 3811 2888 3861 testes
2913 3804 3289 3873 decernerent,
3322 3804 3438 3860 imo
3457 3804 3636 3876 magis
3661 3805 3805 3860 inter

2195 3911 2254 3950 se
2295 3894 2568 3966 mancipia
2605 3893 2856 3950 advocati
2901 3893 3257 3967 partirentur.
3293 3892 3465 3965 Cujus
3509 3894 3805 3950 sententia

2195 3983 2459 4040 Genesius
2489 3983 2795 4041 vicecomes
2821 3982 3032 4051 favens,
3068 3983 3270 4040 rectius
3301 3981 3449 4038 dixit
3479 3997 3600 4038 esse
3631 3999 3804 4038 man-

2193 4073 2338 4147 cipia
2363 4071 2564 4141 dividi,
2608 4088 2769 4146 quam
2797 4079 2963 4128 testes
2993 4071 3139 4129 bello
3169 4071 3464 4128 decernere
3495 4090 3505 4127 :
3552 4071 3611 4127 in
3643 4088 3805 4128 eam-

2193 4181 2298 4237 que
2326 4164 2656 4221 sententiam
2685 4163 2987 4221 concilium
3013 4179 3176 4220 omne
3206 4162 3453 4219 deﬂexit.
3489 4164 3563 4220 At
3585 4179 3728 4220 vero
3747 4163 3800 4219 8.

2191 4254 2539 4322 Benedictus,
2575 4269 2916 4327 nequaquam
2941 4251 3150 4325 judicis
3184 4251 3337 4309 illius
3367 4268 3432 4308 ac
3462 4251 3808 4324 legislatoris

2191 4347 2398 4404 oblitus
2426 4353 2526 4414 est,
2559 4344 2654 4418 qui
2692 4345 2905 4418 primus
2933 4343 3261 4400 sententiam
3295 4341 3586 4400 dividendi
3630 4359 3808 4398 man-

2189 4437 2334 4510 cipia
2363 4442 2580 4492 versute
2609 4432 2772 4507 juxta
2802 4449 3004 4490 nomen
3027 4450 3189 4490 suum
3225 4449 3289 4490 ac
3317 4431 3626 4488 bestialiter
3671 4447 3805 4504 pro-

2185 4526 2334 4582 tulit.
2357 4526 2604 4598 Namque
2618 4522 2890 4582 continuo
2910 4531 2971 4579 ut
2993 4522 3184 4580 eadem
3215 4523 3275 4579 in
3294 4520 3431 4578 duas
3453 4521 3637 4578 divisa
3668 4529 3808 4579 sunt

2187 4623 2367 4689 partes
2396 4614 2692 4687 mancipia,
2725 4614 2821 4670 ille
2844 4612 2996 4685 justo
3023 4613 3123 4669 Dei
3150 4611 3364 4686 judicio
3394 4612 3475 4668 ita
3503 4626 3809 4684 percussus

2187 4715 2288 4772 est,
2331 4713 2391 4761 ut
2438 4702 2763 4760 nullomodo
2807 4701 3019 4775 aliquid
3064 4700 3219 4776 loqui
3267 4709 3472 4773 posset,
3522 4708 3807 4757 evacuato

2189 4794 2359 4850 totius
2389 4793 2590 4864 linguae
2614 4791 2815 4848 oﬂicio.
2851 4791 3252 4864 Cognoscentes
3275 4796 3460 4846 autem
3489 4787 3808 4844 familiares

2189 4882 2306 4955 ejus
2336 4883 2430 4956 qui
2462 4877 2602 4938 inibi
2633 4881 2859 4938 aderant
2889 4882 3180 4937 veritatem
3210 4880 3289 4936 rei
3321 4885 3506 4951 gestae,
3547 4877 3807 4934 deduxe-

2189 4981 2318 5029 runt
2364 4987 2489 5028 eum
2540 4971 2608 5027 ad
2657 4971 3049 5028 monasterium
3103 4969 3158 5027 S.
3201 4968 3534 5027 confessoris
3584 4966 3806 5025 Christi

2189 5080 2348 5136 quem
2381 5063 2619 5136 graviter
2646 5063 2946 5120 offenderat
2979 5081 2990 5118 :
3043 5063 3230 5136 ibique
3277 5077 3375 5134 per
3413 5077 3589 5117 unum
3622 5060 3810 5116 ferme

2189 5151 2502 5208 demoratus
2520 5160 2601 5209 est
2632 5168 2895 5220 mensem,
2919 5151 3148 5208 nutibus
3168 5149 3370 5226 quibus
3391 5155 3610 5224 poterat
3636 5147 3806 5203 auxi-

2191 5244 2327 5300 lium
2358 5245 2658 5318 deposcens
2697 5244 2896 5317 egregii
2940 5243 3130 5318 patris.
3177 5242 3430 5316 Denique
3475 5237 3807 5314 aliquantu~

2192 5336 2298 5392 lam
2329 5335 2618 5394 sanitatem
2647 5343 2994 5404 consecutus,
3025 5333 3096 5392 ad
3135 5350 3235 5392 sua
3263 5331 3614 5406 regreditur:
3646 5345 3805 5386 nun.

2190 5478 2416 5534 Francis
2443 5477 2790 5544 servabatur;
2828 5478 3070 5533 Romana
3093 5491 3125 5533 a
3149 5475 3322 5534 Gallis
3349 5491 3446 5532 seu
3469 5468 3805 5540 Aquitanis.

2190 5549 2284 5622 qui
2315 5549 2523 5608 idcirco
2549 5549 2780 5608 Romani
2808 5548 2964 5606 dicti.
