4070 6184
204 213 313 271 929

1337 215 1431 270 DE
1471 211 1850 271 MIBACULIS
1889 214 1942 269 S.
1988 213 2382 272 BENEDICTI.

3407 223 3511 280 930

199 382 368 443 quam
398 374 586 423 tamen
616 363 792 421 donec
817 363 1053 434 advixit,
1088 366 1378 438 impetrare
1408 365 1584 422 valuit
1613 372 1674 421 ut
1709 381 1803 422 no-
1836 373 1886 432 Α
1913 373 2025 422 tam
2056 366 2394 437 negligenter
2425 365 2700 438 provides,
2733 376 2794 424 ut
2823 367 2970 440 quod
3000 370 3058 423 in
3086 367 3349 428 honorem
3381 389 3507 447 ope-

199 472 328 514 men
358 451 539 511 sancti
570 452 762 524 lingua
789 454 1013 525 propria
1040 455 1374 527 exprimeret
1399 453 1707 512 Benedicti.

772 621 1000 679 CAPUT
1029 623 1233 680 XXVI.

272 743 462 797 Custos
486 738 711 794 ecclesia:
738 738 1092 814 Christianus,
1118 741 1204 795 vir
1223 741 1364 811 pius,
1385 743 1634 799 armillas
1652 743 1802 814 furto

705 811 944 866 sublatas
974 819 1263 883 recuperat.

264 941 670 1001 Excubitorum
695 941 938 999 officium
969 944 1136 1000 sacris
1167 943 1387 1018 templis
1415 945 1657 1003 dicatum
1689 963 1801 1003 non

196 1033 363 1092 modo
409 1031 690 1089 modernis
724 1032 1063 1105 temporibus
1110 1021 1348 1104 constat,
1401 1051 1592 1092 verum
1624 1037 1800 1108 prisca

198 1132 359 1182 aetate
388 1122 490 1179 sub
523 1122 588 1178 B.
621 1122 809 1194 Moyse
837 1139 869 1178 a
904 1123 1142 1179 Domino
1175 1123 1407 1196 legimus
1446 1126 1800 1182 tabernaculo

197 1223 411 1272 sacrato
441 1230 510 1269 ex
535 1212 855 1269 Levitarum
877 1230 1092 1285 genere,
1121 1214 1411 1271 custodum
1443 1215 1632 1271 munia
1660 1216 1800 1272 sub-

198 1317 422 1380 rogata:
457 1323 578 1380 quae
625 1322 882 1379 processu
915 1306 1198 1378 temporis,
1243 1324 1274 1362 a
1315 1316 1505 1364 sancto
1535 1308 1799 1380 propheta

198 1415 413 1456 necnon
452 1413 576 1469 rege
615 1396 856 1453 mirabili
897 1399 1094 1466 David,
1137 1398 1392 1470 ampliori
1435 1398 1797 1470 dispositione

199 1487 476 1555 ordinata,
527 1502 735 1542 morem
767 1486 927 1541 nobis
965 1494 1272 1560 nostraeque
1301 1487 1578 1559 religioni,
1610 1495 1672 1543 ut
1720 1488 1797 1544 ita

198 1576 417 1645 dixero,
456 1591 786 1648 suggessere.
825 1576 897 1632 Et
943 1575 1165 1648 quidem
1219 1584 1432 1634 vetusta
1469 1584 1598 1633 aetas
1648 1576 1795 1632 idem

197 1666 446 1723 cilicium
483 1682 578 1738 per
604 1665 1006 1720 successionem
1045 1666 1217 1737 prolis
1245 1666 1576 1738 excipiebat,
1609 1675 1796 1722 nostra

197 1771 334 1811 vero
382 1771 491 1811 non
543 1754 931 1826 propagatione
970 1755 1160 1826 prolis,
1209 1756 1303 1812 sed
1351 1755 1523 1827 magis
1561 1756 1797 1827 puritate

196 1845 328 1900 vitae
376 1859 702 1916 morumque
754 1841 1025 1915 probitate
1071 1843 1330 1900 ofﬁciales
1371 1843 1634 1900 admittit.
1687 1845 1798 1900 Hac

197 1933 438 2006 denique
467 1949 617 1990 sacra
647 1932 1046 1988 consuetudine
1080 1932 1280 2004 passim
1311 1949 1527 1988 summa
1555 1931 1795 1988 celebri—

196 2031 306 2080 tate
327 2023 573 2094 vigente,
591 2020 874 2094 praesentis
895 2037 1111 2094 quoque
1133 2021 1238 2078 loci
1259 2022 1486 2077 basilica
1507 2022 1566 2077 in
1587 2022 1794 2078 honore

196 2121 398 2169 sanctae
449 2113 552 2168 Dei
605 2111 888 2184 genitricis
935 2111 1119 2168 Mariae
1173 2111 1534 2184 omniumque
1586 2111 1792 2169 Christi

196 2202 478 2274 virginum
501 2203 613 2256 Deo
633 2199 832 2269 dicata,
854 2200 912 2254 in
943 2217 1050 2272 qua
1066 2201 1379 2256 venerabile
1399 2201 1566 2255 etiam
1597 2217 1796 2272 corpus

193 2290 534 2348 sanctissimi
607 2289 893 2346 Benedicti
947 2290 1164 2346 decenti
1237 2289 1445 2346 honore
1513 2299 1797 2348 servatur:

197 2381 356 2437 omni
393 2380 659 2452 religione
706 2389 868 2453 atque
914 2379 1198 2436 honestate
1245 2387 1593 2452 praestantem
1630 2380 1805 2437 Chri-

193 2471 442 2526 stianum
500 2468 747 2536 nomine,
810 2469 1142 2526 monachum
1206 2470 1498 2526 custodem
1551 2470 1800 2526 sortitur.

191 2563 300 2631 Qui
351 2560 514 2633 cujus
560 2559 770 2626 meriti,
822 2557 1090 2630 cujusque
1154 2558 1462 2614 sanctitatis
1506 2558 1802 2621 exstiterit,

191 2653 318 2708 luce
348 2650 438 2706 his
466 2649 669 2706 clarius
697 2647 924 2716 eminet,
951 2646 1046 2719 qui
1076 2645 1194 2718 ejus
1223 2648 1394 2703 vitam
1425 2647 1805 2720 sinceramque

190 2756 402 2797 novere
433 2738 833 2794 innocentiam.
859 2736 1000 2793 Huic
1025 2736 1252 2792 solitum
1283 2744 1399 2792 erat
1423 2753 1639 2793 summa
1669 2737 1806 2793 fidu-

190 2831 283 2887 cia
315 2845 535 2886 sacrum
552 2827 702 2884 adire
722 2827 1024 2894 tumulum,
1047 2832 1210 2898 atque
1240 2827 1455 2898 vulgari
1486 2826 1805 2881 mortalium

192 2939 353 2980 more
382 2922 430 2978 si
452 2921 587 2995 quid
618 2920 830 2977 adversi
855 2918 1197 2975 extrinsecus
1218 2917 1350 2973 huic
1372 2918 1493 2973 loco
1515 2916 1806 2986 accideret,

189 3015 471 3071 adversus
519 3017 768 3066 sanctum
815 3001 1026 3066 causari
1077 3007 1460 3076 Benedictum,
1507 3023 1569 3062 ea
1615 3007 1808 3080 utique

186 3113 368 3162 utens
415 3101 769 3167 conﬁdentia,
799 3117 902 3172 qua
931 3099 1136 3156 sciebat
1171 3116 1227 3156 se
1265 3097 1687 3170 haudquaquam
1727 3098 1795 3153 ab
1834 3107 1878 3165 ί]

186 3197 306 3252 illo
337 3193 485 3248 velle
514 3190 806 3247 contemni.
839 3191 995 3259 Quod
1024 3198 1079 3248 et
1104 3190 1163 3245 in
1195 3189 1300 3246 hoc
1327 3188 1474 3263 quod
1503 3187 1800 3245 scribimus

186 3284 340 3340 satis
371 3281 602 3354 liquebit
627 3297 801 3352 opere.
834 3282 896 3337 In
927 3279 1115 3336 eadem
1145 3279 1373 3336 basilica
1409 3279 1480 3334 ob
1511 3279 1801 3347 honorem,

183 3373 484 3443 simulque
513 3370 826 3439 utilitatem,
861 3387 1024 3444 opere
1053 3370 1334 3426 caelatorio
1373 3386 1442 3425 ex
1471 3385 1577 3424 aere
1609 3369 1805 3425 defor-

184 3468 349 3516 mato
379 3459 611 3517 armilla:
640 3468 805 3534 atque
835 3459 1083 3532 apprime
1114 3457 1387 3514 deaurata
1439 3457 1668 3514 funibus
1699 3458 1806 3514 de-

186 3550 532 3624 pendebant,
605 3551 809 3624 quibus
883 3564 1160 3619 campanae
1220 3547 1523 3604 secundum
1596 3565 1804 3604 morem

187 3640 421 3696 statutis
467 3640 620 3696 horis
667 3637 982 3696 celebrandi
1014 3636 1185 3694 ofﬁcii
1232 3635 1616 3709 pulsabantur.
1652 3638 1809 3705 Qua-

188 3734 325 3790 dam
360 3747 488 3787 vero
517 3731 610 3786 die
640 3728 874 3785 immisti
903 3728 1107 3801 populo
1134 3727 1422 3784 ecclesiam
1453 3727 1686 3799 ingressi
1719 3729 1809 3783 la-

188 3831 388 3879 trones
414 3818 766 3892 conspiciunt
795 3817 1042 3873 armillas
1059 3816 1290 3873 funibus
1321 3815 1579 3888 pendere,
1615 3823 1806 3887 putan°

188 3919 391 3983 tesque
419 3909 541 3964 auri
557 3907 751 3980 optimi
781 3907 1016 3980 pondus,
1049 3905 1354 3977 cupiditate
1386 3904 1490 3959 sibi
1520 3903 1805 3972 familiari,

190 3999 504 4073 pessimum
529 3997 744 4054 facinus
772 3996 1121 4063 meditantes,
1150 3994 1432 4052 communi
1455 3994 1675 4050 decreto
1691 3995 1806 4050 suf-

191 4089 503 4146 fossionem
535 4085 760 4160 parietis
789 4085 1120 4140 moliuntur.
1151 4081 1309 4150 Quod
1336 4090 1504 4138 noctu
1533 4090 1596 4138 ut
1624 4081 1806 4138 decre-

191 4185 399 4234 verant
445 4177 745 4247 explentes,
779 4173 1067 4231 ecclesiam
1112 4170 1364 4244 ingressi,
1405 4169 1651 4225 armillas
1678 4186 1804 4226 cum

192 4264 435 4324 calamis
463 4263 614 4318 fabre
654 4261 934 4334 adjunctis
961 4267 1276 4333 exportant,
1309 4258 1611 4330 eodemque
1651 4258 1806 4314 fora-

190 4360 352 4416 mine
379 4355 756 4429 egrediuntur,
787 4352 1098 4425 oppilantes
1148 4349 1318 4405 humo
1362 4348 1574 4404 aditum
1611 4347 1800 4404 fossae:

190 4453 465 4518 tantoque
494 4444 714 4500 silentio
736 4442 793 4499 id
823 4459 853 4497 a
880 4441 1096 4497 furibus
1115 4447 1412 4512 patratum,
1443 4445 1504 4492 ut
1525 4453 1687 4493 nemo
1711 4453 1802 4492 ex-
1837 4473 1886 4532 D

191 4536 525 4594 cubantium
583 4534 975 4607 persentiscere
1028 4528 1288 4602 quiverit,
1347 4542 1584 4599 quonam
1643 4533 1802 4598 pacto

194 4628 312 4682 tale
343 4626 675 4698 completum
721 4624 888 4680 fuerit
923 4621 1156 4678 facinus.
1195 4619 1340 4674 Hora
1372 4625 1634 4690 praeterea
1664 4633 1797 4672 sur-

199 4715 366 4788 gendi
409 4715 754 4781 adveniente,
808 4729 934 4769 cum
981 4717 1199 4765 tantum
1252 4709 1430 4765 scelus
1486 4707 1798 4762 venerando

198 4804 422 4862 custodi
453 4805 767 4862 Christiano
786 4801 1135 4867 innotuisset,
1158 4798 1253 4872 qui
1279 4798 1439 4853 dolor
1459 4796 1664 4870 pectori
1684 4794 1801 4866 ejus

201 4895 511 4966 irrepserit,
542 4911 663 4967 qua:
694 4893 869 4950 oculis
903 4893 1159 4964 lacrymae
1205 4887 1590 4960 proﬂuxerint,
1631 4887 1804 4942 fateor

200 5002 320 5043 non
346 4986 506 5041 facile
534 4983 705 5040 dictu.
740 4983 986 5056 Cumque
1007 4980 1323 5054 hujusmodi
1357 4979 1609 5034 lamentis
1639 4977 1803 5033 solito

201 5074 536 5148 perveniens
573 5073 642 5129 ad
674 5072 945 5140 tumbam,
977 5071 1176 5128 acriter
1209 5069 1418 5125 causari
1449 5084 1512 5123 ac
1539 5066 1801 5138 conqueri

200 5164 395 5236 coepit,
441 5180 540 5220 cur
567 5162 873 5220 latronibus
901 5178 958 5216 se
987 5159 1336 5233 spoliandum
1383 5157 1694 5213 tradiderit.
1736 5158 1806 5211 Et

201 5254 340 5327 quia
388 5251 648 5310 ﬁduciam
699 5267 813 5308 sese
854 5267 886 5306 a
931 5251 994 5306 Β.
1047 5248 1342 5305 Benedicto
1381 5244 1641 5301 audiendi
1681 5259 1806 5299 cum

201 5343 567 5415 simplicitate
586 5341 759 5398 nimia
786 5349 1021 5413 ceperat,
1049 5339 1213 5395 etiam
1247 5337 1531 5409 peregrino
1560 5347 1809 5391 sermone

204 5431 576 5488 rusticitatem
636 5429 900 5486 causandi
957 5426 1356 5500 exsequebatur
1410 5426 1561 5496 (nam
1615 5427 1812 5477 natura

202 5522 522 5577 Germanus
549 5521 712 5589 erat),
732 5520 809 5574 ita
839 5517 1133 5591 inquiens:
1167 5516 1223 5573 S.
1248 5513 1561 5582 Benedicte,
1583 5521 1647 5570 ut
1677 5509 1813 5586 quid

203 5607 571 5682 pigrescendo
617 5608 885 5664 dormitas
916 5608 942 5662 ?
991 5604 1343 5679 quamobrem
1391 5602 1613 5660 domum
1663 5609 1811 5658 tuam

1914 452 2085 509 rando
2124 454 2369 523 confero,
2401 453 2800 511 tulatronibus
2828 455 2980 511 furto
3023 456 3330 516 subducere
3375 478 3510 534 per-

1914 541 2100 598 mittas
2119 541 2147 596 ?
2165 540 2324 598 Certe
2351 543 2488 598 mihi
2510 559 2620 599 non
2641 552 2723 599 est
2741 561 2886 600 cura:
2907 545 2954 600 si
2980 546 3145 600 etiam
3168 546 3269 602 tibi
3287 547 3511 607 braccas

1913 631 2182 714 auferant,
2212 632 2306 705 qui
2337 633 2583 690 armillas
2605 651 2715 690 non
2745 633 3060 690 defendisti.
3097 634 3270 692 Crede
3301 638 3440 693 mihi
3462 641 3509 694 si

1913 721 2158 776 armillas
2202 730 2323 777 tuas
2355 739 2464 777 non
2495 724 2841 778 restituerint
2879 723 3042 793 mihi,
3075 739 3176 781 nec
3204 741 3371 781 unam
3409 726 3513 783 tibi

1912 809 2193 865 candelam
2241 811 2554 868 arcendam.
2598 813 2723 868 Haec
2776 821 2830 868 et
2881 814 2989 868 alia
3029 815 3221 882 multa,
3262 814 3320 870 in
3362 815 3514 873 hunc

1913 899 2258 956 comminans
2289 900 2537 969 modum,
2579 901 2856 973 simulque
2893 901 3090 958 baculo
3130 911 3340 975 petram
3383 913 3512 962 ante

1912 990 2222 1060 sepulcrum
2246 992 2480 1062 positam
2513 991 2845 1063 percutiens,
2879 992 3056 1048 tristis
3087 993 3388 1061 abscessit;
3418 994 3511 1050 sed

1911 1081 2260 1152 omnipotens
2313 1083 2460 1137 Deus
2517 1098 2859 1154 nequaquam
2917 1081 3129 1139 diutius
3192 1083 3514 1140 contristari

1911 1184 2099 1241 passus
2126 1179 2208 1226 est
2237 1186 2456 1225 servum
2490 1187 2675 1238 suum,
2704 1171 2840 1243 quin
2868 1171 3053 1242 potius
3083 1173 3298 1227 meritis
3327 1182 3381 1228 et
3415 1173 3513 1229 in-

1907 1265 2163 1313 terventu
2199 1259 2343 1314 beati
2373 1259 2570 1328 Patris,
2603 1275 2729 1315 cum
2761 1274 2870 1330 quo
2898 1260 3214 1316 ﬁducialius
3244 1264 3510 1332 conqueri

1908 1349 2104 1403 solitus
2132 1355 2267 1416 erat,
2308 1349 2593 1405 celerrime
2633 1349 2896 1406 maestitia
2934 1350 3260 1419 relevatum,
3311 1351 3512 1423 gaudio

1906 1437 2241 1508 competenti
2272 1438 2523 1509 replevit.
2557 1439 2613 1494 Si
2645 1438 2867 1510 quidem
2898 1439 3108 1510 praefati
3133 1440 3372 1494 latrones
3396 1456 3509 1496 sce-

1909 1527 1993 1581 lus
2031 1528 2198 1582 semel
2244 1535 2574 1583 attentatum
2627 1529 2823 1584 iterato
2888 1535 3216 1600 repetentes,
3262 1528 3508 1585 foramen

1905 1619 2122 1676 suffossi
2167 1618 2392 1691 parietis
2437 1618 2583 1691 quod
2629 1618 2842 1691 pridem
2881 1618 3080 1674 tellure
3131 1620 3509 1690 oppleverant,

1829 1733 1872 1790 Β
1901 1710 2088 1782 paucis
2117 1709 2313 1764 diebus
2345 1706 2650 1778 interjectis
2670 1716 2972 1779 expetunt:
3006 1715 3296 1781 egestaque
3328 1707 3505 1765 humo

1904 1799 2211 1870 ingressum
2247 1798 2576 1853 moliuntur.
2625 1797 2928 1853 Confestim
2958 1813 3092 1852 vero
3119 1814 3150 1852 a
3187 1798 3512 1856 custodibus

1903 1887 2068 1959 capti,
2094 1887 2386 1959 quaestioni
2415 1885 2768 1942 subdantur:
2810 1885 3057 1941 fatentur
3077 1886 3310 1956 facinus,
3347 1904 3511 1960 seque

1903 1976 1974 2032 ob
2005 1977 2059 2032 id
2085 1977 2372 2032 ecclesiam
2417 1992 2478 2030 ea
2506 1975 2643 2030 hora
2672 1975 2961 2044 ingressos,
3000 1984 3060 2030 ut
3090 1993 3252 2032 omne
3315 1993 3509 2032 aurum

1902 2073 2063 2136 atque
2109 2071 2395 2135 argentum
2425 2079 2552 2119 cum
2597 2065 2828 2134 gemmis
2873 2081 2904 2118 a
2938 2064 2993 2119 S.
3036 2064 3324 2120 Benedicti
3357 2065 3504 2119 lecto

1902 2153 2254 2208 extrahentes
2304 2151 2602 2208 auferrent.
2675 2152 2941 2224 Requisiti
2991 2159 3178 2207 autem
3229 2151 3511 2224 quomodo

1913 2251 2128 2298 tantum
2180 2244 2359 2299 scelus
2388 2242 2553 2297 nudis
2583 2249 2859 2312 patrarent
2889 2243 3166 2310 manibus,
3201 2243 3510 2313 praesertim

1913 2350 2039 2390 cum
2068 2349 2246 2406 neque
2283 2331 2509 2388 subulas
2539 2331 2790 2403 majores,
2824 2347 3001 2404 neque
3041 2332 3270 2387 malleos
3295 2347 3511 2404 margu-

1915 2423 2016 2490 los,
2066 2437 2168 2477 nec
2212 2420 2426 2492 aliquid
2455 2420 2686 2478 ofﬁcinae
2737 2419 2951 2475 fabrilis
2995 2435 3179 2474 secum
3221 2420 3510 2489 haberent,

1915 2530 2024 2586 quo
2054 2522 2163 2568 tam
2212 2511 2565 2567 fabrefactam
2611 2511 2960 2566 destruerent
2997 2525 3156 2581 opus,
3197 2511 3408 2567 cultros
3441 2527 3512 2566 ex

1916 2601 2148 2658 manicis
2176 2601 2542 2672 protulerunt,
2573 2600 2773 2672 quibus
2793 2616 2850 2654 se
2870 2607 3118 2656 actutum
3146 2599 3334 2654 omnia
3375 2615 3512 2670 per-

1917 2699 2128 2764 petrare
2157 2691 2391 2747 confessi
2423 2698 2571 2746 sunt.
2614 2689 2829 2745 Servati
2859 2688 3027 2760 igitur
3063 2704 3235 2761 usque
3261 2688 3331 2744 ad
3359 2695 3513 2744 tem-

1917 2800 2018 2856 pus
2028 2783 2240 2839 diurnae
2261 2781 2421 2849 lucis,
2437 2780 2743 2838 venerabili
2757 2787 3156 2852 praesentantur
3173 2778 3511 2847 Christiano,

1918 2872 2013 2946 qui
2061 2872 2369 2929 sciscitatus
2397 2871 2465 2928 ab
2513 2871 2591 2927 eis
2629 2869 2764 2941 quid
2808 2886 2877 2926 ex
2907 2869 3145 2926 armillis
3182 2884 3317 2941 quas
3365 2871 3514 2927 furto

1917 2964 2256 3019 abstulerant
2286 2963 2543 3035 egissent,
2577 2977 2900 3033 responsum
2927 2961 3157 3033 accepit,
3196 2977 3284 3016 eas
3313 2975 3516 3017 recon-

1919 3051 2059 3107 ditas
2111 3067 2297 3108 secum
2356 3051 2566 3108 haberi.
2630 3050 2883 3107 Graviter
2941 3051 3131 3122 itaque
3184 3051 3516 3122 redarguens

1911 3143 2214 3215 acriterque
2243 3142 2302 3198 in
2340 3159 2431 3198 eos
2461 3143 2736 3205 invectus,
2769 3156 2936 3213 quare
2965 3147 3188 3195 tantum
3223 3140 3376 3195 nefas
3413 3157 3515 3211 ag-

1913 3231 2063 3303 gredi
2093 3231 2211 3287 ausi
2261 3232 2516 3298 fuissent,
2565 3230 2713 3303 quod
2741 3231 2854 3285 Deo
2886 3227 3315 3299 hominibusque
3348 3244 3515 3286 exse-

1912 3321 2116 3377 crabile
2156 3321 2329 3377 foret:
2372 3337 2535 3393 porro
2558 3321 2701 3391 leges
2724 3319 2979 3374 humanae
3008 3317 3210 3390 absque
3247 3319 3362 3375 ullo
3395 3319 3510 3374 mi-

1914 3411 2222 3468 sericordize
2253 3419 2501 3483 respectu
2526 3411 2642 3467 vita
2671 3427 2763 3466 eos
2785 3426 2986 3478 carere,
3021 3410 3318 3482 suspendio
3336 3410 3510 3482 jube-

1915 3512 2036 3558 rent
2063 3521 2076 3569 ;
2116 3508 2391 3574 postremo
2421 3501 2606 3556 Elisaai
2641 3499 2920 3572 prophetae
2949 3501 3204 3572 exemplo
3241 3500 3337 3573 qui
3367 3499 3510 3572 regis

1915 3591 2088 3664 Syriae
2137 3591 2499 3655 latrunculos,
2542 3606 2678 3663 quos
2707 3589 2774 3646 ad
2818 3606 2876 3646 se
2918 3589 3367 3647 interﬁciendum
3412 3589 3511 3647 di-

1914 3688 2151 3749 rexerat,
2187 3689 2376 3754 captos
2395 3679 2599 3747 .oculis,
2623 3679 2678 3735 in
2703 3679 2944 3736 medium
2966 3679 3200 3735 deduxit
3227 3680 3505 3749 Samaria,

1917 3781 2077 3844 atque
2107 3786 2230 3843 rege
2275 3771 2438 3827 Israel
2485 3770 2798 3842 requirente
2837 3786 2868 3824 a
2911 3769 3197 3842 propheta,
3241 3778 3506 3826 utrumne

1917 3877 2009 3917 eos
2039 3861 2220 3932 gladio
2267 3869 2597 3932 percuteret,
2633 3859 2940 3932 prohibuit,
2975 3860 3110 3931 quin
3151 3858 3334 3930 potius
3372 3875 3512 3931 pane

1919 3957 1972 4006 et
1995 3966 2134 4023 aqua
2161 3949 2496 4006 refocillatos
2521 3949 2635 4006 suis
2665 3948 2877 4006 remisit
2901 3967 2911 4006 :
2945 3949 3201 4006 misertus
3231 3949 3511 4004 latronum

1916 4040 2114 4108 labori,
2161 4041 2286 4096 cibo
2325 4049 2570 4113 potuque
2624 4041 2775 4098 reﬁci
2797 4039 2988 4112 jussit,
3021 4047 3184 4114 atque
3205 4038 3514 4096 incolumes

1915 4131 1982 4186 ad
2013 4129 2234 4202 propria
2265 4146 2528 4198 remeare,
2564 4129 2900 4187 interdicens
2933 4127 3227 4201 nequando
3267 4127 3336 4184 ad
3378 4127 3513 4184 talia

1915 4218 2164 4276 audenda
2189 4225 2629 4291 prorumperent.

2355 4375 2364 4379 ~
2468 4341 2696 4398 CAPUT
2725 4338 2957 4396 XXVII.

1916 4432 2178 4490 Ludovico
2210 4433 2311 4489 Pio
2342 4432 2629 4503 imperante
2683 4432 2914 4486 Francia
2945 4429 3320 4503 turbatur.__—
3349 4425 3515 4503 Militi

1986 4523 2195 4560 vaccam
2248 4499 2553 4560 monasterii
2604 4503 2795 4557 ccedere
2850 4502 3046 4557 volenti
3094 4499 3368 4554 brachium
3425 4501 3513 4553 ri-

1979 4577 2150 4649 gescit.

1979 4685 2105 4742 Divi
2125 4682 2356 4756 Augusti
2379 4681 2648 4739 Ludovici
2677 4677 3034 4753 temporibus,
3058 4695 3184 4736 cum
3207 4677 3511 4734 secundum

1909 4775 2301 4846 Evangelicum
2316 4772 2538 4829 Domini
2553 4769 3103 4838 dictum,abundante
3117 4767 3407 4842 iniquitate
3419 4784 3515 4823 re-

1911 4867 2225 4938 frigesceret
2245 4864 2488 4921 charitas
2510 4863 2811 4918 multorum
2837 4860 3048 4932 (Matth.
3077 4860 3260 4930 xvrv),
3283 4857 3514 4913 dissidio

1914 4958 2091 5030 gentis
2120 4957 2454 5013 Francorum
2484 4953 2687 5010 accidit
2718 4951 3079 5008 multifariam
3112 4947 3511 5019 rempublicam

1915 5047 2160 5119 ejusdem
2192 5046 2345 5116 regni
2384 5045 2575 5116 afﬂigi.
2609 5043 2852 5114 Namque
2897 5055 3191 5113 pravorum
3223 5035 3511 5091 hominum

1916 5136 2182 5200 consiliis,
2213 5135 2345 5190 dum
2382 5135 2714 5191 consultatio
2758 5131 3074 5203 reipublicae
3106 5129 3164 5183 in
3195 5124 3510 5197 superbiam

1917 5226 2372 5297 dominatumque
2435 5242 2492 5280 se
2553 5220 2999 5287 transformavit,
3069 5214 3514 5290 primoribusque

1918 5316 2091 5387 magis
2120 5314 2225 5370 sibi
2256 5314 2497 5369 invicem
2531 5313 2780 5369 invidere
2801 5319 2854 5367 et
2884 5309 3131 5382 obloqui,
3172 5321 3335 5378 quam
3362 5304 3516 5376 regni

1919 5405 2151 5464 utilitati
2219 5407 2504 5461 consulere
2565 5403 2805 5477 placuit;
2861 5415 3072 5472 coepere
3119 5395 3339 5468 regibus
3383 5394 3516 5450 boni

1923 5497 2124 5572 quique
2188 5495 2549 5567 suspectiores
2611 5492 2910 5556 exsistere,
3000 5487 3202 5561 quibus
3277 5485 3380 5557 (ut
3439 5483 3518 5540 ait

1924 5596 2170 5669 Crispus)
2189 5608 2402 5666 semper
2429 5590 2607 5646 aliena
2627 5589 2806 5644 virtus
2827 5584 3179 5642 formidolosa
3203 5588 3283 5639 est
3307 5599 3320 5651 ;
3354 5590 3515 5655 atque
