4070 6184
510 208 609 266 931

1492 200 1912 260 ADBEVALDI
1949 198 2450 263 FLOltlACENSlS
2492 198 2813 262 MONACHI

3723 201 3852 263 932

509 354 768 427 inprimis
797 354 947 428 genti
987 353 1264 411 contraria
1309 353 1531 409 sentire.
1564 354 1684 421 Qua
1721 353 1789 411 de
1833 370 1889 410 re
1913 362 2101 412 actum
2135 372 2187 431 Α
2214 372 2378 428 quem
2408 354 2641 426 superbe
2682 361 3152 427 contempserant,
3194 361 3386 410 sancto
3427 353 3640 412 scilicet
3657 354 3851 428 expo'

508 454 612 513 est,
643 451 704 499 ut
731 443 864 499 dum
895 443 1194 514 imperator
1220 442 1568 498 nobilitatem
1604 450 1988 499 veteranorum
2021 442 2111 499 de-

511 532 766 606 ponendo
791 530 1119 604 insequitur,
1137 548 1200 588 ac
1227 531 1285 586 hi
1317 547 1586 588 memores
1601 533 1845 604 pristinas
1863 533 2110 599 virtutis,

511 620 793 676 defensare
821 618 1128 675 libertatem
1149 620 1406 675 nituntur
1432 619 1758 677 defectionis
1778 619 1845 675 ab
1864 620 2112 692 impera-

515 717 650 778 tore,
696 709 958 781 regnique
997 724 1258 780 magnum
1288 709 1532 780 pararint
1560 709 1820 766 exitium.
1850 709 1955 765 Sed
1984 697 2113 782 quia

510 800 686 853 nostri
707 797 1128 870 haudquaquam
1160 796 1427 871 propositi
1452 805 1552 867 est,
1576 814 1764 869 regum
1784 805 1936 854 actus
1964 799 2110 869 stylo

512 892 998 965 comprehendere,
1030 893 1143 947 imo
1174 891 1426 947 miranda
1456 891 1556 947 Dei
1586 909 1749 964 opera
1779 909 1873 965 per
1892 907 2112 949 servum

511 982 665 1038 illius
681 981 1040 1037 Benedictum
1063 987 1275 1051 patrata
1296 979 1495 1036 litteris
1515 981 1882 1051 committere,
1906 981 2113 1037 relictis

510 1086 632 1143 quas
664 1072 750 1142 (ut
780 1071 857 1126 ita
879 1070 1096 1142 dixero)
1129 1085 1412 1142 perperam
1442 1085 1616 1125 necne
1645 1070 1947 1142 procaciter
1975 1084 2107 1142 per-

510 1166 635 1216 acta
660 1167 792 1215 sunt
820 1177 835 1227 ;
859 1158 927 1214 ad
947 1175 1010 1214 ea
1038 1175 1158 1232 quae
1178 1157 1447 1230 cmpimus
1467 1158 1771 1215 redeamus.
1804 1160 2110 1230 Imperator

512 1251 601 1323 (ut
625 1249 837 1306 dictum
865 1251 970 1321 est)
1016 1260 1297 1321 suspectos
1326 1251 1664 1306 Francorum
1697 1249 1967 1321 primores
1997 1247 2107 1303 ha—

509 1339 666 1408 bens,
716 1337 1025 1395 Germaniae
1071 1338 1303 1411 p0pulos
1360 1338 1717 1411 Aquitaniam
1764 1338 2112 1411 profecturus

510 1438 722 1490 evocat.
761 1430 1006 1486 Saxones
1035 1430 1317 1498 videlicet,
1347 1430 1679 1503 Thoringos,
1708 1429 1991 1502 Bajoarios
2018 1439 2113 1486 at-

510 1537 615 1596 que
661 1520 1041 1578 Alemannos:
1093 1521 1280 1593 eisque
1329 1536 1467 1593 quos
1512 1521 1723 1578 virtute
1768 1523 2110 1578 Francorum

509 1616 663 1683 pater
704 1609 874 1665 armis
920 1607 1227 1680 subegerat,
1291 1608 1444 1680 regni
1493 1616 1698 1665 statum
1745 1606 2112 1680 incomposite

404 1722 411 1727 ί
509 1700 832 1758 committit.
883 1698 1031 1755 Illud
1062 1714 1171 1770 quo
1214 1696 1398 1753 animo
1431 1698 1628 1755 Franci
1672 1697 2011 1770 exceperint,
2051 1696 2107 1750 in

511 1797 771 1863 promptu
799 1796 882 1844 est
925 1802 1238 1858 agnoscere.
1270 1786 1545 1841 Libertate
1586 1785 1759 1857 igitur
1800 1784 2113 1841 Transrhe-

510 1878 644 1933 nani
670 1893 735 1934 ac
760 1876 808 1932 si
827 1876 896 1932 ob
927 1875 1154 1930 tutelam
1184 1874 1535 1946 imperatoris
1563 1875 1776 1946 adepta,
1812 1873 1969 1930 vitiis
1997 1888 2113 1928 sese

510 1980 840 2036 omnemque
893 1963 1187 2019 subdidere
1224 1963 1551 2031 exercitum,
1611 1961 2114 2035 depraedationibus

508 2052 721 2109 scilicet
750 2067 1070 2123 pauperum,
1098 2050 1372 2106 bonorum
1403 2051 1653 2106 virorum
1684 2051 2110 2108 dehonestatio-

509 2140 693 2209 nibus,
726 2155 1007 2195 sacrorum
1043 2140 1293 2195 locorum
1323 2139 1741 2209 violationibus,
1781 2156 1846 2196 ac
1883 2139 2115 2213 reliquis

508 2245 629 2304 qua
687 2229 835 2302 piget
867 2243 1188 2283 enumerare
1236 2227 1416 2283 malis.
1467 2227 1573 2284 Sed
1620 2228 1755 2285 dum
1802 2229 2107 2301 imperator

507 2319 926 2392 expeditionem
969 2318 1026 2372 in
1064 2316 1246 2372 ﬁlium
1289 2333 1474 2389 agens,
1521 2318 1879 2390 Aquitaniam
1917 2335 2109 2375 versus

508 2410 689 2482 Ligeri
720 2407 895 2464 ﬂuvio
925 2407 1317 2480 propinquaret
1343 2427 1356 2476 ;
1389 2409 1593 2465 accidit
1625 2410 1889 2481 quosdam
1922 2427 2107 2483 supra-

506 2499 784 2557 dictorum
810 2498 1138 2571 populorum
1167 2495 1354 2565 duces,
1384 2496 1610 2553 villulas
1634 2498 1875 2555 camobii
1904 2499 1960 2556 8.
1998 2500 2110 2555 Be-

508 2588 1015 2667 nedicti_vastando
1043 2588 1330 2659 attingere.
1355 2588 1494 2645 Cum
1519 2605 1649 2645 vero
1680 2600 1956 2662 grassante
1977 2608 2108 2663 prae-

505 2678 715 2733 donum
772 2676 1006 2742 saevitia,
1065 2674 1201 2747 quid
1251 2674 1366 2746 jam
1414 2677 1747 2749 pauperibus
1802 2678 2108 2751 diriperent

506 2766 738 2830 deesset,
768 2763 1098 2820 monasterio
1136 2765 1474 2836 proximam,
1508 2767 1749 2839 idipsum
1781 2766 1927 2840 quod
1959 2777 2012 2823 et
2048 2767 2109 2823 in

506 2855 735 2927 reliquis
763 2853 941 2910 acturi
971 2852 1125 2909 locis.
1162 2853 1299 2915 Erat
1322 2853 1471 2911 haud
1520 2856 1679 2927 longe
1707 2873 1737 2911 a
1775 2856 2109 2913 monasterio

506 2950 883 2999 armentorum
911 2958 1045 3013 grex
1075 2957 1185 2996 non
1215 2958 1416 3014 parvus
1442 2944 1756 3015 depascens,
1781 2944 1877 3016 qui
1908 2945 2103 3001 conti-

506 3031 637 3087 nuis
683 3031 917 3086 fratrum
952 3030 1370 3115 necessitatibus
1408 3030 1700 3103 deputatus
1744 3031 1813 3087 ad
1849 3032 2106 3088 servien-

2219 450 2381 499 scunt
2426 442 2751 499 Benedicto.
2800 442 3077 514 Depositis
3107 440 3360 515 denique
3386 442 3578 511 armis,
3626 444 3855 500 calceis

2219 531 2452 604 pedibus
2471 531 2745 599 resolutis,
2763 538 2963 588 terram
2984 529 3261 602 capitibus
3279 540 3579 603 aspergunt
3600 550 3613 587 :
3636 532 3851 604 sicque

2220 620 2524 676 remedium
2546 620 2771 692 petituri
2793 619 3188 675 monasterium
3209 627 3527 692 properant,
3552 620 3851 677 deducen-

2220 719 2302 767 tes
2329 725 2515 766 secum
2544 710 2704 765 illum
2725 709 3002 766 divinitus
3027 709 3280 765 vinctum
3309 709 3600 766 latronem.
3631 710 3705 765 Et
3733 710 3853 766 ubi

2219 798 2461 855 basilicae
2508 798 2847 871 proximant,
2899 798 3159 872 prostrati
3191 806 3320 855 ante
3365 797 3571 854 ostium
3602 800 3853 872 culpam

2218 906 2345 946 cum
2389 890 2649 962 lacrymis
2696 889 3070 947 conﬁtentur:
3126 905 3229 945 nec
3270 889 3433 945 illum
3476 890 3858 947 solummodo

2219 997 2370 1038 reum
2401 980 2641 1050 sceleris,
2667 980 2764 1037 sed
2789 996 2980 1037 omnes
3011 996 3121 1037 una
3147 979 3399 1038 conscios
3430 997 3544 1037 esse
3570 980 3858 1039 criminis

2219 1070 2462 1126 edicunt.
2512 1069 2793 1125 Postremo
2845 1077 2973 1126 voto
3009 1085 3065 1125 se
3108 1068 3374 1141 obligant,
3431 1085 3721 1143 nunquam
3790 1085 3859 1125 se

2219 1164 2477 1238 cuiquam
2521 1182 2587 1222 ex
2622 1163 2834 1219 familia
2870 1161 2925 1218 8.
2957 1159 3249 1217 Benedicti
3291 1160 3512 1233 aliquid
3552 1161 3859 1217 molestia:

2219 1252 2492 1321 illaturos,
2515 1255 2562 1309 si
2596 1253 2760 1308 modo
2791 1252 3019 1324 gratiam
3042 1250 3198 1306 illius
3226 1250 3526 1322 promereri
3551 1250 3855 1307 valerent.

2221 1341 2517 1399 Cernentes
2539 1343 2748 1397 interea
2767 1340 3021 1396 custodes
3048 1355 3215 1395 sacras
3244 1338 3443 1395 domus
3466 1340 3849 1396 devotionem

2219 1432 2491 1499 virorum,
2513 1430 3047 1503 totoqueinclinatos
3078 1429 3364 1499 animoad
3388 1427 3858 1486 misericordiam

2219 1520 2299 1592 pii
2347 1518 2557 1592 judicis
2591 1517 3012 1591 impetrandam,
3060 1517 3219 1573 humi
3257 1526 3557 1591 prostratos
3580 1519 3853 1592 erigunt,

2219 1607 2569 1680 dejectosque
2581 1606 2767 1663 animo
2795 1622 2857 1663 ac
2880 1621 3108 1679 corpore
3128 1607 3497 1677 consolantes,
3518 1609 3854 1667 Ecclesiam

2218 1696 2604 1766 introducunt,
2632 1704 2796 1769 atque
2823 1695 2892 1752 ad
2918 1701 3170 1752 sanctum
3195 1696 3475 1753 tumulum
3487 1697 3848 1772 perducunt.

2221 1785 2484 1842 Oratione
2512 1786 2805 1858 completa,
2837 1784 3002 1840 miser
3031 1785 3347 1855 resolvitur,
3390 1795 3552 1859 atqtie
3580 1789 3851 1845 Domino

2220 1891 2351 1932 cum
2379 1874 2547 1931 sociis
2581 1883 2757 1948 grates
2789 1891 2888 1947 pro
2917 1890 3100 1946 posse,
3128 1891 3191 1931 ac
3215 1859 3498 1931 liberatori
3529 1893 3633 1933 suo
3661 1878 3855 1935 Bene-

2221 1963 2371 2019 dicto
2403 1979 2588 2035 agens,
2620 1964 2690 2019 ad
2711 1980 2809 2020 sua
2829 1964 3161 2036 regreditur,
3191 1973 3375 2037 aperte
3404 1964 3609 2039 ubique
3634 1969 3850 2040 pradi-

2220 2067 2350 2109 cans
2376 2051 2626 2108 divinam
2655 2052 2787 2109 huic
2807 2054 2929 2109 loco
2960 2054 3310 2125 praestantius
3331 2055 3507 2113 inesse
3527 2058 3849 2126 virtutem,

2206 2141 2470 2213 'nullique
2494 2157 2564 2196 ex
2592 2142 2865 2197 sententia
2892 2141 3103 2211 cedere,
3136 2143 3183 2198 si
3214 2144 3348 2216 quid
3369 2146 3529 2217 pravi
3555 2146 3848 2203 adversus

2222 2238 2477 2288 sanctum
2509 2229 2738 2286 molitus
2766 2230 2934 2287 fuerit
2962 2231 3345 2291 Benedictum.

2767 2371 2995 2430 CAPUT
3024 2372 3283 2431 XXVIII.

2219 2468 2407 2543 Sancti
2422 2470 2725 2543 Sebastiani
2749 2473 3054 2528 translatio.
3086 2471 3346 2543 Reliquia:
3357 2480 3670 2530 sanctorum
3699 2477 3844 2532 Dio-

2288 2542 2430 2623 nysii
2443 2548 2501 2668 tit
2530 2542 2827 2599 Sebastiani
2854 2542 3283 2600 Flon'acensib’us
3318 2562 3589 2603 concessa.
3630 2548 3849 2605 Aucto-

2288 2630 2368 2668 rts
2395 2630 2439 2667 ω
2496 2631 2541 2668 s.

2287 2734 2508 2806 Imperii
2521 2736 2858 2791 Francorum
2871 2736 3251 2794 monarchiam
3272 2738 3556 2796 Ludovico
3574 2740 3847 2813 Augusto

2221 2822 2307 2894 (ut
2326 2824 2618 2895 praefatum
2638 2826 2744 2892 est)
2767 2834 3005 2898 gerente,
3032 2828 3365 2885 venerabilis
3392 2829 3558 2885 abbas
3587 2830 3843 2887 Hiddui-

2217 2932 2321 2971 nus
2370 2915 2607 2971 cmnobii
2638 2915 2692 2971 8.
2746 2916 3008 2988 martyris
3043 2918 3301 2990 Dionysii
3347 2919 3553 2990 legatos
3583 2920 3835 2977 Romam

2216 3004 2443 3072 direxit,
2477 3016 2641 3079 atque
2658 3006 2727 3061 ab
2746 3007 2995 3079 Eugenio
3027 3024 3164 3080 papa
3192 3025 3392 3080 corpus
3416 3011 3472 3065 S.
3505 3008 3837 3066 Sebastiani

506 3122 639 3178 dum
669 3127 805 3177 erat.
852 3120 1014 3175 Hunc
1042 3095 1363 3192 praedonum
1394 3095 1578 3174 valida
1606 3119 1876 3176 invadens
1908 3137 2107 3177 manus
2136 3101 2179 3161 C
2217 3095 2860 3192 Γί⁸,ί¹¹¹Ρθί¹’³νίίι
2892 3096 3042 3192 quf’d
3086 3096 3331 3192 (idem!
3373 3097 3432 3152 in
3462 3099 3519 3154 δ’
3571 3098 3838 3192 Μθξλληίξ

507 3213 753 3267 minatur
781 3209 983 3281 partim
1013 3208 1192 3264 securi
1225 3224 1536 3279 percussum
1561 3209 1676 3265 suis
1703 3210 1883 3282 epulis
1903 3227 2104 3282 praepa-

502 3318 645 3367 rare,
675 3300 876 3372 partim
900 3314 1087 3355 secum
1116 3297 1224 3353 sibi
1251 3306 1376 3368 apta
1403 3298 1694 3357 abducere.
1732 3299 1945 3366 Quibus
1975 3316 2104 3356 cum

501 3391 872 3447 armentarius
915 3388 1124 3444 diceret
1150 3402 1263 3441 non
1302 3386 1499 3443 debere
1533 3404 1627 3445 eos
1682 3404 1895 3460 gregem
1929 3391 2104 3447 sancti

500 3482 817 3553 contingere
858 3477 1164 3546 Benedicti,
1206 3477 1355 3549 quod
1382 3476 1430 3532 si
1479 3485 1720 3549 agerent,
1754 3478 1834 3533 eis
1878 3477 2106 3550 impune

500 3586 613 3627 non
634 3571 826 3626 cedere
854 3586 869 3635 ;
896 3568 979 3622 illi
1006 3567 1381 3637 indignantes,
1411 3566 1760 3638 pinguiorem
1790 3583 1955 3639 quam
1976 3582 2102 3623 con-

436 3701 445 3709 .
500 3669 795 3733 spexerant
817 3658 1161 3728 juvencama
1195 3665 1309 3713 toto
1339 3663 1640 3731 separatam
1669 3671 1827 3727 grege
1846 3654 2094 3726 jugulari

502 3748 862 3822 praecipiunt:
902 3760 1011 3816 qua
1055 3744 1304 3815 religata,
1335 3760 1480 3798 unus
1508 3760 1579 3799 ex
1607 3742 1687 3798 eis
1717 3744 1812 3814 qui
1841 3742 2103 3799 audacior

499 3836 813 3904 videbatur,
837 3833 1127 3904 evaginato
1154 3848 1283 3888 ense
1301 3838 1600 3904 exertoque
1620 3830 1848 3887 brachio
1876 3846 2099 3889 vaccam

499 3932 782 3999 percutere
826 3921 1048 3979 nititur.
1091 3924 1165 3976 At
1210 3935 1340 3975 vero
1379 3919 1437 3973 in
1488 3919 1608 3989 ipso
1644 3929 1846 3976 conatu
1877 3920 2100 3978 vinctus

499 4018 806 4089 ligatusque
862 4008 1343 4066 inextricabilibus
1392 4006 1632 4064 vinculis
1679 4008 1857 4077 haesit,
1907 4009 1986 4065 ita
2035 4017 2098 4066 ut

499 4112 747 4163 erexerat
768 4097 1059 4158 brachium
1084 4114 1213 4157 cum
1241 4113 1369 4153 ense
1392 4096 1652 4165 retinens,
1678 4099 2002 4172 nullamque
2037 4100 2095 4156 iu

498 4201 710 4267 partem
756 4190 1045 4247 deﬂectere
1088 4187 1297 4244 valens.
1333 4186 1564 4244 Videres
1607 4186 1872 4244 miserum
1918 4197 2096 4245 astare

498 4284 618 4357 ipso
647 4299 745 4340 suo
792 4278 1082 4338 conanime
1130 4278 1263 4333 loris
1294 4293 1405 4333 non
1449 4277 1767 4350 parentibus
1818 4277 2091 4347 vinctum,

499 4374 872 4446 virtutemque
899 4369 1147 4426 divinam
1177 4383 1341 4441 quam
1361 4367 1421 4422 in
1440 4382 1540 4423 suo
1560 4375 1841 4440 spreverat
1864 4368 2089 4437 delicto,

2215 3182 2446 3239 basilica
2484 3182 2648 3254 juxta
2687 3200 2886 3257 corpus
2933 3185 3052 3258 ejus
3098 3186 3158 3242 in
3189 3187 3373 3243 loculo
3414 3189 3719 3258 gestatoria
3765 3190 3841 3245 ad

2215 3278 2431 3344 tempus
2459 3272 2773 3330 collocavit.
2806 3274 2927 3343 Quo
2956 3278 3016 3331 in
3046 3277 3166 3333 loco
3185 3276 3492 3356 innumera
3523 3277 3840 3335 miraculo-

2214 3378 2337 3417 rum
2383 3378 2414 3416 a
2443 3359 2664 3418 Christo
2693 3369 2904 3435 patrata
2930 3371 3060 3419 sunt
3089 3380 3253 3437 opera
3281 3364 3600 3422 interventu
3649 3368 3839 3423 sancti

2212 3451 2493 3523 martyris.
2544 3450 2766 3507 Postera
2814 3469 2945 3509 sane
3004 3462 3347 3526 tempestate,
3405 3455 3548 3513 Boso
3577 3465 3599 3490 ⁸
3653 3456 3837 3513 abbas

2212 3540 2537 3596 monasterii
2591 3541 2764 3597 sancti
2826 3542 3157 3599 confessoris
3207 3543 3496 3601 Benedicti
3553 3547 3836 3618 palatium

2211 3636 2472 3686 evocatus
2531 3630 2782 3688 adierat:
2830 3631 2977 3687 unde
3020 3632 3333 3704 regrediens
3386 3634 3683 3690 transitum
3736 3655 3838 3709 per

2210 3727 2603 3783 monasterium
2627 3728 2682 3785 S.
2710 3729 2965 3803 Dionysii
2993 3745 3298 3803 congruum
3328 3730 3545 3788 habuit.
3577 3733 3830 3792 Proinde

2209 3816 2490 3874 divertens
2517 3818 2586 3873 ad
2615 3819 2904 3891 praefatum
2934 3820 3249 3877 coenobium
3278 3837 3405 3876 cum
3440 3821 3715 3879 Hilduino
3744 3842 3829 3881 τε-

2209 3908 2448 3964 verendo
2468 3908 2662 3967 abbate
2681 3910 3019 3983 colloquium
3036 3910 3232 3968 habuit
3251 3912 3545 3982 familiare,
3564 3914 3830 3989 interque

2206 3997 2605 4054 familiaritatis
2649 4000 2930 4072 colloquia
2977 4001 3241 4073 reliquias
3277 4000 3346 4056 ab
3395 4017 3461 4056 eo
3494 4013 3827 4059 sanctorum

2203 4098 2511 4164 martyrum
2531 4092 2786 4164 expetiit,
2816 4092 3072 4165 Dionysii
3088 4094 3321 4162 scilicet,
3354 4094 3573 4152 Rustici
3585 4103 3642 4151 et
3660 4096 3830 4152 Eleu—

2205 4179 2391 4249 therii,
2415 4188 2577 4253 atque
2595 4180 2923 4263 Sebastiani.
2948 4181 3121 4254 Cujus
3150 4182 3405 4256 precibus
3430 4184 3826 4241 nobilissimus

2203 4276 2369 4333 abbas
2399 4275 2764 4333 libentissime
2812 4294 3083 4348 annuens,
3118 4277 3267 4352 quod
3293 4278 3587 4351 petebatur
3616 4279 3725 4336 sub
3764 4295 3828 4336 ω

2202 4366 2521 4423 conditione
2542 4363 2800 4437 praestitit
2828 4364 2873 4434 δ,
2906 4372 2968 4420 ut
2987 4365 3287 4438 quotannis
3307 4366 3643 4423 adveniente
3670 4375 3825 4422 nata-

498 4482 556 4522 re
583 4464 701 4537 ipsa
728 4462 788 4519 in
813 4477 869 4517 se
901 4460 1161 4534 experiri.
1192 4458 1340 4516 Socii
1365 4458 1615 4515 videntes
1640 4458 1895 4515 emissam
1925 4458 2090 4515 cwli-
2121 4460 2170 4518 D
2199 4454 2322 4509 litio
2365 4453 2686 4511 eorumdem
2731 4462 3062 4527 martyrum,
3113 4454 3477 4513 celeberrima
3521 4454 3673 4527 apud
3724 4470 3826 4510 nos

496 4563 587 4613 tus
624 4552 929 4610 vindictam
973 4549 1029 4605 in
1074 4565 1386 4621 comparem
1419 4547 1702 4619 desaevire,
1752 4549 2090 4606 consternati

497 4644 685 4701 animo
714 4643 933 4713 culpam
973 4639 1328 4707 conﬁtentur,
1359 4638 1903 4711 misericordiamque
1934 4639 2000 4694 ab
2034 4655 2099 4695 eo

568 4756 592 4782 ι
626 4733 784 4789 Ebbo
812 4730 1149 4786 Rhemorum
1177 4728 1406 4784 antistes
1434 4743 1466 4782 a
1494 4727 1774 4784 Ludovico
1795 4727 1892 4783 Pio
1915 4729 2099 4798 impe—

499 4811 680 4862 ratore
726 4808 1111 4859 exauctoratus
1152 4799 1538 4855 commendatus
1572 4806 1649 4853 est
1687 4800 1759 4854 ad
1795 4800 2098 4854 custodien-

498 4877 627 4933 dum
662 4873 861 4930 Bosom'
889 4872 1067 4926 abbati
1111 4872 1169 4925 in
1203 4870 1523 4926 monasterio
1568 4870 1624 4925 S.
1673 4870 1961 4937 Benedicti,
2002 4870 2095 4925 sub

495 4949 647 5021 cujus
672 4961 836 5021 manu
864 4942 1160 5021 exsulabat,
1176 4942 1391 5021 quando~
1415 4941 1639 5021 domitus
1650 4940 1939 5021 imperator
1956 4941 2098 5021 vium

498 5011 657 5077 totius
698 5019 964 5090 ingressus
997 5019 1074 5069 est
1100 5011 1282 5090 carnis
1311 5011 1610 5090 anno_84t),
1642 5027 1763 5083 quae
1811 5011 1979 5090 verba
2008 5013 2096 5090 Le-

573 5099 704 5148 ntur
733 5081 794 5145 in
832 5086 1158 5146 clericorum
1191 5082 1583 5141 Rhemensium
1630 5081 1963 5139 narratione.
1997 5084 2094 5137 De-

522 5154 689 5235 ‘uncto
722 5166 897 5217 autem
935 5154 1818 5235 eodemimperatore_.(ut_habet
1867 5154 2095 5235 epistola

496 5226 762 5307 synodica
791 5226 1344 5307 concilii__Tricas_sini
1384 5226 1453 5307 ad
1480 5226 1765 5307 Nicolaum
1797 5240 2006 5307 papam.
2024 5227 2092 5296 1),

493 5297 788 5364 Uotharius
812 5304 877 5359 ab
916 5300 1082 5358 Italia
1111 5300 1168 5354 in
1198 5298 1485 5355 Franciam
1508 5297 1683 5355 venit:
1725 5297 1811 5352 cui
1837 5298 1909 5352 ad
1942 5298 2094 5352 Wor-

493 5379 719 5433 maciam
747 5375 1008 5430 civitatem
1036 5372 1206 5437 Ebbo,
1248 5370 1522 5426 deducente
1563 5369 1769 5425 Bosone
1800 5368 1983 5423 abbate
2010 5366 2097 5422 cui

495 5448 896 5520 commendatus
920 5445 992 5520 ad
1032 5442 1426 5520 custodiendum
1454 5440 1658 5520 faciat,
1712 5440 1961 5520 occurrit.
1991 5439 2096 5520 Bo-

497 5516 927 5592 soni__success_it
956 5515 1248 5583 Rodulfus,
1291 5509 2087 5592 RodulfoﬂBernardus,_infra.

570 5616 594 5652 ι,
625 5586 830 5656 Nempe
858 5587 968 5642 duo
1006 5603 1126 5643 ossa
1155 5581 1478 5643 coxendicis
1518 5583 1574 5639 S.
1616 5581 1941 5649 Sebastiani,
1972 5596 2093 5654 quae

2207 4543 2453 4616 ipsorum
2482 4543 2755 4601 festivitas
2786 4560 2934 4600 more
2955 4544 3262 4601 monastico
3281 4543 3596 4601 haberetur.
3627 4544 3823 4601 Susce-

2205 4632 2315 4706 ptis
2335 4633 2739 4706 gratantissime
2762 4632 2903 4689 Boso
2923 4632 3089 4690 abbas
3114 4642 3434 4691 sanctorum
3466 4634 3821 4707 pignoribus,

2206 4724 2472 4781 hactenus
2500 4724 2984 4781 aFloriacensibus
3013 4723 3220 4781 nostris
3248 4734 3623 4782 asservantur.
3655 4724 3823 4779 Joan-

2205 4812 2302 4851 nes
2354 4796 2580 4869 Boscius
2608 4796 2666 4869 in
2710 4794 2980 4869 Biblioth.
3021 4796 3281 4869 Floriac.,
3315 4813 3434 4869 pag.
3471 4796 3619 4869 257._
3650 4797 3823 4869 refert

2205 4874 2485 4921 mortuum
2516 4866 2583 4922 ad
2610 4866 2781 4921 altare
2810 4867 2866 4923 8.
2898 4866 3203 4923 Sebastiani
3233 4868 3292 4923 in
3318 4866 3659 4923 monasterio
3694 4868 3820 4923 Flo-

2205 4936 2438 4992 riacensi
2476 4953 2622 4992 anno
2666 4937 2804 4991 1444
2839 4938 3186 4996 suscitatum.
3227 4939 3544 4995 Paruacialis
3585 4939 3821 4994 ecclesra

2206 5007 2569 5092 Floriacensis
2740 5008 3474 5092 Sebastianum_patronum
3522 5012 3810 5092 agnoscit.

2204 5079 2406 5153 Praeter
2454 5079 2714 5153 reliquias
2742 5081 2829 5153 8ζ
2844 5081 3120 5153 Dionysii
3145 5079 3237 5138 hic
3272 5079 3620 5147 memoratas,
3654 5081 3816 5153 Hel-

2205 5151 2415 5234 galdus;
2445 5150 2748 5234 monachus
2792 5150 3167 5234 quriac'ensis‘
3213 5153 3423 5234 accepit
3480 5168 3515 5234 ξ
3563 5152 3809 5234 Egberto

2204 5222 2327 5295 rege
2380 5223 2442 5278 de
2484 5223 2667 5278 casula
2709 5224 2764 5295 S.
2814 5223 3081 5295 Dionysii,
3134 5222 3422 5280 dalmatica
3470 5225 3528 5280 S.
3584 5222 3812 5295 Rustici,

2203 5293 2406 5375 casula.
2435 5295 2518 5376 S._
2549 5293 2866 5374 Eleutherii,
2904 5295 2967 5349 de
2993 5295 3308 5376 vestimentis
3347 5294 3813 5376 eorumsanguing

2202 5365 2451 5437 aspersis,
2483 5365 2545 5420 de
2560 5365 2811 5437 carnium,
2821 5381 3004 5421 eorum
3022 5367 3240 5437 pulvere
3262 5373 3311 5422 et
3336 5366 3583 5437 funiculo
3609 5365 3814 5436 triplici

2203 5436 2306 5511 quo
2330 5436 2440 5508 fuit
2463 5437 2712 5511 astrictus
2740 5436 3049 5511 Dionysius,
3081 5453 3216 5511 quas
3243 5436 3510 5511 reliquias
3534 5439 3595 5494 in
3623 5444 3807 5511 orato-

2202 5506 2435 5580 rioase
2456 5506 2700 5580 condito
2728 5506 2871 5578 apud
2888 5506 3215 5568 'Floriaéum
3244 5506 3561 5579 collocavit,
3593 5515 3654 5565 ut
3688 5507 3810 5580 ipse

2204 5580 2264 5635 in
2295 5578 2425 5638 Vita
2454 5578 2679 5637 Roberti
2709 5587 2901 5636 auctor
2935 5588 3038 5637 est.
