  <div class='ocr_page' id='page_1' title='image "/cluster/home/n/w/nwhite01/storage/ocr_20150623/124/hvd.32044054759865/472.png"; bbox 0 0 4070 6178; ppageno 0'>
   <div class='ocr_carea' id='block_1_1' title="bbox 244 180 353 237">
    <p class='ocr_par' dir='ltr' id='par_1_1' title="bbox 244 180 353 237">
     <span class='ocr_line' id='line_1_1' title="bbox 244 180 353 237; baseline 0 0"><span class='ocrx_word' id='word_1_1' title='bbox 244 180 353 237; x_wconf 87' lang='grc'><strong>933</strong></span> 
     </span>
    </p>
   </div>
   <div class='ocr_carea' id='block_1_2' title="bbox 1370 188 2420 254">
    <p class='ocr_par' dir='ltr' id='par_1_2' title="bbox 1370 188 2420 254">
     <span class='ocr_line' id='line_1_2' title="bbox 1370 188 2420 254; baseline 0.01 -12"><span class='ocrx_word' id='word_1_2' title='bbox 1370 189 1467 243; x_wconf 89' lang='lat' dir='ltr'><strong>DE</strong></span> <span class='ocrx_word' id='word_1_3' title='bbox 1505 188 1883 248; x_wconf 84' lang='lat' dir='ltr'><strong>MIRACULIS</strong></span> <span class='ocrx_word' id='word_1_4' title='bbox 1922 193 1978 251; x_wconf 92' lang='lat' dir='ltr'><strong>S.</strong></span> <span class='ocrx_word' id='word_1_5' title='bbox 2020 195 2420 254; x_wconf 87' lang='lat' dir='ltr'><strong>BENEDICTI.</strong></span> 
     </span>
    </p>
   </div>
   <div class='ocr_carea' id='block_1_3' title="bbox 3449 215 3553 271">
    <p class='ocr_par' dir='ltr' id='par_1_3' title="bbox 3449 215 3553 271">
     <span class='ocr_line' id='line_1_3' title="bbox 3449 215 3553 271; baseline 0 0"><span class='ocrx_word' id='word_1_6' title='bbox 3449 215 3553 271; x_wconf 68' lang='grc'>934</span> 
     </span>
    </p>
   </div>
   <div class='ocr_carea' id='block_1_4' title="bbox 239 303 3556 402">
    <p class='ocr_par' dir='ltr' id='par_1_4' title="bbox 239 303 3556 402">
     <span class='ocr_line' id='line_1_4' title="bbox 239 303 3556 402; baseline 0.012 -42"><span class='ocrx_word' id='word_1_7' title='bbox 239 304 405 362; x_wconf 79' lang='lat' dir='ltr'><strong>laetus</strong></span> <span class='ocrx_word' id='word_1_8' title='bbox 440 303 510 361; x_wconf 88' lang='lat' dir='ltr'><strong>ad</strong></span> <span class='ocrx_word' id='word_1_9' title='bbox 542 303 768 378; x_wconf 90' lang='lat' dir='ltr'><strong>propria</strong></span> <span class='ocrx_word' id='word_1_10' title='bbox 800 307 1162 378; x_wconf 56' lang='lat' dir='ltr'><strong>regreditur“.</strong></span> <span class='ocrx_word' id='word_1_11' title='bbox 1187 311 1286 366; x_wconf 91' lang='lat' dir='ltr'><strong>Die</strong></span> <span class='ocrx_word' id='word_1_12' title='bbox 1319 329 1449 369; x_wconf 88' lang='lat' dir='ltr'><strong>vero</strong></span> <span class='ocrx_word' id='word_1_13' title='bbox 1476 313 1849 374; x_wconf 89' lang='lat' dir='ltr'><strong>adventussui</strong></span> <span class='ocrx_word' id='word_1_14' title='bbox 1881 323 1931 381; x_wconf 82' lang='grc' dir='ltr'><strong>Α</strong></span> <span class='ocrx_word' id='word_1_15' title='bbox 1962 321 2070 389; x_wconf 89' lang='lat' dir='ltr'><strong>sui,</strong></span> <span class='ocrx_word' id='word_1_16' title='bbox 2105 323 2198 395; x_wconf 87' lang='lat' dir='ltr'><strong>qui</strong></span> <span class='ocrx_word' id='word_1_17' title='bbox 2236 323 2437 380; x_wconf 89' lang='lat' dir='ltr'><strong>electos</strong></span> <span class='ocrx_word' id='word_1_18' title='bbox 2465 341 2594 380; x_wconf 86' lang='lat' dir='ltr'><strong>suos</strong></span> <span class='ocrx_word' id='word_1_19' title='bbox 2639 326 2841 400; x_wconf 87' lang='lat' dir='ltr'><strong>ubique</strong></span> <span class='ocrx_word' id='word_1_20' title='bbox 2876 329 3168 402; x_wconf 85' lang='lat' dir='ltr'><strong>gloriﬁcat,</strong></span> <span class='ocrx_word' id='word_1_21' title='bbox 3215 353 3325 393; x_wconf 89' lang='lat' dir='ltr'><strong>non</strong></span> <span class='ocrx_word' id='word_1_22' title='bbox 3377 341 3556 400; x_wconf 88' lang='lat' dir='ltr'><strong>solum</strong></span> 
     </span>
    </p>
   </div>
   <div class='ocr_carea' id='block_1_5' title="bbox 234 393 1855 466">
    <p class='ocr_par' dir='ltr' id='par_1_5' title="bbox 234 393 1855 466">
     <span class='ocr_line' id='line_1_5' title="bbox 234 393 1855 466; baseline 0.01 -18"><span class='ocrx_word' id='word_1_23' title='bbox 234 394 306 450; x_wconf 83' lang='lat' dir='ltr'><strong>ad</strong></span> <span class='ocrx_word' id='word_1_24' title='bbox 329 393 754 463; x_wconf 80' lang='lat' dir='ltr'><strong>monasterium,</strong></span> <span class='ocrx_word' id='word_1_25' title='bbox 768 393 936 465; x_wconf 88' lang='lat' dir='ltr'><strong>jussit</strong></span> <span class='ocrx_word' id='word_1_26' title='bbox 957 396 1167 454; x_wconf 90' lang='lat' dir='ltr'><strong>directo</strong></span> <span class='ocrx_word' id='word_1_27' title='bbox 1191 398 1380 466; x_wconf 81' lang='lat' dir='ltr'><strong>misso,</strong></span> <span class='ocrx_word' id='word_1_28' title='bbox 1405 409 1466 456; x_wconf 92' lang='lat' dir='ltr'><strong>ut</strong></span> <span class='ocrx_word' id='word_1_29' title='bbox 1495 419 1622 459; x_wconf 91' lang='lat' dir='ltr'><strong>cum</strong></span> <span class='ocrx_word' id='word_1_30' title='bbox 1647 405 1855 465; x_wconf 83' lang='lat' dir='ltr'><strong>honore</strong></span> 
     </span>
    </p>
   </div>
   <div class='ocr_carea' id='block_1_6' title="bbox 237 481 1857 565">
    <p class='ocr_par' dir='ltr' id='par_1_6' title="bbox 237 481 1857 565">
     <span class='ocr_line' id='line_1_6' title="bbox 237 481 1857 565; baseline 0.009 -26"><span class='ocrx_word' id='word_1_31' title='bbox 237 484 376 539; x_wconf 93' lang='lat' dir='ltr'><strong>satis</strong></span> <span class='ocrx_word' id='word_1_32' title='bbox 401 481 681 554; x_wconf 90' lang='lat' dir='ltr'><strong>condigno</strong></span> <span class='ocrx_word' id='word_1_33' title='bbox 710 482 906 539; x_wconf 80' lang='lat' dir='ltr'><strong>fratres</strong></span> <span class='ocrx_word' id='word_1_34' title='bbox 931 484 1039 540; x_wconf 86' lang='lat' dir='ltr'><strong>sibi</strong></span> <span class='ocrx_word' id='word_1_35' title='bbox 1060 497 1414 545; x_wconf 81' lang='lat' dir='ltr'><strong>occurrerent</strong></span> <span class='ocrx_word' id='word_1_36' title='bbox 1435 489 1579 548; x_wconf 84' lang='lat' dir='ltr'><strong>haud</strong></span> <span class='ocrx_word' id='word_1_37' title='bbox 1611 497 1857 565; x_wconf 88' lang='lat' dir='ltr'><strong>procula</strong></span> 
     </span>
    </p>
   </div>
   <div class='ocr_carea' id='block_1_7' title="bbox 240 571 1850 654">
    <p class='ocr_par' dir='ltr' id='par_1_7' title="bbox 240 571 1850 654">
     <span class='ocr_line' id='line_1_7' title="bbox 240 571 1850 654; baseline 0.009 -26"><span class='ocrx_word' id='word_1_38' title='bbox 240 571 603 630; x_wconf 90' lang='lat' dir='ltr'><strong>monasterio.</strong></span> <span class='ocrx_word' id='word_1_39' title='bbox 642 572 816 628; x_wconf 83' lang='lat' dir='ltr'><strong>Jussis</strong></span> <span class='ocrx_word' id='word_1_40' title='bbox 846 573 1164 632; x_wconf 90' lang='lat' dir='ltr'><strong>obedientes</strong></span> <span class='ocrx_word' id='word_1_41' title='bbox 1198 577 1394 635; x_wconf 81' lang='lat' dir='ltr'><strong>fratres</strong></span> <span class='ocrx_word' id='word_1_42' title='bbox 1428 582 1715 654; x_wconf 85' lang='lat' dir='ltr'><strong>excipiunt</strong></span> <span class='ocrx_word' id='word_1_43' title='bbox 1744 603 1850 643; x_wconf 84' lang='lat' dir='ltr'><strong>me-</strong></span> 
     </span>
    </p>
   </div>
   <div class='ocr_carea' id='block_1_8' title="bbox 241 663 1851 745">
    <p class='ocr_par' dir='ltr' id='par_1_8' title="bbox 241 663 1851 745">
     <span class='ocr_line' id='line_1_8' title="bbox 241 663 1851 745; baseline 0.009 -28"><span class='ocrx_word' id='word_1_44' title='bbox 241 663 449 718; x_wconf 90' lang='lat' dir='ltr'><strong>morias</strong></span> <span class='ocrx_word' id='word_1_45' title='bbox 485 669 802 718; x_wconf 89' lang='lat' dir='ltr'><strong>sanctorum</strong></span> <span class='ocrx_word' id='word_1_46' title='bbox 846 673 1152 736; x_wconf 79' lang='lat' dir='ltr'><strong>martyrum</strong></span> <span class='ocrx_word' id='word_1_47' title='bbox 1184 683 1308 722; x_wconf 93' lang='lat' dir='ltr'><strong>cum</strong></span> <span class='ocrx_word' id='word_1_48' title='bbox 1346 670 1552 726; x_wconf 84' lang='lat' dir='ltr'><strong>honore</strong></span> <span class='ocrx_word' id='word_1_49' title='bbox 1585 684 1851 745; x_wconf 89' lang='lat' dir='ltr'><strong>quantum</strong></span> 
     </span>
    </p>
   </div>
   <div class='ocr_carea' id='block_1_9' title="bbox 240 751 1854 825">
    <p class='ocr_par' dir='ltr' id='par_1_9' title="bbox 240 751 1854 825">
     <span class='ocr_line' id='line_1_9' title="bbox 240 751 1854 825; baseline 0.009 -19"><span class='ocrx_word' id='word_1_50' title='bbox 240 751 572 807; x_wconf 85' lang='lat' dir='ltr'><strong>mortalibus</strong></span> <span class='ocrx_word' id='word_1_51' title='bbox 602 751 929 807; x_wconf 75' lang='lat' dir='ltr'><strong>conceditur</strong></span> <span class='ocrx_word' id='word_1_52' title='bbox 959 753 1127 825; x_wconf 82' lang='lat' dir='ltr'><strong>digno</strong></span> <span class='ocrx_word' id='word_1_53' title='bbox 1158 757 1259 812; x_wconf 90' lang='lat' dir='ltr'><strong>sub</strong></span> <span class='ocrx_word' id='word_1_54' title='bbox 1290 757 1380 812; x_wconf 90' lang='lat' dir='ltr'><strong>die</strong></span> <span class='ocrx_word' id='word_1_55' title='bbox 1413 759 1706 818; x_wconf 89' lang='lat' dir='ltr'><strong>undecimo</strong></span> <span class='ocrx_word' id='word_1_56' title='bbox 1736 766 1854 819; x_wconf 87' lang='lat' dir='ltr'><strong>Ka-</strong></span> 
     </span>
    </p>
   </div>
   <div class='ocr_carea' id='block_1_10' title="bbox 241 839 1853 914">
    <p class='ocr_par' dir='ltr' id='par_1_10' title="bbox 241 839 1853 914">
     <span class='ocr_line' id='line_1_10' title="bbox 241 839 1853 914; baseline 0.008 -19"><span class='ocrx_word' id='word_1_57' title='bbox 241 839 533 896; x_wconf 90' lang='lat' dir='ltr'><strong>lendarum</strong></span> <span class='ocrx_word' id='word_1_58' title='bbox 582 839 876 908; x_wconf 74' lang='lat' dir='ltr'><strong>Iuliarum,</strong></span> <span class='ocrx_word' id='word_1_59' title='bbox 925 850 1086 914; x_wconf 91' lang='lat' dir='ltr'><strong>atque</strong></span> <span class='ocrx_word' id='word_1_60' title='bbox 1139 843 1197 899; x_wconf 91' lang='lat' dir='ltr'><strong>in</strong></span> <span class='ocrx_word' id='word_1_61' title='bbox 1227 845 1476 902; x_wconf 81' lang='lat' dir='ltr'><strong>Ecclesia</strong></span> <span class='ocrx_word' id='word_1_62' title='bbox 1522 859 1722 907; x_wconf 85' lang='lat' dir='ltr'><strong>sanctae</strong></span> <span class='ocrx_word' id='word_1_63' title='bbox 1754 852 1853 908; x_wconf 91' lang='lat' dir='ltr'><strong>Dei</strong></span> 
     </span>
    </p>
   </div>
   <div class='ocr_carea' id='block_1_11' title="bbox 245 927 1856 1006">
    <p class='ocr_par' dir='ltr' id='par_1_11' title="bbox 245 927 1856 1006">
     <span class='ocr_line' id='line_1_11' title="bbox 245 927 1856 1006; baseline 0.009 -22"><span class='ocrx_word' id='word_1_64' title='bbox 245 929 530 999; x_wconf 79' lang='lat' dir='ltr'><strong>genitricis</strong></span> <span class='ocrx_word' id='word_1_65' title='bbox 560 927 747 983; x_wconf 63' lang='lat' dir='ltr'><strong>Mariae</strong></span> <span class='ocrx_word' id='word_1_66' title='bbox 777 931 1069 986; x_wconf 92' lang='lat' dir='ltr'><strong>collocant.</strong></span> <span class='ocrx_word' id='word_1_67' title='bbox 1111 932 1452 1006; x_wconf 88' lang='lat' dir='ltr'><strong>Sequebatur</strong></span> <span class='ocrx_word' id='word_1_68' title='bbox 1491 947 1673 995; x_wconf 92' lang='lat' dir='ltr'><strong>autem</strong></span> <span class='ocrx_word' id='word_1_69' title='bbox 1714 943 1856 998; x_wconf 90' lang='lat' dir='ltr'><strong>reli-</strong></span> 
     </span>
    </p>
   </div>
   <div class='ocr_carea' id='block_1_12' title="bbox 244 1017 1856 1089">
    <p class='ocr_par' dir='ltr' id='par_1_12' title="bbox 244 1017 1856 1089">
     <span class='ocr_line' id='line_1_12' title="bbox 244 1017 1856 1089; baseline 0.01 -18"><span class='ocrx_word' id='word_1_70' title='bbox 244 1017 402 1089; x_wconf 90' lang='lat' dir='ltr'><strong>quias</strong></span> <span class='ocrx_word' id='word_1_71' title='bbox 425 1023 745 1072; x_wconf 90' lang='lat' dir='ltr'><strong>sanctorum</strong></span> <span class='ocrx_word' id='word_1_72' title='bbox 773 1032 888 1071; x_wconf 89' lang='lat' dir='ltr'><strong>non</strong></span> <span class='ocrx_word' id='word_1_73' title='bbox 926 1018 1157 1076; x_wconf 88' lang='lat' dir='ltr'><strong>minima</strong></span> <span class='ocrx_word' id='word_1_74' title='bbox 1186 1024 1489 1082; x_wconf 82' lang='lat' dir='ltr'><strong>multitudo</strong></span> <span class='ocrx_word' id='word_1_75' title='bbox 1519 1027 1761 1084; x_wconf 89' lang='lat' dir='ltr'><strong>virorum</strong></span> <span class='ocrx_word' id='word_1_76' title='bbox 1792 1048 1856 1088; x_wconf 89' lang='lat' dir='ltr'><strong>ac</strong></span> 
     </span>
    </p>
   </div>
   <div class='ocr_carea' id='block_1_13' title="bbox 248 1103 1852 1186">
    <p class='ocr_par' dir='ltr' id='par_1_13' title="bbox 248 1103 1852 1186">
     <span class='ocr_line' id='line_1_13' title="bbox 248 1103 1852 1186; baseline 0.008 -24"><span class='ocrx_word' id='word_1_77' title='bbox 248 1103 543 1162; x_wconf 88' lang='lat' dir='ltr'><strong>mulierum</strong></span> <span class='ocrx_word' id='word_1_78' title='bbox 577 1120 793 1159; x_wconf 79' lang='lat' dir='ltr'><strong>summa</strong></span> <span class='ocrx_word' id='word_1_79' title='bbox 820 1121 947 1161; x_wconf 91' lang='lat' dir='ltr'><strong>cum</strong></span> <span class='ocrx_word' id='word_1_80' title='bbox 977 1107 1291 1178; x_wconf 88' lang='lat' dir='ltr'><strong>devotione,</strong></span> <span class='ocrx_word' id='word_1_81' title='bbox 1321 1112 1391 1168; x_wconf 91' lang='lat' dir='ltr'><strong>ob</strong></span> <span class='ocrx_word' id='word_1_82' title='bbox 1413 1115 1660 1186; x_wconf 59' lang='lat' dir='ltr'><strong>quaedam</strong></span> <span class='ocrx_word' id='word_1_83' title='bbox 1693 1119 1852 1175; x_wconf 91' lang='lat' dir='ltr'><strong>mira-</strong></span> 
     </span>
    </p>
   </div>
   <div class='ocr_carea' id='block_1_14' title="bbox 247 1194 1855 1281">
    <p class='ocr_par' dir='ltr' id='par_1_14' title="bbox 247 1194 1855 1281">
     <span class='ocr_line' id='line_1_14' title="bbox 247 1194 1855 1281; baseline 0.007 -28"><span class='ocrx_word' id='word_1_84' title='bbox 247 1195 496 1254; x_wconf 87' lang='lat' dir='ltr'><strong>culorum</strong></span> <span class='ocrx_word' id='word_1_85' title='bbox 547 1194 818 1251; x_wconf 83' lang='lat' dir='ltr'><strong>beneficia</strong></span> <span class='ocrx_word' id='word_1_86' title='bbox 867 1212 899 1251; x_wconf 92' lang='lat' dir='ltr'><strong>a</strong></span> <span class='ocrx_word' id='word_1_87' title='bbox 948 1198 1188 1255; x_wconf 91' lang='lat' dir='ltr'><strong>Domino</strong></span> <span class='ocrx_word' id='word_1_88' title='bbox 1236 1218 1331 1273; x_wconf 90' lang='lat' dir='ltr'><strong>per</strong></span> <span class='ocrx_word' id='word_1_89' title='bbox 1360 1203 1550 1261; x_wconf 90' lang='lat' dir='ltr'><strong>beatos</strong></span> <span class='ocrx_word' id='word_1_90' title='bbox 1578 1216 1855 1281; x_wconf 87' lang='lat' dir='ltr'><strong>martyres</strong></span> 
     </span>
    </p>
   </div>
   <div class='ocr_carea' id='block_1_15' title="bbox 249 1285 1852 1361">
    <p class='ocr_par' dir='ltr' id='par_1_15' title="bbox 249 1285 1852 1361">
     <span class='ocr_line' id='line_1_15' title="bbox 249 1285 1852 1361; baseline 0.011 -23"><span class='ocrx_word' id='word_1_91' title='bbox 249 1293 477 1356; x_wconf 87' lang='lat' dir='ltr'><strong>patrata.</strong></span> <span class='ocrx_word' id='word_1_92' title='bbox 511 1285 682 1340; x_wconf 88' lang='lat' dir='ltr'><strong>Porro</strong></span> <span class='ocrx_word' id='word_1_93' title='bbox 712 1285 842 1358; x_wconf 85' lang='lat' dir='ltr'><strong>quia</strong></span> <span class='ocrx_word' id='word_1_94' title='bbox 871 1302 940 1341; x_wconf 92' lang='lat' dir='ltr'><strong>ex</strong></span> <span class='ocrx_word' id='word_1_95' title='bbox 968 1289 1196 1361; x_wconf 88' lang='lat' dir='ltr'><strong>antiqua</strong></span> <span class='ocrx_word' id='word_1_96' title='bbox 1223 1294 1551 1352; x_wconf 87' lang='lat' dir='ltr'><strong>auctoritate</strong></span> <span class='ocrx_word' id='word_1_97' title='bbox 1580 1298 1852 1356; x_wconf 86' lang='lat' dir='ltr'><strong>sancitum</strong></span> 
     </span>
    </p>
   </div>
   <div class='ocr_carea' id='block_1_16' title="bbox 250 1373 1854 1450">
    <p class='ocr_par' dir='ltr' id='par_1_16' title="bbox 250 1373 1854 1450">
     <span class='ocr_line' id='line_1_16' title="bbox 250 1373 1854 1450; baseline 0.009 -21"><span class='ocrx_word' id='word_1_98' title='bbox 250 1381 380 1442; x_wconf 90' lang='lat' dir='ltr'><strong>erat,</strong></span> <span class='ocrx_word' id='word_1_99' title='bbox 406 1373 642 1429; x_wconf 80' lang='lat' dir='ltr'><strong>feminas</strong></span> <span class='ocrx_word' id='word_1_100' title='bbox 663 1374 809 1430; x_wconf 88' lang='lat' dir='ltr'><strong>infra</strong></span> <span class='ocrx_word' id='word_1_101' title='bbox 828 1376 1129 1434; x_wconf 80' lang='lat' dir='ltr'><strong>exteriores</strong></span> <span class='ocrx_word' id='word_1_102' title='bbox 1148 1389 1330 1450; x_wconf 89' lang='lat' dir='ltr'><strong>portas</strong></span> <span class='ocrx_word' id='word_1_103' title='bbox 1353 1385 1671 1440; x_wconf 87' lang='lat' dir='ltr'><strong>monasterii</strong></span> <span class='ocrx_word' id='word_1_104' title='bbox 1687 1387 1854 1444; x_wconf 88' lang='lat' dir='ltr'><strong>haud-</strong></span> 
     </span>
    </p>
   </div>
   <div class='ocr_carea' id='block_1_17' title="bbox 249 1463 1854 1548">
    <p class='ocr_par' dir='ltr' id='par_1_17' title="bbox 249 1463 1854 1548">
     <span class='ocr_line' id='line_1_17' title="bbox 249 1463 1854 1548; baseline 0.011 -32"><span class='ocrx_word' id='word_1_105' title='bbox 249 1477 522 1535; x_wconf 87' lang='lat' dir='ltr'><strong>quaquam</strong></span> <span class='ocrx_word' id='word_1_106' title='bbox 553 1463 844 1518; x_wconf 89' lang='lat' dir='ltr'><strong>transitum</strong></span> <span class='ocrx_word' id='word_1_107' title='bbox 877 1464 1149 1524; x_wconf 82' lang='lat' dir='ltr'><strong>introrsus</strong></span> <span class='ocrx_word' id='word_1_108' title='bbox 1174 1467 1373 1526; x_wconf 90' lang='lat' dir='ltr'><strong>habere</strong></span> <span class='ocrx_word' id='word_1_109' title='bbox 1398 1490 1411 1539; x_wconf 90' lang='lat'><strong>;</strong></span> <span class='ocrx_word' id='word_1_110' title='bbox 1439 1471 1497 1527; x_wconf 92' lang='lat' dir='ltr'><strong>hi</strong></span> <span class='ocrx_word' id='word_1_111' title='bbox 1527 1474 1620 1546; x_wconf 90' lang='lat' dir='ltr'><strong>qui</strong></span> <span class='ocrx_word' id='word_1_112' title='bbox 1643 1477 1854 1548; x_wconf 88' lang='lat' dir='ltr'><strong>alonge</strong></span> 
     </span>
    </p>
   </div>
   <div class='ocr_carea' id='block_1_18' title="bbox 252 1551 1854 1633">
    <p class='ocr_par' dir='ltr' id='par_1_18' title="bbox 252 1551 1854 1633">
     <span class='ocr_line' id='line_1_18' title="bbox 252 1551 1854 1633; baseline 0.012 -29"><span class='ocrx_word' id='word_1_113' title='bbox 252 1551 546 1606; x_wconf 84' lang='lat' dir='ltr'><strong>memorias</strong></span> <span class='ocrx_word' id='word_1_114' title='bbox 573 1561 888 1608; x_wconf 89' lang='lat' dir='ltr'><strong>sanctorum</strong></span> <span class='ocrx_word' id='word_1_115' title='bbox 918 1557 1091 1611; x_wconf 89' lang='lat' dir='ltr'><strong>secuti</strong></span> <span class='ocrx_word' id='word_1_116' title='bbox 1121 1557 1358 1627; x_wconf 86' lang='lat' dir='ltr'><strong>fuerant,</strong></span> <span class='ocrx_word' id='word_1_117' title='bbox 1385 1561 1454 1616; x_wconf 93' lang='lat' dir='ltr'><strong>ad</strong></span> <span class='ocrx_word' id='word_1_118' title='bbox 1495 1578 1680 1633; x_wconf 87' lang='lat' dir='ltr'><strong>preces</strong></span> <span class='ocrx_word' id='word_1_119' title='bbox 1708 1582 1854 1622; x_wconf 89' lang='lat' dir='ltr'><strong>con—</strong></span> 
     </span>
    </p>
   </div>
   <div class='ocr_carea' id='block_1_19' title="bbox 250 1644 1853 1719">
    <p class='ocr_par' dir='ltr' id='par_1_19' title="bbox 250 1644 1853 1719">
     <span class='ocr_line' id='line_1_19' title="bbox 250 1644 1853 1719; baseline 0.011 -25"><span class='ocrx_word' id='word_1_120' title='bbox 250 1646 567 1708; x_wconf 86' lang='lat' dir='ltr'><strong>vertuntur,</strong></span> <span class='ocrx_word' id='word_1_121' title='bbox 613 1650 672 1697; x_wconf 92' lang='lat' dir='ltr'><strong>ut</strong></span> <span class='ocrx_word' id='word_1_122' title='bbox 719 1644 1132 1714; x_wconf 90' lang='lat' dir='ltr'><strong>permitteretur</strong></span> <span class='ocrx_word' id='word_1_123' title='bbox 1179 1646 1258 1702; x_wconf 92' lang='lat' dir='ltr'><strong>eis</strong></span> <span class='ocrx_word' id='word_1_124' title='bbox 1307 1651 1662 1719; x_wconf 90' lang='lat' dir='ltr'><strong>poscentibus</strong></span> <span class='ocrx_word' id='word_1_125' title='bbox 1690 1670 1853 1711; x_wconf 88' lang='lat' dir='ltr'><strong>causa</strong></span> 
     </span>
    </p>
   </div>
   <div class='ocr_carea' id='block_1_20' title="bbox 252 1728 1855 1816">
    <p class='ocr_par' dir='ltr' id='par_1_20' title="bbox 252 1728 1855 1816">
     <span class='ocr_line' id='line_1_20' title="bbox 252 1728 1855 1816; baseline 0.01 -32"><span class='ocrx_word' id='word_1_126' title='bbox 252 1728 521 1785; x_wconf 90' lang='lat' dir='ltr'><strong>orationis</strong></span> <span class='ocrx_word' id='word_1_127' title='bbox 548 1730 829 1787; x_wconf 87' lang='lat' dir='ltr'><strong>ecclesiam</strong></span> <span class='ocrx_word' id='word_1_128' title='bbox 854 1731 913 1787; x_wconf 91' lang='lat' dir='ltr'><strong>in</strong></span> <span class='ocrx_word' id='word_1_129' title='bbox 944 1748 1051 1804; x_wconf 91' lang='lat' dir='ltr'><strong>qua</strong></span> <span class='ocrx_word' id='word_1_130' title='bbox 1071 1744 1388 1792; x_wconf 91' lang='lat' dir='ltr'><strong>sanctorum</strong></span> <span class='ocrx_word' id='word_1_131' title='bbox 1415 1740 1662 1813; x_wconf 64' lang='lat' dir='ltr'><strong>reliquiae</strong></span> <span class='ocrx_word' id='word_1_132' title='bbox 1691 1743 1855 1816; x_wconf 92' lang='lat' dir='ltr'><strong>depo-</strong></span> 
     </span>
    </p>
   </div>
   <div class='ocr_carea' id='block_1_21' title="bbox 249 1820 1852 1902">
    <p class='ocr_par' dir='ltr' id='par_1_21' title="bbox 249 1820 1852 1902">
     <span class='ocr_line' id='line_1_21' title="bbox 249 1820 1852 1902; baseline 0.01 -26"><span class='ocrx_word' id='word_1_133' title='bbox 249 1820 369 1876; x_wconf 68' lang='lat' dir='ltr'><strong>sitae</strong></span> <span class='ocrx_word' id='word_1_134' title='bbox 408 1829 562 1877; x_wconf 90' lang='lat' dir='ltr'><strong>erant</strong></span> <span class='ocrx_word' id='word_1_135' title='bbox 609 1821 845 1895; x_wconf 80' lang='lat' dir='ltr'><strong>ingredi,</strong></span> <span class='ocrx_word' id='word_1_136' title='bbox 897 1835 1132 1898; x_wconf 89' lang='lat' dir='ltr'><strong>votaque</strong></span> <span class='ocrx_word' id='word_1_137' title='bbox 1176 1844 1271 1883; x_wconf 90' lang='lat' dir='ltr'><strong>sua</strong></span> <span class='ocrx_word' id='word_1_138' title='bbox 1319 1832 1649 1901; x_wconf 89' lang='lat' dir='ltr'><strong>persolvere.</strong></span> <span class='ocrx_word' id='word_1_139' title='bbox 1697 1835 1852 1902; x_wconf 74' lang='lat' dir='ltr'><strong>Quod</strong></span> 
     </span>
    </p>
   </div>
   <div class='ocr_carea' id='block_1_22' title="bbox 247 1909 1855 1990">
    <p class='ocr_par' dir='ltr' id='par_1_22' title="bbox 247 1909 1855 1990">
     <span class='ocr_line' id='line_1_22' title="bbox 247 1909 1855 1990; baseline 0.01 -25"><span class='ocrx_word' id='word_1_140' title='bbox 247 1909 384 1983; x_wconf 89' lang='lat' dir='ltr'><strong>quia</strong></span> <span class='ocrx_word' id='word_1_141' title='bbox 412 1910 705 1968; x_wconf 90' lang='lat' dir='ltr'><strong>adversum</strong></span> <span class='ocrx_word' id='word_1_142' title='bbox 735 1922 851 1969; x_wconf 90' lang='lat' dir='ltr'><strong>erat</strong></span> <span class='ocrx_word' id='word_1_143' title='bbox 881 1915 1134 1987; x_wconf 84' lang='lat' dir='ltr'><strong>religioni</strong></span> <span class='ocrx_word' id='word_1_144' title='bbox 1169 1921 1505 1990; x_wconf 64' lang='lat' dir='ltr'><strong>monasticae,</strong></span> <span class='ocrx_word' id='word_1_145' title='bbox 1540 1924 1696 1979; x_wconf 92' lang='lat' dir='ltr'><strong>nullo</strong></span> <span class='ocrx_word' id='word_1_146' title='bbox 1725 1941 1855 1980; x_wconf 92' lang='lat' dir='ltr'><strong>om—</strong></span> 
     </span>
    </p>
   </div>
   <div class='ocr_carea' id='block_1_23' title="bbox 249 1993 1854 2081">
    <p class='ocr_par' dir='ltr' id='par_1_23' title="bbox 249 1993 1854 2081">
     <span class='ocr_line' id='line_1_23' title="bbox 249 1993 1854 2081; baseline 0.01 -31"><span class='ocrx_word' id='word_1_147' title='bbox 249 1993 384 2050; x_wconf 89' lang='lat' dir='ltr'><strong>nino</strong></span> <span class='ocrx_word' id='word_1_148' title='bbox 415 2003 575 2068; x_wconf 90' lang='lat' dir='ltr'><strong>pacto</strong></span> <span class='ocrx_word' id='word_1_149' title='bbox 603 1994 899 2068; x_wconf 90' lang='lat' dir='ltr'><strong>impetrare</strong></span> <span class='ocrx_word' id='word_1_150' title='bbox 930 1999 1244 2058; x_wconf 90' lang='lat' dir='ltr'><strong>valuerunt.</strong></span> <span class='ocrx_word' id='word_1_151' title='bbox 1279 2003 1396 2060; x_wconf 88' lang='lat' dir='ltr'><strong>Illis</strong></span> <span class='ocrx_word' id='word_1_152' title='bbox 1434 2021 1564 2062; x_wconf 89' lang='lat' dir='ltr'><strong>vero</strong></span> <span class='ocrx_word' id='word_1_153' title='bbox 1607 2007 1665 2062; x_wconf 90' lang='lat' dir='ltr'><strong>in</strong></span> <span class='ocrx_word' id='word_1_154' title='bbox 1697 2025 1854 2081; x_wconf 86' lang='lat' dir='ltr'><strong>prece</strong></span> 
     </span>
    </p>
   </div>
   <div class='ocr_carea' id='block_1_24' title="bbox 249 2089 1856 2171">
    <p class='ocr_par' dir='ltr' id='par_1_24' title="bbox 249 2089 1856 2171">
     <span class='ocr_line' id='line_1_24' title="bbox 249 2089 1856 2171; baseline 0.011 -28"><span class='ocrx_word' id='word_1_155' title='bbox 249 2089 698 2162; x_wconf 90' lang='lat' dir='ltr'><strong>perdurantibus,</strong></span> <span class='ocrx_word' id='word_1_156' title='bbox 725 2109 935 2166; x_wconf 77' lang='lat' dir='ltr'><strong>cmpere</strong></span> <span class='ocrx_word' id='word_1_157' title='bbox 956 2095 1120 2151; x_wconf 90' lang='lat' dir='ltr'><strong>etiam</strong></span> <span class='ocrx_word' id='word_1_158' title='bbox 1141 2098 1348 2171; x_wconf 90' lang='lat' dir='ltr'><strong>quique</strong></span> <span class='ocrx_word' id='word_1_159' title='bbox 1374 2099 1674 2159; x_wconf 90' lang='lat' dir='ltr'><strong>nobiliores</strong></span> <span class='ocrx_word' id='word_1_160' title='bbox 1694 2120 1856 2161; x_wconf 88' lang='lat' dir='ltr'><strong>causa</strong></span> 
     </span>
    </p>
   </div>
   <div class='ocr_carea' id='block_1_25' title="bbox 253 2179 1854 2266">
    <p class='ocr_par' dir='ltr' id='par_1_25' title="bbox 253 2179 1854 2266">
     <span class='ocr_line' id='line_1_25' title="bbox 253 2179 1854 2266; baseline 0.01 -34"><span class='ocrx_word' id='word_1_161' title='bbox 253 2179 389 2233; x_wconf 89' lang='lat' dir='ltr'><strong>tanti</strong></span> <span class='ocrx_word' id='word_1_162' title='bbox 418 2181 659 2236; x_wconf 89' lang='lat' dir='ltr'><strong>rumoris</strong></span> <span class='ocrx_word' id='word_1_163' title='bbox 680 2181 906 2239; x_wconf 86' lang='lat' dir='ltr'><strong>excitati</strong></span> <span class='ocrx_word' id='word_1_164' title='bbox 927 2183 996 2238; x_wconf 88' lang='lat' dir='ltr'><strong>ad</strong></span> <span class='ocrx_word' id='word_1_165' title='bbox 1025 2193 1135 2240; x_wconf 91' lang='lat' dir='ltr'><strong>tam</strong></span> <span class='ocrx_word' id='word_1_166' title='bbox 1156 2187 1470 2244; x_wconf 89' lang='lat' dir='ltr'><strong>venerabile</strong></span> <span class='ocrx_word' id='word_1_167' title='bbox 1487 2191 1854 2266; x_wconf 89' lang='lat' dir='ltr'><strong>undecunque</strong></span> 
     </span>
    </p>
   </div>
   <div class='ocr_carea' id='block_1_26' title="bbox 248 2268 1859 2350">
    <p class='ocr_par' dir='ltr' id='par_1_26' title="bbox 248 2268 1859 2350">
     <span class='ocr_line' id='line_1_26' title="bbox 248 2268 1859 2350; baseline 0.009 -27"><span class='ocrx_word' id='word_1_168' title='bbox 248 2268 526 2327; x_wconf 85' lang='lat' dir='ltr'><strong>conﬂuere</strong></span> <span class='ocrx_word' id='word_1_169' title='bbox 558 2274 932 2343; x_wconf 88' lang='lat' dir='ltr'><strong>spectaculum</strong></span> <span class='ocrx_word' id='word_1_170' title='bbox 961 2291 972 2330; x_wconf 90' lang='lat'><strong>:</strong></span> <span class='ocrx_word' id='word_1_171' title='bbox 993 2273 1314 2350; x_wconf 85' lang='lat' dir='ltr'><strong>junctisque</strong></span> <span class='ocrx_word' id='word_1_172' title='bbox 1343 2279 1598 2350; x_wconf 90' lang='lat' dir='ltr'><strong>precibus</strong></span> <span class='ocrx_word' id='word_1_173' title='bbox 1642 2282 1738 2338; x_wconf 87' lang='lat' dir='ltr'><strong>vix</strong></span> <span class='ocrx_word' id='word_1_174' title='bbox 1767 2299 1859 2338; x_wconf 88' lang='lat' dir='ltr'><strong>ex-</strong></span> 
     </span>
    </p>
   </div>
   <div class='ocr_carea' id='block_1_27' title="bbox 249 2363 1858 2442">
    <p class='ocr_par' dir='ltr' id='par_1_27' title="bbox 249 2363 1858 2442">
     <span class='ocr_line' id='line_1_27' title="bbox 249 2363 1858 2442; baseline 0.009 -28"><span class='ocrx_word' id='word_1_175' title='bbox 249 2367 503 2432; x_wconf 89' lang='lat' dir='ltr'><strong>torquere</strong></span> <span class='ocrx_word' id='word_1_176' title='bbox 533 2363 925 2435; x_wconf 90' lang='lat' dir='ltr'><strong>quoquomodo</strong></span> <span class='ocrx_word' id='word_1_177' title='bbox 952 2363 1019 2420; x_wconf 88' lang='lat' dir='ltr'><strong>ab</strong></span> <span class='ocrx_word' id='word_1_178' title='bbox 1049 2365 1244 2422; x_wconf 87' lang='lat' dir='ltr'><strong>abbate</strong></span> <span class='ocrx_word' id='word_1_179' title='bbox 1274 2375 1328 2422; x_wconf 90' lang='lat' dir='ltr'><strong>et</strong></span> <span class='ocrx_word' id='word_1_180' title='bbox 1359 2368 1622 2426; x_wconf 87' lang='lat' dir='ltr'><strong>fratribus</strong></span> <span class='ocrx_word' id='word_1_181' title='bbox 1652 2381 1858 2442; x_wconf 89' lang='lat' dir='ltr'><strong>potue-</strong></span> 
     </span>
    </p>
   </div>
   <div class='ocr_carea' id='block_1_28' title="bbox 251 2455 1857 2524">
    <p class='ocr_par' dir='ltr' id='par_1_28' title="bbox 251 2455 1857 2524">
     <span class='ocr_line' id='line_1_28' title="bbox 251 2455 1857 2524; baseline 0.008 -20"><span class='ocrx_word' id='word_1_182' title='bbox 251 2457 408 2515; x_wconf 87' lang='lat' dir='ltr'><strong>runt,</strong></span> <span class='ocrx_word' id='word_1_183' title='bbox 442 2456 503 2505; x_wconf 91' lang='lat' dir='ltr'><strong>ut</strong></span> <span class='ocrx_word' id='word_1_184' title='bbox 532 2458 691 2507; x_wconf 85' lang='lat' dir='ltr'><strong>extra</strong></span> <span class='ocrx_word' id='word_1_185' title='bbox 735 2460 944 2524; x_wconf 90' lang='lat' dir='ltr'><strong>portam</strong></span> <span class='ocrx_word' id='word_1_186' title='bbox 990 2455 1310 2512; x_wconf 88' lang='lat' dir='ltr'><strong>monasterii</strong></span> <span class='ocrx_word' id='word_1_187' title='bbox 1355 2457 1421 2513; x_wconf 88' lang='lat' dir='ltr'><strong>ad</strong></span> <span class='ocrx_word' id='word_1_188' title='bbox 1465 2459 1857 2518; x_wconf 90' lang='lat' dir='ltr'><strong>occidentalem</strong></span> 
     </span>
    </p>
   </div>
   <div class='ocr_carea' id='block_1_29' title="bbox 253 2538 1859 2609">
    <p class='ocr_par' dir='ltr' id='par_1_29' title="bbox 253 2538 1859 2609">
     <span class='ocr_line' id='line_1_29' title="bbox 253 2538 1859 2609; baseline 0.008 -17"><span class='ocrx_word' id='word_1_189' title='bbox 253 2538 469 2609; x_wconf 84' lang='lat' dir='ltr'><strong>plagam</strong></span> <span class='ocrx_word' id='word_1_190' title='bbox 492 2539 548 2595; x_wconf 92' lang='lat' dir='ltr'><strong>in</strong></span> <span class='ocrx_word' id='word_1_191' title='bbox 571 2540 694 2596; x_wconf 93' lang='lat' dir='ltr'><strong>loco</strong></span> <span class='ocrx_word' id='word_1_192' title='bbox 709 2541 1028 2597; x_wconf 91' lang='lat' dir='ltr'><strong>nemoribus</strong></span> <span class='ocrx_word' id='word_1_193' title='bbox 1055 2543 1272 2599; x_wconf 90' lang='lat' dir='ltr'><strong>consito</strong></span> <span class='ocrx_word' id='word_1_194' title='bbox 1301 2547 1603 2602; x_wconf 91' lang='lat' dir='ltr'><strong>tentorium</strong></span> <span class='ocrx_word' id='word_1_195' title='bbox 1630 2551 1859 2606; x_wconf 87' lang='lat' dir='ltr'><strong>extendi</strong></span> 
     </span>
    </p>
   </div>
   <div class='ocr_carea' id='block_1_30' title="bbox 244 2627 1863 2710">
    <p class='ocr_par' dir='ltr' id='par_1_30' title="bbox 244 2627 1863 2710">
     <span class='ocr_line' id='line_1_30' title="bbox 244 2627 1863 2710; baseline 0.007 -27"><span class='ocrx_word' id='word_1_196' title='bbox 244 2627 490 2699; x_wconf 87' lang='lat' dir='ltr'><strong>juberet,</strong></span> <span class='ocrx_word' id='word_1_197' title='bbox 523 2646 632 2702; x_wconf 90' lang='lat' dir='ltr'><strong>quo</strong></span> <span class='ocrx_word' id='word_1_198' title='bbox 654 2631 932 2687; x_wconf 68' lang='lat' dir='ltr'><strong>memoriae</strong></span> <span class='ocrx_word' id='word_1_199' title='bbox 953 2641 1269 2689; x_wconf 91' lang='lat' dir='ltr'><strong>sanctorum</strong></span> <span class='ocrx_word' id='word_1_200' title='bbox 1287 2644 1438 2691; x_wconf 92' lang='lat' dir='ltr'><strong>certo</strong></span> <span class='ocrx_word' id='word_1_201' title='bbox 1466 2644 1730 2710; x_wconf 91' lang='lat' dir='ltr'><strong>tempore,</strong></span> <span class='ocrx_word' id='word_1_202' title='bbox 1758 2641 1863 2697; x_wconf 92' lang='lat' dir='ltr'><strong>hoc</strong></span> 
     </span>
    </p>
   </div>
   <div class='ocr_carea' id='block_1_31' title="bbox 246 2720 1862 2803">
    <p class='ocr_par' dir='ltr' id='par_1_31' title="bbox 246 2720 1862 2803">
     <span class='ocr_line' id='line_1_31' title="bbox 246 2720 1862 2803; baseline 0.009 -31"><span class='ocrx_word' id='word_1_203' title='bbox 246 2726 331 2773; x_wconf 88' lang='lat' dir='ltr'><strong>est</strong></span> <span class='ocrx_word' id='word_1_204' title='bbox 365 2720 562 2791; x_wconf 81' lang='lat' dir='ltr'><strong>vigilia</strong></span> <span class='ocrx_word' id='word_1_205' title='bbox 594 2722 872 2778; x_wconf 91' lang='lat' dir='ltr'><strong>Dominici</strong></span> <span class='ocrx_word' id='word_1_206' title='bbox 904 2723 1014 2778; x_wconf 91' lang='lat' dir='ltr'><strong>diei</strong></span> <span class='ocrx_word' id='word_1_207' title='bbox 1046 2724 1415 2794; x_wconf 88' lang='lat' dir='ltr'><strong>deferrentur,</strong></span> <span class='ocrx_word' id='word_1_208' title='bbox 1468 2737 1862 2803; x_wconf 87' lang='lat' dir='ltr'><strong>manerentque</strong></span> 
     </span>
    </p>
   </div>
   <div class='ocr_carea' id='block_1_32' title="bbox 249 2806 1864 2880">
    <p class='ocr_par' dir='ltr' id='par_1_32' title="bbox 249 2806 1864 2880">
     <span class='ocr_line' id='line_1_32' title="bbox 249 2806 1864 2880; baseline 0.009 -19"><span class='ocrx_word' id='word_1_209' title='bbox 249 2806 357 2862; x_wconf 77' lang='lat' dir='ltr'><strong>sub</strong></span> <span class='ocrx_word' id='word_1_210' title='bbox 390 2809 664 2864; x_wconf 89' lang='lat' dir='ltr'><strong>reverenti</strong></span> <span class='ocrx_word' id='word_1_211' title='bbox 699 2809 929 2880; x_wconf 79' lang='lat' dir='ltr'><strong>vigilum</strong></span> <span class='ocrx_word' id='word_1_212' title='bbox 978 2813 1230 2868; x_wconf 89' lang='lat' dir='ltr'><strong>custodia</strong></span> <span class='ocrx_word' id='word_1_213' title='bbox 1279 2813 1486 2870; x_wconf 90' lang='lat' dir='ltr'><strong>ibidem</strong></span> <span class='ocrx_word' id='word_1_214' title='bbox 1531 2823 1640 2871; x_wconf 90' lang='lat' dir='ltr'><strong>tam</strong></span> <span class='ocrx_word' id='word_1_215' title='bbox 1678 2835 1864 2875; x_wconf 81' lang='lat' dir='ltr'><strong>mona-</strong></span> 
     </span>
    </p>
   </div>
   <div class='ocr_carea' id='block_1_33' title="bbox 250 2899 1860 2975">
    <p class='ocr_par' dir='ltr' id='par_1_33' title="bbox 250 2899 1860 2975">
     <span class='ocr_line' id='line_1_33' title="bbox 250 2899 1860 2975; baseline 0.006 -20"><span class='ocrx_word' id='word_1_216' title='bbox 250 2899 490 2956; x_wconf 86' lang='lat' dir='ltr'><strong>chorum</strong></span> <span class='ocrx_word' id='word_1_217' title='bbox 519 2916 682 2972; x_wconf 91' lang='lat' dir='ltr'><strong>quam</strong></span> <span class='ocrx_word' id='word_1_218' title='bbox 713 2900 1038 2956; x_wconf 90' lang='lat' dir='ltr'><strong>clericorum</strong></span> <span class='ocrx_word' id='word_1_219' title='bbox 1069 2919 1239 2975; x_wconf 90' lang='lat' dir='ltr'><strong>usque</strong></span> <span class='ocrx_word' id='word_1_220' title='bbox 1268 2905 1335 2958; x_wconf 90' lang='lat' dir='ltr'><strong>ad</strong></span> <span class='ocrx_word' id='word_1_221' title='bbox 1383 2905 1627 2961; x_wconf 88' lang='lat' dir='ltr'><strong>eamdem</strong></span> <span class='ocrx_word' id='word_1_222' title='bbox 1670 2906 1860 2964; x_wconf 88' lang='lat' dir='ltr'><strong>horam</strong></span> 
     </span>
    </p>
   </div>
   <div class='ocr_carea' id='block_1_34' title="bbox 251 2987 1858 3062">
    <p class='ocr_par' dir='ltr' id='par_1_34' title="bbox 251 2987 1858 3062">
     <span class='ocr_line' id='line_1_34' title="bbox 251 2987 1858 3062; baseline 0.007 -20"><span class='ocrx_word' id='word_1_223' title='bbox 251 2988 536 3044; x_wconf 91' lang='lat' dir='ltr'><strong>Dominici</strong></span> <span class='ocrx_word' id='word_1_224' title='bbox 567 2987 699 3056; x_wconf 86' lang='lat' dir='ltr'><strong>diei,</strong></span> <span class='ocrx_word' id='word_1_225' title='bbox 735 2989 1045 3062; x_wconf 88' lang='lat' dir='ltr'><strong>iterumque</strong></span> <span class='ocrx_word' id='word_1_226' title='bbox 1075 2992 1246 3047; x_wconf 89' lang='lat' dir='ltr'><strong>sacris</strong></span> <span class='ocrx_word' id='word_1_227' title='bbox 1267 2993 1603 3050; x_wconf 88' lang='lat' dir='ltr'><strong>referrentur</strong></span> <span class='ocrx_word' id='word_1_228' title='bbox 1625 2995 1858 3054; x_wconf 79' lang='lat' dir='ltr'><strong>zedibus.</strong></span> 
     </span>
    </p>
   </div>
   <div class='ocr_carea' id='block_1_35' title="bbox 1968 411 3568 492">
    <p class='ocr_par' dir='ltr' id='par_1_35' title="bbox 1968 411 3568 492">
     <span class='ocr_line' id='line_1_35' title="bbox 1968 411 3568 492; baseline 0.015 -28"><span class='ocrx_word' id='word_1_229' title='bbox 1968 417 2184 467; x_wconf 64' lang='lat' dir='ltr'><strong>aeternae</strong></span> <span class='ocrx_word' id='word_1_230' title='bbox 2232 411 2594 469; x_wconf 90' lang='lat' dir='ltr'><strong>beatitudinis</strong></span> <span class='ocrx_word' id='word_1_231' title='bbox 2643 417 2868 487; x_wconf 80' lang='lat' dir='ltr'><strong>praemia</strong></span> <span class='ocrx_word' id='word_1_232' title='bbox 2923 419 3228 492; x_wconf 80' lang='lat' dir='ltr'><strong>largiendo,</strong></span> <span class='ocrx_word' id='word_1_233' title='bbox 3275 443 3467 486; x_wconf 91' lang='lat' dir='ltr'><strong>verum</strong></span> <span class='ocrx_word' id='word_1_234' title='bbox 3511 432 3568 487; x_wconf 89' lang='lat' dir='ltr'><strong>in</strong></span> 
     </span>
    </p>
   </div>
   <div class='ocr_carea' id='block_1_36' title="bbox 1965 499 3572 580">
    <p class='ocr_par' dir='ltr' id='par_1_36' title="bbox 1965 499 3572 580">
     <span class='ocr_line' id='line_1_36' title="bbox 1965 499 3572 580; baseline 0.014 -27"><span class='ocrx_word' id='word_1_235' title='bbox 1965 499 2219 571; x_wconf 66' lang='lat' dir='ltr'><strong>praesenti</strong></span> <span class='ocrx_word' id='word_1_236' title='bbox 2243 503 2444 560; x_wconf 67' lang='lat' dir='ltr'><strong>saeculo</strong></span> <span class='ocrx_word' id='word_1_237' title='bbox 2475 505 2800 562; x_wconf 88' lang='lat' dir='ltr'><strong>mortalibus</strong></span> <span class='ocrx_word' id='word_1_238' title='bbox 2829 507 3092 580; x_wconf 87' lang='lat' dir='ltr'><strong>deputato</strong></span> <span class='ocrx_word' id='word_1_239' title='bbox 3113 512 3397 571; x_wconf 91' lang='lat' dir='ltr'><strong>miraculis</strong></span> <span class='ocrx_word' id='word_1_240' title='bbox 3430 519 3572 576; x_wconf 93' lang='lat' dir='ltr'><strong>illu-</strong></span> 
     </span>
    </p>
   </div>
   <div class='ocr_carea' id='block_1_37' title="bbox 1964 590 2211 646">
    <p class='ocr_par' dir='ltr' id='par_1_37' title="bbox 1964 590 2211 646">
     <span class='ocr_line' id='line_1_37' title="bbox 1964 590 2211 646; baseline 0.016 -4"><span class='ocrx_word' id='word_1_241' title='bbox 1964 590 2211 646; x_wconf 88' lang='lat' dir='ltr'><strong>strando.</strong></span> 
     </span>
    </p>
   </div>
   <div class='ocr_carea' id='block_1_38' title="bbox 2526 719 3006 781">
    <p class='ocr_par' dir='ltr' id='par_1_38' title="bbox 2526 719 3006 781">
     <span class='ocr_line' id='line_1_38' title="bbox 2526 719 3006 781; baseline 0.01 -5"><span class='ocrx_word' id='word_1_242' title='bbox 2526 719 2755 776; x_wconf 84' lang='lat' dir='ltr'><strong>CAPUT</strong></span> <span class='ocrx_word' id='word_1_243' title='bbox 2796 722 3006 781; x_wconf 84' lang='lat' dir='ltr'><strong>XXIX.</strong></span> 
     </span>
    </p>
   </div>
   <div class='ocr_carea' id='block_1_39' title="bbox 2483 815 3066 880">
    <p class='ocr_par' dir='ltr' id='par_1_39' title="bbox 2483 815 3066 880">
     <span class='ocr_line' id='line_1_39' title="bbox 2483 815 3066 880; baseline 0.014 -9"><span class='ocrx_word' id='word_1_244' title='bbox 2483 815 2796 874; x_wconf 79' lang='lat' dir='ltr'><strong>Contractus</strong></span> <span class='ocrx_word' id='word_1_245' title='bbox 2825 827 3066 880; x_wconf 79' lang='lat' dir='ltr'><strong>sanatus.</strong></span> 
     </span>
    </p>
   </div>
   <div class='ocr_carea' id='block_1_40' title="bbox 2036 920 3570 1000">
    <p class='ocr_par' dir='ltr' id='par_1_40' title="bbox 2036 920 3570 1000">
     <span class='ocr_line' id='line_1_40' title="bbox 2036 920 3570 1000; baseline 0.014 -23"><span class='ocrx_word' id='word_1_246' title='bbox 2036 920 2139 978; x_wconf 90' lang='lat' dir='ltr'><strong>Sed</strong></span> <span class='ocrx_word' id='word_1_247' title='bbox 2171 939 2238 979; x_wconf 93' lang='lat' dir='ltr'><strong>ne</strong></span> <span class='ocrx_word' id='word_1_248' title='bbox 2284 925 2548 998; x_wconf 89' lang='lat' dir='ltr'><strong>imparem</strong></span> <span class='ocrx_word' id='word_1_249' title='bbox 2600 931 2815 988; x_wconf 89' lang='lat' dir='ltr'><strong>meritis</strong></span> <span class='ocrx_word' id='word_1_250' title='bbox 2847 931 2992 990; x_wconf 89' lang='lat' dir='ltr'><strong>idem</strong></span> <span class='ocrx_word' id='word_1_251' title='bbox 3039 935 3310 996; x_wconf 90' lang='lat' dir='ltr'><strong>Conditor</strong></span> <span class='ocrx_word' id='word_1_252' title='bbox 3355 957 3418 998; x_wconf 92' lang='lat' dir='ltr'><strong>ac</strong></span> <span class='ocrx_word' id='word_1_253' title='bbox 3473 943 3570 1000; x_wconf 84' lang='lat' dir='ltr'><strong>Re-</strong></span> 
     </span>
    </p>
   </div>
   <div class='ocr_carea' id='block_1_41' title="bbox 1964 1011 3572 1090">
    <p class='ocr_par' dir='ltr' id='par_1_41' title="bbox 1964 1011 3572 1090">
     <span class='ocr_line' id='line_1_41' title="bbox 1964 1011 3572 1090; baseline 0.014 -24"><span class='ocrx_word' id='word_1_254' title='bbox 1964 1011 2216 1085; x_wconf 89' lang='lat' dir='ltr'><strong>demptor</strong></span> <span class='ocrx_word' id='word_1_255' title='bbox 2263 1015 2490 1074; x_wconf 88' lang='lat' dir='ltr'><strong>humani</strong></span> <span class='ocrx_word' id='word_1_256' title='bbox 2539 1021 2752 1090; x_wconf 85' lang='lat' dir='ltr'><strong>generis</strong></span> <span class='ocrx_word' id='word_1_257' title='bbox 2795 1022 2948 1079; x_wconf 85' lang='lat' dir='ltr'><strong>Jesus</strong></span> <span class='ocrx_word' id='word_1_258' title='bbox 2992 1024 3244 1084; x_wconf 90' lang='lat' dir='ltr'><strong>Christus</strong></span> <span class='ocrx_word' id='word_1_259' title='bbox 3295 1031 3572 1088; x_wconf 82' lang='lat' dir='ltr'><strong>sanctissi-</strong></span> 
     </span>
    </p>
   </div>
   <div class='ocr_carea' id='block_1_42' title="bbox 1965 1104 3569 1191">
    <p class='ocr_par' dir='ltr' id='par_1_42' title="bbox 1965 1104 3569 1191">
     <span class='ocr_line' id='line_1_42' title="bbox 1965 1104 3569 1191; baseline 0.014 -35"><span class='ocrx_word' id='word_1_260' title='bbox 1965 1118 2116 1157; x_wconf 91' lang='lat' dir='ltr'><strong>mum</strong></span> <span class='ocrx_word' id='word_1_261' title='bbox 2148 1104 2457 1162; x_wconf 90' lang='lat' dir='ltr'><strong>ostenderet</strong></span> <span class='ocrx_word' id='word_1_262' title='bbox 2486 1108 2868 1179; x_wconf 90' lang='lat' dir='ltr'><strong>Benedictum,</strong></span> <span class='ocrx_word' id='word_1_263' title='bbox 2903 1113 3016 1170; x_wconf 92' lang='lat' dir='ltr'><strong>imo</strong></span> <span class='ocrx_word' id='word_1_264' title='bbox 3058 1132 3126 1172; x_wconf 93' lang='lat' dir='ltr'><strong>ne</strong></span> <span class='ocrx_word' id='word_1_265' title='bbox 3161 1118 3333 1191; x_wconf 88' lang='lat' dir='ltr'><strong>aliqui</strong></span> <span class='ocrx_word' id='word_1_266' title='bbox 3385 1122 3569 1179; x_wconf 88' lang='lat' dir='ltr'><strong>minus</strong></span> 
     </span>
    </p>
   </div>
   <div class='ocr_carea' id='block_1_43' title="bbox 1965 1190 3568 1280">
    <p class='ocr_par' dir='ltr' id='par_1_43' title="bbox 1965 1190 3568 1280">
     <span class='ocr_line' id='line_1_43' title="bbox 1965 1190 3568 1280; baseline 0.012 -34"><span class='ocrx_word' id='word_1_267' title='bbox 1965 1190 2272 1265; x_wconf 84' lang='lat' dir='ltr'><strong>intelligere</strong></span> <span class='ocrx_word' id='word_1_268' title='bbox 2291 1198 2536 1254; x_wconf 90' lang='lat' dir='ltr'><strong>valentes</strong></span> <span class='ocrx_word' id='word_1_269' title='bbox 2565 1198 2814 1256; x_wconf 86' lang='lat' dir='ltr'><strong>divinam</strong></span> <span class='ocrx_word' id='word_1_270' title='bbox 2847 1201 3336 1276; x_wconf 87' lang='lat' dir='ltr'><strong>dispensationem,</strong></span> <span class='ocrx_word' id='word_1_271' title='bbox 3369 1209 3568 1280; x_wconf 85' lang='lat' dir='ltr'><strong>glorio-</strong></span> 
     </span>
    </p>
   </div>
   <div class='ocr_carea' id='block_1_44' title="bbox 1964 1283 3571 1370">
    <p class='ocr_par' dir='ltr' id='par_1_44' title="bbox 1964 1283 3571 1370">
     <span class='ocr_line' id='line_1_44' title="bbox 1964 1283 3571 1370; baseline 0.012 -34"><span class='ocrx_word' id='word_1_272' title='bbox 1964 1283 2136 1338; x_wconf 91' lang='lat' dir='ltr'><strong>siores</strong></span> <span class='ocrx_word' id='word_1_273' title='bbox 2166 1300 2326 1356; x_wconf 88' lang='lat' dir='ltr'><strong>quam</strong></span> <span class='ocrx_word' id='word_1_274' title='bbox 2383 1288 2620 1344; x_wconf 83' lang='lat' dir='ltr'><strong>maxime</strong></span> <span class='ocrx_word' id='word_1_275' title='bbox 2649 1289 2794 1362; x_wconf 89' lang='lat' dir='ltr'><strong>apud</strong></span> <span class='ocrx_word' id='word_1_276' title='bbox 2836 1294 3136 1349; x_wconf 90' lang='lat' dir='ltr'><strong>Dominum</strong></span> <span class='ocrx_word' id='word_1_277' title='bbox 3169 1295 3269 1351; x_wconf 89' lang='lat' dir='ltr'><strong>hos</strong></span> <span class='ocrx_word' id='word_1_278' title='bbox 3316 1306 3571 1370; x_wconf 90' lang='lat' dir='ltr'><strong>putarent</strong></span> 
     </span>
    </p>
   </div>
   <div class='ocr_carea' id='block_1_45' title="bbox 1965 1371 3568 1462">
    <p class='ocr_par' dir='ltr' id='par_1_45' title="bbox 1965 1371 3568 1462">
     <span class='ocr_line' id='line_1_45' title="bbox 1965 1371 3568 1462; baseline 0.013 -37"><span class='ocrx_word' id='word_1_279' title='bbox 1965 1371 2199 1428; x_wconf 85' lang='lat' dir='ltr'><strong>existere</strong></span> <span class='ocrx_word' id='word_1_280' title='bbox 2229 1385 2515 1448; x_wconf 85' lang='lat' dir='ltr'><strong>martyres,</strong></span> <span class='ocrx_word' id='word_1_281' title='bbox 2562 1380 2658 1451; x_wconf 90' lang='lat' dir='ltr'><strong>qui</strong></span> <span class='ocrx_word' id='word_1_282' title='bbox 2709 1381 2994 1452; x_wconf 86' lang='lat' dir='ltr'><strong>sanguinis</strong></span> <span class='ocrx_word' id='word_1_283' title='bbox 3037 1383 3306 1442; x_wconf 73' lang='lat' dir='ltr'><strong>effusione</strong></span> <span class='ocrx_word' id='word_1_284' title='bbox 3359 1391 3568 1462; x_wconf 88' lang='lat' dir='ltr'><strong>proprii</strong></span> 
     </span>
    </p>
   </div>
   <div class='ocr_carea' id='block_1_46' title="bbox 1963 1465 3567 1550">
    <p class='ocr_par' dir='ltr' id='par_1_46' title="bbox 1963 1465 3567 1550">
     <span class='ocr_line' id='line_1_46' title="bbox 1963 1465 3567 1550; baseline 0.013 -35"><span class='ocrx_word' id='word_1_285' title='bbox 1963 1477 2222 1518; x_wconf 89' lang='lat' dir='ltr'><strong>coronam</strong></span> <span class='ocrx_word' id='word_1_286' title='bbox 2270 1465 2376 1521; x_wconf 89' lang='lat' dir='ltr'><strong>sibi</strong></span> <span class='ocrx_word' id='word_1_287' title='bbox 2424 1467 2669 1539; x_wconf 90' lang='lat' dir='ltr'><strong>pararint</strong></span> <span class='ocrx_word' id='word_1_288' title='bbox 2717 1470 3001 1529; x_wconf 86' lang='lat' dir='ltr'><strong>felicitatis</strong></span> <span class='ocrx_word' id='word_1_289' title='bbox 3051 1483 3350 1548; x_wconf 62' lang='lat' dir='ltr'><strong>perpetuae,</strong></span> <span class='ocrx_word' id='word_1_290' title='bbox 3403 1494 3567 1550; x_wconf 89' lang='lat' dir='ltr'><strong>quam</strong></span> 
     </span>
    </p>
   </div>
   <div class='ocr_carea' id='block_1_47' title="bbox 1964 1549 3570 1636">
    <p class='ocr_par' dir='ltr' id='par_1_47' title="bbox 1964 1549 3570 1636">
     <span class='ocr_line' id='line_1_47' title="bbox 1964 1549 3570 1636; baseline 0.012 -32"><span class='ocrx_word' id='word_1_291' title='bbox 1964 1549 2123 1606; x_wconf 90' lang='lat' dir='ltr'><strong>illum</strong></span> <span class='ocrx_word' id='word_1_292' title='bbox 2155 1553 2250 1625; x_wconf 91' lang='lat' dir='ltr'><strong>qui</strong></span> <span class='ocrx_word' id='word_1_293' title='bbox 2294 1554 2496 1628; x_wconf 87' lang='lat' dir='ltr'><strong>absque</strong></span> <span class='ocrx_word' id='word_1_294' title='bbox 2546 1561 2804 1632; x_wconf 86' lang='lat' dir='ltr'><strong>martyrii</strong></span> <span class='ocrx_word' id='word_1_295' title='bbox 2856 1562 3040 1632; x_wconf 88' lang='lat' dir='ltr'><strong>palma</strong></span> <span class='ocrx_word' id='word_1_296' title='bbox 3079 1563 3137 1618; x_wconf 91' lang='lat' dir='ltr'><strong>in</strong></span> <span class='ocrx_word' id='word_1_297' title='bbox 3169 1581 3300 1636; x_wconf 90' lang='lat' dir='ltr'><strong>pace</strong></span> <span class='ocrx_word' id='word_1_298' title='bbox 3329 1549 3570 1624; x_wconf 76' lang='lat' dir='ltr'><strong>animam</strong></span> 
     </span>
    </p>
   </div>
   <div class='ocr_carea' id='block_1_48' title="bbox 1962 1637 3572 1724">
    <p class='ocr_par' dir='ltr' id='par_1_48' title="bbox 1962 1637 3572 1724">
     <span class='ocr_line' id='line_1_48' title="bbox 1962 1637 3572 1724; baseline 0.013 -33"><span class='ocrx_word' id='word_1_299' title='bbox 1962 1637 2184 1696; x_wconf 87' lang='lat' dir='ltr'><strong>sedibus</strong></span> <span class='ocrx_word' id='word_1_300' title='bbox 2212 1643 2402 1713; x_wconf 71' lang='lat' dir='ltr'><strong>patriae</strong></span> <span class='ocrx_word' id='word_1_301' title='bbox 2433 1646 2670 1702; x_wconf 76' lang='lat' dir='ltr'><strong>cmlestis</strong></span> <span class='ocrx_word' id='word_1_302' title='bbox 2691 1647 3022 1719; x_wconf 90' lang='lat' dir='ltr'><strong>immiserit;</strong></span> <span class='ocrx_word' id='word_1_303' title='bbox 3055 1653 3261 1724; x_wconf 86' lang='lat' dir='ltr'><strong>placuit</strong></span> <span class='ocrx_word' id='word_1_304' title='bbox 3292 1654 3399 1724; x_wconf 92' lang='lat' dir='ltr'><strong>illi,</strong></span> <span class='ocrx_word' id='word_1_305' title='bbox 3426 1655 3572 1712; x_wconf 69' lang='lat' dir='ltr'><strong>haud</strong></span> 
     </span>
    </p>
   </div>
   <div class='ocr_carea' id='block_1_49' title="bbox 1887 1705 3570 1817">
    <p class='ocr_par' dir='ltr' id='par_1_49' title="bbox 1887 1705 3570 1817">
     <span class='ocr_line' id='line_1_49' title="bbox 2212 1705 3570 1724; baseline 0.01 -13"><span class='ocrx_word' id='word_1_306' title='bbox 2212 1705 2229 1713; x_wconf 91' lang='lat'><strong>-</strong></span> <span class='ocrx_word' id='word_1_307' title='bbox 3010 1705 3022 1719; x_wconf 69' lang='grc' dir='ltr'><em>ι</em></span> <span class='ocrx_word' id='word_1_308' title='bbox 3056 1705 3260 1724; x_wconf 43' lang='lat' dir='ltr'><strong>r—vm</strong></span> <span class='ocrx_word' id='word_1_309' title='bbox 3427 1705 3570 1712; x_wconf 82' lang='lat'><strong>--———</strong></span> 
     </span>
     <span class='ocr_line' id='line_1_50' title="bbox 1887 1705 3570 1817; baseline 0.015 -39"><span class='ocrx_word' id='word_1_310' title='bbox 1887 1705 1931 1764; x_wconf 82' lang='grc' dir='ltr'>Β</span> <span class='ocrx_word' id='word_1_311' title='bbox 1965 1725 2205 1798; x_wconf 89' lang='lat' dir='ltr'><strong>disparia</strong></span> <span class='ocrx_word' id='word_1_312' title='bbox 2253 1747 2348 1802; x_wconf 88' lang='lat' dir='ltr'><strong>per</strong></span> <span class='ocrx_word' id='word_1_313' title='bbox 2394 1749 2614 1790; x_wconf 90' lang='lat' dir='ltr'><strong>servum</strong></span> <span class='ocrx_word' id='word_1_314' title='bbox 2671 1753 2833 1793; x_wconf 88' lang='lat' dir='ltr'><strong>suum</strong></span> <span class='ocrx_word' id='word_1_315' title='bbox 2884 1739 3310 1799; x_wconf 90' lang='lat' dir='ltr'><strong>dilectissimum</strong></span> <span class='ocrx_word' id='word_1_316' title='bbox 3357 1754 3570 1817; x_wconf 90' lang='lat' dir='ltr'><strong>patrare</strong></span> 
     </span>
    </p>
   </div>
   <div class='ocr_carea' id='block_1_50' title="bbox 1966 1817 3570 1904">
    <p class='ocr_par' dir='ltr' id='par_1_50' title="bbox 1966 1817 3570 1904">
     <span class='ocr_line' id='line_1_51' title="bbox 1966 1817 3570 1904; baseline 0.013 -34"><span class='ocrx_word' id='word_1_317' title='bbox 1966 1817 2230 1874; x_wconf 88' lang='lat' dir='ltr'><strong>miracula</strong></span> <span class='ocrx_word' id='word_1_318' title='bbox 2282 1821 2426 1893; x_wconf 89' lang='lat' dir='ltr'><strong>apud</strong></span> <span class='ocrx_word' id='word_1_319' title='bbox 2473 1825 2896 1883; x_wconf 89' lang='lat' dir='ltr'><strong>sacratissimam</strong></span> <span class='ocrx_word' id='word_1_320' title='bbox 2949 1829 3121 1886; x_wconf 72' lang='lat' dir='ltr'><strong>aedem</strong></span> <span class='ocrx_word' id='word_1_321' title='bbox 3186 1848 3293 1904; x_wconf 92' lang='lat' dir='ltr'><strong>qua</strong></span> <span class='ocrx_word' id='word_1_322' title='bbox 3346 1835 3570 1891; x_wconf 89' lang='lat' dir='ltr'><strong>condita</strong></span> 
     </span>
    </p>
   </div>
   <div class='ocr_carea' id='block_1_51' title="bbox 1964 1903 3572 1993">
    <p class='ocr_par' dir='ltr' id='par_1_51' title="bbox 1964 1903 3572 1993">
     <span class='ocr_line' id='line_1_52' title="bbox 1964 1903 3572 1993; baseline 0.013 -35"><span class='ocrx_word' id='word_1_323' title='bbox 1964 1903 2206 1975; x_wconf 89' lang='lat' dir='ltr'><strong>ejusdem</strong></span> <span class='ocrx_word' id='word_1_324' title='bbox 2241 1908 2417 1966; x_wconf 89' lang='lat' dir='ltr'><strong>Patris</strong></span> <span class='ocrx_word' id='word_1_325' title='bbox 2440 1913 2686 1969; x_wconf 89' lang='lat' dir='ltr'><strong>membra</strong></span> <span class='ocrx_word' id='word_1_326' title='bbox 2731 1926 3040 1973; x_wconf 84' lang='lat' dir='ltr'><strong>servantur.</strong></span> <span class='ocrx_word' id='word_1_327' title='bbox 3085 1903 3334 1993; x_wconf 86' lang='lat' dir='ltr'><strong>Namque</strong></span> <span class='ocrx_word' id='word_1_328' title='bbox 3355 1922 3572 1979; x_wconf 88' lang='lat' dir='ltr'><strong>delatus</strong></span> 
     </span>
    </p>
   </div>
   <div class='ocr_carea' id='block_1_52' title="bbox 1963 1998 3572 2076">
    <p class='ocr_par' dir='ltr' id='par_1_52' title="bbox 1963 1998 3572 2076">
     <span class='ocr_line' id='line_1_53' title="bbox 1963 1998 3572 2076; baseline 0.012 -27"><span class='ocrx_word' id='word_1_329' title='bbox 1963 2010 1995 2049; x_wconf 91' lang='lat' dir='ltr'><strong>a</strong></span> <span class='ocrx_word' id='word_1_330' title='bbox 2053 1998 2373 2067; x_wconf 87' lang='lat' dir='ltr'><strong>parentibus</strong></span> <span class='ocrx_word' id='word_1_331' title='bbox 2422 2018 2559 2073; x_wconf 91' lang='lat' dir='ltr'><strong>puer</strong></span> <span class='ocrx_word' id='word_1_332' title='bbox 2606 2007 2868 2076; x_wconf 86' lang='lat' dir='ltr'><strong>parvulus</strong></span> <span class='ocrx_word' id='word_1_333' title='bbox 2916 2007 2984 2063; x_wconf 90' lang='lat' dir='ltr'><strong>ad</strong></span> <span class='ocrx_word' id='word_1_334' title='bbox 3023 2009 3316 2066; x_wconf 88' lang='lat' dir='ltr'><strong>memorias</strong></span> <span class='ocrx_word' id='word_1_335' title='bbox 3344 2022 3572 2068; x_wconf 89' lang='lat' dir='ltr'><strong>sancto-</strong></span> 
     </span>
    </p>
   </div>
   <div class='ocr_carea' id='block_1_53' title="bbox 1963 2094 3572 2172">
    <p class='ocr_par' dir='ltr' id='par_1_53' title="bbox 1963 2094 3572 2172">
     <span class='ocr_line' id='line_1_54' title="bbox 1963 2094 3572 2172; baseline 0.013 -33"><span class='ocrx_word' id='word_1_336' title='bbox 1963 2100 2087 2141; x_wconf 91' lang='lat' dir='ltr'><strong>rum</strong></span> <span class='ocrx_word' id='word_1_337' title='bbox 2120 2097 2451 2162; x_wconf 86' lang='lat' dir='ltr'><strong>martyrum,</strong></span> <span class='ocrx_word' id='word_1_338' title='bbox 2497 2110 2624 2148; x_wconf 91' lang='lat' dir='ltr'><strong>cum</strong></span> <span class='ocrx_word' id='word_1_339' title='bbox 2668 2094 2901 2151; x_wconf 88' lang='lat' dir='ltr'><strong>salutem</strong></span> <span class='ocrx_word' id='word_1_340' title='bbox 2941 2097 3311 2172; x_wconf 87' lang='lat' dir='ltr'><strong>nequidquam</strong></span> <span class='ocrx_word' id='word_1_341' title='bbox 3361 2100 3572 2160; x_wconf 91' lang='lat' dir='ltr'><strong>diutius</strong></span> 
     </span>
    </p>
   </div>
   <div class='ocr_carea' id='block_1_54' title="bbox 1971 2176 3570 2254">
    <p class='ocr_par' dir='ltr' id='par_1_54' title="bbox 1971 2176 3570 2254">
     <span class='ocr_line' id='line_1_55' title="bbox 1971 2176 3570 2254; baseline 0.013 -26"><span class='ocrx_word' id='word_1_342' title='bbox 1971 2176 2271 2246; x_wconf 90' lang='lat' dir='ltr'><strong>expetitam</strong></span> <span class='ocrx_word' id='word_1_343' title='bbox 2328 2191 2756 2252; x_wconf 87' lang='lat' dir='ltr'><strong>consequeretur</strong></span> <span class='ocrx_word' id='word_1_344' title='bbox 2803 2185 2944 2254; x_wconf 84' lang='lat' dir='ltr'><strong>(erat</strong></span> <span class='ocrx_word' id='word_1_345' title='bbox 2987 2187 3137 2242; x_wconf 92' lang='lat' dir='ltr'><strong>enim</strong></span> <span class='ocrx_word' id='word_1_346' title='bbox 3179 2191 3425 2246; x_wconf 91' lang='lat' dir='ltr'><strong>crurium</strong></span> <span class='ocrx_word' id='word_1_347' title='bbox 3477 2207 3570 2248; x_wconf 83' lang='lat' dir='ltr'><strong>ex-</strong></span> 
     </span>
    </p>
   </div>
   <div class='ocr_carea' id='block_1_55' title="bbox 1971 2261 3570 2350">
    <p class='ocr_par' dir='ltr' id='par_1_55' title="bbox 1971 2261 3570 2350">
     <span class='ocr_line' id='line_1_56' title="bbox 1971 2261 3570 2350; baseline 0.013 -33"><span class='ocrx_word' id='word_1_348' title='bbox 1971 2261 2288 2334; x_wconf 89' lang='lat' dir='ltr'><strong>siccatione,</strong></span> <span class='ocrx_word' id='word_1_349' title='bbox 2323 2283 2732 2344; x_wconf 89' lang='lat' dir='ltr'><strong>nervorumque</strong></span> <span class='ocrx_word' id='word_1_350' title='bbox 2766 2275 3145 2332; x_wconf 88' lang='lat' dir='ltr'><strong>contractione</strong></span> <span class='ocrx_word' id='word_1_351' title='bbox 3182 2278 3318 2334; x_wconf 86' lang='lat' dir='ltr'><strong>adeo</strong></span> <span class='ocrx_word' id='word_1_352' title='bbox 3349 2279 3570 2350; x_wconf 87' lang='lat' dir='ltr'><strong>debilis,</strong></span> 
     </span>
    </p>
   </div>
   <div class='ocr_carea' id='block_1_56' title="bbox 1971 2351 3569 2437">
    <p class='ocr_par' dir='ltr' id='par_1_56' title="bbox 1971 2351 3569 2437">
     <span class='ocr_line' id='line_1_57' title="bbox 1971 2351 3569 2437; baseline 0.013 -33"><span class='ocrx_word' id='word_1_353' title='bbox 1971 2351 2107 2422; x_wconf 91' lang='lat' dir='ltr'><strong>quin</strong></span> <span class='ocrx_word' id='word_1_354' title='bbox 2137 2353 2304 2410; x_wconf 91' lang='lat' dir='ltr'><strong>etiam</strong></span> <span class='ocrx_word' id='word_1_355' title='bbox 2337 2357 2518 2412; x_wconf 89' lang='lat' dir='ltr'><strong>taxilli</strong></span> <span class='ocrx_word' id='word_1_356' title='bbox 2564 2358 2641 2414; x_wconf 88' lang='lat' dir='ltr'><strong>ita</strong></span> <span class='ocrx_word' id='word_1_357' title='bbox 2669 2361 2890 2416; x_wconf 89' lang='lat' dir='ltr'><strong>natibus</strong></span> <span class='ocrx_word' id='word_1_358' title='bbox 2922 2365 3186 2421; x_wconf 91' lang='lat' dir='ltr'><strong>tenaciter</strong></span> <span class='ocrx_word' id='word_1_359' title='bbox 3216 2367 3569 2437; x_wconf 69' lang='lat' dir='ltr'><strong>inhaeserant,</strong></span> 
     </span>
    </p>
   </div>
   <div class='ocr_carea' id='block_1_57' title="bbox 1971 2442 3574 2522">
    <p class='ocr_par' dir='ltr' id='par_1_57' title="bbox 1971 2442 3574 2522">
     <span class='ocr_line' id='line_1_58' title="bbox 1971 2442 3574 2522; baseline 0.012 -29"><span class='ocrx_word' id='word_1_360' title='bbox 1971 2442 2118 2511; x_wconf 90' lang='lat' dir='ltr'><strong>quod</strong></span> <span class='ocrx_word' id='word_1_361' title='bbox 2149 2459 2428 2516; x_wconf 90' lang='lat' dir='ltr'><strong>nunquam</strong></span> <span class='ocrx_word' id='word_1_362' title='bbox 2457 2463 2487 2502; x_wconf 92' lang='lat' dir='ltr'><strong>a</strong></span> <span class='ocrx_word' id='word_1_363' title='bbox 2507 2447 2798 2504; x_wconf 89' lang='lat' dir='ltr'><strong>nativitate</strong></span> <span class='ocrx_word' id='word_1_364' title='bbox 2827 2466 3110 2522; x_wconf 86' lang='lat' dir='ltr'><strong>gressuum</strong></span> <span class='ocrx_word' id='word_1_365' title='bbox 3141 2453 3416 2510; x_wconf 89' lang='lat' dir='ltr'><strong>incessum</strong></span> <span class='ocrx_word' id='word_1_366' title='bbox 3465 2473 3574 2513; x_wconf 90' lang='lat' dir='ltr'><strong>ex-</strong></span> 
     </span>
    </p>
   </div>
   <div class='ocr_carea' id='block_1_58' title="bbox 1971 2533 3575 2618">
    <p class='ocr_par' dir='ltr' id='par_1_58' title="bbox 1971 2533 3575 2618">
     <span class='ocr_line' id='line_1_59' title="bbox 1971 2533 3575 2618; baseline 0.009 -30"><span class='ocrx_word' id='word_1_367' title='bbox 1971 2533 2136 2604; x_wconf 89' lang='lat' dir='ltr'><strong>periri</strong></span> <span class='ocrx_word' id='word_1_368' title='bbox 2159 2536 2717 2609; x_wconf 81' lang='lat' dir='ltr'><strong>quiret),deportatur</strong></span> <span class='ocrx_word' id='word_1_369' title='bbox 2736 2557 2766 2595; x_wconf 89' lang='lat' dir='ltr'><strong>a</strong></span> <span class='ocrx_word' id='word_1_370' title='bbox 2788 2540 2990 2612; x_wconf 90' lang='lat' dir='ltr'><strong>bajulis</strong></span> <span class='ocrx_word' id='word_1_371' title='bbox 3007 2542 3077 2598; x_wconf 91' lang='lat' dir='ltr'><strong>ad</strong></span> <span class='ocrx_word' id='word_1_372' title='bbox 3101 2546 3412 2615; x_wconf 89' lang='lat' dir='ltr'><strong>sepulcrum</strong></span> <span class='ocrx_word' id='word_1_373' title='bbox 3435 2563 3575 2618; x_wconf 67' lang='lat' dir='ltr'><strong>saepe</strong></span> 
     </span>
    </p>
   </div>
   <div class='ocr_carea' id='block_1_59' title="bbox 1973 2625 3576 2706">
    <p class='ocr_par' dir='ltr' id='par_1_59' title="bbox 1973 2625 3576 2706">
     <span class='ocr_line' id='line_1_60' title="bbox 1973 2625 3576 2706; baseline 0.009 -31"><span class='ocrx_word' id='word_1_374' title='bbox 1973 2625 2261 2680; x_wconf 91' lang='lat' dir='ltr'><strong>memorati</strong></span> <span class='ocrx_word' id='word_1_375' title='bbox 2292 2626 2622 2683; x_wconf 81' lang='lat' dir='ltr'><strong>confessoris</strong></span> <span class='ocrx_word' id='word_1_376' title='bbox 2654 2628 2859 2686; x_wconf 88' lang='lat' dir='ltr'><strong>Christi</strong></span> <span class='ocrx_word' id='word_1_377' title='bbox 2903 2631 3186 2688; x_wconf 90' lang='lat' dir='ltr'><strong>Benedicti</strong></span> <span class='ocrx_word' id='word_1_378' title='bbox 3212 2651 3223 2688; x_wconf 90' lang='lat'><em>:</em></span> <span class='ocrx_word' id='word_1_379' title='bbox 3259 2632 3446 2706; x_wconf 92' lang='lat' dir='ltr'><strong>ibique</strong></span> <span class='ocrx_word' id='word_1_380' title='bbox 3476 2635 3576 2689; x_wconf 90' lang='lat' dir='ltr'><strong>in-</strong></span> 
     </span>
    </p>
   </div>
   <div class='ocr_carea' id='block_1_60' title="bbox 1970 2712 3576 2791">
    <p class='ocr_par' dir='ltr' id='par_1_60' title="bbox 1970 2712 3576 2791">
     <span class='ocr_line' id='line_1_61' title="bbox 1970 2712 3576 2791; baseline 0.009 -25"><span class='ocrx_word' id='word_1_381' title='bbox 1970 2712 2153 2768; x_wconf 91' lang='lat' dir='ltr'><strong>terdiu</strong></span> <span class='ocrx_word' id='word_1_382' title='bbox 2205 2731 2574 2787; x_wconf 87' lang='lat' dir='ltr'><strong>perseverans,</strong></span> <span class='ocrx_word' id='word_1_383' title='bbox 2627 2719 2892 2791; x_wconf 90' lang='lat' dir='ltr'><strong>postridie</strong></span> <span class='ocrx_word' id='word_1_384' title='bbox 2939 2723 3360 2780; x_wconf 90' lang='lat' dir='ltr'><strong>concinentibus</strong></span> <span class='ocrx_word' id='word_1_385' title='bbox 3416 2724 3576 2781; x_wconf 91' lang='lat' dir='ltr'><strong>nobis</strong></span> 
     </span>
    </p>
   </div>
   <div class='ocr_carea' id='block_1_61' title="bbox 1971 2802 3577 2886">
    <p class='ocr_par' dir='ltr' id='par_1_61' title="bbox 1971 2802 3577 2886">
     <span class='ocr_line' id='line_1_62' title="bbox 1971 2802 3577 2886; baseline 0.007 -28"><span class='ocrx_word' id='word_1_386' title='bbox 1971 2802 2298 2876; x_wconf 88' lang='lat' dir='ltr'><strong>cunctisque</strong></span> <span class='ocrx_word' id='word_1_387' title='bbox 2346 2806 2441 2878; x_wconf 93' lang='lat' dir='ltr'><strong>qui</strong></span> <span class='ocrx_word' id='word_1_388' title='bbox 2484 2807 2710 2863; x_wconf 88' lang='lat' dir='ltr'><strong>aderant</strong></span> <span class='ocrx_word' id='word_1_389' title='bbox 2762 2809 3026 2866; x_wconf 88' lang='lat' dir='ltr'><strong>fratribus</strong></span> <span class='ocrx_word' id='word_1_390' title='bbox 3080 2812 3232 2884; x_wconf 89' lang='lat' dir='ltr'><strong>(nam</strong></span> <span class='ocrx_word' id='word_1_391' title='bbox 3265 2813 3577 2886; x_wconf 89' lang='lat' dir='ltr'><strong>vespertina</strong></span> 
     </span>
    </p>
   </div>
   <div class='ocr_carea' id='block_1_62' title="bbox 1973 2893 3578 2972">
    <p class='ocr_par' dir='ltr' id='par_1_62' title="bbox 1973 2893 3578 2972">
     <span class='ocr_line' id='line_1_63' title="bbox 1973 2893 3578 2972; baseline 0.007 -26"><span class='ocrx_word' id='word_1_392' title='bbox 1973 2893 2201 2963; x_wconf 82' lang='lat' dir='ltr'><strong>synaxis</strong></span> <span class='ocrx_word' id='word_1_393' title='bbox 2241 2902 2375 2950; x_wconf 89' lang='lat' dir='ltr'><strong>tunc</strong></span> <span class='ocrx_word' id='word_1_394' title='bbox 2418 2897 2822 2970; x_wconf 89' lang='lat' dir='ltr'><strong>celebrabatur)</strong></span> <span class='ocrx_word' id='word_1_395' title='bbox 2878 2910 3162 2972; x_wconf 75' lang='lat' dir='ltr'><strong>cmperunt</strong></span> <span class='ocrx_word' id='word_1_396' title='bbox 3209 2918 3264 2958; x_wconf 90' lang='lat' dir='ltr'><strong>se</strong></span> <span class='ocrx_word' id='word_1_397' title='bbox 3292 2903 3449 2958; x_wconf 83' lang='lat' dir='ltr'><strong>nervi</strong></span> <span class='ocrx_word' id='word_1_398' title='bbox 3481 2902 3578 2958; x_wconf 91' lang='lat' dir='ltr'><strong>diu</strong></span> 
     </span>
    </p>
   </div>
   <div class='ocr_carea' id='block_1_63' title="bbox 1970 2983 3580 3060">
    <p class='ocr_par' dir='ltr' id='par_1_63' title="bbox 1970 2983 3580 3060">
     <span class='ocr_line' id='line_1_64' title="bbox 1970 2983 3580 3060; baseline 0.007 -25"><span class='ocrx_word' id='word_1_399' title='bbox 1970 2983 2240 3038; x_wconf 86' lang='lat' dir='ltr'><strong>contracti</strong></span> <span class='ocrx_word' id='word_1_400' title='bbox 2273 2983 2589 3053; x_wconf 85' lang='lat' dir='ltr'><strong>extendere,</strong></span> <span class='ocrx_word' id='word_1_401' title='bbox 2618 2987 2870 3060; x_wconf 89' lang='lat' dir='ltr'><strong>aridique</strong></span> <span class='ocrx_word' id='word_1_402' title='bbox 2898 2996 3109 3045; x_wconf 87' lang='lat' dir='ltr'><strong>meatus</strong></span> <span class='ocrx_word' id='word_1_403' title='bbox 3146 3005 3408 3046; x_wconf 88' lang='lat' dir='ltr'><strong>venarum</strong></span> <span class='ocrx_word' id='word_1_404' title='bbox 3442 3008 3580 3046; x_wconf 89' lang='lat' dir='ltr'><strong>san—</strong></span> 
     </span>
    </p>
   </div>
   <div class='ocr_carea' id='block_1_64' title="bbox 251 3063 3580 3156">
    <p class='ocr_par' dir='ltr' id='par_1_64' title="bbox 251 3063 3580 3156">
     <span class='ocr_line' id='line_1_65' title="bbox 251 3063 3580 3156; baseline 0.007 -27"><span class='ocrx_word' id='word_1_405' title='bbox 251 3075 420 3141; x_wconf 89' lang='lat' dir='ltr'><strong>Quod</strong></span> <span class='ocrx_word' id='word_1_406' title='bbox 449 3091 576 3132; x_wconf 90' lang='lat' dir='ltr'><strong>cum</strong></span> <span class='ocrx_word' id='word_1_407' title='bbox 608 3077 898 3149; x_wconf 91' lang='lat' dir='ltr'><strong>impletum</strong></span> <span class='ocrx_word' id='word_1_408' title='bbox 929 3079 1144 3147; x_wconf 89' lang='lat' dir='ltr'><strong>fuisset,</strong></span> <span class='ocrx_word' id='word_1_409' title='bbox 1179 3081 1565 3140; x_wconf 89' lang='lat' dir='ltr'><strong>multitudines</strong></span> <span class='ocrx_word' id='word_1_410' title='bbox 1614 3085 1859 3156; x_wconf 87' lang='lat' dir='ltr'><strong>plebium</strong></span> <span class='ocrx_word' id='word_1_411' title='bbox 1891 3063 1935 3121; x_wconf 76' lang='lat' dir='ltr'><strong>C</strong></span> <span class='ocrx_word' id='word_1_412' title='bbox 1969 3069 2150 3140; x_wconf 64' lang='lat' dir='ltr'><strong>guinis</strong></span> <span class='ocrx_word' id='word_1_413' title='bbox 2203 3071 2482 3129; x_wconf 69' lang='lat' dir='ltr'><strong>inquione</strong></span> <span class='ocrx_word' id='word_1_414' title='bbox 2531 3073 2868 3130; x_wconf 61' lang='lat' dir='ltr'><strong>humec‘ari-</strong></span> <span class='ocrx_word' id='word_1_415' title='bbox 2924 3077 3040 3131; x_wconf 75' lang='grc' dir='ltr'><strong>Τ³¹ί</strong></span> <span class='ocrx_word' id='word_1_416' title='bbox 3098 3094 3314 3150; x_wconf 68' lang='lat' dir='ltr'><strong>quoque</strong></span> <span class='ocrx_word' id='word_1_417' title='bbox 3358 3079 3580 3136; x_wconf 56' lang='lat' dir='ltr'><strong>natibus</strong></span> 
     </span>
    </p>
   </div>
   <div class='ocr_carea' id='block_1_65' title="bbox 249 3166 1863 3244">
    <p class='ocr_par' dir='ltr' id='par_1_65' title="bbox 249 3166 1863 3244">
     <span class='ocr_line' id='line_1_66' title="bbox 249 3166 1863 3244; baseline 0.006 -26"><span class='ocrx_word' id='word_1_418' title='bbox 249 3178 365 3219; x_wconf 87' lang='lat' dir='ltr'><strong>non</strong></span> <span class='ocrx_word' id='word_1_419' title='bbox 405 3166 585 3220; x_wconf 91' lang='lat' dir='ltr'><strong>solum</strong></span> <span class='ocrx_word' id='word_1_420' title='bbox 607 3182 674 3222; x_wconf 88' lang='lat' dir='ltr'><strong>ex</strong></span> <span class='ocrx_word' id='word_1_421' title='bbox 696 3167 992 3240; x_wconf 88' lang='lat' dir='ltr'><strong>contiguis,</strong></span> <span class='ocrx_word' id='word_1_422' title='bbox 1023 3185 1216 3224; x_wconf 90' lang='lat' dir='ltr'><strong>verum</strong></span> <span class='ocrx_word' id='word_1_423' title='bbox 1244 3172 1433 3242; x_wconf 89' lang='lat' dir='ltr'><strong>procul</strong></span> <span class='ocrx_word' id='word_1_424' title='bbox 1473 3173 1666 3243; x_wconf 90' lang='lat' dir='ltr'><strong>positis</strong></span> <span class='ocrx_word' id='word_1_425' title='bbox 1707 3176 1863 3244; x_wconf 84' lang='lat' dir='ltr'><strong>locis,</strong></span> 
     </span>
    </p>
   </div>
   <div class='ocr_carea' id='block_1_66' title="bbox 256 3252 1865 3331">
    <p class='ocr_par' dir='ltr' id='par_1_66' title="bbox 256 3252 1865 3331">
     <span class='ocr_line' id='line_1_67' title="bbox 256 3252 1865 3331; baseline 0.007 -24"><span class='ocrx_word' id='word_1_426' title='bbox 256 3252 534 3309; x_wconf 89' lang='lat' dir='ltr'><strong>medelam</strong></span> <span class='ocrx_word' id='word_1_427' title='bbox 582 3255 890 3310; x_wconf 90' lang='lat' dir='ltr'><strong>animarum</strong></span> <span class='ocrx_word' id='word_1_428' title='bbox 935 3273 997 3313; x_wconf 92' lang='lat' dir='ltr'><strong>ac</strong></span> <span class='ocrx_word' id='word_1_429' title='bbox 1042 3275 1335 3331; x_wconf 90' lang='lat' dir='ltr'><strong>corporum</strong></span> <span class='ocrx_word' id='word_1_430' title='bbox 1391 3269 1768 3319; x_wconf 70' lang='lat' dir='ltr'><strong>consecutura:</strong></span> <span class='ocrx_word' id='word_1_431' title='bbox 1799 3281 1865 3319; x_wconf 90' lang='lat' dir='ltr'><strong>eo</strong></span> 
     </span>
    </p>
   </div>
   <div class='ocr_carea' id='block_1_67' title="bbox 249 3341 1865 3422">
    <p class='ocr_par' dir='ltr' id='par_1_67' title="bbox 249 3341 1865 3422">
     <span class='ocr_line' id='line_1_68' title="bbox 249 3341 1865 3422; baseline 0.007 -24"><span class='ocrx_word' id='word_1_432' title='bbox 249 3341 598 3398; x_wconf 87' lang='lat' dir='ltr'><strong>confluxere.</strong></span> <span class='ocrx_word' id='word_1_433' title='bbox 627 3344 966 3415; x_wconf 92' lang='lat' dir='ltr'><strong>Operabatur</strong></span> <span class='ocrx_word' id='word_1_434' title='bbox 987 3345 1226 3418; x_wconf 90' lang='lat' dir='ltr'><strong>denique</strong></span> <span class='ocrx_word' id='word_1_435' title='bbox 1255 3349 1526 3406; x_wconf 91' lang='lat' dir='ltr'><strong>Dominus</strong></span> <span class='ocrx_word' id='word_1_436' title='bbox 1555 3367 1650 3422; x_wconf 91' lang='lat' dir='ltr'><strong>per</strong></span> <span class='ocrx_word' id='word_1_437' title='bbox 1679 3352 1865 3409; x_wconf 88' lang='lat' dir='ltr'><strong>claris-</strong></span> 
     </span>
    </p>
   </div>
   <div class='ocr_carea' id='block_1_68' title="bbox 249 3432 1862 3508">
    <p class='ocr_par' dir='ltr' id='par_1_68' title="bbox 249 3432 1862 3508">
     <span class='ocr_line' id='line_1_69' title="bbox 249 3432 1862 3508; baseline 0.007 -23"><span class='ocrx_word' id='word_1_438' title='bbox 249 3432 431 3487; x_wconf 90' lang='lat' dir='ltr'><strong>simos</strong></span> <span class='ocrx_word' id='word_1_439' title='bbox 480 3438 748 3503; x_wconf 87' lang='lat' dir='ltr'><strong>martyres</strong></span> <span class='ocrx_word' id='word_1_440' title='bbox 802 3450 929 3489; x_wconf 89' lang='lat' dir='ltr'><strong>suos</strong></span> <span class='ocrx_word' id='word_1_441' title='bbox 976 3434 1327 3492; x_wconf 89' lang='lat' dir='ltr'><strong>incredibilia</strong></span> <span class='ocrx_word' id='word_1_442' title='bbox 1376 3438 1652 3495; x_wconf 91' lang='lat' dir='ltr'><strong>virtutum</strong></span> <span class='ocrx_word' id='word_1_443' title='bbox 1699 3440 1862 3508; x_wconf 92' lang='lat' dir='ltr'><strong>dona,</strong></span> 
     </span>
    </p>
   </div>
   <div class='ocr_carea' id='block_1_69' title="bbox 252 3519 1868 3598">
    <p class='ocr_par' dir='ltr' id='par_1_69' title="bbox 252 3519 1868 3598">
     <span class='ocr_line' id='line_1_70' title="bbox 252 3519 1868 3598; baseline 0.007 -25"><span class='ocrx_word' id='word_1_444' title='bbox 252 3535 379 3591; x_wconf 66' lang='lat' dir='ltr'><strong>qua:</strong></span> <span class='ocrx_word' id='word_1_445' title='bbox 414 3519 519 3591; x_wconf 91' lang='lat' dir='ltr'><strong>ipsi</strong></span> <span class='ocrx_word' id='word_1_446' title='bbox 549 3536 765 3592; x_wconf 89' lang='lat' dir='ltr'><strong>quoque</strong></span> <span class='ocrx_word' id='word_1_447' title='bbox 803 3523 1020 3594; x_wconf 90' lang='lat' dir='ltr'><strong>pueruli</strong></span> <span class='ocrx_word' id='word_1_448' title='bbox 1052 3539 1122 3578; x_wconf 86' lang='lat' dir='ltr'><strong>ex</strong></span> <span class='ocrx_word' id='word_1_449' title='bbox 1157 3531 1311 3595; x_wconf 91' lang='lat' dir='ltr'><strong>parte</strong></span> <span class='ocrx_word' id='word_1_450' title='bbox 1351 3527 1776 3598; x_wconf 86' lang='lat' dir='ltr'><strong>conspeximus:</strong></span> <span class='ocrx_word' id='word_1_451' title='bbox 1806 3536 1868 3585; x_wconf 90' lang='lat' dir='ltr'><strong>ut</strong></span> 
     </span>
    </p>
   </div>
   <div class='ocr_carea' id='block_1_70' title="bbox 251 3609 1866 3682">
    <p class='ocr_par' dir='ltr' id='par_1_70' title="bbox 251 3609 1866 3682">
     <span class='ocr_line' id='line_1_71' title="bbox 251 3609 1866 3682; baseline 0.007 -18"><span class='ocrx_word' id='word_1_452' title='bbox 251 3609 478 3682; x_wconf 89' lang='lat' dir='ltr'><strong>liquido</strong></span> <span class='ocrx_word' id='word_1_453' title='bbox 503 3617 800 3682; x_wconf 88' lang='lat' dir='ltr'><strong>patesceret</strong></span> <span class='ocrx_word' id='word_1_454' title='bbox 824 3613 989 3669; x_wconf 90' lang='lat' dir='ltr'><strong>etiam</strong></span> <span class='ocrx_word' id='word_1_455' title='bbox 1026 3629 1174 3669; x_wconf 91' lang='lat' dir='ltr'><strong>nunc</strong></span> <span class='ocrx_word' id='word_1_456' title='bbox 1204 3613 1263 3669; x_wconf 91' lang='lat' dir='ltr'><strong>in</strong></span> <span class='ocrx_word' id='word_1_457' title='bbox 1294 3613 1382 3670; x_wconf 92' lang='lat' dir='ltr'><strong>his</strong></span> <span class='ocrx_word' id='word_1_458' title='bbox 1424 3616 1539 3672; x_wconf 89' lang='lat' dir='ltr'><strong>suis</strong></span> <span class='ocrx_word' id='word_1_459' title='bbox 1577 3617 1866 3675; x_wconf 82' lang='lat' dir='ltr'><strong>dilectissi-</strong></span> 
     </span>
    </p>
   </div>
   <div class='ocr_carea' id='block_1_71' title="bbox 251 3696 1865 3778">
    <p class='ocr_par' dir='ltr' id='par_1_71' title="bbox 251 3696 1865 3778">
     <span class='ocr_line' id='line_1_72' title="bbox 251 3696 1865 3778; baseline 0.007 -26"><span class='ocrx_word' id='word_1_460' title='bbox 251 3699 362 3753; x_wconf 91' lang='lat' dir='ltr'><strong>mis</strong></span> <span class='ocrx_word' id='word_1_461' title='bbox 389 3696 626 3754; x_wconf 88' lang='lat' dir='ltr'><strong>testibus</strong></span> <span class='ocrx_word' id='word_1_462' title='bbox 656 3699 793 3756; x_wconf 90' lang='lat' dir='ltr'><strong>illud</strong></span> <span class='ocrx_word' id='word_1_463' title='bbox 823 3702 1108 3774; x_wconf 87' lang='lat' dir='ltr'><strong>compleri,</strong></span> <span class='ocrx_word' id='word_1_464' title='bbox 1129 3703 1274 3774; x_wconf 88' lang='lat' dir='ltr'><strong>quod</strong></span> <span class='ocrx_word' id='word_1_465' title='bbox 1291 3703 1426 3758; x_wconf 93' lang='lat' dir='ltr'><strong>olim</strong></span> <span class='ocrx_word' id='word_1_466' title='bbox 1444 3704 1523 3760; x_wconf 92' lang='lat' dir='ltr'><strong>eis</strong></span> <span class='ocrx_word' id='word_1_467' title='bbox 1543 3706 1637 3778; x_wconf 91' lang='lat' dir='ltr'><strong>qui</strong></span> <span class='ocrx_word' id='word_1_468' title='bbox 1660 3706 1717 3762; x_wconf 88' lang='lat' dir='ltr'><strong>in</strong></span> <span class='ocrx_word' id='word_1_469' title='bbox 1740 3723 1865 3766; x_wconf 91' lang='lat' dir='ltr'><strong>eum</strong></span> 
     </span>
    </p>
   </div>
   <div class='ocr_carea' id='block_1_72' title="bbox 250 3786 1867 3866">
    <p class='ocr_par' dir='ltr' id='par_1_72' title="bbox 250 3786 1867 3866">
     <span class='ocr_line' id='line_1_73' title="bbox 250 3786 1867 3866; baseline 0.007 -25"><span class='ocrx_word' id='word_1_470' title='bbox 250 3803 388 3843; x_wconf 84' lang='lat' dir='ltr'><strong>vera</strong></span> <span class='ocrx_word' id='word_1_471' title='bbox 420 3786 527 3844; x_wconf 85' lang='lat' dir='ltr'><strong>ﬁde</strong></span> <span class='ocrx_word' id='word_1_472' title='bbox 551 3788 888 3846; x_wconf 89' lang='lat' dir='ltr'><strong>crediderint</strong></span> <span class='ocrx_word' id='word_1_473' title='bbox 918 3791 1250 3862; x_wconf 88' lang='lat' dir='ltr'><strong>repromisit,</strong></span> <span class='ocrx_word' id='word_1_474' title='bbox 1277 3793 1352 3847; x_wconf 89' lang='lat' dir='ltr'><strong>ita</strong></span> <span class='ocrx_word' id='word_1_475' title='bbox 1375 3792 1632 3866; x_wconf 91' lang='lat' dir='ltr'><strong>inquiens</strong></span> <span class='ocrx_word' id='word_1_476' title='bbox 1659 3814 1669 3851; x_wconf 94' lang='lat'><strong>:</strong></span> <span class='ocrx_word' id='word_1_477' title='bbox 1701 3797 1867 3852; x_wconf 83' lang='lat' dir='ltr'><strong>Amen</strong></span> 
     </span>
    </p>
   </div>
   <div class='ocr_carea' id='block_1_73' title="bbox 248 3875 1864 3956">
    <p class='ocr_par' dir='ltr' id='par_1_73' title="bbox 248 3875 1864 3956">
     <span class='ocr_line' id='line_1_74' title="bbox 248 3875 1864 3956; baseline 0.007 -26"><span class='ocrx_word' id='word_1_478' title='bbox 248 3875 373 3930; x_wconf 83' lang='lat' dir='ltr'><strong>dico</strong></span> <span class='ocrx_word' id='word_1_479' title='bbox 400 3875 568 3944; x_wconf 80' lang='lat' dir='ltr'><strong>vobis,</strong></span> <span class='ocrx_word' id='word_1_480' title='bbox 593 3877 721 3947; x_wconf 85' lang='lat' dir='ltr'><strong>quia</strong></span> <span class='ocrx_word' id='word_1_481' title='bbox 747 3878 840 3948; x_wconf 83' lang='lat' dir='ltr'><strong>qui</strong></span> <span class='ocrx_word' id='word_1_482' title='bbox 861 3878 1028 3933; x_wconf 81' lang='lat' dir='ltr'><strong>credit</strong></span> <span class='ocrx_word' id='word_1_483' title='bbox 1047 3881 1102 3934; x_wconf 82' lang='lat' dir='ltr'><strong>in</strong></span> <span class='ocrx_word' id='word_1_484' title='bbox 1131 3896 1228 3946; x_wconf 84' lang='lat' dir='ltr'><strong>me,</strong></span> <span class='ocrx_word' id='word_1_485' title='bbox 1258 3897 1421 3950; x_wconf 85' lang='lat' dir='ltr'><strong>opera</strong></span> <span class='ocrx_word' id='word_1_486' title='bbox 1441 3898 1558 3950; x_wconf 70' lang='lat' dir='ltr'><strong>qua:</strong></span> <span class='ocrx_word' id='word_1_487' title='bbox 1586 3901 1674 3955; x_wconf 88' lang='lat' dir='ltr'><strong>ego</strong></span> <span class='ocrx_word' id='word_1_488' title='bbox 1700 3885 1864 3956; x_wconf 81' lang='lat' dir='ltr'><strong>facio,</strong></span> 
     </span>
    </p>
   </div>
   <div class='ocr_carea' id='block_1_74' title="bbox 249 3965 1863 4045">
    <p class='ocr_par' dir='ltr' id='par_1_74' title="bbox 249 3965 1863 4045">
     <span class='ocr_line' id='line_1_75' title="bbox 249 3965 1863 4045; baseline 0.007 -25"><span class='ocrx_word' id='word_1_489' title='bbox 249 3971 301 4020; x_wconf 82' lang='lat' dir='ltr'><strong>et</strong></span> <span class='ocrx_word' id='word_1_490' title='bbox 341 3965 457 4037; x_wconf 81' lang='lat' dir='ltr'><strong>ipse</strong></span> <span class='ocrx_word' id='word_1_491' title='bbox 502 3965 678 4034; x_wconf 80' lang='lat' dir='ltr'><strong>faciet,</strong></span> <span class='ocrx_word' id='word_1_492' title='bbox 723 3973 771 4021; x_wconf 89' lang='lat' dir='ltr'><strong>et</strong></span> <span class='ocrx_word' id='word_1_493' title='bbox 819 3966 1031 4036; x_wconf 87' lang='lat' dir='ltr'><strong>majora</strong></span> <span class='ocrx_word' id='word_1_494' title='bbox 1077 3969 1266 4022; x_wconf 84' lang='lat' dir='ltr'><strong>horum</strong></span> <span class='ocrx_word' id='word_1_495' title='bbox 1295 3968 1454 4037; x_wconf 83' lang='lat' dir='ltr'><strong>faciet</strong></span> <span class='ocrx_word' id='word_1_496' title='bbox 1491 3972 1673 4041; x_wconf 87' lang='lat' dir='ltr'><strong>(Joa-n.</strong></span> <span class='ocrx_word' id='word_1_497' title='bbox 1717 3976 1863 4045; x_wconf 87' lang='lat' dir='ltr'><strong>x1v).</strong></span> 
     </span>
    </p>
   </div>
   <div class='ocr_carea' id='block_1_75' title="bbox 249 4055 1865 4134">
    <p class='ocr_par' dir='ltr' id='par_1_75' title="bbox 249 4055 1865 4134">
     <span class='ocr_line' id='line_1_76' title="bbox 249 4055 1865 4134; baseline 0.007 -24"><span class='ocrx_word' id='word_1_498' title='bbox 249 4055 308 4111; x_wconf 90' lang='lat' dir='ltr'><strong>Si</strong></span> <span class='ocrx_word' id='word_1_499' title='bbox 329 4055 558 4129; x_wconf 84' lang='lat' dir='ltr'><strong>quidem</strong></span> <span class='ocrx_word' id='word_1_500' title='bbox 581 4058 724 4130; x_wconf 91' lang='lat' dir='ltr'><strong>capti</strong></span> <span class='ocrx_word' id='word_1_501' title='bbox 741 4059 940 4126; x_wconf 91' lang='lat' dir='ltr'><strong>oculis,</strong></span> <span class='ocrx_word' id='word_1_502' title='bbox 957 4059 1203 4131; x_wconf 90' lang='lat' dir='ltr'><strong>quolibet</strong></span> <span class='ocrx_word' id='word_1_503' title='bbox 1217 4059 1685 4132; x_wconf 86' lang='lat' dir='ltr'><strong>scilicetcorporis</strong></span> <span class='ocrx_word' id='word_1_504' title='bbox 1704 4064 1865 4134; x_wconf 91' lang='lat' dir='ltr'><strong>vitio,</strong></span> 
     </span>
    </p>
   </div>
   <div class='ocr_carea' id='block_1_76' title="bbox 250 4145 1869 4220">
    <p class='ocr_par' dir='ltr' id='par_1_76' title="bbox 250 4145 1869 4220">
     <span class='ocr_line' id='line_1_77' title="bbox 250 4145 1869 4220; baseline 0.007 -21"><span class='ocrx_word' id='word_1_505' title='bbox 250 4161 353 4200; x_wconf 89' lang='lat' dir='ltr'><strong>seu</strong></span> <span class='ocrx_word' id='word_1_506' title='bbox 404 4145 645 4217; x_wconf 88' lang='lat' dir='ltr'><strong>pessimo</strong></span> <span class='ocrx_word' id='word_1_507' title='bbox 699 4147 1055 4219; x_wconf 90' lang='lat' dir='ltr'><strong>lippitudinis</strong></span> <span class='ocrx_word' id='word_1_508' title='bbox 1103 4147 1354 4216; x_wconf 91' lang='lat' dir='ltr'><strong>humore,</strong></span> <span class='ocrx_word' id='word_1_509' title='bbox 1401 4165 1496 4204; x_wconf 90' lang='lat' dir='ltr'><strong>seu</strong></span> <span class='ocrx_word' id='word_1_510' title='bbox 1529 4149 1869 4220; x_wconf 86' lang='lat' dir='ltr'><strong>glaucomate</strong></span> 
     </span>
    </p>
   </div>
   <div class='ocr_carea' id='block_1_77' title="bbox 249 4235 1865 4308">
    <p class='ocr_par' dir='ltr' id='par_1_77' title="bbox 249 4235 1865 4308">
     <span class='ocr_line' id='line_1_78' title="bbox 249 4235 1865 4308; baseline 0.006 -18"><span class='ocrx_word' id='word_1_511' title='bbox 249 4235 535 4308; x_wconf 87' lang='lat' dir='ltr'><strong>adoperti,</strong></span> <span class='ocrx_word' id='word_1_512' title='bbox 587 4236 955 4292; x_wconf 86' lang='lat' dir='ltr'><strong>clarissimum</strong></span> <span class='ocrx_word' id='word_1_513' title='bbox 1008 4237 1346 4308; x_wconf 89' lang='lat' dir='ltr'><strong>recipiebant</strong></span> <span class='ocrx_word' id='word_1_514' title='bbox 1401 4239 1627 4296; x_wconf 88' lang='lat' dir='ltr'><strong>videndi</strong></span> <span class='ocrx_word' id='word_1_515' title='bbox 1667 4258 1865 4300; x_wconf 89' lang='lat' dir='ltr'><strong>usum:</strong></span> 
     </span>
    </p>
   </div>
   <div class='ocr_carea' id='block_1_78' title="bbox 251 4324 1872 4403">
    <p class='ocr_par' dir='ltr' id='par_1_78' title="bbox 251 4324 1872 4403">
     <span class='ocr_line' id='line_1_79' title="bbox 251 4324 1872 4403; baseline 0.004 -23"><span class='ocrx_word' id='word_1_516' title='bbox 251 4324 481 4380; x_wconf 87' lang='lat' dir='ltr'><strong>debiles</strong></span> <span class='ocrx_word' id='word_1_517' title='bbox 514 4339 644 4378; x_wconf 88' lang='lat' dir='ltr'><strong>vero</strong></span> <span class='ocrx_word' id='word_1_518' title='bbox 673 4325 988 4396; x_wconf 88' lang='lat' dir='ltr'><strong>gravamine</strong></span> <span class='ocrx_word' id='word_1_519' title='bbox 1019 4343 1302 4397; x_wconf 91' lang='lat' dir='ltr'><strong>gressuum</strong></span> <span class='ocrx_word' id='word_1_520' title='bbox 1330 4328 1423 4400; x_wconf 93' lang='lat' dir='ltr'><strong>qui</strong></span> <span class='ocrx_word' id='word_1_521' title='bbox 1456 4345 1736 4401; x_wconf 90' lang='lat' dir='ltr'><strong>nunquam</strong></span> <span class='ocrx_word' id='word_1_522' title='bbox 1767 4348 1872 4403; x_wconf 90' lang='lat' dir='ltr'><strong>pe—</strong></span> 
     </span>
    </p>
   </div>
   <div class='ocr_carea' id='block_1_79' title="bbox 1979 3159 3576 3240">
    <p class='ocr_par' dir='ltr' id='par_1_79' title="bbox 1979 3159 3576 3240">
     <span class='ocr_line' id='line_1_80' title="bbox 1979 3159 3576 3240; baseline 0.007 -27"><span class='ocrx_word' id='word_1_523' title='bbox 1979 3159 2332 3216; x_wconf 87' lang='lat' dir='ltr'><strong>vehementer</strong></span> <span class='ocrx_word' id='word_1_524' title='bbox 2362 3163 2594 3230; x_wconf 88' lang='lat' dir='ltr'><strong>astricti,</strong></span> <span class='ocrx_word' id='word_1_525' title='bbox 2628 3164 2891 3236; x_wconf 89' lang='lat' dir='ltr'><strong>paulatim</strong></span> <span class='ocrx_word' id='word_1_526' title='bbox 2920 3183 3034 3222; x_wconf 90' lang='lat' dir='ltr'><strong>sese</strong></span> <span class='ocrx_word' id='word_1_527' title='bbox 3062 3166 3128 3221; x_wconf 86' lang='lat' dir='ltr'><strong>ab</strong></span> <span class='ocrx_word' id='word_1_528' title='bbox 3153 3167 3233 3222; x_wconf 91' lang='lat' dir='ltr'><strong>eis</strong></span> <span class='ocrx_word' id='word_1_529' title='bbox 3263 3167 3576 3240; x_wconf 87' lang='lat' dir='ltr'><strong>abjungere.</strong></span> 
     </span>
    </p>
   </div>
   <div class='ocr_carea' id='block_1_80' title="bbox 1975 3247 3580 3329">
    <p class='ocr_par' dir='ltr' id='par_1_80' title="bbox 1975 3247 3580 3329">
     <span class='ocr_line' id='line_1_81' title="bbox 1975 3247 3580 3329; baseline 0.006 -27"><span class='ocrx_word' id='word_1_530' title='bbox 1975 3247 2085 3303; x_wconf 83' lang='lat' dir='ltr'><strong>Nec</strong></span> <span class='ocrx_word' id='word_1_531' title='bbox 2114 3264 2288 3317; x_wconf 91' lang='lat' dir='ltr'><strong>mora,</strong></span> <span class='ocrx_word' id='word_1_532' title='bbox 2319 3251 2641 3307; x_wconf 84' lang='lat' dir='ltr'><strong>extenditur</strong></span> <span class='ocrx_word' id='word_1_533' title='bbox 2670 3254 2952 3325; x_wconf 91' lang='lat' dir='ltr'><strong>puerulus,</strong></span> <span class='ocrx_word' id='word_1_534' title='bbox 3003 3262 3056 3310; x_wconf 94' lang='lat' dir='ltr'><strong>et</strong></span> <span class='ocrx_word' id='word_1_535' title='bbox 3089 3263 3204 3310; x_wconf 91' lang='lat' dir='ltr'><strong>toto</strong></span> <span class='ocrx_word' id='word_1_536' title='bbox 3232 3273 3460 3328; x_wconf 91' lang='lat' dir='ltr'><strong>corpore</strong></span> <span class='ocrx_word' id='word_1_537' title='bbox 3490 3275 3580 3329; x_wconf 83' lang='lat' dir='ltr'><strong>p.:-</strong></span> 
     </span>
    </p>
   </div>
   <div class='ocr_carea' id='block_1_81' title="bbox 1978 3336 3579 3420">
    <p class='ocr_par' dir='ltr' id='par_1_81' title="bbox 1978 3336 3579 3420">
     <span class='ocr_line' id='line_1_82' title="bbox 1978 3336 3579 3420; baseline 0.009 -31"><span class='ocrx_word' id='word_1_538' title='bbox 1978 3336 2224 3393; x_wconf 87' lang='lat' dir='ltr'><strong>vimento</strong></span> <span class='ocrx_word' id='word_1_539' title='bbox 2262 3339 2495 3396; x_wconf 68' lang='lat' dir='ltr'><strong>inhaeret</strong></span> <span class='ocrx_word' id='word_1_540' title='bbox 2523 3359 2536 3397; x_wconf 90' lang='lat'><strong><em>:</em></strong></span> <span class='ocrx_word' id='word_1_541' title='bbox 2567 3342 2730 3413; x_wconf 91' lang='lat' dir='ltr'><strong>paulo</strong></span> <span class='ocrx_word' id='word_1_542' title='bbox 2761 3351 2884 3414; x_wconf 90' lang='lat' dir='ltr'><strong>post</strong></span> <span class='ocrx_word' id='word_1_543' title='bbox 2910 3358 3040 3399; x_wconf 89' lang='lat' dir='ltr'><strong>vero</strong></span> <span class='ocrx_word' id='word_1_544' title='bbox 3067 3361 3232 3402; x_wconf 91' lang='lat' dir='ltr'><strong>sanus</strong></span> <span class='ocrx_word' id='word_1_545' title='bbox 3259 3363 3579 3420; x_wconf 82' lang='lat' dir='ltr'><strong>exsurgens,</strong></span> 
     </span>
    </p>
   </div>
   <div class='ocr_carea' id='block_1_82' title="bbox 1977 3429 3574 3510">
    <p class='ocr_par' dir='ltr' id='par_1_82' title="bbox 1977 3429 3574 3510">
     <span class='ocr_line' id='line_1_83' title="bbox 1977 3429 3574 3510; baseline 0.008 -30"><span class='ocrx_word' id='word_1_546' title='bbox 1977 3442 2288 3499; x_wconf 88' lang='lat' dir='ltr'><strong>quanquam</strong></span> <span class='ocrx_word' id='word_1_547' title='bbox 2345 3429 2606 3486; x_wconf 88' lang='lat' dir='ltr'><strong>titubanti</strong></span> <span class='ocrx_word' id='word_1_548' title='bbox 2655 3448 2862 3504; x_wconf 88' lang='lat' dir='ltr'><strong>gressu,</strong></span> <span class='ocrx_word' id='word_1_549' title='bbox 2919 3433 3194 3492; x_wconf 90' lang='lat' dir='ltr'><strong>diversam</strong></span> <span class='ocrx_word' id='word_1_550' title='bbox 3242 3437 3297 3493; x_wconf 91' lang='lat' dir='ltr'><strong>in</strong></span> <span class='ocrx_word' id='word_1_551' title='bbox 3369 3445 3574 3510; x_wconf 88' lang='lat' dir='ltr'><strong>partem</strong></span> 
     </span>
    </p>
   </div>
   <div class='ocr_carea' id='block_1_83' title="bbox 1977 3517 3304 3594">
    <p class='ocr_par' dir='ltr' id='par_1_83' title="bbox 1977 3517 3304 3594">
     <span class='ocr_line' id='line_1_84' title="bbox 1977 3517 3304 3594; baseline 0.009 -21"><span class='ocrx_word' id='word_1_552' title='bbox 1977 3517 2150 3575; x_wconf 91' lang='lat' dir='ltr'><strong>libere</strong></span> <span class='ocrx_word' id='word_1_553' title='bbox 2175 3520 2343 3594; x_wconf 69' lang='lat' dir='ltr'><strong>coepit</strong></span> <span class='ocrx_word' id='word_1_554' title='bbox 2371 3519 2700 3580; x_wconf 86' lang='lat' dir='ltr'><strong>discurrere.</strong></span> <span class='ocrx_word' id='word_1_555' title='bbox 3300 3522 3304 3526; x_wconf 75' lang='grc'><em>’</em></span> 
     </span>
    </p>
   </div>
   <div class='ocr_carea' id='block_1_84' title="bbox 2550 3668 3011 3729">
    <p class='ocr_par' dir='ltr' id='par_1_84' title="bbox 2550 3668 3011 3729">
     <span class='ocr_line' id='line_1_85' title="bbox 2550 3668 3011 3729; baseline 0.004 -2"><span class='ocrx_word' id='word_1_556' title='bbox 2550 3668 2778 3727; x_wconf 88' lang='lat' dir='ltr'><strong>CAPUT</strong></span> <span class='ocrx_word' id='word_1_557' title='bbox 2829 3669 3011 3729; x_wconf 90' lang='lat' dir='ltr'>XXX.</span> 
     </span>
    </p>
   </div>
   <div class='ocr_carea' id='block_1_85' title="bbox 2412 3769 3138 3838">
    <p class='ocr_par' dir='ltr' id='par_1_85' title="bbox 2412 3769 3138 3838">
     <span class='ocr_line' id='line_1_86' title="bbox 2412 3769 3138 3838; baseline 0.006 -16"><span class='ocrx_word' id='word_1_558' title='bbox 2412 3769 2812 3838; x_wconf 82' lang='lat' dir='ltr'><strong>Energumenus</strong></span> <span class='ocrx_word' id='word_1_559' title='bbox 2861 3769 3138 3827; x_wconf 86' lang='lat' dir='ltr'><strong>liberatur.</strong></span> 
     </span>
    </p>
   </div>
   <div class='ocr_carea' id='block_1_86' title="bbox 2050 3881 3580 3961">
    <p class='ocr_par' dir='ltr' id='par_1_86' title="bbox 2050 3881 3580 3961">
     <span class='ocr_line' id='line_1_87' title="bbox 2050 3881 3580 3961; baseline 0.008 -24"><span class='ocrx_word' id='word_1_560' title='bbox 2050 3881 2166 3939; x_wconf 89' lang='lat' dir='ltr'><strong>Hoc</strong></span> <span class='ocrx_word' id='word_1_561' title='bbox 2195 3899 2290 3955; x_wconf 89' lang='lat' dir='ltr'><strong>per</strong></span> <span class='ocrx_word' id='word_1_562' title='bbox 2323 3883 2422 3940; x_wconf 90' lang='lat' dir='ltr'><strong>Dei</strong></span> <span class='ocrx_word' id='word_1_563' title='bbox 2455 3884 2686 3956; x_wconf 87' lang='lat' dir='ltr'><strong>gratiam</strong></span> <span class='ocrx_word' id='word_1_564' title='bbox 2733 3885 2961 3960; x_wconf 90' lang='lat' dir='ltr'><strong>impleto</strong></span> <span class='ocrx_word' id='word_1_565' title='bbox 3008 3887 3295 3961; x_wconf 90' lang='lat' dir='ltr'><strong>miraculo,</strong></span> <span class='ocrx_word' id='word_1_566' title='bbox 3346 3907 3416 3948; x_wconf 89' lang='lat' dir='ltr'><strong>ex</strong></span> <span class='ocrx_word' id='word_1_567' title='bbox 3461 3892 3580 3950; x_wconf 92' lang='lat' dir='ltr'><strong>im-</strong></span> 
     </span>
    </p>
   </div>
   <div class='ocr_carea' id='block_1_87' title="bbox 1978 3974 3583 4056">
    <p class='ocr_par' dir='ltr' id='par_1_87' title="bbox 1978 3974 3583 4056">
     <span class='ocr_line' id='line_1_88' title="bbox 1978 3974 3583 4056; baseline 0.008 -29"><span class='ocrx_word' id='word_1_568' title='bbox 1978 3974 2201 4044; x_wconf 92' lang='lat' dir='ltr'><strong>proviso</strong></span> <span class='ocrx_word' id='word_1_569' title='bbox 2239 3976 2463 4048; x_wconf 91' lang='lat' dir='ltr'><strong>quidam</strong></span> <span class='ocrx_word' id='word_1_570' title='bbox 2497 3978 2645 4034; x_wconf 88' lang='lat' dir='ltr'><strong>rabie</strong></span> <span class='ocrx_word' id='word_1_571' title='bbox 2673 3977 2990 4036; x_wconf 84' lang='lat' dir='ltr'><strong>daemonum</strong></span> <span class='ocrx_word' id='word_1_572' title='bbox 3034 3980 3301 4056; x_wconf 91' lang='lat' dir='ltr'><strong>furiisque</strong></span> <span class='ocrx_word' id='word_1_573' title='bbox 3346 3985 3583 4056; x_wconf 89' lang='lat' dir='ltr'><strong>agitatus</strong></span> 
     </span>
    </p>
   </div>
   <div class='ocr_carea' id='block_1_88' title="bbox 1978 4061 3574 4145">
    <p class='ocr_par' dir='ltr' id='par_1_88' title="bbox 1978 4061 3574 4145">
     <span class='ocr_line' id='line_1_89' title="bbox 1978 4061 3574 4145; baseline 0.009 -29"><span class='ocrx_word' id='word_1_574' title='bbox 1978 4061 2224 4118; x_wconf 89' lang='lat' dir='ltr'><strong>advenit.</strong></span> <span class='ocrx_word' id='word_1_575' title='bbox 2255 4065 2625 4122; x_wconf 88' lang='lat' dir='ltr'><strong>Maldabertus</strong></span> <span class='ocrx_word' id='word_1_576' title='bbox 2667 4067 2760 4123; x_wconf 89' lang='lat' dir='ltr'><strong>hic</strong></span> <span class='ocrx_word' id='word_1_577' title='bbox 2805 4070 3078 4126; x_wconf 88' lang='lat' dir='ltr'><strong>vocabulo</strong></span> <span class='ocrx_word' id='word_1_578' title='bbox 3129 4074 3574 4145; x_wconf 89' lang='lat' dir='ltr'><strong>nuncupabatur,</strong></span> 
     </span>
    </p>
   </div>
   <div class='ocr_carea' id='block_1_89' title="bbox 1981 4148 3585 4233">
    <p class='ocr_par' dir='ltr' id='par_1_89' title="bbox 1981 4148 3585 4233">
     <span class='ocr_line' id='line_1_90' title="bbox 1981 4148 3585 4233; baseline 0.01 -31"><span class='ocrx_word' id='word_1_579' title='bbox 1981 4148 2075 4220; x_wconf 90' lang='lat' dir='ltr'><strong>qui</strong></span> <span class='ocrx_word' id='word_1_580' title='bbox 2103 4150 2266 4220; x_wconf 91' lang='lat' dir='ltr'><strong>paulo</strong></span> <span class='ocrx_word' id='word_1_581' title='bbox 2295 4159 2421 4206; x_wconf 90' lang='lat' dir='ltr'><strong>ante</strong></span> <span class='ocrx_word' id='word_1_582' title='bbox 2467 4169 2498 4207; x_wconf 89' lang='lat' dir='ltr'><strong>a</strong></span> <span class='ocrx_word' id='word_1_583' title='bbox 2528 4153 2747 4209; x_wconf 90' lang='lat' dir='ltr'><strong>civibus</strong></span> <span class='ocrx_word' id='word_1_584' title='bbox 2792 4157 3104 4213; x_wconf 73' lang='lat' dir='ltr'><strong>Aurelianae</strong></span> <span class='ocrx_word' id='word_1_585' title='bbox 3154 4160 3308 4214; x_wconf 89' lang='lat' dir='ltr'><strong>urbis</strong></span> <span class='ocrx_word' id='word_1_586' title='bbox 3335 4177 3585 4233; x_wconf 87' lang='lat' dir='ltr'><strong>compre-</strong></span> 
     </span>
    </p>
   </div>
   <div class='ocr_carea' id='block_1_90' title="bbox 1982 4235 3585 4314">
    <p class='ocr_par' dir='ltr' id='par_1_90' title="bbox 1982 4235 3585 4314">
     <span class='ocr_line' id='line_1_91' title="bbox 1982 4235 3585 4314; baseline 0.007 -24"><span class='ocrx_word' id='word_1_587' title='bbox 1982 4235 2203 4305; x_wconf 90' lang='lat' dir='ltr'><strong>hensus,</strong></span> <span class='ocrx_word' id='word_1_588' title='bbox 2236 4239 2316 4294; x_wconf 91' lang='lat' dir='ltr'><strong>uti</strong></span> <span class='ocrx_word' id='word_1_589' title='bbox 2348 4239 2666 4297; x_wconf 90' lang='lat' dir='ltr'><strong>cerebrosus</strong></span> <span class='ocrx_word' id='word_1_590' title='bbox 2705 4241 2874 4314; x_wconf 89' lang='lat' dir='ltr'><strong>virgis</strong></span> <span class='ocrx_word' id='word_1_591' title='bbox 2903 4244 3155 4308; x_wconf 69' lang='lat' dir='ltr'><strong>caeditur,</strong></span> <span class='ocrx_word' id='word_1_592' title='bbox 3187 4246 3427 4302; x_wconf 89' lang='lat' dir='ltr'><strong>vinculis</strong></span> <span class='ocrx_word' id='word_1_593' title='bbox 3455 4265 3585 4304; x_wconf 87' lang='lat' dir='ltr'><strong>con-</strong></span> 
     </span>
    </p>
   </div>
   <div class='ocr_carea' id='block_1_91' title="bbox 1980 4326 3580 4403">
    <p class='ocr_par' dir='ltr' id='par_1_91' title="bbox 1980 4326 3580 4403">
     <span class='ocr_line' id='line_1_92' title="bbox 1980 4326 3580 4403; baseline 0.007 -24"><span class='ocrx_word' id='word_1_594' title='bbox 1980 4326 2291 4397; x_wconf 89' lang='lat' dir='ltr'><strong>stringitur,</strong></span> <span class='ocrx_word' id='word_1_595' title='bbox 2313 4330 2576 4386; x_wconf 67' lang='lat' dir='ltr'><strong>custodita</strong></span> <span class='ocrx_word' id='word_1_596' title='bbox 2609 4332 2970 4403; x_wconf 88' lang='lat' dir='ltr'><strong>mancipatur.</strong></span> <span class='ocrx_word' id='word_1_597' title='bbox 3012 4332 3116 4388; x_wconf 91' lang='lat' dir='ltr'><strong>Sed</strong></span> <span class='ocrx_word' id='word_1_598' title='bbox 3147 4334 3335 4389; x_wconf 89' lang='lat' dir='ltr'><strong>omnia</strong></span> <span class='ocrx_word' id='word_1_599' title='bbox 3387 4334 3580 4390; x_wconf 91' lang='lat' dir='ltr'><strong>devin-</strong></span> 
     </span>
    </p>
   </div>
   <div class='ocr_carea' id='block_1_92' title="bbox 251 4413 3588 4492">
    <p class='ocr_par' dir='ltr' id='par_1_92' title="bbox 251 4413 3588 4492">
     <span class='ocr_line' id='line_1_93' title="bbox 251 4413 3588 4492; baseline 0.004 -22"><span class='ocrx_word' id='word_1_600' title='bbox 251 4415 434 4470; x_wconf 90' lang='lat' dir='ltr'><strong>dibus</strong></span> <span class='ocrx_word' id='word_1_601' title='bbox 464 4413 822 4483; x_wconf 85' lang='lat' dir='ltr'><strong>incesserant,</strong></span> <span class='ocrx_word' id='word_1_602' title='bbox 847 4417 1167 4472; x_wconf 73' lang='lat' dir='ltr'><strong>facilitatem</strong></span> <span class='ocrx_word' id='word_1_603' title='bbox 1198 4417 1480 4488; x_wconf 80' lang='lat' dir='ltr'><strong>gradiendi</strong></span> <span class='ocrx_word' id='word_1_604' title='bbox 1512 4436 1730 4476; x_wconf 91' lang='lat' dir='ltr'><strong>summo</strong></span> <span class='ocrx_word' id='word_1_605' title='bbox 1749 4439 1874 4478; x_wconf 91' lang='lat' dir='ltr'><strong>cum</strong></span> <span class='ocrx_word' id='word_1_606' title='bbox 1905 4423 1953 4481; x_wconf 95' lang='lat' dir='ltr'><strong>D</strong></span> <span class='ocrx_word' id='word_1_607' title='bbox 1985 4432 2134 4484; x_wconf 85' lang='lat' dir='ltr'><strong>cens,</strong></span> <span class='ocrx_word' id='word_1_608' title='bbox 2164 4433 2326 4472; x_wconf 84' lang='lat' dir='ltr'><strong>cursu</strong></span> <span class='ocrx_word' id='word_1_609' title='bbox 2357 4417 2546 4488; x_wconf 85' lang='lat' dir='ltr'><strong>rapido</strong></span> <span class='ocrx_word' id='word_1_610' title='bbox 2595 4421 2986 4484; x_wconf 79' lang='lat' dir='ltr'><strong>monasterium</strong></span> <span class='ocrx_word' id='word_1_611' title='bbox 3019 4421 3176 4490; x_wconf 83' lang='lat' dir='ltr'><strong>petit,</strong></span> <span class='ocrx_word' id='word_1_612' title='bbox 3226 4420 3413 4492; x_wconf 87' lang='lat' dir='ltr'><strong>ibique</strong></span> <span class='ocrx_word' id='word_1_613' title='bbox 3448 4423 3588 4480; x_wconf 87' lang='lat' dir='ltr'><strong>bac-</strong></span> 
     </span>
    </p>
   </div>
   <div class='ocr_carea' id='block_1_93' title="bbox 253 4503 1870 4576">
    <p class='ocr_par' dir='ltr' id='par_1_93' title="bbox 253 4503 1870 4576">
     <span class='ocr_line' id='line_1_94' title="bbox 253 4503 1870 4576; baseline 0.006 -19"><span class='ocrx_word' id='word_1_614' title='bbox 253 4503 470 4573; x_wconf 87' lang='lat' dir='ltr'><strong>gaudio</strong></span> <span class='ocrx_word' id='word_1_615' title='bbox 519 4503 944 4576; x_wconf 89' lang='lat' dir='ltr'><strong>recuperabant:</strong></span> <span class='ocrx_word' id='word_1_616' title='bbox 998 4505 1273 4561; x_wconf 71' lang='lat' dir='ltr'><strong>dazmones</strong></span> <span class='ocrx_word' id='word_1_617' title='bbox 1313 4503 1380 4560; x_wconf 90' lang='lat' dir='ltr'><strong>ab</strong></span> <span class='ocrx_word' id='word_1_618' title='bbox 1407 4505 1641 4563; x_wconf 90' lang='lat' dir='ltr'><strong>obsessis</strong></span> <span class='ocrx_word' id='word_1_619' title='bbox 1670 4516 1870 4566; x_wconf 89' lang='lat' dir='ltr'><strong>extru—</strong></span> 
     </span>
    </p>
   </div>
   <div class='ocr_carea' id='block_1_94' title="bbox 252 4592 1867 4670">
    <p class='ocr_par' dir='ltr' id='par_1_94' title="bbox 252 4592 1867 4670">
     <span class='ocr_line' id='line_1_95' title="bbox 252 4592 1867 4670; baseline 0.004 -22"><span class='ocrx_word' id='word_1_620' title='bbox 252 4592 539 4649; x_wconf 88' lang='lat' dir='ltr'><strong>debantur</strong></span> <span class='ocrx_word' id='word_1_621' title='bbox 566 4593 910 4666; x_wconf 88' lang='lat' dir='ltr'><strong>corporibus,</strong></span> <span class='ocrx_word' id='word_1_622' title='bbox 944 4594 1175 4650; x_wconf 92' lang='lat' dir='ltr'><strong>lunatici</strong></span> <span class='ocrx_word' id='word_1_623' title='bbox 1207 4593 1476 4650; x_wconf 89' lang='lat' dir='ltr'><strong>medelam</strong></span> <span class='ocrx_word' id='word_1_624' title='bbox 1510 4598 1867 4670; x_wconf 88' lang='lat' dir='ltr'><strong>assequeban-</strong></span> 
     </span>
    </p>
   </div>
   <div class='ocr_carea' id='block_1_95' title="bbox 251 4683 1867 4760">
    <p class='ocr_par' dir='ltr' id='par_1_95' title="bbox 251 4683 1867 4760">
     <span class='ocr_line' id='line_1_96' title="bbox 251 4683 1867 4760; baseline 0.004 -23"><span class='ocrx_word' id='word_1_625' title='bbox 251 4689 353 4737; x_wconf 86' lang='lat' dir='ltr'><strong>tur</strong></span> <span class='ocrx_word' id='word_1_626' title='bbox 382 4689 648 4755; x_wconf 89' lang='lat' dir='ltr'><strong>optatam.</strong></span> <span class='ocrx_word' id='word_1_627' title='bbox 673 4684 937 4739; x_wconf 78' lang='lat' dir='ltr'><strong>Praeterea</strong></span> <span class='ocrx_word' id='word_1_628' title='bbox 957 4684 1180 4756; x_wconf 91' lang='lat' dir='ltr'><strong>quidam</strong></span> <span class='ocrx_word' id='word_1_629' title='bbox 1204 4683 1576 4742; x_wconf 87' lang='lat' dir='ltr'><strong>membrorum</strong></span> <span class='ocrx_word' id='word_1_630' title='bbox 1605 4703 1867 4760; x_wconf 87' lang='lat' dir='ltr'><strong>quorum-</strong></span> 
     </span>
    </p>
   </div>
   <div class='ocr_carea' id='block_1_96' title="bbox 253 4778 1867 4853">
    <p class='ocr_par' dir='ltr' id='par_1_96' title="bbox 253 4778 1867 4853">
     <span class='ocr_line' id='line_1_97' title="bbox 253 4778 1867 4853; baseline -0.001 -17"><span class='ocrx_word' id='word_1_631' title='bbox 253 4781 387 4836; x_wconf 90' lang='lat' dir='ltr'><strong>dam</strong></span> <span class='ocrx_word' id='word_1_632' title='bbox 420 4780 741 4837; x_wconf 90' lang='lat' dir='ltr'><strong>incendium</strong></span> <span class='ocrx_word' id='word_1_633' title='bbox 776 4780 915 4835; x_wconf 90' lang='lat' dir='ltr'><strong>male</strong></span> <span class='ocrx_word' id='word_1_634' title='bbox 942 4778 1204 4851; x_wconf 91' lang='lat' dir='ltr'><strong>perpessi,</strong></span> <span class='ocrx_word' id='word_1_635' title='bbox 1261 4778 1409 4853; x_wconf 90' lang='lat' dir='ltr'><strong>quod</strong></span> <span class='ocrx_word' id='word_1_636' title='bbox 1470 4796 1640 4852; x_wconf 90' lang='lat' dir='ltr'><strong>genus</strong></span> <span class='ocrx_word' id='word_1_637' title='bbox 1689 4780 1867 4835; x_wconf 89' lang='lat' dir='ltr'><strong>morbi</strong></span> 
     </span>
    </p>
   </div>
   <div class='ocr_carea' id='block_1_97' title="bbox 251 4867 1868 4939">
    <p class='ocr_par' dir='ltr' id='par_1_97' title="bbox 251 4867 1868 4939">
     <span class='ocr_line' id='line_1_98' title="bbox 251 4867 1868 4939; baseline 0.001 -15"><span class='ocrx_word' id='word_1_638' title='bbox 251 4868 598 4939; x_wconf 89' lang='lat' dir='ltr'><strong>incurabile,</strong></span> <span class='ocrx_word' id='word_1_639' title='bbox 622 4867 818 4925; x_wconf 90' lang='lat' dir='ltr'><strong>medici</strong></span> <span class='ocrx_word' id='word_1_640' title='bbox 842 4867 1090 4924; x_wconf 89' lang='lat' dir='ltr'><strong>derivato</strong></span> <span class='ocrx_word' id='word_1_641' title='bbox 1114 4868 1338 4924; x_wconf 89' lang='lat' dir='ltr'><strong>nomine</strong></span> <span class='ocrx_word' id='word_1_642' title='bbox 1369 4885 1399 4924; x_wconf 94' lang='lat' dir='ltr'><strong>a</strong></span> <span class='ocrx_word' id='word_1_643' title='bbox 1425 4885 1652 4927; x_wconf 87' lang='lat' dir='ltr'><strong>cancere</strong></span> <span class='ocrx_word' id='word_1_644' title='bbox 1681 4887 1868 4928; x_wconf 55' lang='lat' dir='ltr'><strong>canceo</strong></span> 
     </span>
    </p>
   </div>
   <div class='ocr_carea' id='block_1_98' title="bbox 250 4957 1870 5032">
    <p class='ocr_par' dir='ltr' id='par_1_98' title="bbox 250 4957 1870 5032">
     <span class='ocr_line' id='line_1_99' title="bbox 250 4957 1870 5032; baseline 0.001 -19"><span class='ocrx_word' id='word_1_645' title='bbox 250 4974 460 5014; x_wconf 88' lang='lat' dir='ltr'><strong>rauma</strong></span> <span class='ocrx_word' id='word_1_646' title='bbox 512 4958 783 5026; x_wconf 87' lang='lat' dir='ltr'><strong>vocitant,</strong></span> <span class='ocrx_word' id='word_1_647' title='bbox 831 4957 1123 5014; x_wconf 87' lang='lat' dir='ltr'><strong>sanitatem</strong></span> <span class='ocrx_word' id='word_1_648' title='bbox 1173 4957 1468 5029; x_wconf 89' lang='lat' dir='ltr'><strong>perfectam</strong></span> <span class='ocrx_word' id='word_1_649' title='bbox 1499 4977 1531 5014; x_wconf 89' lang='lat' dir='ltr'><strong>a</strong></span> <span class='ocrx_word' id='word_1_650' title='bbox 1560 4975 1616 5015; x_wconf 90' lang='lat' dir='ltr'><strong>se</strong></span> <span class='ocrx_word' id='word_1_651' title='bbox 1644 4959 1870 5032; x_wconf 90' lang='lat' dir='ltr'><strong>adeptos</strong></span> 
     </span>
    </p>
   </div>
   <div class='ocr_carea' id='block_1_99' title="bbox 248 5046 1870 5121">
    <p class='ocr_par' dir='ltr' id='par_1_99' title="bbox 248 5046 1870 5121">
     <span class='ocr_line' id='line_1_100' title="bbox 248 5046 1870 5121; baseline 0.001 -18"><span class='ocrx_word' id='word_1_652' title='bbox 248 5047 599 5116; x_wconf 82' lang='lat' dir='ltr'><strong>gaudebant.</strong></span> <span class='ocrx_word' id='word_1_653' title='bbox 649 5049 945 5104; x_wconf 90' lang='lat' dir='ltr'><strong>Innumera</strong></span> <span class='ocrx_word' id='word_1_654' title='bbox 1002 5046 1232 5120; x_wconf 90' lang='lat' dir='ltr'><strong>proinde</strong></span> <span class='ocrx_word' id='word_1_655' title='bbox 1277 5047 1571 5102; x_wconf 88' lang='lat' dir='ltr'><strong>sanitatum</strong></span> <span class='ocrx_word' id='word_1_656' title='bbox 1603 5047 1748 5102; x_wconf 93' lang='lat' dir='ltr'><strong>dona</strong></span> <span class='ocrx_word' id='word_1_657' title='bbox 1784 5051 1870 5121; x_wconf 93' lang='lat' dir='ltr'><strong>(ut</strong></span> 
     </span>
    </p>
   </div>
   <div class='ocr_carea' id='block_1_100' title="bbox 249 5134 1868 5211">
    <p class='ocr_par' dir='ltr' id='par_1_100' title="bbox 249 5134 1868 5211">
     <span class='ocr_line' id='line_1_101' title="bbox 249 5134 1868 5211; baseline -0.001 -17"><span class='ocrx_word' id='word_1_658' title='bbox 249 5137 482 5211; x_wconf 66' lang='lat' dir='ltr'><strong>praefati</strong></span> <span class='ocrx_word' id='word_1_659' title='bbox 511 5138 728 5209; x_wconf 90' lang='lat' dir='ltr'><strong>sumus)</strong></span> <span class='ocrx_word' id='word_1_660' title='bbox 774 5153 870 5210; x_wconf 89' lang='lat' dir='ltr'><strong>per</strong></span> <span class='ocrx_word' id='word_1_661' title='bbox 917 5137 1204 5194; x_wconf 89' lang='lat' dir='ltr'><strong>beatorum</strong></span> <span class='ocrx_word' id='word_1_662' title='bbox 1238 5134 1533 5192; x_wconf 88' lang='lat' dir='ltr'><strong>memorias</strong></span> <span class='ocrx_word' id='word_1_663' title='bbox 1559 5144 1868 5209; x_wconf 83' lang='lat' dir='ltr'><strong>martyrum</strong></span> 
     </span>
    </p>
   </div>
   <div class='ocr_carea' id='block_1_101' title="bbox 246 5224 1868 5300">
    <p class='ocr_par' dir='ltr' id='par_1_101' title="bbox 246 5224 1868 5300">
     <span class='ocr_line' id='line_1_102' title="bbox 246 5224 1868 5300; baseline -0.002 -15"><span class='ocrx_word' id='word_1_664' title='bbox 246 5227 541 5285; x_wconf 89' lang='lat' dir='ltr'><strong>Dominus</strong></span> <span class='ocrx_word' id='word_1_665' title='bbox 568 5227 626 5284; x_wconf 89' lang='lat' dir='ltr'><strong>in</strong></span> <span class='ocrx_word' id='word_1_666' title='bbox 657 5227 1010 5284; x_wconf 88' lang='lat' dir='ltr'><strong>tabernaculo</strong></span> <span class='ocrx_word' id='word_1_667' title='bbox 1039 5244 1148 5300; x_wconf 92' lang='lat' dir='ltr'><strong>quo</strong></span> <span class='ocrx_word' id='word_1_668' title='bbox 1178 5235 1420 5298; x_wconf 90' lang='lat' dir='ltr'><strong>tempore</strong></span> <span class='ocrx_word' id='word_1_669' title='bbox 1445 5231 1651 5280; x_wconf 90' lang='lat' dir='ltr'><strong>statuto</strong></span> <span class='ocrx_word' id='word_1_670' title='bbox 1678 5224 1868 5297; x_wconf 82' lang='lat' dir='ltr'><strong>depor-</strong></span> 
     </span>
    </p>
   </div>
   <div class='ocr_carea' id='block_1_102' title="bbox 243 5314 1869 5390">
    <p class='ocr_par' dir='ltr' id='par_1_102' title="bbox 243 5314 1869 5390">
     <span class='ocr_line' id='line_1_103' title="bbox 243 5314 1869 5390; baseline -0.001 -17"><span class='ocrx_word' id='word_1_671' title='bbox 243 5317 548 5387; x_wconf 87' lang='lat' dir='ltr'><strong>tabantur,</strong></span> <span class='ocrx_word' id='word_1_672' title='bbox 587 5325 845 5390; x_wconf 91' lang='lat' dir='ltr'><strong>operatur</strong></span> <span class='ocrx_word' id='word_1_673' title='bbox 891 5316 960 5373; x_wconf 89' lang='lat' dir='ltr'><strong>ad</strong></span> <span class='ocrx_word' id='word_1_674' title='bbox 1007 5315 1224 5373; x_wconf 90' lang='lat' dir='ltr'><strong>laudem</strong></span> <span class='ocrx_word' id='word_1_675' title='bbox 1263 5323 1318 5372; x_wconf 90' lang='lat' dir='ltr'><strong>et</strong></span> <span class='ocrx_word' id='word_1_676' title='bbox 1363 5314 1595 5388; x_wconf 90' lang='lat' dir='ltr'><strong>gloriam</strong></span> <span class='ocrx_word' id='word_1_677' title='bbox 1626 5315 1869 5372; x_wconf 85' lang='lat' dir='ltr'><strong>nominis</strong></span> 
     </span>
    </p>
   </div>
   <div class='ocr_carea' id='block_1_103' title="bbox 332 5550 1272 5614">
    <p class='ocr_par' dir='ltr' id='par_1_103' title="bbox 332 5550 1272 5614">
     <span class='ocr_line' id='line_1_104' title="bbox 332 5550 1272 5614; baseline -0.002 -2"><span class='ocrx_word' id='word_1_678' title='bbox 332 5565 362 5595; x_wconf 74' lang='grc' dir='ltr'>ι</span> <span class='ocrx_word' id='word_1_679' title='bbox 397 5553 502 5613; x_wconf 81' lang='lat' dir='ltr'><strong>Hic</strong></span> <span class='ocrx_word' id='word_1_680' title='bbox 531 5550 736 5613; x_wconf 86' lang='lat' dir='ltr'><strong>desinit</strong></span> <span class='ocrx_word' id='word_1_681' title='bbox 763 5551 939 5614; x_wconf 86' lang='lat' dir='ltr'><strong>codex</strong></span> <span class='ocrx_word' id='word_1_682' title='bbox 978 5551 1272 5613; x_wconf 85' lang='lat' dir='ltr'><strong>Pratensis.</strong></span> 
     </span>
    </p>
   </div>
   <div class='ocr_carea' id='block_1_104' title="bbox 1980 4505 3588 4580">
    <p class='ocr_par' dir='ltr' id='par_1_104' title="bbox 1980 4505 3588 4580">
     <span class='ocr_line' id='line_1_105' title="bbox 1980 4505 3588 4580; baseline 0.004 -18"><span class='ocrx_word' id='word_1_683' title='bbox 1980 4505 2129 4562; x_wconf 88' lang='lat' dir='ltr'><strong>chari</strong></span> <span class='ocrx_word' id='word_1_684' title='bbox 2187 4524 2284 4579; x_wconf 91' lang='lat' dir='ltr'><strong>per</strong></span> <span class='ocrx_word' id='word_1_685' title='bbox 2327 4515 2524 4564; x_wconf 90' lang='lat' dir='ltr'><strong>cuncta</strong></span> <span class='ocrx_word' id='word_1_686' title='bbox 2579 4509 2884 4563; x_wconf 88' lang='lat' dir='ltr'><strong>miserrime</strong></span> <span class='ocrx_word' id='word_1_687' title='bbox 2924 4510 3109 4580; x_wconf 70' lang='lat' dir='ltr'><strong>coepit,</strong></span> <span class='ocrx_word' id='word_1_688' title='bbox 3161 4509 3405 4566; x_wconf 91' lang='lat' dir='ltr'><strong>membra</strong></span> <span class='ocrx_word' id='word_1_689' title='bbox 3462 4521 3588 4568; x_wconf 87' lang='lat' dir='ltr'><strong>tor-</strong></span> 
     </span>
    </p>
   </div>
   <div class='ocr_carea' id='block_1_105' title="bbox 1981 4597 3578 4671">
    <p class='ocr_par' dir='ltr' id='par_1_105' title="bbox 1981 4597 3578 4671">
     <span class='ocr_line' id='line_1_106' title="bbox 1981 4597 3578 4671; baseline 0.004 -19"><span class='ocrx_word' id='word_1_690' title='bbox 1981 4613 2164 4670; x_wconf 90' lang='lat' dir='ltr'><strong>quere,</strong></span> <span class='ocrx_word' id='word_1_691' title='bbox 2215 4600 2274 4653; x_wconf 91' lang='lat' dir='ltr'><strong>in</strong></span> <span class='ocrx_word' id='word_1_692' title='bbox 2320 4597 2567 4654; x_wconf 90' lang='lat' dir='ltr'><strong>absidem</strong></span> <span class='ocrx_word' id='word_1_693' title='bbox 2617 4598 2941 4671; x_wconf 89' lang='lat' dir='ltr'><strong>defringere,</strong></span> <span class='ocrx_word' id='word_1_694' title='bbox 3001 4602 3210 4657; x_wconf 90' lang='lat' dir='ltr'><strong>crinem</strong></span> <span class='ocrx_word' id='word_1_695' title='bbox 3256 4609 3455 4670; x_wconf 89' lang='lat' dir='ltr'><strong>rotare,</strong></span> <span class='ocrx_word' id='word_1_696' title='bbox 3487 4620 3578 4658; x_wconf 82' lang='lat' dir='ltr'><strong>ar-</strong></span> 
     </span>
    </p>
   </div>
   <div class='ocr_carea' id='block_1_106' title="bbox 1980 4685 3589 4759">
    <p class='ocr_par' dir='ltr' id='par_1_106' title="bbox 1980 4685 3589 4759">
     <span class='ocr_line' id='line_1_107' title="bbox 1980 4685 3589 4759; baseline 0.003 -18"><span class='ocrx_word' id='word_1_697' title='bbox 1980 4696 2138 4742; x_wconf 85' lang='lat' dir='ltr'><strong>cuata</strong></span> <span class='ocrx_word' id='word_1_698' title='bbox 2166 4686 2315 4742; x_wconf 89' lang='lat' dir='ltr'><strong>dorsi</strong></span> <span class='ocrx_word' id='word_1_699' title='bbox 2344 4685 2503 4758; x_wconf 91' lang='lat' dir='ltr'><strong>spina</strong></span> <span class='ocrx_word' id='word_1_700' title='bbox 2531 4688 2720 4742; x_wconf 91' lang='lat' dir='ltr'><strong>alvum</strong></span> <span class='ocrx_word' id='word_1_701' title='bbox 2753 4687 3099 4759; x_wconf 89' lang='lat' dir='ltr'><strong>protendere,</strong></span> <span class='ocrx_word' id='word_1_702' title='bbox 3129 4689 3358 4746; x_wconf 91' lang='lat' dir='ltr'><strong>saltibus</strong></span> <span class='ocrx_word' id='word_1_703' title='bbox 3380 4690 3436 4746; x_wconf 89' lang='lat' dir='ltr'><strong>in</strong></span> <span class='ocrx_word' id='word_1_704' title='bbox 3466 4706 3589 4746; x_wconf 90' lang='lat' dir='ltr'><strong>aera</strong></span> 
     </span>
    </p>
   </div>
   <div class='ocr_carea' id='block_1_107' title="bbox 1980 4777 3590 4852">
    <p class='ocr_par' dir='ltr' id='par_1_107' title="bbox 1980 4777 3590 4852">
     <span class='ocr_line' id='line_1_108' title="bbox 1980 4777 3590 4852; baseline 0.002 -21"><span class='ocrx_word' id='word_1_705' title='bbox 1980 4786 2148 4833; x_wconf 90' lang='lat' dir='ltr'><strong>semet</strong></span> <span class='ocrx_word' id='word_1_706' title='bbox 2177 4777 2480 4846; x_wconf 89' lang='lat' dir='ltr'><strong>revolvere,</strong></span> <span class='ocrx_word' id='word_1_707' title='bbox 2512 4794 2575 4834; x_wconf 92' lang='lat' dir='ltr'><strong>ac</strong></span> <span class='ocrx_word' id='word_1_708' title='bbox 2606 4792 2700 4848; x_wconf 89' lang='lat' dir='ltr'><strong>per</strong></span> <span class='ocrx_word' id='word_1_709' title='bbox 2732 4793 2922 4833; x_wconf 90' lang='lat' dir='ltr'><strong>omnes</strong></span> <span class='ocrx_word' id='word_1_710' title='bbox 2965 4787 3147 4835; x_wconf 88' lang='lat' dir='ltr'><strong>motus</strong></span> <span class='ocrx_word' id='word_1_711' title='bbox 3189 4781 3437 4852; x_wconf 90' lang='lat' dir='ltr'><strong>corporis</strong></span> <span class='ocrx_word' id='word_1_712' title='bbox 3477 4781 3590 4837; x_wconf 90' lang='lat' dir='ltr'><strong>dia.</strong></span> 
     </span>
    </p>
   </div>
   <div class='ocr_carea' id='block_1_108' title="bbox 1981 4866 3587 4938">
    <p class='ocr_par' dir='ltr' id='par_1_108' title="bbox 1981 4866 3587 4938">
     <span class='ocr_line' id='line_1_109' title="bbox 1981 4866 3587 4938; baseline 0 -16"><span class='ocrx_word' id='word_1_713' title='bbox 1981 4866 2176 4924; x_wconf 88' lang='lat' dir='ltr'><strong>bolicis</strong></span> <span class='ocrx_word' id='word_1_714' title='bbox 2205 4867 2581 4925; x_wconf 89' lang='lat' dir='ltr'><strong>incitamentis</strong></span> <span class='ocrx_word' id='word_1_715' title='bbox 2607 4867 2816 4923; x_wconf 89' lang='lat' dir='ltr'><strong>vexari.</strong></span> <span class='ocrx_word' id='word_1_716' title='bbox 2842 4867 2986 4923; x_wconf 91' lang='lat' dir='ltr'><strong>Proh</strong></span> <span class='ocrx_word' id='word_1_717' title='bbox 3016 4869 3193 4938; x_wconf 92' lang='lat' dir='ltr'><strong>dolor,</strong></span> <span class='ocrx_word' id='word_1_718' title='bbox 3217 4869 3587 4925; x_wconf 91' lang='lat' dir='ltr'><strong>miserrimum</strong></span> 
     </span>
    </p>
   </div>
   <div class='ocr_carea' id='block_1_109' title="bbox 1981 4955 3588 5028">
    <p class='ocr_par' dir='ltr' id='par_1_109' title="bbox 1981 4955 3588 5028">
     <span class='ocr_line' id='line_1_110' title="bbox 1981 4955 3588 5028; baseline 0.001 -19"><span class='ocrx_word' id='word_1_719' title='bbox 1981 4957 2380 5028; x_wconf 78' lang='lat' dir='ltr'><strong>spectaculum!</strong></span> <span class='ocrx_word' id='word_1_720' title='bbox 2413 4964 2656 5012; x_wconf 89' lang='lat' dir='ltr'><strong>arctatur</strong></span> <span class='ocrx_word' id='word_1_721' title='bbox 2685 4955 2909 5012; x_wconf 92' lang='lat' dir='ltr'><strong>tandem</strong></span> <span class='ocrx_word' id='word_1_722' title='bbox 2938 4957 3198 5025; x_wconf 87' lang='lat' dir='ltr'><strong>vinculis,</strong></span> <span class='ocrx_word' id='word_1_723' title='bbox 3225 4965 3388 5028; x_wconf 89' lang='lat' dir='ltr'><strong>atque</strong></span> <span class='ocrx_word' id='word_1_724' title='bbox 3406 4955 3475 5012; x_wconf 85' lang='lat' dir='ltr'><strong>ad</strong></span> <span class='ocrx_word' id='word_1_725' title='bbox 3501 4972 3588 5012; x_wconf 93' lang='lat' dir='ltr'><strong>co.</strong></span> 
     </span>
    </p>
   </div>
   <div class='ocr_carea' id='block_1_110' title="bbox 1982 5045 3590 5119">
    <p class='ocr_par' dir='ltr' id='par_1_110' title="bbox 1982 5045 3590 5119">
     <span class='ocr_line' id='line_1_111' title="bbox 1982 5045 3590 5119; baseline -0.001 -19"><span class='ocrx_word' id='word_1_726' title='bbox 1982 5047 2227 5101; x_wconf 89' lang='lat' dir='ltr'><strong>lnmnam</strong></span> <span class='ocrx_word' id='word_1_727' title='bbox 2260 5045 2503 5101; x_wconf 64' lang='lat' dir='ltr'><strong>ecclesiae</strong></span> <span class='ocrx_word' id='word_1_728' title='bbox 2552 5045 2619 5100; x_wconf 90' lang='lat' dir='ltr'><strong>ab</strong></span> <span class='ocrx_word' id='word_1_729' title='bbox 2659 5063 2722 5102; x_wconf 88' lang='lat' dir='ltr'><strong>ea</strong></span> <span class='ocrx_word' id='word_1_730' title='bbox 2764 5053 2917 5119; x_wconf 89' lang='lat' dir='ltr'><strong>parte</strong></span> <span class='ocrx_word' id='word_1_731' title='bbox 2965 5046 3214 5118; x_wconf 90' lang='lat' dir='ltr'><strong>corporis</strong></span> <span class='ocrx_word' id='word_1_732' title='bbox 3261 5062 3368 5118; x_wconf 91' lang='lat' dir='ltr'><strong>qua</strong></span> <span class='ocrx_word' id='word_1_733' title='bbox 3419 5045 3590 5101; x_wconf 89' lang='lat' dir='ltr'><strong>vestis</strong></span> 
     </span>
    </p>
   </div>
   <div class='ocr_carea' id='block_1_111' title="bbox 1981 5133 3586 5205">
    <p class='ocr_par' dir='ltr' id='par_1_111' title="bbox 1981 5133 3586 5205">
     <span class='ocr_line' id='line_1_112' title="bbox 1981 5133 3586 5205; baseline 0.001 -15"><span class='ocrx_word' id='word_1_734' title='bbox 1981 5134 2204 5204; x_wconf 86' lang='lat' dir='ltr'><strong>cingulo</strong></span> <span class='ocrx_word' id='word_1_735' title='bbox 2248 5133 2521 5199; x_wconf 89' lang='lat' dir='ltr'><strong>sinuatur,</strong></span> <span class='ocrx_word' id='word_1_736' title='bbox 2567 5135 2765 5190; x_wconf 88' lang='lat' dir='ltr'><strong>infelix</strong></span> <span class='ocrx_word' id='word_1_737' title='bbox 2813 5134 3113 5191; x_wconf 89' lang='lat' dir='ltr'><strong>durissime</strong></span> <span class='ocrx_word' id='word_1_738' title='bbox 3161 5133 3586 5205; x_wconf 90' lang='lat' dir='ltr'><strong>constringitur.</strong></span> 
     </span>
    </p>
   </div>
   <div class='ocr_carea' id='block_1_112' title="bbox 1984 5221 3592 5295">
    <p class='ocr_par' dir='ltr' id='par_1_112' title="bbox 1984 5221 3592 5295">
     <span class='ocr_line' id='line_1_113' title="bbox 1984 5221 3592 5295; baseline 0.002 -19"><span class='ocrx_word' id='word_1_739' title='bbox 1984 5223 1999 5256; x_wconf 83' lang='grc'>¹</span> <span class='ocrx_word' id='word_1_740' title='bbox 2034 5221 2332 5278; x_wconf 88' lang='lat' dir='ltr'><strong>Acceditur</strong></span> <span class='ocrx_word' id='word_1_741' title='bbox 2358 5222 2426 5278; x_wconf 91' lang='lat' dir='ltr'><strong>ad</strong></span> <span class='ocrx_word' id='word_1_742' title='bbox 2453 5240 2576 5278; x_wconf 91' lang='lat' dir='ltr'><strong>eum</strong></span> <span class='ocrx_word' id='word_1_743' title='bbox 2604 5241 2634 5279; x_wconf 93' lang='lat' dir='ltr'><strong>a</strong></span> <span class='ocrx_word' id='word_1_744' title='bbox 2683 5221 3079 5291; x_wconf 90' lang='lat' dir='ltr'><strong>sacerdotibus,</strong></span> <span class='ocrx_word' id='word_1_745' title='bbox 3130 5222 3224 5295; x_wconf 91' lang='lat' dir='ltr'><strong>qui</strong></span> <span class='ocrx_word' id='word_1_746' title='bbox 3254 5223 3592 5294; x_wconf 72' lang='lat' dir='ltr'><strong>exorcismos</strong></span> 
     </span>
    </p>
   </div>
   <div class='ocr_carea' id='block_1_113' title="bbox 1980 5310 3592 5386">
    <p class='ocr_par' dir='ltr' id='par_1_113' title="bbox 1980 5310 3592 5386">
     <span class='ocr_line' id='line_1_114' title="bbox 1980 5310 3592 5386; baseline 0.003 -20"><span class='ocrx_word' id='word_1_747' title='bbox 1980 5327 2044 5368; x_wconf 87' lang='lat' dir='ltr'><strong>ac</strong></span> <span class='ocrx_word' id='word_1_748' title='bbox 2073 5318 2273 5368; x_wconf 90' lang='lat' dir='ltr'><strong>cuncta</strong></span> <span class='ocrx_word' id='word_1_749' title='bbox 2313 5328 2432 5383; x_wconf 62' lang='lat' dir='ltr'><strong>quae</strong></span> <span class='ocrx_word' id='word_1_750' title='bbox 2473 5329 2597 5386; x_wconf 90' lang='lat' dir='ltr'><strong>erga</strong></span> <span class='ocrx_word' id='word_1_751' title='bbox 2625 5328 3022 5385; x_wconf 85' lang='lat' dir='ltr'><strong>energumenos</strong></span> <span class='ocrx_word' id='word_1_752' title='bbox 3067 5312 3154 5384; x_wconf 90' lang='lat' dir='ltr'><strong>agi</strong></span> <span class='ocrx_word' id='word_1_753' title='bbox 3217 5310 3440 5382; x_wconf 90' lang='lat' dir='ltr'><strong>debent,</strong></span> <span class='ocrx_word' id='word_1_754' title='bbox 3490 5313 3592 5371; x_wconf 86' lang='lat' dir='ltr'><strong>im-</strong></span> 
     </span>
    </p>
   </div>
   <div class='ocr_carea' id='block_1_114' title="bbox 2120 5544 2798 5608">
    <p class='ocr_par' dir='ltr' id='par_1_114' title="bbox 2120 5544 2798 5608">
     <span class='ocr_line' id='line_1_115' title="bbox 2120 5544 2798 5608; baseline -0.009 -2"><span class='ocrx_word' id='word_1_755' title='bbox 2120 5547 2259 5608; x_wconf 81' lang='lat' dir='ltr'><strong>Nota</strong></span> <span class='ocrx_word' id='word_1_756' title='bbox 2292 5544 2585 5604; x_wconf 89' lang='lat' dir='ltr'><strong>exorcismi</strong></span> <span class='ocrx_word' id='word_1_757' title='bbox 2619 5559 2798 5601; x_wconf 90' lang='lat' dir='ltr'><strong>usum.</strong></span> 
     </span>
    </p>
   </div>
  </div>
