4070 6184
480 218 586 279 935

1465 208 1880 274 ADREVALDI
1921 207 2418 273 FLOBIACENSIS
2459 207 2797 272 MONACIII.

3689 210 3824 273 936

479 371 782 443 pleverant.
815 367 1184 438 Interrogatus
1210 381 1413 421 nomen
1451 364 1639 433 edicit,
1674 366 1968 437 Legionem
2013 381 2071 422 se
2103 369 2153 428 Α
2185 365 2416 422 busdam
2439 381 2656 439 quoque
2671 381 2740 422 ex
2769 365 3007 433 clericis,
3039 381 3104 422 ac
3133 365 3180 420 si
3214 373 3323 420 tres
3350 381 3552 422 muscae
3585 382 3827 438 magna:

480 457 788 532 nuncupari
831 455 1142 513 conﬁtetur.
1193 454 1534 520 Nolvebatur
1563 454 1801 528 denique
1852 455 2072 512 diverso

479 551 716 609 circuitu
735 550 1139 617 columnarum,
1171 555 1225 604 et
1255 547 1499 604 motibus
1530 547 1783 620 pessimis
1818 548 2090 606 infelicis-

480 640 682 696 simum
704 639 1036 710 detorquens
1061 653 1276 710 corpus,
1306 636 1440 710 quid
1483 636 1538 691 in
1572 653 1628 692 se
1660 645 1869 707 gereret
1904 648 2086 694 osten-

480 727 660 785 debat.
711 728 1081 784 Luctabantur
1112 727 1183 800 (si
1214 727 1315 782 fari
1356 726 1542 797 liceat)
1576 727 1795 797 agmina
1835 727 1933 782 illa
1964 727 2085 783 dre-

483 835 709 874 monum
739 834 866 874 cum
917 815 1401 874 intercessionibus
1432 825 1769 872 sanctorum.
1816 817 2088 888 Equidem

483 910 649 964 miser
679 909 773 964 ille
822 907 1038 963 monitu
1085 907 1465 978 religiosorum
1516 905 1935 976 monachorum,
1995 907 2088 980 qui

481 1016 604 1055 eum
637 999 705 1055 ad
735 997 1126 1054 obsecrandam
1165 995 1389 1052 Domini
1445 995 1904 1063 misericordiam,
1951 1012 2087 1052 san-

481 1099 804 1160 ctorumque
830 1087 1078 1142 omnium
1111 1085 1558 1141 intercessionem
1589 1084 1968 1156 impellebant,
2005 1103 2088 1142 so-

482 1181 616 1237 litus
643 1187 758 1236 erat
788 1177 962 1233 veluti
988 1177 1291 1233 orationem
1335 1176 1544 1233 invitus
1592 1176 1827 1232 fundens
1865 1177 2082 1234 dicere:

480 1275 646 1339 Deus,
679 1268 852 1324 libera
882 1283 969 1322 me
1010 1267 1077 1323 ab
1105 1265 1263 1323 hoste
1307 1267 1536 1340 antiquo
1584 1267 1677 1338 qui
1720 1283 1804 1321 me
1851 1267 2084 1324 obsidet.

480 1362 536 1418 S.
580 1358 898 1424 Benedicte,
945 1365 1005 1412 tu
1041 1357 1201 1412 illum
1252 1373 1449 1428 punge.
1506 1356 1576 1410 Et
1621 1356 1725 1411 hoc
1772 1371 1884 1411 non
1942 1363 2087 1412 certe

481 1448 815 1516 voluntarie,
847 1446 940 1502 sed
972 1445 1276 1502 immundis
1292 1445 1527 1517 agitatus
1551 1443 1730 1511 furiis,
1759 1444 2085 1516 joculariter

480 1547 540 1595 ut
573 1539 867 1594 innumera
893 1536 997 1592 alia
1020 1535 1348 1607 proferebat.
1375 1533 1518 1602 Quid
1549 1534 1745 1606 plura?
1773 1534 2087 1590 interventu

480 1625 817 1686 serenissimi
875 1625 1074 1694 Patris,
1142 1625 1335 1681 divina
1400 1623 1752 1681 miseratione
1810 1634 2086 1696 respectus

481 1705 748 1775 liberatur
799 1733 829 1772 a
878 1710 1100 1771 diaboli
1141 1714 1368 1787 laqueis,
1429 1722 1483 1770 et
1534 1729 1717 1786 sospes
1761 1730 1823 1769 ac
1869 1715 2086 1786 quietus
2120 1731 2162 1790 Β

480 1809 624 1864 intra
655 1805 899 1864 ecclesiae
932 1805 1130 1859 limina
1157 1803 1379 1858 residet.
1412 1803 1549 1859 Cum
1601 1803 1951 1875 loquentibus
1981 1802 2085 1858 sibi

479 1897 753 1969 quomodo
808 1900 1058 1964 arreptus
1104 1909 1135 1946 a
1180 1891 1528 1946 daemonibus
1584 1891 1754 1946 fuerit
1803 1893 2080 1963 explanat,

476 1985 771 2042 confitetur
814 1983 1054 2053 culpam,
1099 1997 1262 2052 seque
1305 1980 1373 2034 ob
1403 1981 1672 2036 scelerum
1702 1982 2086 2034 enormitatem

476 2072 782 2143 immundis
810 2071 1074 2126 traditum
1104 2068 1412 2141 spiritibus,
1445 2070 1685 2124 contrito
1715 2070 1877 2124 corde
1906 2079 1959 2123 et.
1989 2067 2086 2123 bu-

478 2161 600 2217 mili
649 2159 850 2232 spiritu
894 2158 1233 2230 proclamat:
1297 2165 1472 2229 grates
1519 2157 1754 2214 Domino
1803 2157 2085 2212 liberatori

475 2268 594 2319 suo,
627 2266 840 2305 necnon
870 2247 1220 2303 intercessori
1257 2247 1316 2301 B.
1362 2247 1658 2303 Benedicto
1687 2248 1875 2315 refert,
1901 2248 2087 2319 sicque

476 2337 772 2396 incolumis
796 2338 864 2394 ad
888 2336 1108 2408 propria
1137 2342 1361 2390 remeat.
1385 2335 1526 2391 Huic
1555 2343 1852 2391 consuetus
1879 2335 2088 2392 abhinc

475 2437 722 2499 tempore
752 2441 859 2499 quo
890 2423 1128 2490 advixit,
1162 2440 1278 2478 mos
1303 2423 1521 2491 incidit,
1555 2423 1717 2478 annis
1744 2423 1977 2495 singulis
2008 2438 2085 2478 re'

477 2517 682 2573 deunte
711 2521 959 2584 tempore
985 2510 1239 2566 sanitatis
1263 2511 1471 2583 adepta:
1498 2527 1622 2566 cum
1648 2519 1777 2566 voto
1805 2512 1870 2568 ad
1894 2512 2088 2568 limina

474 2604 651 2659 sancti
689 2597 1022 2658 confessoris
1052 2597 1260 2654 Christi
1305 2615 1617 2671 properare,
1647 2610 1810 2672 atque
1838 2602 2086 2657 oratione

476 2696 696 2762 peracta
723 2702 821 2744 sua
846 2694 1106 2757 repetere.

1041 2819 1270 2876 CAPUT
1309 2821 1518 2879 XXXI.

1112 2919 1241 2974 Item
1273 2921 1436 2976 alius.

545 3033 660 3088 Hoc
704 3028 802 3086 tali
847 3034 1108 3100 tantaque
1155 3029 1257 3083 Dei
1300 3029 1593 3085 clementia
1621 3046 1652 3084 a
1686 3030 1837 3086 rabie
1866 3031 2082 3086 daemo—

474 3123 634 3181 niaca
671 3121 924 3185 liberato,
953 3119 1091 3174 alter
1122 3119 1341 3175 vinctus
1370 3121 1506 3176 diris
1537 3121 1892 3192 ligaminibus
1920 3139 1951 3177 a
1978 3139 2081 3178 su-
2115 3092 2158 3151 Ο

472 3212 780 3288 perioribus
815 3208 1063 3283 partibus
1091 3209 1300 3281 Ligeris
1347 3209 1488 3265 alvei
1527 3211 1842 3280 deducitur,
1882 3211 2080 3267 obses-

473 3325 566 3364 sus
595 3314 649 3363 et
677 3304 771 3361 hic
794 3321 825 3359 a
844 3302 1228 3360 crudelissimo
1247 3302 1515 3358 daemone.
1539 3304 1815 3374 Alligatur
1842 3303 2078 3375 denique

469 3399 539 3456 ad
567 3400 880 3456 columnam
912 3396 1173 3453 ecclesiae.
1207 3394 1502 3466 Sanguinei
1532 3394 1662 3450 huic
1691 3394 1935 3462 obtutus,
1968 3395 2078 3466 pal-

470 3486 616 3542 lidus
643 3488 820 3554 color,
844 3484 1135 3542 macilenta
1166 3484 1352 3553 facies,
1400 3491 1594 3539 torvus
1640 3490 1912 3556 aspectus,
1958 3482 2076 3554 qui-

469 3590 573 3648 que
603 3569 932 3631 mortalibus
969 3575 1272 3645 plurimum
1303 3574 1528 3628 terroris
1575 3573 1866 3628 incuteret.
1895 3571 2077 3627 Illici—

470 3655 584 3720 tum
629 3665 679 3719 ei
719 3673 833 3719 erat
871 3678 1068 3732 panem
1098 3663 1422 3716 comedere:
1454 3676 1566 3714 non
1599 3659 1749 3715 enim
1777 3660 2075 3730 permitte-

469 3751 628 3809 batur
651 3769 681 3806 a
705 3749 1051 3807 dominatore
1077 3764 1176 3803 suo
1205 3748 1328 3803 cibo
1360 3765 1510 3804 more
1538 3748 1781 3803 humano
1803 3749 1907 3804 uti.
1941 3748 2074 3804 Tri-

465 3844 637 3902 duum
694 3841 928 3899 transire
975 3840 1180 3912 absque
1229 3841 1493 3895 alimento
1535 3839 1731 3894 solitus
1769 3847 1904 3908 erat,
1933 3856 2072 3913 aqua

465 3935 744 3991 interdum
799 3933 1039 4005 simplici
1098 3930 1374 3997 utebatur,
1427 3929 1789 3986 exorcizatam
1851 3937 2070 3986 coactus

463 4025 787 4097 accipiebat,
819 4022 1133 4078 vociferans
1162 4037 1225 4077 ac
1254 4019 1586 4092 detorquens
1631 4019 1895 4077 membra.
1944 4020 2068 4078 Car-

463 4129 590 4170 nem
616 4110 918 4184 aliquando
943 4110 1123 4178 avide,
1166 4109 1260 4167 sed
1289 4109 1509 4166 sordide
1537 4109 1607 4181 (si
1637 4108 1882 4183 daretur)
1917 4127 2066 4167 more

462 4219 663 4261 canum
712 4201 941 4268 edebat;
1000 4201 1319 4274 hujusmodi
1371 4200 1525 4258 victu
1571 4203 1739 4257 miser
1784 4201 2064 4260 infelicem

460 4294 711 4352 trahebat
755 4294 1018 4350 animam.
1070 4295 1173 4352 Hic
1207 4294 1418 4350 diutius
1465 4293 1607 4366 apud
1656 4311 1861 4351 sacram
1891 4295 2059 4352 aedem

459 4385 692 4443 diversis
729 4393 891 4459 atque
942 4385 1364 4441 immanissimis
1419 4385 1755 4442 cruciatibus
1807 4396 2057 4457 vexatus,

458 4482 735 4549 postremo
765 4474 988 4530 vinctus
1017 4474 1248 4530 manicis
1286 4475 1354 4529 ad
1383 4475 1704 4530 memoriam
1745 4484 2060 4533 sanctorum

457 4563 680 4621 ducitur
703 4570 1033 4636 martyrum,
1066 4580 1174 4637 quo
1202 4563 1366 4619 etiam
1389 4563 1600 4620 cineres
1630 4564 1906 4638 saepedicti
1937 4584 2062 4622 con-

456 4653 679 4710 fessoris
732 4653 939 4710 Christi
979 4653 1262 4709 Benedicti
1294 4670 1325 4708 a
1353 4653 1500 4709 ﬁdeli
1531 4653 1687 4725 plebe
1716 4657 2065 4712 veneraban—

456 4751 566 4798 tur.
609 4743 890 4811 Beligatur
927 4743 1000 4798 ad
1057 4743 1299 4814 stipitem
1345 4743 1706 4813 tabernaculi,
1751 4745 1937 4817 ibique
1968 4747 2064 4800 ni—

456 4831 630 4886 mium
677 4829 956 4900 afﬂigitur.
989 4831 1204 4886 Sciebat
1236 4847 1430 4903 nempe
1469 4832 1674 4903 impius
1703 4842 1896 4902 tortor,
1938 4835 2063 4890 vir—

455 4928 570 4978 tute
599 4919 919 4990 meritisque
949 4929 1263 4976 sanctorum
1293 4921 1459 4978 citius
1495 4938 1611 4978 sese
1641 4923 1958 4994 pellendum
1993 4925 2060 4981 ab

453 5009 672 5067 obsesso
702 5008 964 5066 homine:
1021 5010 1254 5084 ideoque
1298 5013 1581 5068 crudelius
1621 5012 1674 5068 in
1733 5029 1858 5068 eum
1903 5019 2059 5074 omni

454 5119 647 5174 genere
695 5101 1047 5158 desaeviebat.
1101 5102 1205 5159 Sed
1247 5103 1395 5158 circa
1442 5103 1631 5159 horam
1681 5103 1899 5159 tertiam
1931 5123 2055 5162 cum

446 5191 560 5262 jam
589 5191 768 5246 missae
811 5190 1237 5260 celebrarentur,
1289 5199 1409 5263 post
1449 5191 1740 5248 lectionem
1772 5195 2058 5267 evangeli—

452 5296 569 5336 cam
615 5281 670 5335 in
713 5297 970 5336 somnum
1013 5282 1178 5336 miser
1215 5281 1310 5336 ille
1338 5282 1717 5350 convertitur;
1755 5282 1996 5357 dumque
2027 5303 2056 5341 a

453 5369 730 5426 sacerdote
759 5369 944 5426 oblata
989 5371 1429 5427 sanctiﬁcaretur
1483 5371 1683 5442 hostia,
1739 5373 1922 5429 visum
1974 5383 2054 5431 est

451 5457 669 5514 cuidam
699 5460 928 5516 fratrum
970 5471 1306 5529 nostrorum,
1340 5460 1428 5517 cui
1462 5477 1663 5518 nomen
1697 5462 1901 5530 Garno,
1933 5464 2051 5536 qui-

521 5593 541 5620 ι·
577 5582 679 5637 Illo
707 5587 906 5640 saeculo
940 5603 997 5642 IX
1028 5587 1428 5645 marchisorum
1461 5605 1660 5646 nomen
1690 5589 1928 5662 primum
1960 5608 2049 5648 au-

2202 455 2546 527 multumque
2575 454 2888 528 nigerrimae
2917 452 2985 508 ab
3008 469 3101 508 ore
3129 454 3316 509 vexati
3346 452 3592 510 hominis
3621 471 3826 528 egres-

2199 560 2270 599 sae
2301 543 2449 600 foras
2494 542 2913 599 tabernaculum
2961 543 3264 598 avolarent.
3311 540 3472 609 Quod
3508 553 3825 618 postquam

2202 633 2382 688 visum
2416 639 2517 700 est,
2548 632 2716 704 erepit
2741 641 2977 700 aegrotus
3006 631 3252 705 quietius
3280 647 3460 703 agere,
3493 643 3654 707 atque
3681 634 3832 689 mi—

2200 723 2472 778 seratione
2514 722 2739 777 Domini
2769 731 3198 794 sanctorumque
3229 722 3385 777 illius
3423 722 3756 780 interventu
3793 741 3833 780 ει

2200 819 2546 882 persecutore
2576 810 2803 866 humani
2836 811 3049 882 generis
3079 819 3296 883 ereptus
3324 811 3548 867 sanitati
3579 812 3829 868 restituo

2199 909 2288 958 tus
2320 911 2400 958 est
2433 920 2445 958 :
2480 901 2692 974 hocque
2724 903 2888 959 modo
2927 901 3372 957 incolumitatem
3403 900 3631 974 adeptus
3661 919 3830 976 pro-

2199 990 2319 1063 pria
2351 991 2564 1048 revisit.

2734 1118 2964 1176 CAPUT
3006 1118 3242 1176 XXXII.

2681 1217 2861 1274 Comes
2899 1217 3020 1271 item
3060 1217 3304 1273 rabidus.

2268 1323 2518 1379 Castrum
2550 1322 2824 1395 quoddam
2860 1323 2917 1376 in
2949 1323 3284 1393 Burgundiaa
3315 1321 3582 1395 partibus,
3618 1325 3672 1379 in
3715 1325 3832 1380 la-

2195 1420 2308 1469 tere
2332 1412 2554 1481 montis,
2582 1429 2746 1484 supra
2776 1412 3005 1468 ﬂuvium
3032 1413 3480 1469 Hermentionem
3511 1415 3830 1484 (I'Armeu-

2197 1506 2314 1576 gon)
2349 1503 2622 1561 vocabulo
2650 1503 2843 1571 situm,
2876 1501 3152 1574 adjacenti
3183 1503 3395 1574 regioni
3426 1520 3625 1560 nomen
3653 1506 3824 1563 indi-

2195 1595 2277 1652 dit
2312 1613 2323 1650 :
2377 1609 2614 1666 namque
2642 1610 2673 1649 a
2702 1593 3023 1650 Tornodoro
3056 1594 3380 1665 (Ton-narra)
3431 1595 3617 1651 vicina
3643 1597 3827 1668 regio

2195 1683 2635 1740 Tornodorensis
2665 1682 2893 1738 dicitur.
2935 1681 3078 1739 Huic
3106 1692 3334 1754 praeerat
3364 1683 3586 1756 quidam
3621 1684 3824 1741 nobili

2200 1782 2353 1829 ortus
2382 1771 2654 1846 prosapia,
2688 1771 2957 1828 vocabulo
2990 1771 3270 1840 Raculfus,
3301 1788 3370 1828 ex
3401 1771 3581 1829 ofﬁcio
3619 1774 3820 1831 vicem

2198 1863 2420 1922 comitis
2449 1879 2633 1935 agens,
2677 1861 2771 1935 qui
2803 1862 2875 1917 ob
2906 1861 3236 1933 pravitatem
3271 1879 3489 1918 morum
3520 1866 3822 1936 pessimo-

2199 1967 2431 2023 rumque
2473 1959 2696 2006 actuum
2731 1951 3136 2007 immanitatem
3167 1961 3350 2008 mente
3378 1961 3569 2024 captus
3611 1953 3670 2009 in
3705 1971 3821 2009 ra-

2198 2040 2342 2096 biem
2375 2040 2629 2096 vertitur.
2662 2040 2909 2114 Cumque
2931 2041 3283 2114 semetipsum
3317 2059 3381 2099 ac
3409 2044 3653 2116 reliquos
3681 2043 3821 2099 cir-

2197 2146 2544 2203 cumquaque
2564 2131 2671 2186 sibi
2691 2138 2933 2187 astantes
2956 2131 3158 2203 gladio,
3190 2133 3449 2203 fustibus,
3480 2135 3820 2209 ueterisque

2197 2218 2420 2274 sibimet
2454 2220 2873 2276 occurrentibus
2905 2221 3035 2276 telis
3065 2230 3248 2293 petere
3273 2221 3474 2290 vellet;
3519 2232 3756 2280 tenetur
3785 2243 3820 2280 ι

2198 2307 2332 2375 suis,
2375 2308 2708 2380 vinctusque
2753 2326 2879 2366 cum
2912 2326 3111 2382 magno
3146 2319 3409 2382 apparatu
3439 2313 3522 2368 uti
3549 2315 3823 2385 opulen-

2196 2396 2444 2452 tissimus
2474 2398 2721 2453 virorum
2751 2399 2819 2454 ad
2846 2401 3242 2456 monasterium
3272 2400 3566 2458 deducitur
3598 2421 3611 2458 :
3644 2403 3822 2461 illic—

2197 2503 2302 2560 que
2339 2486 2436 2542 diu
2467 2487 2857 2558 debacchatus,
2898 2491 2957 2545 in
2997 2499 3214 2546 tantum
3255 2499 3318 2547 ut
3347 2493 3609 2550 dentibus
3639 2495 3820 2552 fren-

2197 2573 2380 2630 dendo
2421 2575 2728 2632 minaretur
2760 2579 2804 2633 si
2849 2579 3064 2635 licitum
3105 2581 3248 2637 foret
3284 2584 3605 2640 accedentes
3635 2584 3712 2640 ad
3752 2603 3818 2642 se

2197 2665 2474 2722 morsibus
2504 2667 2708 2722 laniare
2732 2689 2744 2733 ;
2782 2669 3020 2725 evolutis
3043 2670 3214 2726 ferme
3237 2671 3432 2727 diebus
3452 2673 3814 2745 quindecim,

2196 2755 2518 2811 interventu
2555 2756 2619 2811 B.
2661 2756 2944 2813 Benedicti
2984 2758 3184 2815 melius
3225 2777 3413 2833 sapere
3451 2762 3654 2834 cmpit;
3700 2778 3816 2820 nec

2196 2845 2355 2916 longe
2398 2852 2518 2916 post
2557 2847 2804 2917 apprime
2852 2847 3016 2903 saluti
3070 2850 3378 2918 restitutus,
3422 2867 3545 2907 cum
3597 2854 3817 2925 gaudio

2194 2949 2306 2988 non
2336 2941 2552 2990 tantum
2585 2935 2750 2991 unius
2778 2936 2909 3004 viri,
2950 2937 3046 2992 sed
3079 2946 3132 2994 et
3167 2941 3498 3007 multorum,
3537 2943 3810 3000 nativum

2193 3025 2388 3094 repetit
2421 3025 2622 3080 solum.
2659 3026 2785 3082 Haec
2814 3035 2867 3082 et
2896 3027 3004 3082 alia
3030 3029 3206 3084 multa
3233 3046 3295 3084 ea
3323 3037 3650 3102 tempestate
3679 3034 3814 3089 mi—

2195 3113 2365 3167 randa
2385 3113 2659 3168 Dominus
2682 3130 2776 3184 per
2807 3131 3028 3171 servum
3059 3133 3221 3172 suum
3249 3120 3431 3175 carnis
3455 3121 3675 3176 sarcina
3709 3122 3814 3177 ab-

2193 3203 2434 3258 solutum
2467 3205 2680 3275 operari
2719 3204 2977 3276 dignatus
3006 3215 3086 3262 est
3117 3226 3128 3263 :
3180 3224 3300 3280 quae
3330 3209 3529 3266 inertia
3576 3228 3807 3283 eorum,

2194 3309 2428 3364 quorum
2462 3292 2665 3348 studiis
2693 3303 2822 3349 nota
2851 3297 3073 3367 populis
3100 3296 3337 3354 debuere
3369 3299 3510 3368 fieri,
3553 3311 3808 3374 praeter—

2191 3381 2357 3437 missa
2401 3390 2548 3438 sunt.
2611 3382 2882 3440 Caeterum
2929 3401 2992 3441 ea
3037 3403 3156 3458 quae
3207 3388 3332 3444 visu
3375 3406 3645 3462 corporeo
3693 3411 3805 3450 nos

2191 3492 2517 3547 cognoscere
2549 3477 2852 3550 quivimus,
2882 3495 3072 3552 quaeve
3102 3480 3251 3537 ﬁdeli
3283 3484 3601 3542 narratione
3630 3503 3805 3543 eom-

2189 3565 2455 3636 perimus,
2478 3567 2754 3623 submisso
2785 3584 2978 3640 genere
3009 3570 3289 3643 loquendi,
3325 3573 3475 3645 quod
3505 3575 3593 3631 vel
3621 3578 3802 3633 maxi-

2190 3670 2276 3710 me
2307 3655 2364 3710 in
2395 3657 2620 3729 agendis
2650 3658 2812 3714 rebus
2842 3661 3008 3726 valet,
3054 3661 3500 3733 adposterorum
3531 3666 3798 3723 notitiam

2186 3746 2412 3804 hortatu
2442 3747 2713 3821 majorum
2753 3752 3130 3807 transmittere
3159 3754 3499 3812 curavimus.

2685 3874 2912 3932 CAPUT
2954 3875 3214 3933 XXXIII.

2183 3971 2437 4028 Ludovici
2477 3972 2577 4046 ⁸Ρίί
2624 3974 2727 4046 ﬁlii
2774 3992 2990 4045 regnum
3022 3977 3360 4046 partiuntur.
3429 3976 3624 4042 Qualis
3681 3982 3796 4031 tum

2251 4062 2432 4100 rerum
2459 4043 2646 4114 facies.
2706 4043 3165 4104 Nortmannerum
3206 4047 3534 4103 incursiones
3577 4054 3628 4103 et
3663 4048 3793 4102 dira

2250 4115 2517 4186 facinora.

2247 4223 2455 4280 Verum
2499 4223 2749 4296 piissimo
2785 4225 3036 4297 Augusto
3067 4223 3348 4283 Ludovico
3383 4225 3570 4283 carnis
3610 4242 3781 4282 onere

2176 4311 2429 4385 spoliato,
2455 4329 2680 4384 regnum
2706 4315 3043 4371 Francorum
3066 4315 3212 4388 quod
3244 4332 3312 4371 ex
3333 4315 3574 4372 diversis
3602 4316 3782 4372 natio-

2176 4403 2338 4460 nibus
2392 4403 2630 4460 solidum
2685 4423 2883 4478 corpus
2937 4407 3112 4463 fuerat
3165 4407 3444 4476 effectum,
3498 4407 3780 4464 trifariam

2173 4491 2466 4563 dividitur,
2515 4501 2678 4567 atque
2708 4511 2738 4552 a
2768 4496 2944 4553 tribus
2980 4495 3224 4567 ejusdem
3259 4497 3612 4569 imperatoris
3644 4497 3782 4553 ﬁliis

2179 4583 2244 4639 ad
2275 4584 2571 4655 regendum
2606 4587 2926 4659 suscipitur.
2958 4587 3029 4642 Et
3059 4585 3234 4659 major
3263 4587 3485 4660 quidem
3517 4597 3654 4644 natu
3675 4588 3781 4644 Loo

2177 4673 2396 4729 tbarius
2431 4675 2721 4730 Franciam
2759 4692 2884 4732 cum
2915 4676 3091 4745 Italia,
3132 4676 3445 4732 Ludovicus
3474 4676 3775 4732 Saxoniam

2177 4780 2506 4835 omnemque
2535 4765 2905 4836 Germaniam,
2937 4767 3163 4824 Carolus
3193 4777 3372 4824 autem
3399 4768 3594 4840 junior
3622 4768 3779 4825 Bur-

2175 4852 2435 4922 gundiam
2465 4869 2588 4907 cum
2625 4854 2920 4928 Aquitania
2961 4857 3222 4928 possedit.
3261 4857 3363 4914 Sed
3395 4866 3456 4912 ut
3490 4857 3558 4914 de
3591 4859 3778 4931 regnis

2174 4952 2404 5008 taceam,
2434 4940 2671 4997 bellisne
2699 4945 2888 4999 attrita
2921 4945 3290 5015 decreverint,
3320 4964 3389 5001 an
3421 4964 3551 5019 pace
3581 4950 3777 5004 conti-

2174 5045 2283 5084 nua
2333 5027 2619 5100 aliquanto
2670 5029 2979 5101 ﬂoruerint,
3030 5043 3230 5090 nostrae
3276 5035 3445 5108 partis
3497 5050 3776 5090 aerumnas

2171 5117 2517 5190 breviloquio
2544 5137 2838 5177 excurrere
2866 5121 3020 5178 libet.
3055 5123 3250 5180 Carolo
3277 5124 3431 5195 regni
3463 5138 3574 5178 non
3612 5122 3773 5177 mini-

2172 5221 2316 5260 mam
2338 5216 2585 5265 assecuto
2606 5210 3211 5282 partem,inf0rtunium
3227 5211 3486 5282 junctum
3507 5210 3767 5278 fortunas,

2169 5294 2564 5365 rempublicam
2590 5297 2832 5353 maximo
2854 5297 3168 5369 proﬂigavit
3188 5299 3411 5367 damno,
3435 5316 3498 5357 ac
3526 5300 3765 5372 primum

2168 5383 2456 5441 Marchisis
2476 5397 2498 5424 ι
2532 5387 2835 5444 Britannici
2871 5388 3067 5444 limitis
3097 5389 3243 5444 inter
3265 5406 3321 5445 se
3343 5389 3495 5461 gravi
3518 5387 3766 5461 perduel-

2167 5473 2314 5530 lione
2346 5475 2766 5546 dissidentibus,
2803 5477 3006 5534 bellum
3045 5479 3223 5536 oritur
3257 5487 3504 5554 utraeque
3534 5477 3765 5551 lugubre

2165 5594 2273 5652 diri
2302 5597 2489 5672 cmpit,
2523 5598 2615 5672 qui
2645 5600 2723 5658 sic
2755 5599 2890 5658 dicti
2923 5608 3051 5658 sunt
3075 5601 3346 5660 amarcha
3365 5618 3464 5658 seu
3497 5600 3761 5668 marchia,
