4070 6184
519 289 621 346 639

1507 272 1923 333 ADREVALDI
1963 264 2465 329 FLORIACENSIS
2502 259 2825 324 MONACHI

3704 251 3833 310 640

516 437 675 495 verba
702 451 837 503 mea,
858 448 963 489 ecce
981 432 1069 504 eg‘o
1094 430 1321 499 mittam,
1354 434 1405 485 et
1429 443 1698 484 assumam
1722 425 1998 482 universas
2025 441 2105 480 co-
2135 430 2187 490 Α
2215 420 2618 479 habitatoribus
2647 418 2995 492 reperientes,
3051 411 3268 473 cunctis
3311 426 3445 468 vero
3492 408 3835 466 mortalium

511 528 781 601 gnationes
797 524 1104 596 Aquilonis,
1123 520 1490 589 aitDominus,
1513 526 1560 575 et
1577 519 1839 575 adducam
1852 534 1940 573 eas
1953 531 2114 587 super

512 624 710 673 terram
738 615 915 682 istam,
938 619 985 669 et
1003 629 1162 684 super
1181 611 1501 666 habitatores
1525 609 1659 679 ejus,
1690 614 1738 663 et
1756 624 1913 679 super
1940 621 2113 661 omnes

515 706 754 762 nationes
775 720 891 775 qua:
910 703 968 757 in
988 700 1214 756 circuitu
1242 699 1392 755 illius
1420 703 1561 753 sunt.
1594 699 1670 753 Et
1693 693 2011 766 interﬁciam
2029 710 2112 748 eos

512 802 561 851 et
579 812 780 868 ponam
797 810 882 848 eos
908 793 968 847 in
986 798 1253 863 stuporem
1281 794 1329 843 et
1356 788 1591 855 sibilum,
1624 792 1672 840 et
1718 784 1776 839 in
1804 782 2114 838 solitudines

511 884 852 957 sempiternas
872 899 894 948 ,°
912 883 1234 953 perdamq-ue
1256 894 1321 933 ea:
1339 877 1412 931 eis
1440 892 1608 931 uocem
1639 873 1842 945 gaudii,
1866 879 1914 927 et
1942 887 2114 927 uocem

512 974 727 1040 laetitiae,
757 988 929 1027 vocem
976 968 1176 1042 sponsi,
1204 975 1251 1023 et
1286 982 1460 1021 uocem
1488 980 1710 1034 sponsae,
1758 978 1930 1018 vocem
1960 960 2112 1015 molle

510 1068 559 1116 et
584 1077 756 1116 vocem
782 1061 1007 1115 lucernte
1033 1076 1045 1114 :
1082 1062 1129 1111 et
1157 1055 1259 1111 erit
1285 1054 1533 1108 universa
1576 1057 1720 1126 terra
1761 1050 1875 1120 ejus
1901 1050 1961 1104 in
1989 1048 2110 1103 soli-

511 1150 761 1216 tudinem,
795 1155 843 1203 et
868 1154 1137 1218 stuporem
1168 1144 1304 1215 (Jer.
1350 1142 1514 1211 xxv).
1555 1141 1801 1211 Itemque
1855 1152 1953 1210 per
1982 1136 2111 1191 Eze-

510 1238 745 1295 chielem
806 1236 1165 1308 prophetam:
1235 1231 1343 1287 Fac
1405 1229 1807 1295 conclusionem,
1861 1224 2113 1297 quoniam

513 1332 659 1382 terra
682 1325 844 1395 plena
896 1330 971 1380 est
1006 1321 1215 1394 judicio
1245 1320 1584 1393 sanguinum,
1639 1323 1689 1373 et
1733 1316 1918 1373 civitas
1954 1314 2113 1386 plena

509 1414 809 1486 iniquitate,
861 1419 910 1468 et
934 1412 1196 1467 adducam
1218 1410 1472 1482 pessimos
1499 1408 1561 1464 de
1595 1405 1829 1479 gentibus
1875 1409 1923 1458 et
1943 1400 2112 1474 possi-

510 1506 702 1562 debunt
727 1505 907 1560 domos
955 1519 1159 1569 eorum,
1191 1506 1241 1555 et
1284 1499 1540 1571 quiescere
1567 1497 1770 1565 faciam
1817 1491 2115 1565 superbiam

506 1594 814 1667 potentium,
846 1600 895 1648 et
916 1592 1257 1665 possidebunt
1299 1587 1662 1659 fructuarium
1706 1601 1905 1641 eorum.
1936 1583 2115 1652 Angu-

509 1685 614 1741 stia
643 1683 1033 1757 superueniente
1054 1680 1325 1751 requirent
1345 1694 1550 1749 pacem,
1578 1683 1627 1731 et
1672 1692 1781 1732 non
1808 1673 1944 1729 erit:
1983 1686 2116 1725 con—

2217 509 2586 585 temporaneis
2602 507 2864 564 refertum
2886 502 3214 572 commodis,
3234 516 3388 558 more
3417 498 3527 556 sibi
3550 495 3837 555 familiari

2218 600 2552 674 praedantur,
2587 596 2873 669 dissipant,
2905 593 2972 650 ad
3005 601 3342 665 postremum
3386 605 3517 645 vero
3558 585 3674 659 igni
3703 586 3843 641 im-

2219 689 2388 746 misso
2411 688 2651 744 adurunt
2668 699 2711 742 ι.
2743 685 2944 741 Aberat
2957 682 3071 756 jam
3093 689 3229 738 tunc
3270 694 3473 751 corpus
3503 675 3845 733 sacratissi-

2218 798 2370 840 mum
2399 777 2725 836 confessoris
2744 775 2953 834 Christi
2974 770 3259 829 Benedicti
3284 788 3295 827 :
3327 769 3372 826 si
3389 758 3610 842 quidem
3641 766 3847 840 prima

2218 872 2522 929 vastatione
2585 867 2821 941 praefata:
2850 865 3025 933 urbis,
3077 878 3265 920 curam
3296 857 3467 930 hujus
3520 856 3659 914 sacri
3711 854 3845 912 loci

2218 970 2409 1035 agente
2438 956 2714 1016 Bernardo
2733 949 2757 982 "
2786 952 3119 1012 nobilissimi
3150 949 3365 1023 generis
3394 950 3536 1016 viro,
3573 948 3848 1003 levatum

2218 1067 2250 1107 a
2278 1051 2398 1106 loco
2424 1046 2660 1121 sepulcri
2692 1042 3103 1102 sanctissimum
3133 1054 3335 1111 corpus
3365 1036 3423 1092 in
3452 1034 3659 1093 scrinio
3687 1048 3848 1090 cum

2221 1139 2427 1195 honore
2455 1152 2698 1208 congruo
2726 1131 3027 1208 repositum
3062 1137 3178 1186 est:
3212 1129 3401 1200 sicque
3431 1126 3488 1182 in
3522 1125 3704 1181 loculo
3743 1139 3851 1196 ge-

2220 1229 2448 1286 statorio
2493 1227 2848 1292 collocatum,
2901 1221 3137 1296 qualiter
3192 1232 3522 1292 quocunque
3566 1213 3853 1287 fugiendi

2222 1318 2527 1392 impelleret
2555 1314 2868 1383 necessitas,
2890 1329 2923 1369 a
2953 1309 3218 1367 fratribus
3245 1308 3387 1381 fugae
3422 1304 3673 1380 pmidio
3703 1317 3854 1360 sese

2221 1408 2508 1466 tuentibus
2534 1404 2736 1462 deferri
2767 1409 2967 1477 posset.
2999 1400 3104 1457 Sed
3134 1398 3310 1472 gratia
3352 1395 3556 1456 Christi
3601 1401 3849 1468 agente,

2223 1498 2417 1572 gentili
2440 1496 2620 1570 gladio
2639 1492 2793 1551 sedes
2824 1492 2931 1548 sibi
2961 1496 3173 1564 aptatas
3213 1495 3511 1562 repetente,
3542 1484 3851 1543 sanctissi-

2222 1604 2311 1644 ma
2342 1586 2587 1644 membra
2612 1584 2732 1641 loco
2759 1579 3075 1640 conduntur
3111 1577 3355 1651 proprio.
3395 1573 3645 1631 Secundo
3688 1590 3855 1631 vero

2225 1677 2454 1734 incursu
2483 1673 2748 1739 hostium,
2770 1669 2885 1743 jam
2914 1668 3203 1742 praelibato
3231 1666 3429 1724 abbate
3476 1666 3716 1723 ultimos
3749 1666 3855 1722 sui

513 1756 743 1830 turbatio
774 1789 933 1844 super
957 1769 1408 1826 conturbationem
1436 1765 1622 1832 veniet,
1644 1771 1692 1819 et
1717 1764 1934 1818 auditus
1958 1775 2117 1831 super

2229 1767 2512 1840 regiminis
2538 1765 2862 1822 decurrente
2890 1762 3053 1830 soles,
3080 1760 3276 1817 iterum
3307 1759 3544 1815 levatum
3590 1756 3855 1813 sanctis—

509 1863 773 1929 auditum,
813 1867 863 1916 et
916 1859 1189 1928 requirent
1221 1854 1474 1911 visionem
1508 1854 1570 1909 de
1624 1852 1901 1923 propheta,
1942 1854 1991 1903 et
2028 1850 2112 1903 lea:

506 1952 701 2022 peribit
727 1968 761 2006 a
787 1949 1074 2016 sacerdote,
1095 1953 1143 2002 et
1169 1946 1449 2001 consilium
1476 1963 1511 1999 a
1539 1944 1833 1998 senioribus
1892 1938 2108 2011 (Ezech.

508 2042 634 2111 vn).
671 2043 744 2095 Et
770 2048 892 2112 post
922 2054 1129 2110 pauca:
1193 2037 1486 2092 Secundum
1502 2035 1657 2103 piam
1703 2050 1885 2089 eorum
1912 2030 2113 2101 faciam

507 2128 601 2197 eis,
641 2134 690 2183 et
708 2128 989 2183 secundum
997 2125 1209 2195 judicia
1236 2141 1419 2179 eorum
1436 2122 1695 2193 judicabo
1730 2138 1837 2187 eos,
1880 2127 1928 2176 et
1951 2120 2113 2175 scient

507 2219 637 2290 quia
674 2235 762 2290 ego
792 2217 1052 2275 Dominus
1103 2214 1319 2288 (Ibid.).
1350 2215 1449 2270 Est
1480 2214 1661 2285 itaque
1702 2226 1923 2269 cernere
1951 2227 2113 2269 com-

508 2308 871 2364 minattonem
938 2304 1317 2379 pr0pheticam
1382 2312 1570 2359 nostro
1627 2300 1894 2374 assignari
1969 2315 2110 2369 aevo,

509 2398 730 2471 quando
753 2397 823 2453 ob
843 2395 1112 2453 scelerum
1139 2392 1539 2450 immanitatem
1564 2394 1800 2464 populus
1834 2388 2111 2462 quondam

507 2490 610 2547 Dei
636 2498 692 2546 et
718 2503 851 2545 oves
877 2501 1141 2542 manuum
1163 2484 1283 2556 ejus
1301 2484 1416 2541 dati
1438 2494 1568 2541 sunt
1589 2482 1908 2539 nationibus
1938 2482 1995 2535 in
2024 2480 2114 2536 de-

508 2579 903 2652 praedationem
962 2575 1450 2648 captivitatemque
1515 2573 1867 2630 durissimam
1918 2578 2112 2644 :atque

509 2668 688 2725 solum
742 2682 951 2737 nupera
988 2664 1440 2720 ﬂorentissimum
1489 2670 1670 2730 aetate,
1715 2660 1881 2717 ubere
1936 2660 2110 2733 gleba,

509 2762 945 2825 cunctarumque
972 2753 1257 2824 opulentia
1285 2767 1489 2822 rerum,
1522 2752 1804 2808 redactum
1841 2751 1899 2806 in
1933 2751 2115 2807 vasti-

509 2851 677 2898 tatem
719 2858 782 2899 ac
814 2840 1170 2897 solitudinem
1215 2851 1539 2897 extremam.
1574 2840 1733 2897 Libet
1774 2842 1946 2914 igitur
1986 2857 2113 2898 cum

511 2932 780 3006 propheta
806 2929 986 2986 David
1018 2932 1287 2986 veraciter
1313 2932 1621 2986 exclamare
1646 2949 1657 2987 :
1690 2931 1876 2986 Justus
1904 2949 1978 2999 es,
2008 2931 2113 2986 Do-

510 3021 669 3090 mine,
692 3026 740 3076 et
766 3025 962 3075 rectum
982 3016 1248 3088 judicium
1278 3024 1424 3073 tuum
1458 3019 1632 3090 (Psal.
1666 3020 1901 3091 cxvm):
1949 3028 2112 3091 atque

510 3128 638 3169 cum
668 3113 840 3167 altero
870 3106 1159 3164 humiliter
1184 3108 1515 3180 implorare:
1569 3108 1813 3175 Domine,
1870 3108 2115 3164 miserere

514 3201 708 3269 uestri,
733 3198 925 3255 teenim
945 3199 1391 3270 exspectavimus:
1423 3204 1527 3254 esto
1558 3199 1832 3255 brachium
1874 3206 2116 3255 nostrum

516 3292 575 3345 in
599 3306 753 3346 mane
780 3295 829 3344 et
847 3291 996 3345 salus
1023 3294 1208 3343 nostra
1237 3286 1294 3342 in
1324 3293 1550 3358 tempore
1576 3289 1938 3344 tribulationis
1969 3290 2114 3361 (Isa.

516 3384 728 3452 χχχιι).
760 3379 888 3435 Haec
907 3378 974 3435 de
994 3376 1213 3434 excidio
1227 3375 1646 3449 jucundissimze
1670 3379 1858 3450 patriai
1877 3378 2119 3435 breviter

519 3471 721 3527 litteris
777 3469 1036 3526 mandare
1084 3468 1268 3538 libuit,
1315 3484 1424 3541 quo
1453 3468 1540 3524 his
1570 3484 1691 3541 quae
1737 3470 2119 3542 consequeuda

523 3568 680 3617 erant
728 3562 1016 3615 clariorem
1057 3574 1374 3629 pararemus
1406 3559 1572 3615 viam.
1619 3559 1851 3615 0missns
1906 3559 2120 3616 scilicet

523 3648 769 3705 infandis
798 3648 1073 3701 malorum
1103 3647 1374 3714 cladibus,
1397 3663 1519 3718 quae
1548 3651 1666 3720 ipso
1696 3648 1780 3703 sui
1813 3647 2039 3705 horrore
2067 3656 2121 3704 et

523 3733 917 3801 exsecratione,
973 3734 1105 3804 styli
1151 3744 1373 3790 cursum
1404 3736 1462 3789 in
1486 3743 1664 3791 semet
1706 3735 1992 3794 hebescere
2020 3753 2124 3795 co-

526 3834 680 3899 gunt,
702 3829 819 3898 jam
849 3842 999 3883 nunc
1027 3823 1092 3881 ad
1124 3827 1464 3897 propositum
1494 3825 1803 3884 redeamus.
1948 3812 1957 3817 ι

1056 3914 1284 3972 CAPUT
1333 3914 1594 3973 XXXIV.

598 4005 934 4063 Floriacense
966 4002 1344 4132 monasterium
1367 4021 1402 4059 a
1423 4004 1772 4086 Nortmannis
1797 4006 2055 4080 diripitur

1108 4092 1170 4131 ac
1198 4092 1306 4131 com
1344 4084 1544 4132 uritur.

1108 4092 1170 4131 ac
1198 4084 1544 4134 comburitur.

599 4162 813 4221 Interea
862 4163 1213 4233 Nortmanni,
1271 4171 1334 4220 ut
1378 4180 1545 4238 supra
1585 4166 1774 4238 paucis
1816 4166 2123 4242 praelibavi-

528 4273 670 4325 mus,
692 4255 933 4313 secunda
951 4256 1261 4328 irruptione
1291 4257 1619 4314 Aurelianos
1645 4259 1903 4332 aggressi,
1933 4261 2123 4318 urbem

526 4346 871 4403 ambustione
925 4354 1313 4404 concremant:
1382 4364 1615 4421 parsque
1676 4350 1924 4421 illorum,
1987 4350 2125 4407 duce

526 4435 723 4492 Bareto
741 4452 867 4492 cum
888 4436 1250 4510 quadraginta
1274 4437 1530 4510 navibus,
1559 4440 1955 4497 monasterium
1970 4439 2026 4497 S.
2060 4442 2120 4498 P.

2223 1858 2425 1915 simum
2456 1864 2656 1929 corpus
2685 1862 2848 1927 atque
2883 1853 2940 1909 in
2978 1852 3161 1909 loculo
3204 1848 3447 1908 vectario
3488 1848 3851 1921 depositum,

2225 1946 2327 2004 hac
2353 1947 2588 2019 illacque
2634 1951 2799 2018 prout
2825 1941 3209 2016 opportunitas
3253 1939 3396 2012 fuga
3445 1954 3502 1995 se
3536 1937 3787 2006 obtulit,
3818 1954 3856 1994 a

2224 2036 2486 2093 fratribus
2512 2035 2777 2092 defertur.
2809 2033 2929 2090 Non
2979 2040 3162 2089 tamen
3195 2030 3341 2088 infra
3390 2029 3507 2086 haec
3559 2027 3856 2101 temporis

2223 2125 2400 2199 spatia
2429 2125 2601 2198 gratia
2629 2124 2823 2180 divina
2852 2138 3043 2180 servos
3062 2138 3192 2178 suos
3234 2133 3549 2193 quanquam
3598 2117 3853 2174 misera-

2225 2215 2414 2272 biliter
2441 2230 2662 2287 peregre
2692 2213 3025 2286 incertisque
3058 2210 3278 2268 sedibus
3306 2207 3543 2281 jactatos
3572 2207 3854 2265 oblivisci

2227 2305 2452 2378 dignata
2490 2312 2592 2372 est,
2622 2303 2759 2376 quin
2799 2301 3085 2359 miraculis
3114 2299 3385 2357 solaretur
3412 2314 3507 2371 per
3534 2296 3851 2355 dilectissi-

2227 2411 2380 2451 mum
2400 2410 2562 2450 suum
2594 2392 2851 2465 patratis:
2877 2398 3149 2465 quatenus
3175 2388 3474 2445 titubantia
3503 2397 3743 2461 propter
3766 2395 3854 2444 tot

2229 2484 2488 2541 adversos
2514 2499 2672 2540 casus
2716 2481 3004 2538 hominum
3035 2480 3221 2549 corda,
3251 2496 3323 2536 ex
3368 2478 3663 2553 praesentia
3694 2479 3851 2535 tanti

2225 2574 2422 2642 Patris,
2453 2573 2659 2629 virtute
2688 2586 2905 2645 quoque
2935 2586 3044 2643 pra)
3087 2570 3265 2627 oculis
3290 2568 3500 2638 habita,
3545 2566 3851 2625 abundan-

2226 2666 2339 2723 tius
2384 2664 2795 2721 roborarentur.
2849 2662 2979 2719 Post
3017 2661 3348 2718 exhaustum
3380 2677 3621 2734 namque
3678 2660 3851 2732 gravi

2227 2762 2505 2829 grassante
2534 2753 2795 2811 incendio
2822 2752 3161 2823 cmnobium,
3197 2752 3351 2809 nulla
3378 2751 3490 2824 jam
3521 2752 3629 2808 soli
3658 2754 3854 2825 gratia

2226 2851 2541 2903 remanente
2578 2843 2805 2917 (quippe
2839 2842 2932 2916 qui
2965 2858 3076 2899 non
3111 2843 3313 2915 templa
3348 2840 3561 2897 divinis
3589 2841 3854 2900 cultibus

2226 2945 2371 3009 apta,
2403 2952 2515 2991 non
2545 2935 2684 2991 lares
2703 2932 2942 2991 diversis
2960 2931 3228 2989 exstructi
3249 2931 3461 2999 usibus,
3483 2947 3597 2989 non
3614 2930 3852 3002 horrea,

2226 3040 2337 3080 non
2368 3040 2590 3098 penora,
2624 3039 2735 3079 non
2765 3030 2912 3080 certe
2942 3021 3227 3094 quidpiam
3251 3021 3486 3089 decoris,
3507 3030 3607 3078 aut
3629 3022 3855 3080 utilita-

2226 3115 2299 3170 tis
2327 3114 2623 3185 restiterat)
2671 3111 2918 3184 nudique
2949 3111 3310 3167 maceriarum
3359 3110 3595 3184 parietes
3636 3121 3857 3186 stupo-

2226 3219 2340 3259 rem
2372 3201 2751 3274 spectantibus
2780 3201 2978 3269 oculis,
3013 3200 3405 3274 honoremque
3450 3201 3627 3274 magis
3670 3218 3854 3275 quam

2225 3289 2390 3347 decus
2418 3300 2512 3346 aut
2542 3290 2773 3362 gloriam
2805 3289 3163 3362 praferrent;
3193 3289 3468 3362 compulsi
3512 3290 3722 3347 fratres
3754 3291 3854 3348 do-

2228 3397 2377 3436 mum
2402 3379 2679 3452 quondam
2701 3379 2877 3452 quieti
2900 3387 3140 3453 aptatam
3165 3379 3513 3453 interpositis
3533 3381 3857 3453 partientes

2225 3472 2479 3539 arcubus,
2510 3470 2578 3526 de
2609 3477 2758 3543 parte
2787 3472 3039 3527 umbram
3088 3470 3301 3527 ﬁnxere
3348 3470 3586 3526 minoris
3622 3475 3851 3540 sacelli,

2226 3561 2285 3617 in
2315 3578 2424 3633 quo
2448 3559 2714 3617 fabricato
2742 3560 2903 3616 altari
2935 3559 3191 3617 divinum
3219 3560 3467 3618 ofﬁcium
3491 3560 3752 3619 interdiu
3768 3579 3855 3620 ce-

2232 3649 2536 3707 lebrabant.
2595 3649 2716 3717 Quo
2745 3649 2911 3706 etiam
2964 3650 3024 3706 in
3074 3650 3475 3725 loco°corpns
3526 3650 3853 3709 beatissimi

2230 3739 2485 3796 deferunt
2504 3738 2809 3808 Benedicti,
2838 3738 2897 3794 in
2928 3739 3117 3795 loculo
3147 3740 3330 3797 adhuc
3358 3741 3662 3812 gestatoria
3699 3742 3851 3815 posi-

2232 3836 2370 3885 tum.
2403 3830 2545 3885 Dum
2578 3828 2748 3901 igitur
2765 3836 2953 3887 sancta
2972 3845 3036 3885 eo
3060 3828 3407 3902 quiescerent
3426 3830 3705 3900 membra,
3732 3833 3851 3889 Deo

2232 3923 2491 3989 operante
2521 3916 2632 3971 tale
2660 3915 2934 3988 quoddam
2964 3914 3168 3973 accidit
3188 3916 3546 3975 animalum.

2784 4071 3013 4131 CAPUT
3049 4071 3287 4131 XXXV.

2233 4170 2487 4241 Pejerans
2522 4186 2623 4242 per
2686 4170 2743 4227 S.
2781 4170 3124 4246 Benedictum
3153 4243 3161 4246 _
3187 4172 3510 4246 castigatur.
3573 4173 3849 4233 Pellitur

2873 4243 3205 4300 convalescit.

2303 4358 2568 4431 Tempore
2597 4358 2845 4432 praeﬁxo,
2874 4359 2981 4418 hoc
3010 4369 3094 4418 est
3110 4361 3345 4434 septima
3359 4363 3519 4435 feria,
3546 4381 3649 4438 per
3666 4367 3851 4424 totius

2231 4464 2453 4505 cursum
2484 4448 2617 4504 anni
2648 4464 2719 4504 ex
2747 4448 2900 4505 villis
2928 4448 2988 4505 in
3016 4450 3276 4521 proximo
3305 4453 3651 4524 constitutis,
3691 4473 3853 4515 more

526 4528 810 4586 Benedicti
839 4537 1124 4602 expetunt,
1157 4530 1305 4603 quod
1330 4529 1397 4586 ab
1422 4530 1557 4587 urbe
1584 4531 1968 4589 Aurelianensi
2016 4531 2121 4588 de-
2153 4522 2199 4580 D
2230 4546 2494 4596 consueto
2553 4539 2723 4608 orbis,
2782 4539 2850 4596 ad
2905 4539 3290 4599 distrahendas
3356 4560 3453 4600 seu
3509 4522 3857 4609 coemendas

528 4636 644 4677 cem
686 4628 740 4676 et
775 4630 900 4677 octo
937 4620 1105 4677 distat
1141 4621 1407 4678 millibus.
1447 4623 1593 4679 Illud
1625 4623 1861 4696 denique
1884 4640 2118 4680 vacuum

601 4723 623 4748 ·
645 4710 740 4790 _I_d.
763 4711 968 4790 factum
992 4726 1153 4790 anno
1177 4711 1301 4790 865ζ
1350 4718 1414 4766 ut
1444 4712 1706 4790 scribitur
1732 4714 1792 4768 in
1818 4714 2129 4790 Annalibus

531 4781 969 4859 Bertinianisnet
988 4781 1047 4836 in
1096 4782 1370 4859 Chronico
1394 4785 1660 4859 anonlmi
1691 4800 1850 4855 quem
1881 4787 2130 4842 Andreas

533 4850 804 4932 Chesnius
824 4851 950 4906 aliis
972 4853 1287 4932 auctoribus
1312 4856 1421 4932 qui
1436 4850 1997 4932 deNortmannorum
2028 4874 2129 4928 ge—

532 4924 1336 5003 stisqscripserunt,praemisit.
1358 4924 1484 5003 Alia
1507 4926 1638 4980 item
1673 4930 1792 4981 vice
1838 4928 1982 5003 idem
2017 4924 2127 4984 mo-

531 4994 832 5065 nasterium
858 5010 889 5048 a
907 4993 1264 5049 Nortmannis
1291 4996 1634 5052 combustum
1661 5004 1763 5065 est,
1795 4998 1879 5053 uti
1906 5000 1973 5053 ad
1993 4999 2129 5055 illa-

531 5067 702 5122 tionis
754 5064 809 5121 S.
868 5066 1152 5122 Benedicti
1218 5065 1505 5122 historiam
1545 5064 1773 5137 dicitur,
1832 5074 2033 5127 saeculo
2072 5088 2129 5127 ιν

529 5137 911 5194 Benedictino.

603 5225 627 5260 ιι
654 5208 967 5265 Bernardus
1016 5208 1119 5264 iste
1146 5225 1241 5265 seu
1285 5209 1574 5267 Bertaldus
1603 5212 1840 5268 concilio
1871 5214 2129 5271 Suessio—

530 5282 688 5361 [ιςῃεὶ
733 5297 775 5336 u
803 5281 949 5361 apud
992 5280 1047 5335 S.
1082 5281 1416 5361 ltiedardum
1435 5283 1625 5338 habito
1677 5285 1931 5361 interfuit
1981 5302 2127 5342 anno

530 5351 637 5427 Bai}
678 5351 1048 5427 successitque
1085 5353 1352 5427 Bodulfo,
1386 5354 1452 5411 de
1499 5370 1608 5427 quo
1636 5357 1935 5412 concilium
1981 5373 2128 5413 anno

531 5422 692 5501 .859}
700 5424 811 5501 pud
827 5422 1159 5501 _$aponarias
1180 5422 1431 5501 habitum
1468 5422 1533 5482 cf
1554 5428 1615 5481 11
1643 5445 1675 5501 :_
1697 5430 1925 5484 Tandem
1947 5438 2126 5500 postu-

534 5492 675 5571 lavit
690 5492 959 5550 immilitér
986 5499 1245 5571 generalis
1268 5499 1498 5569 synodus
1526 5515 1578 5553 se
1605 5498 1677 5553 ad
1722 5507 1918 5555 terram
1947 5492 2129 5571 'usque

524 5569 862 5646 prosternens
899 5574 1019 5646 ante
1050 5568 1314 5646 Curatum;
1335 5588 1503 5641 regem
1531 5576 1579 5625 et
1604 5571 1899 5646 Rodutfum
1921 5568 2127 5629 Bituri-

524 5648 650 5702 gum
703 5637 1185 5709 archiepiscopum,
1263 5637 1538 5698 obsecrans
1616 5647 1664 5697 et
1716 5637 1980 5713 adiurans
2029 5661 2130 5716 per

2238 4644 2444 4685 merces
2471 4631 2705 4703 populus
2729 4628 3006 4687 conﬂuere
3036 4632 3176 4688 solet
3205 4633 3265 4690 in
3299 4634 3421 4692 loco
3445 4634 3613 4707 juxta
3653 4655 3854 4695 mona-

2236 4726 2507 4800 crucemft
2528 4720 2728 4800 Gliristi
2752 4720 3079 4800 sanguinem,
3109 4729 3170 4778 ut
3200 4725 3541 4800 priuilegium
3585 4737 3856 4786 monaste-

2235 4791 2309 4845 rii
2430 4792 2698 4870 Benedicti
2716 4791 3146 4870 quod_annuente
3166 4791 3419 4870 prce/ato
3447 4815 3569 4869 rege
3595 4800 3856 4870 ﬁrmau-

2236 4868 2383 4944 rant,
2415 4863 2654 4944 quodque
2679 4863 2812 4944 idem
2853 4864 3119 4944 Rodulfus
3147 4863 3548 4944 subscripserat,
3584 4863 3685 4942 qui
3711 4889 3855 4944 prc-

2235 4932 2423 5009 fatam_
2448 4932 2715 4989 abbatiam
2760 4932 3134 5009 irregulariter
3166 4932 3440 5009 retinebat,
3467 4932 3651 4998 ratum
3687 4932 3749 4999 ἐι
3775 4946 3852 4999 ὑι-

2236 5005 2540 5059 conuulsum
2569 5023 2782 5060 servare
2808 5005 3090 5064 studerent.

2307 5087 2331 5113 ο
2360 5075 2503 5157 Hinc
2531 5076 2801 5157 colligunt
2827 5079 2964 5157 socii
3010 5079 3385 5157 Bpllandiani,
3418 5093 3680 5157 suspecta
3733 5101 3850 5142 esse

2237 5162 2357 5227 quas
2377 5164 2408 5202 a
2428 5148 2716 5227 Die_de_r_ico
2746 5150 3016 5227 monacho
3037 5151 3338 5227 Teutonico
3369 5148 3426 5227 in
3458 5148 3702 5212 historia
3735 5158 3850 5214 Be-

2236 5218 2459 5300 lationts
2512 5221 2568 5276 S.
2598 5219 2880 5300 Benedicti
2909 5237 2979 5300 ex
3007 5222 3141 5300 urbe
3190 5226 3493 5300 Aureliana
3535 5228 3849 5300 contigisse

2235 5289 2569 5371 referuntur,
2625 5290 2837 5371 scilicet
2882 5294 3110 5371 glaciem
3150 5298 3318 5371 _ultro
3370 5289 3739 5371 liquefactam
3789 5316 3851 5354 ac

2236 5360 2448 5436 dissolu
2474 5379 2584 5431 am,
2609 5372 2664 5420 et
2691 5360 2912 5436 arbores
2943 5364 3125 5422 hieme
3140 5368 3410 5424 ﬂoruisse.
3428 5360 3584 5436 'Quaa
3615 5371 3851 5426 nonnisi

2237 5432 2339 5510 hac
2369 5437 2652 5510 occasione
2697 5444 2845 5506 gesta
2873 5435 2985 5510 diei
3020 5453 3176 5510 posse
3218 5432 3563 5507 existimant,
3618 5457 3730 5497 nec
3781 5440 3853 5497 ab

2235 5504 2546 5633 ﬁtilgvaldo
2568 5506 2660 5565 hic
2679 5504 3163 5581 praetermittenda,
3186 5512 3233 5567 si
3260 5522 3390 5569 vera
3424 5504 3691 5570 fuissent.
3716 5513 3853 5570 Hac
