4070 6184
187 285 290 343 9-H

1318 283 1410 341 DE
1449 280 1829 344 MIRACULIS
1869 284 1925 344 S.
1968 287 2369 347 BENEDIC’I‘I.

3389 296 3495 352 942

185 439 425 499 sterium
457 434 660 509 posito,
689 435 784 507 qui
802 435 1008 492 dicitur
1031 436 1200 494 Vetus
1219 437 1518 494 Floriacus.
1542 437 1784 506 Quadam
1816 441 1865 500 A
1895 441 2228 497 sanctissimi
2278 442 2558 499 Benedicti
2603 449 2918 500 constructa
2947 457 2980 498 a
3010 445 3308 503 venerabili
3349 465 3493 520 prae-

187 532 375 602 itaque
404 527 495 583 die
523 525 748 582 Sabhati
780 525 891 582 duo
910 543 1191 598 compares
1212 527 1394 583 locum
1424 528 1628 586 adeunt
1655 546 1792 585 mer-

184 619 348 679 candi
382 617 589 690 gratia:
621 631 854 688 quorum
889 617 1028 673 alter
1056 618 1111 672 in
1134 617 1351 674 sacculo
1383 620 1469 689 (ut
1501 619 1613 691 ipse
1644 621 1792 676 fere-

183 713 307 784 bat)
357 708 652 767 duodecim
703 707 938 765 habebat
983 708 1257 777 denarios,
1309 722 1450 783 quos’
1502 711 1664 766 simul
1724 727 1794 766 ex

185 791 468 857 mercibus
497 796 782 854 distractis
813 805 1133 868 acceperant
1165 813 1363 870 eosque
1393 798 1528 854 inibi
1563 800 1709 856 inter
1737 818 1793 857 se

186 890 442 948 dividere
469 894 870 945 convenerant.
901 887 1002 944 Sed
1035 888 1166 944 dum
1193 889 1286 944 ille
1318 889 1412 960 qui
1440 890 1580 944 nihil
1609 905 1674 944 ex
1716 891 1794 946 eis

185 979 477 1047 habuerat,
526 993 559 1032 a
601 976 754 1032 socio
793 975 897 1031 sibi
947 975 1186 1033 debitam
1227 979 1527 1050 requireret
1563 987 1793 1050 partem,

187 1069 290 1125 ille
336 1083 468 1122 vero
515 1082 572 1122 se
618 1065 670 1120 ei
718 1065 1022 1121 reddidisse
1077 1065 1378 1134 fateretur;
1439 1069 1794 1125 contentione

190 1157 407 1226 oborta,
448 1155 626 1228 judex
680 1154 807 1222 fori,
855 1154 1148 1226 Engilraus
1185 1155 1476 1223 vocabulo,
1534 1157 1790 1212 accurrit.

189 1248 440 1320 Cumque
484 1247 640 1301 litem
692 1243 953 1300 dirimere
989 1246 1177 1305 vellet.
1217 1254 1380 1320 atque
1411 1247 1504 1302 ille
1536 1248 1628 1320 qui
1663 1264 1794 1319 pre-

191 1338 330 1393 tium
360 1335 645 1402 habuerat,
671 1333 912 1406 compari
937 1349 994 1389 se
1014 1334 1316 1391 reddidisse
1340 1336 1517 1392 modis
1536 1337 1794 1394 omnibus

190 1426 508 1488 afﬁrmaret,
543 1437 644 1479 nec
671 1421 836 1478 dictis
869 1421 990 1494 ejus
1006 1421 1141 1478 ﬁdes
1160 1423 1538 1495 adhiberetur,
1563 1426 1791 1482 necessi-

191 1524 301 1572 tate
318 1515 635 1585 compulsus
655 1511 938 1568 dexteram
952 1521 1145 1569 contra
1160 1514 1446 1570 basilicam
1469 1516 1789 1586 extendens,

189 1620 322 1662 cum
358 1604 540 1659 furore
563 1601 940 1674 juramentum
974 1604 1226 1674 protulit,
1263 1604 1341 1659 ita
1369 1604 1658 1678 inquiens:
1693 1607 1794 1663 Per

191 1697 366 1752 istum
410 1693 464 1751 S.
502 1692 860 1749 Benedictum
891 1708 990 1764 ego
1032 1693 1157 1749 illos
1186 1694 1236 1749 ei
1269 1695 1482 1752 reddidi
1511 1696 1783 1752 denarios.

1901 529 2072 585 sentis
2101 529 2210 586 loci
2240 529 2433 586 abbate
2455 531 2680 587 nomine
2702 531 2963 600 Medone;
2996 532 3224 604 parvula
3247 535 3490 606 quidem,

1901 617 1997 673 sed
2029 618 2084 672 in
2116 619 2395 675 secretiori
2422 620 2506 690 (ut
2533 637 2596 676 eo
2624 620 2919 693 putabatur
2941 623 3208 694 tempore)
3244 623 3365 680 loco
3392 625 3495 680 sita

1902 707 2165 775 civitatis,
2198 725 2261 764 ac
2290 725 2385 781 per
2413 709 2518 766 hoc
2555 712 2838 783 aptissima
2885 715 3172 770 monachis
3217 723 3271 771 et
3313 715 3494 771 abbati

1904 797 1959 853 in
1999 799 2318 855 necessariis
2362 799 2522 857 rebus
2566 802 2790 873 agendis
2830 803 3117 861 habitatio.
3153 805 3321 862 Porro
3350 805 3499 862 circa

1904 894 2149 960 tempora
2179 888 2400 957 hiemis,
2429 890 2793 963 irruptionem
2821 893 2877 947 in
2906 896 3188 965 superiora
3215 895 3496 951 meditan-

1905 977 2052 1033 tibus
2080 979 2322 1050 paganis,
2355 980 2674 1035 necessitate
2705 980 2901 1038 fratres
2928 983 3103 1038 coacti
3134 999 3198 1038 eo
3223 1000 3279 1040 se
3298 985 3496 1040 confe-

1903 1074 2053 1121 runt.
2107 1065 2287 1134 Certe,
2315 1075 2377 1122 ut
2399 1066 2514 1138 jam
2533 1069 2708 1140 supra
2739 1069 2892 1126 brevi
2927 1072 3375 1142 memoravimus,
3409 1073 3497 1131 bis

1903 1158 2126 1214 civitate
2157 1158 2414 1214 incendio
2442 1169 2806 1227 concremata,
2852 1161 3015 1216 tertio
3046 1161 3326 1229 distracta,
3361 1165 3497 1220 nul-

1904 1247 1988 1302 lus
2010 1245 2126 1318 jam
2157 1247 2205 1301 ei
2235 1245 2571 1304 defensionis
2598 1264 2660 1304 ac
2689 1249 2872 1304 tutelze
2895 1248 3184 1305 videbatur
3199 1267 3329 1306 usus
3355 1251 3493 1309 ines-

1901 1351 1988 1390 se:
2041 1335 2214 1391 donec
2255 1336 2587 1393 venerabilis
2636 1338 2885 1409 pontifex
2916 1337 3157 1410 ejusdem
3188 1340 3340 1397 urbis
3368 1358 3492 1398 cum

1901 1440 2115 1480 summa
2160 1424 2426 1481 dicendus
2456 1426 2781 1494 reverentia,
2818 1425 3114 1496 Galterius,
3155 1429 3268 1483 Deo
3308 1428 3494 1501 inspi-

1902 1520 2054 1568 rante
2085 1529 2271 1569 muros
2296 1530 2391 1585 per
2418 1523 2616 1570 cuncta
2640 1514 2752 1569 fere
2781 1514 3087 1571 destructos
3108 1516 3372 1585 civitatis,
3397 1535 3492 1574 sa-

1903 1606 2130 1678 gacitate
2159 1605 2362 1661 nobilis
2391 1606 2595 1678 ingenii
2628 1624 2734 1680 qua
2763 1608 3080 1679 praapollere
3103 1610 3452 1681 cognoscitur
3472 1622 3494 1649 ι

1901 1705 2233 1763 restaurans,
2286 1695 2592 1751 defensioni
2637 1703 2913 1768 coaptaret
2970 1698 3319 1768 populorum.
3377 1699 3495 1756 Huc

190 1783 354 1852 Quod
386 1783 511 1856 quia
533 1791 734 1839 temere
763 1798 826 1838 ac
857 1781 996 1837 falso
1020 1781 1321 1854 juraverat,
1351 1800 1693 1858 nequaquam
1723 1802 1792 1841 ex
1821 1796 1866 1856 Β
1902 1786 2085 1858 itaque
2114 1786 2256 1841 servi
2281 1784 2378 1840 Dei
2407 1784 2780 1852 devenientes,
2809 1794 3024 1857 tempus
3050 1803 3146 1857 pro
3177 1788 3496 1860 opportuni-

189 1875 524 1947 impunitate
559 1872 808 1943 gravisus
850 1881 968 1929 est:
1011 1873 1055 1929 si
1089 1874 1310 1946 quidem
1345 1893 1589 1943 manum,
1624 1894 1784 1950 quam

188 1982 314 2024 cum
345 1963 575 2021 brachio
605 1963 916 2036 improvide
937 1962 1115 2034 pejera
1146 1980 1280 2020 urus
1301 1965 1625 2034 tetenderat,
1648 1966 1715 2022 ad
1733 1981 1788 2022 se

189 2067 448 2108 revocare
491 2050 784 2123 nequivit;
835 2049 930 2106 sed
978 2051 1035 2105 in
1080 2067 1180 2107 suo
1217 2051 1506 2108 conamine
1551 2053 1788 2124 obriges-

189 2157 339 2210 cens,
383 2141 603 2214 stupida
633 2141 914 2197 remansit.
949 2140 1150 2196 Territi
1194 2158 1384 2198 omnes
1416 2144 1509 2215 qui
1540 2143 1786 2211 aderant,

190 2230 327 2304 quid
357 2231 611 2286 consulto
639 2244 775 2302 opus
804 2237 943 2287 esset
968 2238 1285 2286 scrutantur
1311 2247 1340 2286 e
1362 2233 1612 2303 vestigio.
1636 2231 1788 2287 Nihil

190 2335 327 2375 vero
374 2318 596 2375 consilii
644 2319 968 2375 salubrioris
1010 2327 1310 2391 repertum,
1352 2335 1514 2392 quam
1559 2328 1620 2374 ut
1670 2337 1792 2376 reus

187 2407 458 2463 virtutem
498 2406 612 2478 jam
654 2415 913 2480 expertus
951 2406 1220 2474 divinam,
1253 2407 1470 2462 veniam
1522 2407 1793 2479 petiturus

188 2496 367 2551 aedem
408 2512 615 2553 sacram
646 2502 948 2568 expeteret.
979 2495 1138 2562 Quod
1168 2495 1262 2550 ille
1292 2496 1526 2568 impiger
1555 2512 1793 2553 exsecu-

189 2598 305 2660 tus,
338 2589 584 2663 dejectus
609 2591 794 2648 animo
819 2607 883 2646 ac
912 2591 1144 2663 supplex
1161 2589 1446 2645 ecclesiam
1471 2590 1626 2661 petit,
1649 2591 1792 2646 defe-

186 2695 320 2736 rens
357 2681 525 2734 altera
555 2678 612 2735 in
654 2695 821 2735 manu
851 2694 970 2751 qua:
1003 2695 1138 2751 pene
1168 2676 1410 2733 obnoxia
1449 2695 1792 2752 nequaquam

185 2770 396 2840 fuerat,
437 2771 553 2826 voti
596 2772 769 2841 gratia
807 2770 1016 2824 furcam
1050 2769 1280 2824 ferream
1313 2769 1626 2826 tridentem.
1661 2771 1795 2826 Pos-

185 2870 374 2918 tremo
394 2863 661 2918 sternitur
681 2868 806 2916 ante
827 2859 1248 2916 sacratissimam
1272 2859 1540 2927 tumbam,
1568 2875 1794 2915 vacuam

186 2952 423 3026 quidem
456 2959 646 3008 sancto
676 2965 920 3023 corpore,
949 2949 1042 3004 sed
1070 2949 1274 3004 virtute
1304 2948 1497 3004 divina
1531 2965 1600 3004 ex
1628 2948 1795 3005 socie-

185 3050 312 3096 tate
345 3039 627 3113 quondam
659 3039 899 3110 priorum
929 3037 1132 3093 ossium
1158 3037 1414 3092 refertam
1435 3056 1446 3094 :
1469 3038 1796 3110 veniamque

1896 1883 2008 1930 tate
2038 1874 2628 1945 religioszetransigunt
2642 1875 2787 1930 vitze.
2814 1875 3008 1930 Adfuit
3028 1876 3497 1933 auteminterhzec

1898 1964 2043 2035 apud
2089 1980 2294 2018 sacram
2350 1963 2634 2018 aediculam
2678 1965 2926 2035 quaedam
2969 1964 3175 2020 femina
3210 1981 3276 2020 ex
3324 1965 3496 2036 burgo

1898 2052 2164 2118 civitatis,
2188 2051 2265 2106 ita
2293 2059 2352 2106 ut
2383 2068 2725 2123 nequaquam
2753 2051 2983 2123 pedibus
3006 2053 3255 2107 incedere
3280 2062 3457 2123 posset
3481 2068 3493 2106 :

1900 2141 1990 2197 sed
2018 2159 2110 2214 per
2130 2150 2328 2197 terram
2359 2141 3045 2213 reptando,scamellorum
3081 2138 3495 2214 [scabellorum]

1902 2233 2072 2302 magis
2113 2230 2400 2301 juvamiue
2449 2246 2564 2285 sese
2601 2231 2962 2302 protraheret,
3012 2248 3132 2302 quae
3175 2231 3499 2287 excubando

1903 2336 2000 2391 pro
2023 2319 2232 2374 foribus
2258 2319 2426 2390 ipsius
2450 2317 2693 2373 ecclesiae
2725 2319 3091 2390 eleemosynis
3116 2319 3497 2390 religiosorum

1903 2409 2134 2465 fratrum
2182 2407 2330 2480 pasci
2378 2407 2536 2462 solita
2585 2409 2736 2462 erat:
2777 2415 3101 2478 exspectans
3135 2407 3178 2461 si
3223 2408 3499 2478 quomodo

1902 2499 2021 2554 ﬁeri
2071 2505 2270 2569 posset,
2324 2505 2386 2552 ut
2439 2497 2636 2568 pietate
2682 2496 2777 2551 Dei
2820 2513 2881 2551 ac
2927 2496 3139 2552 meritis
3196 2495 3498 2552 beatissimi

1904 2586 2232 2646 confessoris
2259 2603 2574 2658 corpoream
2607 2587 2820 2658 assequi
2855 2596 3154 2642 mereretur
3185 2587 3497 2646 sanitatem.

1905 2676 2043 2735 Cum
2074 2677 2242 2748 igitur
2271 2675 2534 2730 diuturno
2565 2675 2740 2746 spatio
2769 2676 3034 2746 temporis
3066 2675 3122 2730 id
3151 2684 3351 2746 ageret,
3385 2683 3500 2730 tau-

1906 2770 2029 2827 dem
2063 2779 2312 2842 respectu
2342 2768 2548 2824 divinze
2595 2769 2832 2840 pietatis,
2887 2769 3206 2841 meritisque
3237 2777 3289 2824 et
3320 2770 3502 2825 inter-

1907 2866 2076 2914 ventu
2106 2858 2438 2915 sanctissimi
2468 2857 2758 2914 Benedicti
2783 2858 3000 2913 sanitati
3033 2858 3364 2926 restituitur,
3383 2859 3502 2914 diu-

1906 2967 2011 3023 que
2051 2948 2108 3004 in
2154 2948 2347 3004 eodem
2397 2948 2517 3004 loco
2563 2964 2694 3002 sana
2725 2955 2778 3003 et
2807 2947 3103 3004 incolumis
3160 2965 3503 3020 permanens,

1907 3047 2029 3112 post
2058 3037 2277 3093 virilem
2304 3045 2548 3094 assecuta
2578 3039 2854 3110 copulam,
2887 3054 3014 3093 cum
3045 3040 3196 3108 prole
3229 3038 3282 3093 in
3316 3038 3506 3094 eadem

183 3129 540 3187 temeritatis
569 3144 631 3182 ac
658 3127 902 3184 criminis
922 3144 992 3183 ex
1021 3125 1261 3199 perjurio
1293 3128 1556 3182 contracti
1582 3133 1792 3194 exorat,
1827 3155 1870 3215 C
1908 3139 2154 3186 moratur
2186 3127 2435 3184 civitate.

183 3221 374 3277 simul
423 3221 587 3276 etiam
630 3218 1052 3275 misericordiam
1095 3216 1317 3273 Domini
1350 3224 1621 3289 precatur,
1654 3233 1799 3288 qua-

181 3319 371 3368 tenus
400 3310 709 3367 interventu
741 3311 972 3383 piissimi
1014 3310 1266 3382 pastoris,
1305 3308 1462 3381 cujus
1489 3309 1800 3365 venerabile

183 3417 407 3459 nomen
457 3409 796 3456 sacramento
855 3402 1010 3456 velut
1055 3399 1381 3454 vilissimam
1437 3407 1800 3456 attentaverat

184 3508 340 3560 rem,
371 3490 661 3545 sanitatem
693 3489 909 3560 assequi
942 3495 1259 3542 mereretur.
1285 3487 1481 3542 Adfuit
1507 3491 1800 3547 clementia

187 3577 521 3639 Conditoris
552 3578 807 3651 precibus
835 3577 1146 3631 aﬂ‘ectuosns
1181 3574 1365 3630 miseri
1392 3577 1664 3646 poscentis
1691 3594 1799 3632 au-

187 3670 406 3725 xilium
442 3667 634 3724 eximii
669 3665 848 3733 ducis,
872 3663 1096 3736 ejusque
1123 3664 1508 3721 intercessione
1536 3668 1805 3724 medelam

193 3759 462 3815 inﬁrmus
504 3756 884 3828 consequitur,
929 3757 1192 3828 laetusque
1221 3754 1402 3810 forum
1434 3759 1652 3828 repetit.
1700 3757 1806 3815 Sed

194 3871 273 3911 ne
303 3855 446 3910 forte
475 3854 718 3927 plurima
746 3852 972 3909 tristitia
1013 3869 1111 3926 pro
1146 3852 1375 3925 perditis
1421 3851 1826 3907 absorberetur’

194 3945 475 4012 nummis,
518 3944 791 4002 consolari
818 3959 942 3998 eum
973 3943 1246 3998 Dominus
1274 3943 1531 4013 dignatus
1557 3949 1658 4009 est,
1688 3941 1807 4012 ejus

194 4037 436 4104 virtute,
487 4032 646 4105 cujus
696 4032 908 4089 auxilio
950 4033 1181 4088 salutem
1213 4030 1296 4085 illi
1323 4029 1504 4085 voluit
1535 4030 1802 4087 conferre.

196 4127 458 4199 Namque
493 4123 770 4198 (mirabile
801 4123 955 4180 dictu
980 4123 1021 4194 l)
1075 4139 1200 4178 cum
1241 4120 1422 4177 omnis
1460 4121 1571 4176 fere
1617 4122 1805 4195 populi

191 4217 509 4274 multitudo
555 4235 586 4275 a
633 4217 753 4272 foro
802 4215 870 4272 ad
910 4214 1133 4288 propria
1168 4214 1494 4281 recessisset,
1540 4215 1806 4287 paucique

189 4307 501 4364 admodum
550 4305 961 4374 remansissent,
994 4321 1058 4360 eo
1096 4305 1153 4360 in
1185 4305 1306 4360 loco
1336 4320 1446 4378 quo
1478 4301 1652 4374 major
1681 4304 1805 4360 dis—

185 4413 398 4455 cursus
430 4396 610 4452 fuerat
630 4395 806 4468 plebis
827 4394 1144 4466 respiciens,
1166 4394 1311 4449 vidit
1332 4394 1612 4450 sacculum
1622 4391 1803 4463 jacen.

189 4499 312 4545 tem
339 4500 466 4543 cum
493 4485 735 4542 nummis
749 4501 886 4557 quos
904 4483 1229 4557 perdiderat.
1261 4485 1433 4550 Quem
1458 4483 1800 4555 recolligens,

189 4576 404 4652 gaudio
437 4574 639 4647 majore
667 4575 922 4641 aﬂicitur,
949 4589 1057 4628 non
1080 4573 1258 4628 solum
1292 4589 1389 4643 pro
1411 4573 1583 4629 salute
1611 4590 1802 4644 corpo.

192 4682 316 4734 rea,
350 4681 538 4721 verum
576 4665 739 4720 etiam
771 4679 866 4736 pro
898 4663 1122 4719 invento
1154 4663 1486 4734 paupertatis
1512 4681 1620 4721 sua:
1651 4667 1797 4723 labo-

193 4757 356 4813 rioso
385 4764 615 4828 quaestu.
659 4755 799 4811 Huic
827 4753 1140 4810 admirabili
1169 4753 1326 4825 signo
1362 4754 1512 4812 aliud
1543 4757 1800 4829 adjicitur

194 4853 483 4901 annuente
529 4844 736 4903 Christi
771 4844 961 4916 gratia,
1010 4843 1246 4916 longiori
1296 4861 1608 4921 quanquam
1641 4855 1798 4906 terra)

192 4934 528 4992 interstitio.

731 5031 958 5092 CAPUT
1008 5032 1268 5091 XXXVI.

668 5123 865 5180 Mulier
877 5124 1069 5179 clauda
1092 5130 1336 5180 curatur.

279 5220 382 5278 Est
413 5222 558 5277 intra
586 5222 788 5278 mmnia
815 5221 970 5279 urbis
997 5222 1306 5278 Aurelianae
1336 5220 1478 5277 aedes
1504 5221 1563 5277 in
1594 5219 1801 5280 honore

280 5341 302 5367 ι
333 5320 478 5392 Hinc
506 5329 728 5392 apparet
758 5320 1128 5377 Adrevaldum
1165 5320 1249 5376 his
1280 5319 1560 5392 miraculis
1586 5317 1804 5392 descri-

191 5391 409 5449 bendis
450 5391 669 5464 operam
712 5393 926 5449 dedisse
957 5392 1178 5448 sedente
1216 5392 1395 5447 adhuc
1422 5391 1804 5464 ,Ga‘lteriogseu

197 5462 503 5532 Gauterio,
534 5465 819 5533 Walterio,
850 5464 943 5536 qui
974 5480 1119 5519 anno
1144 5463 1256 5536 876,
1275 5463 1513 5536 concilio
1535 5462 1804 5536 Pontigo-i

197 5479 496 5532 uauterio,
537 5479 819 5533 vvanerro,
850 5480 943 5536 qui
974 5480 1119 5519 anno
1144 5479 1248 5521 5'10
1275 5479 1513 5519 concmo
1535 5479 1804 5589 ιόηιιξίέ-

194 5535 371 5608 nensi
418 5536 764 5608 subscripsit,
813 5536 1028 5608 etisedi
1072 5534 1454 5608 Aurelianensi
1491 5550 1654 5608 anno
1707 5604 1740 5608 ι
1771 5534 1806 5589 5

191 5604 749 5680 adbncprefsidébat
775 5624 846 5664 ex
874 5607 1141 5680 Sausseyo
1164 5624 1174 5663 :
1201 5607 1293 5679 qui
1311 5605 1679 5680 aediculamS.
1707 5604 1805 5680 Be-

193 5675 443 5735 nedicti‘
473 5678 567 5735 hic
611 5688 962 5736 memoratam
1001 5675 1318 5737 conversam
1357 5693 1473 5734 esse
1510 5676 1701 5734 scribit
1746 5675 1804 5730 in

2438 3234 2666 3292 CAPUT
2697 3233 2984 3290 XXXVII.

2351 3325 2661 3380 Incendium
2693 3325 3064 3393 restinguitur.

1979 3415 2215 3482 Quidam
2253 3414 2420 3469 homo
2470 3429 2539 3468 ex
2589 3413 2801 3466 familia
2846 3413 2900 3467 S.
2944 3411 3121 3466 Patris
3168 3411 3518 3467 Pauliacensi

1911 3504 2522 3577 (Pauliacum,Pouilly,
2539 3502 2803 3573 oppidum
2825 3503 2884 3557 in
2907 3501 3186 3571 Nivernis)
3207 3517 3343 3572 pago
3361 3517 3510 3556 man-

1914 3595 2224 3650 siunculam
2267 3609 2334 3648 ex
2370 3591 2480 3647 levi
2510 3599 2804 3659 structura,
2838 3592 3049 3646 vimine
3077 3589 3290 3644 scilicet
3318 3605 3380 3645 ac
3410 3606 3512 3660 ge—

1915 3691 2090 3748 nesta,
2133 3698 2294 3755 super
2331 3680 2707 3737 haereditatem
2742 3687 3126 3736 construxerat
3166 3695 3358 3735 suam:
3405 3695 3515 3751 quo

1915 3780 2115 3828 cuncta
2143 3788 2262 3844 quae
2307 3770 2586 3842 acquirere
2616 3769 2797 3841 potuit
2825 3769 3161 3836 conducens,
3203 3786 3353 3841 spem
3385 3787 3516 3824 om-

1915 3879 2041 3918 nem
2076 3861 2456 3934 protrahendae
2487 3860 2847 3932 pauperrimae
2873 3859 3181 3916 contulerat
3202 3859 3349 3914 vitae.
3376 3858 3515 3915 Casu

1915 3953 2153 4026 denique
2201 3951 2502 4019 accidente,
2546 3951 2668 4022 igne
2703 3949 3116 4022 comprehensa,
3166 3949 3515 4004 ﬂammarum

1917 4041 2140 4114 globum
2189 4041 2355 4112 coepit
2402 4041 2670 4096 emittere.
2705 4038 3168 4110 Perstrepentium
3195 4046 3376 4094 autem
3418 4047 3518 4094 tu—

1917 4132 2118 4198 multu,
2149 4137 2210 4184 ut
2237 4129 2295 4184 in
2325 4129 2419 4184 tali
2451 4131 2649 4184 assolet
2678 4145 2757 4192 re,
2786 4128 3096 4183 vicinarum
3119 4127 3371 4184 homines
3413 4129 3515 4184 vil-

1915 4218 2093 4272 larum
2139 4226 2421 4288 cmperunt
2467 4231 2812 4272 concurrere.
2855 4215 2960 4269 Sed
3001 4231 3128 4270 cum
3161 4215 3276 4284 jam
3319 4232 3510 4286 rogum

1916 4308 2259 4364 ﬂammarum
2306 4306 2470 4362 altius
2516 4303 2924 4370 ascendentem,
2967 4303 3510 4374 concremationique

1916 4401 2223 4474 proximam
2251 4405 2556 4463 cernerent,
2584 4395 2810 4466 gradum
2841 4407 3230 4463 compressere,
3263 4391 3510 4447 dicentes

1917 4506 2035 4546 eam
2064 4507 2094 4546 a
2131 4489 2286 4543 nullo
2316 4502 2470 4560 posse
2498 4485 2716 4541 liberari
2748 4499 2868 4554 quae
2896 4487 3174 4536 exstructa
3202 4479 3507 4536 viminibus

1916 4589 1968 4637 et
2005 4585 2286 4650 compacta
2313 4582 2551 4644 genesta,
2582 4575 2759 4628 levem
2792 4577 3004 4643 pastum
3041 4569 3256 4625 voranti
3287 4568 3504 4638 praebe—

1913 4677 1996 4726 ret
2022 4669 2275 4724 ﬂammae.
2302 4667 2587 4732 Praeterea,
2612 4662 2852 4718 humano
2888 4657 3173 4716 recedente
3203 4656 3502 4730 adjutorio,

1915 4777 2117 4836 pauper
2144 4760 2238 4815 ille
2261 4758 2329 4814 ad
2358 4756 2612 4812 divinum
2643 4769 2941 4810 conversus
2972 4751 3245 4808 auxilium
3277 4750 3356 4805 ita
3385 4751 3506 4806 aie-

1912 4851 2042 4908 bat:
2096 4851 2140 4908 Ο
2175 4849 2440 4916 'Domine,
2483 4846 2739 4902 miserere
2787 4843 2915 4912 mei,
2969 4859 3036 4898 ne
3088 4843 3231 4898 fame
3281 4840 3506 4896 affectus

1916 4941 2154 4998 moriarl
2203 4940 2256 4997 S.
2289 4938 2603 5004 Benedicte,
2633 4935 2864 4991 subveni
2898 4933 3056 5000 mihi,
3088 4941 3142 4988 et
3169 4931 3368 5002 adjuva
3397 4945 3503 4984 ser-

1915 5050 2048 5088 vum
2092 5039 2275 5097 tuum;
2319 5045 2540 5086 omnem
2570 5025 2718 5082 enim
2750 5030 3120 5098 paupertatem
3153 5024 3210 5076 in
3241 5019 3345 5075 hoc
3377 5035 3502 5072 con-

1917 5123 2180 5177 duxeram
2224 5118 2635 5191 tuguriunculo.
2679 5117 2822 5171 Dum
2867 5113 2983 5169 haec
3024 5119 3077 5168 et
3118 5109 3227 5164 alia
3266 5105 3504 5178 plurima

1918 5211 2098 5267 ﬂendo
2123 5210 2499 5282 ingeminaret,
2520 5205 2797 5262 Divinitas
2820 5203 2962 5257 ﬂexa
2981 5200 3048 5256 ad
3070 5194 3503 5254 misericordiam

1916 5311 2196 5369 ecclesiam
2228 5307 2591 5380 parcecialem,
2625 5310 2993 5380 nuncupatam
3033 5299 3087 5354 S.
3121 5293 3401 5380 Benedicti
3437 5293 3504 5380 de

1918 5366 2138 5450 Beditu,
2160 5366 2325 5452 vu'lgu
2348 5378 2502 5452 Saint
2521 5366 2733 5431 Béuo'ist
2753 5366 3064 5452 duﬂﬂetpur,
3083 5375 3304 5452 sumpta
3325 5366 3504 5452 appel-

1918 5440 2136 5512 latione
2169 5469 2200 5508 a
2244 5440 2506 5507 rctatione
2551 5445 2799 5520 corporis
2824 5444 2879 5520 S.
2921 5440 3202 5520 Benedicti
3234 5440 3292 5492 in
3322 5451 3504 5520 mona-

1920 5507 2146 5584 sterium
2172 5507 2534 5587 Floriacense,
2567 5507 2686 5590 quae
2726 5515 2920 5572 relatio
2949 5509 3217 5571 Walterio
3246 5507 3506 5582 pontifice

1918 5598 2230 5670 contigerit.
