4070 6178
535 279 639 336 943

1519 257 1935 316 ADREVALDI
1979 248 2481 310 FLORIACENSIS
2517 241 2840 303 MONACIII

3727 227 3833 283 9H

535 407 749 467 meritis
777 398 1128 461 sacratissimi
1171 393 1453 451 Benedicti
1497 391 1694 459 Patris,
1739 388 2000 445 restinxit
2046 402 2128 441 ro-
2159 391 2205 448 A
2235 399 2332 456 per
2360 378 2562 437 Oceani
2592 377 2778 433 littora
2814 369 3031 428 attrivit
3068 370 3306 465 gentem:
3352 362 3458 420 Sed
3503 367 3566 417 ut
3611 360 3835 416 tertiam

535 516 685 576 gum,
703 496 1024 564 salvumque
1054 503 1217 544 omne
1241 483 1505 541 remansit
1524 480 1829 553 tugurium,
1857 493 1968 533 uno
1992 475 2128 532 duu-

533 567 683 647 taxat
715 585 919 659 pariete
949 580 1222 645 ambusto,
1251 574 1344 648 qui
1366 580 1481 629 erat
1503 577 1793 628 contextus
1806 586 1876 626 ex
1896 567 2126 632 vimine,

532 683 836 747 cunctaque
864 671 1017 727 illius
1047 680 1354 724 remansere
1387 663 1578 718 illaesa.

1045 792 1272 852 CAPUT
1298 788 1609 846 XXXVIII.

671 901 884 961 Vineam
909 892 1215 952 monasterii
1245 889 1495 945 invadens
1523 891 1686 940 morte
1709 879 2023 952 corripitur.

603 1019 777 1090 Caput
798 1014 1055 1074 Cervium
1079 1009 1330 1082 (Sacerge)
1355 1023 1521 1079 pagus
1541 1003 1765 1076 quidam
1790 996 2131 1073 Aquitanica

532 1085 830 1183 provinciae
877 1102 1026 1174 regia
1064 1097 1392 1156 liberalitate
1439 1093 1690 1151 cwnobio
1741 1092 1796 1147 S.
1848 1085 2131 1145 Benedicti

536 1198 788 1259 donatus,
807 1193 995 1248 multis
1011 1189 1318 1244 vicinorum
1336 1181 1810 1246 insectationibus,
1831 1186 1884 1235 et
1897 1177 2134 1233 maxime

534 1287 842 1361 primorum
877 1281 1089 1356 patriae,
1121 1297 1151 1334 a
1182 1284 1447 1351 potestate
1479 1272 1643 1344 hujus
1673 1272 1778 1328 loci
1809 1269 2132 1326 desciverat.

534 1357 608 1433 At
655 1381 777 1448 post
827 1374 1049 1443 longum
1091 1366 1356 1440 temporis
1387 1363 1648 1437 spatium,
1681 1359 1924 1416 maximo
1955 1357 2136 1412 labore

537 1481 821 1525 servorum
865 1462 966 1519 Dei
1020 1458 1253 1532 propriae
1298 1455 1588 1512 restitutus
1638 1447 1917 1524 potestati,
1962 1445 2137 1503 cousi-

534 1560 783 1631 liumque
834 1551 1144 1611 necessario
1203 1555 1480 1620 repertum
1535 1552 1636 1612 est,
1690 1549 1753 1597 ut
1803 1536 2138 1595 habitatione

535 1664 777 1722 congrua
824 1643 1110 1701 monachis
1157 1638 1545 1714 quoquomodo
1601 1632 1742 1690 inibi
1789 1636 2137 1694 constructa,

2236 450 2397 544 juxta
2434 467 2755 542 prophetam
2781 464 2870 535 (II
2887 463 3008 532 Reg.
3032 457 3156 529 xrv)
3186 453 3337 511 orbis
3363 451 3710 544 experiretur
3727 450 3837 522 pla-

2243 543 2385 634 gam,
2420 575 2609 631 graves
2635 554 2893 611 immissae
2925 557 3054 607 sunt
3082 547 3290 616 bestia,
3341 561 3461 618 quae
3500 543 3704 600 famem
3735 544 3838 599 cla-

2243 631 2476 720 demque
2512 645 2833 717 effugientes
2877 637 3213 697 barbaricam
3264 633 3444 691 hianti
3487 648 3580 688 ore
3624 631 3840 704 excipe-

2244 748 2384 796 rent.
2417 737 2638 794 Accidit
2665 743 2844 790 autem
2877 749 2940 788 ea
2974 734 3317 802 tempestate,
3363 732 3426 780 ut
3467 723 3670 778 mulier
3700 738 3847 796 qua:-

2243 830 2369 887 dam
2418 846 2487 885 ex
2533 823 2940 883 Matriniacensi
2995 835 3206 894 egressa
3253 815 3459 890 praedio
3507 813 3844 870 infantulum

2245 917 2570 974 minusculae
2602 914 2776 971 astatis
2807 928 2991 969 secum
3036 908 3350 974 deduceret,
3401 919 3508 978 quo
3545 919 3673 959 cum
3720 902 3850 959 aliis

2245 1028 2355 1067 suae
2385 1011 2560 1066 aetatis
2591 1009 2804 1065 luderet
2835 1002 3143 1066 infantulis,
3175 999 3293 1071 ipsa
3323 999 3540 1069 longius
3570 1014 3696 1054 cum
3727 998 3848 1071 plu-

2247 1101 2404 1158 rimis
2427 1099 2564 1155 viris
2593 1115 2656 1154 ac
2687 1094 3012 1152 mulieribus
3042 1096 3422 1164 prospectante
3454 1107 3465 1144 :
3508 1105 3631 1144 cum
3660 1087 3852 1143 subito

2249 1193 2410 1262 lupus
2438 1206 2470 1244 a
2498 1189 2640 1243 silva
2667 1201 2913 1258 egressus
2942 1183 3122 1238 ﬁlium
3165 1178 3414 1234 mulieris
3457 1178 3610 1233 illius
3639 1177 3852 1250 rapuit,

2249 1299 2311 1338 ac
2331 1279 2624 1336 sustollens
2654 1291 2764 1332 non
2795 1273 2990 1330 silvam
3026 1269 3266 1343 repetiit,
3287 1268 3384 1326 sed
3413 1284 3506 1340 per
3527 1285 3855 1340 camporum

2250 1371 2426 1444 spatia
2455 1356 2743 1441 export—are
2771 1365 2956 1431 cmpit.
2986 1361 3227 1419 Ce’rnens
3260 1358 3367 1414 hoc
3397 1356 3597 1412 infelix
3627 1356 3856 1423 mulier,

2251 1443 2576 1518 miserrimis
2600 1455 2829 1513 vocibus
2859 1449 3322 1526 plangoribusque
3369 1445 3654 1502 immensis
3695 1443 3858 1500 indo-

2253 1551 2389 1620 lens,
2426 1550 2587 1605 mista
2615 1546 2814 1604 deinde
2846 1544 3031 1616 vulgo,
3079 1541 3267 1612 lupum
3305 1536 3520 1608 insequi
3549 1534 3734 1608 coepit.
3779 1534 3860 1589 At

2252 1640 2347 1695 ille
2377 1638 2697 1710 neutiquam
2729 1633 2972 1701 territus,
3016 1628 3356 1685 infantulum
3388 1624 3606 1697 longius
3644 1631 3859 1695 protra-

536 1737 754 1795 355idl10
787 1732 1042 1791 monaChi
1073 1711 1191 1787 duo—
1213 1711 1303 1783 νεῖ
1339 1737 1449 1783 "es
1481 1725 1686 1780 ibidem
1733 1721 2088 1814 ρβτείεῐθτθηῖ
2124 1730 2135 1769 ἶ
2172 1754 2218 1814 Β
2251 1729 2434 1788 hehat.
2460 1729 2565 1786 Sed
2587 1743 2712 1784 cum
2743 1725 3030 1795 fatigatum
3051 1721 3250 1792 vulgus
3271 1735 3301 1774 a
3326 1714 3709 1790 persecutione
3736 1711 3856 1783 lupi

538 1843 822 1903 quousque
861 1824 1050 1880 faciles
1080 1821 1487 1892 Aquitanorum
1525 1815 1696 1871 animi
1727 1813 1794 1869 ad
1825 1827 1970 1867 nova
1999 1826 2142 1881 qure-

537 1901 643 1992 que
686 1919 884 1974 leviter
915 1911 1236 1980 mollienda,
1269 1909 1534 1966 instantia
1561 1907 1794 1961 fratrum
1824 1901 1891 1958 ab
1920 1903 2021 1957 hac
2051 1915 2140 1970 po-

537 1984 848 2061 tiendarum
884 2018 1066 2058 rerum
1097 2000 1444 2071 quiescerent
1472 1993 1693 2049 fiducia.
1719 1989 1960 2045 Mittitur
1987 1985 2057 2041 ad
2089 1984 2142 2040 id

538 2093 858 2152 enitendum
891 2089 1226 2161 Raganarius
1251 2083 1555 2140 monachus
1586 2096 1795 2152 magnae
1819 2077 1908 2132 vir
1929 2075 2140 2147 religio-

540 2184 648 2252 nis,
683 2181 778 2255 qui
805 2179 941 2237 olim
972 2178 1038 2234 ab
1071 2178 1399 2250 imperatore
1421 2171 1706 2228 Ludovico
1726 2185 1852 2225 cum
1875 2166 1998 2222 aliis
2021 2165 2143 2220 Hie-

537 2273 874 2343 rosolymam
899 2267 1101 2323 missus
1129 2265 1343 2320 fuerat:
1378 2270 1542 2335 atque
1564 2276 1692 2317 cum
1725 2274 1789 2313 eo
1821 2257 2144 2328 Segevertus

542 2361 828 2436 presbyter
855 2376 917 2415 ac
961 2355 1266 2412 monachus
1299 2373 1309 2411 :
1364 2353 1461 2427 qui
1493 2350 1753 2408 cellulam
1788 2364 1845 2402 in
1882 2345 2144 2418 praedicto

540 2453 953 2526 compingentes
983 2449 1125 2514 loco,
1159 2461 1378 2501 omnem
1409 2440 1751 2514 Aquitanicae
1785 2437 1930 2511 genti
1962 2436 2144 2492 abstu-

541 2544 653 2599 lere
674 2525 879 2596 harum
912 2535 1335 2609 repetendarum
1380 2547 1558 2588 rerum
1594 2529 1877 2586 fiduciam.
1913 2525 2146 2582 Exstitit

543 2647 606 2687 eo
622 2638 868 2700 tempore
886 2624 1109 2698 quidam
1131 2620 1470 2692 virejusdem
1499 2617 1671 2690 plebis
1694 2615 1840 2672 haud
1864 2613 2143 2687 ignobilis,

542 2717 852 2788 Stephanus
883 2710 1129 2778 nomine,
1163 2709 1258 2781 qui
1292 2708 1536 2778 aliquam
1573 2713 1780 2777 partem
1829 2701 1987 2757 fundi
2025 2717 2144 2773 pro-

543 2805 651 2878 prii
679 2800 898 2859 cuidam
931 2816 1218 2856 servorum
1247 2797 1421 2853 sancti
1457 2793 1745 2850 Benedicti
1775 2799 1998 2864 accepto
2029 2807 2146 2863 pre-

541 2894 623 2949 tio
643 2889 921 2948 distraxit.
944 2887 1147 2943 Servus
1167 2895 1347 2941 autem
1372 2884 1466 2940 ille
1483 2884 1718 2940 fundum
1739 2883 1943 2954 absque
1960 2881 2147 2952 aliquo

544 2981 837 3039 fructifero
858 2978 1013 3035 cultu
1041 2976 1290 3048 adeptus,
1317 2989 1544 3029 vacuam
1570 2987 1916 3044 nequaquam
1949 2970 2147 3042 permi-

543 3073 616 3129 sit
646 3087 761 3128 esse
791 3068 1049 3125 tellurem
1079 3085 1089 3121 :
1129 3064 1223 3121 sed
1252 3079 1369 3119 eam
1403 3062 1610 3134 optime
1639 3061 1898 3117 excolens
1927 3059 2143 3114 vineam

543 3159 683 3215 inibi
717 3154 1008 3231 plantavit,
1041 3161 1206 3226 atque
1236 3168 1345 3224 quo
1375 3149 1595 3206 advixit
1628 3156 1893 3220 tempore,
1936 3145 1994 3202 in
2027 3163 2146 3218 pro-

543 3253 694 3327 prios
723 3249 955 3307 retinuit
991 3266 1140 3305 usus.
1177 3246 1485 3304 Decedente
1534 3244 1631 3299 illo
1671 3242 1931 3298 dominus
1975 3239 2149 3312 ipsius

541 3351 701 3400 terrae
725 3341 791 3397 de
812 3357 920 3414 qua
950 3336 1163 3412 praefati
1194 3351 1407 3402 sumus,
1432 3333 1580 3407 quod
1603 3330 1928 3388 vendiderat
1963 3346 2149 3384 rursus

543 3437 790 3504 repetere
820 3433 1070 3485 conatur.
1104 3423 1422 3480 Advocatus
1455 3437 1585 3478 vero
1615 3436 1726 3476 una
1754 3435 1876 3474 cum
1911 3418 2150 3488 Ragana-

542 3521 630 3578 rio
652 3517 945 3584 monacho,
965 3514 1032 3571 ad
1067 3516 1248 3570 locum
1273 3511 1540 3571 cessionis
1567 3519 1721 3565 terrae
1745 3507 1908 3579 juxta
1940 3520 2145 3561 morem

541 3613 680 3686 legis
709 3609 1029 3671 adveniens,
1063 3604 1380 3676 praedictam
1416 3602 1640 3656 vineam
1677 3598 1744 3654 ad
1777 3597 1870 3668 jus
1898 3597 1954 3653 S.
1985 3597 2151 3651 Bene-

541 3700 678 3756 dicti
728 3714 826 3753 sua
873 3694 1202 3751 auctoritate
1252 3708 1508 3749 revocare
1559 3689 1858 3745 nitebatur.
1914 3687 2151 3743 Proinde

542 3787 874 3860 Stephanus,
910 3781 1255 3853 impatientia
1297 3780 1435 3835 levis
1465 3777 1640 3834 animi
1675 3783 2005 3842 commotus,
2039 3775 2153 3831 Ra-

543 3877 767 3950 ganario
790 3873 1059 3930 monacho
1084 3873 1160 3927 ita
1180 3878 1242 3926 ut
1264 3871 1485 3926 sedebat
1510 3870 1562 3923 in
1589 3883 1728 3938 equo
1750 3865 2150 3938 propinquans,

543 3963 844 4026 furibunde
865 3963 1082 4017 locutus
1104 3968 1184 4014 est
1209 3977 1220 4015 :
1250 3958 1373 4012 Tibi
1392 3957 1539 4024 dico,
1565 3954 1834 4027 llaganari
1860 3953 2151 4019 monache,

543 4055 639 4129 qui
663 4063 815 4110 trans
847 4067 994 4106 mare
1025 4049 1325 4106 Jerusalem
1360 4046 1663 4120 requisisti,
1699 4061 1794 4117 per
1815 4045 1962 4100 hunc
1987 4051 2156 4099 testor

543 4159 752 4211 ensem,
782 4139 1001 4215 quando
1033 4146 1094 4194 tu
1129 4145 1183 4193 et
1220 4153 1319 4208 ego
1351 4135 1417 4190 ab
1458 4135 1570 4191 hoc
1599 4133 1982 4190 recesserimus
2011 4134 2150 4201 loco,

545 4232 600 4289 S.
625 4231 955 4288 Benedictus
981 4245 1051 4284 ex
1081 4227 1183 4283 hac
1215 4228 1376 4281 vinea
1406 4225 1617 4280 nullam
1651 4222 1877 4279 habebit
1921 4228 2153 4294 potesta-

544 4330 676 4381 tem.
703 4322 805 4380 Cui
838 4319 1044 4376 furenti
1077 4316 1412 4389 Raganarius
1434 4314 1593 4370 infit:
1621 4313 1780 4371 Certe
1810 4329 1909 4385 ego
1941 4312 2152 4384 ignoro,

544 4421 610 4470 tu
655 4428 788 4468 vero
839 4408 1039 4476 nescis,
1095 4415 1283 4462 utrum
1322 4405 1390 4460 ab
1441 4405 1546 4460 hoc
1591 4405 1714 4460 loco
1758 4402 2006 4458 recedere
2057 4417 2154 4474 pro

546 4510 679 4560 voto
709 4499 1001 4575 possimus.
1042 4497 1142 4553 Ille
1176 4497 1374 4551 iterum
1407 4510 1676 4551 concusso
1707 4507 1835 4549 ense
1879 4491 2154 4563 juramen-
2183 4481 2232 4542 D

549 4601 667 4649 tum
707 4597 960 4664 repetens
986 4586 1285 4643 afﬁrmavit
1332 4599 1390 4639 se
1437 4583 1641 4656 absque
1682 4582 1860 4654 gratia
1899 4581 1954 4637 S.
1988 4581 2154 4636 Bene-

550 4683 686 4739 dicti
730 4683 798 4736 ab
846 4697 908 4734 eo
939 4691 1316 4749 regressurum
1350 4675 1489 4730 loco.
1543 4674 1640 4728 His
1665 4673 1833 4729 dictis
1862 4670 2153 4727 confestim

551 4772 619 4828 ab
648 4786 713 4826 eo
743 4785 1025 4835 corruens,
1059 4765 1315 4823 contritis
1346 4764 1665 4837 collisisque
1693 4762 1954 4818 omnibus
1985 4778 2149 4816 mem-

550 4862 666 4918 bris
695 4861 753 4916 in
787 4858 1018 4931 gestario
1039 4857 1105 4912 ad
1127 4856 1353 4912 domum
1382 4854 1655 4926 propriam
1683 4869 1711 4907 a
1733 4854 1846 4908 suis
1875 4853 2145 4907 refertur:

551 4951 776 5007 etvinea
791 4948 1011 5022 quidem
1028 4947 1282 5020 potestati
1305 4946 1359 5001 S.
1376 4942 1656 4998 Benedicti
1677 4942 2025 5013 relinquitur,
2040 4941 2150 5013 ipse

551 5059 683 5102 vero
703 5040 1012 5114 Stephanus
1035 5040 1196 5108 longo
1217 5042 1575 5106 consumptus
1605 5034 1864 5104 languore
1894 5032 2147 5091 moritur.

1083 5159 1312 5219 CAPUT
1353 5158 1615 5214 XXXIX.

556 5264 740 5323 Caroli
767 5260 924 5320 Calvi
948 5273 1167 5328 regnum
1197 5254 1508 5324 infaustum.
1536 5255 1681 5309 Puer
1707 5270 1732 5307 ε
1766 5251 1879 5322 lupi
1905 5251 2149 5323 faucibus

2249 1827 2505 1889 cessaret,
2556 1818 2850 1889 desperans
2882 1813 2932 1870 ei
2977 1828 3033 1868 se
3060 1811 3178 1866 ullo
3211 1807 3375 1864 modo
3419 1806 3661 1879 praedam
3692 1818 3858 1859 excu-

2252 1918 2365 1966 tere
2412 1923 2606 1980 pnsse;
2659 1904 2862 1960 mulier
2893 1917 3012 1975 quas
3045 1915 3143 1973 pro
3174 1897 3275 1953 filii
3307 1893 3604 1951 amissione
3633 1889 3858 1947 arctiori

2253 1998 2640 2057 stimulabatur
2669 1994 2882 2061 dolore,
2923 2005 3267 2064 nequaquam
3301 1985 3369 2044 ab
3401 1986 3622 2058 incepto
3650 1981 3860 2055 requie.

2253 2090 2336 2144 vit
2363 2103 2528 2145 cursu
2562 2105 2572 2142 :
2626 2083 2719 2140 sed
2752 2079 2924 2153 magis
2969 2096 3069 2153 pro
3113 2093 3268 2150 posse
3302 2075 3469 2133 citius
3510 2070 3857 2147 prOperabat,

2254 2177 2519 2233 invocans
2561 2173 2930 2232 nihilominus
2973 2169 3027 2226 S.
3061 2166 3444 2233 Benedictum,
3496 2169 3770 2236 quatenus
3808 2159 3857 2212 ei

2254 2266 2420 2322 ferret
2447 2261 2744 2327 auxilium,
2768 2257 3048 2316 reddendo
3071 2256 3249 2312 ﬁlium
3279 2253 3588 2327 proprium,
3616 2265 3860 2306 servum-

2255 2373 2359 2430 que
2380 2372 2539 2412 suum
2561 2361 2717 2410 extra
2737 2352 3006 2409 terminos
3035 2365 3162 2404 suos
3189 2347 3505 2402 nullatenus
3523 2341 3709 2400 efferri
3750 2355 3862 2413 per-

2257 2448 2520 2503 mitteret.
2563 2445 2715 2500 Tunc
2753 2442 2954 2499 deinde
2991 2436 3286 2497 clementia
3321 2435 3526 2491 divina;
3560 2430 3863 2503 majestatis

2255 2547 2310 2594 et
2364 2539 2680 2593 interventu
2735 2531 2959 2605 pretiosi
3017 2525 3347 2586 confessoris
3394 2521 3541 2597 quod
3596 2521 3864 2576 exorabat

2255 2627 2450 2700 adepta
2479 2633 2580 2682 est.
2617 2625 2802 2696 Lupus
2834 2635 3069 2692 namque
3099 2616 3330 2674 veniens
3357 2614 3425 2671 ad
3454 2611 3733 2668 terminos
3763 2617 3864 2664 ter-

2256 2699 2439 2774 ritorii
2471 2718 2525 2774 S.
2560 2711 2846 2772 Benedicti
2876 2709 3214 2766 infantulum
3248 2706 3482 2762 illaesum
3511 2709 3679 2774 atque
3719 2699 3866 2754 inco-

2256 2809 2463 2863 lumem
2505 2807 2845 2878 relinquens,
2877 2800 3002 2856 avia
3043 2798 3309 2854 silvarum
3343 2791 3574 2850 latibula
3618 2788 3861 2862 repetiit.

2257 2897 2457 2953 Mulier
2495 2903 2714 2967 recepto
2743 2892 2940 2948 alacris
2989 2887 3217 2961 puerulo
3247 2883 3447 2958 gratias
3476 2883 3592 2938 Deo
3623 2897 3684 2936 ac
3720 2879 3866 2934 libe—

2258 2987 2426 3044 ratori
2459 2987 2562 3043 filii
2593 2984 2702 3050 sui,
2749 2991 2938 3040 sancto
2969 2997 3067 3054 pro
3099 2979 3239 3036 scire
3268 2977 3511 3033 referens
3541 2971 3867 3037 Benedicto,

2258 3078 2400 3134 lares
2427 3074 2805 3148 pauperrimos
2834 3088 2944 3128 suae
2975 3068 3168 3126 revisit
3200 3064 3556 3140 paupertatis.

2412 3227 2829 3292 APPENDIX
2870 3223 3270 3288 ADELERII
3309 3217 3715 3285 MONACHI.

2859 3346 3089 3404 CAPUT
3128 3345 3246 3401 XL.

2261 3452 2326 3508 In
2353 3449 2485 3522 festo
2516 3445 2906 3505 Translationis
2927 3449 3150 3522 apparet
3174 3443 3229 3498 S.
3249 3442 3580 3522 Benedictus.
3603 3441 3870 3496 Fratrum

2443 3542 2446 3545 ·
2507 3525 2841 3574 mortuorum
2870 3517 3093 3572 salutem
3121 3522 3296 3569 curat.
3329 3515 3620 3572 Miracula.

2330 3644 2600 3704 Mirabilis
2630 3641 2856 3699 Domini
2903 3639 3078 3696 nostri
3109 3640 3287 3694 virtus
3324 3645 3378 3694 et
3417 3635 3712 3710 sapientia,
3745 3652 3869 3708 qua

2260 3733 2635 3792 beatissimum
2668 3733 2882 3787 Patrem
2916 3728 3270 3785 Benedictum
3305 3727 3599 3793 mirificat,
3643 3725 3871 3797 gloriﬁ-

2262 3832 2444 3881 catum
2475 3838 2660 3878 secum
2708 3821 2952 3876 retinens
2996 3817 3054 3873 in
3098 3815 3309 3874 cmlesti
3341 3815 3497 3872 curia
3535 3813 3654 3887 ejus
3695 3831 3871 3871 reve—

2264 3913 2496 3971 rendum
2515 3910 2730 3968 cunctis
2759 3907 3087 3965 mortalibus
3105 3922 3307 3978 corpus
3335 3904 3628 3961 mirificare
3658 3903 3721 3959 in
3743 3913 3870 3960 ter-

2264 4003 2341 4060 ris
2387 3999 2534 4056 haud
2580 3998 2798 4055 desistit
2838 3996 3045 4070 jugiter
3093 3995 3489 4052 miraculorum
3527 3992 3868 4066 frequentia.

2262 4093 2398 4151 Nam
2429 4091 2572 4148 sicut
2599 4105 2630 4144 a
2659 4088 2936 4161 prioribus
2964 4095 3162 4143 nostras
3185 4084 3522 4158 tempestatis
3543 4085 3677 4140 viris
3696 4094 3873 4160 atque

2264 4185 2448 4242 studio
2479 4181 2689 4238 veracis
2717 4177 3037 4236 assertionis
3067 4177 3445 4250 probabilibus
3473 4175 3729 4232 credibili
3776 4193 3875 4232 re-

2265 4275 2380 4330 latu
2410 4271 2796 4344 comperimus,
2846 4268 3062 4326 saeculis
3109 4267 3314 4325 factum
3350 4263 3665 4323 memoriale
3717 4266 3877 4337 larga

2265 4363 2364 4420 Dei
2386 4361 2655 4420 celsitudo
2684 4375 2780 4432 per
2801 4375 2940 4430 saepe
2970 4358 3142 4413 fatum
3177 4356 3282 4412 sibi
3307 4356 3567 4412 dilectum
3597 4355 3873 4412 clementi

2265 4451 2603 4526 dignationis
2632 4467 2743 4506 sua;
2784 4463 3010 4504 munere
3039 4445 3254 4519 operari
3285 4444 3507 4517 dignata
3537 4451 3638 4500 est.
3671 4444 3879 4502 Conti-

2265 4552 2413 4615 gerat
2440 4539 2738 4613 aliquando
2758 4535 3141 4594 sacratissimae
3161 4534 3281 4607 ejus
3303 4533 3677 4590 translationis
3711 4534 3878 4592 festi-

2263 4633 2426 4700 vitas,
2477 4630 2545 4685 ad
2582 4646 2744 4702 quam
2787 4626 3053 4698 temporis
3095 4624 3276 4680 orbita
3318 4624 3574 4680 redeunte
3605 4623 3882 4693 plurimae

2262 4719 2643 4778 conﬂuxerant
2675 4716 2904 4772 diversas
2936 4713 3351 4769 numerositatis
3386 4712 3762 4784 undecunque
3795 4732 3885 4771 ca-

2263 4820 2449 4875 tenae,
2496 4823 2606 4862 non
2638 4805 2818 4861 solum
2859 4819 2891 4858 a
2932 4803 3362 4877 circumpositis,
3408 4819 3596 4858 verum
3632 4801 3820 4859 etiam
3855 4822 3885 4859 δ

2261 4898 2567 4972 quibusque
2587 4893 2997 4966 provinciarum
3024 4891 3409 4948 remotissimis
3433 4893 3585 4947 locis.
3611 4892 3886 4965 Denique

2261 4980 2320 5036 in
2341 4980 2704 5036 celebratione
2729 4986 2889 5034 tanta
2913 4977 3236 5034 festivitatis
3259 4977 3546 5051 praconiis
3569 4983 3888 5032 nocturna-

2260 5072 2403 5129 libus
2433 5071 2626 5128 decore
2656 5070 2991 5142 competenti
3025 5070 3338 5142 persolutis,
3372 5068 3619 5126 nondum
3653 5084 3889 5126 aurora

2259 5165 2402 5221 clare
2432 5161 2832 5233 refulgentibus
2863 5160 3052 5227 radiis,
3086 5160 3288 5233 quietis
3334 5160 3507 5231 gratia
3535 5175 3631 5214 sua
3661 5161 3888 5233 quique

2259 5253 2461 5324 petiere
2482 5250 2688 5308 cubilia
2731 5249 2966 5316 Quidam
2992 5264 3123 5304 vero
3147 5264 3218 5303 ex
3238 5248 3504 5304 fratribus
3527 5249 3619 5305 cui
3647 5249 3891 5305 tuendae

1227 5333 1453 5398 ereptus.

623 5441 762 5510 Rege
782 5437 978 5495 Carolo
999 5435 1335 5491 Francorum
1357 5430 1682 5504 disponente
1704 5446 1956 5503 regnum,
1974 5429 2147 5486 fames

551 5528 846 5584 admodum
874 5527 1053 5597 gravis
1083 5524 1370 5581 universas
1395 5521 1689 5594 occupavit
1710 5520 1935 5588 Gallias,
1963 5519 2145 5576 clades

549 5616 714 5673 etiam
745 5632 814 5670 ex
841 5615 1204 5671 insectatione
1233 5627 1568 5684 paganorum
1593 5627 1707 5666 non
1733 5610 1948 5666 modica
1973 5616 2144 5666 totam

2256 5340 2497 5397 basilicas
2543 5356 2677 5397 cura
2721 5339 2968 5410 delegata
3020 5346 3157 5408 erat,
3206 5356 3332 5395 cum
3378 5338 3449 5395 ad
3496 5339 3894 5395 nanciscenda

2256 5447 2503 5504 supernae
2527 5429 2854 5487 aeternitatis
2880 5427 3077 5500 gaudia
3097 5429 3306 5501 jugiter
3334 5429 3583 5485 intentus
3609 5443 3897 5484 suorum-

2255 5537 2360 5593 que
2389 5528 2738 5592 peccatorum
2760 5517 2915 5574 omni
2941 5517 3130 5574 devoti
3161 5518 3346 5575 cordis
3369 5517 3674 5574 devotione
3703 5531 3733 5570 ιι
3769 5517 3898 5572 Do-

2256 5609 2408 5666 mino
2437 5610 2738 5682 deposcens
2769 5607 3174 5680 indulgentiam
3206 5625 3234 5664 e
3265 5608 3496 5678 vestigio
3527 5605 3725 5662 sacrati
3752 5622 3898 5662 cor-
