  <div class='ocr_page' id='page_1' title='image "/cluster/home/n/w/nwhite01/storage/ocr_20150623/124/hvd.32044054759865/478.png"; bbox 0 0 4070 6178; ppageno 0'>
   <div class='ocr_carea' id='block_1_1' title="bbox 217 234 330 294">
    <p class='ocr_par' dir='ltr' id='par_1_1' title="bbox 217 234 330 294">
     <span class='ocr_line' id='line_1_1' title="bbox 217 234 330 294; baseline -0.018 0"><span class='ocrx_word' id='word_1_1' title='bbox 217 234 330 294; x_wconf 70' lang='grc'><strong>945</strong></span> 
     </span>
    </p>
   </div>
   <div class='ocr_carea' id='block_1_2' title="bbox 1318 205 2405 292">
    <p class='ocr_par' dir='ltr' id='par_1_2' title="bbox 1318 205 2405 292">
     <span class='ocr_line' id='line_1_2' title="bbox 1318 205 2405 292; baseline 0 -2"><span class='ocrx_word' id='word_1_2' title='bbox 1318 205 1323 210; x_wconf 80' lang='grc'><em>’</em></span> <span class='ocrx_word' id='word_1_3' title='bbox 1359 234 1454 290; x_wconf 91' lang='lat' dir='ltr'><strong>DE</strong></span> <span class='ocrx_word' id='word_1_4' title='bbox 1493 231 1870 290; x_wconf 78' lang='lat' dir='ltr'><strong>MIBACULIS</strong></span> <span class='ocrx_word' id='word_1_5' title='bbox 1909 231 1964 290; x_wconf 90' lang='lat' dir='ltr'><strong>s.</strong></span> <span class='ocrx_word' id='word_1_6' title='bbox 2004 233 2405 292; x_wconf 88' lang='lat' dir='ltr'><strong>BENEDICTI.</strong></span> 
     </span>
    </p>
   </div>
   <div class='ocr_carea' id='block_1_3' title="bbox 3431 237 3537 295">
    <p class='ocr_par' dir='ltr' id='par_1_3' title="bbox 3431 237 3537 295">
     <span class='ocr_line' id='line_1_3' title="bbox 3431 237 3537 295; baseline -0.009 0"><span class='ocrx_word' id='word_1_7' title='bbox 3431 237 3537 295; x_wconf 72' lang='grc'><strong>946</strong></span> 
     </span>
    </p>
   </div>
   <div class='ocr_carea' id='block_1_4' title="bbox 215 383 3537 464">
    <p class='ocr_par' dir='ltr' id='par_1_4' title="bbox 215 383 3537 464">
     <span class='ocr_line' id='line_1_4' title="bbox 215 383 3537 464; baseline 0 -17"><span class='ocrx_word' id='word_1_8' title='bbox 215 391 373 464; x_wconf 91' lang='lat' dir='ltr'><strong>poris</strong></span> <span class='ocrx_word' id='word_1_9' title='bbox 419 395 547 444; x_wconf 91' lang='lat' dir='ltr'><strong>ante</strong></span> <span class='ocrx_word' id='word_1_10' title='bbox 589 385 761 442; x_wconf 90' lang='lat' dir='ltr'><strong>altare</strong></span> <span class='ocrx_word' id='word_1_11' title='bbox 808 383 1090 453; x_wconf 80' lang='lat' dir='ltr'><strong>resideret,</strong></span> <span class='ocrx_word' id='word_1_12' title='bbox 1131 385 1469 456; x_wconf 81' lang='lat' dir='ltr'><strong>psalmorum</strong></span> <span class='ocrx_word' id='word_1_13' title='bbox 1510 401 1572 441; x_wconf 89' lang='lat' dir='ltr'><strong>ac</strong></span> <span class='ocrx_word' id='word_1_14' title='bbox 1607 401 1830 457; x_wconf 82' lang='lat' dir='ltr'><strong>precum</strong></span> <span class='ocrx_word' id='word_1_15' title='bbox 1860 387 1912 446; x_wconf 89' lang='lat' dir='ltr'><strong>A</strong></span> <span class='ocrx_word' id='word_1_16' title='bbox 1941 402 2070 442; x_wconf 89' lang='lat' dir='ltr'><strong>nes:</strong></span> <span class='ocrx_word' id='word_1_17' title='bbox 2103 387 2253 442; x_wconf 92' lang='lat' dir='ltr'><strong>omni</strong></span> <span class='ocrx_word' id='word_1_18' title='bbox 2286 387 2694 459; x_wconf 86' lang='lat' dir='ltr'><strong>magniﬁcentia</strong></span> <span class='ocrx_word' id='word_1_19' title='bbox 2720 391 2836 446; x_wconf 91' lang='lat' dir='ltr'><strong>Deo</strong></span> <span class='ocrx_word' id='word_1_20' title='bbox 2867 389 3074 456; x_wconf 90' lang='lat' dir='ltr'><strong>laudes,</strong></span> <span class='ocrx_word' id='word_1_21' title='bbox 3108 391 3221 446; x_wconf 92' lang='lat' dir='ltr'><strong>Deo</strong></span> <span class='ocrx_word' id='word_1_22' title='bbox 3255 389 3456 462; x_wconf 82' lang='lat' dir='ltr'><strong>gratias</strong></span> <span class='ocrx_word' id='word_1_23' title='bbox 3481 398 3537 447; x_wconf 90' lang='lat' dir='ltr'><strong>et</strong></span> 
     </span>
    </p>
   </div>
   <div class='ocr_carea' id='block_1_5' title="bbox 217 473 1830 547">
    <p class='ocr_par' dir='ltr' id='par_1_5' title="bbox 217 473 1830 547">
     <span class='ocr_line' id='line_1_5' title="bbox 217 473 1830 547; baseline -0.003 -11"><span class='ocrx_word' id='word_1_24' title='bbox 217 477 522 536; x_wconf 87' lang='lat' dir='ltr'><strong>melodiam</strong></span> <span class='ocrx_word' id='word_1_25' title='bbox 571 480 835 532; x_wconf 87' lang='lat' dir='ltr'><strong>consueto</strong></span> <span class='ocrx_word' id='word_1_26' title='bbox 881 473 986 530; x_wconf 83' lang='lat' dir='ltr'><strong>sibi</strong></span> <span class='ocrx_word' id='word_1_27' title='bbox 1027 490 1178 530; x_wconf 90' lang='lat' dir='ltr'><strong>more</strong></span> <span class='ocrx_word' id='word_1_28' title='bbox 1216 473 1492 546; x_wconf 71' lang='lat' dir='ltr'><strong>satagebat</strong></span> <span class='ocrx_word' id='word_1_29' title='bbox 1523 476 1830 547; x_wconf 83' lang='lat' dir='ltr'><strong>persolvere</strong></span> 
     </span>
    </p>
   </div>
   <div class='ocr_carea' id='block_1_6' title="bbox 215 564 1828 638">
    <p class='ocr_par' dir='ltr' id='par_1_6' title="bbox 215 564 1828 638">
     <span class='ocr_line' id='line_1_6' title="bbox 215 564 1828 638; baseline -0.004 -12"><span class='ocrx_word' id='word_1_30' title='bbox 215 566 621 626; x_wconf 88' lang='lat' dir='ltr'><strong>devotissime:</strong></span> <span class='ocrx_word' id='word_1_31' title='bbox 679 564 774 638; x_wconf 89' lang='lat' dir='ltr'><strong>qui</strong></span> <span class='ocrx_word' id='word_1_32' title='bbox 822 564 987 620; x_wconf 89' lang='lat' dir='ltr'><strong>etiam</strong></span> <span class='ocrx_word' id='word_1_33' title='bbox 1025 564 1281 620; x_wconf 89' lang='lat' dir='ltr'><strong>inchoata</strong></span> <span class='ocrx_word' id='word_1_34' title='bbox 1325 565 1494 622; x_wconf 82' lang='lat' dir='ltr'><strong>altius</strong></span> <span class='ocrx_word' id='word_1_35' title='bbox 1532 565 1828 636; x_wconf 80' lang='lat' dir='ltr'><strong>protelans,</strong></span> 
     </span>
    </p>
   </div>
   <div class='ocr_carea' id='block_1_7' title="bbox 216 655 1829 728">
    <p class='ocr_par' dir='ltr' id='par_1_7' title="bbox 216 655 1829 728">
     <span class='ocr_line' id='line_1_7' title="bbox 216 655 1829 728; baseline -0.003 -13"><span class='ocrx_word' id='word_1_36' title='bbox 216 657 550 715; x_wconf 85' lang='lat' dir='ltr'><strong>lassitudine</strong></span> <span class='ocrx_word' id='word_1_37' title='bbox 593 661 818 726; x_wconf 80' lang='lat' dir='ltr'><strong>cogente</strong></span> <span class='ocrx_word' id='word_1_38' title='bbox 866 655 1223 712; x_wconf 79' lang='lat' dir='ltr'><strong>obdormivit.</strong></span> <span class='ocrx_word' id='word_1_39' title='bbox 1277 655 1379 713; x_wconf 87' lang='lat' dir='ltr'><strong>Cui</strong></span> <span class='ocrx_word' id='word_1_40' title='bbox 1428 673 1560 712; x_wconf 76' lang='lat' dir='ltr'><strong>mox</strong></span> <span class='ocrx_word' id='word_1_41' title='bbox 1605 655 1829 728; x_wconf 91' lang='lat' dir='ltr'><strong>quidam</strong></span> 
     </span>
    </p>
   </div>
   <div class='ocr_carea' id='block_1_8' title="bbox 216 744 1830 814">
    <p class='ocr_par' dir='ltr' id='par_1_8' title="bbox 216 744 1830 814">
     <span class='ocr_line' id='line_1_8' title="bbox 216 744 1830 814; baseline -0.004 -7"><span class='ocrx_word' id='word_1_42' title='bbox 216 749 410 808; x_wconf 84' lang='lat' dir='ltr'><strong>senior</strong></span> <span class='ocrx_word' id='word_1_43' title='bbox 436 745 745 803; x_wconf 84' lang='lat' dir='ltr'><strong>honestatis</strong></span> <span class='ocrx_word' id='word_1_44' title='bbox 772 745 1120 801; x_wconf 85' lang='lat' dir='ltr'><strong>formositate</strong></span> <span class='ocrx_word' id='word_1_45' title='bbox 1151 744 1402 814; x_wconf 89' lang='lat' dir='ltr'><strong>decorus,</strong></span> <span class='ocrx_word' id='word_1_46' title='bbox 1443 763 1506 804; x_wconf 89' lang='lat' dir='ltr'><strong>ac</strong></span> <span class='ocrx_word' id='word_1_47' title='bbox 1545 745 1830 803; x_wconf 91' lang='lat' dir='ltr'><strong>reverendi</strong></span> 
     </span>
    </p>
   </div>
   <div class='ocr_carea' id='block_1_9' title="bbox 217 833 1830 909">
    <p class='ocr_par' dir='ltr' id='par_1_9' title="bbox 217 833 1830 909">
     <span class='ocr_line' id='line_1_9' title="bbox 217 833 1830 909; baseline -0.004 -12"><span class='ocrx_word' id='word_1_48' title='bbox 217 839 444 896; x_wconf 87' lang='lat' dir='ltr'><strong>habitus</strong></span> <span class='ocrx_word' id='word_1_49' title='bbox 471 836 754 902; x_wconf 81' lang='lat' dir='ltr'><strong>assistens,</strong></span> <span class='ocrx_word' id='word_1_50' title='bbox 785 833 920 905; x_wconf 89' lang='lat' dir='ltr'><strong>quid</strong></span> <span class='ocrx_word' id='word_1_51' title='bbox 955 834 1150 891; x_wconf 85' lang='lat' dir='ltr'><strong>fratres</strong></span> <span class='ocrx_word' id='word_1_52' title='bbox 1187 843 1428 906; x_wconf 81' lang='lat' dir='ltr'><strong>agerent,</strong></span> <span class='ocrx_word' id='word_1_53' title='bbox 1477 843 1638 908; x_wconf 90' lang='lat' dir='ltr'><strong>atque</strong></span> <span class='ocrx_word' id='word_1_54' title='bbox 1682 853 1830 909; x_wconf 92' lang='lat' dir='ltr'><strong>quo—</strong></span> 
     </span>
    </p>
   </div>
   <div class='ocr_carea' id='block_1_10' title="bbox 216 921 1828 996">
    <p class='ocr_par' dir='ltr' id='par_1_10' title="bbox 216 921 1828 996">
     <span class='ocr_line' id='line_1_10' title="bbox 216 921 1828 996; baseline -0.005 -10"><span class='ocrx_word' id='word_1_55' title='bbox 216 945 348 986; x_wconf 90' lang='lat' dir='ltr'><strong>nam</strong></span> <span class='ocrx_word' id='word_1_56' title='bbox 391 931 746 991; x_wconf 83' lang='lat' dir='ltr'><strong>secesserant,</strong></span> <span class='ocrx_word' id='word_1_57' title='bbox 790 921 1042 995; x_wconf 87' lang='lat' dir='ltr'><strong>jucundo</strong></span> <span class='ocrx_word' id='word_1_58' title='bbox 1079 923 1336 980; x_wconf 79' lang='lat' dir='ltr'><strong>affamine</strong></span> <span class='ocrx_word' id='word_1_59' title='bbox 1374 925 1687 996; x_wconf 88' lang='lat' dir='ltr'><strong>inquisivit.</strong></span> <span class='ocrx_word' id='word_1_60' title='bbox 1729 925 1828 981; x_wconf 90' lang='lat' dir='ltr'><strong>Ille</strong></span> 
     </span>
    </p>
   </div>
   <div class='ocr_carea' id='block_1_11' title="bbox 218 1013 1828 1090">
    <p class='ocr_par' dir='ltr' id='par_1_11' title="bbox 218 1013 1828 1090">
     <span class='ocr_line' id='line_1_11' title="bbox 218 1013 1828 1090; baseline -0.004 -13"><span class='ocrx_word' id='word_1_61' title='bbox 218 1031 405 1077; x_wconf 89' lang='lat' dir='ltr'><strong>autem</strong></span> <span class='ocrx_word' id='word_1_62' title='bbox 435 1018 693 1090; x_wconf 85' lang='lat' dir='ltr'><strong>protinus</strong></span> <span class='ocrx_word' id='word_1_63' title='bbox 727 1013 1031 1070; x_wconf 90' lang='lat' dir='ltr'><strong>dormitum</strong></span> <span class='ocrx_word' id='word_1_64' title='bbox 1067 1014 1172 1069; x_wconf 89' lang='lat' dir='ltr'><strong>isse</strong></span> <span class='ocrx_word' id='word_1_65' title='bbox 1215 1014 1518 1086; x_wconf 87' lang='lat' dir='ltr'><strong>respondit,</strong></span> <span class='ocrx_word' id='word_1_66' title='bbox 1558 1031 1667 1086; x_wconf 89' lang='lat' dir='ltr'><strong>quo</strong></span> <span class='ocrx_word' id='word_1_67' title='bbox 1707 1021 1828 1086; x_wconf 89' lang='lat' dir='ltr'><strong>post</strong></span> 
     </span>
    </p>
   </div>
   <div class='ocr_carea' id='block_1_12' title="bbox 218 1102 1823 1181">
    <p class='ocr_par' dir='ltr' id='par_1_12' title="bbox 218 1102 1823 1181">
     <span class='ocr_line' id='line_1_12' title="bbox 218 1102 1823 1181; baseline -0.004 -17"><span class='ocrx_word' id='word_1_68' title='bbox 218 1107 618 1181; x_wconf 85' lang='lat' dir='ltr'><strong>aliquantulam</strong></span> <span class='ocrx_word' id='word_1_69' title='bbox 652 1118 915 1174; x_wconf 90' lang='lat' dir='ltr'><strong>corporea</strong></span> <span class='ocrx_word' id='word_1_70' title='bbox 945 1102 1372 1159; x_wconf 84' lang='lat' dir='ltr'><strong>necessitudinis</strong></span> <span class='ocrx_word' id='word_1_71' title='bbox 1405 1103 1823 1171; x_wconf 88' lang='lat' dir='ltr'><strong>recreationem,</strong></span> 
     </span>
    </p>
   </div>
   <div class='ocr_carea' id='block_1_13' title="bbox 220 1191 1824 1263">
    <p class='ocr_par' dir='ltr' id='par_1_13' title="bbox 220 1191 1824 1263">
     <span class='ocr_line' id='line_1_13' title="bbox 220 1191 1824 1263; baseline -0.005 -7"><span class='ocrx_word' id='word_1_72' title='bbox 220 1198 410 1256; x_wconf 90' lang='lat' dir='ltr'><strong>diurni</strong></span> <span class='ocrx_word' id='word_1_73' title='bbox 436 1195 605 1253; x_wconf 81' lang='lat' dir='ltr'><strong>ofﬁcii</strong></span> <span class='ocrx_word' id='word_1_74' title='bbox 633 1192 860 1250; x_wconf 91' lang='lat' dir='ltr'><strong>uberius</strong></span> <span class='ocrx_word' id='word_1_75' title='bbox 888 1191 1136 1247; x_wconf 83' lang='lat' dir='ltr'><strong>valerent</strong></span> <span class='ocrx_word' id='word_1_76' title='bbox 1161 1194 1469 1263; x_wconf 90' lang='lat' dir='ltr'><strong>persolvere</strong></span> <span class='ocrx_word' id='word_1_77' title='bbox 1499 1194 1824 1250; x_wconf 86' lang='lat' dir='ltr'><strong>modulatio-</strong></span> 
     </span>
    </p>
   </div>
   <div class='ocr_carea' id='block_1_14' title="bbox 222 1280 1826 1354">
    <p class='ocr_par' dir='ltr' id='par_1_14' title="bbox 222 1280 1826 1354">
     <span class='ocr_line' id='line_1_14' title="bbox 222 1280 1826 1354; baseline -0.004 -9"><span class='ocrx_word' id='word_1_78' title='bbox 222 1304 368 1345; x_wconf 89' lang='lat' dir='ltr'><strong>nem.</strong></span> <span class='ocrx_word' id='word_1_79' title='bbox 402 1283 701 1342; x_wconf 85' lang='lat' dir='ltr'><strong>Admirans</strong></span> <span class='ocrx_word' id='word_1_80' title='bbox 730 1282 916 1353; x_wconf 87' lang='lat' dir='ltr'><strong>itaque</strong></span> <span class='ocrx_word' id='word_1_81' title='bbox 948 1283 1071 1352; x_wconf 87' lang='lat' dir='ltr'><strong>quis</strong></span> <span class='ocrx_word' id='word_1_82' title='bbox 1110 1280 1210 1336; x_wconf 91' lang='lat' dir='ltr'><strong>iste</strong></span> <span class='ocrx_word' id='word_1_83' title='bbox 1244 1283 1388 1338; x_wconf 90' lang='lat' dir='ltr'><strong>foret</strong></span> <span class='ocrx_word' id='word_1_84' title='bbox 1427 1283 1522 1354; x_wconf 90' lang='lat' dir='ltr'><strong>qui</strong></span> <span class='ocrx_word' id='word_1_85' title='bbox 1562 1283 1667 1338; x_wconf 87' lang='lat' dir='ltr'><strong>sibi</strong></span> <span class='ocrx_word' id='word_1_86' title='bbox 1709 1282 1826 1339; x_wconf 65' lang='lat' dir='ltr'><strong>haec</strong></span> 
     </span>
    </p>
   </div>
   <div class='ocr_carea' id='block_1_15' title="bbox 222 1370 1826 1450">
    <p class='ocr_par' dir='ltr' id='par_1_15' title="bbox 222 1370 1826 1450">
     <span class='ocr_line' id='line_1_15' title="bbox 222 1370 1826 1450; baseline -0.004 -15"><span class='ocrx_word' id='word_1_87' title='bbox 222 1375 544 1450; x_wconf 89' lang='lat' dir='ltr'><strong>imperando</strong></span> <span class='ocrx_word' id='word_1_88' title='bbox 568 1373 937 1445; x_wconf 87' lang='lat' dir='ltr'><strong>depromeret,</strong></span> <span class='ocrx_word' id='word_1_89' title='bbox 960 1370 1312 1428; x_wconf 85' lang='lat' dir='ltr'><strong>beatissimus</strong></span> <span class='ocrx_word' id='word_1_90' title='bbox 1331 1371 1398 1428; x_wconf 88' lang='lat' dir='ltr'><strong>ad</strong></span> <span class='ocrx_word' id='word_1_91' title='bbox 1425 1387 1549 1428; x_wconf 92' lang='lat' dir='ltr'><strong>eum</strong></span> <span class='ocrx_word' id='word_1_92' title='bbox 1574 1391 1585 1428; x_wconf 91' lang='lat'><strong>:</strong></span> <span class='ocrx_word' id='word_1_93' title='bbox 1609 1372 1686 1429; x_wconf 85' lang='lat' dir='ltr'><strong>Ne</strong></span> <span class='ocrx_word' id='word_1_94' title='bbox 1712 1373 1826 1428; x_wconf 88' lang='lat' dir='ltr'><strong>mi—</strong></span> 
     </span>
    </p>
   </div>
   <div class='ocr_carea' id='block_1_16' title="bbox 221 1460 1822 1538">
    <p class='ocr_par' dir='ltr' id='par_1_16' title="bbox 221 1460 1822 1538">
     <span class='ocr_line' id='line_1_16' title="bbox 221 1460 1822 1538; baseline -0.005 -14"><span class='ocrx_word' id='word_1_95' title='bbox 221 1465 380 1531; x_wconf 85' lang='lat' dir='ltr'><strong>reris,</strong></span> <span class='ocrx_word' id='word_1_96' title='bbox 429 1463 633 1538; x_wconf 90' lang='lat' dir='ltr'><strong>inquit,</strong></span> <span class='ocrx_word' id='word_1_97' title='bbox 679 1460 750 1517; x_wconf 90' lang='lat' dir='ltr'><strong>ob</strong></span> <span class='ocrx_word' id='word_1_98' title='bbox 795 1460 1142 1531; x_wconf 71' lang='lat' dir='ltr'><strong>praesentiam</strong></span> <span class='ocrx_word' id='word_1_99' title='bbox 1183 1477 1345 1534; x_wconf 91' lang='lat' dir='ltr'><strong>quam</strong></span> <span class='ocrx_word' id='word_1_100' title='bbox 1387 1462 1652 1533; x_wconf 88' lang='lat' dir='ltr'><strong>perspicis</strong></span> <span class='ocrx_word' id='word_1_101' title='bbox 1697 1462 1822 1531; x_wconf 90' lang='lat' dir='ltr'><strong>mei,</strong></span> 
     </span>
    </p>
   </div>
   <div class='ocr_carea' id='block_1_17' title="bbox 219 1550 1824 1614">
    <p class='ocr_par' dir='ltr' id='par_1_17' title="bbox 219 1550 1824 1614">
     <span class='ocr_line' id='line_1_17' title="bbox 219 1550 1824 1614; baseline -0.004 -1"><span class='ocrx_word' id='word_1_102' title='bbox 219 1555 528 1614; x_wconf 87' lang='lat' dir='ltr'><strong>certissime</strong></span> <span class='ocrx_word' id='word_1_103' title='bbox 568 1552 747 1609; x_wconf 85' lang='lat' dir='ltr'><strong>sciens</strong></span> <span class='ocrx_word' id='word_1_104' title='bbox 789 1565 874 1605; x_wconf 91' lang='lat' dir='ltr'><strong>me</strong></span> <span class='ocrx_word' id='word_1_105' title='bbox 919 1550 1142 1607; x_wconf 81' lang='lat' dir='ltr'><strong>fratrem</strong></span> <span class='ocrx_word' id='word_1_106' title='bbox 1171 1564 1194 1590; x_wconf 74' lang='grc' dir='ltr'><strong>ιι</strong></span> <span class='ocrx_word' id='word_1_107' title='bbox 1240 1551 1598 1608; x_wconf 88' lang='lat' dir='ltr'><strong>Benedictum</strong></span> <span class='ocrx_word' id='word_1_108' title='bbox 1639 1551 1824 1608; x_wconf 86' lang='lat' dir='ltr'><strong>vocari</strong></span> 
     </span>
    </p>
   </div>
   <div class='ocr_carea' id='block_1_18' title="bbox 218 1639 1821 1718">
    <p class='ocr_par' dir='ltr' id='par_1_18' title="bbox 218 1639 1821 1718">
     <span class='ocr_line' id='line_1_18' title="bbox 218 1639 1821 1718; baseline -0.002 -17"><span class='ocrx_word' id='word_1_109' title='bbox 218 1644 515 1718; x_wconf 75' lang='lat' dir='ltr'><strong>praesulem</strong></span> <span class='ocrx_word' id='word_1_110' title='bbox 563 1657 626 1698; x_wconf 88' lang='lat' dir='ltr'><strong>ac</strong></span> <span class='ocrx_word' id='word_1_111' title='bbox 672 1639 1013 1696; x_wconf 84' lang='lat' dir='ltr'><strong>defensorem</strong></span> <span class='ocrx_word' id='word_1_112' title='bbox 1063 1639 1230 1712; x_wconf 85' lang='lat' dir='ltr'><strong>hujus</strong></span> <span class='ocrx_word' id='word_1_113' title='bbox 1277 1641 1642 1697; x_wconf 89' lang='lat' dir='ltr'><strong>constitutum</strong></span> <span class='ocrx_word' id='word_1_114' title='bbox 1695 1642 1821 1699; x_wconf 91' lang='lat' dir='ltr'><strong>loci.</strong></span> 
     </span>
    </p>
   </div>
   <div class='ocr_carea' id='block_1_19' title="bbox 1941 475 3535 538">
    <p class='ocr_par' dir='ltr' id='par_1_19' title="bbox 1941 475 3535 538">
     <span class='ocr_line' id='line_1_19' title="bbox 1941 475 3535 538; baseline 0.003 -7"><span class='ocrx_word' id='word_1_115' title='bbox 1941 475 2258 532; x_wconf 90' lang='lat' dir='ltr'><strong>beatissimo</strong></span> <span class='ocrx_word' id='word_1_116' title='bbox 2306 477 2365 533; x_wconf 94' lang='lat' dir='ltr'><strong>P.</strong></span> <span class='ocrx_word' id='word_1_117' title='bbox 2423 478 2721 534; x_wconf 89' lang='lat' dir='ltr'><strong>Benedicto</strong></span> <span class='ocrx_word' id='word_1_118' title='bbox 2770 479 2829 534; x_wconf 93' lang='lat' dir='ltr'><strong>in</strong></span> <span class='ocrx_word' id='word_1_119' title='bbox 2885 478 3165 536; x_wconf 89' lang='lat' dir='ltr'><strong>communi</strong></span> <span class='ocrx_word' id='word_1_120' title='bbox 3221 478 3535 538; x_wconf 82' lang='lat' dir='ltr'><strong>referentes.</strong></span> 
     </span>
    </p>
   </div>
   <div class='ocr_carea' id='block_1_20' title="bbox 1942 565 3538 642">
    <p class='ocr_par' dir='ltr' id='par_1_20' title="bbox 1942 565 3538 642">
     <span class='ocr_line' id='line_1_20' title="bbox 1942 565 3538 642; baseline 0.003 -22"><span class='ocrx_word' id='word_1_121' title='bbox 1942 565 2113 621; x_wconf 87' lang='lat' dir='ltr'><strong>Tanta</strong></span> <span class='ocrx_word' id='word_1_122' title='bbox 2166 569 2212 622; x_wconf 90' lang='lat' dir='ltr'><strong>si</strong></span> <span class='ocrx_word' id='word_1_123' title='bbox 2269 565 2490 640; x_wconf 88' lang='lat' dir='ltr'><strong>quidem</strong></span> <span class='ocrx_word' id='word_1_124' title='bbox 2544 567 2780 638; x_wconf 88' lang='lat' dir='ltr'><strong>perfecta</strong></span> <span class='ocrx_word' id='word_1_125' title='bbox 2819 567 2914 625; x_wconf 91' lang='lat' dir='ltr'><strong>Dei</strong></span> <span class='ocrx_word' id='word_1_126' title='bbox 2965 567 3281 638; x_wconf 86' lang='lat' dir='ltr'><strong>operatione</strong></span> <span class='ocrx_word' id='word_1_127' title='bbox 3328 568 3538 642; x_wconf 90' lang='lat' dir='ltr'><strong>liquido</strong></span> 
     </span>
    </p>
   </div>
   <div class='ocr_carea' id='block_1_21' title="bbox 1941 657 3534 732">
    <p class='ocr_par' dir='ltr' id='par_1_21' title="bbox 1941 657 3534 732">
     <span class='ocr_line' id='line_1_21' title="bbox 1941 657 3534 732; baseline 0.002 -19"><span class='ocrx_word' id='word_1_128' title='bbox 1941 657 2156 714; x_wconf 88' lang='lat' dir='ltr'><strong>cunctis</strong></span> <span class='ocrx_word' id='word_1_129' title='bbox 2195 660 2395 730; x_wconf 90' lang='lat' dir='ltr'><strong>patuit,</strong></span> <span class='ocrx_word' id='word_1_130' title='bbox 2431 661 2559 732; x_wconf 90' lang='lat' dir='ltr'><strong>quia</strong></span> <span class='ocrx_word' id='word_1_131' title='bbox 2589 669 2775 717; x_wconf 85' lang='lat' dir='ltr'><strong>noster</strong></span> <span class='ocrx_word' id='word_1_132' title='bbox 2802 660 3133 717; x_wconf 90' lang='lat' dir='ltr'><strong>Benedictus</strong></span> <span class='ocrx_word' id='word_1_133' title='bbox 3161 659 3307 717; x_wconf 91' lang='lat' dir='ltr'><strong>inter</strong></span> <span class='ocrx_word' id='word_1_134' title='bbox 3338 659 3534 716; x_wconf 88' lang='lat' dir='ltr'><strong>missa-</strong></span> 
     </span>
    </p>
   </div>
   <div class='ocr_carea' id='block_1_22' title="bbox 1942 748 2790 823">
    <p class='ocr_par' dir='ltr' id='par_1_22' title="bbox 1942 748 2790 823">
     <span class='ocr_line' id='line_1_22' title="bbox 1942 748 2790 823; baseline 0.005 -21"><span class='ocrx_word' id='word_1_135' title='bbox 1942 763 2066 804; x_wconf 90' lang='lat' dir='ltr'><strong>rum</strong></span> <span class='ocrx_word' id='word_1_136' title='bbox 2095 748 2361 806; x_wconf 88' lang='lat' dir='ltr'><strong>solemnia</strong></span> <span class='ocrx_word' id='word_1_137' title='bbox 2391 767 2634 823; x_wconf 73' lang='lat' dir='ltr'><strong>przesens</strong></span> <span class='ocrx_word' id='word_1_138' title='bbox 2664 751 2790 806; x_wconf 92' lang='lat' dir='ltr'><strong>fuit.</strong></span> 
     </span>
    </p>
   </div>
   <div class='ocr_carea' id='block_1_23' title="bbox 2535 900 2943 959">
    <p class='ocr_par' dir='ltr' id='par_1_23' title="bbox 2535 900 2943 959">
     <span class='ocr_line' id='line_1_23' title="bbox 2535 900 2943 959; baseline -0.012 0"><span class='ocrx_word' id='word_1_139' title='bbox 2535 901 2761 959; x_wconf 86' lang='lat' dir='ltr'><strong>CAPUT</strong></span> <span class='ocrx_word' id='word_1_140' title='bbox 2799 900 2943 958; x_wconf 85' lang='lat' dir='ltr'><strong>XLI.</strong></span> 
     </span>
    </p>
   </div>
   <div class='ocr_carea' id='block_1_24' title="bbox 1944 1013 3542 1083">
    <p class='ocr_par' dir='ltr' id='par_1_24' title="bbox 1944 1013 3542 1083">
     <span class='ocr_line' id='line_1_24' title="bbox 1944 1013 3542 1083; baseline -0.005 -9"><span class='ocrx_word' id='word_1_141' title='bbox 1944 1018 2172 1074; x_wconf 78' lang='lat' dir='ltr'><strong>Carolus</strong></span> <span class='ocrx_word' id='word_1_142' title='bbox 2205 1017 2400 1075; x_wconf 81' lang='lat' dir='ltr'><strong>Calvus</strong></span> <span class='ocrx_word' id='word_1_143' title='bbox 2433 1019 2707 1073; x_wconf 80' lang='lat' dir='ltr'><strong>laudatur.</strong></span> <span class='ocrx_word' id='word_1_144' title='bbox 2741 1021 2909 1076; x_wconf 86' lang='lat' dir='ltr'><strong>Roma</strong></span> <span class='ocrx_word' id='word_1_145' title='bbox 2934 1021 3199 1071; x_wconf 81' lang='lat' dir='ltr'><strong>revertens</strong></span> <span class='ocrx_word' id='word_1_146' title='bbox 3237 1013 3422 1083; x_wconf 77' lang='lat' dir='ltr'><strong>Papite</strong></span> <span class='ocrx_word' id='word_1_147' title='bbox 3462 1031 3542 1067; x_wconf 83' lang='lat' dir='ltr'><strong>ve-</strong></span> 
     </span>
    </p>
   </div>
   <div class='ocr_carea' id='block_1_25' title="bbox 2009 1085 3542 1161">
    <p class='ocr_par' dir='ltr' id='par_1_25' title="bbox 2009 1085 3542 1161">
     <span class='ocr_line' id='line_1_25' title="bbox 2009 1085 3542 1161; baseline -0.003 -18"><span class='ocrx_word' id='word_1_148' title='bbox 2009 1107 2139 1144; x_wconf 81' lang='lat' dir='ltr'><strong>neno</strong></span> <span class='ocrx_word' id='word_1_149' title='bbox 2170 1090 2525 1161; x_wconf 73' lang='lat' dir='ltr'><strong>exstinguitur</strong></span> <span class='ocrx_word' id='word_1_150' title='bbox 2556 1091 2720 1158; x_wconf 89' lang='lat' dir='ltr'><strong>(anno</strong></span> <span class='ocrx_word' id='word_1_151' title='bbox 2755 1090 2908 1159; x_wconf 89' lang='lat'><strong>877).</strong></span> <span class='ocrx_word' id='word_1_152' title='bbox 2951 1088 3230 1161; x_wconf 10' lang='lat' dir='ltr'><strong>Ludouicog</strong></span> <span class='ocrx_word' id='word_1_153' title='bbox 3250 1085 3542 1161; x_wconf 72' lang='lat' dir='ltr'><strong>succedente</strong></span> 
     </span>
    </p>
   </div>
   <div class='ocr_carea' id='block_1_26' title="bbox 2011 1156 3539 1233">
    <p class='ocr_par' dir='ltr' id='par_1_26' title="bbox 2011 1156 3539 1233">
     <span class='ocr_line' id='line_1_26' title="bbox 2011 1156 3539 1233; baseline -0.005 -16"><span class='ocrx_word' id='word_1_154' title='bbox 2011 1156 2698 1217; x_wconf 53' lang='lat' dir='ltr'><strong>Nortmanni&#39;incursiones</strong></span> <span class='ocrx_word' id='word_1_155' title='bbox 2745 1156 3003 1233; x_wconf 78' lang='lat' dir='ltr'><strong>repetunt.</strong></span> <span class='ocrx_word' id='word_1_156' title='bbox 3055 1159 3135 1214; x_wconf 82' lang='lat' dir='ltr'><strong>Ab</strong></span> <span class='ocrx_word' id='word_1_157' title='bbox 3175 1159 3392 1228; x_wconf 86' lang='lat' dir='ltr'><strong>Hugone</strong></span> <span class='ocrx_word' id='word_1_158' title='bbox 3428 1156 3539 1210; x_wconf 81' lang='lat' dir='ltr'><strong>vin-</strong></span> 
     </span>
    </p>
   </div>
   <div class='ocr_carea' id='block_1_27' title="bbox 2009 1239 2219 1288">
    <p class='ocr_par' dir='ltr' id='par_1_27' title="bbox 2009 1239 2219 1288">
     <span class='ocr_line' id='line_1_27' title="bbox 2009 1239 2219 1288; baseline 0.005 -1"><span class='ocrx_word' id='word_1_159' title='bbox 2009 1239 2219 1288; x_wconf 80' lang='lat' dir='ltr'><strong>cuntur.</strong></span> 
     </span>
    </p>
   </div>
   <div class='ocr_carea' id='block_1_28' title="bbox 2008 1357 3541 1419">
    <p class='ocr_par' dir='ltr' id='par_1_28' title="bbox 2008 1357 3541 1419">
     <span class='ocr_line' id='line_1_28' title="bbox 2008 1357 3541 1419; baseline -0.003 -2"><span class='ocrx_word' id='word_1_160' title='bbox 2008 1363 2222 1417; x_wconf 88' lang='lat' dir='ltr'><strong>Interea</strong></span> <span class='ocrx_word' id='word_1_161' title='bbox 2250 1377 2348 1417; x_wconf 83' lang='lat' dir='ltr'><strong>rex</strong></span> <span class='ocrx_word' id='word_1_162' title='bbox 2379 1360 2605 1419; x_wconf 88' lang='lat' dir='ltr'><strong>Carolus</strong></span> <span class='ocrx_word' id='word_1_163' title='bbox 2633 1361 2896 1416; x_wconf 87' lang='lat' dir='ltr'><strong>fratribus</strong></span> <span class='ocrx_word' id='word_1_164' title='bbox 2921 1360 3139 1416; x_wconf 90' lang='lat' dir='ltr'><strong>duobus</strong></span> <span class='ocrx_word' id='word_1_165' title='bbox 3163 1357 3279 1414; x_wconf 90' lang='lat' dir='ltr'><strong>vita</strong></span> <span class='ocrx_word' id='word_1_166' title='bbox 3300 1357 3541 1413; x_wconf 89' lang='lat' dir='ltr'><strong>humana</strong></span> 
     </span>
    </p>
   </div>
   <div class='ocr_carea' id='block_1_29' title="bbox 1937 1448 3535 1526">
    <p class='ocr_par' dir='ltr' id='par_1_29' title="bbox 1937 1448 3535 1526">
     <span class='ocr_line' id='line_1_29' title="bbox 1937 1448 3535 1526; baseline -0.003 -16"><span class='ocrx_word' id='word_1_167' title='bbox 1937 1454 2348 1523; x_wconf 88' lang='lat' dir='ltr'><strong>decedentibus,</strong></span> <span class='ocrx_word' id='word_1_168' title='bbox 2395 1457 2665 1526; x_wconf 86' lang='lat' dir='ltr'><strong>tertioque</strong></span> <span class='ocrx_word' id='word_1_169' title='bbox 2712 1452 2992 1521; x_wconf 87' lang='lat' dir='ltr'><strong>Lothario,</strong></span> <span class='ocrx_word' id='word_1_170' title='bbox 3034 1451 3104 1506; x_wconf 91' lang='lat' dir='ltr'><strong>ob</strong></span> <span class='ocrx_word' id='word_1_171' title='bbox 3135 1448 3535 1522; x_wconf 74' lang='lat' dir='ltr'><strong>paenitudinem</strong></span> 
     </span>
    </p>
   </div>
   <div class='ocr_carea' id='block_1_30' title="bbox 1939 1540 3539 1618">
    <p class='ocr_par' dir='ltr' id='par_1_30' title="bbox 1939 1540 3539 1618">
     <span class='ocr_line' id='line_1_30' title="bbox 1939 1540 3539 1618; baseline -0.002 -19"><span class='ocrx_word' id='word_1_172' title='bbox 1939 1563 2043 1618; x_wconf 88' lang='lat' dir='ltr'><strong>qua</strong></span> <span class='ocrx_word' id='word_1_173' title='bbox 2073 1553 2281 1618; x_wconf 85' lang='lat' dir='ltr'><strong>patrem</strong></span> <span class='ocrx_word' id='word_1_174' title='bbox 2311 1545 2568 1602; x_wconf 90' lang='lat' dir='ltr'><strong>carcerali</strong></span> <span class='ocrx_word' id='word_1_175' title='bbox 2601 1545 3006 1617; x_wconf 88' lang='lat' dir='ltr'><strong>mancipaverat</strong></span> <span class='ocrx_word' id='word_1_176' title='bbox 3032 1540 3303 1606; x_wconf 89' lang='lat' dir='ltr'><strong>custodia,</strong></span> <span class='ocrx_word' id='word_1_177' title='bbox 3339 1556 3539 1596; x_wconf 86' lang='lat' dir='ltr'><strong>mona-</strong></span> 
     </span>
    </p>
   </div>
   <div class='ocr_carea' id='block_1_31' title="bbox 1938 1629 3539 1708">
    <p class='ocr_par' dir='ltr' id='par_1_31' title="bbox 1938 1629 3539 1708">
     <span class='ocr_line' id='line_1_31' title="bbox 1938 1629 3539 1708; baseline -0.003 -17"><span class='ocrx_word' id='word_1_178' title='bbox 1938 1635 2043 1692; x_wconf 92' lang='lat' dir='ltr'><strong>cho</strong></span> <span class='ocrx_word' id='word_1_179' title='bbox 2077 1636 2311 1691; x_wconf 70' lang='lat' dir='ltr'><strong>Prumiae</strong></span> <span class='ocrx_word' id='word_1_180' title='bbox 2341 1634 2485 1708; x_wconf 89' lang='lat' dir='ltr'><strong>apud</strong></span> <span class='ocrx_word' id='word_1_181' title='bbox 2527 1633 2918 1690; x_wconf 88' lang='lat' dir='ltr'><strong>monasterium</strong></span> <span class='ocrx_word' id='word_1_182' title='bbox 2959 1631 3174 1698; x_wconf 73' lang='lat' dir='ltr'><strong>effecto,</strong></span> <span class='ocrx_word' id='word_1_183' title='bbox 3215 1629 3389 1686; x_wconf 86' lang='lat' dir='ltr'><strong>totius</strong></span> <span class='ocrx_word' id='word_1_184' title='bbox 3434 1646 3539 1702; x_wconf 89' lang='lat' dir='ltr'><strong>pa-</strong></span> 
     </span>
    </p>
   </div>
   <div class='ocr_carea' id='block_1_32' title="bbox 221 1719 3539 1804">
    <p class='ocr_par' dir='ltr' id='par_1_32' title="bbox 221 1719 3539 1804">
     <span class='ocr_line' id='line_1_32' title="bbox 221 1719 3539 1804; baseline -0.005 -14"><span class='ocrx_word' id='word_1_185' title='bbox 221 1733 516 1791; x_wconf 88' lang='lat' dir='ltr'><strong>Fratribus</strong></span> <span class='ocrx_word' id='word_1_186' title='bbox 541 1730 738 1787; x_wconf 89' lang='lat' dir='ltr'><strong>etenim</strong></span> <span class='ocrx_word' id='word_1_187' title='bbox 771 1745 840 1785; x_wconf 80' lang='lat' dir='ltr'><strong>ex</strong></span> <span class='ocrx_word' id='word_1_188' title='bbox 872 1745 959 1785; x_wconf 87' lang='lat' dir='ltr'><strong>me</strong></span> <span class='ocrx_word' id='word_1_189' title='bbox 987 1730 1192 1786; x_wconf 89' lang='lat' dir='ltr'><strong>salutes</strong></span> <span class='ocrx_word' id='word_1_190' title='bbox 1233 1729 1407 1788; x_wconf 90' lang='lat' dir='ltr'><strong>dicito</strong></span> <span class='ocrx_word' id='word_1_191' title='bbox 1448 1730 1506 1786; x_wconf 92' lang='lat' dir='ltr'><strong>in</strong></span> <span class='ocrx_word' id='word_1_192' title='bbox 1547 1740 1826 1788; x_wconf 88' lang='lat' dir='ltr'><strong>conventu</strong></span> <span class='ocrx_word' id='word_1_193' title='bbox 1859 1744 1904 1804; x_wconf 83' lang='grc' dir='ltr'><strong>Β</strong></span> <span class='ocrx_word' id='word_1_194' title='bbox 1939 1725 2078 1782; x_wconf 89' lang='lat' dir='ltr'><strong>terni</strong></span> <span class='ocrx_word' id='word_1_195' title='bbox 2113 1725 2330 1796; x_wconf 91' lang='lat' dir='ltr'><strong>imperii</strong></span> <span class='ocrx_word' id='word_1_196' title='bbox 2361 1740 2630 1779; x_wconf 89' lang='lat' dir='ltr'><strong>summam</strong></span> <span class='ocrx_word' id='word_1_197' title='bbox 2662 1730 2964 1792; x_wconf 90' lang='lat' dir='ltr'><strong>assecutus,</strong></span> <span class='ocrx_word' id='word_1_198' title='bbox 2990 1729 3202 1794; x_wconf 89' lang='lat' dir='ltr'><strong>gratum</strong></span> <span class='ocrx_word' id='word_1_199' title='bbox 3238 1735 3294 1774; x_wconf 92' lang='lat' dir='ltr'><strong>se</strong></span> <span class='ocrx_word' id='word_1_200' title='bbox 3324 1719 3539 1775; x_wconf 84' lang='lat' dir='ltr'><strong>cunctis</strong></span> 
     </span>
    </p>
   </div>
   <div class='ocr_carea' id='block_1_33' title="bbox 219 1820 1825 1896">
    <p class='ocr_par' dir='ltr' id='par_1_33' title="bbox 219 1820 1825 1896">
     <span class='ocr_line' id='line_1_33' title="bbox 219 1820 1825 1896; baseline -0.001 -16"><span class='ocrx_word' id='word_1_201' title='bbox 219 1822 486 1896; x_wconf 78' lang='lat' dir='ltr'><strong>generali,</strong></span> <span class='ocrx_word' id='word_1_202' title='bbox 530 1829 584 1878; x_wconf 92' lang='lat' dir='ltr'><strong>et</strong></span> <span class='ocrx_word' id='word_1_203' title='bbox 622 1820 692 1876; x_wconf 91' lang='lat' dir='ltr'><strong>ad</strong></span> <span class='ocrx_word' id='word_1_204' title='bbox 737 1820 1162 1877; x_wconf 84' lang='lat' dir='ltr'><strong>celebrationem</strong></span> <span class='ocrx_word' id='word_1_205' title='bbox 1203 1821 1382 1876; x_wconf 70' lang='lat' dir='ltr'><strong>missae</strong></span> <span class='ocrx_word' id='word_1_206' title='bbox 1420 1823 1683 1878; x_wconf 91' lang='lat' dir='ltr'><strong>solemnis</strong></span> <span class='ocrx_word' id='word_1_207' title='bbox 1713 1822 1825 1878; x_wconf 91' lang='lat' dir='ltr'><strong>sint</strong></span> 
     </span>
    </p>
   </div>
   <div class='ocr_carea' id='block_1_34' title="bbox 218 1910 1824 1985">
    <p class='ocr_par' dir='ltr' id='par_1_34' title="bbox 218 1910 1824 1985">
     <span class='ocr_line' id='line_1_34' title="bbox 218 1910 1824 1985; baseline -0.001 -16"><span class='ocrx_word' id='word_1_208' title='bbox 218 1912 457 1985; x_wconf 66' lang='lat' dir='ltr'><strong>praescii,</strong></span> <span class='ocrx_word' id='word_1_209' title='bbox 489 1911 619 1984; x_wconf 85' lang='lat' dir='ltr'><strong>quia</strong></span> <span class='ocrx_word' id='word_1_210' title='bbox 645 1911 704 1966; x_wconf 93' lang='lat' dir='ltr'><strong>in</strong></span> <span class='ocrx_word' id='word_1_211' title='bbox 733 1910 1089 1967; x_wconf 88' lang='lat' dir='ltr'><strong>exsecutione</strong></span> <span class='ocrx_word' id='word_1_212' title='bbox 1120 1912 1464 1968; x_wconf 88' lang='lat' dir='ltr'><strong>nocturnalis</strong></span> <span class='ocrx_word' id='word_1_213' title='bbox 1483 1912 1651 1968; x_wconf 81' lang='lat' dir='ltr'><strong>ofﬁcii</strong></span> <span class='ocrx_word' id='word_1_214' title='bbox 1684 1913 1824 1984; x_wconf 54' lang='lat' dir='ltr'><strong>psal.</strong></span> 
     </span>
    </p>
   </div>
   <div class='ocr_carea' id='block_1_35' title="bbox 217 2000 1826 2074">
    <p class='ocr_par' dir='ltr' id='par_1_35' title="bbox 217 2000 1826 2074">
     <span class='ocr_line' id='line_1_35' title="bbox 217 2000 1826 2074; baseline -0.002 -15"><span class='ocrx_word' id='word_1_215' title='bbox 217 2001 464 2059; x_wconf 90' lang='lat' dir='ltr'><strong>lentibus</strong></span> <span class='ocrx_word' id='word_1_216' title='bbox 499 2001 635 2056; x_wconf 90' lang='lat' dir='ltr'><strong>meis</strong></span> <span class='ocrx_word' id='word_1_217' title='bbox 663 2016 901 2072; x_wconf 77' lang='lat' dir='ltr'><strong>praesens</strong></span> <span class='ocrx_word' id='word_1_218' title='bbox 928 2000 1115 2057; x_wconf 87' lang='lat' dir='ltr'><strong>adesse</strong></span> <span class='ocrx_word' id='word_1_219' title='bbox 1140 2001 1389 2074; x_wconf 90' lang='lat' dir='ltr'><strong>nequivi.</strong></span> <span class='ocrx_word' id='word_1_220' title='bbox 1424 2001 1672 2073; x_wconf 89' lang='lat' dir='ltr'><strong>Namque</strong></span> <span class='ocrx_word' id='word_1_221' title='bbox 1704 2001 1826 2056; x_wconf 86' lang='lat' dir='ltr'><strong>fra-</strong></span> 
     </span>
    </p>
   </div>
   <div class='ocr_carea' id='block_1_36' title="bbox 218 2091 1824 2164">
    <p class='ocr_par' dir='ltr' id='par_1_36' title="bbox 218 2091 1824 2164">
     <span class='ocr_line' id='line_1_36' title="bbox 218 2091 1824 2164; baseline -0.002 -15"><span class='ocrx_word' id='word_1_222' title='bbox 218 2094 289 2150; x_wconf 86' lang='lat' dir='ltr'><strong>tri</strong></span> <span class='ocrx_word' id='word_1_223' title='bbox 321 2091 602 2149; x_wconf 80' lang='lat' dir='ltr'><strong>Aimerico</strong></span> <span class='ocrx_word' id='word_1_224' title='bbox 632 2091 692 2147; x_wconf 92' lang='lat' dir='ltr'><strong>in</strong></span> <span class='ocrx_word' id='word_1_225' title='bbox 723 2091 972 2164; x_wconf 89' lang='lat' dir='ltr'><strong>partibus</strong></span> <span class='ocrx_word' id='word_1_226' title='bbox 1001 2091 1303 2148; x_wconf 66' lang='lat' dir='ltr'><strong>Britanniae</strong></span> <span class='ocrx_word' id='word_1_227' title='bbox 1328 2091 1576 2157; x_wconf 87' lang='lat' dir='ltr'><strong>abeunti,</strong></span> <span class='ocrx_word' id='word_1_228' title='bbox 1605 2092 1824 2147; x_wconf 90' lang='lat' dir='ltr'><strong>veniam</strong></span> 
     </span>
    </p>
   </div>
   <div class='ocr_carea' id='block_1_37' title="bbox 217 2181 1824 2254">
    <p class='ocr_par' dir='ltr' id='par_1_37' title="bbox 217 2181 1824 2254">
     <span class='ocr_line' id='line_1_37' title="bbox 217 2181 1824 2254; baseline 0 -16"><span class='ocrx_word' id='word_1_229' title='bbox 217 2182 542 2239; x_wconf 88' lang='lat' dir='ltr'><strong>delictorum</strong></span> <span class='ocrx_word' id='word_1_230' title='bbox 569 2197 602 2236; x_wconf 88' lang='lat' dir='ltr'><strong>a</strong></span> <span class='ocrx_word' id='word_1_231' title='bbox 621 2181 861 2238; x_wconf 89' lang='lat' dir='ltr'><strong>Domino</strong></span> <span class='ocrx_word' id='word_1_232' title='bbox 891 2181 1130 2249; x_wconf 90' lang='lat' dir='ltr'><strong>obtinui,</strong></span> <span class='ocrx_word' id='word_1_233' title='bbox 1157 2189 1321 2254; x_wconf 88' lang='lat' dir='ltr'><strong>atque</strong></span> <span class='ocrx_word' id='word_1_234' title='bbox 1347 2181 1414 2238; x_wconf 92' lang='lat' dir='ltr'><strong>de</strong></span> <span class='ocrx_word' id='word_1_235' title='bbox 1443 2182 1696 2240; x_wconf 88' lang='lat' dir='ltr'><strong>faucibus</strong></span> <span class='ocrx_word' id='word_1_236' title='bbox 1723 2183 1824 2238; x_wconf 82' lang='lat' dir='ltr'><strong>ini-</strong></span> 
     </span>
    </p>
   </div>
   <div class='ocr_carea' id='block_1_38' title="bbox 217 2269 1823 2343">
    <p class='ocr_par' dir='ltr' id='par_1_38' title="bbox 217 2269 1823 2343">
     <span class='ocr_line' id='line_1_38' title="bbox 217 2269 1823 2343; baseline 0 -16"><span class='ocrx_word' id='word_1_237' title='bbox 217 2271 351 2328; x_wconf 89' lang='lat' dir='ltr'><strong>mici</strong></span> <span class='ocrx_word' id='word_1_238' title='bbox 377 2271 636 2343; x_wconf 86' lang='lat' dir='ltr'><strong>eripiens,</strong></span> <span class='ocrx_word' id='word_1_239' title='bbox 669 2271 924 2342; x_wconf 89' lang='lat' dir='ltr'><strong>perennis</strong></span> <span class='ocrx_word' id='word_1_240' title='bbox 957 2272 1086 2327; x_wconf 66' lang='lat' dir='ltr'><strong>vitae</strong></span> <span class='ocrx_word' id='word_1_241' title='bbox 1117 2269 1342 2326; x_wconf 90' lang='lat' dir='ltr'><strong>sedibus</strong></span> <span class='ocrx_word' id='word_1_242' title='bbox 1372 2270 1609 2327; x_wconf 83' lang='lat' dir='ltr'><strong>feliciter</strong></span> <span class='ocrx_word' id='word_1_243' title='bbox 1637 2270 1823 2327; x_wconf 91' lang='lat' dir='ltr'><strong>subli-</strong></span> 
     </span>
    </p>
   </div>
   <div class='ocr_carea' id='block_1_39' title="bbox 215 2360 1820 2434">
    <p class='ocr_par' dir='ltr' id='par_1_39' title="bbox 215 2360 1820 2434">
     <span class='ocr_line' id='line_1_39' title="bbox 215 2360 1820 2434; baseline 0.001 -18"><span class='ocrx_word' id='word_1_244' title='bbox 215 2361 387 2417; x_wconf 87' lang='lat' dir='ltr'><strong>mavi.</strong></span> <span class='ocrx_word' id='word_1_245' title='bbox 411 2360 754 2433; x_wconf 87' lang='lat' dir='ltr'><strong>Cognoscant</strong></span> <span class='ocrx_word' id='word_1_246' title='bbox 784 2361 956 2432; x_wconf 90' lang='lat' dir='ltr'><strong>igitur</strong></span> <span class='ocrx_word' id='word_1_247' title='bbox 985 2368 1038 2417; x_wconf 91' lang='lat' dir='ltr'><strong>te</strong></span> <span class='ocrx_word' id='word_1_248' title='bbox 1066 2360 1292 2428; x_wconf 90' lang='lat' dir='ltr'><strong>fatente,</strong></span> <span class='ocrx_word' id='word_1_249' title='bbox 1325 2367 1610 2434; x_wconf 87' lang='lat' dir='ltr'><strong>postquam</strong></span> <span class='ocrx_word' id='word_1_250' title='bbox 1642 2360 1820 2431; x_wconf 88' lang='lat' dir='ltr'><strong>dispo-</strong></span> 
     </span>
    </p>
   </div>
   <div class='ocr_carea' id='block_1_40' title="bbox 213 2452 1822 2526">
    <p class='ocr_par' dir='ltr' id='par_1_40' title="bbox 213 2452 1822 2526">
     <span class='ocr_line' id='line_1_40' title="bbox 213 2452 1822 2526; baseline 0.001 -18"><span class='ocrx_word' id='word_1_251' title='bbox 213 2461 384 2510; x_wconf 89' lang='lat' dir='ltr'><strong>nente</strong></span> <span class='ocrx_word' id='word_1_252' title='bbox 427 2454 543 2509; x_wconf 87' lang='lat' dir='ltr'><strong>Deo</strong></span> <span class='ocrx_word' id='word_1_253' title='bbox 578 2453 827 2526; x_wconf 90' lang='lat' dir='ltr'><strong>corporis</strong></span> <span class='ocrx_word' id='word_1_254' title='bbox 857 2453 965 2508; x_wconf 88' lang='lat' dir='ltr'><strong>mei</strong></span> <span class='ocrx_word' id='word_1_255' title='bbox 1006 2453 1315 2525; x_wconf 66' lang='lat' dir='ltr'><strong>prmsentia,</strong></span> <span class='ocrx_word' id='word_1_256' title='bbox 1354 2469 1385 2508; x_wconf 89' lang='lat' dir='ltr'><strong>a</strong></span> <span class='ocrx_word' id='word_1_257' title='bbox 1415 2452 1662 2524; x_wconf 90' lang='lat' dir='ltr'><strong>partibus</strong></span> <span class='ocrx_word' id='word_1_258' title='bbox 1691 2455 1822 2510; x_wconf 89' lang='lat' dir='ltr'><strong>Eois</strong></span> 
     </span>
    </p>
   </div>
   <div class='ocr_carea' id='block_1_41' title="bbox 213 2541 1820 2609">
    <p class='ocr_par' dir='ltr' id='par_1_41' title="bbox 213 2541 1820 2609">
     <span class='ocr_line' id='line_1_41' title="bbox 213 2541 1820 2609; baseline -0.002 -8"><span class='ocrx_word' id='word_1_259' title='bbox 213 2546 274 2601; x_wconf 91' lang='lat' dir='ltr'><strong>in</strong></span> <span class='ocrx_word' id='word_1_260' title='bbox 319 2543 418 2600; x_wconf 85' lang='lat' dir='ltr'><strong>has</strong></span> <span class='ocrx_word' id='word_1_261' title='bbox 454 2541 713 2600; x_wconf 86' lang='lat' dir='ltr'><strong>occiduas</strong></span> <span class='ocrx_word' id='word_1_262' title='bbox 755 2559 877 2598; x_wconf 90' lang='lat' dir='ltr'><strong>oras</strong></span> <span class='ocrx_word' id='word_1_263' title='bbox 903 2549 1218 2599; x_wconf 87' lang='lat' dir='ltr'><strong>transvecta</strong></span> <span class='ocrx_word' id='word_1_264' title='bbox 1246 2549 1349 2609; x_wconf 86' lang='lat' dir='ltr'><strong>est,</strong></span> <span class='ocrx_word' id='word_1_265' title='bbox 1383 2542 1599 2597; x_wconf 91' lang='lat' dir='ltr'><strong>nullum</strong></span> <span class='ocrx_word' id='word_1_266' title='bbox 1632 2558 1820 2598; x_wconf 89' lang='lat' dir='ltr'><strong>eorum</strong></span> 
     </span>
    </p>
   </div>
   <div class='ocr_carea' id='block_1_42' title="bbox 211 2631 1822 2704">
    <p class='ocr_par' dir='ltr' id='par_1_42' title="bbox 211 2631 1822 2704">
     <span class='ocr_line' id='line_1_42' title="bbox 211 2631 1822 2704; baseline -0.001 -15"><span class='ocrx_word' id='word_1_267' title='bbox 211 2632 420 2690; x_wconf 89' lang='lat' dir='ltr'><strong>damna</strong></span> <span class='ocrx_word' id='word_1_268' title='bbox 449 2647 666 2703; x_wconf 85' lang='lat' dir='ltr'><strong>passum</strong></span> <span class='ocrx_word' id='word_1_269' title='bbox 697 2631 815 2688; x_wconf 84' lang='lat' dir='ltr'><strong>fore</strong></span> <span class='ocrx_word' id='word_1_270' title='bbox 844 2639 1061 2688; x_wconf 65' lang='lat' dir='ltr'><strong>aeternae</strong></span> <span class='ocrx_word' id='word_1_271' title='bbox 1091 2631 1314 2704; x_wconf 85' lang='lat' dir='ltr'><strong>quietis,</strong></span> <span class='ocrx_word' id='word_1_272' title='bbox 1338 2632 1432 2688; x_wconf 91' lang='lat' dir='ltr'><strong>sed</strong></span> <span class='ocrx_word' id='word_1_273' title='bbox 1464 2648 1691 2688; x_wconf 87' lang='lat' dir='ltr'><strong>munere</strong></span> <span class='ocrx_word' id='word_1_274' title='bbox 1712 2632 1822 2688; x_wconf 90' lang='lat' dir='ltr'><strong>do-</strong></span> 
     </span>
    </p>
   </div>
   <div class='ocr_carea' id='block_1_43' title="bbox 211 2724 1821 2799">
    <p class='ocr_par' dir='ltr' id='par_1_43' title="bbox 211 2724 1821 2799">
     <span class='ocr_line' id='line_1_43' title="bbox 211 2724 1821 2799; baseline -0.004 -14"><span class='ocrx_word' id='word_1_275' title='bbox 211 2736 376 2785; x_wconf 89' lang='lat' dir='ltr'><strong>natos</strong></span> <span class='ocrx_word' id='word_1_276' title='bbox 403 2728 642 2786; x_wconf 67' lang='lat' dir='ltr'><strong>ctelestis</strong></span> <span class='ocrx_word' id='word_1_277' title='bbox 665 2726 854 2799; x_wconf 69' lang='lat' dir='ltr'><strong>patriae</strong></span> <span class='ocrx_word' id='word_1_278' title='bbox 879 2725 1214 2781; x_wconf 90' lang='lat' dir='ltr'><strong>sublimibus</strong></span> <span class='ocrx_word' id='word_1_279' title='bbox 1244 2724 1382 2782; x_wconf 90' lang='lat' dir='ltr'><strong>locis</strong></span> <span class='ocrx_word' id='word_1_280' title='bbox 1415 2724 1698 2782; x_wconf 88' lang='lat' dir='ltr'><strong>Christum</strong></span> <span class='ocrx_word' id='word_1_281' title='bbox 1729 2740 1821 2779; x_wconf 92' lang='lat' dir='ltr'><strong>eos</strong></span> 
     </span>
    </p>
   </div>
   <div class='ocr_carea' id='block_1_44' title="bbox 210 2814 1818 2876">
    <p class='ocr_par' dir='ltr' id='par_1_44' title="bbox 210 2814 1818 2876">
     <span class='ocr_line' id='line_1_44' title="bbox 210 2814 1818 2876; baseline -0.005 0"><span class='ocrx_word' id='word_1_282' title='bbox 210 2818 590 2876; x_wconf 88' lang='lat' dir='ltr'><strong>collocavisse.</strong></span> <span class='ocrx_word' id='word_1_283' title='bbox 627 2815 725 2873; x_wconf 88' lang='lat' dir='ltr'><strong>His</strong></span> <span class='ocrx_word' id='word_1_284' title='bbox 753 2815 920 2873; x_wconf 88' lang='lat' dir='ltr'><strong>dictis</strong></span> <span class='ocrx_word' id='word_1_285' title='bbox 949 2814 1092 2871; x_wconf 91' lang='lat' dir='ltr'><strong>visio</strong></span> <span class='ocrx_word' id='word_1_286' title='bbox 1119 2816 1350 2871; x_wconf 84' lang='lat' dir='ltr'><strong>astantis</strong></span> <span class='ocrx_word' id='word_1_287' title='bbox 1371 2814 1536 2870; x_wconf 90' lang='lat' dir='ltr'><strong>simul</strong></span> <span class='ocrx_word' id='word_1_288' title='bbox 1564 2822 1618 2870; x_wconf 90' lang='lat' dir='ltr'><strong>et</strong></span> <span class='ocrx_word' id='word_1_289' title='bbox 1646 2814 1818 2871; x_wconf 90' lang='lat' dir='ltr'><strong>collo-</strong></span> 
     </span>
    </p>
   </div>
   <div class='ocr_carea' id='block_1_45' title="bbox 210 2904 1821 2982">
    <p class='ocr_par' dir='ltr' id='par_1_45' title="bbox 210 2904 1821 2982">
     <span class='ocr_line' id='line_1_45' title="bbox 210 2904 1821 2982; baseline -0.005 -18"><span class='ocrx_word' id='word_1_290' title='bbox 210 2908 437 2982; x_wconf 89' lang='lat' dir='ltr'><strong>quentis</strong></span> <span class='ocrx_word' id='word_1_291' title='bbox 472 2907 656 2962; x_wconf 89' lang='lat' dir='ltr'><strong>ablata</strong></span> <span class='ocrx_word' id='word_1_292' title='bbox 683 2913 785 2962; x_wconf 90' lang='lat' dir='ltr'><strong>est.</strong></span> <span class='ocrx_word' id='word_1_293' title='bbox 816 2906 887 2962; x_wconf 91' lang='lat' dir='ltr'><strong>Ut</strong></span> <span class='ocrx_word' id='word_1_294' title='bbox 914 2920 1043 2961; x_wconf 83' lang='lat' dir='ltr'><strong>vero</strong></span> <span class='ocrx_word' id='word_1_295' title='bbox 1069 2921 1125 2961; x_wconf 92' lang='lat' dir='ltr'><strong>se</strong></span> <span class='ocrx_word' id='word_1_296' title='bbox 1154 2905 1254 2960; x_wconf 82' lang='lat' dir='ltr'><strong>lux</strong></span> <span class='ocrx_word' id='word_1_297' title='bbox 1282 2904 1392 2961; x_wconf 91' lang='lat' dir='ltr'><strong>diei</strong></span> <span class='ocrx_word' id='word_1_298' title='bbox 1414 2905 1437 2939; x_wconf 74' lang='grc' dir='ltr'>δ</span> <span class='ocrx_word' id='word_1_299' title='bbox 1473 2905 1637 2960; x_wconf 90' lang='lat' dir='ltr'><strong>terris</strong></span> <span class='ocrx_word' id='word_1_300' title='bbox 1674 2905 1821 2959; x_wconf 88' lang='lat' dir='ltr'><strong>clara</strong></span> 
     </span>
    </p>
   </div>
   <div class='ocr_carea' id='block_1_46' title="bbox 209 2991 1820 3066">
    <p class='ocr_par' dir='ltr' id='par_1_46' title="bbox 209 2991 1820 3066">
     <span class='ocr_line' id='line_1_46' title="bbox 209 2991 1820 3066; baseline -0.005 -12"><span class='ocrx_word' id='word_1_301' title='bbox 209 2996 445 3065; x_wconf 82' lang='lat' dir='ltr'><strong>infudit,</strong></span> <span class='ocrx_word' id='word_1_302' title='bbox 469 2996 734 3053; x_wconf 83' lang='lat' dir='ltr'><strong>fratribus</strong></span> <span class='ocrx_word' id='word_1_303' title='bbox 754 3011 950 3052; x_wconf 87' lang='lat' dir='ltr'><strong>somno</strong></span> <span class='ocrx_word' id='word_1_304' title='bbox 969 2994 1326 3066; x_wconf 83' lang='lat' dir='ltr'><strong>experrectis,</strong></span> <span class='ocrx_word' id='word_1_305' title='bbox 1348 2993 1491 3049; x_wconf 91' lang='lat' dir='ltr'><strong>idem</strong></span> <span class='ocrx_word' id='word_1_306' title='bbox 1513 2992 1700 3048; x_wconf 90' lang='lat' dir='ltr'><strong>sonitu</strong></span> <span class='ocrx_word' id='word_1_307' title='bbox 1722 2991 1820 3047; x_wconf 87' lang='lat' dir='ltr'><strong>fu-</strong></span> 
     </span>
    </p>
   </div>
   <div class='ocr_carea' id='block_1_47' title="bbox 205 3082 1894 3173">
    <p class='ocr_par' dir='ltr' id='par_1_47' title="bbox 205 3082 1894 3173">
     <span class='ocr_line' id='line_1_47' title="bbox 205 3082 1894 3173; baseline -0.005 -30"><span class='ocrx_word' id='word_1_308' title='bbox 205 3086 332 3143; x_wconf 87' lang='lat' dir='ltr'><strong>silis</strong></span> <span class='ocrx_word' id='word_1_309' title='bbox 353 3085 576 3152; x_wconf 76' lang='lat' dir='ltr'><strong>tabulae,</strong></span> <span class='ocrx_word' id='word_1_310' title='bbox 615 3085 747 3141; x_wconf 87' lang='lat' dir='ltr'><strong>olim</strong></span> <span class='ocrx_word' id='word_1_311' title='bbox 774 3085 1080 3140; x_wconf 63' lang='lat' dir='ltr'><strong>reseranda</strong></span> <span class='ocrx_word' id='word_1_312' title='bbox 1102 3082 1400 3140; x_wconf 91' lang='lat' dir='ltr'><strong>locutionis</strong></span> <span class='ocrx_word' id='word_1_313' title='bbox 1424 3082 1598 3152; x_wconf 86' lang='lat' dir='ltr'><strong>gratia</strong></span> <span class='ocrx_word' id='word_1_314' title='bbox 1617 3085 1639 3112; x_wconf 65' lang='grc' dir='ltr'>ε</span> <span class='ocrx_word' id='word_1_315' title='bbox 1658 3098 1821 3137; x_wconf 91' lang='lat' dir='ltr'><strong>com-</strong></span> <span class='ocrx_word' id='word_1_316' title='bbox 1853 3113 1894 3173; x_wconf 64' lang='grc' dir='ltr'>Ο</span> 
     </span>
    </p>
   </div>
   <div class='ocr_carea' id='block_1_48' title="bbox 206 3169 1818 3248">
    <p class='ocr_par' dir='ltr' id='par_1_48' title="bbox 206 3169 1818 3248">
     <span class='ocr_line' id='line_1_48' title="bbox 206 3169 1818 3248; baseline -0.003 -18"><span class='ocrx_word' id='word_1_317' title='bbox 206 3184 408 3248; x_wconf 67' lang='lat' dir='ltr'><strong>pacta,</strong></span> <span class='ocrx_word' id='word_1_318' title='bbox 455 3174 709 3230; x_wconf 90' lang='lat' dir='ltr'><strong>abbatem</strong></span> <span class='ocrx_word' id='word_1_319' title='bbox 754 3173 1147 3230; x_wconf 90' lang='lat' dir='ltr'><strong>Theotbertum</strong></span> <span class='ocrx_word' id='word_1_320' title='bbox 1179 3178 1200 3212; x_wconf 76' lang='grc' dir='ltr'>ἀ</span> <span class='ocrx_word' id='word_1_321' title='bbox 1242 3188 1367 3229; x_wconf 91' lang='lat' dir='ltr'><strong>cum</strong></span> <span class='ocrx_word' id='word_1_322' title='bbox 1407 3170 1636 3244; x_wconf 89' lang='lat' dir='ltr'><strong>reliquis</strong></span> <span class='ocrx_word' id='word_1_323' title='bbox 1669 3169 1818 3226; x_wconf 90' lang='lat' dir='ltr'><strong>asci-</strong></span> 
     </span>
    </p>
   </div>
   <div class='ocr_carea' id='block_1_49' title="bbox 203 3264 1816 3339">
    <p class='ocr_par' dir='ltr' id='par_1_49' title="bbox 203 3264 1816 3339">
     <span class='ocr_line' id='line_1_49' title="bbox 203 3264 1816 3339; baseline -0.005 -15"><span class='ocrx_word' id='word_1_324' title='bbox 203 3283 392 3335; x_wconf 86' lang='lat' dir='ltr'><strong>scens,</strong></span> <span class='ocrx_word' id='word_1_325' title='bbox 429 3266 781 3323; x_wconf 87' lang='lat' dir='ltr'><strong>salutationis</strong></span> <span class='ocrx_word' id='word_1_326' title='bbox 825 3265 991 3322; x_wconf 80' lang='lat' dir='ltr'><strong>verba</strong></span> <span class='ocrx_word' id='word_1_327' title='bbox 1034 3264 1330 3339; x_wconf 89' lang='lat' dir='ltr'><strong>depromit,</strong></span> <span class='ocrx_word' id='word_1_328' title='bbox 1375 3271 1430 3320; x_wconf 90' lang='lat' dir='ltr'><strong>et</strong></span> <span class='ocrx_word' id='word_1_329' title='bbox 1467 3271 1667 3319; x_wconf 90' lang='lat' dir='ltr'><strong>cuncta</strong></span> <span class='ocrx_word' id='word_1_330' title='bbox 1696 3279 1816 3335; x_wconf 83' lang='lat' dir='ltr'><strong>quae</strong></span> 
     </span>
    </p>
   </div>
   <div class='ocr_carea' id='block_1_50' title="bbox 203 3352 1817 3428">
    <p class='ocr_par' dir='ltr' id='par_1_50' title="bbox 203 3352 1817 3428">
     <span class='ocr_line' id='line_1_50' title="bbox 203 3352 1817 3428; baseline -0.004 -15"><span class='ocrx_word' id='word_1_331' title='bbox 203 3356 546 3414; x_wconf 90' lang='lat' dir='ltr'><strong>Benedictus</strong></span> <span class='ocrx_word' id='word_1_332' title='bbox 590 3357 751 3412; x_wconf 89' lang='lat' dir='ltr'><strong>Pater</strong></span> <span class='ocrx_word' id='word_1_333' title='bbox 799 3355 1032 3412; x_wconf 90' lang='lat' dir='ltr'><strong>dicenda</strong></span> <span class='ocrx_word' id='word_1_334' title='bbox 1069 3361 1421 3428; x_wconf 79' lang='lat' dir='ltr'><strong>praeceperat,</strong></span> <span class='ocrx_word' id='word_1_335' title='bbox 1461 3352 1540 3409; x_wconf 90' lang='lat' dir='ltr'><strong>eis</strong></span> <span class='ocrx_word' id='word_1_336' title='bbox 1575 3368 1672 3424; x_wconf 90' lang='lat' dir='ltr'><strong>per</strong></span> <span class='ocrx_word' id='word_1_337' title='bbox 1718 3369 1817 3407; x_wconf 92' lang='lat' dir='ltr'><strong>or—</strong></span> 
     </span>
    </p>
   </div>
   <div class='ocr_carea' id='block_1_51' title="bbox 201 3439 1817 3517">
    <p class='ocr_par' dir='ltr' id='par_1_51' title="bbox 201 3439 1817 3517">
     <span class='ocr_line' id='line_1_51' title="bbox 201 3439 1817 3517; baseline -0.004 -14"><span class='ocrx_word' id='word_1_338' title='bbox 201 3447 400 3503; x_wconf 90' lang='lat' dir='ltr'><strong>dinem</strong></span> <span class='ocrx_word' id='word_1_339' title='bbox 456 3446 666 3503; x_wconf 90' lang='lat' dir='ltr'><strong>retulit.</strong></span> <span class='ocrx_word' id='word_1_340' title='bbox 737 3445 842 3512; x_wconf 87' lang='lat' dir='ltr'><strong>Qui</strong></span> <span class='ocrx_word' id='word_1_341' title='bbox 900 3439 1050 3501; x_wconf 68' lang='lat' dir='ltr'><strong>om&#39;ni</strong></span> <span class='ocrx_word' id='word_1_342' title='bbox 1105 3461 1333 3517; x_wconf 90' lang='lat' dir='ltr'><strong>corpore</strong></span> <span class='ocrx_word' id='word_1_343' title='bbox 1388 3451 1547 3499; x_wconf 86' lang='lat' dir='ltr'><strong>terrae</strong></span> <span class='ocrx_word' id='word_1_344' title='bbox 1603 3441 1817 3496; x_wconf 76' lang='lat' dir='ltr'><strong>deflexa</strong></span> 
     </span>
    </p>
   </div>
   <div class='ocr_carea' id='block_1_52' title="bbox 200 3532 1818 3604">
    <p class='ocr_par' dir='ltr' id='par_1_52' title="bbox 200 3532 1818 3604">
     <span class='ocr_line' id='line_1_52' title="bbox 200 3532 1818 3604; baseline -0.003 -13"><span class='ocrx_word' id='word_1_345' title='bbox 200 3535 524 3604; x_wconf 89' lang='lat' dir='ltr'><strong>adorantes,</strong></span> <span class='ocrx_word' id='word_1_346' title='bbox 605 3533 936 3591; x_wconf 65' lang='lat' dir='ltr'><strong>laetabundis</strong></span> <span class='ocrx_word' id='word_1_347' title='bbox 991 3535 1194 3590; x_wconf 91' lang='lat' dir='ltr'><strong>animis</strong></span> <span class='ocrx_word' id='word_1_348' title='bbox 1253 3532 1441 3588; x_wconf 91' lang='lat' dir='ltr'><strong>laudes</strong></span> <span class='ocrx_word' id='word_1_349' title='bbox 1501 3532 1818 3587; x_wconf 88' lang='lat' dir='ltr'><strong>innumeras</strong></span> 
     </span>
    </p>
   </div>
   <div class='ocr_carea' id='block_1_53' title="bbox 201 3619 1817 3699">
    <p class='ocr_par' dir='ltr' id='par_1_53' title="bbox 201 3619 1817 3699">
     <span class='ocr_line' id='line_1_53' title="bbox 201 3619 1817 3699; baseline -0.005 -16"><span class='ocrx_word' id='word_1_350' title='bbox 201 3627 324 3683; x_wconf 86' lang='lat' dir='ltr'><strong>Deo</strong></span> <span class='ocrx_word' id='word_1_351' title='bbox 384 3633 438 3682; x_wconf 89' lang='lat' dir='ltr'><strong>et</strong></span> <span class='ocrx_word' id='word_1_352' title='bbox 495 3626 764 3699; x_wconf 89' lang='lat' dir='ltr'><strong>provisori</strong></span> <span class='ocrx_word' id='word_1_353' title='bbox 821 3641 921 3680; x_wconf 90' lang='lat' dir='ltr'><strong>suo</strong></span> <span class='ocrx_word' id='word_1_354' title='bbox 969 3624 1279 3680; x_wconf 86' lang='lat' dir='ltr'><strong>retulerunt</strong></span> <span class='ocrx_word' id='word_1_355' title='bbox 1332 3620 1581 3677; x_wconf 90' lang='lat' dir='ltr'><strong>unanimi</strong></span> <span class='ocrx_word' id='word_1_356' title='bbox 1638 3619 1817 3676; x_wconf 91' lang='lat' dir='ltr'><strong>devo-</strong></span> 
     </span>
    </p>
   </div>
   <div class='ocr_carea' id='block_1_54' title="bbox 197 3710 1818 3786">
    <p class='ocr_par' dir='ltr' id='par_1_54' title="bbox 197 3710 1818 3786">
     <span class='ocr_line' id='line_1_54' title="bbox 197 3710 1818 3786; baseline -0.003 -15"><span class='ocrx_word' id='word_1_357' title='bbox 197 3715 402 3772; x_wconf 88' lang='lat' dir='ltr'><strong>tione:</strong></span> <span class='ocrx_word' id='word_1_358' title='bbox 455 3722 511 3771; x_wconf 92' lang='lat' dir='ltr'><strong>et</strong></span> <span class='ocrx_word' id='word_1_359' title='bbox 557 3730 627 3770; x_wconf 93' lang='lat' dir='ltr'><strong>ne</strong></span> <span class='ocrx_word' id='word_1_360' title='bbox 671 3711 804 3786; x_wconf 89' lang='lat' dir='ltr'><strong>quid</strong></span> <span class='ocrx_word' id='word_1_361' title='bbox 854 3713 1222 3786; x_wconf 91' lang='lat' dir='ltr'><strong>incongruum</strong></span> <span class='ocrx_word' id='word_1_362' title='bbox 1265 3710 1612 3767; x_wconf 84' lang='lat' dir='ltr'><strong>advenientis</strong></span> <span class='ocrx_word' id='word_1_363' title='bbox 1653 3727 1818 3782; x_wconf 90' lang='lat' dir='ltr'><strong>aspe-</strong></span> 
     </span>
    </p>
   </div>
   <div class='ocr_carea' id='block_1_55' title="bbox 197 3798 1816 3875">
    <p class='ocr_par' dir='ltr' id='par_1_55' title="bbox 197 3798 1816 3875">
     <span class='ocr_line' id='line_1_55' title="bbox 197 3798 1816 3875; baseline -0.005 -15"><span class='ocrx_word' id='word_1_364' title='bbox 197 3811 336 3861; x_wconf 86' lang='lat' dir='ltr'><strong>ctus</strong></span> <span class='ocrx_word' id='word_1_365' title='bbox 363 3801 698 3872; x_wconf 89' lang='lat' dir='ltr'><strong>ostenderet,</strong></span> <span class='ocrx_word' id='word_1_366' title='bbox 723 3803 954 3875; x_wconf 90' lang='lat' dir='ltr'><strong>quisque</strong></span> <span class='ocrx_word' id='word_1_367' title='bbox 975 3819 1032 3858; x_wconf 92' lang='lat' dir='ltr'><strong>se</strong></span> <span class='ocrx_word' id='word_1_368' title='bbox 1059 3801 1273 3858; x_wconf 88' lang='lat' dir='ltr'><strong>studuit</strong></span> <span class='ocrx_word' id='word_1_369' title='bbox 1298 3813 1608 3873; x_wconf 89' lang='lat' dir='ltr'><strong>procurare.</strong></span> <span class='ocrx_word' id='word_1_370' title='bbox 1638 3798 1816 3866; x_wconf 87' lang='lat' dir='ltr'><strong>Quan-</strong></span> 
     </span>
    </p>
   </div>
   <div class='ocr_carea' id='block_1_56' title="bbox 197 3888 1817 3970">
    <p class='ocr_par' dir='ltr' id='par_1_56' title="bbox 197 3888 1817 3970">
     <span class='ocr_line' id='line_1_56' title="bbox 197 3888 1817 3970; baseline -0.005 -18"><span class='ocrx_word' id='word_1_371' title='bbox 197 3911 376 3970; x_wconf 86' lang='lat' dir='ltr'><strong>quam</strong></span> <span class='ocrx_word' id='word_1_372' title='bbox 411 3893 556 3950; x_wconf 92' lang='lat' dir='ltr'><strong>enim</strong></span> <span class='ocrx_word' id='word_1_373' title='bbox 589 3894 901 3967; x_wconf 88' lang='lat' dir='ltr'><strong>specialiter</strong></span> <span class='ocrx_word' id='word_1_374' title='bbox 920 3910 1046 3951; x_wconf 91' lang='lat' dir='ltr'><strong>cum</strong></span> <span class='ocrx_word' id='word_1_375' title='bbox 1068 3893 1152 3948; x_wconf 92' lang='lat' dir='ltr'><strong>sui</strong></span> <span class='ocrx_word' id='word_1_376' title='bbox 1178 3892 1521 3963; x_wconf 64' lang='lat' dir='ltr'><strong>praesentiam</strong></span> <span class='ocrx_word' id='word_1_377' title='bbox 1555 3888 1817 3945; x_wconf 88' lang='lat' dir='ltr'><strong>fratribus</strong></span> 
     </span>
    </p>
   </div>
   <div class='ocr_carea' id='block_1_57' title="bbox 197 3978 1816 4057">
    <p class='ocr_par' dir='ltr' id='par_1_57' title="bbox 197 3978 1816 4057">
     <span class='ocr_line' id='line_1_57' title="bbox 197 3978 1816 4057; baseline -0.006 -16"><span class='ocrx_word' id='word_1_378' title='bbox 197 3981 633 4057; x_wconf 64' lang='lat' dir='ltr'><strong>praestolandam</strong></span> <span class='ocrx_word' id='word_1_379' title='bbox 666 3981 1051 4049; x_wconf 86' lang='lat' dir='ltr'><strong>innotesceret,</strong></span> <span class='ocrx_word' id='word_1_380' title='bbox 1078 3982 1135 4036; x_wconf 93' lang='lat' dir='ltr'><strong>in</strong></span> <span class='ocrx_word' id='word_1_381' title='bbox 1161 3979 1471 4037; x_wconf 89' lang='lat' dir='ltr'><strong>Dominicis</strong></span> <span class='ocrx_word' id='word_1_382' title='bbox 1497 3978 1577 4033; x_wconf 91' lang='lat' dir='ltr'><strong>eis</strong></span> <span class='ocrx_word' id='word_1_383' title='bbox 1604 3994 1816 4048; x_wconf 82' lang='lat' dir='ltr'><strong>praece-</strong></span> 
     </span>
    </p>
   </div>
   <div class='ocr_carea' id='block_1_58' title="bbox 198 4065 1812 4146">
    <p class='ocr_par' dir='ltr' id='par_1_58' title="bbox 198 4065 1812 4146">
     <span class='ocr_line' id='line_1_58' title="bbox 198 4065 1812 4146; baseline -0.006 -16"><span class='ocrx_word' id='word_1_384' title='bbox 198 4073 324 4146; x_wconf 87' lang='lat' dir='ltr'><strong>ptis</strong></span> <span class='ocrx_word' id='word_1_385' title='bbox 369 4071 793 4146; x_wconf 86' lang='lat' dir='ltr'><strong>persistentibus</strong></span> <span class='ocrx_word' id='word_1_386' title='bbox 829 4072 1023 4128; x_wconf 80' lang='lat' dir='ltr'><strong>saltem</strong></span> <span class='ocrx_word' id='word_1_387' title='bbox 1065 4087 1132 4126; x_wconf 90' lang='lat' dir='ltr'><strong>ne</strong></span> <span class='ocrx_word' id='word_1_388' title='bbox 1175 4069 1242 4125; x_wconf 91' lang='lat' dir='ltr'><strong>ad</strong></span> <span class='ocrx_word' id='word_1_389' title='bbox 1280 4067 1558 4123; x_wconf 89' lang='lat' dir='ltr'><strong>modicum</strong></span> <span class='ocrx_word' id='word_1_390' title='bbox 1592 4065 1812 4138; x_wconf 91' lang='lat' dir='ltr'><strong>quidam</strong></span> 
     </span>
    </p>
   </div>
   <div class='ocr_carea' id='block_1_59' title="bbox 199 4154 1817 4233">
    <p class='ocr_par' dir='ltr' id='par_1_59' title="bbox 199 4154 1817 4233">
     <span class='ocr_line' id='line_1_59' title="bbox 199 4154 1817 4233; baseline -0.008 -16"><span class='ocrx_word' id='word_1_391' title='bbox 199 4177 445 4233; x_wconf 84' lang='lat' dir='ltr'><strong>usquam</strong></span> <span class='ocrx_word' id='word_1_392' title='bbox 477 4160 722 4226; x_wconf 89' lang='lat' dir='ltr'><strong>abesset;</strong></span> <span class='ocrx_word' id='word_1_393' title='bbox 760 4166 939 4214; x_wconf 91' lang='lat' dir='ltr'><strong>tamen</strong></span> <span class='ocrx_word' id='word_1_394' title='bbox 967 4157 1036 4213; x_wconf 91' lang='lat' dir='ltr'><strong>ad</strong></span> <span class='ocrx_word' id='word_1_395' title='bbox 1067 4154 1451 4213; x_wconf 89' lang='lat' dir='ltr'><strong>declarandam</strong></span> <span class='ocrx_word' id='word_1_396' title='bbox 1484 4169 1595 4208; x_wconf 72' lang='lat' dir='ltr'><strong>suae</strong></span> <span class='ocrx_word' id='word_1_397' title='bbox 1630 4157 1817 4205; x_wconf 64' lang='lat' dir='ltr'><strong>virtu-</strong></span> 
     </span>
    </p>
   </div>
   <div class='ocr_carea' id='block_1_60' title="bbox 199 4239 1816 4322">
    <p class='ocr_par' dir='ltr' id='par_1_60' title="bbox 199 4239 1816 4322">
     <span class='ocr_line' id='line_1_60' title="bbox 199 4239 1816 4322; baseline -0.009 -14"><span class='ocrx_word' id='word_1_398' title='bbox 199 4250 281 4308; x_wconf 81' lang='lat' dir='ltr'><strong>tis</strong></span> <span class='ocrx_word' id='word_1_399' title='bbox 315 4249 642 4322; x_wconf 89' lang='lat' dir='ltr'><strong>potentiam,</strong></span> <span class='ocrx_word' id='word_1_400' title='bbox 677 4263 1138 4320; x_wconf 88' lang='lat' dir='ltr'><strong>communemque</strong></span> <span class='ocrx_word' id='word_1_401' title='bbox 1177 4251 1508 4302; x_wconf 90' lang='lat' dir='ltr'><strong>cunctorum</strong></span> <span class='ocrx_word' id='word_1_402' title='bbox 1547 4239 1816 4304; x_wconf 66' lang='lat' dir='ltr'><strong>laetitiam,</strong></span> 
     </span>
    </p>
   </div>
   <div class='ocr_carea' id='block_1_61' title="bbox 195 4329 1817 4410">
    <p class='ocr_par' dir='ltr' id='par_1_61' title="bbox 195 4329 1817 4410">
     <span class='ocr_line' id='line_1_61' title="bbox 195 4329 1817 4410; baseline -0.008 -14"><span class='ocrx_word' id='word_1_403' title='bbox 195 4355 329 4397; x_wconf 76' lang='lat' dir='ltr'><strong>sese</strong></span> <span class='ocrx_word' id='word_1_404' title='bbox 371 4345 696 4410; x_wconf 61' lang='lat' dir='ltr'><strong>prasentem</strong></span> <span class='ocrx_word' id='word_1_405' title='bbox 732 4336 1135 4393; x_wconf 88' lang='lat' dir='ltr'><strong>demonstravit</strong></span> <span class='ocrx_word' id='word_1_406' title='bbox 1165 4351 1262 4407; x_wconf 88' lang='lat' dir='ltr'><strong>per</strong></span> <span class='ocrx_word' id='word_1_407' title='bbox 1298 4332 1504 4389; x_wconf 63' lang='lat' dir='ltr'><strong>divinat</strong></span> <span class='ocrx_word' id='word_1_408' title='bbox 1533 4329 1817 4401; x_wconf 88' lang='lat' dir='ltr'><strong>operatio-</strong></span> 
     </span>
    </p>
   </div>
   <div class='ocr_carea' id='block_1_62' title="bbox 196 4421 1817 4500">
    <p class='ocr_par' dir='ltr' id='par_1_62' title="bbox 196 4421 1817 4500">
     <span class='ocr_line' id='line_1_62' title="bbox 196 4421 1817 4500; baseline -0.007 -12"><span class='ocrx_word' id='word_1_409' title='bbox 196 4433 299 4488; x_wconf 89' lang='lat' dir='ltr'><strong>nis</strong></span> <span class='ocrx_word' id='word_1_410' title='bbox 327 4430 651 4487; x_wconf 85' lang='lat' dir='ltr'><strong>efIicaciam.</strong></span> <span class='ocrx_word' id='word_1_411' title='bbox 682 4430 819 4486; x_wconf 91' lang='lat' dir='ltr'><strong>Nam</strong></span> <span class='ocrx_word' id='word_1_412' title='bbox 849 4427 1063 4500; x_wconf 89' lang='lat' dir='ltr'><strong>aliquid</strong></span> <span class='ocrx_word' id='word_1_413' title='bbox 1094 4426 1277 4496; x_wconf 83' lang='lat' dir='ltr'><strong>magni</strong></span> <span class='ocrx_word' id='word_1_414' title='bbox 1309 4441 1365 4479; x_wconf 90' lang='lat' dir='ltr'><strong>se</strong></span> <span class='ocrx_word' id='word_1_415' title='bbox 1393 4424 1480 4478; x_wconf 84' lang='lat' dir='ltr'><strong>vel</strong></span> <span class='ocrx_word' id='word_1_416' title='bbox 1511 4421 1700 4478; x_wconf 90' lang='lat' dir='ltr'><strong>videre</strong></span> <span class='ocrx_word' id='word_1_417' title='bbox 1728 4421 1817 4477; x_wconf 90' lang='lat' dir='ltr'><strong>vel</strong></span> 
     </span>
    </p>
   </div>
   <div class='ocr_carea' id='block_1_63' title="bbox 192 4511 1818 4591">
    <p class='ocr_par' dir='ltr' id='par_1_63' title="bbox 192 4511 1818 4591">
     <span class='ocr_line' id='line_1_63' title="bbox 192 4511 1818 4591; baseline -0.007 -14"><span class='ocrx_word' id='word_1_418' title='bbox 192 4534 543 4591; x_wconf 84' lang='lat' dir='ltr'><strong>cognoscere</strong></span> <span class='ocrx_word' id='word_1_419' title='bbox 588 4519 805 4576; x_wconf 85' lang='lat' dir='ltr'><strong>cunctis</strong></span> <span class='ocrx_word' id='word_1_420' title='bbox 843 4516 1215 4582; x_wconf 79' lang='lat' dir='ltr'><strong>credentibus,</strong></span> <span class='ocrx_word' id='word_1_421' title='bbox 1248 4511 1452 4569; x_wconf 89' lang='lat' dir='ltr'><strong>accidit</strong></span> <span class='ocrx_word' id='word_1_422' title='bbox 1484 4520 1544 4567; x_wconf 91' lang='lat' dir='ltr'><strong>ut</strong></span> <span class='ocrx_word' id='word_1_423' title='bbox 1573 4519 1693 4582; x_wconf 90' lang='lat' dir='ltr'><strong>post</strong></span> <span class='ocrx_word' id='word_1_424' title='bbox 1723 4526 1818 4565; x_wconf 91' lang='lat' dir='ltr'><strong>re-</strong></span> 
     </span>
    </p>
   </div>
   <div class='ocr_carea' id='block_1_64' title="bbox 193 4599 1818 4678">
    <p class='ocr_par' dir='ltr' id='par_1_64' title="bbox 193 4599 1818 4678">
     <span class='ocr_line' id='line_1_64' title="bbox 193 4599 1818 4678; baseline -0.009 -12"><span class='ocrx_word' id='word_1_425' title='bbox 193 4611 534 4667; x_wconf 83' lang='lat' dir='ltr'><strong>citationem</strong></span> <span class='ocrx_word' id='word_1_426' title='bbox 568 4609 742 4665; x_wconf 85' lang='lat' dir='ltr'><strong>sancti</strong></span> <span class='ocrx_word' id='word_1_427' title='bbox 774 4605 1083 4678; x_wconf 86' lang='lat' dir='ltr'><strong>Evangelii,</strong></span> <span class='ocrx_word' id='word_1_428' title='bbox 1117 4619 1307 4660; x_wconf 90' lang='lat' dir='ltr'><strong>omnes</strong></span> <span class='ocrx_word' id='word_1_429' title='bbox 1349 4601 1662 4674; x_wconf 91' lang='lat' dir='ltr'><strong>quicunque</strong></span> <span class='ocrx_word' id='word_1_430' title='bbox 1707 4599 1818 4653; x_wconf 90' lang='lat' dir='ltr'><strong>ali-</strong></span> 
     </span>
    </p>
   </div>
   <div class='ocr_carea' id='block_1_65' title="bbox 193 4687 1819 4772">
    <p class='ocr_par' dir='ltr' id='par_1_65' title="bbox 193 4687 1819 4772">
     <span class='ocr_line' id='line_1_65' title="bbox 193 4687 1819 4772; baseline -0.009 -16"><span class='ocrx_word' id='word_1_431' title='bbox 193 4717 322 4772; x_wconf 89' lang='lat' dir='ltr'><strong>quo</strong></span> <span class='ocrx_word' id='word_1_432' title='bbox 353 4699 786 4755; x_wconf 87' lang='lat' dir='ltr'><strong>molestabantur</strong></span> <span class='ocrx_word' id='word_1_433' title='bbox 817 4693 1191 4761; x_wconf 90' lang='lat' dir='ltr'><strong>incommodo,</strong></span> <span class='ocrx_word' id='word_1_434' title='bbox 1237 4707 1484 4766; x_wconf 89' lang='lat' dir='ltr'><strong>quosque</strong></span> <span class='ocrx_word' id='word_1_435' title='bbox 1518 4703 1686 4746; x_wconf 74' lang='lat' dir='ltr'><strong>sacrae</strong></span> <span class='ocrx_word' id='word_1_436' title='bbox 1715 4687 1819 4743; x_wconf 88' lang='lat' dir='ltr'><strong>ba-</strong></span> 
     </span>
    </p>
   </div>
   <div class='ocr_carea' id='block_1_66' title="bbox 192 4779 1820 4854">
    <p class='ocr_par' dir='ltr' id='par_1_66' title="bbox 192 4779 1820 4854">
     <span class='ocr_line' id='line_1_66' title="bbox 192 4779 1820 4854; baseline -0.009 -7"><span class='ocrx_word' id='word_1_437' title='bbox 192 4792 384 4848; x_wconf 70' lang='lat' dir='ltr'><strong>silicae</strong></span> <span class='ocrx_word' id='word_1_438' title='bbox 434 4789 780 4846; x_wconf 86' lang='lat' dir='ltr'><strong>retentabant</strong></span> <span class='ocrx_word' id='word_1_439' title='bbox 833 4787 1049 4849; x_wconf 77' lang='lat' dir='ltr'><strong>limina,</strong></span> <span class='ocrx_word' id='word_1_440' title='bbox 1098 4802 1224 4841; x_wconf 91' lang='lat' dir='ltr'><strong>cum</strong></span> <span class='ocrx_word' id='word_1_441' title='bbox 1283 4791 1486 4854; x_wconf 70' lang='lat' dir='ltr'><strong>optata:</strong></span> <span class='ocrx_word' id='word_1_442' title='bbox 1543 4779 1820 4851; x_wconf 86' lang='lat' dir='ltr'><strong>sospitatis</strong></span> 
     </span>
    </p>
   </div>
   <div class='ocr_carea' id='block_1_67' title="bbox 191 4869 1822 4952">
    <p class='ocr_par' dir='ltr' id='par_1_67' title="bbox 191 4869 1822 4952">
     <span class='ocr_line' id='line_1_67' title="bbox 191 4869 1822 4952; baseline -0.01 -15"><span class='ocrx_word' id='word_1_443' title='bbox 191 4897 447 4938; x_wconf 88' lang='lat' dir='ltr'><strong>munere</strong></span> <span class='ocrx_word' id='word_1_444' title='bbox 493 4880 724 4952; x_wconf 89' lang='lat' dir='ltr'><strong>quisque</strong></span> <span class='ocrx_word' id='word_1_445' title='bbox 771 4876 1056 4950; x_wconf 89' lang='lat' dir='ltr'><strong>repedaret</strong></span> <span class='ocrx_word' id='word_1_446' title='bbox 1107 4874 1173 4930; x_wconf 90' lang='lat' dir='ltr'><strong>ad</strong></span> <span class='ocrx_word' id='word_1_447' title='bbox 1229 4872 1469 4946; x_wconf 89' lang='lat' dir='ltr'><strong>propria.</strong></span> <span class='ocrx_word' id='word_1_448' title='bbox 1525 4869 1822 4940; x_wconf 85' lang='lat' dir='ltr'><strong>Sexaginta</strong></span> 
     </span>
    </p>
   </div>
   <div class='ocr_carea' id='block_1_68' title="bbox 186 4957 1821 5044">
    <p class='ocr_par' dir='ltr' id='par_1_68' title="bbox 186 4957 1821 5044">
     <span class='ocr_line' id='line_1_68' title="bbox 186 4957 1821 5044; baseline -0.009 -17"><span class='ocrx_word' id='word_1_449' title='bbox 186 4970 454 5044; x_wconf 87' lang='lat' dir='ltr'><strong>denique</strong></span> <span class='ocrx_word' id='word_1_450' title='bbox 483 4969 770 5042; x_wconf 84' lang='lat' dir='ltr'><strong>utriusque</strong></span> <span class='ocrx_word' id='word_1_451' title='bbox 799 4982 963 5024; x_wconf 84' lang='lat' dir='ltr'><strong>sexus</strong></span> <span class='ocrx_word' id='word_1_452' title='bbox 992 4971 1045 5021; x_wconf 90' lang='lat' dir='ltr'><strong>et</strong></span> <span class='ocrx_word' id='word_1_453' title='bbox 1074 4964 1250 5020; x_wconf 66' lang='lat' dir='ltr'><strong>etatis</strong></span> <span class='ocrx_word' id='word_1_454' title='bbox 1278 4963 1454 5020; x_wconf 88' lang='lat' dir='ltr'><strong>curati</strong></span> <span class='ocrx_word' id='word_1_455' title='bbox 1488 4967 1617 5018; x_wconf 91' lang='lat' dir='ltr'><strong>sunt</strong></span> <span class='ocrx_word' id='word_1_456' title='bbox 1647 4957 1821 5016; x_wconf 87' lang='lat' dir='ltr'><strong>homi-</strong></span> 
     </span>
    </p>
   </div>
   <div class='ocr_carea' id='block_1_69' title="bbox 277 5111 1825 5187">
    <p class='ocr_par' dir='ltr' id='par_1_69' title="bbox 277 5111 1825 5187">
     <span class='ocr_line' id='line_1_69' title="bbox 277 5111 1825 5187; baseline -0.01 -8"><span class='ocrx_word' id='word_1_457' title='bbox 277 5153 300 5179; x_wconf 71' lang='grc' dir='ltr'><strong>ει</strong></span> <span class='ocrx_word' id='word_1_458' title='bbox 352 5124 416 5179; x_wconf 88' lang='lat' dir='ltr'><strong>In</strong></span> <span class='ocrx_word' id='word_1_459' title='bbox 466 5121 639 5176; x_wconf 88' lang='lat' dir='ltr'><strong>variis</strong></span> <span class='ocrx_word' id='word_1_460' title='bbox 681 5120 737 5176; x_wconf 94' lang='lat' dir='ltr'><strong>S.</strong></span> <span class='ocrx_word' id='word_1_461' title='bbox 785 5117 1069 5174; x_wconf 89' lang='lat' dir='ltr'><strong>Benedicti</strong></span> <span class='ocrx_word' id='word_1_462' title='bbox 1119 5111 1560 5187; x_wconf 90' lang='lat' dir='ltr'><strong>apparitionibus</strong></span> <span class='ocrx_word' id='word_1_463' title='bbox 1602 5120 1742 5187; x_wconf 92' lang='lat' dir='ltr'><strong>tum_</strong></span> <span class='ocrx_word' id='word_1_464' title='bbox 1768 5111 1825 5165; x_wconf 90' lang='lat' dir='ltr'><strong>in</strong></span> 
     </span>
    </p>
   </div>
   <div class='ocr_carea' id='block_1_70' title="bbox 1935 1808 3538 1884">
    <p class='ocr_par' dir='ltr' id='par_1_70' title="bbox 1935 1808 3538 1884">
     <span class='ocr_line' id='line_1_70' title="bbox 1935 1808 3538 1884; baseline -0.004 -14"><span class='ocrx_word' id='word_1_465' title='bbox 1935 1822 1988 1870; x_wconf 91' lang='lat' dir='ltr'><strong>et</strong></span> <span class='ocrx_word' id='word_1_466' title='bbox 2009 1812 2364 1870; x_wconf 86' lang='lat' dir='ltr'><strong>favorabilem</strong></span> <span class='ocrx_word' id='word_1_467' title='bbox 2390 1811 2657 1884; x_wconf 74' lang='lat' dir='ltr'><strong>praebens,</strong></span> <span class='ocrx_word' id='word_1_468' title='bbox 2677 1813 2978 1866; x_wconf 90' lang='lat' dir='ltr'><strong>nonnullos</strong></span> <span class='ocrx_word' id='word_1_469' title='bbox 2992 1811 3324 1866; x_wconf 82' lang='lat' dir='ltr'><strong>Francorum</strong></span> <span class='ocrx_word' id='word_1_470' title='bbox 3349 1808 3405 1864; x_wconf 91' lang='lat' dir='ltr'><strong>in</strong></span> <span class='ocrx_word' id='word_1_471' title='bbox 3427 1824 3538 1864; x_wconf 67' lang='lat' dir='ltr'><strong>suae</strong></span> 
     </span>
    </p>
   </div>
   <div class='ocr_carea' id='block_1_71' title="bbox 1936 1897 3534 1969">
    <p class='ocr_par' dir='ltr' id='par_1_71' title="bbox 1936 1897 3534 1969">
     <span class='ocr_line' id='line_1_71' title="bbox 1936 1897 3534 1969; baseline 0.001 -17"><span class='ocrx_word' id='word_1_472' title='bbox 1936 1898 2319 1954; x_wconf 89' lang='lat' dir='ltr'><strong>unanimitatis</strong></span> <span class='ocrx_word' id='word_1_473' title='bbox 2373 1899 2639 1954; x_wconf 83' lang='lat' dir='ltr'><strong>allexerat</strong></span> <span class='ocrx_word' id='word_1_474' title='bbox 2688 1898 3027 1969; x_wconf 85' lang='lat' dir='ltr'><strong>augustalem</strong></span> <span class='ocrx_word' id='word_1_475' title='bbox 3085 1897 3534 1953; x_wconf 87' lang='lat' dir='ltr'><strong>sublimitatem:</strong></span> 
     </span>
    </p>
   </div>
   <div class='ocr_carea' id='block_1_72' title="bbox 1935 1986 3536 2060">
    <p class='ocr_par' dir='ltr' id='par_1_72' title="bbox 1935 1986 3536 2060">
     <span class='ocr_line' id='line_1_72' title="bbox 1935 1986 3536 2060; baseline -0.001 -18"><span class='ocrx_word' id='word_1_476' title='bbox 1935 1987 2122 2060; x_wconf 88' lang='lat' dir='ltr'><strong>sicque</strong></span> <span class='ocrx_word' id='word_1_477' title='bbox 2152 1989 2210 2043; x_wconf 93' lang='lat' dir='ltr'><strong>in</strong></span> <span class='ocrx_word' id='word_1_478' title='bbox 2242 1988 2425 2043; x_wconf 89' lang='lat' dir='ltr'><strong>virum</strong></span> <span class='ocrx_word' id='word_1_479' title='bbox 2457 1989 2762 2060; x_wconf 87' lang='lat' dir='ltr'><strong>perfectum</strong></span> <span class='ocrx_word' id='word_1_480' title='bbox 2791 2003 2906 2042; x_wconf 90' lang='lat' dir='ltr'><strong>sese</strong></span> <span class='ocrx_word' id='word_1_481' title='bbox 2937 1986 3187 2059; x_wconf 89' lang='lat' dir='ltr'><strong>quotidie</strong></span> <span class='ocrx_word' id='word_1_482' title='bbox 3213 1986 3536 2053; x_wconf 84' lang='lat' dir='ltr'><strong>extendens,</strong></span> 
     </span>
    </p>
   </div>
   <div class='ocr_carea' id='block_1_73' title="bbox 1935 2075 3538 2150">
    <p class='ocr_par' dir='ltr' id='par_1_73' title="bbox 1935 2075 3538 2150">
     <span class='ocr_line' id='line_1_73' title="bbox 1935 2075 3538 2150; baseline -0.001 -18"><span class='ocrx_word' id='word_1_483' title='bbox 1935 2077 2013 2135; x_wconf 82' lang='lat' dir='ltr'><strong>ita</strong></span> <span class='ocrx_word' id='word_1_484' title='bbox 2067 2077 2524 2136; x_wconf 89' lang='lat' dir='ltr'><strong>Christianissimi</strong></span> <span class='ocrx_word' id='word_1_485' title='bbox 2577 2075 2905 2150; x_wconf 87' lang='lat' dir='ltr'><strong>[Christiani</strong></span> <span class='ocrx_word' id='word_1_486' title='bbox 2942 2075 3136 2146; x_wconf 88' lang='lat' dir='ltr'><strong>animi]</strong></span> <span class='ocrx_word' id='word_1_487' title='bbox 3189 2075 3246 2130; x_wconf 91' lang='lat' dir='ltr'><strong>in</strong></span> <span class='ocrx_word' id='word_1_488' title='bbox 3295 2075 3538 2132; x_wconf 90' lang='lat' dir='ltr'><strong>ditandis</strong></span> 
     </span>
    </p>
   </div>
   <div class='ocr_carea' id='block_1_74' title="bbox 1865 2163 3535 2231">
    <p class='ocr_par' dir='ltr' id='par_1_74' title="bbox 1865 2163 3535 2231">
     <span class='ocr_line' id='line_1_74' title="bbox 1865 2163 3535 2231; baseline -0.004 -7"><span class='ocrx_word' id='word_1_489' title='bbox 1865 2167 1868 2170; x_wconf 75' lang='grc'><strong>’</strong></span> <span class='ocrx_word' id='word_1_490' title='bbox 1935 2175 2251 2224; x_wconf 88' lang='lat' dir='ltr'><strong>sanctorum</strong></span> <span class='ocrx_word' id='word_1_491' title='bbox 2283 2167 2551 2226; x_wconf 77' lang='lat' dir='ltr'><strong>ccenobiis</strong></span> <span class='ocrx_word' id='word_1_492' title='bbox 2583 2174 2805 2222; x_wconf 89' lang='lat' dir='ltr'><strong>strenue</strong></span> <span class='ocrx_word' id='word_1_493' title='bbox 2836 2165 3126 2221; x_wconf 78' lang='lat' dir='ltr'><strong>exercebat</strong></span> <span class='ocrx_word' id='word_1_494' title='bbox 3162 2163 3535 2231; x_wconf 90' lang='lat' dir='ltr'><strong>devotionem,</strong></span> 
     </span>
    </p>
   </div>
   <div class='ocr_carea' id='block_1_75' title="bbox 1931 2253 3534 2330">
    <p class='ocr_par' dir='ltr' id='par_1_75' title="bbox 1931 2253 3534 2330">
     <span class='ocr_line' id='line_1_75' title="bbox 1931 2253 3534 2330; baseline -0.003 -16"><span class='ocrx_word' id='word_1_495' title='bbox 1931 2265 1995 2314; x_wconf 88' lang='lat' dir='ltr'><strong>ut</strong></span> <span class='ocrx_word' id='word_1_496' title='bbox 2023 2258 2235 2314; x_wconf 90' lang='lat' dir='ltr'><strong>nemini</strong></span> <span class='ocrx_word' id='word_1_497' title='bbox 2268 2258 2574 2330; x_wconf 90' lang='lat' dir='ltr'><strong>priscorum</strong></span> <span class='ocrx_word' id='word_1_498' title='bbox 2608 2271 2796 2327; x_wconf 89' lang='lat' dir='ltr'><strong>regum</strong></span> <span class='ocrx_word' id='word_1_499' title='bbox 2828 2255 2925 2326; x_wconf 88' lang='lat' dir='ltr'><strong>qui</strong></span> <span class='ocrx_word' id='word_1_500' title='bbox 2964 2253 3101 2326; x_wconf 86' lang='lat' dir='ltr'><strong>regii</strong></span> <span class='ocrx_word' id='word_1_501' title='bbox 3149 2254 3393 2310; x_wconf 91' lang='lat' dir='ltr'><strong>nominis</strong></span> <span class='ocrx_word' id='word_1_502' title='bbox 3430 2253 3534 2310; x_wconf 52' lang='lat' dir='ltr'><strong>cla.</strong></span> 
     </span>
    </p>
   </div>
   <div class='ocr_carea' id='block_1_76' title="bbox 1932 2341 3536 2417">
    <p class='ocr_par' dir='ltr' id='par_1_76' title="bbox 1932 2341 3536 2417">
     <span class='ocr_line' id='line_1_76' title="bbox 1932 2341 3536 2417; baseline -0.003 -15"><span class='ocrx_word' id='word_1_503' title='bbox 1932 2355 2162 2403; x_wconf 88' lang='lat' dir='ltr'><strong>ruerunt</strong></span> <span class='ocrx_word' id='word_1_504' title='bbox 2209 2345 2498 2417; x_wconf 88' lang='lat' dir='ltr'><strong>dignitate,</strong></span> <span class='ocrx_word' id='word_1_505' title='bbox 2547 2344 2728 2414; x_wconf 91' lang='lat' dir='ltr'><strong>impar</strong></span> <span class='ocrx_word' id='word_1_506' title='bbox 2764 2341 2918 2397; x_wconf 86' lang='lat' dir='ltr'><strong>visus</strong></span> <span class='ocrx_word' id='word_1_507' title='bbox 2958 2341 3029 2397; x_wconf 88' lang='lat' dir='ltr'><strong>sit</strong></span> <span class='ocrx_word' id='word_1_508' title='bbox 3071 2342 3130 2396; x_wconf 90' lang='lat' dir='ltr'><strong>in</strong></span> <span class='ocrx_word' id='word_1_509' title='bbox 3165 2341 3319 2397; x_wconf 90' lang='lat' dir='ltr'><strong>omni</strong></span> <span class='ocrx_word' id='word_1_510' title='bbox 3351 2347 3536 2397; x_wconf 88' lang='lat' dir='ltr'><strong>sancta</strong></span> 
     </span>
    </p>
   </div>
   <div class='ocr_carea' id='block_1_77' title="bbox 1932 2430 3535 2507">
    <p class='ocr_par' dir='ltr' id='par_1_77' title="bbox 1932 2430 3535 2507">
     <span class='ocr_line' id='line_1_77' title="bbox 1932 2430 3535 2507; baseline -0.005 -15"><span class='ocrx_word' id='word_1_511' title='bbox 1932 2435 2218 2507; x_wconf 88' lang='lat' dir='ltr'><strong>religione.</strong></span> <span class='ocrx_word' id='word_1_512' title='bbox 2250 2434 2386 2490; x_wconf 89' lang='lat' dir='ltr'><strong>Nam</strong></span> <span class='ocrx_word' id='word_1_513' title='bbox 2420 2434 2566 2489; x_wconf 89' lang='lat' dir='ltr'><strong>inter</strong></span> <span class='ocrx_word' id='word_1_514' title='bbox 2592 2439 2786 2489; x_wconf 68' lang='lat' dir='ltr'><strong>caetera</strong></span> <span class='ocrx_word' id='word_1_515' title='bbox 2817 2447 2938 2503; x_wconf 83' lang='lat' dir='ltr'><strong>quae</strong></span> <span class='ocrx_word' id='word_1_516' title='bbox 2969 2430 3101 2486; x_wconf 91' lang='lat' dir='ltr'><strong>huic</strong></span> <span class='ocrx_word' id='word_1_517' title='bbox 3139 2432 3258 2487; x_wconf 91' lang='lat' dir='ltr'><strong>loco</strong></span> <span class='ocrx_word' id='word_1_518' title='bbox 3298 2431 3535 2487; x_wconf 90' lang='lat' dir='ltr'><strong>contulit</strong></span> 
     </span>
    </p>
   </div>
   <div class='ocr_carea' id='block_1_78' title="bbox 1931 2515 3535 2594">
    <p class='ocr_par' dir='ltr' id='par_1_78' title="bbox 1931 2515 3535 2594">
     <span class='ocr_line' id='line_1_78' title="bbox 1931 2515 3535 2594; baseline -0.002 -14"><span class='ocrx_word' id='word_1_519' title='bbox 1931 2524 2212 2594; x_wconf 86' lang='lat' dir='ltr'><strong>muniﬁca,</strong></span> <span class='ocrx_word' id='word_1_520' title='bbox 2264 2521 2512 2580; x_wconf 78' lang='lat' dir='ltr'><strong>afﬂuenti</strong></span> <span class='ocrx_word' id='word_1_521' title='bbox 2558 2538 2656 2578; x_wconf 88' lang='lat' dir='ltr'><strong>sua</strong></span> <span class='ocrx_word' id='word_1_522' title='bbox 2702 2521 2952 2592; x_wconf 87' lang='lat' dir='ltr'><strong>largitate</strong></span> <span class='ocrx_word' id='word_1_523' title='bbox 2995 2515 3330 2578; x_wconf 82' lang='lat' dir='ltr'><strong>sacerdotale</strong></span> <span class='ocrx_word' id='word_1_524' title='bbox 3376 2518 3535 2576; x_wconf 88' lang='lat' dir='ltr'><strong>indu-</strong></span> 
     </span>
    </p>
   </div>
   <div class='ocr_carea' id='block_1_79' title="bbox 1932 2609 3530 2687">
    <p class='ocr_par' dir='ltr' id='par_1_79' title="bbox 1932 2609 3530 2687">
     <span class='ocr_line' id='line_1_79' title="bbox 1932 2609 3530 2687; baseline -0.004 -17"><span class='ocrx_word' id='word_1_525' title='bbox 1932 2623 2178 2670; x_wconf 91' lang='lat' dir='ltr'><strong>mentum</strong></span> <span class='ocrx_word' id='word_1_526' title='bbox 2208 2613 2355 2687; x_wconf 90' lang='lat' dir='ltr'><strong>quod</strong></span> <span class='ocrx_word' id='word_1_527' title='bbox 2380 2629 2451 2669; x_wconf 84' lang='lat' dir='ltr'><strong>ex</strong></span> <span class='ocrx_word' id='word_1_528' title='bbox 2478 2612 2686 2685; x_wconf 89' lang='lat' dir='ltr'><strong>capella</strong></span> <span class='ocrx_word' id='word_1_529' title='bbox 2715 2611 2900 2666; x_wconf 88' lang='lat' dir='ltr'><strong>fratris</strong></span> <span class='ocrx_word' id='word_1_530' title='bbox 2933 2610 3018 2666; x_wconf 90' lang='lat' dir='ltr'><strong>sui</strong></span> <span class='ocrx_word' id='word_1_531' title='bbox 3061 2610 3308 2665; x_wconf 89' lang='lat' dir='ltr'><strong>Lotharii</strong></span> <span class='ocrx_word' id='word_1_532' title='bbox 3348 2609 3530 2665; x_wconf 85' lang='lat' dir='ltr'><strong>abstu—</strong></span> 
     </span>
    </p>
   </div>
   <div class='ocr_carea' id='block_1_80' title="bbox 1931 2699 3531 2772">
    <p class='ocr_par' dir='ltr' id='par_1_80' title="bbox 1931 2699 3531 2772">
     <span class='ocr_line' id='line_1_80' title="bbox 1931 2699 3531 2772; baseline -0.005 -11"><span class='ocrx_word' id='word_1_533' title='bbox 1931 2707 2067 2761; x_wconf 89' lang='lat' dir='ltr'><strong>lerat</strong></span> <span class='ocrx_word' id='word_1_534' title='bbox 2097 2706 2229 2762; x_wconf 90' lang='lat' dir='ltr'><strong>dum</strong></span> <span class='ocrx_word' id='word_1_535' title='bbox 2261 2721 2331 2760; x_wconf 85' lang='lat' dir='ltr'><strong>ex</strong></span> <span class='ocrx_word' id='word_1_536' title='bbox 2359 2704 2504 2760; x_wconf 91' lang='lat' dir='ltr'><strong>bello</strong></span> <span class='ocrx_word' id='word_1_537' title='bbox 2527 2709 2894 2760; x_wconf 90' lang='lat' dir='ltr'><strong>reverteretur</strong></span> <span class='ocrx_word' id='word_1_538' title='bbox 2922 2700 3282 2758; x_wconf 87' lang='lat' dir='ltr'><strong>Fontanetico</strong></span> <span class='ocrx_word' id='word_1_539' title='bbox 3324 2699 3531 2772; x_wconf 82' lang='lat' dir='ltr'><strong>[Fonte-</strong></span> 
     </span>
    </p>
   </div>
   <div class='ocr_carea' id='block_1_81' title="bbox 1933 2789 3532 2866">
    <p class='ocr_par' dir='ltr' id='par_1_81' title="bbox 1933 2789 3532 2866">
     <span class='ocr_line' id='line_1_81' title="bbox 1933 2789 3532 2866; baseline -0.004 -15"><span class='ocrx_word' id='word_1_540' title='bbox 1933 2813 2035 2866; x_wconf 86' lang='lat' dir='ltr'><strong>nay</strong></span> <span class='ocrx_word' id='word_1_541' title='bbox 2063 2797 2120 2850; x_wconf 92' lang='lat' dir='ltr'><strong>in</strong></span> <span class='ocrx_word' id='word_1_542' title='bbox 2148 2793 2465 2865; x_wconf 89' lang='lat' dir='ltr'><strong>Burgundia</strong></span> <span class='ocrx_word' id='word_1_543' title='bbox 2485 2811 2630 2850; x_wconf 91' lang='lat' dir='ltr'><strong>anno</strong></span> <span class='ocrx_word' id='word_1_544' title='bbox 2655 2792 2785 2866; x_wconf 77' lang='grc'><strong>841]</strong></span> <span class='ocrx_word' id='word_1_545' title='bbox 2809 2811 2822 2860; x_wconf 88' lang='grc'><strong>;</strong></span> <span class='ocrx_word' id='word_1_546' title='bbox 2856 2792 3213 2849; x_wconf 88' lang='lat' dir='ltr'><strong>devotissime</strong></span> <span class='ocrx_word' id='word_1_547' title='bbox 3239 2789 3532 2862; x_wconf 63' lang='lat' dir='ltr'><strong>praebendo</strong></span> 
     </span>
    </p>
   </div>
   <div class='ocr_carea' id='block_1_82' title="bbox 1929 2879 3590 2953">
    <p class='ocr_par' dir='ltr' id='par_1_82' title="bbox 1929 2879 3590 2953">
     <span class='ocr_line' id='line_1_82' title="bbox 1929 2879 3590 2953; baseline -0.004 -12"><span class='ocrx_word' id='word_1_548' title='bbox 1929 2885 2219 2953; x_wconf 86' lang='lat' dir='ltr'><strong>concessit,</strong></span> <span class='ocrx_word' id='word_1_549' title='bbox 2254 2899 2468 2940; x_wconf 89' lang='lat' dir='ltr'><strong>necnon</strong></span> <span class='ocrx_word' id='word_1_550' title='bbox 2489 2883 2597 2938; x_wconf 92' lang='lat' dir='ltr'><strong>duo</strong></span> <span class='ocrx_word' id='word_1_551' title='bbox 2629 2898 2758 2938; x_wconf 85' lang='lat' dir='ltr'><strong>vasa</strong></span> <span class='ocrx_word' id='word_1_552' title='bbox 2785 2897 2948 2936; x_wconf 90' lang='lat' dir='ltr'><strong>aurea</strong></span> <span class='ocrx_word' id='word_1_553' title='bbox 2983 2879 3164 2952; x_wconf 90' lang='lat' dir='ltr'><strong>pondo</strong></span> <span class='ocrx_word' id='word_1_554' title='bbox 3196 2880 3528 2936; x_wconf 89' lang='lat' dir='ltr'><strong>librarum...</strong></span> <span class='ocrx_word' id='word_1_555' title='bbox 3583 2891 3590 2898; x_wconf 89' lang='lat'><strong><em>‘</em></strong></span> 
     </span>
    </p>
   </div>
   <div class='ocr_carea' id='block_1_83' title="bbox 1929 2967 3530 3047">
    <p class='ocr_par' dir='ltr' id='par_1_83' title="bbox 1929 2967 3530 3047">
     <span class='ocr_line' id='line_1_83' title="bbox 1929 2967 3530 3047; baseline -0.005 -16"><span class='ocrx_word' id='word_1_556' title='bbox 1929 2975 2251 3047; x_wconf 88' lang='lat' dir='ltr'><strong>appretiata,</strong></span> <span class='ocrx_word' id='word_1_557' title='bbox 2295 2991 2421 3030; x_wconf 90' lang='lat' dir='ltr'><strong>cum</strong></span> <span class='ocrx_word' id='word_1_558' title='bbox 2471 2972 2759 3043; x_wconf 90' lang='lat' dir='ltr'><strong>Evangelii</strong></span> <span class='ocrx_word' id='word_1_559' title='bbox 2809 2977 2966 3026; x_wconf 85' lang='lat' dir='ltr'><strong>textu</strong></span> <span class='ocrx_word' id='word_1_560' title='bbox 3009 2969 3201 3025; x_wconf 90' lang='lat' dir='ltr'><strong>subtili</strong></span> <span class='ocrx_word' id='word_1_561' title='bbox 3241 2969 3422 3042; x_wconf 90' lang='lat' dir='ltr'><strong>operis</strong></span> <span class='ocrx_word' id='word_1_562' title='bbox 3449 2967 3530 3023; x_wconf 92' lang='lat' dir='ltr'><strong>di-</strong></span> 
     </span>
    </p>
   </div>
   <div class='ocr_carea' id='block_1_84' title="bbox 1930 3058 3526 3130">
    <p class='ocr_par' dir='ltr' id='par_1_84' title="bbox 1930 3058 3526 3130">
     <span class='ocr_line' id='line_1_84' title="bbox 1930 3058 3526 3130; baseline -0.005 -11"><span class='ocrx_word' id='word_1_563' title='bbox 1930 3063 2185 3120; x_wconf 85' lang='lat' dir='ltr'><strong>versitate</strong></span> <span class='ocrx_word' id='word_1_564' title='bbox 2233 3063 2521 3130; x_wconf 80' lang='lat' dir='ltr'><strong>fabricato,</strong></span> <span class='ocrx_word' id='word_1_565' title='bbox 2561 3061 2794 3117; x_wconf 90' lang='lat' dir='ltr'><strong>solemni</strong></span> <span class='ocrx_word' id='word_1_566' title='bbox 2830 3059 3126 3115; x_wconf 87' lang='lat' dir='ltr'><strong>donatione</strong></span> <span class='ocrx_word' id='word_1_567' title='bbox 3167 3074 3260 3130; x_wconf 90' lang='lat' dir='ltr'><strong>per</strong></span> <span class='ocrx_word' id='word_1_568' title='bbox 3288 3058 3526 3129; x_wconf 87' lang='lat' dir='ltr'><strong>seipsum</strong></span> 
     </span>
    </p>
   </div>
   <div class='ocr_carea' id='block_1_85' title="bbox 1927 3146 3526 3209">
    <p class='ocr_par' dir='ltr' id='par_1_85' title="bbox 1927 3146 3526 3209">
     <span class='ocr_line' id='line_1_85' title="bbox 1927 3146 3526 3209; baseline -0.007 0"><span class='ocrx_word' id='word_1_569' title='bbox 1927 3153 1996 3209; x_wconf 92' lang='lat' dir='ltr'><strong>ob</strong></span> <span class='ocrx_word' id='word_1_570' title='bbox 2040 3153 2306 3209; x_wconf 91' lang='lat' dir='ltr'><strong>medelam</strong></span> <span class='ocrx_word' id='word_1_571' title='bbox 2353 3151 2551 3207; x_wconf 63' lang='lat' dir='ltr'><strong>animai</strong></span> <span class='ocrx_word' id='word_1_572' title='bbox 2587 3167 2698 3205; x_wconf 71' lang='lat' dir='ltr'><strong>sure</strong></span> <span class='ocrx_word' id='word_1_573' title='bbox 2739 3149 2953 3205; x_wconf 83' lang='lat' dir='ltr'><strong>studuit</strong></span> <span class='ocrx_word' id='word_1_574' title='bbox 2999 3148 3266 3205; x_wconf 90' lang='lat' dir='ltr'><strong>conferre.</strong></span> <span class='ocrx_word' id='word_1_575' title='bbox 3322 3146 3526 3202; x_wconf 86' lang='lat' dir='ltr'><strong>Verum</strong></span> 
     </span>
    </p>
   </div>
   <div class='ocr_carea' id='block_1_86' title="bbox 1930 3237 3523 3314">
    <p class='ocr_par' dir='ltr' id='par_1_86' title="bbox 1930 3237 3523 3314">
     <span class='ocr_line' id='line_1_86' title="bbox 1930 3237 3523 3314; baseline -0.005 -17"><span class='ocrx_word' id='word_1_576' title='bbox 1930 3244 2016 3314; x_wconf 88' lang='lat' dir='ltr'><strong>(ut</strong></span> <span class='ocrx_word' id='word_1_577' title='bbox 2051 3242 2335 3313; x_wconf 83' lang='lat' dir='ltr'><strong>praefatum</strong></span> <span class='ocrx_word' id='word_1_578' title='bbox 2372 3241 2476 3311; x_wconf 89' lang='lat' dir='ltr'><strong>est)</strong></span> <span class='ocrx_word' id='word_1_579' title='bbox 2519 3239 2850 3295; x_wconf 90' lang='lat' dir='ltr'><strong>obeuntibus</strong></span> <span class='ocrx_word' id='word_1_580' title='bbox 2888 3237 3150 3294; x_wconf 87' lang='lat' dir='ltr'><strong>fratribus</strong></span> <span class='ocrx_word' id='word_1_581' title='bbox 3179 3237 3407 3292; x_wconf 81' lang='lat' dir='ltr'><strong>Romam</strong></span> <span class='ocrx_word' id='word_1_582' title='bbox 3437 3251 3523 3307; x_wconf 89' lang='lat' dir='ltr'><strong>ap—</strong></span> 
     </span>
    </p>
   </div>
   <div class='ocr_carea' id='block_1_87' title="bbox 1928 3323 3526 3402">
    <p class='ocr_par' dir='ltr' id='par_1_87' title="bbox 1928 3323 3526 3402">
     <span class='ocr_line' id='line_1_87' title="bbox 1928 3323 3526 3402; baseline -0.003 -18"><span class='ocrx_word' id='word_1_583' title='bbox 1928 3337 2117 3402; x_wconf 88' lang='lat' dir='ltr'><strong>paratu</strong></span> <span class='ocrx_word' id='word_1_584' title='bbox 2165 3327 2455 3400; x_wconf 89' lang='lat' dir='ltr'><strong>magniﬁco</strong></span> <span class='ocrx_word' id='word_1_585' title='bbox 2499 3327 2871 3400; x_wconf 90' lang='lat' dir='ltr'><strong>proﬁciscens,</strong></span> <span class='ocrx_word' id='word_1_586' title='bbox 2914 3326 3100 3381; x_wconf 91' lang='lat' dir='ltr'><strong>favore</strong></span> <span class='ocrx_word' id='word_1_587' title='bbox 3143 3323 3318 3396; x_wconf 92' lang='lat' dir='ltr'><strong>plebis</strong></span> <span class='ocrx_word' id='word_1_588' title='bbox 3353 3324 3526 3380; x_wconf 81' lang='lat' dir='ltr'><strong>totius</strong></span> 
     </span>
    </p>
   </div>
   <div class='ocr_carea' id='block_1_88' title="bbox 1926 3413 3524 3493">
    <p class='ocr_par' dir='ltr' id='par_1_88' title="bbox 1926 3413 3524 3493">
     <span class='ocr_line' id='line_1_88' title="bbox 1926 3413 3524 3493; baseline -0.006 -17"><span class='ocrx_word' id='word_1_589' title='bbox 1926 3421 2223 3493; x_wconf 89' lang='lat' dir='ltr'><strong>imperator</strong></span> <span class='ocrx_word' id='word_1_590' title='bbox 2271 3430 2325 3477; x_wconf 94' lang='lat' dir='ltr'><strong>et</strong></span> <span class='ocrx_word' id='word_1_591' title='bbox 2364 3420 2643 3492; x_wconf 83' lang='lat' dir='ltr'><strong>Augustus</strong></span> <span class='ocrx_word' id='word_1_592' title='bbox 2687 3416 2918 3476; x_wconf 82' lang='lat' dir='ltr'><strong>Romani</strong></span> <span class='ocrx_word' id='word_1_593' title='bbox 2959 3414 3178 3486; x_wconf 91' lang='lat' dir='ltr'><strong>imperii</strong></span> <span class='ocrx_word' id='word_1_594' title='bbox 3221 3413 3524 3485; x_wconf 87' lang='lat' dir='ltr'><strong>appellatus</strong></span> 
     </span>
    </p>
   </div>
   <div class='ocr_carea' id='block_1_89' title="bbox 1926 3503 3520 3583">
    <p class='ocr_par' dir='ltr' id='par_1_89' title="bbox 1926 3503 3520 3583">
     <span class='ocr_line' id='line_1_89' title="bbox 1926 3503 3520 3583; baseline -0.006 -16"><span class='ocrx_word' id='word_1_595' title='bbox 1926 3520 2026 3568; x_wconf 90' lang='lat' dir='ltr'><strong>est.</strong></span> <span class='ocrx_word' id='word_1_596' title='bbox 2077 3511 2323 3583; x_wconf 89' lang='lat' dir='ltr'><strong>Cumque</strong></span> <span class='ocrx_word' id='word_1_597' title='bbox 2370 3513 2428 3566; x_wconf 93' lang='lat' dir='ltr'><strong>in</strong></span> <span class='ocrx_word' id='word_1_598' title='bbox 2478 3509 2758 3566; x_wconf 89' lang='lat' dir='ltr'><strong>redeundo</strong></span> <span class='ocrx_word' id='word_1_599' title='bbox 2806 3507 2943 3563; x_wconf 88' lang='lat' dir='ltr'><strong>ﬁnes</strong></span> <span class='ocrx_word' id='word_1_600' title='bbox 2991 3504 3163 3562; x_wconf 78' lang='lat' dir='ltr'><strong>Italiae</strong></span> <span class='ocrx_word' id='word_1_601' title='bbox 3209 3503 3520 3575; x_wconf 79' lang='lat' dir='ltr'><strong>attingeret,</strong></span> 
     </span>
    </p>
   </div>
   <div class='ocr_carea' id='block_1_90' title="bbox 1927 3591 3522 3674">
    <p class='ocr_par' dir='ltr' id='par_1_90' title="bbox 1927 3591 3522 3674">
     <span class='ocr_line' id='line_1_90' title="bbox 1927 3591 3522 3674; baseline -0.007 -18"><span class='ocrx_word' id='word_1_602' title='bbox 1927 3601 2290 3674; x_wconf 84' lang='lat' dir='ltr'><strong>quo;umdam</strong></span> <span class='ocrx_word' id='word_1_603' title='bbox 2322 3600 2581 3656; x_wconf 91' lang='lat' dir='ltr'><strong>malivola</strong></span> <span class='ocrx_word' id='word_1_604' title='bbox 2609 3596 2931 3669; x_wconf 90' lang='lat' dir='ltr'><strong>deceptione</strong></span> <span class='ocrx_word' id='word_1_605' title='bbox 2962 3595 3199 3661; x_wconf 89' lang='lat' dir='ltr'><strong>illectus,</strong></span> <span class='ocrx_word' id='word_1_606' title='bbox 3244 3591 3389 3666; x_wconf 89' lang='lat' dir='ltr'><strong>apud</strong></span> <span class='ocrx_word' id='word_1_607' title='bbox 3431 3591 3522 3646; x_wconf 86' lang='lat' dir='ltr'><strong>Pa-</strong></span> 
     </span>
    </p>
   </div>
   <div class='ocr_carea' id='block_1_91' title="bbox 1928 3679 3522 3764">
    <p class='ocr_par' dir='ltr' id='par_1_91' title="bbox 1928 3679 3522 3764">
     <span class='ocr_line' id='line_1_91' title="bbox 1928 3679 3522 3764; baseline -0.007 -18"><span class='ocrx_word' id='word_1_608' title='bbox 1928 3693 2072 3764; x_wconf 89' lang='lat' dir='ltr'><strong>piam</strong></span> <span class='ocrx_word' id='word_1_609' title='bbox 2101 3691 2408 3757; x_wconf 87' lang='lat' dir='ltr'><strong>civitatem,</strong></span> <span class='ocrx_word' id='word_1_610' title='bbox 2432 3705 2542 3745; x_wconf 92' lang='lat' dir='ltr'><strong>non</strong></span> <span class='ocrx_word' id='word_1_611' title='bbox 2566 3687 2683 3744; x_wconf 92' lang='lat' dir='ltr'><strong>sine</strong></span> <span class='ocrx_word' id='word_1_612' title='bbox 2706 3685 2947 3740; x_wconf 89' lang='lat' dir='ltr'><strong>maximo</strong></span> <span class='ocrx_word' id='word_1_613' title='bbox 2977 3699 3202 3739; x_wconf 90' lang='lat' dir='ltr'><strong>suorum</strong></span> <span class='ocrx_word' id='word_1_614' title='bbox 3226 3683 3399 3749; x_wconf 90' lang='lat' dir='ltr'><strong>luctu,</strong></span> <span class='ocrx_word' id='word_1_615' title='bbox 3419 3679 3522 3752; x_wconf 87' lang='lat' dir='ltr'><strong>pri-</strong></span> 
     </span>
    </p>
   </div>
   <div class='ocr_carea' id='block_1_92' title="bbox 1926 3768 3527 3842">
    <p class='ocr_par' dir='ltr' id='par_1_92' title="bbox 1926 3768 3527 3842">
     <span class='ocr_line' id='line_1_92' title="bbox 1926 3768 3527 3842; baseline -0.007 -7"><span class='ocrx_word' id='word_1_616' title='bbox 1926 3781 2015 3836; x_wconf 89' lang='lat' dir='ltr'><strong>die</strong></span> <span class='ocrx_word' id='word_1_617' title='bbox 2064 3780 2246 3836; x_wconf 87' lang='lat' dir='ltr'><strong>Nonas</strong></span> <span class='ocrx_word' id='word_1_618' title='bbox 2301 3778 2556 3836; x_wconf 89' lang='lat' dir='ltr'><strong>Octobris</strong></span> <span class='ocrx_word' id='word_1_619' title='bbox 2608 3776 2782 3832; x_wconf 86' lang='lat' dir='ltr'><strong>vitam</strong></span> <span class='ocrx_word' id='word_1_620' title='bbox 2832 3789 3042 3829; x_wconf 89' lang='lat' dir='ltr'><strong>veneno</strong></span> <span class='ocrx_word' id='word_1_621' title='bbox 3088 3771 3293 3828; x_wconf 87' lang='lat' dir='ltr'><strong>ﬁnivit.</strong></span> <span class='ocrx_word' id='word_1_622' title='bbox 3352 3768 3527 3842; x_wconf 85' lang='lat' dir='ltr'><strong>Hujus</strong></span> 
     </span>
    </p>
   </div>
   <div class='ocr_carea' id='block_1_93' title="bbox 1927 3867 3522 3946">
    <p class='ocr_par' dir='ltr' id='par_1_93' title="bbox 1927 3867 3522 3946">
     <span class='ocr_line' id='line_1_93' title="bbox 1927 3867 3522 3946; baseline -0.008 -17"><span class='ocrx_word' id='word_1_623' title='bbox 1927 3873 2274 3946; x_wconf 91' lang='lat' dir='ltr'><strong>postmodum</strong></span> <span class='ocrx_word' id='word_1_624' title='bbox 2316 3873 2466 3928; x_wconf 90' lang='lat' dir='ltr'><strong>ﬁlius</strong></span> <span class='ocrx_word' id='word_1_625' title='bbox 2515 3870 2781 3928; x_wconf 88' lang='lat' dir='ltr'><strong>vocabulo</strong></span> <span class='ocrx_word' id='word_1_626' title='bbox 2823 3867 3137 3924; x_wconf 90' lang='lat' dir='ltr'><strong>Ludovicus</strong></span> <span class='ocrx_word' id='word_1_627' title='bbox 3170 3881 3398 3936; x_wconf 91' lang='lat' dir='ltr'><strong>regnum</strong></span> <span class='ocrx_word' id='word_1_628' title='bbox 3437 3878 3522 3934; x_wconf 91' lang='lat' dir='ltr'><strong>pa-</strong></span> 
     </span>
    </p>
   </div>
   <div class='ocr_carea' id='block_1_94' title="bbox 1928 3951 3522 4034">
    <p class='ocr_par' dir='ltr' id='par_1_94' title="bbox 1928 3951 3522 4034">
     <span class='ocr_line' id='line_1_94' title="bbox 1928 3951 3522 4034; baseline -0.008 -16"><span class='ocrx_word' id='word_1_629' title='bbox 1928 3963 2096 4019; x_wconf 88' lang='lat' dir='ltr'><strong>trium</strong></span> <span class='ocrx_word' id='word_1_630' title='bbox 2127 3963 2452 4034; x_wconf 89' lang='lat' dir='ltr'><strong>suscipiens,</strong></span> <span class='ocrx_word' id='word_1_631' title='bbox 2485 3961 2582 4016; x_wconf 85' lang='lat' dir='ltr'><strong>vix</strong></span> <span class='ocrx_word' id='word_1_632' title='bbox 2611 3958 2827 4016; x_wconf 89' lang='lat' dir='ltr'><strong>duobus</strong></span> <span class='ocrx_word' id='word_1_633' title='bbox 2854 3957 3014 4012; x_wconf 88' lang='lat' dir='ltr'><strong>annis</strong></span> <span class='ocrx_word' id='word_1_634' title='bbox 3043 3971 3106 4011; x_wconf 93' lang='lat' dir='ltr'><strong>eo</strong></span> <span class='ocrx_word' id='word_1_635' title='bbox 3139 3955 3339 4026; x_wconf 88' lang='lat' dir='ltr'><strong>potius,</strong></span> <span class='ocrx_word' id='word_1_636' title='bbox 3379 3951 3522 4008; x_wconf 86' lang='lat' dir='ltr'><strong>labo-</strong></span> 
     </span>
    </p>
   </div>
   <div class='ocr_carea' id='block_1_95' title="bbox 1927 4041 3526 4124">
    <p class='ocr_par' dir='ltr' id='par_1_95' title="bbox 1927 4041 3526 4124">
     <span class='ocr_line' id='line_1_95' title="bbox 1927 4041 3526 4124; baseline -0.008 -17"><span class='ocrx_word' id='word_1_637' title='bbox 1927 4054 2132 4109; x_wconf 89' lang='lat' dir='ltr'><strong>riosum</strong></span> <span class='ocrx_word' id='word_1_638' title='bbox 2180 4052 2487 4124; x_wconf 87' lang='lat' dir='ltr'><strong>quibusque</strong></span> <span class='ocrx_word' id='word_1_639' title='bbox 2527 4049 2810 4105; x_wconf 89' lang='lat' dir='ltr'><strong>nobilibus</strong></span> <span class='ocrx_word' id='word_1_640' title='bbox 2852 4047 3006 4120; x_wconf 90' lang='lat' dir='ltr'><strong>regni</strong></span> <span class='ocrx_word' id='word_1_641' title='bbox 3054 4044 3138 4101; x_wconf 90' lang='lat' dir='ltr'><strong>sui</strong></span> <span class='ocrx_word' id='word_1_642' title='bbox 3185 4041 3526 4100; x_wconf 86' lang='lat' dir='ltr'><strong>consecravit</strong></span> 
     </span>
    </p>
   </div>
   <div class='ocr_carea' id='block_1_96' title="bbox 1927 4130 3525 4208">
    <p class='ocr_par' dir='ltr' id='par_1_96' title="bbox 1927 4130 3525 4208">
     <span class='ocr_line' id='line_1_96' title="bbox 1927 4130 3525 4208; baseline -0.007 -10"><span class='ocrx_word' id='word_1_643' title='bbox 1927 4142 2175 4200; x_wconf 90' lang='lat' dir='ltr'><strong>initium.</strong></span> <span class='ocrx_word' id='word_1_644' title='bbox 2207 4139 2603 4195; x_wconf 91' lang='lat' dir='ltr'><strong>Nortmannica</strong></span> <span class='ocrx_word' id='word_1_645' title='bbox 2632 4138 2674 4192; x_wconf 91' lang='lat' dir='ltr'><strong>si</strong></span> <span class='ocrx_word' id='word_1_646' title='bbox 2707 4136 2928 4208; x_wconf 88' lang='lat' dir='ltr'><strong>quidem</strong></span> <span class='ocrx_word' id='word_1_647' title='bbox 2965 4151 3113 4207; x_wconf 87' lang='lat' dir='ltr'><strong>gens,</strong></span> <span class='ocrx_word' id='word_1_648' title='bbox 3147 4149 3272 4206; x_wconf 80' lang='lat' dir='ltr'><strong>quae</strong></span> <span class='ocrx_word' id='word_1_649' title='bbox 3298 4131 3411 4204; x_wconf 84' lang='lat' dir='ltr'><strong>jam</strong></span> <span class='ocrx_word' id='word_1_650' title='bbox 3441 4130 3525 4187; x_wconf 88' lang='lat' dir='ltr'><strong>bis</strong></span> 
     </span>
    </p>
   </div>
   <div class='ocr_carea' id='block_1_97' title="bbox 1925 4221 3524 4304">
    <p class='ocr_par' dir='ltr' id='par_1_97' title="bbox 1925 4221 3524 4304">
     <span class='ocr_line' id='line_1_97' title="bbox 1925 4221 3524 4304; baseline -0.008 -16"><span class='ocrx_word' id='word_1_651' title='bbox 1925 4232 2124 4304; x_wconf 83' lang='lat' dir='ltr'><strong>vagina</strong></span> <span class='ocrx_word' id='word_1_652' title='bbox 2167 4245 2278 4284; x_wconf 76' lang='lat' dir='ltr'><strong>suae</strong></span> <span class='ocrx_word' id='word_1_653' title='bbox 2327 4225 2690 4282; x_wconf 88' lang='lat' dir='ltr'><strong>habitationis</strong></span> <span class='ocrx_word' id='word_1_654' title='bbox 2737 4231 2992 4294; x_wconf 81' lang='lat' dir='ltr'><strong>exempta</strong></span> <span class='ocrx_word' id='word_1_655' title='bbox 3037 4223 3322 4292; x_wconf 85' lang='lat' dir='ltr'><strong>piraticam</strong></span> <span class='ocrx_word' id='word_1_656' title='bbox 3365 4221 3524 4276; x_wconf 89' lang='lat' dir='ltr'><strong>toties</strong></span> 
     </span>
    </p>
   </div>
   <div class='ocr_carea' id='block_1_98' title="bbox 1925 4308 3522 4384">
    <p class='ocr_par' dir='ltr' id='par_1_98' title="bbox 1925 4308 3522 4384">
     <span class='ocr_line' id='line_1_98' title="bbox 1925 4308 3522 4384; baseline -0.009 -7"><span class='ocrx_word' id='word_1_657' title='bbox 1925 4326 2245 4378; x_wconf 82' lang='lat' dir='ltr'><strong>exercuerat</strong></span> <span class='ocrx_word' id='word_1_658' title='bbox 2269 4336 2282 4384; x_wconf 91' lang='lat'>;</span> <span class='ocrx_word' id='word_1_659' title='bbox 2310 4318 2531 4373; x_wconf 91' lang='lat' dir='ltr'><strong>demum</strong></span> <span class='ocrx_word' id='word_1_660' title='bbox 2562 4314 2629 4369; x_wconf 91' lang='lat' dir='ltr'><strong>de</strong></span> <span class='ocrx_word' id='word_1_661' title='bbox 2658 4319 2832 4368; x_wconf 92' lang='lat' dir='ltr'><strong>morte</strong></span> <span class='ocrx_word' id='word_1_662' title='bbox 2863 4311 3034 4382; x_wconf 89' lang='lat' dir='ltr'><strong>patris</strong></span> <span class='ocrx_word' id='word_1_663' title='bbox 3065 4308 3183 4380; x_wconf 91' lang='lat' dir='ltr'><strong>ejus</strong></span> <span class='ocrx_word' id='word_1_664' title='bbox 3207 4309 3352 4363; x_wconf 87' lang='lat' dir='ltr'><strong>vires</strong></span> <span class='ocrx_word' id='word_1_665' title='bbox 3380 4324 3522 4363; x_wconf 86' lang='lat' dir='ltr'><strong>resu-</strong></span> 
     </span>
    </p>
   </div>
   <div class='ocr_carea' id='block_1_99' title="bbox 1928 4396 3526 4480">
    <p class='ocr_par' dir='ltr' id='par_1_99' title="bbox 1928 4396 3526 4480">
     <span class='ocr_line' id='line_1_99' title="bbox 1928 4396 3526 4480; baseline -0.013 -10"><span class='ocrx_word' id='word_1_666' title='bbox 1928 4412 2146 4480; x_wconf 91' lang='lat' dir='ltr'><strong>mendo,</strong></span> <span class='ocrx_word' id='word_1_667' title='bbox 2199 4409 2345 4464; x_wconf 87' lang='lat' dir='ltr'><strong>intra</strong></span> <span class='ocrx_word' id='word_1_668' title='bbox 2387 4404 2654 4461; x_wconf 89' lang='lat' dir='ltr'><strong>terminos</strong></span> <span class='ocrx_word' id='word_1_669' title='bbox 2686 4401 2836 4474; x_wconf 89' lang='lat' dir='ltr'><strong>regni</strong></span> <span class='ocrx_word' id='word_1_670' title='bbox 2869 4399 3110 4457; x_wconf 61' lang='lat' dir='ltr'><strong>Francia:</strong></span> <span class='ocrx_word' id='word_1_671' title='bbox 3141 4399 3310 4452; x_wconf 86' lang='lat' dir='ltr'><strong>libere</strong></span> <span class='ocrx_word' id='word_1_672' title='bbox 3343 4396 3526 4468; x_wconf 86' lang='lat' dir='ltr'><strong>paucis</strong></span> 
     </span>
    </p>
   </div>
   <div class='ocr_carea' id='block_1_100' title="bbox 1847 4472 3522 4564">
    <p class='ocr_par' dir='ltr' id='par_1_100' title="bbox 1847 4472 3522 4564">
     <span class='ocr_line' id='line_1_100' title="bbox 1847 4472 3522 4564; baseline -0.014 -2"><span class='ocrx_word' id='word_1_673' title='bbox 1847 4472 1896 4530; x_wconf 69' lang='grc' dir='ltr'><strong><em>Β</em></strong></span> <span class='ocrx_word' id='word_1_674' title='bbox 1928 4472 2310 4561; x_wconf 81' lang='lat' dir='ltr'><strong>resistentibus</strong></span> <span class='ocrx_word' id='word_1_675' title='bbox 2337 4496 2546 4554; x_wconf 90' lang='lat' dir='ltr'><strong>cladem</strong></span> <span class='ocrx_word' id='word_1_676' title='bbox 2578 4472 2937 4564; x_wconf 82' lang='lat' dir='ltr'><strong>malignitatis</strong></span> <span class='ocrx_word' id='word_1_677' title='bbox 2966 4507 3078 4545; x_wconf 77' lang='lat' dir='ltr'><strong>suae</strong></span> <span class='ocrx_word' id='word_1_678' title='bbox 3105 4487 3374 4542; x_wconf 85' lang='lat' dir='ltr'><strong>inferebat</strong></span> <span class='ocrx_word' id='word_1_679' title='bbox 3395 4502 3522 4541; x_wconf 87' lang='lat' dir='ltr'><strong>con-</strong></span> 
     </span>
    </p>
   </div>
   <div class='ocr_carea' id='block_1_101' title="bbox 1929 4575 3526 4664">
    <p class='ocr_par' dir='ltr' id='par_1_101' title="bbox 1929 4575 3526 4664">
     <span class='ocr_line' id='line_1_101' title="bbox 1929 4575 3526 4664; baseline -0.014 -13"><span class='ocrx_word' id='word_1_680' title='bbox 1929 4597 2100 4650; x_wconf 90' lang='lat' dir='ltr'><strong>tinue.</strong></span> <span class='ocrx_word' id='word_1_681' title='bbox 2125 4594 2196 4648; x_wconf 89' lang='lat' dir='ltr'><strong>Et</strong></span> <span class='ocrx_word' id='word_1_682' title='bbox 2224 4590 2465 4664; x_wconf 90' lang='lat' dir='ltr'><strong>primum</strong></span> <span class='ocrx_word' id='word_1_683' title='bbox 2495 4594 2672 4658; x_wconf 85' lang='lat' dir='ltr'><strong>partes</strong></span> <span class='ocrx_word' id='word_1_684' title='bbox 2698 4597 2946 4656; x_wconf 86' lang='lat' dir='ltr'><strong>aggressa</strong></span> <span class='ocrx_word' id='word_1_685' title='bbox 2968 4577 3253 4645; x_wconf 67' lang='lat' dir='ltr'><strong>Neustriae,</strong></span> <span class='ocrx_word' id='word_1_686' title='bbox 3287 4575 3526 4632; x_wconf 73' lang='lat' dir='ltr'><strong>czedibus</strong></span> 
     </span>
    </p>
   </div>
   <div class='ocr_carea' id='block_1_102' title="bbox 1928 4664 3524 4754">
    <p class='ocr_par' dir='ltr' id='par_1_102' title="bbox 1928 4664 3524 4754">
     <span class='ocr_line' id='line_1_102' title="bbox 1928 4664 3524 4754; baseline -0.013 -16"><span class='ocrx_word' id='word_1_687' title='bbox 1928 4691 1982 4738; x_wconf 90' lang='lat' dir='ltr'><strong>et</strong></span> <span class='ocrx_word' id='word_1_688' title='bbox 2021 4681 2226 4754; x_wconf 91' lang='lat' dir='ltr'><strong>rapinis</strong></span> <span class='ocrx_word' id='word_1_689' title='bbox 2275 4685 2390 4735; x_wconf 89' lang='lat' dir='ltr'><strong>tota</strong></span> <span class='ocrx_word' id='word_1_690' title='bbox 2427 4674 2738 4733; x_wconf 84' lang='lat' dir='ltr'><strong>conaminis</strong></span> <span class='ocrx_word' id='word_1_691' title='bbox 2773 4671 2857 4727; x_wconf 90' lang='lat' dir='ltr'><strong>sui</strong></span> <span class='ocrx_word' id='word_1_692' title='bbox 2906 4667 3258 4742; x_wconf 89' lang='lat' dir='ltr'><strong>perversitate</strong></span> <span class='ocrx_word' id='word_1_693' title='bbox 3295 4664 3524 4732; x_wconf 85' lang='lat' dir='ltr'><strong>intenta,</strong></span> 
     </span>
    </p>
   </div>
   <div class='ocr_carea' id='block_1_103' title="bbox 1930 4756 3526 4843">
    <p class='ocr_par' dir='ltr' id='par_1_103' title="bbox 1930 4756 3526 4843">
     <span class='ocr_line' id='line_1_103' title="bbox 1930 4756 3526 4843; baseline -0.011 -18"><span class='ocrx_word' id='word_1_694' title='bbox 1930 4788 2156 4843; x_wconf 71' lang='lat' dir='ltr'><strong>quaeque</strong></span> <span class='ocrx_word' id='word_1_695' title='bbox 2203 4769 2355 4841; x_wconf 88' lang='lat' dir='ltr'><strong>prius</strong></span> <span class='ocrx_word' id='word_1_696' title='bbox 2397 4762 2784 4821; x_wconf 88' lang='lat' dir='ltr'><strong>desiderabilia</strong></span> <span class='ocrx_word' id='word_1_697' title='bbox 2827 4769 2881 4817; x_wconf 90' lang='lat' dir='ltr'><strong>et</strong></span> <span class='ocrx_word' id='word_1_698' title='bbox 2917 4759 3048 4814; x_wconf 78' lang='lat' dir='ltr'><strong>vitae</strong></span> <span class='ocrx_word' id='word_1_699' title='bbox 3088 4756 3343 4812; x_wconf 67' lang='lat' dir='ltr'><strong>humanae</strong></span> <span class='ocrx_word' id='word_1_700' title='bbox 3384 4770 3526 4810; x_wconf 85' lang='lat' dir='ltr'><strong>com-</strong></span> 
     </span>
    </p>
   </div>
   <div class='ocr_carea' id='block_1_104' title="bbox 1934 4846 3532 4926">
    <p class='ocr_par' dir='ltr' id='par_1_104' title="bbox 1934 4846 3532 4926">
     <span class='ocr_line' id='line_1_104' title="bbox 1934 4846 3532 4926; baseline -0.011 -9"><span class='ocrx_word' id='word_1_701' title='bbox 1934 4860 2093 4916; x_wconf 87' lang='lat' dir='ltr'><strong>moda</strong></span> <span class='ocrx_word' id='word_1_702' title='bbox 2121 4859 2471 4926; x_wconf 87' lang='lat' dir='ltr'><strong>videbantur,</strong></span> <span class='ocrx_word' id='word_1_703' title='bbox 2503 4855 2743 4925; x_wconf 88' lang='lat' dir='ltr'><strong>diripere</strong></span> <span class='ocrx_word' id='word_1_704' title='bbox 2773 4859 2826 4908; x_wconf 89' lang='lat' dir='ltr'><strong>et</strong></span> <span class='ocrx_word' id='word_1_705' title='bbox 2859 4851 2916 4906; x_wconf 93' lang='lat' dir='ltr'><strong>in</strong></span> <span class='ocrx_word' id='word_1_706' title='bbox 2950 4865 3078 4906; x_wconf 91' lang='lat' dir='ltr'><strong>suos</strong></span> <span class='ocrx_word' id='word_1_707' title='bbox 3118 4846 3356 4902; x_wconf 88' lang='lat' dir='ltr'><strong>nefarios</strong></span> <span class='ocrx_word' id='word_1_708' title='bbox 3402 4863 3532 4902; x_wconf 87' lang='lat' dir='ltr'><strong>usus</strong></span> 
     </span>
    </p>
   </div>
   <div class='ocr_carea' id='block_1_105' title="bbox 1933 4936 3532 5020">
    <p class='ocr_par' dir='ltr' id='par_1_105' title="bbox 1933 4936 3532 5020">
     <span class='ocr_line' id='line_1_105' title="bbox 1933 4936 3532 5020; baseline -0.011 -13"><span class='ocrx_word' id='word_1_709' title='bbox 1933 4950 2303 5008; x_wconf 89' lang='lat' dir='ltr'><strong>convertendo</strong></span> <span class='ocrx_word' id='word_1_710' title='bbox 2351 4947 2626 5020; x_wconf 86' lang='lat' dir='ltr'><strong>satagebat</strong></span> <span class='ocrx_word' id='word_1_711' title='bbox 2677 4943 2941 5015; x_wconf 90' lang='lat' dir='ltr'><strong>redigere.</strong></span> <span class='ocrx_word' id='word_1_712' title='bbox 2996 4937 3402 5010; x_wconf 86' lang='lat' dir='ltr'><strong>Peregissetque</strong></span> <span class='ocrx_word' id='word_1_713' title='bbox 3451 4936 3532 4990; x_wconf 81' lang='lat' dir='ltr'><strong>in-</strong></span> 
     </span>
    </p>
   </div>
   <div class='ocr_carea' id='block_1_106' title="bbox 1935 5085 3534 5164">
    <p class='ocr_par' dir='ltr' id='par_1_106' title="bbox 1935 5085 3534 5164">
     <span class='ocr_line' id='line_1_106' title="bbox 1935 5085 3534 5164; baseline -0.013 -5"><span class='ocrx_word' id='word_1_714' title='bbox 1935 5105 1994 5159; x_wconf 90' lang='lat' dir='ltr'><strong>in</strong></span> <span class='ocrx_word' id='word_1_715' title='bbox 2026 5103 2163 5156; x_wconf 86' lang='lat' dir='ltr'><strong>festo</strong></span> <span class='ocrx_word' id='word_1_716' title='bbox 2193 5100 2609 5164; x_wconf 86' lang='lat' dir='ltr'><strong>Translationis,</strong></span> <span class='ocrx_word' id='word_1_717' title='bbox 2639 5097 2744 5153; x_wconf 89' lang='lat' dir='ltr'><strong>hoc</strong></span> <span class='ocrx_word' id='word_1_718' title='bbox 2775 5102 2857 5151; x_wconf 90' lang='lat' dir='ltr'><strong>est</strong></span> <span class='ocrx_word' id='word_1_719' title='bbox 2886 5107 3100 5148; x_wconf 90' lang='lat' dir='ltr'><strong>summa</strong></span> <span class='ocrx_word' id='word_1_720' title='bbox 3120 5095 3304 5164; x_wconf 72' lang='lat' dir='ltr'><strong>aestate</strong></span> <span class='ocrx_word' id='word_1_721' title='bbox 3327 5085 3534 5164; x_wconf 68' lang='lat' dir='ltr'><strong>sendie</strong></span> 
     </span>
    </p>
   </div>
   <div class='ocr_carea' id='block_1_107' title="bbox 1940 5158 3538 5242">
    <p class='ocr_par' dir='ltr' id='par_1_107' title="bbox 1940 5158 3538 5242">
     <span class='ocr_line' id='line_1_107' title="bbox 1940 5158 3538 5242; baseline -0.012 -13"><span class='ocrx_word' id='word_1_722' title='bbox 1940 5158 1998 5231; x_wconf 77' lang='lat' dir='ltr'><strong>ll</strong></span> <span class='ocrx_word' id='word_1_723' title='bbox 2033 5172 2188 5235; x_wconf 88' lang='lat' dir='ltr'><strong>Julii,</strong></span> <span class='ocrx_word' id='word_1_724' title='bbox 2219 5172 2434 5226; x_wconf 91' lang='lat' dir='ltr'><strong>nullum</strong></span> <span class='ocrx_word' id='word_1_725' title='bbox 2470 5158 2914 5242; x_wconf 47' lang='lat' dir='ltr'><strong>post&#39;nocturnas</strong></span> <span class='ocrx_word' id='word_1_726' title='bbox 2959 5178 3146 5242; x_wconf 77' lang='lat' dir='ltr'><strong>preces</strong></span> <span class='ocrx_word' id='word_1_727' title='bbox 3180 5158 3538 5242; x_wconf 67' lang='lat' dir='ltr'><strong>intervallum</strong></span> 
     </span>
    </p>
   </div>
   <div class='ocr_carea' id='block_1_108' title="bbox 185 5183 1826 5258">
    <p class='ocr_par' dir='ltr' id='par_1_108' title="bbox 185 5183 1826 5258">
     <span class='ocr_line' id='line_1_108' title="bbox 185 5183 1826 5258; baseline -0.011 -4"><span class='ocrx_word' id='word_1_728' title='bbox 185 5193 498 5254; x_wconf 86' lang='lat' dir='ltr'><strong>Chronico</strong></span> <span class='ocrx_word' id='word_1_729' title='bbox 529 5191 865 5258; x_wconf 88' lang='lat' dir='ltr'><strong>Cassinensi,</strong></span> <span class='ocrx_word' id='word_1_730' title='bbox 900 5197 1018 5244; x_wconf 89' lang='lat' dir='ltr'><strong>tum</strong></span> <span class='ocrx_word' id='word_1_731' title='bbox 1050 5183 1417 5258; x_wconf 39' lang='lat' dir='ltr'><strong>alibi—relatis,</strong></span> <span class='ocrx_word' id='word_1_732' title='bbox 1451 5198 1673 5258; x_wconf 68' lang='lat' dir='ltr'><strong>semper</strong></span> <span class='ocrx_word' id='word_1_733' title='bbox 1694 5183 1826 5237; x_wconf 86' lang='lat' dir='ltr'><strong>Fra-</strong></span> 
     </span>
    </p>
   </div>
   <div class='ocr_carea' id='block_1_109' title="bbox 183 5252 1824 5344">
    <p class='ocr_par' dir='ltr' id='par_1_109' title="bbox 183 5252 1824 5344">
     <span class='ocr_line' id='line_1_109' title="bbox 183 5252 1824 5344; baseline -0.01 -22"><span class='ocrx_word' id='word_1_734' title='bbox 183 5252 313 5344; x_wconf 40' lang='lat' dir='ltr'><strong>tris</strong></span> <span class='ocrx_word' id='word_1_735' title='bbox 343 5265 772 5344; x_wconf 75' lang='lat' dir='ltr'><strong>appellationem</strong></span> <span class='ocrx_word' id='word_1_736' title='bbox 799 5252 905 5317; x_wconf 85' lang='lat' dir='ltr'><strong>sibi</strong></span> <span class='ocrx_word' id='word_1_737' title='bbox 930 5274 1220 5344; x_wconf 73' lang='lat' dir='ltr'><strong>usurpasse</strong></span> <span class='ocrx_word' id='word_1_738' title='bbox 1241 5257 1448 5344; x_wconf 55' lang='lat' dir='ltr'><strong>dicitur</strong></span> <span class='ocrx_word' id='word_1_739' title='bbox 1475 5252 1824 5344; x_wconf 72' lang='lat' dir='ltr'><strong>Benedictus.</strong></span> 
     </span>
    </p>
   </div>
   <div class='ocr_carea' id='block_1_110' title="bbox 177 5329 1827 5408">
    <p class='ocr_par' dir='ltr' id='par_1_110' title="bbox 177 5329 1827 5408">
     <span class='ocr_line' id='line_1_110' title="bbox 177 5329 1827 5408; baseline -0.013 -12"><span class='ocrx_word' id='word_1_740' title='bbox 177 5341 292 5397; x_wconf 82' lang='lat' dir='ltr'><strong>Ex</strong></span> <span class='ocrx_word' id='word_1_741' title='bbox 330 5329 448 5408; x_wconf 76' lang='lat' dir='ltr'><strong>quo</strong></span> <span class='ocrx_word' id='word_1_742' title='bbox 479 5335 776 5408; x_wconf 76' lang='lat' dir='ltr'><strong>intelligas,</strong></span> <span class='ocrx_word' id='word_1_743' title='bbox 810 5347 1016 5408; x_wconf 73' lang='lat' dir='ltr'><strong>morem</strong></span> <span class='ocrx_word' id='word_1_744' title='bbox 1052 5329 1222 5408; x_wconf 65' lang='lat' dir='ltr'><strong>fuisse</strong></span> <span class='ocrx_word' id='word_1_745' title='bbox 1252 5329 1827 5408; x_wconf 69' lang='lat' dir='ltr'><strong>i_llorutn_temporum</strong></span> 
     </span>
    </p>
   </div>
   <div class='ocr_carea' id='block_1_111' title="bbox 178 5393 1832 5476">
    <p class='ocr_par' dir='ltr' id='par_1_111' title="bbox 178 5393 1832 5476">
     <span class='ocr_line' id='line_1_111' title="bbox 178 5393 1832 5476; baseline -0.011 -11"><span class='ocrx_word' id='word_1_746' title='bbox 178 5393 259 5465; x_wconf 55' lang='lat' dir='ltr'><strong>Et</strong></span> <span class='ocrx_word' id='word_1_747' title='bbox 303 5393 439 5464; x_wconf 72' lang='lat' dir='ltr'><strong>cum</strong></span> <span class='ocrx_word' id='word_1_748' title='bbox 477 5393 779 5461; x_wconf 76' lang='lat' dir='ltr'><strong>monachus</strong></span> <span class='ocrx_word' id='word_1_749' title='bbox 823 5402 1007 5476; x_wconf 89' lang='lat' dir='ltr'><strong>quivis</strong></span> <span class='ocrx_word' id='word_1_750' title='bbox 1047 5401 1114 5476; x_wconf 78' lang='lat' dir='ltr'><strong>de</strong></span> <span class='ocrx_word' id='word_1_751' title='bbox 1162 5417 1218 5455; x_wconf 90' lang='lat' dir='ltr'><strong>se</strong></span> <span class='ocrx_word' id='word_1_752' title='bbox 1263 5401 1596 5470; x_wconf 86' lang='lat' dir='ltr'><strong>loqueretur,</strong></span> <span class='ocrx_word' id='word_1_753' title='bbox 1636 5393 1832 5449; x_wconf 74' lang='lat' dir='ltr'><strong>fratris</strong></span> 
     </span>
    </p>
   </div>
   <div class='ocr_carea' id='block_1_112' title="bbox 178 5473 1260 5546">
    <p class='ocr_par' dir='ltr' id='par_1_112' title="bbox 178 5473 1260 5546">
     <span class='ocr_line' id='line_1_112' title="bbox 178 5473 1260 5546; baseline -0.014 -6"><span class='ocrx_word' id='word_1_754' title='bbox 178 5495 428 5540; x_wconf 86' lang='lat' dir='ltr'><strong>nomen</strong></span> <span class='ocrx_word' id='word_1_755' title='bbox 461 5478 741 5533; x_wconf 65' lang='lat' dir='ltr'><strong>modestiae</strong></span> <span class='ocrx_word' id='word_1_756' title='bbox 768 5473 929 5532; x_wconf 82' lang='lat' dir='ltr'><strong>causa</strong></span> <span class='ocrx_word' id='word_1_757' title='bbox 958 5473 1260 5546; x_wconf 53' lang='lat' dir='ltr'><strong>prmferigat.</strong></span> 
     </span>
    </p>
   </div>
   <div class='ocr_carea' id='block_1_113' title="bbox 285 5537 1833 5619">
    <p class='ocr_par' dir='ltr' id='par_1_113' title="bbox 285 5537 1833 5619">
     <span class='ocr_line' id='line_1_113' title="bbox 285 5537 1833 5619; baseline -0.011 -13"><span class='ocrx_word' id='word_1_758' title='bbox 285 5554 314 5590; x_wconf 71' lang='grc' dir='ltr'><strong>ι’</strong></span> <span class='ocrx_word' id='word_1_759' title='bbox 355 5549 504 5605; x_wconf 84' lang='lat' dir='ltr'><strong>Hinc</strong></span> <span class='ocrx_word' id='word_1_760' title='bbox 533 5548 816 5619; x_wconf 88' lang='lat' dir='ltr'><strong>colligitur</strong></span> <span class='ocrx_word' id='word_1_761' title='bbox 842 5537 1148 5619; x_wconf 75' lang='lat' dir='ltr'><strong>monachos</strong></span> <span class='ocrx_word' id='word_1_762' title='bbox 1169 5539 1557 5619; x_wconf 75' lang='lat' dir='ltr'><strong>Benedictinos</strong></span> <span class='ocrx_word' id='word_1_763' title='bbox 1591 5537 1688 5592; x_wconf 90' lang='lat' dir='ltr'><strong>illo</strong></span> <span class='ocrx_word' id='word_1_764' title='bbox 1715 5551 1833 5619; x_wconf 62' lang='lat' dir='ltr'><strong>sevo</strong></span> 
     </span>
    </p>
   </div>
   <div class='ocr_carea' id='block_1_114' title="bbox 183 5607 1836 5684">
    <p class='ocr_par' dir='ltr' id='par_1_114' title="bbox 183 5607 1836 5684">
     <span class='ocr_line' id='line_1_114' title="bbox 183 5607 1836 5684; baseline -0.013 -2"><span class='ocrx_word' id='word_1_765' title='bbox 183 5621 414 5682; x_wconf 86' lang='lat' dir='ltr'><strong>media</strong></span> <span class='ocrx_word' id='word_1_766' title='bbox 444 5627 608 5676; x_wconf 90' lang='lat' dir='ltr'><strong>nocte</strong></span> <span class='ocrx_word' id='word_1_767' title='bbox 638 5607 975 5676; x_wconf 68' lang='lat' dir='ltr'><strong>matutinum</strong></span> <span class='ocrx_word' id='word_1_768' title='bbox 1007 5615 1250 5674; x_wconf 75' lang='lat' dir='ltr'><strong>officium</strong></span> <span class='ocrx_word' id='word_1_769' title='bbox 1289 5611 1614 5684; x_wconf 91' lang='lat' dir='ltr'><strong>persolvisse</strong></span> <span class='ocrx_word' id='word_1_770' title='bbox 1650 5624 1661 5664; x_wconf 91' lang='lat'><strong>:</strong></span> <span class='ocrx_word' id='word_1_771' title='bbox 1702 5607 1836 5663; x_wconf 87' lang='lat' dir='ltr'><strong>alias</strong></span> 
     </span>
    </p>
   </div>
   <div class='ocr_carea' id='block_1_115' title="bbox 1941 5230 3531 5315">
    <p class='ocr_par' dir='ltr' id='par_1_115' title="bbox 1941 5230 3531 5315">
     <span class='ocr_line' id='line_1_115' title="bbox 1941 5230 3531 5315; baseline -0.014 -12"><span class='ocrx_word' id='word_1_772' title='bbox 1941 5230 2201 5315; x_wconf 82' lang='lat' dir='ltr'><strong>temporis</strong></span> <span class='ocrx_word' id='word_1_773' title='bbox 2256 5230 2625 5297; x_wconf 48' lang='lat' dir='ltr'><strong>somno‘ante</strong></span> <span class='ocrx_word' id='word_1_774' title='bbox 2682 5241 2858 5295; x_wconf 91' lang='lat' dir='ltr'><strong>lucem</strong></span> <span class='ocrx_word' id='word_1_775' title='bbox 2916 5230 3186 5306; x_wconf 79' lang='lat' dir='ltr'><strong>captando</strong></span> <span class='ocrx_word' id='word_1_776' title='bbox 3256 5230 3531 5302; x_wconf 88' lang='lat' dir='ltr'><strong>reliquum</strong></span> 
     </span>
    </p>
   </div>
   <div class='ocr_carea' id='block_1_116' title="bbox 1939 5319 3537 5443">
    <p class='ocr_par' dir='ltr' id='par_1_116' title="bbox 1939 5319 3537 5443">
     <span class='ocr_line' id='line_1_116' title="bbox 1939 5319 3537 5443; baseline -0.008 -3"><span class='ocrx_word' id='word_1_777' title='bbox 1939 5319 2303 5443; x_wconf 46' lang='lat' dir='ltr'><strong>fmesstgl‘iserva</strong></span> <span class='ocrx_word' id='word_1_778' title='bbox 2333 5383 2496 5437; x_wconf 89' lang='lat' dir='ltr'><strong>ﬁnem</strong></span> <span class='ocrx_word' id='word_1_779' title='bbox 2528 5382 2735 5437; x_wconf 91' lang='lat' dir='ltr'><strong>silentii</strong></span> <span class='ocrx_word' id='word_1_780' title='bbox 2774 5378 3030 5436; x_wconf 91' lang='lat' dir='ltr'><strong>nocturni</strong></span> <span class='ocrx_word' id='word_1_781' title='bbox 3072 5394 3104 5432; x_wconf 89' lang='lat' dir='ltr'><strong>a</strong></span> <span class='ocrx_word' id='word_1_782' title='bbox 3139 5376 3194 5431; x_wconf 91' lang='lat' dir='ltr'><strong>S.</strong></span> <span class='ocrx_word' id='word_1_783' title='bbox 3240 5372 3537 5431; x_wconf 89' lang='lat' dir='ltr'><strong>Benedicto</strong></span> 
     </span>
    </p>
   </div>
   <div class='ocr_carea' id='block_1_117' title="bbox 1941 5447 3516 5568">
    <p class='ocr_par' dir='ltr' id='par_1_117' title="bbox 1941 5447 3516 5568">
     <span class='ocr_line' id='line_1_117' title="bbox 1941 5447 3484 5530; baseline -0.011 -15"><span class='ocrx_word' id='word_1_784' title='bbox 1941 5476 2061 5530; x_wconf 88' lang='lat' dir='ltr'><strong>cap.</strong></span> <span class='ocrx_word' id='word_1_785' title='bbox 2093 5457 2161 5512; x_wconf 70' lang='grc'>42</span> <span class='ocrx_word' id='word_1_786' title='bbox 2191 5454 2490 5528; x_wconf 66' lang='lat' dir='ltr'><strong>praescripti</strong></span> <span class='ocrx_word' id='word_1_787' title='bbox 2520 5453 2654 5507; x_wconf 92' lang='lat' dir='ltr'><strong>olim</strong></span> <span class='ocrx_word' id='word_1_788' title='bbox 2685 5453 2841 5523; x_wconf 89' lang='lat' dir='ltr'><strong>signo</strong></span> <span class='ocrx_word' id='word_1_789' title='bbox 2873 5450 3174 5506; x_wconf 85' lang='lat' dir='ltr'><strong>indicatum</strong></span> <span class='ocrx_word' id='word_1_790' title='bbox 3205 5447 3394 5501; x_wconf 88' lang='lat' dir='ltr'><strong>fuisse.</strong></span> <span class='ocrx_word' id='word_1_791' title='bbox 3474 5515 3484 5525; x_wconf 35' lang='grc' dir='ltr'><strong>ο</strong></span> 
     </span>
     <span class='ocr_line' id='line_1_118' title="bbox 2015 5517 3516 5568; baseline 0 0"><span class='ocrx_word' id='word_1_792' title='bbox 2015 5535 2038 5568; x_wconf 78' lang='grc' dir='ltr'><strong><em>α</em></strong></span> <span class='ocrx_word' id='word_1_793' title='bbox 2074 5526 2453 5568; x_wconf 67' lang='lat' dir='ltr'><strong>&#39;l‘hnndhprmg</strong></span> <span class='ocrx_word' id='word_1_794' title='bbox 2480 5523 2647 5568; x_wconf 68' lang='lat' dir='ltr'><strong>abbas</strong></span> <span class='ocrx_word' id='word_1_795' title='bbox 2679 5522 2959 5568; x_wconf 68' lang='lat' dir='ltr'><strong>nrmfnisse</strong></span> <span class='ocrx_word' id='word_1_796' title='bbox 2987 5536 3133 5568; x_wconf 75' lang='lat' dir='ltr'><strong>anno</strong></span> <span class='ocrx_word' id='word_1_797' title='bbox 3170 5519 3276 5568; x_wconf 80' lang='lat'><strong>878</strong></span> <span class='ocrx_word' id='word_1_798' title='bbox 3313 5532 3385 5568; x_wconf 80' lang='lat' dir='ltr'><strong>ex</strong></span> <span class='ocrx_word' id='word_1_799' title='bbox 3421 5517 3516 5568; x_wconf 78' lang='lat' dir='ltr'><strong>D13</strong></span> 
     </span>
    </p>
   </div>
   <div class='ocr_carea' id='block_1_118' title="bbox 2074 5517 3539 5593">
    <p class='ocr_par' dir='ltr' id='par_1_118' title="bbox 2074 5517 3539 5593">
     <span class='ocr_line' id='line_1_119' title="bbox 2074 5517 3539 5593; baseline -0.01 -10"><span class='ocrx_word' id='word_1_800' title='bbox 2074 5517 2453 5584; x_wconf 77' lang='lat' dir='ltr'><strong>Theodbertus</strong></span> <span class='ocrx_word' id='word_1_801' title='bbox 2480 5523 2647 5578; x_wconf 89' lang='lat' dir='ltr'><strong>abbas</strong></span> <span class='ocrx_word' id='word_1_802' title='bbox 2679 5517 2959 5593; x_wconf 55' lang='lat' dir='ltr'><strong>préfuisse</strong></span> <span class='ocrx_word' id='word_1_803' title='bbox 2987 5536 3133 5576; x_wconf 91' lang='lat' dir='ltr'><strong>anno</strong></span> <span class='ocrx_word' id='word_1_804' title='bbox 3170 5519 3276 5576; x_wconf 87' lang='lat'><strong>878</strong></span> <span class='ocrx_word' id='word_1_805' title='bbox 3313 5532 3385 5572; x_wconf 82' lang='lat' dir='ltr'><strong>ex</strong></span> <span class='ocrx_word' id='word_1_806' title='bbox 3421 5517 3539 5571; x_wconf 87' lang='lat' dir='ltr'><strong>Dis-</strong></span> 
     </span>
    </p>
   </div>
   <div class='ocr_carea' id='block_1_119' title="bbox 1950 5594 3070 5670">
    <p class='ocr_par' dir='ltr' id='par_1_119' title="bbox 1950 5594 3070 5670">
     <span class='ocr_line' id='line_1_120' title="bbox 1950 5594 3070 5670; baseline -0.009 -14"><span class='ocrx_word' id='word_1_807' title='bbox 1950 5601 2248 5656; x_wconf 84' lang='lat' dir='ltr'><strong>sertatione</strong></span> <span class='ocrx_word' id='word_1_808' title='bbox 2276 5595 2500 5670; x_wconf 72' lang='lat' dir='ltr'><strong>praevia,</strong></span> <span class='ocrx_word' id='word_1_809' title='bbox 2530 5610 2683 5649; x_wconf 90' lang='lat' dir='ltr'><strong>num.</strong></span> <span class='ocrx_word' id='word_1_810' title='bbox 2720 5594 2804 5659; x_wconf 80' lang='lat' dir='ltr'><strong>l3,</strong></span> <span class='ocrx_word' id='word_1_811' title='bbox 2836 5598 3070 5647; x_wconf 90' lang='lat' dir='ltr'><strong>constat.</strong></span> 
     </span>
    </p>
   </div>
  </div>
