4070 6178
577 229 679 286 947
1591 223 2008 282 ADREVALDI
2047 176 2548 280 rLomACENsts
2585 217 2910 278 MONACHI
3759 212 3856 270 eis

569 378 785 445 choata,
818 376 924 433 nisi
953 375 1108 447 Hugo
1127 397 1148 424 α
1179 375 1556 432 nobilissimus
1581 375 1747 432 abbas
1775 383 1992 433 strenue
2020 392 2160 433 rem-
2188 379 2240 439 Α
2268 373 2517 448 praedari,
2557 370 2668 428 nisi
2704 369 2804 427 Dei
2842 368 3209 425 liberarentur
3236 365 3442 421 virtute
3480 362 3742 420 mirabili.
3769 365 3859 423 De.

571 471 846 544 publicam
889 469 1219 541 gubernans,
1250 484 1375 523 cum
1407 466 1593 534 armis,
1628 474 1747 523 tum
1777 468 2024 524 consiliis
2053 468 2168 524 suis

571 568 625 616 et
654 560 861 615 virtute
894 557 1012 630 ejus
1041 557 1353 614 barbaricos
1382 565 1611 612 conatus
1643 557 2009 630 reprimendo,
2058 573 2166 612 ma-

571 651 780 705 ximam
833 665 903 704 ex
947 647 1025 703 eis
1073 663 1298 702 manum
1342 646 1680 718 peremisset.
1732 645 1888 712 Quod
1933 646 2168 717 qualiter

572 736 739 809 hujus
768 753 863 809 per
897 735 1155 790 virtutem
1187 735 1356 808 patris
1387 733 1669 790 Benedicti
1701 739 1952 805 potenter
1982 730 2168 785 effece-

573 828 666 895 rit,
700 826 886 900 paucis
917 825 1322 897 subjiciendum
1353 842 1655 882 censemus.
1697 826 1872 897 Igitur
1901 833 2167 897 pertrans-

571 917 690 972 iens
718 917 803 987 (ut
825 915 1095 986 diximus)
1129 917 1284 970 nullo
1314 915 1612 970 obsistente
1641 916 2003 987 plurimarum
2034 931 2170 986 por-

571 1015 659 1061 tus
706 1005 1018 1074 civitatum,
1070 1004 1382 1061 Aurelianis
1429 1005 1673 1072 devenit,
1727 1005 1959 1079 indeque
2006 1005 2170 1060 altius

573 1110 815 1165 gressum
871 1093 1223 1165 protendens,
1282 1093 1350 1148 ad
1407 1093 1798 1148 monasterium
1857 1093 2167 1150 Floriacum

571 1182 780 1238 cladem
830 1183 1108 1238 inﬂictura
1150 1181 1405 1238 accedere
1451 1183 1754 1238 contendit.
1810 1184 1978 1239 Porro
2027 1184 2170 1239 fama

571 1273 830 1343 vulgante
892 1272 1039 1327 istud
1091 1271 1420 1344 jampridem
1487 1273 1682 1328 fratres
1740 1279 2166 1344 compererant,

571 1369 992 1434 competensque
1043 1361 1122 1415 eis
1167 1362 1350 1417 visum
1396 1369 1476 1417 est
1523 1369 1584 1417 ut
1627 1363 1746 1417 loco
1793 1362 2066 1430 cederent,
2117 1371 2171 1417 et

573 1451 827 1520 praesidio
849 1451 1279 1522 Opportuntiatis
1310 1452 1625 1508 necessarias
1656 1468 1711 1506 se
1739 1452 2166 1508 communirent.

571 1539 807 1594 Proinde
837 1540 1181 1596 diversorum
1219 1540 1602 1596 vehiculorum
1644 1542 1904 1612 plaustris
1947 1540 2168 1613 aptatis,

572 1643 797 1700 quaeque
827 1630 1064 1700 pretiosa
1094 1629 1150 1683 in
1197 1629 1274 1684 eis
1320 1637 1730 1702 componentes,
1775 1647 1898 1686 cum
1941 1629 2170 1701 supelle-

2277 465 2442 538 nique
2469 462 2575 518 hoc
2595 467 2877 532 comperto
2905 457 3153 514 animum
3188 456 3246 512 in
3276 454 3496 511 diversa
3520 454 3855 527 protrahens,

2276 563 2337 610 ut
2349 563 2472 625 pote
2481 551 2569 609 cui
2590 551 2830 606 militum
2845 565 3047 622 parvus
3061 546 3357 603 admodum
3372 545 3858 618 impraesentiarum

2277 645 2463 701 aderat
2491 656 2771 707 numerus,
2802 637 3018 694 anxiari
3043 652 3207 708 super
3227 635 3333 691 hoc
3355 632 3687 690 multimoda
3705 636 3860 706 coepit

2278 740 2331 790 et
2359 731 2578 799 taedere,
2609 729 2846 802 qualiter
2873 726 3273 784 occurrendum
3309 725 3449 780 foret
3488 723 3639 780 intra
3667 733 3862 781 semet-

2279 826 2458 897 ipsum
2488 823 2782 879 revolvens
2800 827 2966 876 tantae
2994 816 3363 874 multitudini.
3387 815 3630 872 Tandem
3653 816 3862 872 hortatu

2279 913 2528 971 Girboldi
2560 908 2893 967 nobilissimi
2923 905 3490 963 Autissiodorensium
3511 903 3737 959 comitis
3755 902 3862 959 ani-

2279 1020 2428 1059 mum
2469 998 2860 1073 congrediendi
2900 998 3110 1054 bellum
3147 993 3446 1065 assumpsit
3465 995 3509 1059 δ,
3559 1007 3864 1049 asseverans

2279 1094 2433 1148 nulla
2459 1106 2702 1163 unquam
2735 1104 2952 1162 passum
2979 1085 3303 1143 discrimina
3331 1083 3468 1152 fore,
3493 1083 3589 1155 qui
3622 1082 3685 1138 Β.
3707 1081 3863 1138 Bene-

2278 1181 2414 1238 dicti
2453 1180 2631 1235 Patris
2667 1176 2950 1234 servitutis
2987 1175 3160 1247 gratia
3215 1173 3629 1229 adversantium
3668 1172 3868 1243 agmini

2280 1268 2796 1328 seseimmiscuerit.
2849 1265 3138 1324 Boboratis
3175 1281 3303 1335 ergo
3343 1263 3446 1319 hac
3489 1261 3866 1318 exhortatione

2280 1359 2502 1426 animis,
2556 1356 2750 1413 confisi
2792 1356 3001 1412 meritis
3060 1362 3114 1409 et
3154 1353 3368 1408 auxilio
3424 1349 3866 1407 excellentissimi

2279 1448 2476 1512 Patris,
2513 1445 2657 1501 haud
2687 1445 2874 1516 procul
2905 1460 2937 1498 a
2965 1441 3298 1498 monasterio
3326 1440 3509 1496 hostes
3542 1453 3867 1510 prosequun-

2279 1545 2372 1592 tur
2408 1554 2440 1592 a
2477 1544 2665 1608 tergo:
2727 1541 3089 1604 consertaque
3127 1530 3260 1585 forti
3314 1527 3670 1586 animositate
3725 1524 3867 1596 gravi

2280 1628 2491 1699 praelio,
2525 1635 2676 1682 tanta
2715 1621 3162 1697 depopulationis
3198 1629 3375 1692 strage
3403 1620 3460 1674 in
3492 1633 3585 1673 eos
3625 1615 3868 1672 bacchati

569 1717 691 1770 ctili
739 1717 949 1789 reliqua
991 1719 1058 1774 ad
1097 1718 1363 1791 praedium
1413 1720 1832 1775 Matriniacense
1871 1721 2172 1775 decernunt
2203 1741 2247 1799 B
2280 1728 2431 1790 sunt,
2464 1729 2525 1776 ut
2553 1737 2620 1775 ex
2647 1726 2798 1774 tanta
2830 1715 3016 1788 populi
3048 1713 3446 1770 numerositate
3465 1711 3567 1766 vix
3587 1708 3763 1799 fuerit
3785 1706 3866 1762 ali-

569 1807 939 1861 contendere:
975 1815 1242 1878 quatenus
1271 1807 1390 1863 illic
1433 1824 1654 1881 quoquo
1697 1809 1861 1864 modo
1907 1816 2029 1864 tuta
2069 1825 2168 1863 sua

571 1893 760 1948 omnia
789 1902 1009 1965 possent
1041 1910 1177 1951 esse.
1210 1895 1309 1951 Ast
1338 1897 1523 1951 eadem
1563 1897 1769 1969 perﬁda
1797 1898 1949 1952 natio
1985 1913 2166 1952 mona-

572 1984 800 2038 sterium
830 1985 1148 2051 deveniens,
1183 2003 1383 2058 speque
1409 2003 1505 2042 sua
1536 1987 1814 2054 frustrata,
1843 1986 1986 2041 nihil
2019 1987 2074 2042 in
2105 2003 2168 2042 eo

573 2071 720 2140 quod
775 2071 1014 2143 diripere
1071 2082 1266 2144 praeter
1323 2076 1556 2145 parietes
1613 2077 1818 2132 valeret
1870 2078 2168 2148 reperiens,

575 2159 792 2214 tandem
825 2161 1192 2232 plaustrorum
1223 2163 1534 2220 recentibus
1561 2164 1810 2234 vestigiis
1850 2164 2166 2236 perspectis,

572 2264 634 2303 eo
679 2250 1016 2306 tendendum
1059 2251 1343 2318 deliberat,
1391 2270 1498 2326 quo
1538 2253 1733 2309 fratres
1763 2255 1891 2309 iisse
1919 2261 2170 2327 suspecto

571 2337 757 2394 animo
787 2340 1092 2397 aestimabat
1117 2360 1128 2397 :
1163 2350 1225 2397 ut
1251 2341 1574 2398 melioribus
1600 2359 1787 2399 eorum
1816 2344 2065 2415 direptis,
2091 2359 2171 2398 re-

572 2427 716 2485 dirct
743 2439 951 2501 patrata
974 2431 1226 2486 victoria.
1258 2432 1640 2505 Praevenitque
1661 2432 1904 2504 ipsorum
1937 2449 2171 2506 nequam

572 2520 866 2576 consilium
891 2523 1039 2576 omni
1049 2523 1293 2593 potentia
1315 2524 1690 2580 misericordis
1711 2524 1828 2591 Dei,
1852 2541 1972 2597 quae
1998 2540 2089 2579 eos
2117 2531 2172 2578 et

572 2625 671 2664 sua
699 2609 909 2663 virtute
942 2618 1258 2677 protereret,
1301 2619 1352 2665 et
1381 2612 1730 2668 innocentem
1760 2612 1971 2683 plebem
2001 2627 2032 2665 a
2062 2627 2170 2665 ma-

577 2697 725 2768 ligna
751 2712 938 2752 eorum
977 2698 1330 2763 infestatione
1357 2700 1592 2772 benigne
1621 2700 1966 2757 defendendo
2000 2701 2169 2755 salva-

506 2857 523 2874 .
575 2795 676 2842 ret.
709 2786 843 2841 Nam
875 2795 989 2840 tum
1022 2790 1316 2854 praedictus
1343 2791 1672 2846 venerabilis
1703 2791 1787 2845 vir
1821 2792 1976 2863 Hugo
2003 2807 2033 2844 a
2054 2806 2170 2861 par-

574 2875 725 2929 tibus
745 2874 1075 2944 Burgundiae
1103 2878 1173 2932 ob
1201 2894 1312 2934 suae
1336 2881 1633 2934 utilitatem
1668 2881 2006 2936 necessitatis
2032 2881 2171 2936 forte

577 2964 675 3021 Dei
705 2963 938 3019 consilio
969 2973 1194 3020 vocatus
1223 2966 1288 3021 ad
1320 2966 1420 3022 hos
1457 2969 1594 3024 ﬁnes
1632 2969 2006 3035 contenderat,
2051 2986 2169 3039 pro-

576 3069 751 3127 peque
776 3053 1169 3109 monasterium
1190 3056 1535 3127 perveniens,
1569 3058 1742 3114 relatu
1770 3076 1995 3114 suorum
2018 3058 2168 3115 addi-

578 3147 734 3214 dicit,
769 3148 985 3203 Fratres
1013 3148 1081 3203 ab
1112 3148 1364 3205 hostibus
1389 3149 1668 3223 subsequi,
1709 3167 1772 3207 ac
1800 3152 2056 3209 ocissime
2084 3153 2174 3210 de-

649 3277 670 3302 ³
701 3272 914 3348 Hicest
953 3273 1108 3348 Hugo
1145 3274 1319 3348 abbas
1357 3276 1451 3348 qui
1497 3277 1735 3334 concilio
1785 3279 2171 3348 Pontigonensi

579 3359 724 3399 anno
750 3343 1229 3420 §§_(i_sub_scripsit,
1261 3347 1327 3402 ad
1360 3343 1517 3420 quem
1552 3349 1674 3404 duae
1705 3359 1926 3407 exstant
1949 3343 2175 3408 Ioannis

582 3431 731 3487 paptB
760 3415 1177 3496 Vllloepistol’aa,
1216 3425 1346 3496 tom.
1374 3415 1460 3475 ἸΙΙ
1490 3419 1656 3478 Conc.
1689 3421 1832 3478 Gall.
1875 3440 1974 3496 pro
2005 3426 2178 3480 tutela

582 3490 898 3541 monasterii
928 3490 1303 3545 Pultariensis.

625 3558 711 3637 .Is
731 3559 873 3637 apud
907 3560 1240 3637 Reginonen]
1272 3560 1516 3637 aliosque
1557 3580 1703 3619 anno
1739 3565 1842 3620 887
1882 3566 2176 3624 decessisse

581 3628 789 3683 dicitur
819 3629 906 3683 his
932 3629 1115 3706 verbis
1140 3648 1152 3685 :
1185 3632 1346 3706 Hugo
1361 3628 1524 3706 abbas
1550 3651 1753 3705 magna:
1776 3637 1989 3706 pietatis
2022 3640 2103 3694 vir
2132 3646 2178 3694 et

581 3715 784 3779 magna:
828 3700 1144 3779 Ρνιιίζεηρςζαῖ⁸
1179 3702 1501 3779 {inrelianis
1533 3700 1793 3779 moritur;
1831 3714 1877 3760 et
1926 3711 2071 3779 apud
2119 3712 2172 3766 S.

588 3767 907 3823 Germanum
940 3770 1310 3826 Autissiodoro
1344 3774 1610 3845 sepelitur.
1647 3767 1883 3832 Ducatus
1920 3767 2068 3849 quem
2112 3787 2178 3836 te-

2283 1811 2406 1885 quis
2433 1809 2527 1883 qui
2561 1808 2690 1864 belli
2745 1813 3002 1862 eventum
3051 1803 3333 1860 intimaret
3371 1799 3622 1873 posteris.
3667 1798 3869 1854 Patrata

2282 1907 2465 1976 itaque
2494 1902 2844 1959 desiderabili
2877 1899 3130 1968 victoria,
3167 1897 3298 1953 belli
3338 1897 3455 1953 dux
3491 1911 3623 1951 suos
3649 1894 3868 1948 interro.

2283 2010 2432 2066 gans,
2465 1991 2757 2065 requisivit
2786 1990 2831 2046 si
2863 1990 3005 2045 forte
3037 1986 3348 2061 quempiam
3379 1980 3695 2039 reverendae
3714 1979 3869 2036 visio-

2282 2084 2369 2138 nis
2408 2080 2741 2138 monachum
2773 2080 2918 2136 inter
2957 2077 3256 2134 densitates
3294 2071 3540 2129 hostium
3579 2069 3688 2125 sibi
3737 2068 3868 2123 viam

2283 2171 2610 2245 pandentem
2649 2169 2871 2242 proprio
2900 2169 3026 2224 visu
3055 2163 3411 2236 contemplati
3441 2167 3643 2217 essent.
3672 2159 3869 2225 Quibus

2282 2259 2741 2333 respondentibus
2771 2276 2826 2315 se
2847 2260 2904 2315 in
2934 2260 3032 2315 illo
3063 2257 3252 2330 praelio
3282 2253 3561 2310 neminem
3588 2249 3869 2306 monacho-

2283 2369 2405 2407 rum
2437 2351 2663 2418 vidisse,
2699 2350 2885 2406 statim
2928 2350 3058 2405 ille:
3101 2345 3356 2408 Sanctus,
3387 2341 3673 2414 inquiens,
3718 2341 3869 2396 Bene-

2282 2441 2463 2497 dictus
2495 2456 2580 2495 me
2606 2456 2702 2513 per
2725 2447 2903 2495 totum
2925 2437 3056 2493 belli
3079 2434 3248 2508 hujus
3267 2441 3546 2490 certamen
3571 2437 3866 2502 protegens,

2282 2529 2505 2586 sinistra
2541 2546 2707 2585 manu
2736 2529 2862 2601 equi
2895 2526 3000 2583 mei
3029 2525 3270 2581 habenas
3297 2519 3589 2592 dirigendo
3615 2527 3870 2575 accusto-

2283 2619 2486 2675 diendo
2517 2619 2733 2675 tenuit:
2761 2618 2990 2673 dextera
3018 2631 3150 2670 vero
3176 2612 3434 2669 baculum
3465 2625 3639 2664 manu
3675 2616 3868 2672 tenens,

2282 2709 2552 2781 plurimos
2582 2709 2826 2764 hostium
2860 2705 3256 2779 prosternendo
3297 2702 3461 2758 morti
3500 2700 3764 2756 tradidit.
3797 2698 3871 2756 Sic

2282 2807 2336 2854 et
2365 2798 2689 2855 nocentibus
2720 2812 2881 2869 pcena
2906 2805 2959 2852 et
2989 2793 3377 2851 innocentibus
3425 2790 3754 2846 interventu
3779 2790 3871 2845 Pa-

2281 2887 2384 2943 tris
2413 2887 2695 2943 Benedicti
2725 2885 2988 2943 securitas
3021 2885 3238 2941 reddita
3265 2891 3346 2939 est
3369 2900 3380 2938 :
3407 2887 3713 2955 praestante
3731 2880 3870 2935 bene-

2281 2978 2432 3035 dicto
2462 2979 2562 3035 Dei
2593 2977 2757 3044 Filio,
2788 2976 2949 3048 cujus
2979 2991 3181 3033 nomen
3208 2973 3566 3032 benedictum
3596 2977 3872 3045 permanet

2282 3067 2340 3124 in
2371 3069 2571 3124 saecula
2595 3067 2946 3124 saeculorum.

2283 3291 2472 3341 nuerat
2509 3291 2556 3339 et
2587 3290 2795 3339 strenue
2849 3289 3083 3350 rexerat,
3126 3280 3298 3339 Odoni
3336 3281 3449 3351 ﬁlio
3505 3279 3774 3336 Rudberti
3819 3278 3872 3332 ab

2284 3359 2600 3428 imperatore
2658 3354 2914 3423 traditur,
2954 3355 3047 3425 qui
3083 3371 3142 3409 ea
3200 3358 3491 3424 tempestate
3541 3352 3873 3407 Parisiorum

2284 3445 2448 3484 comes
2477 3433 2610 3484 erat.

2356 3509 2379 3572 ιξ
2414 3501 2744 3572 Anonymus
2799 3498 2945 3572 pallo
2990 3513 3158 3572 supra
3191 3496 3429 3553 citatus:
3474 3496 3643 3572 Anno
3674 3491 3875 3572 Domini

2284 3571 2388 3628 870
2434 3565 2600 3640 Hugo'
2619 3571 2780 3626 abbas
2800 3565 2865 3625 ἐι
2903 3565 3223 3639 Gautfridus
3250 3585 3366 3622 cum
3408 3565 3871 3640 trans—Sequanis,

2285 3637 2608 3712 con/ligentes
2627 3659 2743 3695 cum
2780 3637 3161 3696 Northmannis
3182 3640 3238 3694 in
3264 3639 3497 3711 Ligerim
3532 3637 3872 3692 residentibus

2285 3711 2560 3785 sexaginta
2586 3713 2718 3769 inibi
2743 3711 3134 3783 interfecerunt,
3170 3718 3276 3768 etc.

595 3929 2484 3956 W-

1699 4103 2755 4219 ADREVALDI

1839 4315 2102 4365 ηοωΑο
2110 4319 2284 4369 ΕΝ818
2322 4321 2609 4370 MONACHI

1064 4463 1226 4578 DE
1333 4465 1864 4583 CORPORE
1975 4470 2125 4583 ΕΤ
2222 4469 2818 4588 SANGUINE
2920 4468 3390 4586 CHRISTI

1647 4670 1896 4733 Contra
1956 4668 2230 4749 ineptias
2291 4671 2559 4734 JOANNIs
2617 4672 2822 4738 SCOTI.

1113 4816 1298 4888 (Apud
1329 4818 1651 4888 Acherium,
1692 4819 1973 4894 Spicilegii
2002 4831 2136 4880 tom.
2169 4824 2212 4892 Ι,
2241 4839 2360 4896 pag.
2395 4823 2517 4892 150,
2549 4839 2618 4879 ex
2646 4841 2777 4883 mss.
2809 4825 3040 4882 abbatiae
3067 4825 3330 4898 Floriac.)

650 5081 848 5136 Beatus
882 5093 903 5118 ι·
954 5081 1324 5152 Hieronymus
1369 5083 1427 5136 in
1475 5080 1883 5139 Commentario
1928 5084 2170 5142 Matthzei
2196 5081 2244 5140 D
2273 5085 2582 5158 impletum,
2613 5093 2668 5143 et
2695 5085 2820 5158 agni
2867 5103 3058 5144 carnes
3083 5103 3210 5144 cum
3238 5085 3508 5159 apostolis
3537 5085 3885 5145 comedent,

576 5167 922 5238 evangelista
963 5182 1088 5221 cum
1130 5167 1392 5236 mysteria
1429 5169 1707 5226 Dominici
1736 5171 1980 5243 corporis
2010 5186 2172 5241 expo-

575 5265 749 5325 neret,
796 5257 978 5313 taliter
1014 5257 1242 5312 intulit:
1305 5282 1323 5305 ε
1364 5259 1699 5315 ϐωηαηιὶὸαε
1743 5269 1914 5317 autem
1953 5261 2168 5328 (Matth.

2276 5175 2506 5238 assumit
2525 5192 2718 5248 panem
2739 5176 2834 5251 qui
2854 5177 3200 5234 confortabat
3219 5193 3315 5233 cor
3334 5174 3603 5244 hominis,
3624 5182 3686 5230 et
3707 5173 3780 5230 ad
3801 5191 3882 5228 te

2276 5281 2399 5320 rum
2438 5264 2657 5322 Pascha:
2694 5266 3094 5339 transgreditur
3147 5273 3575 5333 sacramentum,
3609 5270 3673 5318 ut
3735 5280 3887 5337 quo-

574 5363 733 5414 xxvr,
778 5347 895 5419 26),
941 5353 1071 5416 etc.,
1120 5353 1407 5420 postquam
1451 5349 1701 5422 typicum
1744 5351 1950 5408 Pascha
1993 5352 2172 5408 fuerat
2276 5353 2440 5411 modo
2469 5354 2529 5411 in
2555 5355 3055 5428 praeﬁgurationem
3081 5353 3201 5428 ejus
3227 5352 3631 5412 Melchisedech
3669 5350 3888 5408 summi

644 5506 664 5530 ι
694 5494 907 5550 Beatus.
961 5495 1076 5568 Hoc
1120 5495 1446 5568 opusculum
1488 5495 1761 5568 Acherius
1807 5503 1992 5568 monet
2039 5511 2071 5550 a
2113 5511 2168 5568 se
2273 5494 2493 5568 quidem
2523 5501 2713 5568 totum
2736 5502 2950 5568 constat
2979 5493 3318 5552 esententiis
3347 5494 3572 5550 Patrum
3600 5489 3673 5545 ab
3703 5491 3886 5548 Adre~

573 5570 844 5631 repertum
884 5581 998 5620 esse
1038 5566 1094 5622 in
1143 5565 1476 5624 membranis
1516 5565 1974 5634 Floriacensibus,
2017 5566 2165 5638 quod

2273 5565 2439 5622 valdo
2468 5566 2886 5624 consarcinatis.
