4070 6184
227 244 339 302 949

1240 241 1334 297 DE
1374 240 1698 299 CORPORE
1738 243 1830 299 ET
1868 243 2220 302 SANGUINE
2261 244 2558 303 CHRISTI.

3444 248 3551 305 950

225 396 333 454 Dei
363 391 618 452 sacerdos
647 406 842 464 panem
871 397 925 447 et
953 391 1146 448 vinum
1177 389 1408 446 offerens
1449 392 1668 460 fecerat,
1722 392 1837 464 ipse
1864 397 1917 456 A
1944 412 2014 452 ne
2043 394 2208 452 idolis
2237 396 2451 464 ﬁerent,
2481 405 2537 453 et
2564 406 2626 453 ut
2653 397 2721 453 de
2748 397 3062 454 carnalibus
3108 398 3354 456 victimis
3391 399 3551 472 quasi

225 501 453 560 quoque
479 484 539 539 in
570 481 802 538 veritate
829 480 913 538 sui
943 481 1188 555 corporis
1225 490 1279 538 et
1321 482 1604 555 sanguinis
1633 499 1843 556 repra-

229 579 500 631 sentaret.
531 594 550 618 ι

301 668 441 724 Item
471 662 539 720 ad
567 662 846 732 Edibiam,
888 662 1022 736 quid
1050 662 1123 719 sit
1151 661 1210 717 in
1239 661 1497 720 Matthao
1526 663 1791 736 scriptum
1826 681 1837 720 :

223 760 364 818 Dico
421 757 614 814 vobis:
674 757 795 812 Non
853 755 1026 810 bibam
1071 755 1260 810 amodo
1313 756 1376 810 de
1437 757 1530 811 hoc
1589 756 1845 828 genimine

224 849 354 906 vitis
382 847 602 917 (Matth.
627 832 787 920 xxvr,
813 843 904 915 29)
930 862 940 900 :
976 868 994 892 ι
1012 844 1122 902 Nos
1141 844 1428 900 audiamus
1459 861 1652 916 panem
1681 862 1843 918 quem

226 945 398 1019 fregit
421 940 691 1000 Dominus
718 940 978 1014 deditque
1006 941 1313 1015 discipulis,
1359 958 1473 998 esse
1501 958 1698 1015 corpus
1726 945 1846 999 Do—

227 1034 375 1092 mini
406 1030 731 1099 Salvatoris,
764 1030 882 1103 ipso
911 1029 1130 1087 dicente
1159 1030 1226 1086 ad
1253 1047 1346 1086 eos
1370 1049 1381 1086 :
1414 1031 1648 1104 Accipite
1675 1039 1722 1088 et
1749 1050 1846 1088 co-

225 1124 438 1192 medite,
487 1123 582 1178 hoc
622 1127 698 1176 est
733 1137 923 1192 corpus
970 1137 1140 1175 meum
1189 1121 1376 1192 (Ibid.,
1429 1121 1556 1192 26);
1601 1130 1656 1178 et
1701 1122 1846 1178 cali-

228 1230 348 1273 cem
380 1213 544 1269 illum
576 1227 712 1280 esse,
753 1209 820 1266 de
872 1226 980 1283 quo
1022 1209 1225 1265 iterum
1273 1211 1486 1268 locutus
1515 1219 1598 1267 est
1630 1229 1641 1266 :
1676 1211 1846 1267 Bibite

230 1320 298 1359 ea:
326 1303 420 1358 hoc
456 1318 632 1357 omnes
653 1319 672 1366 ,'
705 1300 786 1355 hic
813 1306 888 1354 est
916 1300 1054 1354 enim
1077 1299 1292 1371 sanguis
1320 1316 1462 1354 meus
1491 1299 1630 1356 Novi
1667 1301 1844 1355 Testa-

232 1392 412 1460 menti,
443 1391 536 1464 qui
560 1407 658 1461 pro
688 1389 868 1444 multis
896 1389 1192 1458 effundetur
1237 1389 1295 1442 in
1343 1388 1699 1443 remissionem
1723 1405 1846 1460 pec-

231 1490 473 1540 satorum
525 1479 714 1552 (Ibid,
757 1478 848 1547 27,
889 1478 1001 1549 28).
1051 1479 1157 1534 Iste
1205 1485 1286 1534 est
1335 1476 1483 1533 calix
1525 1476 1592 1533 de
1633 1495 1743 1550 quo
1789 1478 1847 1533 in

232 1570 503 1643 propheta
556 1567 834 1640 legimus:
891 1567 1121 1624 Calicem
1168 1567 1427 1623 salutaris
1476 1568 1755 1638 accipiam,
1803 1577 1850 1626 et

232 1676 423 1716 nomen
470 1656 684 1714 Domini
729 1656 978 1712 invocabo
1027 1657 1200 1727 (Psal.
1247 1672 1375 1723 cxv,
1425 1654 1504 1727 4).
1556 1656 1626 1710 Et
1669 1654 1843 1711 alibi:

1953 501 2048 557 per
2077 491 2271 558 typum
2297 494 2350 542 et
2380 487 2674 559 imaginem
2706 486 2773 542 ad
2803 485 3076 558 spiritales
3103 485 3310 542 hostias
3337 489 3552 546 transi-

1953 593 2152 634 remus.
2210 578 2455 635 Dicendo
2511 587 2692 636 autem
2741 596 2796 636 se
2842 579 3049 636 hostias
3105 596 3215 636 non
3273 583 3550 653 quasisse,

1953 666 2194 722 ostendit
2223 667 2349 740 quia
2377 668 2468 723 lex
2497 668 2760 740 spiritalis
2788 670 2879 736 sit,
2908 670 3203 742 omniaque
3231 687 3351 742 qua
3377 670 3552 728 Judai

1951 755 2244 812 carnaliter
2273 756 2503 822 faciunt,
2539 774 2570 812 a
2601 757 2760 813 nobis
2789 757 3110 829 spiritaliter
3141 758 3380 831 impleri.
3414 783 3432 808 ›

2023 849 2097 903 At
2126 864 2256 904 vero
2289 847 2345 902 in
2384 848 2769 918 explanatione
2814 849 3094 906 Malachia
3143 850 3442 922 propheta,
3492 868 3556 907 eo

1954 938 2216 1010 capitulo,
2239 954 2348 1010 quo
2369 937 2575 993 dicitur
2599 957 2610 993 :
2645 939 2766 994 Non
2785 944 2858 993 est
2879 939 3009 993 mihi
3035 941 3278 996 voluntas
3306 941 3362 994 in
3390 941 3554 1008 vobis,

1955 1027 2080 1082 dicit
2103 1027 2362 1083 Dominus
2391 1027 2733 1084 exercituum.
2789 1029 2862 1084 Et
2912 1029 3076 1100 paulo
3126 1037 3284 1101 post:
3319 1030 3382 1086 In
3414 1030 3559 1084 omni

1957 1119 2065 1173 loco
2092 1117 2446 1190 sacriﬁcatur,
2477 1124 2525 1172 et
2552 1119 2773 1187 offertur
2793 1118 2993 1172 nomini
3011 1135 3121 1174 meo
3141 1119 3338 1174 oblatio
3360 1117 3561 1174 munda

1957 1208 2211 1280 (Malach.
2247 1224 2286 1273 ι,
2322 1207 2407 1274 10,
2451 1207 2562 1278 11),
2597 1215 2717 1277 post
2752 1208 2924 1263 multa
2953 1208 3030 1263 ita
3059 1209 3265 1264 dicitur
3294 1228 3305 1266 :
3359 1233 3377 1257 ‹
3408 1208 3560 1276 Qui-

1956 1297 2080 1354 dam
2112 1303 2308 1369 putant
2337 1295 2442 1351 hoc
2471 1295 2618 1368 quod
2649 1295 2717 1351 ad
2755 1295 2976 1353 Judaos
2995 1297 3100 1353 dici
3113 1306 3201 1354 tur
3225 1299 3554 1370 specialiter,

1955 1403 2019 1443 eo
2040 1385 2185 1459 quod
2213 1387 2452 1442 victima
2467 1403 2655 1442 eorum
2682 1386 2981 1443 immunda
3001 1388 3112 1443 sint
3129 1397 3290 1462 atque
3311 1391 3556 1462 polluta,

1956 1484 2010 1532 et
2029 1474 2360 1532 sacriﬁcium
2387 1474 2747 1531 transferatur
2761 1476 2826 1531 ad
2854 1484 3065 1549 gentes,
3098 1478 3333 1550 intelligi
3364 1478 3560 1534 debere

1958 1582 2120 1637 super
2153 1563 2410 1622 Ecclesia
2441 1565 2818 1622 sacerdotibus
2838 1565 2932 1638 qui
2956 1567 3295 1637 negligenter
3322 1567 3562 1623 offerunt

1958 1661 2212 1717 victimas
2242 1660 2497 1716 Domino.
2531 1660 2686 1728 Quod
2715 1661 2760 1716 si
2787 1662 3108 1734 recipimus,
3139 1679 3267 1734 ergo
3287 1663 3354 1719 ab
3377 1664 3562 1720 Eccle-

235 1751 402 1809 Catia:
419 1754 535 1803 tuus
553 1746 844 1814 inebrians,
861 1763 1022 1818 quam
1037 1747 1334 1818 praeturas
1368 1752 1441 1801 est
1489 1745 1662 1816 (Psal.
1705 1760 1847 1811 XXII,
1879 1757 1923 1817 B
1955 1750 2036 1807 sia
2055 1751 2122 1806 ad
2138 1751 2299 1806 aliam
2323 1767 2540 1806 rursum
2563 1752 2885 1822 religionem
2911 1753 3151 1809 victima
3170 1753 3560 1810 transferenda

229 1839 314 1910 5).
345 1836 402 1892 Si
433 1834 580 1892 enim
607 1833 764 1907 panis
791 1834 885 1908 qui
923 1834 991 1891 de
1019 1835 1158 1891 coelo
1197 1833 1499 1903 descendit,
1530 1850 1727 1905 corpus
1760 1841 1842 1889 est

229 1924 481 1992 Domini,
507 1931 560 1980 et
590 1922 782 1979 vinum
813 1923 960 1995 quod
989 1922 1277 1997 discipulis
1305 1922 1479 1990 dedit,
1510 1922 1731 1993 sanguis
1760 1921 1841 1976 il--

232 2014 343 2070 lius
367 2020 448 2070 est
473 2011 615 2069 Novi
645 2012 999 2080 Testamenti,
1041 2013 1136 2085 qui
1182 2027 1280 2084 pro
1315 2012 1505 2067 multis
1533 2011 1734 2066 effusus
1759 2017 1841 2066 est

230 2104 292 2159 in
339 2101 718 2160 remissionem
775 2108 1143 2174 peccatorum,
1201 2101 1453 2156 Iudaicas
1493 2101 1704 2156 fabulas
1743 2115 1840 2154 re-

1948 1851 2114 1909 sunt;
2158 1851 2212 1899 et
2263 1841 2541 1915 quomodo
2592 1842 2693 1914 legi
2740 1844 3144 1915 Evangelium,
3211 1846 3289 1901 sic
3341 1860 3560 1900 rursum

1948 1930 2249 2003 Evangelio
2277 1949 2338 1988 ea
2367 1949 2486 2004 qua
2519 1948 2630 1988 non
2659 1941 2788 1988 sunt
2829 1933 3037 2001 futura,
3071 1935 3384 1990 succedent.
3418 1958 3436 1982 ι

2019 2022 2249 2078 Sanctus
2269 2023 2608 2096 Augustinus
2627 2026 2686 2081 in
2717 2026 3062 2097 expositione
3082 2027 3368 2097 Evangelii
3400 2027 3560 2082 Joan-

1945 2112 2033 2169 nis
2064 2112 2242 2184 (tract.
2276 2115 2391 2186 26),
2425 2117 2483 2171 in
2512 2115 2703 2173 eodem
2737 2117 2859 2172 loco
2889 2117 2986 2172 ubi
3022 2116 3261 2172 dicitur:
3298 2118 3411 2187 Ego
3441 2132 3557 2171 sum

231 2196 521 2269 pellamus,
549 2203 604 2250 et
631 2193 987 2250 ascendamus
1033 2209 1158 2249 cum
1207 2193 1445 2249 Domino
1492 2191 1837 2250 canaculum

1960 2206 2102 2259 nanis
2128 2205 2279 2260 vivus
2325 2207 2418 2275 qui
2446 2207 2508 2262 de
2537 2209 2659 2263 calo
2691 2207 2936 2263 descendi
2968 2207 3149 2278 (Joan.
3190 2225 3267 2275 vr,
3317 2207 3434 2277 5i),
3484 2206 3560 2262 ita

232 2299 517 2355 magnum,
566 2289 824 2350 stratum,
855 2291 1015 2356 atque
1045 2281 1393 2349 mundatum,
1429 2289 1482 2336 et
1512 2279 1844 2351 accipiamus

228 2372 300 2429 ab
329 2389 394 2429 eo
421 2387 639 2428 sursum
671 2372 898 2428 calicem
928 2371 1071 2428 Novi
1103 2371 1459 2439 Testamenti,
1501 2370 1687 2442 ibique
1716 2385 1844 2426 cum

229 2479 298 2518 eo
328 2461 534 2518 Pascha
573 2460 929 2527 celebrantes,
975 2461 1318 2517 inebriemur
1346 2460 1480 2515 vino
1508 2458 1840 2515 sobrietatis.

226 2553 350 2609 Non
372 2558 445 2606 est
467 2551 608 2607 enim
634 2568 854 2623 regnum
881 2551 980 2608 Dei
1017 2551 1161 2606 cibus
1209 2558 1257 2606 et
1287 2555 1465 2620 potus,
1506 2549 1594 2602 sed
1627 2547 1844 2617 justitia

229 2648 280 2697 et
305 2641 581 2714 gaudium,
615 2648 664 2696 et
678 2659 792 2713 pax
831 2641 885 2695 in
917 2640 1124 2712 Spiritu
1144 2645 1321 2694 sancto
1354 2639 1531 2709 (Rom.
1557 2653 1674 2705 xw,
1710 2636 1798 2707 17)
1826 2654 1839 2702 ;

229 2748 335 2790 nec
364 2733 579 2807 Moyses
609 2731 761 2789 dedit
791 2731 950 2788 nobis
977 2747 1171 2804 panem
1207 2747 1419 2798 verum,
1451 2729 1544 2786 sed
1575 2728 1844 2785 Dominus

231 2823 409 2891 Iesus,
444 2824 559 2897 ipse
585 2823 822 2879 conviva
846 2829 900 2878 et
928 2822 1271 2897 convivium,
1306 2821 1421 2892 ipse
1466 2819 1760 2877 comedens
1788 2824 1842 2874 et

232 2913 329 2985 qui
351 2895 689 2980 comveditur;
722 2913 875 2968 illius
899 2895 1143 2966 bibimus
1159 2910 1502 2982 sanguinein,
1522 2918 1575 2965 et
1590 2909 1708 2962 sine
1724 2907 1842 2978 ipso

232 3008 428 3074 potare
458 3017 570 3057 non
612 3016 918 3072 possumus,
949 3007 1002 3056 et
1031 2998 1280 3073 quotidie
1319 2999 1380 3053 in
1410 2996 1695 3054 sacrificiis
1725 2995 1842 3066 ejus

229 3090 304 3148 de
336 3090 615 3164 genimine
647 3089 776 3146 vitis
803 3107 966 3158 vera,
1001 3097 1054 3145 et
1077 3089 1250 3144 vinea
1281 3087 1505 3155 Sorech,
1531 3103 1650 3160 qua
1676 3086 1838 3141 inter-

235 3188 494 3255 pretatur
525 3181 700 3246 eiecta,
733 3178 980 3235 rubentia
1013 3187 1189 3234 musta
1218 3178 1512 3246 calcamus,
1541 3185 1594 3232 et
1628 3192 1836 3231 novum

236 3289 312 3328 ex
340 3272 431 3328 his
460 3271 644 3327 vinum
675 3270 915 3326 bibimus
959 3271 1016 3326 in
1060 3286 1226 3342 regno
1256 3269 1452 3337 Patris,
1494 3283 1836 3340 nequaquam

227 3363 296 3419 in
330 3367 598 3416 vetustate
626 3361 841 3430 littera,
875 3360 968 3417 sed
1000 3361 1056 3415 in
1083 3361 1325 3416 novitate
1364 3359 1590 3432 spiritus
1619 3364 1838 3414 cantan-

230 3459 316 3508 tes
349 3449 623 3507 canticum
653 3465 884 3517 novum,
917 3449 1064 3522 quod
1086 3465 1247 3504 nemo
1285 3456 1462 3521 potest
1487 3464 1700 3516 canere,
1733 3446 1842 3503 nisi

228 3541 293 3597 in
325 3555 492 3611 regno
522 3539 801 3605 Ecclesia,
833 3554 953 3609 qua
985 3554 1209 3609 regnum
1242 3537 1415 3593 Patris
1450 3544 1550 3592 est.
1580 3559 1599 3584 ι

307 3641 370 3696 In
399 3638 765 3710 Expositione
795 3643 976 3691 autem
1008 3636 1268 3708 Epistola
1298 3635 1366 3691 ad
1395 3635 1663 3708 Ephesios
1693 3636 1750 3692 in
1782 3652 1845 3692 eo

233 3729 359 3785 loco
389 3727 482 3783 ubi
513 3724 844 3782 sententiam
876 3724 1126 3796 Apostoli
1153 3724 1415 3798 exponit:
1454 3727 1521 3782 In
1546 3743 1648 3797 quo
1682 3726 1848 3780 habe-

235 3835 355 3874 mus
383 3815 787 3888 redemptionem
810 3831 908 3886 per
927 3814 1231 3886 sanguinem
1254 3814 1424 3886 ipsius
1448 3816 1666 3886 (Ephes.
1698 3831 1733 3880 ι,
1769 3813 1846 3884 7),

235 3909 317 3965 ita
343 3906 481 3964 dicit
511 3924 523 3962 :
570 3928 588 3951 ι
618 3902 926 3975 Dupliciter
953 3903 1174 3974 sanguis
1203 3902 1409 3960 Christi
1439 3910 1493 3957 et
1522 3918 1650 3958 caro
1675 3901 1851 3957 intel-

237 3998 455 4071 ligitur,
488 3997 574 4053 vel
607 3995 872 4070 spiritalis
901 3994 997 4049 illa
1025 4003 1188 4066 atque
1226 3991 1438 4060 divina,
1477 3993 1544 4050 de
1592 4010 1699 4066 qua
1736 3994 1850 4066 ipse

235 4087 413 4146 dicit:
451 4087 592 4144 Caro
622 4102 735 4141 mea
756 4100 875 4139 vere
905 4089 982 4138 est
1017 4082 1185 4149 cibus,
1224 4087 1272 4136 et
1308 4081 1523 4152 sanguis
1567 4099 1711 4136 meus
1736 4101 1851 4142 vere

237 4185 315 4234 est
357 4182 517 4249 potus
566 4175 747 4247 (Joan.
794 4191 872 4242 v1,
917 4171 1045 4244 56);
1079 4178 1176 4226 et:
1235 4171 1357 4227 Nisi
1404 4171 1851 4228 manducaveritis

233 4281 453 4322 carnem
485 4279 668 4331 meam,
702 4267 749 4316 et
777 4260 1011 4316 biberitis
1046 4257 1353 4329 sanguinem
1385 4274 1573 4326 meum,
1611 4275 1717 4313 non
1745 4261 1853 4316 ha-

234 4352 421 4410 bebitis
451 4351 615 4406 vitam
642 4355 892 4404 aternam
925 4347 1114 4420 (Ibid.,
1137 4346 1252 4417 34):
1274 4345 1359 4401 vel
1391 4361 1516 4401 caro
1549 4353 1601 4401 et
1633 4349 1852 4420 sanguis

235 4459 360 4514 qua
391 4438 658 4497 cruciﬁxa
685 4446 785 4505 est,
819 4427 873 4494 et
903 4437 997 4510 qui
1028 4436 1225 4493 militis
1268 4435 1470 4492 effusus
1516 4445 1597 4492 est
1636 4437 1839 4493 lancea.

235 4531 410 4586 Juxta
437 4527 581 4585 hanc
607 4526 940 4583 divisionem
971 4532 1025 4582 et
1053 4525 1113 4580 in
1144 4525 1346 4581 sanctis
1396 4522 1513 4595 ejus
1555 4524 1844 4581 diversitas

241 4620 528 4693 sanguinis
559 4627 612 4675 et
642 4617 824 4675 carnis
853 4615 1152 4690 accipitur;
1203 4621 1265 4668 ut
1302 4613 1410 4670 alia
1455 4613 1528 4669 sit
1565 4631 1691 4671 caro
1735 4632 1854 4688 qua

243 4711 430 4767 visura
457 4716 539 4766 est
562 4708 802 4765 salutare
828 4706 948 4776 Dei,
983 4705 1090 4761 alia
1119 4720 1246 4760 caro
1279 4711 1334 4760 et
1364 4704 1585 4776 sanguis
1613 4721 1732 4778 quae
1761 4723 1858 4761 re—

245 4816 413 4874 gnum
437 4799 536 4856 Dei
567 4804 840 4872 nequeant
877 4795 1172 4870 possidere.
1202 4819 1221 4842 ι

316 4897 469 4954 Idem
498 4895 644 4970 quod
674 4896 733 4952 in
763 4902 1000 4950 tractatu
1036 4893 1188 4950 Isaia
1231 4892 1532 4967 propheta,
1584 4892 1679 4950 ubi
1727 4893 1860 4950 dici-

246 4998 338 5048 tur
381 5009 392 5045 ;
426 4990 540 5057 Quo
570 4987 700 5044 mihi
731 4976 1124 5042 multitudinem
1149 4984 1485 5040 victimarum
1517 4992 1814 5040 vestrarum
1837 4987 1863 5040 ?

244 5081 319 5136 Et
350 5087 476 5151 post
504 5093 677 5150 pauca
705 5094 717 5132 :
765 5074 894 5144 Quis
945 5075 1083 5130 enim
1125 5074 1366 5145 quaesivit
1403 5075 1508 5128 hac
1538 5073 1600 5128 de
1624 5075 1865 5129 manibus

245 5175 483 5230 vestris?
532 5173 668 5244 (Isa.
712 5189 750 5239 ι,
798 5171 885 5238 11,
926 5169 1013 5239 12)
1044 5170 1161 5225 ait:
1212 5193 1229 5216 ι
1277 5167 1524 5224 Audiant
1568 5168 1864 5235 Ebionita,

247 5261 344 5335 qui
377 5269 499 5334 post
529 5258 838 5333 passionem
895 5257 1101 5314 Christi
1142 5256 1403 5312 abolitam
1458 5256 1630 5327 legem
1676 5263 1869 5327 putant

247 5367 367 5408 esse
394 5349 738 5406 servandam.
773 5346 1017 5404 Audiant
1042 5346 1428 5402 Ebionitarum
1458 5345 1614 5412 socii,
1647 5346 1742 5418 qui
1773 5346 1861 5401 Ju-

247 5440 388 5497 dais
415 5447 632 5496 tantum
661 5446 715 5495 et
740 5437 807 5494 de
832 5438 1002 5510 stirpe
1054 5435 1342 5493 Israelitici
1386 5434 1599 5508 generis
1637 5435 1755 5490 hac
1781 5452 1870 5491 cu-

247 5528 546 5587 stodienda
571 5528 898 5586 decernunt.
931 5525 1135 5582 Hostia
1163 5541 1290 5596 ergo
1311 5531 1366 5579 et
1388 5522 1739 5580 victimasum
1773 5523 1870 5578 im.

253 5618 586 5686 molatjones
607 5634 717 5674 non
747 5615 1132 5691 principaliter
1161 5631 1192 5670 a
1219 5615 1333 5670 Deo
1355 5613 1582 5686 quaesita
1605 5623 1756 5682 sunt,
1780 5614 1874 5670 sed

1953 2294 2157 2362 sentit;
2191 2304 2245 2351 et
2275 2296 2420 2352 unde
2461 2297 2718 2369 inquiens
2761 2299 2843 2354 illi
2878 2297 3285 2369 superbiebant,
3332 2297 3558 2369 subjicit

1954 2382 2169 2440 dicens:
2226 2407 2244 2430 ι
2293 2387 2480 2442 Patres
2531 2387 2687 2441 vestri
2726 2387 3178 2442 manducaverunt
3224 2402 3460 2452 manna,
3510 2393 3558 2440 et

1953 2473 2152 2528 mortui
2181 2481 2306 2530 sunt
2336 2475 2525 2546 (Ibid.,
2571 2475 2687 2556 49)..
2729 2474 2874 2542 Quid
2903 2484 2986 2530 est
3031 2474 3176 2529 unde
3210 2473 3504 2545 superbitis
3525 2476 3554 2529 ?

1953 2562 2421 2619 Manducaverunt
2452 2573 2505 2619 et
2555 2565 2759 2620 mortui
2804 2571 2949 2621 sunt.
2984 2564 3160 2631 Quare
3189 2561 3550 2619 manducave-

1954 2660 2084 2708 runt
2113 2661 2167 2708 et
2211 2651 2414 2708 mortui
2462 2653 2640 2709 sunt?
2677 2653 2805 2724 quia
2852 2653 2997 2725 quod
3045 2651 3307 2707 videbant
3353 2653 3550 2708 crede-

1952 2741 2104 2811 bant,
2138 2749 2191 2797 et
2220 2741 2366 2814 quod
2397 2758 2506 2798 non
2538 2741 2800 2798 videbant
2830 2757 2940 2796 non
2987 2740 3386 2811 intelligebant.
3420 2765 3437 2786 -
3480 2741 3550 2796 Et

1954 2839 2075 2901 post
2129 2831 2450 2901 paululum:
2499 2854 2517 2876 ε
2557 2829 3046 2898 Mandncaverunt,
3097 2829 3298 2901 inquit,
3351 2843 3552 2883 manna

1952 2926 2006 2974 et
2042 2919 2276 2991 Moyses,
2312 2919 2781 2975 manducaverunt
2810 2927 2865 2974 et
2884 2917 2978 2972 alii
3010 2918 3206 2985 sancti,
3251 2925 3305 2972 et
3344 2916 3548 2973 mortui

1951 3025 2062 3065 non
2093 3018 2220 3066 sunt
2261 3017 2435 3064 morte
2473 3008 2727 3081 spiritali.
2762 3009 2987 3076 Quare?
3039 3009 3170 3081 quia
3215 3007 3547 3064 visicibilem

1950 3101 2082 3157 bum
2129 3098 2451 3172 spiritaliter
2487 3099 2897 3165 intellexerunt,
2948 3107 3076 3166 etc.,
3120 3107 3181 3152 ut
3227 3097 3550 3169 spiritaliter

1948 3190 2296 3246 satiarentur.
2347 3188 2483 3243 Nam
2515 3196 2569 3242 et
2611 3202 2711 3241 nos
2741 3185 2905 3241 hodie
2933 3185 3236 3256 accipimus
3265 3183 3544 3239 visibilem

1948 3281 2154 3347 cibum,
2187 3278 2281 3334 sed
2309 3276 2458 3333 aliud
2497 3283 2577 3331 est
2611 3282 3034 3342 sacramentum,
3076 3274 3224 3329 aliud
3255 3274 3433 3328 virtus
3466 3289 3544 3328 sa-

1949 3367 2236 3428 cramenti.
2267 3367 2440 3434 Quam
2466 3365 2623 3421 multi
2647 3363 2926 3434 accipiunt
2940 3363 3006 3418 de
3028 3365 3199 3418 altare
3230 3371 3283 3418 et
3308 3362 3526 3417 moriun

1951 3468 2060 3527 tur,
2090 3465 2144 3512 et
2173 3455 2490 3527 accipiendo
2513 3453 2851 3508 moriuntur!
2878 3453 3032 3510 Unde
3052 3452 3190 3510 dicit
3209 3451 3505 3523 Apostolus
3528 3469 3539 3505 :

1943 3545 2205 3618 judicium
2226 3544 2324 3598 sibi
2353 3543 2636 3598 manducat
2655 3539 2849 3596 etbibit
2876 3540 2934 3610 (Ι
2955 3541 3079 3597 Cor.
3101 3557 3182 3608 ιιι,
3215 3541 3330 3611 ‘27).
3355 3538 3546 3593 Nonne

1952 3637 2198 3694 huccella
2217 3634 2506 3692 Dominica
2533 3647 2805 3688 venenum
2837 3630 2943 3688 fuit
2962 3630 3114 3687 Iuda
3138 3631 3167 3688 ‘i
3187 3639 3241 3688 et
3260 3639 3442 3686 tamen
3460 3646 3524 3685 ac

1956 3729 2112 3802 cipit,
2151 3735 2205 3784 et
2250 3743 2375 3783 cum
2422 3724 2652 3797 accepit,
2689 3724 2748 3779 in
2791 3739 2915 3779 eum
2965 3722 3225 3778 inimicus
3271 3721 3544 3787 intravit,

1958 3836 2069 3876 non
2100 3817 2228 3892 quia
2259 3817 2460 3872 malum
2491 3815 2719 3886 accepit,
2749 3812 2842 3870 sed
2874 3811 3004 3885 quia
3027 3811 3232 3867 bonum
3265 3811 3441 3866 malus
3465 3826 3550 3866 ac-

1956 3909 2120 3980 cepit.
2155 3907 2350 3965 Videte
2379 3922 2527 3978 ergo,
2557 3906 2771 3972 fratres,
2806 3917 2998 3976 panem
3030 3903 3301 3959 calestem
3335 3900 3550 3973 spirita-

1959 4000 2085 4057 liter
2132 3996 2477 4053 manducate.
2507 4020 2525 4043 ι
2565 3995 2638 4050 Ει
2687 4000 2808 4066 post
2855 3992 3068 4048 multa:
3126 4015 3143 4039 ε
3169 3991 3268 4046 Hic
3314 3997 3387 4045 est
3431 4007 3552 4062 ergo

1953 4090 2112 4162 panis
2140 4089 2232 4159 qui
2261 4088 2323 4142 de
2350 4088 2475 4142 caelo
2503 4085 2781 4151 descendit,
2813 4091 2872 4140 ut
2898 4085 2945 4139 si
2967 4083 3086 4154 quis
3105 4100 3169 4138 ea:
3194 4082 3309 4154 ipso
3333 4082 3553 4137 mandu-

1958 4179 2173 4245 cauerit,
2195 4194 2299 4232 non
2317 4177 2584 4231 moriatur
2613 4177 2792 4246 (Joan.
2823 4192 2903 4244 vt,
2921 4175 3050 4244 50);
3081 4176 3174 4232 sed
3201 4175 3346 4248 quod
3378 4172 3558 4247 perti—

1960 4278 2052 4326 net
2093 4267 2161 4323 ad
2192 4265 2456 4321 virtutem
2504 4263 2852 4329 sacramenti,
2884 4279 2995 4316 non
3028 4263 3174 4332 quod
3225 4264 3461 4333 pertinet
3490 4261 3557 4315 ad

1959 4357 2180 4415 visibile
2209 4360 2647 4419 sacramentum;
2681 4350 2774 4423 qui
2809 4349 3101 4405 manducat
3139 4349 3309 4417 intus,
3344 4365 3455 4403 non
3478 4348 3556 4403 fo-

1959 4449 2070 4514 ris;
2103 4445 2197 4517 qui
2247 4441 2540 4498 manducat
2570 4441 2629 4495 in
2658 4438 2842 4506 corde,
2873 4453 2984 4492 non
3014 4436 3106 4509 qui
3141 4437 3340 4507 premit
3368 4434 3554 4490 dente.

1953 4540 2066 4608 Ego
2119 4550 2236 4589 sum
2273 4529 2431 4603 panis
2479 4529 2628 4583 vivus
2669 4527 2762 4598 qui
2807 4527 2868 4581 de
2909 4527 3034 4580 calo
3081 4524 3318 4580 descendi
3369 4523 3556 4594 (Ibid.,

1964 4626 2079 4696 51).
2132 4622 2258 4679 Ideo
2292 4619 2479 4687 vivus,
2516 4617 2644 4691 quia
2678 4616 2746 4673 de
2787 4616 2926 4673 calo
2966 4612 3267 4671 descendit.
3300 4615 3379 4669 De
3421 4611 3559 4668 coelo

1966 4712 2249 4772 descendit
2276 4718 2331 4766 et
2358 4725 2592 4778 manna;
2615 4707 2708 4764 sed
2740 4722 2940 4762 manna
2955 4705 3148 4762 umbra
3176 4711 3310 4774 erat,
3343 4704 3444 4759 iste
3468 4717 3558 4758 ve-

1969 4805 2100 4860 ritas
2129 4808 2228 4857 est.
2278 4800 2336 4858 Si
2364 4799 2482 4871 quis
2509 4797 2905 4854 manducauerit
2930 4813 2995 4852 ea:
3023 4799 3116 4852 hoc
3141 4811 3298 4866 pane,
3347 4792 3482 4848 vivet
3511 4791 3564 4846 in

1970 4898 2240 4948 cateruam.
2268 4890 2341 4945 Et
2356 4888 2515 4960 panis
2537 4903 2688 4958 quem
2706 4903 2793 4958 ego
2815 4885 2948 4941 dabo
2964 4903 3066 4958 pro
3089 4884 3271 4939 mundi
3293 4883 3418 4950 vita,
3442 4898 3565 4936 caro

1972 5001 2086 5039 mea
2114 4987 2189 5036 est
2219 4980 2400 5052 (lbid.,
2432 4978 2550 5050 52).
2594 4979 2706 5034 Hoc
2734 4976 2954 5050 quando
2987 4981 3203 5047 caperet
3229 4987 3388 5036 caro;
3420 4967 3568 5040 quod

1974 5071 2122 5128 dixit
2145 5085 2360 5136 panem,
2383 5083 2602 5126 carnem
2619 5067 2646 5123 ?
2669 5066 2911 5123 Vocatur
2931 5080 3076 5129 caro,
3109 5060 3254 5132 quod
3277 5073 3386 5113 non
3419 5055 3564 5125 capit

1976 5175 2139 5214 caro:
2191 5167 2244 5212 et
2275 5157 2400 5212 ideo
2447 5156 2619 5227 magis
2666 5171 2775 5210 non
2804 5152 2951 5223 capit
2992 5167 3138 5216 caro,
3185 5146 3316 5219 quia
3343 5152 3569 5199 vocatur

1979 5265 2142 5304 caro:
2191 5248 2298 5303 hoc
2338 5249 2486 5303 enim
2531 5245 2958 5311 exhorruerunt,
3004 5243 3108 5297 hoc
3147 5240 3214 5296 ad
3246 5255 3302 5295 se
3335 5238 3571 5293 multum

1980 5353 2094 5392 esse
2125 5335 2417 5403 dixerunt;
2452 5336 2558 5392 hoc
2577 5335 2724 5390 enim
2746 5333 2865 5389 ﬁeri
2898 5349 3007 5388 non
3030 5346 3186 5403 posse
3213 5334 3568 5402 putaverunt.

1987 5425 2126 5482 Caro
2156 5442 2266 5480 mea
2287 5432 2382 5493 est,
2413 5423 2615 5496 inquit,
2639 5440 2741 5494 pro
2770 5422 2958 5476 mundi
2987 5421 3116 5476 vita.
3146 5443 3164 5465 ι

2055 5526 2190 5580 Item
2222 5521 2279 5577 in
2310 5520 2638 5594 positionem
2669 5519 2931 5575 buccellae
2960 5535 3122 5592 quam
3154 5515 3322 5573 Iudas
3341 5513 3574 5586 accepit,

1987 5623 2108 5686 post
2151 5613 2326 5669 multa
2376 5613 2452 5668 ita
2506 5611 2644 5667 dicit
2701 5610 2881 5682 (tract.
2914 5609 3006 5682 62)
3044 5626 3056 5664 :
3128 5632 3146 5655 ε
3190 5603 3574 5664 Recordamini
