4070 6184
387 204 490 264 951
1375 192 1791 252 ADBEVALDI
1830 190 2329 250 FLORIACENSIS
2365 191 2687 251 MONACHI

3585 186 3719 247 952

390 351 540 412 unde
569 351 641 409 sit
680 350 945 425 scriptum
974 365 985 405 :
1023 347 1332 419 Quicunque
1354 346 1755 402 manducauerit
1774 360 1986 418 panem,
2019 347 2069 407 A
2098 344 2223 403 data
2251 353 2380 403 sunt
2425 345 2775 421 completiva.
2824 344 3102 403 Sacriﬁcia
3134 359 3262 416 ergo
3294 342 3393 399 illa
3429 350 3722 418 tanquam

394 445 491 495 aut
518 438 704 495 biberit
730 439 944 495 calicem
972 436 1192 494 Domini
1218 436 1451 507 indigne,
1482 450 1602 490 reus
1629 435 1732 490 erit
1757 432 1995 505 corporis
2104 436 2270 493 verba
2299 435 2629 510 promissiva
2655 436 2837 492 ablata
2857 441 3004 491 sunt.
3038 432 3184 502 Quid
3212 442 3294 490 est
3326 432 3469 506 quod
3499 432 3725 489 datum

398 537 446 587 et
470 529 746 602 sanguinis
777 528 991 585 Domini
1033 528 1090 597 (Ι
1119 528 1245 584 Cor.
1289 542 1369 595 xi,
1401 525 1517 596 27).
1568 524 1641 580 Et
1667 524 1735 581 de
1764 524 1853 580 his
1881 530 1998 579 erat
2106 534 2187 583 est
2214 525 2611 598 completivum
2636 525 2665 582 7
2709 524 2922 597 Corpus
2969 522 3115 596 quod
3150 523 3349 592 nostis,
3392 522 3539 596 quod
3580 536 3725 579 non

2107 632 2299 672 omnes
2326 615 2520 684 nostis,
2565 612 2711 688 quod
2741 614 2955 670 utinam
2985 611 3079 685 qui
3119 611 3313 682 nostis,
3363 629 3552 670 omnes
3581 628 3733 670 non

2108 706 2177 763 ad
2217 705 2490 778 judicium
2537 704 2825 761 noveritis.
2866 729 2887 754 ›
2941 703 3013 760 Et
3054 711 3177 777 post
3223 719 3439 776 pauca:
3494 729 3513 752 ι
3550 702 3735 773 Quid

2109 801 2277 873 ergo?
2316 799 2427 856 Nos
2459 797 2571 872 jam
2603 798 2710 855 hoc
2762 805 3009 871 tempore
3038 795 3158 852 sine
3188 795 3452 853 sacriﬁcio
3476 796 3735 854 dimissi

2111 910 2299 949 sumus
2319 892 2349 949 ?
2393 891 2553 949 Absit
2582 909 2595 947 :
2629 892 2837 964 Corpus
2864 895 3041 947 autem
3070 887 3341 961 perfecisti
3375 889 3520 945 mihi.
3570 887 3738 946 Ideo

2113 983 2208 1039 illa
2230 982 2458 1039 noluisti
2480 990 2543 1038 ut
2558 981 2667 1038 hoc
2692 981 3012 1056 perﬁceres:
3038 978 3135 1035 illa
3155 978 3379 1034 voluisti
3409 987 3739 1054 antequam

2114 1072 2220 1129 hoc
2240 1072 2544 1145 perliceres.
2570 1070 2840 1129 Perfectio
2866 1069 3263 1143 promissorum
3287 1068 3508 1125 abstulit
3535 1067 3745 1126 verba

2117 1162 2534 1237 promittentia;
2565 1178 2690 1217 nam
2726 1161 2772 1216 si
2795 1159 2978 1217 adhuc
2997 1167 3128 1216 sunt
3150 1159 3543 1231 promittentia,
3566 1174 3742 1215 non-

2119 1251 2250 1307 dum
2276 1250 2563 1323 impletum
2587 1258 2669 1306 est
2689 1249 2836 1324 quod
2864 1247 3196 1322 promissum
3219 1256 3321 1303 est.
3348 1246 3457 1304 Hoc
3478 1247 3743 1319 promit-

2120 1341 2338 1397 tebatur
2369 1339 2697 1413 quibusdam
2736 1338 2906 1410 signis
2938 1357 2949 1395 ε
2994 1338 3174 1395 ablata
3220 1347 3350 1394 sunt
3389 1337 3539 1410 signa
3571 1354 3750 1410 pro—

399 635 600 687 sermo,
627 634 753 675 cum
786 616 893 672 hoc
919 614 1218 688 Apostolus
1244 613 1470 681 diceret,
1503 612 1597 686 qui
1628 611 1852 669 Domini
1879 627 1997 668 cor-

399 725 503 781 pus
531 709 687 764 velut
717 704 1024 779 quemlibet
1055 703 1225 760 alium
1257 700 1448 758 cibum
1480 701 1777 757 indiscrete
1814 700 2001 771 negli-

402 806 703 870 genterque
733 794 1045 851 sumebant.
1081 793 1184 849 Hic
1207 808 1337 863 ergo
1360 790 1405 846 si
1442 789 1743 861 corripitur
1764 788 1859 862 qui
1890 803 1999 844 non

402 886 696 960 dijudicat,
732 885 836 942 hoc
865 892 965 952 est,
996 900 1111 940 non
1145 881 1412 938 discernit
1437 897 1468 935 a
1495 879 1711 936 caeteris
1733 877 1875 934 cibis
1898 880 2002 934 Do-

405 983 675 1040 minicum
706 998 942 1054 corpus;
985 980 1078 1052 qui
1111 978 1179 1035 ad
1206 978 1305 1035 Dei
1336 992 1580 1033 mensam
1609 975 1820 1048 ﬁngens
1854 975 2004 1033 ami-

406 1093 556 1144 cum,
601 1074 815 1131 accedit
843 1072 1177 1128 inimicus...
1232 1071 1277 1127 si
1309 1069 1732 1142 reprehensione
1761 1068 2006 1140 tangitur

408 1163 743 1235 negligentia
772 1159 1145 1228 convivantis,
1167 1175 1276 1232 qua
1296 1175 1457 1232 poena
1487 1156 1794 1231 percutitur
1816 1156 2006 1212 vendi-

409 1262 497 1310 tor
518 1251 809 1308 invitantis
827 1250 855 1307 Ῡ
875 1249 1018 1317 Quid
1040 1256 1220 1305 autem
1243 1257 1359 1304 erat
1378 1247 1533 1320 panis
1553 1245 1805 1301 traditori
1825 1245 2005 1312 datus,

414 1343 521 1399 nisi
554 1340 955 1398 demonstratio
983 1339 1071 1396 cui
1104 1337 1290 1412 gratiae
1313 1337 1505 1393 fuisset
1530 1334 1817 1407 ingratus?
1842 1335 2013 1390 Intra-

414 1435 498 1491 vit
527 1448 656 1505 ergo
684 1440 807 1504 post
834 1430 984 1486 hunc
1014 1445 1209 1501 panem
1239 1427 1466 1484 Satanas
1491 1427 1546 1482 in
1578 1424 1801 1482 Domini
1830 1424 2013 1481 tradi-

415 1532 617 1591 torem,
651 1529 713 1577 ut
748 1519 854 1575 sibi
893 1518 1007 1591 jam
1049 1518 1317 1575 traditum
1349 1518 1546 1590 plenus
1583 1514 1905 1587 possideret,
1957 1515 2015 1571 in

421 1629 583 1686 quem
608 1610 764 1683 prius
784 1610 1088 1665 intraverat
1107 1616 1168 1664 ut
1194 1607 1490 1680 deciperet.
1508 1605 1695 1677 Neque
1714 1606 1862 1662 enim
1890 1621 2016 1662 cum

2124 1429 2422 1498 mittentia,
2450 1429 2581 1502 quia
2602 1428 2853 1485 exhibita
2881 1436 2964 1485 est
2991 1427 3199 1484 veritas
3219 1428 3498 1499 promissa.
3522 1428 3583 1484 In
3608 1427 3748 1484 hoc

2093 1536 2352 1594 .corpore
2390 1537 2603 1587 sumus,
2653 1518 2818 1591 hujus
2865 1517 3111 1592 corporis
3158 1516 3447 1591 participes
3491 1534 3747 1585 sumus;

2127 1610 2273 1683 quod
2295 1610 2597 1684 accipimus
2613 1608 2891 1678 novimus,
2915 1617 2968 1665 et
2983 1608 3079 1682 qui
3099 1624 3205 1664 non
3231 1608 3403 1663 nostis
3425 1606 3748 1675 noveritis,

418 1703 521 1758 illo
551 1708 667 1756 erat
697 1699 917 1772 quando
961 1697 1029 1753 ad
1060 1696 1277 1753 Judaeos
1326 1695 1587 1768 perrexit,
1636 1703 1691 1752 et
1736 1694 1803 1751 de
1842 1695 2017 1768 pretio
2051 1709 2097 1769 Β
2134 1707 2188 1756 et
2228 1716 2353 1757 cum
2398 1699 2728 1767 didiceritis,
2765 1697 2978 1754 utinam
3009 1712 3119 1753 non
3151 1696 3217 1753 ad
3249 1695 3520 1769 judicium
3568 1695 3761 1753 acci-

422 1789 676 1847 tradendi
706 1788 925 1844 Domini
952 1795 1145 1859 pactus
1165 1794 1284 1852 est;
1317 1802 1441 1842 cum
1473 1784 1817 1856 apertissime
1851 1784 2023 1843 Lucas

425 1879 770 1949 evangelista
801 1884 1055 1944 testetur,
1095 1883 1149 1931 et
1175 1876 1323 1932 dicat
1351 1892 1362 1931 :
1406 1875 1640 1932 Intravit
1666 1881 1840 1930 autem
1871 1873 2024 1928 Sata-

423 1985 525 2024 nas
553 1969 607 2023 in
636 1969 856 2030 ludam,
889 1966 981 2035 qui
1009 1966 1410 2034 cognominatur
1445 1966 1726 2032 Iscarioth,
1760 1979 1927 2018 unum
1965 1962 2027 2017 de

430 2056 743 2120 duodecim;
800 2060 847 2108 et
892 2053 1044 2120 abiit,
1086 2060 1133 2108 et
1180 2055 1383 2108 locutus
1427 2060 1504 2108 est
1546 2070 1663 2108 cum
1697 2052 2028 2124 principibus

431 2144 762 2201 sacerdotum
798 2144 948 2215 (Luc.
982 2159 1124 2212 XXII,
1162 2143 1216 2211 3,
1249 2142 1329 2216 li).
1382 2144 1523 2201 Ecce
1569 2143 1664 2199 ubi
1696 2142 2026 2211 ostenditur,

433 2233 581 2308 quod
606 2232 720 2305 jam
753 2232 1055 2289 intraverat
1099 2232 1325 2289 Satanas
1356 2233 1412 2288 in
1460 2233 1680 2289 ludam.
1714 2232 1875 2288 Prius
1902 2248 2031 2304 ergo

436 2324 741 2381 intraverat
771 2320 1125 2378 immittendo
1155 2322 1213 2377 in
1241 2339 1338 2379 cor
1365 2338 1484 2395 ejus
1503 2321 1890 2393 cogitationem
1923 2337 2033 2394 quo

436 2413 678 2470 traderet
711 2413 992 2473 Christum
1034 2433 1045 2471 :
1080 2414 1209 2471 talis
1238 2415 1384 2487 enim
1412 2415 1524 2487 jam
1559 2424 1783 2471 venerat
1808 2414 1877 2470 ad
1915 2431 2034 2471 cus—

440 2504 709 2562 nandum.
758 2506 921 2562 Nunc
947 2513 1130 2562 autem
1164 2514 1286 2578 post
1304 2482 1506 2578 panem
1537 2504 1708 2561 intrax
1725 2504 1769 2560 it
1798 2507 1856 2561 in
1884 2521 2031 2573 eum,

441 2612 553 2651 non
583 2595 767 2653 adhuc
812 2595 1160 2653 ut'aliennm
1204 2606 1461 2668 tentaret,
1512 2599 1602 2656 sed
1643 2609 1703 2655 ut
1753 2599 2035 2672 proprium

442 2686 765 2757 possideret.
788 2686 908 2742 Non
930 2696 1135 2756 autem,
1160 2695 1222 2743 ut
1239 2696 1434 2761 putant
1455 2688 1679 2762 quidam
1703 2688 2041 2761 negligenter

446 2772 706 2843 legentes,
737 2783 870 2831 tunc
901 2775 1069 2831 Judas
1098 2776 1306 2833 Christi
1334 2794 1537 2849 corpus
1561 2778 1802 2849 accepit:
1837 2776 2039 2832 intelli-

449 2862 687 2933 gendum
717 2871 799 2919 est
824 2864 973 2919 enim
995 2865 1142 2937 quod
1161 2865 1275 2937 jam
1301 2869 1562 2924 omnibus
1582 2870 1661 2924 eis
1689 2868 2044 2925 distribuerat

448 2952 722 3009 Dominus
770 2962 1172 3011 sacramentum
1227 2957 1475 3030 corporis
1513 2966 1567 3012 et
1614 2957 1899 3029 sanguinis
1936 2956 2043 3024 sui,

2137 1790 2321 1863 piatis.
2354 1791 2458 1859 Qui
2485 1791 2623 1845 enim
2659 1789 2946 1844 manducat
2985 1793 3034 1844 et
3062 1788 3190 1844 bibit
3216 1787 3440 1860 indigne,
3460 1787 3766 1858 judicium

2137 1880 2237 1935 sibi
2265 1879 2552 1934 manducat
2576 1883 2627 1933 et
2649 1878 2778 1935 bibit
2805 1878 2863 1948 (Ι
2885 1878 3035 1947 Cor.,
3060 1893 3141 1945 xi,
3161 1876 3281 1948 29).
3308 1876 3629 1933 Perfectum
3660 1883 3764 1932 est

2137 1967 2298 2024 nobis
2344 1983 2561 2039 corpus,
2611 1966 2966 2042 perﬁciamur
3011 1967 3069 2023 in
3099 1982 3348 2041 corpore.
3388 1990 3407 2013 ι
3458 1966 3532 2022 Et
3572 1966 3764 2039 longe

2138 2064 2297 2129 post:
2342 2079 2362 2102 σ
2393 2055 2567 2112 Judaei
2598 2055 2653 2112 in
2687 2056 2884 2112 umbra
2917 2062 3314 2123 remanserunt,
3346 2053 3510 2110 solem
3549 2053 3768 2127 gloriae

2141 2146 2282 2202 ferre
2311 2160 2420 2201 non
2445 2151 2671 2217 possunt
2696 2163 2709 2213 ;
2731 2144 2844 2217 jam
2875 2161 2974 2202 nos
3003 2145 3058 2201 in
3092 2144 3214 2201 luce
3243 2160 3450 2212 sumus,
3483 2151 3773 2201 tenemus

2142 2252 2341 2306 corpus
2363 2234 2592 2305 Christi,
2625 2242 2877 2292 tenemus
2906 2236 3229 2310 sanguinein
3259 2233 3484 2293 Christi.
3532 2259 3553 2283 ι

2214 2346 2384 2402 Porro
2413 2345 2468 2403 S.
2501 2346 2796 2421 Gregorius
2826 2347 2884 2404 in
2916 2347 3144 2407 homilis
3170 2347 3286 2404 suis
3312 2363 3601 2420 exponens
3624 2364 3775 2406 sen-

2146 2437 2346 2493 tentias
2371 2436 2550 2493 Exodi
2573 2438 2641 2494 de
2661 2439 2928 2509 sanguine
2953 2437 3119 2510 Agni,
3151 2445 3307 2512 poste
3333 2454 3397 2495 ac
3423 2439 3775 2513 superlimi-

2146 2525 2373 2581 naribus
2420 2526 2501 2583 sic
2546 2526 2684 2584 dicit
2732 2527 2955 2597 (Homit.
2990 2526 3059 2583 22
3105 2527 3165 2581 in
3210 2529 3444 2599 Eeang.,
3491 2527 3598 2583 lib.
3632 2528 3716 2600 ιι)
3761 2548 3777 2586 :

2164 2638 2181 2660 ι
2211 2612 2350 2681 Quid
2382 2628 2621 2687 nimqne
2650 2614 2723 2670 sit
2752 2613 2975 2687 sanguis
2998 2613 3138 2686 Agni
3162 2630 3272 2669 non
3296 2612 3411 2685 jam
3443 2613 3779 2672 audiendo,

2151 2702 2245 2759 sed
2281 2701 2526 2759 bibendo
2548 2703 2845 2788 didicistis.
2891 2703 2996 2773 Qui
3027 2704 3252 2777 sanguis
3269 2719 3432 2777 super
3449 2711 3785 2778 utrumque

2153 2800 2362 2864 postem
2386 2793 2631 2866 ponitur,
2666 2794 2886 2869 quando
2915 2810 3026 2850 non
3043 2793 3223 2849 solum
3245 2809 3341 2850 ore
3362 2793 3636 2866 corporis,
3666 2794 3786 2852 sed

2156 2882 2319 2938 etiam
2356 2899 2450 2939 ore
2478 2882 2663 2940 cordis
2690 2880 2988 2948 hauritur;
3017 2880 3074 2937 in
3097 2888 3331 2957 utroque
3359 2883 3567 2939 etenim
3602 2887 3787 2956 poste

2158 2972 2285 3044 agni
2324 2972 2546 3045 sanguis
2570 2981 2653 3028 est
2686 2969 2917 3044 positus,
2950 2972 3173 3045 quando
3203 2980 3609 3030 sacramentum
3643 2988 3788 3045 pas-

451 3038 565 3135 ?Pi
588 3049 645 3135 ξπ
681 3040 798 3135 ili“
819 3042 1017 3135 jlldas
1065 3052 1201 3135 εἴη,
1244 3054 1322 3135 καὶ
1366 3056 1590 3103 Saucius
1640 3047 1816 3102 Lucas
1863 3052 2049 3135 ηδπέι
2086 3071 2128 3130 C
2159 3061 2333 3117 sionis
2364 3061 2519 3119 illius
2546 3078 2672 3119 cum
2703 3077 2798 3119 ore
2827 3060 2895 3117 ad
2927 3038 3361 3135 redemptionem
3392 3038 3667 3130 sumitur;
3708 3059 3793 3117 ad

456 3130 645 3202 (Ibid,
696 3132 782 3201 19,
812 3131 928 3204 21).
980 3134 1062 3190 Ac
1092 3133 1293 3191 deinde
1330 3135 1396 3192 ad
1430 3135 1536 3192 hoc
1578 3144 1805 3191 ventum
1838 3142 1920 3191 est
1955 3134 2049 3188 ubi

456 3220 758 3279 secundum
789 3224 1159 3281 narrationem
1183 3226 1408 3282 Joannis
1436 3226 1780 3299 apertissime
1800 3242 1897 3300 per
1924 3226 2052 3284 buc-

458 3310 655 3367 cellam
710 3311 944 3369 tinctam
992 3320 1155 3386 atque
1206 3322 1535 3388 porrectam,
1584 3332 1745 3372 suum
1792 3315 2057 3389 exprimit

458 3400 804 3458 traditorem.
839 3428 857 3452 ι

532 3492 834 3549 Homiliam
866 3510 1084 3567 quoque
1113 3494 1181 3551 de
1203 3504 1546 3553 sacramento
1575 3495 1822 3570 corporis
1845 3505 1901 3554 et
1925 3512 2061 3552 san-

465 3581 650 3655 guinis
678 3583 904 3639 Domini
936 3584 1133 3639 diebus
1159 3586 1582 3642 resurrectionis
1606 3602 1827 3658 parvam
1858 3584 2065 3658 peregit

466 3670 557 3727 his
582 3670 803 3726 verbis:
843 3693 861 3717 ι
901 3671 1016 3726 Hoc
1044 3671 1191 3743 quod
1221 3672 1423 3729 videtis
1453 3674 1510 3728 in
1540 3674 1713 3730 altare
1746 3674 1865 3740 Dei,
1894 3673 2064 3729 etiam

471 3766 750 3816 transacta
778 3765 942 3815 nocte
971 3759 1223 3828 vidistis;
1266 3761 1361 3818 sed
1390 3761 1524 3834 quid
1554 3771 1716 3829 esset,
1748 3779 1910 3836 quam
1943 3779 2068 3818 ma—

473 3866 593 3923 gna;
625 3850 704 3906 rei
736 3857 1140 3905 sacramentum
1173 3850 1483 3907 contineret
1521 3850 1767 3907 nondum
1796 3851 2065 3908 audistis:

473 3939 544 3996 ad
574 3938 680 3995 hoc
709 3938 933 4006 videtis,
967 3938 1124 4009 panis
1154 3945 1237 3994 est
1264 3946 1321 3994 et
1343 3939 1510 4007 calix,
1544 3940 1690 4013 quod
1721 3940 1879 3998 vobis
1905 3941 2070 3998 etiam

477 4026 627 4085 oculi
654 4026 825 4081 vestri
848 4025 1206 4097 renuntiant;
1237 4027 1386 4101 quod
1411 4035 1591 4084 autem
1615 4028 1751 4087 ﬁdes
1771 4040 1953 4087 vestra
1980 4047 2071 4103 po-

479 4116 649 4171 stulat
677 4115 1022 4183 instruenda,
1050 4116 1206 4187 panis
1226 4124 1309 4174 est
1328 4133 1531 4190 corpus
1560 4118 1792 4187 Christi,
1818 4121 1964 4178 calix
1993 4128 2075 4177 est

480 4202 766 4276 sanguinis
787 4203 1014 4262 Christi.
1039 4230 1057 4252 »
1093 4206 1155 4261 In
1181 4207 1593 4274 Quaestionibus
1622 4209 1785 4265 etiam
1808 4210 1922 4267 suis
1942 4225 2077 4283 quas

483 4294 551 4351 de
584 4293 771 4352 Veteri
821 4302 875 4350 et
920 4296 1080 4352 Novo
1129 4295 1842 4371 Testamento'composuit,
1884 4299 1979 4356 ubi
2009 4299 2076 4356 de

2162 3149 2525 3205 imitationem
2559 3166 2775 3223 quoque
2805 3149 3019 3206 intenta
3049 3160 3231 3206 mente
3271 3152 3567 3224 cogitatur.
3621 3150 3791 3206 Nam

2164 3239 2258 3311 qui
2284 3238 2366 3294 sic
2391 3236 2772 3311 Redemptoris
2791 3238 2873 3293 sui
2896 3239 3217 3311 sanguinem
3245 3241 3447 3313 accipit
3465 3248 3527 3295 ut
3550 3240 3728 3296 imita
3742 3240 3793 3293 ri

2167 3328 2471 3402 passionem
2507 3327 2658 3384 illius
2685 3328 2921 3384 necdum
2948 3330 3105 3397 velit,
3130 3330 3189 3386 in
3220 3346 3334 3386 uno
3362 3338 3513 3403 poste
3540 3330 3794 3402 δεηευί-

2167 3435 2291 3475 nem
2343 3418 2518 3492 ponit.
2570 3442 2588 3465 ι
2648 3417 2873 3474 Necnon
2920 3418 3135 3492 Dialog.
3188 3417 3310 3487 lib.,
3358 3418 3424 3474 de
3462 3418 3687 3475 virtute
3719 3436 3799 3476 ac

2172 3511 2438 3584 mysterio
2466 3510 2709 3570 victimae
2739 3508 2994 3566 salutaris
3025 3509 3165 3566 dicit
3198 3509 3310 3580 (tib.
3346 3526 3421 3578 iv,
3462 3525 3587 3582 cap.
3616 3508 3733 3579 58)
3780 3528 3793 3564 :

2188 3626 2205 3648 ι
2245 3602 2394 3657 Inter
2447 3599 2565 3656 haec
2615 3606 2800 3655 autem
2856 3598 3197 3672 pensandum
3255 3606 3338 3655 est
3392 3597 3537 3672 quod
3592 3600 3802 3655 tutior

2177 3690 2265 3745 via
2293 3690 2386 3758 sit,
2417 3696 2481 3744 ut
2508 3688 2714 3745 bonum
2748 3687 2895 3762 quod
2935 3688 3164 3762 quisque
3194 3696 3316 3760 post
3347 3695 3581 3744 mortem
3610 3704 3800 3745 suam

2175 3784 2360 3851 sperat
2395 3777 2479 3851 agi
2511 3794 2608 3851 per
2643 3777 2806 3848 alios,
2848 3785 2971 3852 agat
3008 3776 3141 3833 dum
3181 3777 3328 3834 vivit
3365 3776 3479 3849 ipse
3516 3793 3617 3849 per
3656 3793 3735 3834 se
3784 3797 3799 3834 ;

2177 3866 2389 3924 beatius
2411 3867 2613 3940 quippe
2641 3874 2724 3923 est
2745 3867 2982 3923 liberum
3010 3866 3182 3933 exire,
3207 3882 3371 3942 quam
3402 3873 3522 3940 post
3547 3866 3808 3924 vincula

2179 3958 2487 4015 libertatem
2518 3974 2779 4032 quaerere.
2810 3957 3084 4015 Debemus
3113 3957 3298 4030 itaque
3328 3972 3564 4030 praesens
3588 3973 3808 4014 saecu-

2180 4049 2319 4118 lum,
2339 4049 2425 4105 vel
2448 4047 2577 4121 quia
2589 4047 2704 4120 jam
2725 4047 3097 4120 conspicimus
3119 4046 3437 4115 deﬂuxisse,
3454 4053 3574 4104 tota
3593 4056 3809 4103 mente

2182 4149 2552 4210 contemnere,
2582 4138 2910 4214 quotidiana
2937 4142 3052 4196 Deo
3082 4140 3449 4214 lacrymarum
3478 4138 3810 4209 sacriﬁcia,

2185 4228 2533 4302 quotidianas
2553 4228 2734 4284 carnis
2760 4226 2880 4300 ejus
2900 4227 3107 4285 hostias
3144 4229 3450 4284 immolare.
3475 4227 3605 4283 Haec
3624 4241 3811 4283 nam-

2186 4334 2290 4390 que
2320 4317 2674 4390 singulariter
2701 4317 2928 4375 victima
2953 4316 3020 4373 ab
3048 4327 3253 4374 aeterno
3282 4317 3509 4373 interitu
3531 4316 3811 4373 animam

484 4384 694 4440 Pascha
743 4384 916 4440 veteri
965 4400 1275 4444 sermonem
1319 4387 1450 4459 agit,
1502 4387 1581 4443 ita
1621 4387 1689 4445 de
1736 4396 2078 4446 sacramento
2111 4436 2159 4494 D
2190 4384 2310 4480 (iuge
2340 4384 2563 4465 illam”.
2595 4407 2757 4465 nobis
2795 4415 3027 4464 mortem
3057 4406 3406 4479 congenitam
3434 4421 3525 4479 per
3560 4413 3818 4477 mysta-

482 4482 730 4555 corporis
758 4491 812 4539 et
843 4484 1127 4556 sanguinis
1163 4485 1390 4542 Domini
1420 4486 1497 4542 ait
1531 4504 1542 4542 :
1590 4511 1609 4535 ι
1648 4487 1900 4559 Purgatis
1927 4487 2075 4542 enim

487 4572 621 4629 solis
660 4581 715 4629 et
743 4573 963 4631 lavacro
987 4575 1345 4647 indulgentiae
1374 4577 1610 4633 caelestis
1648 4578 1884 4650 expiatis
1912 4578 2080 4650 perci-

487 4660 675 4733 piendi
706 4660 914 4719 Christi
952 4664 1198 4737 corporis
1225 4681 1377 4721 sacra
1404 4662 1426 4737 Γ
1432 4665 1558 4740 tibi]
1588 4666 1820 4722 facultas
1848 4666 2080 4740 porrigi-

487 4760 622 4817 tur;
677 4750 756 4805 ita
802 4768 922 4823 qua:
968 4752 1201 4824 ﬁgurata
1245 4755 1509 4812 Israelitis
1551 4756 1789 4825 fuerant,
1834 4758 1893 4813 in
1925 4757 2085 4815 nobis

490 4841 845 4900 corroborata
874 4853 1023 4913 sunt,
1054 4854 1108 4902 et
1136 4862 1257 4919 quae
1292 4847 1351 4904 in
1379 4848 1494 4904 illis
1519 4849 1806 4920 imagines,
1838 4850 1895 4904 in
1924 4848 2084 4905 nobis

492 4941 625 5015 ipsas
662 4949 793 4996 sunt
821 4940 1085 4997 veritates
1116 4960 1128 4998 :
1167 4942 1530 5000 imitabantur
1558 4944 1641 5000 illi
1673 4944 1849 5001 facere
1878 4945 2085 5003 Pascha

492 5030 625 5086 dum
657 5030 716 5087 in
737 5029 1202 5088 similitudinibus
1222 5042 1628 5103 exercerentur,
1647 5034 1779 5091 solis
1797 5034 2087 5109 discipulis

495 5119 704 5179 Christi
734 5137 925 5179 verum
952 5121 1157 5179 Pascha
1187 5121 1436 5180 iacturis.
1460 5148 1478 5173 ι
1505 5123 1609 5181 Sed
1638 5133 1692 5181 et
1722 5127 1963 5198 psalmus
1991 5127 2085 5182 tri-

497 5213 737 5284 gesimus
767 5229 953 5271 nonus
981 5213 1040 5268 in
1070 5229 1136 5270 eo
1164 5213 1439 5272 versiculo
1468 5232 1595 5272 cum
1624 5216 1831 5274 dicitur
1856 5236 1868 5275 :
1912 5218 2086 5276 Sacri-

498 5302 674 5370 ficium
703 5308 752 5358 et
786 5302 1102 5359 oblationem
1145 5303 1387 5373 noluisti,
1428 5304 1636 5378 optime
1664 5314 1718 5362 et
1749 5306 1930 5364 lucide
1959 5322 2087 5379 qua-

500 5389 626 5445 liter
655 5407 854 5462 corpus
895 5392 1251 5452 Dominicum
1295 5393 1368 5450 sit
1394 5395 1778 5467 accipiendum
1825 5395 2085 5463 declarat,

501 5476 579 5530 ita
603 5476 859 5549 inquiens
891 5482 1123 5551 (Enarr.
1156 5484 1216 5538 in
1246 5484 1473 5556 psalm.)
1511 5501 1522 5540 :
1572 5508 1590 5533 ι
1621 5485 1757 5542 Cum
1789 5483 1975 5540 datum
2009 5491 2089 5538 est

503 5563 652 5635 quod
685 5567 1018 5638 promissum
1047 5579 1149 5639 est,
1180 5572 1362 5629 ablata
1385 5581 1515 5631 sunt
1544 5573 1711 5630 verba
1741 5573 2089 5645 promissiva,

2188 4498 2334 4554 rium
2379 4505 2629 4570 reparat;
2688 4496 2783 4572 qui
2828 4496 2957 4554 licet
3006 4512 3293 4568 resurgens
3329 4510 3360 4550 a
3390 4493 3625 4551 mortuis
3667 4492 3814 4566 jam

2191 4602 2304 4642 non
2354 4586 2612 4655 moritur,
2661 4594 2715 4642 et
2761 4602 2909 4643 mors
2950 4585 3000 4641 ei
3050 4585 3195 4642 ultra
3241 4601 3353 4640 non
3405 4582 3823 4641 dominabitur

2195 4676 2369 4748 (Rom.
2402 4693 2480 4746 γι,
2515 4676 2605 4746 9);
2642 4683 2827 4732 tamen
2867 4676 2925 4730 in
2959 4673 3139 4748 seipso
3185 4673 3574 4731 immortaliter
3617 4680 3820 4747 atque

2192 4764 2695 4838 iucorruptibiliter
2737 4764 2966 4831 vivens,
3003 4779 3102 4836 pro
3140 4762 3303 4820 nobis
3341 4764 3537 4819 iterum
3579 4760 3639 4817 in
3684 4761 3823 4821 hoc

2193 4854 2461 4928 mysterio
2491 4869 2657 4909 sacrm
2687 4852 2988 4909 oblationis
3026 4852 3367 4909 immolatur.
3418 4850 3551 4924 Ejus
3580 4850 3825 4926 quippe

2195 4945 2272 5003 ibi
2302 4961 2501 5017 corpus
2530 4943 2789 5013 sumitur,
2809 4940 2927 5014 ejus
2955 4958 3081 5000 caro
3109 4942 3167 4999 iu
3189 4941 3381 5016 populi
3411 4941 3644 4997 salutem
3670 4956 3824 5012 par-

2194 5037 2353 5105 titur,
2385 5035 2504 5109 ejus
2526 5033 2751 5107 sanguis
2776 5049 2887 5090 non
2905 5032 3017 5105 jam
3041 5032 3098 5088 in
3120 5048 3318 5088 manus
3337 5030 3677 5099 inﬁdelium,
3704 5032 3820 5088 sed

2197 5125 2256 5181 in
2279 5141 2377 5181 ora
2400 5124 2651 5181 ﬁdelium
2680 5122 2952 5181 funditur.
2987 5121 3130 5178 Hinc
3157 5136 3287 5194 ergo
3311 5135 3602 5194 pensemus
3631 5122 3821 5192 quale

2197 5215 2269 5272 sit
2298 5231 2397 5288 pro
2428 5214 2587 5270 nobis
2616 5213 2723 5269 hoc
2750 5210 3105 5280 sacriﬁcium,
3138 5209 3286 5284 quod
3316 5226 3415 5284 pro
3443 5209 3823 5266 absolutione

2196 5303 2373 5361 nostri
2431 5302 2742 5376 passionem
2773 5300 3045 5373 unigeniti
3077 5299 3208 5356 Filii
3245 5315 3463 5372 semper
3515 5298 3818 5359 imitatur.

2197 5393 2334 5462 Quis
2359 5392 2508 5449 enim
2546 5392 2793 5450 ﬁdelium
2837 5389 3039 5448 habere
3068 5387 3302 5446 dubium
3342 5387 3534 5462 possit,
3579 5387 3643 5444 in
3680 5387 3823 5460 ipsa

2200 5484 2602 5542 immolationis
2620 5482 2756 5540 hora
2773 5479 3160 5547 adsacerdotis
3179 5494 3370 5537 vocem
3385 5478 3554 5536 caelos
3569 5477 3817 5551 aperiri,

2200 5572 2258 5629 in
2310 5573 2407 5629 illo
2458 5573 2585 5629 Iesu
2642 5570 2847 5630 Christi
2902 5570 3173 5643 mysterio
3223 5569 3549 5643 angelorum
3596 5567 3824 5625 choros
