4070 6184
229 271 334 330 953

1503 276 1599 332 DE
1640 275 1811 336 VITA
1850 281 1904 338 S.
1946 283 2252 341 AIGULFI.

3427 305 3532 363 95’s

222 418 428 515 adesse,
499 414 733 472 summis
786 415 898 474 ima
965 419 1183 524 sociari,
1243 429 1461 521 terrena
1515 429 1832 524 coelestibus
1859 433 1908 493 A
1943 433 2064 490 lesti
2092 451 2230 508 pane
2255 436 2630 510 prohibemur,
2653 456 2684 495 a
2711 440 2917 498 Christi
2947 460 3174 517 corpore
3196 465 3527 524 separemur,

214 503 396 578 jungi,
415 521 587 562 unum
604 521 821 580 quoque
841 523 908 563 ex
927 509 1246 565 visibilibus
1266 517 1428 583 atque
1445 511 1824 574 invisibilibus

219 597 358 654 ﬁeri.
410 620 429 644 ι
493 595 1005 656 δεηθεοιδτὶεδὶῐηω
1047 602 1326 658 memoriae
1359 603 1667 677 Cyprianus
1697 626 1820 664 cum

219 685 525 742 orationem
575 687 922 745 Dominicam
954 699 1273 764 exponeret,
1311 701 1646 766 ventumque
1683 703 1823 751 esset

217 775 285 832 ad
334 775 392 832 id
454 777 600 850 quod
657 777 910 836 dicitur:
959 781 1156 837 Panem
1186 789 1425 837 nostrum
1454 785 1821 854 quotidianum

219 867 430 936 (Matth.
464 885 542 937 vi,
578 869 666 938 11)
711 887 724 925 :
775 871 1016 939 «Potest,
1049 872 1250 946 inquit,
1279 873 1578 946 dupliciter
1619 877 1793 948 accipi

216 964 271 1013 et
299 957 626 1030 spiritaliter
670 967 724 1015 et
754 960 1099 1033 simpliciter,
1142 964 1271 1036 quia
1296 972 1349 1019 et
1389 973 1615 1038 uterque
1644 967 1819 1022 intel-

217 1047 390 1103 lectus
427 1049 669 1104 utilitate
697 1049 888 1107 divina
922 1051 1139 1124 proﬁcit
1169 1052 1235 1107 ad
1257 1054 1488 1109 salutem
1525 1073 1536 1110 :
1568 1072 1693 1111 nam
1727 1074 1813 1130 pa-

215 1138 303 1194 nis
330 1137 457 1194 vitae
492 1139 746 1196 Christus
776 1148 878 1208 est,
909 1148 963 1196 et
997 1141 1154 1214 panis
1183 1143 1433 1199 omnium
1463 1160 1574 1201 non
1595 1155 1695 1214 est,
1721 1149 1812 1204 sed

217 1243 400 1291 noster
450 1244 569 1303 est;
630 1245 684 1293 et
742 1240 1016 1310 quomodo
1074 1241 1357 1298 dicimus:
1420 1244 1583 1298 Pater
1640 1253 1815 1301 noster

218 1324 400 1394 (Ibid.,
429 1327 510 1396 9),
550 1327 679 1400 quia
728 1328 1156 1402 intelligentium
1189 1339 1243 1387 et
1267 1332 1608 1391 credentium
1655 1336 1813 1392 Pater

216 1423 325 1482 est;
368 1416 446 1472 sic
485 1425 539 1472 et
583 1435 772 1488 panem
819 1428 1056 1476 nostrum
1088 1439 1368 1492 vocamus,
1401 1426 1527 1497 quia
1559 1425 1811 1483 Christus

214 1513 415 1573 noster,
451 1507 542 1579 qui
582 1523 780 1582 corpus
809 1508 927 1581 ejus
955 1511 1308 1581 contigimus,
1343 1511 1499 1583 panis
1525 1521 1625 1568 est.
1655 1513 1810 1570 Hunc

213 1600 393 1647 autem
425 1609 616 1666 panem
636 1594 751 1651 dari
784 1596 944 1654 nobis
964 1599 1209 1670 quotidie
1223 1602 1595 1672 postulamus;
1625 1619 1692 1658 ne
1715 1603 1806 1677 qui

211 1678 271 1737 in
303 1682 518 1741 Christo
555 1702 765 1755 sumus,
799 1695 853 1742 et
885 1689 1285 1746 Eucharistiam
1327 1693 1576 1765 quotidie
1614 1693 1680 1748 ad
1719 1693 1809 1750 ci—

1934 527 2052 600 ipso
2092 528 2420 600 praedicante
2463 538 2516 586 et
2549 540 2806 589 monente
2843 552 2854 588 :
2899 535 3014 608 Ego
3056 555 3169 594 sum
3207 545 3368 612 panis
3415 548 3534 603 vitae

1932 617 2024 687 qui
2045 617 2106 671 de
2124 618 2248 672 ccelo
2275 619 2548 677 descendi:
2582 623 2629 678 si
2647 625 2764 694 quis
2784 626 2948 681 ederit
2972 627 3034 682 de
3072 643 3180 682 meo
3213 646 3368 698 pane,
3400 633 3534 687 vivet

1930 706 1985 760 in
2023 713 2272 762 aeternum
2303 724 2314 760 :
2345 707 2502 778 panis
2531 717 2704 766 autem
2736 729 2886 784 quem
2913 732 3001 786 ego
3039 715 3226 771 dedero
3274 735 3373 786 pro
3421 719 3531 776 vita

1930 796 2128 864 sweuli,
2161 813 2285 852 caro
2311 813 2422 851 mea
2457 804 2529 852 est
2562 800 2742 868 (Joan.
2779 819 2832 857 γι
2861 803 2948 872 5|,
2977 804 3093 873 52).
3145 804 3374 872 Quando
3405 824 3532 882 ergo

1928 886 2064 943 dicit
2086 886 2143 941 in
2172 894 2439 943 aeternum
2467 887 2673 960 vivere,
2699 891 2741 946 si
2766 892 2889 964 quis
2916 895 3090 950 ederit
3113 895 3178 951 de
3200 896 3316 967 ejus
3354 915 3491 971 pane
3515 917 3528 967 ;

1928 983 1988 1032 ut
2021 976 2369 1032 manifestum
2400 985 2481 1032 est
2511 994 2602 1033 eos
2632 980 2838 1049 vivere,
2873 983 2964 1054 qui
3001 1000 3200 1056 corpus
3229 985 3345 1057 ejus
3368 987 3531 1043 attin-

1927 1076 2080 1140 gunt,
2113 1076 2167 1125 et
2216 1069 2620 1126 Eucharistiam
2655 1071 2780 1142 jure
2830 1077 3369 1134 communicationis
3398 1079 3534 1136 acci-

1925 1160 2085 1233 piunt
2111 1179 2121 1215 :
2155 1160 2230 1216 ita
2262 1168 2451 1216 contra
2482 1162 2793 1217 timendum
2811 1171 2863 1218 et
2886 1167 3156 1222 orandum
3187 1176 3290 1237 est,
3312 1185 3379 1224 ne
3400 1170 3530 1225 dum

1923 1251 2046 1321 quis
2091 1249 2373 1305 abstentus
2421 1259 2700 1322 separatur
2750 1268 2779 1306 a
2813 1252 3018 1310 Christi
3051 1273 3298 1328 corpore,
3346 1274 3531 1312 rema-

1923 1346 2046 1394 neat
2097 1355 2128 1394 a
2155 1341 2422 1408 salute...,
2455 1341 2829 1397 comminante
2860 1343 2977 1417 ipso
3007 1353 3061 1401 et
3107 1346 3368 1425 dicente:
3411 1347 3532 1402 Nisi

1920 1429 2363 1486 manducaveritis
2399 1449 2607 1486 carnem
2641 1431 2769 1488 Filii
2797 1435 3043 1504 hominis,
3076 1441 3122 1490 et
3152 1437 3383 1491 biberitis
3417 1436 3530 1506 ejus

1919 1518 2272 1588 sanguinem,
2345 1537 2450 1575 non
2507 1521 2756 1576 habebitis
2808 1523 2968 1578 vitam
3037 1524 3090 1578 in
3144 1525 3286 1581 vobis
3342 1527 3551 1596 (Joan-

1921 1626 1975 1675 v,
2022 1607 2138 1678 5i).
2191 1609 2259 1664 Et
2307 1609 2430 1664 ideo
2473 1627 2666 1682 panem
2701 1619 2972 1682 nostrum,
3014 1613 3070 1670 id
3097 1623 3177 1670 est
3215 1614 3522 1684 Christum,

1918 1695 2035 1752 dari
2079 1696 2236 1753 nobis
2303 1699 2548 1769 quotidie
2580 1701 2836 1772 petimus,
2902 1711 2964 1759 ut
3022 1704 3116 1776 qui
3175 1705 3232 1762 in
3307 1705 3526 1763 Christo

214 1772 344 1830 bum
375 1778 566 1834 salutis
583 1778 903 1852 accipimus,
945 1781 1318 1841 intercedente
1343 1785 1529 1858 aliquo
1560 1785 1808 1858 graviore
1841 1808 1885 1866 Β
1922 1801 2204 1842 manemus
2235 1794 2287 1842 et
2321 1788 2582 1857 vivimus,
2612 1806 2642 1844 a
2666 1772 3100 1849 sanctiﬁcatione
3139 1792 3256 1868 ejus
3304 1802 3358 1850 et
3393 1811 3527 1852 cor—

212 1864 415 1921 delicto
444 1865 578 1922 dum
612 1867 848 1925 abstenti
877 1879 932 1927 et
980 1887 1092 1928 non
1123 1875 1596 1931 communicantes
1633 1893 1664 1932 a
1699 1893 1820 1933 cm-

1931 1892 2059 1948 pore
2082 1892 2191 1932 non
2221 1878 2556 1934 recedamus.
2590 1902 2607 1924 ι

832 2190 1255 2298 VITA
1372 2191 2028 2301 SANCTI
2153 2194 2908 2306 AIGULFI

1320 2396 1583 2444 ABBATIS
1625 2397 1934 2444 LEBINENS
1975 2397 2052 2443 ET
2095 2397 2423 2446 MARTYRIS.

1184 2507 1233 2570 A
1249 2507 1344 2570 UC
1354 2507 1561 2570 TORE
1599 2508 1826 2571 ADRE
1838 2509 1931 2570 VA
1940 2509 2098 2570 LDO
2139 2510 2366 2572 ΜΟΝΑ
2379 2510 2556 2584 CHO,

1461 2642 1646 2714 (Apud
1677 2641 1888 2698 Mabill.
1921 2641 2017 2697 ubi
2049 2644 2255 2716 supra.)

1640 2792 2061 2802 -—-————————

1433 2896 1912 2963 OBSERVATIO
1969 2899 2293 2964 PPuEVIA.

1653 3070 2066 3082 *φα-

299 3183 530 3266 Legerat
561 3183 878 3266 Laurentius
905 3184 1176 3266 Su_riusS.
1205 3186 1440 3242 AiGULri
1455 3201 1551 3241 seu
1578 3185 1797 3258 Aygulﬁ
1823 3185 2087 3258 [Aigulfe,
2115 3187 2280 3266 al.__S.
2317 3187 2525 3266 Ayoul]
2548 3187 2741 3266 _Yitam
2760 3187 2827 3242 ab
2857 3187 3514 3266 Aonavauooscriptam,

211 3255 680 3329 auctoristamen
713 3259 933 3312 nomine.
954 3258 1294 3324 destitutam,
1325 3273 1551 3329 eamque
1578 3274 1607 3312 a
1628 3255 1688 3313 se
1709 3255 2044 3313 contractam
2074 3255 2127 3313 et
2157 3259 2267 3313 alio
2295 3255 2441 3328 stylo
2469 3255 2740 3313 redditam
2770 3274 2916 3313 anno
2953 3257 3087 3313 1580
3111 3255 3375 3312 ediderat.
3402 3258 3523 3329 Non

206 3325 429 3409 placuit
459 3326 582 3409 Vita
612 3327 840 3409 suriana
869 3329 1166 3409 Vincentio
1201 3329 1430 3395 Barrali,
1463 3325 2005 3409 'qui,_translat_ioni§
2040 3330 2093 3386 S.
2125 3325 2430 3409 _l_3_et_iedicti
2464 3330 2522 3409 in
2573 3329 2806 3409 Galli-am
2855 3330 3146 3409 obscurare
3178 3328 3521 3409 memoriam

202 3397 428 3480 volens,
453 3398 624 3480 aliam
658 3400 846 3480 Vitam
873 3418 944 3454 ea:
966 3401 1135 3480 variis
1165 3418 1287 3480 mss.
1308 3397 1744 3480 peraniiq‘iiisque
1772 3402 1920 3480 codd.
1959 3402 2194 3480 σφηᾳὸἰί
2223 3401 2522 3480 Leripensis
2552 3401 2908 3480 conipilomm,
2940 3400 3227 3480 eliminata
3245 3400 3520 3480 praedicta:

201 3469 620 3551 translationis.
645 3472 986 3551 narratione,
1012 3472 1281 3551 vulgavit,
1309 3469 1458 3527 anno
1509 3469 1668 3551 l6i3_,'
1698 3475 1752 3526 in
1787 3471 2182 3551 Chronologia.
2207 3489 2316 3551 sua_
2353 3469 2673 3527 Lerinensi.’
2701 3471 2856 3551 Quod
2903 3471 3122 3551 quidem
3159 3471 3217 3526 in
3246 3469 3519 3551 monacho

205 3542 624 3623 congregationi
661 3542 990 3623 .Cassiriensi
1032 3543 1275 3623 addicto
1300 3551 1579 3623 utcunque
1605 3543 1934 3623 ferendum,
1968 3541 2185 3623 probari
2238 3544 2428 3623 utique
2461 3559 2570 3623 non
2607 3549 2782 3623 potest
2828 3541 3516 3623 in-recensioneSuriana,

206 3627 359 3667 anno
409 3612 560 3691 i_61§_
576 3613 833 3691 Coloniae
855 3613 1015 3691 facta,
1059 3613 1401 3691 cuj,__rejecta
1434 3612 1618 3691 priori
1651 3615 1881 3671 historia
1911 3632 1941 3670 a
1969 3612 2140 3691 Surio
2176 3612 2420 3691 probaita,
2464 3612 2700 3671 Barralis
2729 3614 3048 3691 compilatio
3083 3614 3298 3691 inserta
3317 3621 3418 3669 est.
3442 3613 3518 3691 _ln

207 3699 316 3760 ms.
349 3683 472 3740 cod.
499 3683 836 3740 Floriacensi
866 3683 1144 3758 S.Aigulﬁ
1165 3683 1334 3742 Vitaa
1355 3683 1514 3742 nobis
1537 3686 1627 3744 hic
1655 3703 1914 3760 germano
1942 3703 2005 3743 ac
2031 3683 2221 3743 nativo
2249 3687 2394 3760 stylo
2429 3694 2814 3760 repriesentata
2842 3683 3004 3744 istam
3035 3686 3254 3758 praefert
3284 3686 3520 3756 inscrip-

207 3755 424 3811 tionem
455 3773 466 3812 :

1130 3912 1652 3988 l-’RO(EMIUM
1713 3914 2020 3987 PATRIS
2073 3913 2589 3988 ADBEVALDI

631 4062 710 4124 de
754 4061 896 4125 Vita
945 4068 1009 4126 et
1052 4061 1356 4128 Passione
1398 4065 1783 4127 venerabilis
1824 4064 2120 4130 monachi
2162 4067 2423 4130 AIGULFI
2468 4067 2898 4133 Eloriacensis
2943 4067 3108 4131 loco.

689 4211 816 4269 Vita:
851 4217 1151 4267 sanctorum
1181 4213 1353 4270 utiles.

292 4300 342 4354 1.
361 4299 688 4356 Sanctorum
717 4299 1254 4375 fortissimorumque
1267 4302 1471 4360 Christi
1489 4303 1818 4360 athletarum

205 4391 302 4464 pia
319 4389 598 4462 arduaque
622 4391 944 4457 certamina,
977 4393 1178 4465 quibus
1215 4393 1496 4449 diabolum
1531 4395 1820 4451 mundum-

204 4497 319 4554 que
350 4481 1186 4555 truculentumtriumpharunt,
1225 4482 1424 4540 litteris
1451 4487 1817 4553 committere,

203 4571 601 4643 succiduisque
620 4573 1012 4642 transmittere,
1055 4589 1166 4627 non
1188 4588 1301 4628 esse
1321 4571 1694 4645 cujuscunque
1705 4573 1820 4628 ofﬁ-

203 4661 388 4729 cium,
423 4676 584 4716 nemo
604 4669 686 4717 est
711 4677 846 4734 pene
879 4662 974 4735 qui
1008 4679 1116 4718 non
1143 4662 1310 4718 norit.
1343 4661 1561 4718 Etenim
1617 4663 1821 4720 talibus

205 4748 532 4806 rudimenta
558 4749 899 4807 credentium
930 4751 1166 4824 ﬁdeique
1200 4752 1441 4825 auspicia
1473 4753 1815 4824 dedicantur,

204 4847 329 4919 spei
345 4846 548 4904 ﬁducia
561 4846 1380 4917 adultianimantur,charitatis
1401 4847 1502 4920 piae
1529 4848 1819 4907 dulcedine

201 4936 444 5009 perfecti
478 4937 845 5005 delectantur,
887 4939 1098 4993 cautela
1139 4938 1427 5010 agonothze
1456 4955 1525 4994 ne
1556 4957 1818 4997 succum-

200 5025 350 5080 bant
375 5027 532 5098 quasi
561 5027 794 5099 quodam
821 5028 941 5082 oleo
967 5027 1362 5100 perfundetur;
1414 5036 1468 5082 et
1496 5029 1540 5084 si
1575 5031 1818 5085 lassave-

200 5116 348 5184 rint,
371 5114 476 5172 hoc
503 5116 1192 5174 medicaminefortitudini
1214 5117 1460 5190 pristinae
1492 5119 1813 5178 redduntur.

202 5205 333 5262 Huc
365 5206 577 5263 accedit
602 5207 748 5280 quod
774 5216 1088 5264 sanctorum
1123 5207 1392 5276 societati,
1425 5223 1561 5280 quos
1576 5209 1688 5280 jam
1721 5227 1816 5265 re-

196 5295 355 5352 tinet
380 5295 742 5354 beatitudinis
771 5299 924 5355 sinus
954 5297 1114 5353 nobis
1144 5297 1326 5354 adhuc
1355 5297 1704 5367 interclusus,
1727 5299 1816 5356 his

194 5384 401 5442 allecti
466 5385 782 5459 frequenter
857 5387 1209 5443 intersumus.
1287 5387 1470 5458 Neque
1521 5386 1668 5442 enim
1723 5404 1815 5445 eos

195 5481 440 5546 propter
486 5475 821 5532 lineamenta
859 5476 1143 5549 diligimus
1186 5475 1476 5542 forinseca,
1526 5476 1619 5532 sed
1668 5479 1813 5548 quod

1851 4216 1894 4276 C
1927 4216 2265 4284 inseruntur,
2298 4217 2450 4290 quasi
2482 4233 2577 4289 per
2606 4217 2880 4290 quoddam
2902 4218 3185 4288 speculum
3214 4220 3281 4274 ad
3308 4223 3528 4275 nostros

1933 4305 2132 4361 montis
2167 4307 2356 4363 oculos
2383 4307 2764 4378 praesentanda
2806 4305 3162 4361 reducuntur.
3206 4306 3250 4359 E
3288 4321 3522 4377 quorum

1931 4397 2162 4468 collegio
2203 4413 2302 4453 nos
2331 4395 2495 4452 unius
2536 4396 2720 4451 Vitam
2749 4394 3185 4468 passionemque,
3219 4391 3276 4447 id
3305 4401 3386 4449 est
3421 4393 3524 4448 Ai-

1932 4487 2062 4557 gulﬁ
2093 4485 2338 4551 nomine,
2371 4485 2542 4557 ipsius
2575 4501 2760 4540 amore
2783 4500 2878 4556 pro
2910 4499 3019 4555 quo
3049 4481 3128 4538 sic
3157 4481 3301 4536 vixit
3327 4490 3380 4537 et
3406 4497 3523 4553 pas-

1931 4592 2022 4630 sus
2067 4583 2166 4644 est,
2205 4575 2411 4647 scripto
2461 4572 2780 4630 tradendam
2830 4571 3203 4645 suscepimus;
3256 4585 3366 4626 non
3397 4569 3522 4624 freti

1931 4665 2136 4737 ingenii
2167 4666 2488 4734 acrimonia,
2540 4666 2632 4722 sed
2683 4665 2832 4722 illius
2870 4662 3156 4737 juvaniine
3185 4663 3278 4737 qui
3315 4662 3525 4735 linguas

1931 4757 2225 4813 infantium
2257 4757 2386 4814 facit
2415 4757 2646 4814 disertos
2680 4776 2690 4813 :
2741 4765 2794 4814 et
2822 4755 2978 4829 cujus
3018 4755 3346 4829 promissum
3394 4761 3526 4808 tan-

1929 4863 2091 4919 quam
2145 4846 2516 4904 ﬁrmissimam
2583 4855 2834 4904 tenemus
2888 4847 3182 4904 anchoram
3243 4843 3520 4902 dicentis:

1929 4937 2094 5007 Aperi
2121 4954 2177 4993 os
2210 4943 2356 4992 tuum
2391 4944 2438 4992 et
2466 4955 2552 5006 ego
2582 4937 2802 5009 implebo
2833 4937 2970 4993 illud
3007 4937 3181 5008 (Psal.
3215 4936 3414 5004 Lxxx).

1999 5026 2056 5083 2.
2114 5026 2219 5084 Sed
2264 5043 2375 5082 non
2412 5042 2498 5082 me
2539 5027 2679 5098 fugit
2709 5025 3070 5099 quorumdam
3119 5039 3248 5079 usus
3309 5034 3523 5091 semper

1926 5117 2366 5188 quaeritantium,
2399 5132 2506 5188 quo
2549 5117 2766 5172 dentem
2817 5119 3054 5173 lacerum
3103 5115 3266 5184 ﬁgere
3297 5117 3518 5182 queant,

1926 5222 2158 5277 quorum
2187 5205 2368 5262 forsan
2392 5207 2663 5262 sententia
2693 5207 2800 5261 erit
2825 5225 2835 5262 :
2863 5204 3006 5272 Quid
3029 5202 3186 5258 nobis
3207 5199 3399 5256 rudem
3430 5199 3519 5256 ad-

1925 5293 2149 5361 ducitis,
2181 5295 2269 5349 vel
2293 5295 2476 5367 potius
2503 5293 2821 5365 conﬁngitis
2846 5299 3140 5363 martyrem
3159 5289 3187 5345 ?
3216 5289 3358 5345 Num
3395 5303 3519 5344 eum

1924 5383 2124 5457 aliquis
2144 5399 2240 5456 pro
2259 5383 2365 5438 ﬁde
2392 5383 2598 5442 Christi
2614 5383 2891 5456 jugulavit
2911 5387 3320 5454 persecutorum
3340 5379 3368 5436 ?
3411 5382 3520 5438 An-

1923 5476 2204 5550 tiquorum
2233 5483 2315 5531 est
2347 5477 2451 5531 tale
2480 5483 2787 5548 martyrum
2834 5483 3127 5547 tropaeum,
3178 5491 3288 5533 non
3320 5473 3518 5531 novitii

194 5562 480 5636 pulchros
545 5564 804 5622 novimus
872 5567 1198 5623 meritorum
1271 5564 1653 5638 praerogativa,
1694 5581 1818 5639 qua:
1851 5578 1897 5636 Ι)
1931 5566 2167 5638 alicujus
2193 5565 2378 5621 minus
2409 5572 2564 5622 caute
2593 5563 2840 5621 caventis
2879 5561 3109 5620 insidias
3143 5563 3517 5646 inimicorum,

194 5652 346 5710 dum
384 5657 586 5713 nostris
613 5657 872 5714 cordibus
919 5675 1015 5732 per
1044 5657 1330 5715 historiam
1360 5672 1548 5714 eorum
1599 5658 1825 5717 recitata
1931 5657 2020 5714 cui
2050 5658 2167 5713 laus
2190 5672 2354 5730 quam
2387 5653 2710 5712 brevissima
2763 5654 2808 5709 si
2841 5651 3141 5722 emerserit,
3172 5652 3405 5710 suﬁiciat
3432 5651 3508 5717 ei.
