4078 6182
461 233 567 290 955

1444 228 1862 286 ADREVALDI
1903 227 2401 288 FLORIACENSIS
2439 231 2760 292 MONACHI

3659 237 3765 294 956

464 383 609 453 Quid
655 383 803 440 enim
847 381 1169 456 praejndicat
1216 389 1402 440 uturm
1457 389 1584 439 ante
1635 381 2064 455 quadringentos
2096 387 2146 447 Α
2173 392 2394 456 propter
2423 384 2705 444 Christum
2741 387 2918 459 capite
2947 386 3153 460 plexit;
3189 396 3242 445 et
3298 405 3408 446 non
3439 389 3624 464 potius
3651 392 3775 465 quia

465 475 553 530 vel
569 474 838 532 ducentos
863 489 1036 529 annos
1063 472 1264 544 aliquis
1287 478 1592 544 martyrum
1615 472 1804 544 agonis
1827 473 1912 528 sui
1941 488 2062 528 cur-

465 580 586 619 sum
633 563 1078 620 consummarit?
1128 562 1518 635 Nunquidnam
1571 562 1848 635 inspector
1895 571 2064 618 certa-

469 660 634 716 minis
651 659 795 716 idem
811 659 1162 732 semperest?
1190 657 1294 714 Sed
1322 658 1440 714 haec
1467 674 1578 713 non
1600 666 1730 713 sunt
1764 658 1916 714 velut
1937 659 2067 714 vina

468 749 763 822 pensanda,
797 765 921 821 quae
969 765 1077 821 quo
1121 746 1444 815 vetustiora,
1479 763 1543 802 eo
1581 748 1762 803 solent
1794 763 1908 803 esse
1938 763 2069 817 gra-

469 839 628 896 tiora.
678 837 783 894 Sed
827 832 964 905 esto,
1010 854 1119 894 non
1159 854 1282 894 eum
1331 844 1740 909 persecutorum
1782 835 2068 909 quisquam

470 928 747 985 interfecit
801 944 898 1000 pro
937 927 1143 986 Christi
1200 928 1584 995 confessione;
1640 943 1773 982 num
1804 927 2070 982 Joannem

471 1019 631 1077 illum
691 1020 836 1076 inter
889 1027 1047 1077 natos
1107 1020 1404 1076 mulierum
1461 1017 1766 1074 maximum
1833 1016 2074 1073 Herodes

2174 475 2519 531 adversarius
2547 476 2596 532 ei
2622 476 2680 532 in
2703 476 2793 531 via
2822 475 3134 548 iniquitatis
3163 478 3400 548 exstitit,
3433 489 3658 553 propter
3683 497 3771 538 ve~

2175 565 2557 637 ritatem,quze
2589 567 2732 621 Deus
2761 573 2861 634 est,
2891 582 3014 622 eum
3048 566 3209 623 rebus
3233 567 3494 623 humanis
3524 570 3776 626 exemit?

2178 655 2413 725 Ideoque
2441 654 2485 710 si
2533 653 2758 711 aliunde
2805 653 3100 727 quidquam
3134 657 3464 729 proruperit,
3503 658 3650 731 quod
3680 675 3776 732 pro

2177 746 2240 802 B.
2273 746 2482 801 Joanne
2512 745 2831 818 susceperit,
2856 745 2962 802 hoc
2993 753 3048 802 et
3076 762 3174 818 pro
3193 747 3298 803 isto
3319 748 3440 804 viro
3472 749 3770 806 venerabili

2180 851 2235 890 se
2259 836 2533 907 suscipere
2561 836 2756 892 debere
2784 836 3116 892 meminerit.
3161 837 3258 893 His
3286 855 3416 910 ergo
3464 855 3628 912 quam
3665 839 3779 896 bre.

2181 924 2402 981 vissime
2433 925 2753 998 praelibatis,
2787 927 2854 983 ad
2883 923 3514 996 narrationem,Christo
3542 945 3778 1003 praeeuno

2183 1022 2234 1070 te
2253 1023 2308 1070 et
2340 1023 2526 1072 nostra
2555 1016 2848 1072 conamina
2861 1014 3112 1088 juvante,
3143 1018 3453 1074 veniamus.

1728 1198 2134 1273 INCIPIT
2223 1197 2515 1271 VITA.

994 1344 1247 1417 Aigul/us
1284 1346 1532 1401 Blesceus.

543 1446 596 1503 3.
634 1446 841 1503 Morem
898 1443 1067 1500 fuisse
1121 1444 1476 1518 antiquorum
1535 1457 1632 1496 seu
1679 1439 2071 1495 modernorum

469 1535 820 1607 scriptorum,
854 1540 916 1588 ut
946 1531 1104 1604 cujus
1134 1541 1283 1604 gesta
1311 1539 1465 1588 erant
1499 1530 1746 1597 relaturi,
1774 1527 1891 1600 ejus
1922 1526 2074 1598 prius

470 1634 525 1683 et
549 1642 720 1698 genus
749 1632 803 1680 et
831 1623 1082 1680 nativum
1105 1624 1478 1696 exprimerent
1501 1621 1702 1687 solum,
1736 1619 1898 1676 etiarn
1930 1616 2074 1672 sim-

471 1713 710 1788 plicibus
735 1713 1044 1786 quibusque
1088 1720 1254 1784 patet.
1289 1712 1534 1779 Quorum
1567 1727 1666 1766 nos
1715 1723 1931 1782 quoque
1963 1721 2072 1761 non

471 1812 822 1876 aspernantes
853 1819 1034 1870 usum,
1071 1802 1130 1856 B.
1167 1800 1371 1872 Aigulli
1401 1799 1630 1872 patriam
1677 1813 1954 1869 genusque
1985 1811 2076 1850 ne-

473 1891 776 1948 scientibus
823 1890 1131 1962 signiﬁcare
1192 1905 1468 1946 curamus.
1521 1887 1774 1945 Castrum
1825 1888 2077 1943 Blesense

477 1981 676 2050 (Blois)
708 1980 766 2036 in
792 1981 956 2034 latere
981 1978 1267 2050 cujusdam
1288 1986 1369 2032 est
1399 1980 1566 2033 situm
1591 1976 1816 2043 montis,
1841 1975 1932 2031 cui
1950 1990 2076 2030 con-

473 2067 685 2139 tignum
717 2075 800 2123 est
860 2066 1017 2121 littus
1065 2065 1302 2136 Ligerici
1349 2065 1547 2131 amnis,
1600 2064 1858 2136 idemque
1917 2062 2078 2133 Liger

477 2158 549 2229 (le
563 2157 716 2227 Loir)
748 2154 974 2228 perinde
1006 2155 1411 2226 praeterlabens,
1463 2162 1660 2226 praeter
1706 2153 1941 2226 piscium
1975 2169 2079 2208 co-

475 2245 643 2319 piam,
667 2262 829 2319 quam
856 2246 936 2300 illi
964 2247 1081 2302 loco
1111 2245 1414 2300 solemnius
1443 2243 1655 2299 caeteris
1675 2243 1922 2311 exhibet,
1949 2241 2076 2297 alia-

477 2351 596 2391 rum
629 2350 846 2408 quoque
877 2334 1118 2406 frugum,
1149 2333 1264 2388 vini
1289 2332 1500 2389 scilicet
1529 2340 1581 2387 et
1605 2331 1679 2387 rei
1704 2331 2078 2387 frumentariae

476 2431 904 2498 ceterarumque
923 2423 1178 2480 humanae
1203 2423 1570 2480 necessarium
1594 2429 1803 2478 naturze
1829 2437 2077 2494 magnam

477 2522 829 2588 repraesentat
877 2515 1129 2586 gratiam.
1169 2513 1347 2586 Hujus
1392 2515 1513 2587 pagi
1546 2523 1600 2570 et
1655 2511 1820 2571 castri
1871 2512 2080 2568 incolas

478 2605 648 2660 fuisse
678 2612 930 2676 parentes
960 2605 1020 2661 Β.
1052 2605 1278 2676 Aigulﬁ,
1312 2605 1620 2661 certissima
1645 2604 1911 2659 relatione
1936 2601 2078 2658 didi-

479 2693 690 2750 cimus:
729 2710 841 2749 non
869 2693 1091 2766 quidem
1125 2695 1361 2749 multum
1392 2693 1677 2766 sanguinis
1705 2692 1805 2747 alti
1836 2689 2076 2746 ventosi.

479 2791 591 2839 tate
621 2783 884 2838 sublimes
902 2799 1003 2839 nec
1023 2800 1190 2855 opum
1220 2783 1585 2839 mundialium
1608 2781 1888 2836 alIIuentia
1917 2779 2080 2834 tumi-

480 2873 600 2940 dos,
633 2880 786 2927 tanta
807 2881 991 2927 tamen
1013 2874 1164 2943 prole
1185 2872 1392 2927 felices.
1418 2873 1550 2926 Erat
1567 2871 1714 2926 enim
1738 2885 2080 2925 unuseorum

481 2963 549 3020 de
575 2961 776 3034 quibus
803 2960 1135 3031 Apostolus:
1168 2960 1394 3030 Inﬁrma
1427 2959 1610 3013 mundi
1637 2959 1821 3028 hujus,
1876 2958 2078 3028 inquit,

483 3057 531 3106 et
551 3049 959 3122 contemptibilia
979 3048 1128 3120 elegit
1147 3049 1310 3116 Deus,
1331 3053 1378 3103 et
1402 3065 1463 3102 ea
1481 3063 1597 3117 qua:
1622 3063 1727 3100 non
1749 3047 1933 3117 sunt(I
1953 3047 2079 3102 Cor.

485 3139 550 3212 ι).
585 3139 688 3196 Hic
717 3155 845 3211 ergo
877 3138 1083 3194 indblis
1113 3137 1333 3210 quidem
1368 3143 1583 3192 aetatem
1635 3136 1871 3208 qualiter
1901 3144 2089 3191 trans—
2123 3125 2165 3186 Ο

484 3231 656 3303 egerit
685 3237 907 3285 narratu
932 3229 1158 3286 difﬁcile
1183 3237 1265 3285 est
1291 3248 1304 3297 ;
1338 3230 1574 3302 qualiter
1602 3229 1815 3286 scilicet
1839 3229 2086 3287 ecclesiae

485 3318 646 3376 dulce
674 3318 931 3374 habuerit
977 3319 1194 3374 assidue
1257 3326 1432 3374 terere
1480 3317 1694 3387 limina,
1745 3318 2088 3373 sacerdotum

485 3407 765 3482 obsequiis
781 3407 1070 3475 inservire,
1090 3408 1406 3481 vigiliarum
1431 3408 1681 3464 excubiis
1701 3424 1919 3480 operam
1938 3407 2087 3476 dare,

488 3517 790 3574 pauperum
843 3501 1264 3558 necessitatibus
1333 3517 1432 3572 pro
1485 3499 1698 3556 viribus
1741 3515 2087 3566 concurrere,

463 3596 773 3663 totumque
819 3606 876 3644 se
901 3590 958 3644 in
985 3589 1104 3644 dies
1129 3588 1377 3660 singulos
1427 3588 1663 3644 hostiam
1713 3588 1918 3656 vivam,
1952 3604 2090 3643 san-

487 3687 652 3746 ctam,
682 3681 794 3734 Deo
819 3679 1148 3750 placentem,
1181 3677 1239 3732 in
1265 3694 1357 3732 ara
1385 3679 1470 3732 sui
1500 3678 1683 3734 cordis
1725 3677 2092 3749 spiritualiter

488 3767 726 3823 Domino
759 3767 1017 3840 Spiritum
1047 3775 1302 3823 mactare.

783 3893 845 3948 B.
886 3891 1164 3950 Mummoli
1202 3893 1498 3966 disciplima
1535 3909 1587 3948 se
1615 3891 1800 3948 tradit.

561 3991 613 4049 lt.
647 3991 720 4049 At
736 4007 868 4047 vero
889 3990 983 4047 ubi
1009 4005 1182 4048 annos
1201 3993 1415 4065 appulit
1433 3990 1763 4064 juventutis,
1791 3992 1958 4066 erepit
1977 4007 2092 4049 esse

491 4083 644 4140 oneri
673 4098 784 4138 non
811 4082 975 4139 modo
1005 4082 1141 4151 vita,
1169 4083 1261 4139 sed
1283 4091 1337 4139 et
1360 4083 1580 4140 habitus
1616 4085 1898 4140 saecularis
1926 4103 1937 4140 :
1973 4100 2089 4139 vero

491 4171 750 4247 sabatque
776 4172 962 4228 animo
983 4189 1222 4246 quonam
1247 4181 1404 4246 pacto
1424 4172 1541 4246 ejus
1574 4174 1900 4233 retinaculis
1930 4174 2089 4231 abru-

493 4263 625 4336 ptis,
684 4269 890 4318 mutata
936 4271 1102 4330 sorte,
1136 4263 1344 4322 Christi
1386 4263 1744 4338 compedibus
1796 4265 2092 4331 salubriter

491 4351 684 4424 pedem
715 4352 1035 4410 innecteret.
1061 4351 1166 4408 Sed
1184 4354 1315 4410 dum
1339 4353 1398 4408 in
1419 4353 1507 4409 his
1526 4353 1952 4423 distenderetur,
1977 4371 2090 4408 mo-

492 4441 1000 4516 rasqueinnecteret
1019 4442 1208 4511 moris,
1229 4458 1353 4498 mox
1378 4443 1577 4500 consili
1596 4443 1829 4500 umutile
1844 4459 2085 4517 quaeren-

491 4529 562 4586 do
595 4530 795 4604 (neque
814 4532 961 4587 enim
985 4538 1138 4588 tanta
1159 4547 1243 4587 res
1283 4533 1552 4604 praecipiti
1583 4549 1640 4589 se
1667 4533 1831 4590 debet
1867 4532 2087 4589 credere

493 4621 788 4690 voluntati,
806 4621 901 4678 sed
921 4623 1150 4678 multam
1172 4623 1616 4680 retractationem
1639 4624 1771 4679 talia
1789 4624 2093 4696 postulant)

492 4726 682 4766 rumor
708 4709 854 4766 beati
886 4710 993 4766 viri
1024 4710 1313 4768 Mummoli
1343 4711 1560 4768 abbatis
1591 4712 1957 4769 Floriacensis
1977 4711 2097 4785 ejus

493 4813 649 4853 aures
672 4806 930 4870 occupat:
962 4799 1108 4854 fama
1137 4815 1374 4873 namque
1394 4801 1526 4857 vitae
1547 4799 1665 4873 ejus
1695 4801 1854 4872 longe
1882 4803 2097 4875 lateque

492 4891 787 4950 ferebatur.
823 4894 936 4950 Hac
957 4893 1145 4950 audita
1173 4893 1436 4966 opinione
1476 4895 1708 4967 impiger
1736 4902 1985 4950 sanctum
2017 4896 2097 4950 vi-

493 4998 614 5039 rum
639 4981 791 5039 adire
819 4980 1117 5054 audireque
1145 4983 1364 5053 quaesiit
1388 5002 1400 5040 :
1429 5000 1538 5057 quo
1565 4983 1734 5050 adito,
1760 4983 2096 5041 desiderium

493 5089 602 5146 quo
648 5070 746 5128 diu
775 5070 1037 5143 ﬂagrabat
1075 5071 1310 5143 aperuit,
1341 5079 1396 5127 et
1433 5079 1496 5127 ut
1531 5088 1588 5128 se
1633 5089 1862 5130 numero
1906 5091 2096 5132 eorum

493 5176 630 5233 quos
653 5162 710 5217 in
737 5160 926 5218 schola
955 5159 1162 5217 Christi
1196 5159 1520 5216 instituebat
1549 5160 1832 5232 insereret,
1879 5162 2097 5219 humil-

493 5252 627 5307 lima
664 5250 928 5324 petitione
959 5249 1278 5322 postulavit.
1311 5249 1469 5318 Quod
1499 5251 1692 5308 beatus
1723 5251 1812 5308 vir
1844 5252 2093 5316 audiens,

494 5355 644 5396 more
665 5339 974 5413 disciplina
990 5354 1204 5411 semper
1218 5339 1396 5396 amico
1416 5346 1469 5395 et
1501 5341 1736 5414 regulari
1758 5341 1886 5398 vitae
1909 5342 2093 5411 solito,

495 5426 692 5485 diebus
716 5429 1056 5501 probationis
1081 5431 1408 5486 transcursis
1427 5437 1480 5486 et
1506 5431 1848 5504 probationis
1879 5447 2097 5503 compe-

499 5515 741 5572 tentibus
770 5519 1119 5588 transcensis,
1155 5520 1371 5592 corpori
1415 5529 1618 5578 sanctas
1657 5521 2096 5594 congregationis

494 5618 603 5659 suae
634 5603 809 5661 veluti
852 5608 1160 5664 membrum
1189 5608 1446 5666 idoneum
1479 5609 1682 5666 univit.

2766 1357 3024 1428 Religiose
3060 1356 3206 1413 vivit.

2251 1473 2306 1530 5.
2339 1471 2488 1528 Idem
2515 1480 2698 1528 autem
2750 1473 2920 1530 caulae
2949 1472 3210 1546 indeptus
3262 1474 3602 1542 mouastica,
3655 1491 3783 1531 mox

2182 1570 2441 1636 Operante
2494 1561 2668 1617 sancti
2711 1561 2949 1634 Spiritus
2998 1562 3226 1631 virtute,
3259 1563 3428 1636 coepit
3481 1570 3785 1619 monstrare

2182 1652 2384 1708 animal
2415 1668 2471 1707 se
2501 1668 2617 1708 esse
2639 1652 2905 1708 mundum
2927 1660 2981 1707 et
3003 1653 3148 1724 gregi
3179 1660 3369 1726 aptum
3391 1652 3624 1710 caelesti.
3658 1653 3786 1709 Eni-

2108 1765 2152 1824 B
2182 1739 2331 1796 tebat
2362 1741 2420 1795 in
2446 1757 2510 1796 eo
2552 1743 2702 1797 velut
2730 1742 2789 1796 in
2819 1757 2920 1797 ove
2967 1741 3302 1799 innocentia
3331 1743 3560 1815 puritas,
3593 1745 3649 1800 in
3681 1745 3781 1799 im-

2191 1829 2342 1900 perio
2368 1831 2715 1903 propriorum
2739 1829 3110 1886 membrorum
3133 1847 3261 1887 vera
3272 1831 3507 1888 arietina
3529 1841 3784 1906 potestas,

2193 1920 2247 1974 in
2280 1921 2425 1976 bello
2451 1922 2793 1979 daemonibus
2843 1921 3054 1979 indicto
3103 1923 3511 1995 quodammodo
3572 1926 3787 1981 taurina

2194 2009 2516 2065 inflexibilis
2542 2011 2858 2078 auctoritas,
2893 2012 2949 2066 in
2979 2011 3150 2067 animi
3183 2011 3423 2085 puritate
3469 2013 3788 2069 columbina

2192 2099 2444 2167 dulcedo,
2501 2100 2558 2154 in
2615 2100 2865 2156 castitate
2912 2101 3113 2156 mentis
3163 2109 3217 2157 et
3262 2103 3510 2176 corporis
3561 2105 3791 2160 turturis

2193 2189 2468 2244 munditia
2516 2190 2912 2262 praeeminens:
2963 2206 3064 2246 nec
3101 2190 3535 2246 ob|i\iscebatur
3590 2193 3650 2247 in
3681 2193 3793 2265 lege

2193 2279 2331 2335 illud
2355 2280 2558 2335 animal
2582 2281 2849 2336 mundum
2873 2280 3090 2336 decerni
3107 2280 3253 2354 quod
3277 2284 3537 2354 ungulam
3563 2282 3727 2338 ﬁndit
3743 2291 3794 2338 et

2192 2372 2436 2426 ruminat
2479 2373 2633 2442 (Leo.
2664 2376 2748 2443 xx)
2777 2390 2787 2428 :
2847 2371 3078 2446 ideoque
3120 2373 3338 2444 ungula:
3371 2372 3705 2429 divisionem
3739 2375 3796 2428 in

2192 2460 2524 2516 discretione
2555 2461 2914 2534 intelligebat,
2947 2479 3056 2518 non
3087 2464 3263 2518 solum
3285 2463 3415 2519 boni
3438 2471 3492 2519 et
3524 2464 3675 2531 mali,
3702 2463 3800 2519 sed

2192 2551 2357 2608 etiam
2382 2551 2582 2606 interni
2608 2552 2850 2608 hominis
2873 2569 3110 2608 causam.
3136 2555 3302 2610 Porro
3337 2555 3395 2609 in
3425 2553 3802 2610 ruminatione

2194 2643 2347 2697 verbi
2374 2642 2466 2697 Dei
2490 2643 2708 2699 tenebat
2733 2643 3007 2699 assiduam
3030 2643 3467 2714 meditationem,
3490 2643 3803 2700 secundum

2195 2733 2340 2806 quod
2371 2733 2640 2788 Dominus
2684 2733 2854 2790 dicit:
2909 2735 3123 2804 Oportet
3163 2751 3365 2805 semper
3403 2752 3578 2801 orare,
3612 2740 3658 2788 et
3689 2749 3806 2787 non

2194 2823 2409 2892 deﬁcere
2439 2822 2591 2891 (Luc.
2627 2824 2815 2893 xvm).
2850 2823 2920 2878 Et
2966 2822 3290 2879 Psalmista:
3322 2822 3652 2889 Benediram,
3707 2820 3807 2876 in-

2195 2911 2338 2982 quit,
2361 2911 2646 2966 Dominum
2672 2912 2729 2966 in
2759 2913 2902 2967 omni
2933 2918 3197 2983 tempore:
3222 2929 3423 2983 semper
3454 2913 3571 2967 laus
3596 2911 3713 2981 ejus
3747 2911 3810 2965 in

2195 3019 2283 3055 ore
2299 3017 2410 3055 meo
2429 3002 2602 3069 (Psal.
2629 3002 2861 3072 xxxut).
2894 3003 2997 3057 Tot
3017 3017 3144 3074 ergo
3174 3002 3377 3058 coactis
3406 3001 3506 3058 sub
3546 3017 3654 3057 uno
3683 3018 3712 3053 ι
3731 3001 3815 3055 ir-

2195 3091 2427 3158 tutibus,
2460 3092 2633 3146 veluti
2668 3092 2838 3164 pinax
2878 3092 3205 3165 spiritualis,
3237 3093 3485 3148 omnium
3531 3092 3822 3148 vernabat

2201 3180 2373 3254 gratia
2397 3180 2668 3235 virtutum
2695 3199 2709 3248 ;
2749 3189 2804 3237 et
2832 3199 2898 3238 ne
2937 3183 3176 3256 aliquam
3207 3191 3358 3238 tanta
3408 3189 3619 3256 possent
3649 3180 3826 3236 bona

2199 3272 2478 3326 incurrere
2505 3270 2799 3342 jacturam,
2847 3271 3038 3344 agebat
3086 3272 3232 3344 quod
3273 3272 3341 3328 de
3384 3273 3504 3327 viro
3533 3271 3828 3327 scribitur

2193 3358 2364 3432 justo,
2397 3360 2528 3433 quia
2551 3360 2911 3416 meditabitur
2943 3361 2998 3416 in
3030 3361 3144 3431 lege
3171 3361 3394 3416 Domini
3424 3361 3512 3417 die
3537 3377 3598 3415 ac
3627 3370 3815 3417 nocte

2203 3449 2375 3520 (Psal.
2434 3450 2499 3518 ι).
2534 3450 2594 3504 In
2643 3448 2802 3521 cujus
2857 3449 3250 3506 exercitatione
3297 3449 3367 3506 ad
3425 3449 3481 3505 id
3535 3448 3789 3504 culminis

2199 3538 2395 3607 evasit,
2429 3545 2490 3594 ut
2523 3555 2632 3594 non
2672 3539 2834 3595 modo
2858 3539 3439 3612 comprovincialibus,
3488 3537 3577 3594 sed
3626 3536 3774 3592 etiam

2201 3630 2388 3702 procul
2420 3627 2614 3701 positis
2643 3627 2759 3700 ejus
2790 3628 3044 3685 doctrina
3073 3628 3340 3684 miraculo
3369 3630 3539 3685 foret:
3579 3625 3778 3682 Divini-

2201 3719 2300 3774 tati
2331 3735 2460 3774 vero
2486 3718 2630 3791 quod
2655 3718 3100 3792 magnipenderet
3131 3735 3256 3774 eum
3277 3719 3364 3775 cui
3395 3718 3523 3773 talia
3549 3715 3777 3772 contule-

2201 3815 2285 3864 rat
2341 3809 2548 3879 munia,
2591 3807 2764 3881 signis
2809 3824 2898 3865 am
2951 3807 3304 3866 evidentibus
3347 3806 3627 3864 ostendere
3680 3804 3782 3878 pla-

2199 3897 2337 3955 cuit.

2330 4041 2511 4099 Sancti
2533 4042 2801 4100 Benedicti
2829 4043 3088 4116 reliquias
3117 4043 3173 4100 in
3205 4042 3440 4102 Galliam
3467 4040 3654 4113 defert.

2273 4166 2323 4223 6.
2353 4167 2599 4242 Namque
2629 4171 2738 4226 Deo
2768 4169 3043 4237 amabilis,
3094 4178 3149 4226 et
3175 4176 3294 4226 toto
3323 4167 3454 4225 orbe
3495 4165 3788 4224 celebratus

2200 4265 2361 4330 atque
2389 4259 2686 4328 canendus,
2719 4261 3090 4334 regularisque
3111 4260 3240 4317 vitae
3259 4258 3551 4332 singularis
3576 4256 3786 4313 institu-

2199 4353 2289 4405 tor
2317 4350 2667 4420 Benedictus,
2724 4351 2782 4406 in
2824 4351 3212 4409 Beneventana
3265 4350 3550 4426 provincia
3609 4346 3791 4404 multis

2200 4442 2635 4516 praecedentibus
2663 4443 2825 4499 annis
2856 4443 2984 4499 vitae
3025 4442 3190 4514 hujus
3235 4443 3489 4498 ultimam
3533 4440 3791 4495 clauserat

2195 4533 2367 4602 diem,
2401 4541 2455 4589 et
2501 4533 2558 4589 in
2603 4541 2781 4590 castro
2824 4533 3050 4592 Cassino
3095 4542 3378 4608 acceperat
3424 4531 3803 4604 sepulturam:

2205 4625 2298 4684 sed
2329 4632 2451 4698 post
2483 4641 2596 4681 non
2627 4626 2864 4683 multum
2895 4627 3182 4700 temporis,
3222 4625 3524 4683 secundum
3552 4621 3837 4695 prophe-

2206 4716 2338 4774 tiam
2369 4715 2614 4787 ejusdem
2636 4716 2972 4772 sanctissimi
3001 4716 3134 4782 viri,
3162 4715 3309 4772 idem
3341 4717 3494 4772 locus
3533 4729 3566 4769 a
3593 4712 3844 4786 Longo-

2205 4804 2391 4862 hardis
2417 4813 2609 4876 captus
2629 4813 2792 4878 atque
2813 4805 2870 4861 in
2892 4821 3137 4862 eremum
3175 4813 3257 4861 est
3300 4803 3570 4860 redactus.
3600 4800 3844 4860 Volens

2205 4902 2388 4951 autem
2411 4892 2605 4948 divina
2634 4893 2906 4966 depositio
2937 4902 2990 4950 et
3020 4894 3267 4966 praedicti
3308 4891 3641 4950 sanctissimi
3697 4892 3838 4949 viri

2207 4983 2487 5056 reliquias,
2517 4992 2579 5040 ut
2607 4984 2840 5056 dignum
2870 4994 3007 5055 erat,
3031 4985 3240 5042 honore
3268 5001 3514 5056 congruo
3533 4987 3835 5053 venerari,

2206 5081 2262 5129 et
2287 5074 2622 5130 Gallicarum
2646 5081 2824 5147 partes
2849 5091 2945 5147 per
2963 5091 3150 5131 earum
3171 5074 3474 5130 adventum
3511 5071 3834 5139 consolari,

2205 5163 2460 5236 apparuit
2469 5161 2583 5234 jam
2608 5162 2758 5219 dicto
2785 5163 3024 5235 benigno
3051 5163 3236 5220 abbati
3267 5162 3592 5231 Mummolo,
3627 5163 3832 5232 preci-

2208 5253 2363 5325 piens
2399 5259 2460 5308 ut
2488 5251 2812 5325 praedictum
2843 5252 3130 5325 Aigulfum
3171 5253 3241 5309 ad
3298 5251 3588 5310 Cassinum
3645 5265 3835 5321 usque

2207 5349 2452 5397 montem
2493 5341 2611 5398 sive
2659 5348 2902 5397 castrum
2945 5342 3212 5410 mitteret,
3256 5347 3534 5415 quatenus
3578 5337 3832 5411 piissimi

2206 5432 2490 5489 Benedicti
2542 5448 2664 5489 ossa
2691 5433 3109 5490 transveheret:
3157 5431 3307 5506 quod
3353 5439 3409 5488 et
3457 5431 3669 5487 factum
3698 5445 3835 5486 esse

2205 5529 2442 5578 constat.
2476 5523 2587 5578 Deo
2608 5537 2845 5594 namque
2866 5529 3037 5578 semet
3063 5520 3405 5594 praecedente
3433 5526 3488 5576 et
3530 5518 3679 5574 viam
3700 5517 3754 5588 ej
3765 5535 3842 5573 ns

2208 5611 2540 5667 mirabiliter
2565 5619 2916 5685 prosperante
2945 5619 3160 5668 tantum
3193 5625 3446 5668 emensus
3494 5609 3618 5674 iter,
3667 5607 3838 5664 {acili
