4070 6184
267 247 378 307 957

1559 238 1653 296 DE
1694 237 1862 296 VITA
1899 239 1954 296 S.
1999 239 2306 298 AIGULFI.

3467 244 3574 307 9.38

266 397 485 458 indicio
514 393 664 470 quod
680 391 978 467 quarebat,
1000 391 1220 466 reperit,
1244 399 1298 448 et
1320 399 1594 465 repertum
1624 394 1867 452 maximo
1898 397 1948 456 A
1975 394 2043 451 ad
2072 394 2189 454 haec
2215 398 2491 470 pertinent
2520 398 2712 472 pedem
2742 399 3058 457 dilectionis
3089 399 3418 472 detenderit,
3453 402 3570 458 for-

264 505 396 548 cum
430 484 680 558 tripudio
710 483 779 540 ad
809 485 1022 540 Patrem
1045 483 1138 557 qui
1168 500 1224 539 se
1257 483 1478 539 miserat
1499 484 1734 540 revexit.
1767 483 1869 542 Cu-

258 579 358 652 jus
386 575 519 633 facti
551 573 989 646 dignoscentiam
1040 573 1086 628 si
1134 572 1258 645 quis
1302 573 1680 645 scrupulosius
1710 590 1869 632 nosse

265 666 445 740 cupit,
479 664 656 722 libelli
689 663 756 720 de
785 663 886 720 hac
913 679 969 718 re
1010 661 1302 735 compositi
1337 663 1433 735 (ad
1455 681 1584 720 ann.
1619 665 1746 736 653)
1779 665 1867 720 le-

263 757 455 817 ctione
493 754 777 812 addiscere
811 753 1012 826 quibit.

531 852 710 910 Abbas
737 850 1032 906 Lirinensis
1058 851 1279 924 efﬁcitur
1307 851 1578 923 Aigulfus.

345 945 398 1002 7.
430 925 571 1000 Haec.
591 958 677 996 res
708 940 836 997 licet
875 941 974 996 illo
1013 942 1094 997 nil
1125 943 1252 997 talia
1292 943 1505 998 curanti
1541 943 1865 1000 immensam

264 1043 381 1092 tam
412 1031 557 1106 apud
588 1046 792 1101 regem,
821 1045 983 1102 quam
1010 1029 1220 1087 aulicos
1249 1033 1398 1086 viros
1430 1032 1639 1104 peperit
1678 1040 1868 1089 sancto

265 1125 396 1180 viro
424 1119 733 1179 sanctitatis
747 1118 1087 1191 opinionem.
1121 1121 1294 1193 Igitur
1318 1138 1442 1177 cum
1477 1121 1621 1176 fama
1640 1123 1868 1178 virtutis

267 1213 389 1286 ejus
435 1219 488 1267 et
529 1209 831 1282 fragrantia
860 1209 1169 1265 sanctitatis
1199 1209 1404 1283 ubique
1445 1220 1864 1284 respergeretur,

267 1312 323 1359 et
351 1300 597 1375 lychnus
629 1301 750 1371 igne
782 1299 1097 1354 divinitatis
1124 1316 1384 1356 accensus
1407 1299 1520 1372 jam
1553 1318 1717 1374 super
1745 1319 1867 1357 can-

264 1393 557 1450 delabrum
582 1390 777 1446 divino
791 1388 1006 1461 judicio
1032 1391 1162 1462 poni
1193 1391 1442 1459 deberet;
1463 1407 1586 1448 ecce
1613 1392 1868 1448 monachi

268 1480 593 1538 monasterii
626 1480 928 1535 Lirinensis
948 1490 967 1514 ³
996 1489 1194 1553 [ιι-ωε,ιο
1224 1481 1446 1547 adsunt,
1489 1490 1732 1555 petentes
1761 1483 1866 1555 spi-

268 1573 529 1630 ritualem
561 1569 668 1626 sibi
698 1569 927 1626 attribui
958 1571 1193 1626 Patrem.
1227 1571 1376 1626 Idem
1409 1587 1646 1643 namque
1684 1589 1868 1628 mona-

269 1662 500 1720 sterium
559 1677 684 1717 cum
718 1660 947 1732 antiqua
993 1659 1241 1718 ﬂoruerit
1289 1663 1670 1735 praerogativa,
1702 1664 1780 1719 ita
1809 1675 1870 1722 ut

1983 485 2278 542 nicationis
2303 504 2412 543 non
2443 489 2678 562 effugere
2705 489 2917 548 crimen
2945 509 2958 558 ;
3011 498 3066 546 et
3105 491 3231 548 ideo
3263 493 3570 553 feriendum

1981 574 2252 631 sententia
2276 577 2454 633 David
2483 595 2589 651 qua
2613 578 2750 635 dicit
2773 597 2783 634 :
2807 579 3098 635 Perdidisti
3126 598 3300 635 omnes
3319 583 3410 652 qui
3447 583 3575 652 for-

1979 665 2228 722 nicantur
2255 669 2349 724 abs
2387 676 2431 724 te
2489 672 2661 740 (Psal.
2704 673 2884 743 Lxxu)
2949 673 3047 729 His
3076 681 3130 728 et
3162 673 3366 730 talibus
3399 675 3573 732 veluti

1982 761 2229 817 medicus
2275 760 2584 834 spiritualis
2639 761 2905 819 antidotis
2947 765 3199 836 mysticis
3247 781 3357 820 non
3411 762 3575 820 modo

1982 850 2185 907 mederi
2234 851 2592 923 languoribus
2643 851 2898 908 studebat
2950 853 3333 924 praesentibus,
3385 854 3482 912 sed
3522 860 3577 910 et

1979 939 2183 996 futuris
2211 940 2436 995 obviare
2467 940 2743 995 nitebatur
2773 941 3162 997 incommodis.

2086 1031 2359 1087 Lirinense
2405 1031 2775 1086 monasterium
2828 1030 2940 1100 ejus
2994 1049 3126 1087 cura
3161 1033 3466 1102 reﬂorescit.

2050 1122 2103 1178 9.
2159 1120 2364 1178 Aderat
2407 1129 2589 1176 autem
2638 1122 2910 1177 Dominus
2950 1121 3068 1193 ejus
3112 1122 3425 1191 conatibus,
3457 1121 3574 1179 sine

1980 1210 2137 1282 cujus
2179 1209 2466 1282 juvamine
2510 1210 2712 1266 frustra
2752 1211 3004 1266 laborant
3035 1210 3126 1283 qui
3161 1210 3437 1267 aediﬁcant
3467 1211 3578 1268 do-

1983 1315 2155 1355 mum.
2190 1298 2417 1353 Tantam
2447 1297 2684 1370 denique
2730 1299 2962 1370 gratiam
3009 1299 3277 1355 Dominus
3321 1298 3440 1370 ejus
3477 1300 3574 1355 im-

1982 1389 2172 1462 pertiri
2200 1389 2457 1460 dignatus
2485 1397 2566 1445 est
2596 1389 2885 1458 doctrinae,
2936 1397 2996 1445 ut
3027 1407 3137 1446 non
3172 1398 3390 1447 tantum
3422 1408 3572 1466 prae-

1982 1491 2161 1537 sentes
2190 1497 2314 1536 eum
2345 1498 2470 1560 cum
2504 1481 2744 1536 maxima
2780 1482 3037 1538 audirent
3066 1481 3355 1549 aviditate,
3387 1483 3483 1540 sed
3521 1489 3577 1538 et

1982 1570 2038 1626 hi
2073 1573 2166 1644 qui
2195 1573 2327 1628 olim
2371 1589 2402 1627 a
2451 1571 2783 1628 monasterio
2825 1571 3162 1639 defecerant,
3200 1589 3416 1628 summo
3447 1589 3572 1628 cum

1979 1663 2169 1720 ardore
2216 1663 2554 1736 repedarent,
2627 1670 2680 1718 et
2730 1662 3138 1734 congregationi
3197 1670 3369 1718 semet
3420 1663 3571 1720 uniri

269 1752 392 1824 ejus
422 1751 735 1824 magisterio
753 1751 913 1822 longe
930 1750 1146 1822 lateque
1171 1752 1328 1822 plura
1359 1752 1588 1808 fundata
1610 1754 1722 1808 sint
1755 1755 1870 1810 loca
1901 1762 1946 1820 Β
1982 1753 2300 1825 gauderent.
2330 1752 2562 1808 Cernere
2603 1759 2717 1807 erat
2747 1751 3138 1807 monasterium
3171 1751 3345 1808 veluti
3381 1752 3574 1809 alvea-

268 1843 502 1900 servitio
533 1850 658 1915 apta
705 1839 933 1908 divino;
984 1857 1047 1898 eo
1100 1850 1278 1898 tamen
1326 1850 1594 1916 tempore,
1647 1853 1870 1902 auctore

270 1937 521 2005 diabolo,
554 1945 864 2008 emergente
911 1935 1210 2002 discordia,
1257 1953 1416 1993 secus
1453 1955 1614 2011 quam
1647 1939 1872 1998 decebat

273 2045 361 2083 res
401 2025 752 2082 vacillabant.
797 2025 932 2083 Cum
979 2041 1106 2096 ergo
1161 2027 1228 2082 ad
1286 2043 1464 2098 regem
1514 2045 1871 2102 proceresque

273 2117 393 2188 ejus
423 2116 602 2170 delata
631 2124 773 2170 esset
811 2114 1202 2186 praedictorum
1245 2117 1541 2188 postulatio
1565 2119 1872 2174 monacho-

274 2223 421 2273 rum,
441 2213 494 2261 et
525 2205 610 2273 (ut
640 2206 864 2276 assolet)
890 2219 987 2260 rex
1017 2205 1364 2261 consiliarios
1383 2223 1616 2278 quorum
1635 2209 1870 2265 auctori-

274 2301 385 2350 tate
412 2293 806 2365 rempublicam
831 2294 1204 2351 administrari
1227 2295 1511 2352 constabat
1540 2299 1870 2367 consuleret,

274 2382 408 2455 quid
440 2382 537 2437 tali
568 2381 712 2438 facto
741 2399 878 2454 opus
907 2393 1074 2455 esset;
1103 2401 1212 2439 vox
1235 2401 1363 2445 una.
1396 2384 1664 2441 dissensio
1696 2389 1870 2454 nulla,

275 2472 439 2528 talem
465 2479 790 2544 tantumque
814 2472 994 2526 virum
1015 2472 1110 2527 tali
1134 2481 1385 2543 oportere
1408 2474 1528 2529 loco
1551 2474 1754 2546 praeﬁci
1781 2493 1874 2548 per

274 2576 440 2634 quem
485 2569 692 2616 certum
725 2559 866 2615 foret
907 2567 960 2616 et
989 2561 1228 2631 collapsa
1257 2561 1413 2633 erigi,
1455 2569 1509 2616 et
1542 2563 1785 2633 neglecta
1817 2564 1872 2618 in

275 2649 569 2720 antiquum
587 2656 790 2705 statum
823 2648 1129 2703 reformari.
1157 2648 1299 2716 Quid
1323 2650 1492 2704 multa
1513 2651 1541 2705 ἲ)
1569 2651 1759 2707 beatus
1777 2652 1872 2707 Ai-

277 2739 466 2809 gulfus
491 2737 796 2810 quamlibet
832 2737 1075 2793 renitens
1099 2743 1261 2809 atque
1285 2739 1559 2794 reluctans
1580 2756 1762 2796 coram
1783 2741 1873 2796 ad-

276 2826 528 2893 ducitur,
558 2843 798 2900 curaque
829 2826 879 2882 ei
911 2826 1229 2882 monasterii
1261 2827 1528 2899 przelibati
1569 2829 1876 2900 imponitur

277 2919 552 2988 gaudente
579 2935 721 2990 rege,
743 2917 1261 2990 exsultantibusque
1281 2917 1399 2989 ejus
1421 2919 1787 2990 principibus,
1811 2937 1875 2976 eo

277 3006 431 3079 quod
452 3007 616 3062 talem
642 3005 785 3079 gregi
810 3022 909 3062 suo
934 3005 1360 3078 praeponendum
1383 3008 1464 3063 eis
1486 3009 1875 3066 monstraverit

282 3103 587 3168 pastorem.
638 3095 784 3150 Licet
829 3112 1064 3169 namque
1104 3105 1355 3152 sanctum
1403 3095 1585 3152 virum
1623 3114 1722 3153 sua
1751 3099 1873 3169 plus

282 3185 598 3240 mulcerent
615 3183 1100 3251 silentia,attamen
1127 3185 1410 3255 apostolici
1443 3202 1553 3240 non
1587 3187 1880 3247 immemor

283 3280 409 3326 erat
439 3271 706 3342 praacepti,
739 3289 846 3345 quo
885 3271 1203 3344 praecipitur
1251 3281 1311 3328 ut
1352 3273 1534 3329 omnis
1567 3274 1751 3329 anima
1781 3291 1876 3346 po-

280 3359 574 3416 testatibus
587 3360 1001 3417 sublimioribus
1021 3361 1241 3416 subdita
1263 3361 1336 3417 sit
1365 3363 1543 3434 (Rom.
1575 3363 1703 3432 xm)
1736 3363 1878 3419 :ani-

280 3449 396 3503 mal
428 3465 660 3523 namque
693 3451 999 3516 oculatum,
1039 3457 1094 3504 et
1137 3449 1384 3522 undique
1419 3451 1880 3524 circumspectum

276 3546 422 3606 erat,
441 3546 497 3593 et
519 3547 579 3595 ut
604 3538 1025 3594 immaculatum
1057 3546 1320 3606 maneret,
1341 3539 1475 3595 hinc
1505 3540 1632 3596 inde
1649 3541 1880 3598 circum-

277 3631 581 3706 spectabat.
634 3633 755 3686 .Iam
812 3646 944 3685 vero
998 3629 1151 3685 oneri
1215 3633 1562 3702 superposito
1609 3634 1881 3691 cervicem

277 3737 623 3794 supponens,
673 3718 870 3775 fratres
917 3728 1198 3793 susceptos
1245 3719 1402 3788 adiit,
1436 3727 1490 3776 et
1535 3722 1663 3794 quia
1694 3722 1882 3796 opinio

279 3809 402 3884 ejus
412 3810 525 3884 jam
549 3825 742 3865 eorum
766 3824 922 3865 aures
937 3810 1225 3879 allexerat,
1250 3810 1388 3867 laetis
1416 3826 1540 3867 eum
1566 3811 1884 3868 devotionis

279 3900 698 3971 amplectuntur
727 3898 916 3965 ulnis;
962 3914 1163 3972 eosque
1197 3907 1251 3955 et
1292 3899 1408 3972 ipse
1447 3901 1727 3974 reciproco
1754 3917 1886 3974 gre-

280 3986 443 4045 miali
475 3986 806 4046 confovebat
836 4001 1042 4041 amore.

676 4088 951 4144 Prreclara
980 4086 1092 4142 suis
1128 4085 1222 4141 dat
1250 4085 1471 4141 monita.

358 4177 413 4236 8.
449 4176 626 4250 Coepit
658 4177 868 4233 interea
898 4177 954 4233 in
994 4193 1184 4233 eorum
1227 4174 1591 4232 interioribus
1621 4175 1772 4232 arvis
1792 4193 1889 4232 se-

285 4266 446 4324 mina
472 4264 653 4322 divini
703 4281 880 4322 serere
926 4265 1104 4335 verbi,
1162 4282 1271 4339 quo
1310 4264 1532 4322 doceret
1587 4281 1680 4321 eos
1733 4265 1889 4321 vitiis

285 4358 313 4434 [
341 4359 445 4426 at.,
474 4356 633 4412 vanis
662 4355 684 4432 ]
728 4355 1004 4412 abdidatis
1031 4355 1304 4412 virtutum
1337 4355 1602 4428 prendere
1630 4355 1884 4412 culmen:

1981 1841 2121 1895 rium
2157 1839 2430 1912 quoddam
2463 1857 2654 1896 omnes
2694 1840 2933 1911 recipere
2971 1839 3346 1908 advenientes,
3391 1841 3484 1913 qui
3518 1857 3575 1896 se

1981 1945 2107 2000 apes
2141 1927 2456 1984 Dominicas
2494 1935 2587 1982 aut
2637 1943 2751 1982 esse
2799 1937 2893 1983 aut
2939 1927 3082 1982 velle
3133 1929 3248 1984 fore
3279 1928 3525 1983 ferebant
3561 1947 3572 1984 :

1981 2032 2197 2072 necnon
2227 2017 2575 2073 secularium
2623 2017 2828 2071 multos
2874 2032 2972 2071 sua
3014 2015 3285 2082 conferre,
3315 2023 3369 2070 et
3398 2016 3572 2087 spiri—

1982 2111 2155 2166 tualia
2185 2127 2215 2164 a
2244 2118 2434 2165 sancto
2464 2109 2586 2164 viro
2619 2109 2839 2174 referre,
2887 2106 2982 2179 qui
3011 2106 3314 2163 secundum
3348 2107 3576 2177 Aposto-

1982 2192 2096 2255 lum
2131 2199 2427 2255 seminanti
2480 2198 2774 2272 spiritalia,
2808 2215 2905 2254 sua
2946 2198 3201 2254 metenda
3229 2195 3577 2270 exponebant

1983 2293 2224 2349 carnalia
2275 2292 2332 2357 (Ι
2361 2293 2487 2347 Cor.
2522 2289 2631 2360 ιι).

2153 2382 2536 2438 Monachorum
2566 2381 2836 2434 malorum
2865 2378 3120 2448 factiones
3143 2379 3372 2450 patitur.

2057 2470 2140 2527 10.
2181 2471 2332 2526 Talia
2360 2484 2590 2525 cernens
2623 2468 2846 2524 invidus
2869 2468 3142 2536 diabolus,
3175 2466 3332 2538 cujus
3363 2467 3577 2522 invidia

1985 2579 2132 2618 mors
2183 2560 2437 2617 introixit
2483 2558 2538 2613 in
2581 2558 2768 2615 orbem
2815 2567 3110 2627 terrarum,
3156 2575 3296 2630 aegre
3327 2557 3570 2614 ferebat:

1983 2651 2204 2708 dolebat
2231 2667 2288 2706 se
2317 2650 2384 2705 ab
2415 2651 2486 2706 iis
2513 2651 2742 2722 expelli,
2771 2668 2908 2724 quos
2935 2649 3148 2704 dudum
3177 2647 3446 2720 gaudebat
3471 2645 3579 2704 sibi

1984 2741 2206 2812 subjici.
2239 2740 2475 2814 Ideoque
2502 2741 2740 2798 callidus
2781 2741 3097 2813 explorator
3124 2738 3191 2794 ad
3221 2746 3364 2796 artes
3389 2735 3576 2811 nequi-

1985 2832 2077 2888 tiae
2123 2831 2313 2886 solitas
2352 2830 2719 2898 convertitur,
2752 2831 3142 2902 exploraturus
3180 2835 3368 2884 utrum
3409 2826 3575 2882 inve-

1985 2920 2128 2975 niret
2173 2920 2412 2991 aliquem
2461 2935 2688 2974 suorum
2748 2920 2893 2974 inter
2937 2934 3067 2974 oves
3118 2916 3436 2974 Dominicas
3479 2913 3581 2970 sub

1982 3009 2149 3064 ovina
2197 2999 2338 3081 pelle
2392 3007 2685 3076 fuscatum,
2747 3009 2925 3064 sciens
2981 3007 3242 3080 quoniam
3288 3005 3580 3062 imitantur

1914 3121 1956 3180 ο
1987 3116 2111 3154 eum
2143 3098 2237 3172 qui
2286 3105 2415 3154 sunt
2454 3115 2524 3154 ex
2556 3105 2709 3169 parte
2757 3097 2893 3169 ejus.
2928 3097 3169 3152 Tandem
3210 3111 3338 3166 ergo
3382 3094 3583 3166 reperit

1989 3188 2160 3247 duos.
2219 3187 2418 3258 quibus
2479 3195 2738 3257 tanquam
2783 3185 2968 3240 ﬁstula
2998 3201 3128 3239 usus
3156 3182 3474 3252 serpentina
3521 3182 3576 3237 in

1990 3277 2262 3348 paradiso,
2304 3274 2543 3329 aliorum
2591 3273 2758 3330 corda
2809 3273 3164 3341 sollicitabat,
3198 3280 3252 3328 et
3279 3271 3345 3327 ad
3377 3271 3583 3328 discor-

1990 3367 2138 3422 diam
2167 3369 2413 3440 urgebat.
2458 3368 2665 3422 IIorum
2714 3382 2858 3421 unus
2888 3364 3216 3429 Archadius,
3257 3363 3394 3417 alter
3421 3362 3582 3418 dice-

1991 3457 2153 3513 batur
2198 3456 2500 3515 Columbus
2551 3455 2828 3512 contrario
2858 3453 2963 3510 sibi
2995 3461 3155 3509 utens
3186 3451 3411 3508 nomine
3445 3467 3456 3504 :
3487 3466 3582 3506 cor

1991 3562 2226 3619 namque
2253 3544 2371 3617 ejus
2400 3561 2512 3600 non
2538 3561 2570 3601 a
2600 3543 2811 3600 malitia
2839 3542 2986 3600 fellis
3015 3541 3282 3608 alienum,
3314 3539 3410 3596 sed
3439 3539 3585 3596 sicut

1992 3637 2271 3710 apostolus
2291 3636 2482 3690 Petrus
2497 3634 2709 3690 Simoni
2740 3635 2838 3701 ait,
2872 3633 2931 3688 in
2953 3633 3078 3688 felle
3103 3629 3512 3698 amaritudinis,
3531 3634 3585 3683 et

1993 3725 2327 3798 obligatione
2377 3723 2690 3797 iniquitatis
2717 3731 2834 3780 erat
2866 3739 3195 3780 conversum
3227 3722 3247 3793 (
3279 3722 3398 3777 Act.
3431 3719 3582 3789 vni).

1994 3817 2057 3872 ln
2104 3814 2301 3872 horum
2347 3830 2475 3887 ergo
2518 3813 2706 3882 corda,
2749 3813 2895 3870 sicut
2938 3820 2992 3868 et
3035 3812 3209 3880 Iudae,
3255 3810 3491 3866 immisit
3529 3823 3586 3864 se

1993 3904 2266 3975 diabolus,
2298 3912 2360 3962 ut
2393 3904 2711 3978 magistrum
2742 3901 3042 3969 traderent,
3073 3907 3344 3974 quatenus
3372 3914 3435 3954 eo
3467 3914 3586 3972 pro-

1995 3995 2184 4069 fugato
2227 4012 2359 4053 oves
2405 3996 2525 4052 sine
2574 4002 2790 4068 pastore
2818 3993 3140 4065 conﬂigatas
3193 3989 3588 4048 distraherent.

1995 4086 2184 4158 Itaque
2221 4085 2318 4140 diu
2361 4101 2458 4142 sua
2497 4086 2786 4142 occuluere
2831 4082 3142 4149 conamina,
3175 4081 3430 4138 clanculo
3453 4077 3587 4137 asci-

1997 4181 2210 4231 scentes
2237 4190 2348 4230 sua;
2378 4189 2515 4245 quos
2545 4183 2770 4245 potuere
2799 4172 3044 4243 perﬁdiae
3096 4170 3205 4227 Sed
3233 4171 3468 4243 quadam
3498 4167 3588 4224 die

1996 4280 2122 4319 cum
2170 4260 2279 4334 jam
2330 4269 2384 4316 et
2430 4277 2659 4316 numero
2706 4259 3068 4324 conﬁderent,
3120 4266 3175 4312 et
3206 4259 3414 4314 rabiem
3445 4258 3592 4312 ultra

1997 4354 2172 4408 celare
2199 4349 2510 4424 nequirent,
2551 4349 2731 4405 veluti
2772 4348 2993 4404 flamma
3019 4347 3118 4402 diu
3157 4362 3340 4419 pressa
3367 4353 3590 4417 repente

283 4449 578 4504 oculorum
608 4447 781 4502 aciem
816 4444 1151 4518 purgandam
1183 4443 1531 4513 interiorum,
1565 4445 1696 4517 quia
1729 4459 1885 4499 mun-
1916 4483 1963 4542 Β
1999 4443 2056 4498 in
2091 4440 2371 4514 publicum
2415 4446 2799 4514 prorumpunt.
2835 4436 3021 4494 Factio
3051 4436 3198 4491 enim
3236 4435 3508 4491 malorum
3559 4450 3590 4489 a

284 4535 395 4592 dus
425 4536 571 4592 Deus
599 4534 776 4590 videri
807 4533 1030 4589 nonnisi
1051 4532 1216 4590 claris
1245 4532 1533 4588 obtutibus
1563 4532 1762 4605 possit:
1791 4531 1886 4587 irae

287 4626 558 4681 festucam
588 4623 911 4695 trabemque
937 4622 1052 4680 odii
1093 4622 1312 4695 penitus
1340 4621 1773 4696 propellendam,
1807 4620 1887 4676 li-

288 4711 504 4769 bidinis
532 4711 745 4768 hostem
778 4728 890 4768 non
931 4711 1095 4768 modo
1122 4729 1154 4767 a
1191 4727 1442 4786 corpore,
1493 4728 1684 4768 verum
1725 4718 1782 4766 et
1819 4710 1888 4767 ab

289 4802 483 4859 animo
533 4818 881 4874 summopere
927 4801 1273 4858 arcendum:
1314 4817 1558 4858 asserens
1606 4817 1718 4858 non
1773 4816 1889 4858 esse

290 4891 522 4949 domum
565 4891 788 4966 dignam
844 4891 1188 4949 habitatione
1240 4891 1482 4964 Spiritus
1530 4893 1728 4960 sancti,
1777 4891 1889 4946 imo

293 4983 543 5055 refugere
608 4999 705 5040 cor
759 4981 1172 5040 colluvionibus
1227 4982 1533 5040 immundis
1589 4992 1888 5041 assuetum.

293 5072 570 5130 Mundum
616 5079 672 5128 et
707 5087 828 5144 quae
863 5071 982 5144 ejus
1019 5078 1168 5141 sunt,
1211 5088 1243 5127 a
1279 5072 1461 5128 cordis
1490 5089 1676 5129 amore
1703 5074 1893 5130 seclu-

291 5162 540 5219 dendum
586 5161 808 5236 penitus
835 5162 1136 5228 afﬁrmans,
1167 5161 1310 5218 nihil
1346 5169 1546 5234 praeter
1575 5163 1721 5234 quod
1749 5165 1894 5219 Deus

285 5251 462 5324 jussit
514 5252 571 5307 in
617 5252 744 5308 sede
791 5252 1018 5320 amoris,
1065 5249 1122 5309 id
1169 5260 1252 5308 est
1290 5253 1344 5307 in
1389 5251 1679 5324 principali
1712 5252 1896 5309 cordis

294 5339 614 5409 locandum,
655 5341 713 5398 id
745 5347 827 5397 est
863 5339 1218 5398 dilectionem
1267 5339 1365 5396 Dei
1406 5355 1568 5411 super
1597 5338 1803 5405 omnia,
1844 5345 1898 5394 et

295 5432 542 5506 proximi
571 5443 694 5507 post
724 5435 924 5491 Deum:
942 5439 996 5488 et
1021 5431 1271 5506 quisquis
1291 5440 1488 5504 praeter
1507 5429 1644 5498 haec,
1675 5437 1730 5486 et
1755 5445 1894 5503 quae.

370 5589 390 5613 ³
413 5581 477 5636 In
511 5580 666 5638 Actis
693 5596 725 5636 ι
752 5579 1051 5637 Vincentio
1094 5576 1306 5634 Barrali
1353 5574 1751 5634 consarcinatis
1791 5577 1901 5633 Ai-

298 5651 486 5720 gulfus
514 5653 670 5726 prius
691 5651 1022 5708 monasterio
1045 5649 1100 5707 S.
1122 5647 1362 5706 Anniani
1396 5648 1541 5720 apud
1570 5647 1901 5705 Aurelianos

1995 4531 2210 4588 duobus
2235 4531 2473 4588 excitata
2515 4528 2794 4600 signiferis
2827 4527 2962 4582 adeo
2999 4524 3302 4592 convaluit,
3345 4531 3406 4578 ut
3435 4523 3534 4578 vix
3561 4539 3592 4578 a

1998 4623 2248 4696 magistri
2273 4623 2421 4680 caede
2450 4629 2504 4678 et
2535 4621 2814 4678 bonorum
2844 4620 3096 4676 virorum
3131 4617 3227 4690 qui
3257 4615 3364 4672 sibi
3393 4615 3593 4672 adhae-

1997 4715 2190 4770 rebant
2211 4713 2464 4769 manibus
2491 4719 2880 4784 temperarent.
2904 4709 3168 4768 Videntes
3200 4723 3363 4781 porro
3393 4703 3594 4779 quibus

1999 4804 2306 4878 periculum
2336 4802 2681 4868 imminebat,
2723 4818 2833 4874 quo
2871 4808 3001 4856 vota
3032 4798 3287 4855 tenebant
3326 4796 3594 4853 inimico—

2000 4911 2122 4951 rum
2180 4893 2323 4969 [al.,
2356 4894 2678 4967 iniquorum
2718 4891 2766 4966 ],
2817 4891 2958 4964 fugze
3007 4888 3256 4946 subsidio
3303 4903 3359 4944 se
3403 4901 3591 4942 eorum

2002 4984 2258 5040 manibus
2286 4984 2631 5057 eripuerunt,
2655 4988 2710 5037 et
2735 4981 2792 5036 in
2810 4979 3098 5037 ecclesiam
3133 4978 3187 5034 S.
3221 4975 3448 5032 Joannis
3477 4988 3594 5029 sese

2003 5075 2378 5141 contulerunt,
2411 5071 2633 5129 Domini
2684 5069 2943 5143 potestati
2981 5076 3036 5124 et
3074 5062 3472 5122 misericordiae
3499 5077 3595 5117 cor

2004 5165 2323 5236 animasque
2355 5181 2482 5220 suas
2510 5163 2979 5220 commendantes.

2403 5256 2580 5312 Corda
2610 5270 2792 5308 eorum
2819 5249 3032 5305 mollire
3062 5254 3240 5304 tentat.

2081 5351 2140 5405 11
2155 5395 2166 5406 .
2181 5349 2381 5405 Beatus
2401 5357 2581 5406 autem
2602 5356 2656 5404 et
2678 5364 2773 5419 per
2789 5345 2973 5403 omnia
2996 5336 3325 5399 mitissimus
3343 5338 3599 5412 Aigulfus

2009 5458 2120 5499 non
2141 5441 2434 5498 immemor
2452 5439 2731 5513 patientiae
2751 5454 2862 5494 suae
2891 5445 2946 5492 et
2962 5431 3400 5490 mansuetudinis
3421 5429 3598 5487 solitae

2011 5570 2513 5649 praefuissedicitur
2537 5589 2548 5626 :
2574 5569 2720 5644 quod
2751 5567 2907 5643 pauci
2933 5573 3129 5640 praiter
3149 5565 3432 5623 Barralem
3465 5579 3587 5637 pro-

2012 5643 2217 5704 didisse
2249 5643 2528 5701 videntur.
