  <div class='ocr_page' id='page_1' title='image "/cluster/home/n/w/nwhite01/storage/ocr_20150623/124/hvd.32044054759865/485.png"; bbox 0 0 4070 6184; ppageno 0'>
   <div class='ocr_carea' id='block_1_1' title="bbox 524 262 629 324">
    <p class='ocr_par' dir='ltr' id='par_1_1' title="bbox 524 262 629 324">
     <span class='ocr_line' id='line_1_1' title="bbox 524 262 629 324; baseline 0 -1"><span class='ocrx_word' id='word_1_1' title='bbox 524 262 629 324; x_wconf 82' lang='grc'>959</span> 
     </span>
    </p>
   </div>
   <div class='ocr_carea' id='block_1_2' title="bbox 1512 257 2833 320">
    <p class='ocr_par' dir='ltr' id='par_1_2' title="bbox 1512 257 2833 320">
     <span class='ocr_line' id='line_1_2' title="bbox 1512 257 2833 320; baseline -0.002 -1"><span class='ocrx_word' id='word_1_2' title='bbox 1512 258 1929 319; x_wconf 80' lang='lat' dir='ltr'>ADREVALDI</span> <span class='ocrx_word' id='word_1_3' title='bbox 1967 257 2469 319; x_wconf 81' lang='lat' dir='ltr'>FBORIACENSIS</span> <span class='ocrx_word' id='word_1_4' title='bbox 2506 259 2833 320; x_wconf 82' lang='lat' dir='ltr'>MONACHI</span> 
     </span>
    </p>
   </div>
   <div class='ocr_carea' id='block_1_3' title="bbox 3726 259 3831 317">
    <p class='ocr_par' dir='ltr' id='par_1_3' title="bbox 3726 259 3831 317">
     <span class='ocr_line' id='line_1_3' title="bbox 3726 259 3831 317; baseline 0 0"><span class='ocrx_word' id='word_1_5' title='bbox 3726 259 3831 317; x_wconf 84' lang='lat'><strong>960</strong></span> 
     </span>
    </p>
   </div>
   <div class='ocr_carea' id='block_1_4' title="bbox 525 416 3832 493">
    <p class='ocr_par' dir='ltr' id='par_1_4' title="bbox 525 416 3832 493">
     <span class='ocr_line' id='line_1_4' title="bbox 525 416 3832 493; baseline -0.002 -14"><span class='ocrx_word' id='word_1_6' title='bbox 525 420 594 479; x_wconf 85' lang='lat' dir='ltr'>ad</span> <span class='ocrx_word' id='word_1_7' title='bbox 620 437 714 479; x_wconf 92' lang='lat' dir='ltr'>eos</span> <span class='ocrx_word' id='word_1_8' title='bbox 740 419 986 490; x_wconf 89' lang='lat' dir='ltr'>accessit,</span> <span class='ocrx_word' id='word_1_9' title='bbox 1009 427 1065 478; x_wconf 90' lang='lat' dir='ltr'>et</span> <span class='ocrx_word' id='word_1_10' title='bbox 1094 419 1393 477; x_wconf 86' lang='lat' dir='ltr'>lenissimis</span> <span class='ocrx_word' id='word_1_11' title='bbox 1421 416 1608 475; x_wconf 83' lang='lat' dir='ltr'>verbis</span> <span class='ocrx_word' id='word_1_12' title='bbox 1634 434 1825 477; x_wconf 89' lang='lat' dir='ltr'>eorum</span> <span class='ocrx_word' id='word_1_13' title='bbox 1855 418 2128 476; x_wconf 84' lang='lat' dir='ltr'>tumentia</span> <span class='ocrx_word' id='word_1_14' title='bbox 2161 421 2212 480; x_wconf 78' lang='grc' dir='ltr'>Α</span> <span class='ocrx_word' id='word_1_15' title='bbox 2241 417 2468 475; x_wconf 85' lang='lat' dir='ltr'>nomine</span> <span class='ocrx_word' id='word_1_16' title='bbox 2484 417 2868 488; x_wconf 87' lang='lat' dir='ltr'>Mnmmolum,</span> <span class='ocrx_word' id='word_1_17' title='bbox 2892 417 3169 493; x_wconf 78' lang='lat' dir='ltr'>suasitque</span> <span class='ocrx_word' id='word_1_18' title='bbox 3188 417 3239 476; x_wconf 89' lang='lat' dir='ltr'>ei</span> <span class='ocrx_word' id='word_1_19' title='bbox 3264 425 3327 475; x_wconf 89' lang='lat' dir='ltr'>ut</span> <span class='ocrx_word' id='word_1_20' title='bbox 3343 417 3411 475; x_wconf 89' lang='lat' dir='ltr'>ad</span> <span class='ocrx_word' id='word_1_21' title='bbox 3434 418 3832 475; x_wconf 81' lang='lat' dir='ltr'>monasterium</span> 
     </span>
    </p>
   </div>
   <div class='ocr_carea' id='block_1_5' title="bbox 527 508 2119 572">
    <p class='ocr_par' dir='ltr' id='par_1_5' title="bbox 527 508 2119 572">
     <span class='ocr_line' id='line_1_5' title="bbox 527 508 2119 572; baseline -0.003 -1"><span class='ocrx_word' id='word_1_22' title='bbox 527 513 692 572; x_wconf 88' lang='lat' dir='ltr'>corda</span> <span class='ocrx_word' id='word_1_23' title='bbox 720 512 936 570; x_wconf 91' lang='lat' dir='ltr'>mollire</span> <span class='ocrx_word' id='word_1_24' title='bbox 957 510 1191 569; x_wconf 85' lang='lat' dir='ltr'>studuit.</span> <span class='ocrx_word' id='word_1_25' title='bbox 1208 510 1306 568; x_wconf 85' lang='lat' dir='ltr'>His</span> <span class='ocrx_word' id='word_1_26' title='bbox 1329 511 1477 568; x_wconf 90' lang='lat' dir='ltr'>enim</span> <span class='ocrx_word' id='word_1_27' title='bbox 1495 508 1686 567; x_wconf 85' lang='lat' dir='ltr'>verbis</span> <span class='ocrx_word' id='word_1_28' title='bbox 1712 527 1805 567; x_wconf 93' lang='lat' dir='ltr'>eos</span> <span class='ocrx_word' id='word_1_29' title='bbox 1824 510 2119 569; x_wconf 86' lang='lat' dir='ltr'>convenit:</span> 
     </span>
    </p>
   </div>
   <div class='ocr_carea' id='block_1_6' title="bbox 540 600 2122 677">
    <p class='ocr_par' dir='ltr' id='par_1_6' title="bbox 540 600 2122 677">
     <span class='ocr_line' id='line_1_6' title="bbox 540 600 2122 677; baseline -0.001 -16"><span class='ocrx_word' id='word_1_30' title='bbox 540 629 559 653; x_wconf 71' lang='grc' dir='ltr'><strong><em>ι</em></strong></span> <span class='ocrx_word' id='word_1_31' title='bbox 579 602 624 661; x_wconf 93' lang='grc'>0</span> <span class='ocrx_word' id='word_1_32' title='bbox 654 602 792 659; x_wconf 92' lang='lat' dir='ltr'>mihi</span> <span class='ocrx_word' id='word_1_33' title='bbox 821 600 1128 658; x_wconf 88' lang='lat' dir='ltr'>dulcissimi</span> <span class='ocrx_word' id='word_1_34' title='bbox 1150 610 1204 657; x_wconf 92' lang='lat' dir='ltr'>et</span> <span class='ocrx_word' id='word_1_35' title='bbox 1226 602 1460 658; x_wconf 89' lang='lat' dir='ltr'>nimium</span> <span class='ocrx_word' id='word_1_36' title='bbox 1479 603 1843 660; x_wconf 85' lang='lat' dir='ltr'>amantissimi</span> <span class='ocrx_word' id='word_1_37' title='bbox 1869 604 1994 671; x_wconf 90' lang='lat' dir='ltr'>ﬁlii,</span> <span class='ocrx_word' id='word_1_38' title='bbox 2014 620 2122 677; x_wconf 89' lang='lat' dir='ltr'>quo</span> 
     </span>
    </p>
   </div>
   <div class='ocr_carea' id='block_1_7' title="bbox 525 690 2126 766">
    <p class='ocr_par' dir='ltr' id='par_1_7' title="bbox 525 690 2126 766">
     <span class='ocr_line' id='line_1_7' title="bbox 525 690 2126 766; baseline 0.001 -17"><span class='ocrx_word' id='word_1_39' title='bbox 525 692 768 765; x_wconf 88' lang='lat' dir='ltr'>impulsu</span> <span class='ocrx_word' id='word_1_40' title='bbox 813 690 992 748; x_wconf 76' lang='lat' dir='ltr'>fmdus</span> <span class='ocrx_word' id='word_1_41' title='bbox 1033 700 1320 765; x_wconf 88' lang='lat' dir='ltr'>paternum</span> <span class='ocrx_word' id='word_1_42' title='bbox 1375 693 1791 766; x_wconf 89' lang='lat' dir='ltr'>fraternumque</span> <span class='ocrx_word' id='word_1_43' title='bbox 1829 694 2057 750; x_wconf 85' lang='lat' dir='ltr'>violatis</span> <span class='ocrx_word' id='word_1_44' title='bbox 2097 695 2126 751; x_wconf 79' lang='lat'><strong>?</strong></span> 
     </span>
    </p>
   </div>
   <div class='ocr_carea' id='block_1_8' title="bbox 526 780 2125 856">
    <p class='ocr_par' dir='ltr' id='par_1_8' title="bbox 526 780 2125 856">
     <span class='ocr_line' id='line_1_8' title="bbox 526 780 2125 856; baseline 0.001 -18"><span class='ocrx_word' id='word_1_45' title='bbox 526 781 672 852; x_wconf 89' lang='lat' dir='ltr'>Quid</span> <span class='ocrx_word' id='word_1_46' title='bbox 723 780 863 838; x_wconf 91' lang='lat' dir='ltr'>illud</span> <span class='ocrx_word' id='word_1_47' title='bbox 896 787 977 838; x_wconf 88' lang='lat' dir='ltr'>est</span> <span class='ocrx_word' id='word_1_48' title='bbox 1015 781 1164 854; x_wconf 89' lang='lat' dir='ltr'>quod</span> <span class='ocrx_word' id='word_1_49' title='bbox 1203 797 1304 838; x_wconf 91' lang='lat' dir='ltr'>vos</span> <span class='ocrx_word' id='word_1_50' title='bbox 1334 782 1586 856; x_wconf 74' lang='lat' dir='ltr'>proptios</span> <span class='ocrx_word' id='word_1_51' title='bbox 1615 782 1809 838; x_wconf 86' lang='lat' dir='ltr'>fratres</span> <span class='ocrx_word' id='word_1_52' title='bbox 1857 782 1990 839; x_wconf 89' lang='lat' dir='ltr'>fecit</span> <span class='ocrx_word' id='word_1_53' title='bbox 2019 800 2125 839; x_wconf 79' lang='lat' dir='ltr'>ne—</span> 
     </span>
    </p>
   </div>
   <div class='ocr_carea' id='block_1_9' title="bbox 525 871 2125 946">
    <p class='ocr_par' dir='ltr' id='par_1_9' title="bbox 525 871 2125 946">
     <span class='ocr_line' id='line_1_9' title="bbox 525 871 2125 946; baseline 0.001 -17"><span class='ocrx_word' id='word_1_54' title='bbox 525 871 715 931; x_wconf 74' lang='lat' dir='ltr'>scire?</span> <span class='ocrx_word' id='word_1_55' title='bbox 753 876 827 928; x_wconf 79' lang='lat' dir='ltr'>At</span> <span class='ocrx_word' id='word_1_56' title='bbox 875 871 1142 943; x_wconf 83' lang='lat' dir='ltr'>ignoratis</span> <span class='ocrx_word' id='word_1_57' title='bbox 1187 872 1335 946; x_wconf 90' lang='lat' dir='ltr'>quod</span> <span class='ocrx_word' id='word_1_58' title='bbox 1379 872 1633 929; x_wconf 86' lang='lat' dir='ltr'>diabolus</span> <span class='ocrx_word' id='word_1_59' title='bbox 1664 889 1827 930; x_wconf 90' lang='lat' dir='ltr'>causa</span> <span class='ocrx_word' id='word_1_60' title='bbox 1856 873 2125 945; x_wconf 68' lang='lat' dir='ltr'>superbia:</span> 
     </span>
    </p>
   </div>
   <div class='ocr_carea' id='block_1_10' title="bbox 525 960 2122 1035">
    <p class='ocr_par' dir='ltr' id='par_1_10' title="bbox 525 960 2122 1035">
     <span class='ocr_line' id='line_1_10' title="bbox 525 960 2122 1035; baseline 0.003 -18"><span class='ocrx_word' id='word_1_61' title='bbox 525 968 579 1017; x_wconf 90' lang='lat' dir='ltr'>et</span> <span class='ocrx_word' id='word_1_62' title='bbox 607 960 897 1019; x_wconf 70' lang='lat' dir='ltr'>discordiae</span> <span class='ocrx_word' id='word_1_63' title='bbox 925 978 955 1017; x_wconf 91' lang='lat' dir='ltr'>a</span> <span class='ocrx_word' id='word_1_64' title='bbox 983 963 1109 1019; x_wconf 66' lang='lat' dir='ltr'>coeli</span> <span class='ocrx_word' id='word_1_65' title='bbox 1142 964 1493 1035; x_wconf 86' lang='lat' dir='ltr'>perturbatus</span> <span class='ocrx_word' id='word_1_66' title='bbox 1534 963 1609 1019; x_wconf 92' lang='lat' dir='ltr'>sit</span> <span class='ocrx_word' id='word_1_67' title='bbox 1655 963 1945 1021; x_wconf 78' lang='lat' dir='ltr'>culmine?</span> <span class='ocrx_word' id='word_1_68' title='bbox 1979 964 2122 1022; x_wconf 89' lang='lat' dir='ltr'>Num</span> 
     </span>
    </p>
   </div>
   <div class='ocr_carea' id='block_1_11' title="bbox 526 1052 2125 1126">
    <p class='ocr_par' dir='ltr' id='par_1_11' title="bbox 526 1052 2125 1126">
     <span class='ocr_line' id='line_1_11' title="bbox 526 1052 2125 1126; baseline 0.001 -19"><span class='ocrx_word' id='word_1_69' title='bbox 526 1059 709 1107; x_wconf 86' lang='lat' dir='ltr'>mente</span> <span class='ocrx_word' id='word_1_70' title='bbox 764 1053 1001 1109; x_wconf 75' lang='lat' dir='ltr'>excessit</span> <span class='ocrx_word' id='word_1_71' title='bbox 1056 1052 1308 1125; x_wconf 90' lang='lat' dir='ltr'>superbis</span> <span class='ocrx_word' id='word_1_72' title='bbox 1364 1052 1499 1108; x_wconf 90' lang='lat' dir='ltr'>solis</span> <span class='ocrx_word' id='word_1_73' title='bbox 1560 1052 1799 1108; x_wconf 88' lang='lat' dir='ltr'>ablatam</span> <span class='ocrx_word' id='word_1_74' title='bbox 1858 1068 1973 1109; x_wconf 88' lang='lat' dir='ltr'>esse</span> <span class='ocrx_word' id='word_1_75' title='bbox 2026 1069 2125 1126; x_wconf 91' lang='lat' dir='ltr'>pro</span> 
     </span>
    </p>
   </div>
   <div class='ocr_carea' id='block_1_12' title="bbox 524 1143 2123 1218">
    <p class='ocr_par' dir='ltr' id='par_1_12' title="bbox 524 1143 2123 1218">
     <span class='ocr_line' id='line_1_12' title="bbox 524 1143 2123 1218; baseline 0.002 -21"><span class='ocrx_word' id='word_1_76' title='bbox 524 1158 740 1199; x_wconf 89' lang='lat' dir='ltr'>summa</span> <span class='ocrx_word' id='word_1_77' title='bbox 761 1143 1008 1200; x_wconf 87' lang='lat' dir='ltr'>vindicta</span> <span class='ocrx_word' id='word_1_78' title='bbox 1027 1144 1293 1199; x_wconf 90' lang='lat' dir='ltr'>unionem</span> <span class='ocrx_word' id='word_1_79' title='bbox 1320 1143 1543 1215; x_wconf 66' lang='lat' dir='ltr'>linguas,</span> <span class='ocrx_word' id='word_1_80' title='bbox 1566 1150 1620 1200; x_wconf 92' lang='lat' dir='ltr'>et</span> <span class='ocrx_word' id='word_1_81' title='bbox 1655 1160 1937 1218; x_wconf 88' lang='lat' dir='ltr'>nunquam</span> <span class='ocrx_word' id='word_1_82' title='bbox 1968 1161 2123 1218; x_wconf 86' lang='lat' dir='ltr'>repa-</span> 
     </span>
    </p>
   </div>
   <div class='ocr_carea' id='block_1_13' title="bbox 525 1231 2123 1309">
    <p class='ocr_par' dir='ltr' id='par_1_13' title="bbox 525 1231 2123 1309">
     <span class='ocr_line' id='line_1_13' title="bbox 525 1231 2123 1309; baseline 0.003 -23"><span class='ocrx_word' id='word_1_83' title='bbox 525 1238 702 1287; x_wconf 89' lang='lat' dir='ltr'>ratum</span> <span class='ocrx_word' id='word_1_84' title='bbox 737 1231 843 1288; x_wconf 90' lang='lat' dir='ltr'>nisi</span> <span class='ocrx_word' id='word_1_85' title='bbox 876 1232 1120 1290; x_wconf 90' lang='lat' dir='ltr'>adventu</span> <span class='ocrx_word' id='word_1_86' title='bbox 1149 1233 1390 1309; x_wconf 88' lang='lat' dir='ltr'>Spiritus</span> <span class='ocrx_word' id='word_1_87' title='bbox 1418 1233 1592 1291; x_wconf 84' lang='lat' dir='ltr'>sancti</span> <span class='ocrx_word' id='word_1_88' title='bbox 1622 1235 1912 1306; x_wconf 82' lang='lat' dir='ltr'>coagulum</span> <span class='ocrx_word' id='word_1_89' title='bbox 1945 1234 2123 1293; x_wconf 86' lang='lat' dir='ltr'>chari-</span> 
     </span>
    </p>
   </div>
   <div class='ocr_carea' id='block_1_14' title="bbox 524 1316 2123 1397">
    <p class='ocr_par' dir='ltr' id='par_1_14' title="bbox 524 1316 2123 1397">
     <span class='ocr_line' id='line_1_14' title="bbox 524 1316 2123 1397; baseline 0.003 -22"><span class='ocrx_word' id='word_1_90' title='bbox 524 1320 660 1376; x_wconf 91' lang='lat' dir='ltr'>tatis</span> <span class='ocrx_word' id='word_1_91' title='bbox 688 1316 1054 1393; x_wconf 87' lang='lat' dir='ltr'>signiﬁcantis</span> <span class='ocrx_word' id='word_1_92' title='bbox 1096 1323 1147 1379; x_wconf 91' lang='lat' dir='ltr'>ir</span> <span class='ocrx_word' id='word_1_93' title='bbox 1180 1323 1324 1397; x_wconf 82' lang='lat' dir='ltr'>ignis</span> <span class='ocrx_word' id='word_1_94' title='bbox 1353 1323 1532 1395; x_wconf 87' lang='lat' dir='ltr'>specie</span> <span class='ocrx_word' id='word_1_95' title='bbox 1555 1322 1584 1379; x_wconf 77' lang='grc' dir='ltr'>Ῡ</span> <span class='ocrx_word' id='word_1_96' title='bbox 1626 1323 1833 1381; x_wconf 89' lang='lat' dir='ltr'>Discite</span> <span class='ocrx_word' id='word_1_97' title='bbox 1880 1340 2007 1397; x_wconf 88' lang='lat' dir='ltr'>ergo</span> <span class='ocrx_word' id='word_1_98' title='bbox 2054 1324 2123 1380; x_wconf 91' lang='lat' dir='ltr'>si-</span> 
     </span>
    </p>
   </div>
   <div class='ocr_carea' id='block_1_15' title="bbox 526 1409 2126 1483">
    <p class='ocr_par' dir='ltr' id='par_1_15' title="bbox 526 1409 2126 1483">
     <span class='ocr_line' id='line_1_15' title="bbox 526 1409 2126 1483; baseline 0.005 -19"><span class='ocrx_word' id='word_1_99' title='bbox 526 1409 859 1467; x_wconf 88' lang='lat' dir='ltr'>multatibus</span> <span class='ocrx_word' id='word_1_100' title='bbox 903 1412 1247 1483; x_wconf 73' lang='lat' dir='ltr'>renuntiare,</span> <span class='ocrx_word' id='word_1_101' title='bbox 1299 1421 1353 1470; x_wconf 89' lang='lat' dir='ltr'>et</span> <span class='ocrx_word' id='word_1_102' title='bbox 1399 1416 1625 1473; x_wconf 91' lang='lat' dir='ltr'>Domini</span> <span class='ocrx_word' id='word_1_103' title='bbox 1676 1415 1859 1473; x_wconf 82' lang='lat' dir='ltr'>verbis</span> <span class='ocrx_word' id='word_1_104' title='bbox 1900 1417 2126 1474; x_wconf 84' lang='lat' dir='ltr'>obedire</span> 
     </span>
    </p>
   </div>
   <div class='ocr_carea' id='block_1_16' title="bbox 524 1499 2126 1578">
    <p class='ocr_par' dir='ltr' id='par_1_16' title="bbox 524 1499 2126 1578">
     <span class='ocr_line' id='line_1_16' title="bbox 524 1499 2126 1578; baseline 0.005 -22"><span class='ocrx_word' id='word_1_105' title='bbox 524 1499 798 1559; x_wconf 89' lang='lat' dir='ltr'>dicentis:</span> <span class='ocrx_word' id='word_1_106' title='bbox 837 1504 1036 1560; x_wconf 79' lang='lat' dir='ltr'>Discite</span> <span class='ocrx_word' id='word_1_107' title='bbox 1077 1523 1113 1561; x_wconf 90' lang='lat' dir='ltr'>a</span> <span class='ocrx_word' id='word_1_108' title='bbox 1164 1522 1262 1575; x_wconf 87' lang='lat' dir='ltr'>me,</span> <span class='ocrx_word' id='word_1_109' title='bbox 1297 1507 1426 1578; x_wconf 84' lang='lat' dir='ltr'>quia</span> <span class='ocrx_word' id='word_1_110' title='bbox 1451 1508 1594 1564; x_wconf 87' lang='lat' dir='ltr'>mitis</span> <span class='ocrx_word' id='word_1_111' title='bbox 1641 1525 1760 1565; x_wconf 83' lang='lat' dir='ltr'>sum</span> <span class='ocrx_word' id='word_1_112' title='bbox 1808 1514 1857 1564; x_wconf 89' lang='lat' dir='ltr'>et</span> <span class='ocrx_word' id='word_1_113' title='bbox 1908 1508 2126 1565; x_wconf 78' lang='lat' dir='ltr'>humilis</span> 
     </span>
    </p>
   </div>
   <div class='ocr_carea' id='block_1_17' title="bbox 523 1591 2121 1671">
    <p class='ocr_par' dir='ltr' id='par_1_17' title="bbox 523 1591 2121 1671">
     <span class='ocr_line' id='line_1_17' title="bbox 523 1591 2121 1671; baseline 0.005 -26"><span class='ocrx_word' id='word_1_114' title='bbox 523 1591 682 1647; x_wconf 80' lang='lat' dir='ltr'>corde</span> <span class='ocrx_word' id='word_1_115' title='bbox 714 1592 927 1664; x_wconf 82' lang='lat' dir='ltr'>(Matth.</span> <span class='ocrx_word' id='word_1_116' title='bbox 962 1597 1068 1667; x_wconf 66' lang='grc' dir='ltr'>χι).</span> <span class='ocrx_word' id='word_1_117' title='bbox 1103 1595 1260 1664; x_wconf 91' lang='lat' dir='ltr'>Quod</span> <span class='ocrx_word' id='word_1_118' title='bbox 1289 1597 1333 1653; x_wconf 89' lang='lat' dir='ltr'>si</span> <span class='ocrx_word' id='word_1_119' title='bbox 1386 1606 1610 1671; x_wconf 90' lang='lat' dir='ltr'>propter</span> <span class='ocrx_word' id='word_1_120' title='bbox 1642 1615 1728 1655; x_wconf 89' lang='lat' dir='ltr'>me</span> <span class='ocrx_word' id='word_1_121' title='bbox 1773 1598 1879 1656; x_wconf 87' lang='lat' dir='ltr'>hoc</span> <span class='ocrx_word' id='word_1_122' title='bbox 1917 1599 2121 1671; x_wconf 60' lang='lat' dir='ltr'>agitur,</span> 
     </span>
    </p>
   </div>
   <div class='ocr_carea' id='block_1_18' title="bbox 524 1680 2127 1746">
    <p class='ocr_par' dir='ltr' id='par_1_18' title="bbox 524 1680 2127 1746">
     <span class='ocr_line' id='line_1_18' title="bbox 524 1680 2127 1746; baseline 0.005 -10"><span class='ocrx_word' id='word_1_123' title='bbox 524 1680 650 1739; x_wconf 91' lang='lat' dir='ltr'>dico</span> <span class='ocrx_word' id='word_1_124' title='bbox 683 1682 840 1741; x_wconf 90' lang='lat' dir='ltr'>vobis</span> <span class='ocrx_word' id='word_1_125' title='bbox 858 1684 1011 1743; x_wconf 64' lang='lat' dir='ltr'>Ionas</span> <span class='ocrx_word' id='word_1_126' title='bbox 1037 1688 1222 1744; x_wconf 86' lang='lat' dir='ltr'>verbis</span> <span class='ocrx_word' id='word_1_127' title='bbox 1255 1707 1267 1746; x_wconf 93' lang='lat'>:</span> <span class='ocrx_word' id='word_1_128' title='bbox 1300 1689 1488 1746; x_wconf 78' lang='lat' dir='ltr'>Tollite</span> <span class='ocrx_word' id='word_1_129' title='bbox 1514 1707 1593 1746; x_wconf 88' lang='lat' dir='ltr'>me</span> <span class='ocrx_word' id='word_1_130' title='bbox 1612 1697 1659 1745; x_wconf 89' lang='lat' dir='ltr'>et</span> <span class='ocrx_word' id='word_1_131' title='bbox 1688 1690 1876 1745; x_wconf 83' lang='lat' dir='ltr'>mittite</span> <span class='ocrx_word' id='word_1_132' title='bbox 1902 1691 1960 1745; x_wconf 81' lang='lat' dir='ltr'>in</span> <span class='ocrx_word' id='word_1_133' title='bbox 1983 1707 2127 1745; x_wconf 87' lang='lat' dir='ltr'>mare</span> 
     </span>
    </p>
   </div>
   <div class='ocr_carea' id='block_1_19' title="bbox 2235 507 3831 582">
    <p class='ocr_par' dir='ltr' id='par_1_19' title="bbox 2235 507 3831 582">
     <span class='ocr_line' id='line_1_19' title="bbox 2235 507 3831 582; baseline 0.001 -19"><span class='ocrx_word' id='word_1_134' title='bbox 2235 508 2340 564; x_wconf 90' lang='lat' dir='ltr'>iret</span> <span class='ocrx_word' id='word_1_135' title='bbox 2385 507 2540 581; x_wconf 89' lang='lat' dir='ltr'>quasi</span> <span class='ocrx_word' id='word_1_136' title='bbox 2591 509 2793 564; x_wconf 90' lang='lat' dir='ltr'>multas</span> <span class='ocrx_word' id='word_1_137' title='bbox 2836 508 3094 582; x_wconf 89' lang='lat' dir='ltr'>pecunias</span> <span class='ocrx_word' id='word_1_138' title='bbox 3141 507 3349 565; x_wconf 91' lang='lat' dir='ltr'>ibidem</span> <span class='ocrx_word' id='word_1_139' title='bbox 3396 514 3740 579; x_wconf 87' lang='lat' dir='ltr'>reperturus.</span> <span class='ocrx_word' id='word_1_140' title='bbox 3772 508 3831 564; x_wconf 91' lang='lat' dir='ltr'>In</span> 
     </span>
    </p>
   </div>
   <div class='ocr_carea' id='block_1_20' title="bbox 2233 594 3834 671">
    <p class='ocr_par' dir='ltr' id='par_1_20' title="bbox 2233 594 3834 671">
     <span class='ocr_line' id='line_1_20' title="bbox 2233 594 3834 671; baseline 0 -18"><span class='ocrx_word' id='word_1_141' title='bbox 2233 596 2393 670; x_wconf 88' lang='lat' dir='ltr'>cujus</span> <span class='ocrx_word' id='word_1_142' title='bbox 2424 604 2621 670; x_wconf 82' lang='lat' dir='ltr'>pectus</span> <span class='ocrx_word' id='word_1_143' title='bbox 2648 614 2774 655; x_wconf 92' lang='lat' dir='ltr'>cum</span> <span class='ocrx_word' id='word_1_144' title='bbox 2806 605 2993 655; x_wconf 91' lang='lat' dir='ltr'>notam</span> <span class='ocrx_word' id='word_1_145' title='bbox 3025 596 3132 654; x_wconf 89' lang='lat' dir='ltr'>sibi</span> <span class='ocrx_word' id='word_1_146' title='bbox 3170 598 3343 655; x_wconf 84' lang='lat' dir='ltr'>facem</span> <span class='ocrx_word' id='word_1_147' title='bbox 3377 595 3660 671; x_wconf 81' lang='lat' dir='ltr'>cupiditas</span> <span class='ocrx_word' id='word_1_148' title='bbox 3687 594 3834 670; x_wconf 87' lang='lat' dir='ltr'>inje-</span> 
     </span>
    </p>
   </div>
   <div class='ocr_carea' id='block_1_21' title="bbox 2234 685 3829 762">
    <p class='ocr_par' dir='ltr' id='par_1_21' title="bbox 2234 685 3829 762">
     <span class='ocr_line' id='line_1_21' title="bbox 2234 685 3829 762; baseline 0 -20"><span class='ocrx_word' id='word_1_149' title='bbox 2234 685 2416 755; x_wconf 89' lang='lat' dir='ltr'>cisset,</span> <span class='ocrx_word' id='word_1_150' title='bbox 2452 686 2836 744; x_wconf 87' lang='lat' dir='ltr'>incunctanter</span> <span class='ocrx_word' id='word_1_151' title='bbox 2881 688 2989 744; x_wconf 90' lang='lat' dir='ltr'>iter</span> <span class='ocrx_word' id='word_1_152' title='bbox 3025 688 3285 762; x_wconf 87' lang='lat' dir='ltr'>arripuit,</span> <span class='ocrx_word' id='word_1_153' title='bbox 3333 694 3389 744; x_wconf 90' lang='lat' dir='ltr'>et</span> <span class='ocrx_word' id='word_1_154' title='bbox 3435 688 3829 744; x_wconf 86' lang='lat' dir='ltr'>monasterium</span> 
     </span>
    </p>
   </div>
   <div class='ocr_carea' id='block_1_22' title="bbox 2235 779 3827 853">
    <p class='ocr_par' dir='ltr' id='par_1_22' title="bbox 2235 779 3827 853">
     <span class='ocr_line' id='line_1_22' title="bbox 2235 779 3827 853; baseline 0.003 -21"><span class='ocrx_word' id='word_1_155' title='bbox 2235 785 2595 851; x_wconf 89' lang='lat' dir='ltr'>sanctumque</span> <span class='ocrx_word' id='word_1_156' title='bbox 2614 780 2798 835; x_wconf 89' lang='lat' dir='ltr'>virum</span> <span class='ocrx_word' id='word_1_157' title='bbox 2825 779 2996 837; x_wconf 72' lang='lat' dir='ltr'>adiit:</span> <span class='ocrx_word' id='word_1_158' title='bbox 3021 789 3076 835; x_wconf 89' lang='lat' dir='ltr'>et</span> <span class='ocrx_word' id='word_1_159' title='bbox 3094 780 3224 853; x_wconf 88' lang='lat' dir='ltr'>quia</span> <span class='ocrx_word' id='word_1_160' title='bbox 3251 779 3444 836; x_wconf 89' lang='lat' dir='ltr'>crebro</span> <span class='ocrx_word' id='word_1_161' title='bbox 3484 795 3615 836; x_wconf 89' lang='lat' dir='ltr'>cum</span> <span class='ocrx_word' id='word_1_162' title='bbox 3644 779 3827 836; x_wconf 89' lang='lat' dir='ltr'>eodem</span> 
     </span>
    </p>
   </div>
   <div class='ocr_carea' id='block_1_23' title="bbox 2233 866 3823 937">
    <p class='ocr_par' dir='ltr' id='par_1_23' title="bbox 2233 866 3823 937">
     <span class='ocr_line' id='line_1_23' title="bbox 2233 866 3823 937; baseline 0.003 -16"><span class='ocrx_word' id='word_1_163' title='bbox 2233 866 2537 923; x_wconf 86' lang='lat' dir='ltr'>Mummolo</span> <span class='ocrx_word' id='word_1_164' title='bbox 2565 867 2634 924; x_wconf 93' lang='lat' dir='ltr'>de</span> <span class='ocrx_word' id='word_1_165' title='bbox 2662 868 2908 924; x_wconf 86' lang='lat' dir='ltr'>utilitate</span> <span class='ocrx_word' id='word_1_166' title='bbox 2940 868 3141 924; x_wconf 63' lang='lat' dir='ltr'>animae</span> <span class='ocrx_word' id='word_1_167' title='bbox 3171 866 3426 924; x_wconf 84' lang='lat' dir='ltr'>conferre</span> <span class='ocrx_word' id='word_1_168' title='bbox 3463 874 3584 924; x_wconf 85' lang='lat' dir='ltr'>erat</span> <span class='ocrx_word' id='word_1_169' title='bbox 3613 868 3823 937; x_wconf 90' lang='lat' dir='ltr'>solitus,</span> 
     </span>
    </p>
   </div>
   <div class='ocr_carea' id='block_1_24' title="bbox 2234 954 3825 1030">
    <p class='ocr_par' dir='ltr' id='par_1_24' title="bbox 2234 954 3825 1030">
     <span class='ocr_line' id='line_1_24' title="bbox 2234 954 3825 1030; baseline 0.003 -20"><span class='ocrx_word' id='word_1_170' title='bbox 2234 954 2375 1011; x_wconf 89' lang='lat' dir='ltr'>nihil</span> <span class='ocrx_word' id='word_1_171' title='bbox 2408 956 2618 1014; x_wconf 88' lang='lat' dir='ltr'>veritus</span> <span class='ocrx_word' id='word_1_172' title='bbox 2654 972 2780 1013; x_wconf 90' lang='lat' dir='ltr'>eum</span> <span class='ocrx_word' id='word_1_173' title='bbox 2819 958 3081 1030; x_wconf 88' lang='lat' dir='ltr'>suscepit,</span> <span class='ocrx_word' id='word_1_174' title='bbox 3132 963 3188 1013; x_wconf 88' lang='lat' dir='ltr'>et</span> <span class='ocrx_word' id='word_1_175' title='bbox 3235 955 3534 1029; x_wconf 90' lang='lat' dir='ltr'>magniﬁco</span> <span class='ocrx_word' id='word_1_176' title='bbox 3570 957 3825 1016; x_wconf 72' lang='lat' dir='ltr'>convivio</span> 
     </span>
    </p>
   </div>
   <div class='ocr_carea' id='block_1_25' title="bbox 2234 1045 3826 1104">
    <p class='ocr_par' dir='ltr' id='par_1_25' title="bbox 2234 1045 3826 1104">
     <span class='ocr_line' id='line_1_25' title="bbox 2234 1045 3826 1104; baseline 0.003 -5"><span class='ocrx_word' id='word_1_177' title='bbox 2234 1059 2355 1101; x_wconf 90' lang='lat' dir='ltr'>eum</span> <span class='ocrx_word' id='word_1_178' title='bbox 2387 1045 2564 1103; x_wconf 90' lang='lat' dir='ltr'>curari</span> <span class='ocrx_word' id='word_1_179' title='bbox 2604 1046 2757 1104; x_wconf 84' lang='lat' dir='ltr'>fecit.</span> <span class='ocrx_word' id='word_1_180' title='bbox 2788 1047 2906 1102; x_wconf 85' lang='lat' dir='ltr'>Jam</span> <span class='ocrx_word' id='word_1_181' title='bbox 2930 1063 3060 1103; x_wconf 80' lang='lat' dir='ltr'>vero</span> <span class='ocrx_word' id='word_1_182' title='bbox 3090 1045 3423 1103; x_wconf 85' lang='lat' dir='ltr'>insidiarum</span> <span class='ocrx_word' id='word_1_183' title='bbox 3455 1046 3826 1103; x_wconf 82' lang='lat' dir='ltr'>concinnatic-</span> 
     </span>
    </p>
   </div>
   <div class='ocr_carea' id='block_1_26' title="bbox 2234 1133 3827 1210">
    <p class='ocr_par' dir='ltr' id='par_1_26' title="bbox 2234 1133 3827 1210">
     <span class='ocr_line' id='line_1_26' title="bbox 2234 1133 3827 1210; baseline 0.002 -21"><span class='ocrx_word' id='word_1_184' title='bbox 2234 1149 2330 1190; x_wconf 91' lang='lat' dir='ltr'>nes</span> <span class='ocrx_word' id='word_1_185' title='bbox 2358 1150 2452 1207; x_wconf 91' lang='lat' dir='ltr'>per</span> <span class='ocrx_word' id='word_1_186' title='bbox 2481 1134 2800 1192; x_wconf 78' lang='lat' dir='ltr'>Audoenem</span> <span class='ocrx_word' id='word_1_187' title='bbox 2829 1144 3163 1208; x_wconf 82' lang='lat' dir='ltr'>cognoverat</span> <span class='ocrx_word' id='word_1_188' title='bbox 3199 1135 3522 1209; x_wconf 88' lang='lat' dir='ltr'>episcopum</span> <span class='ocrx_word' id='word_1_189' title='bbox 3557 1133 3581 1210; x_wconf 89' lang='lat'>[</span> <span class='ocrx_word' id='word_1_190' title='bbox 3611 1136 3827 1192; x_wconf 72' lang='lat' dir='ltr'>Ilotbo-</span> 
     </span>
    </p>
   </div>
   <div class='ocr_carea' id='block_1_27' title="bbox 2237 1230 3827 1307">
    <p class='ocr_par' dir='ltr' id='par_1_27' title="bbox 2237 1230 3827 1307">
     <span class='ocr_line' id='line_1_27' title="bbox 2237 1230 3827 1307; baseline 0.004 -23"><span class='ocrx_word' id='word_1_191' title='bbox 2237 1245 2545 1301; x_wconf 82' lang='lat' dir='ltr'>magensem</span> <span class='ocrx_word' id='word_1_192' title='bbox 2571 1230 2614 1307; x_wconf 88' lang='lat'>].</span> <span class='ocrx_word' id='word_1_193' title='bbox 2665 1230 2967 1288; x_wconf 88' lang='lat' dir='ltr'>Mummolo</span> <span class='ocrx_word' id='word_1_194' title='bbox 3019 1247 3148 1304; x_wconf 86' lang='lat' dir='ltr'>ergo</span> <span class='ocrx_word' id='word_1_195' title='bbox 3192 1230 3496 1304; x_wconf 85' lang='lat' dir='ltr'>prandente</span> <span class='ocrx_word' id='word_1_196' title='bbox 3532 1239 3590 1288; x_wconf 89' lang='lat' dir='ltr'>et</span> <span class='ocrx_word' id='word_1_197' title='bbox 3620 1233 3827 1290; x_wconf 76' lang='lat' dir='ltr'>caeteris</span> 
     </span>
    </p>
   </div>
   <div class='ocr_carea' id='block_1_28' title="bbox 2235 1319 3826 1393">
    <p class='ocr_par' dir='ltr' id='par_1_28' title="bbox 2235 1319 3826 1393">
     <span class='ocr_line' id='line_1_28' title="bbox 2235 1319 3826 1393; baseline 0.003 -18"><span class='ocrx_word' id='word_1_198' title='bbox 2235 1319 2425 1376; x_wconf 91' lang='lat' dir='ltr'>scleris</span> <span class='ocrx_word' id='word_1_199' title='bbox 2469 1319 2961 1393; x_wconf 83' lang='lat' dir='ltr'>conspiratoribus,</span> <span class='ocrx_word' id='word_1_200' title='bbox 2993 1320 3180 1378; x_wconf 90' lang='lat' dir='ltr'>subito</span> <span class='ocrx_word' id='word_1_201' title='bbox 3222 1321 3534 1379; x_wconf 85' lang='lat' dir='ltr'>Archadius</span> <span class='ocrx_word' id='word_1_202' title='bbox 3581 1321 3649 1378; x_wconf 92' lang='lat' dir='ltr'>ad</span> <span class='ocrx_word' id='word_1_203' title='bbox 3685 1322 3826 1379; x_wconf 86' lang='lat' dir='ltr'>simi-</span> 
     </span>
    </p>
   </div>
   <div class='ocr_carea' id='block_1_29' title="bbox 2236 1408 3827 1484">
    <p class='ocr_par' dir='ltr' id='par_1_29' title="bbox 2236 1408 3827 1484">
     <span class='ocr_line' id='line_1_29' title="bbox 2236 1408 3827 1484; baseline 0.004 -21"><span class='ocrx_word' id='word_1_204' title='bbox 2236 1408 2528 1466; x_wconf 90' lang='lat' dir='ltr'>litudinem</span> <span class='ocrx_word' id='word_1_205' title='bbox 2555 1410 2709 1469; x_wconf 64' lang='lat' dir='ltr'>Iuda:</span> <span class='ocrx_word' id='word_1_206' title='bbox 2738 1411 2899 1467; x_wconf 88' lang='lat' dir='ltr'>turba</span> <span class='ocrx_word' id='word_1_207' title='bbox 2928 1410 3164 1484; x_wconf 90' lang='lat' dir='ltr'>stipatus</span> <span class='ocrx_word' id='word_1_208' title='bbox 3207 1411 3449 1482; x_wconf 85' lang='lat' dir='ltr'>maligna</span> <span class='ocrx_word' id='word_1_209' title='bbox 3477 1411 3756 1480; x_wconf 91' lang='lat' dir='ltr'>constitit,</span> <span class='ocrx_word' id='word_1_210' title='bbox 3776 1420 3827 1469; x_wconf 89' lang='lat' dir='ltr'>et</span> 
     </span>
    </p>
   </div>
   <div class='ocr_carea' id='block_1_30' title="bbox 2237 1499 3823 1574">
    <p class='ocr_par' dir='ltr' id='par_1_30' title="bbox 2237 1499 3823 1574">
     <span class='ocr_line' id='line_1_30' title="bbox 2237 1499 3823 1574; baseline 0.002 -21"><span class='ocrx_word' id='word_1_211' title='bbox 2237 1499 2558 1571; x_wconf 89' lang='lat' dir='ltr'>magistrum</span> <span class='ocrx_word' id='word_1_212' title='bbox 2594 1500 3010 1574; x_wconf 88' lang='lat' dir='ltr'>comprehendi,</span> <span class='ocrx_word' id='word_1_213' title='bbox 3033 1500 3260 1568; x_wconf 90' lang='lat' dir='ltr'>vinciri,</span> <span class='ocrx_word' id='word_1_214' title='bbox 3292 1500 3646 1574; x_wconf 87' lang='lat' dir='ltr'>fustibusque</span> <span class='ocrx_word' id='word_1_215' title='bbox 3672 1501 3823 1558; x_wconf 90' lang='lat' dir='ltr'>tundi</span> 
     </span>
    </p>
   </div>
   <div class='ocr_carea' id='block_1_31' title="bbox 2229 1587 3826 1664">
    <p class='ocr_par' dir='ltr' id='par_1_31' title="bbox 2229 1587 3826 1664">
     <span class='ocr_line' id='line_1_31' title="bbox 2229 1587 3826 1664; baseline 0.002 -19"><span class='ocrx_word' id='word_1_216' title='bbox 2229 1587 2395 1661; x_wconf 91' lang='lat' dir='ltr'>jussit</span> <span class='ocrx_word' id='word_1_217' title='bbox 2423 1609 2434 1646; x_wconf 90' lang='lat'>:</span> <span class='ocrx_word' id='word_1_218' title='bbox 2468 1589 2614 1663; x_wconf 90' lang='lat' dir='ltr'>quod</span> <span class='ocrx_word' id='word_1_219' title='bbox 2644 1598 2697 1646; x_wconf 91' lang='lat' dir='ltr'>et</span> <span class='ocrx_word' id='word_1_220' title='bbox 2719 1590 2923 1647; x_wconf 88' lang='lat' dir='ltr'>factum</span> <span class='ocrx_word' id='word_1_221' title='bbox 2942 1598 3040 1648; x_wconf 85' lang='lat' dir='ltr'>est.</span> <span class='ocrx_word' id='word_1_222' title='bbox 3067 1591 3282 1648; x_wconf 89' lang='lat' dir='ltr'>Interea</span> <span class='ocrx_word' id='word_1_223' title='bbox 3311 1590 3401 1646; x_wconf 91' lang='lat' dir='ltr'>vir</span> <span class='ocrx_word' id='word_1_224' title='bbox 3420 1591 3597 1648; x_wconf 87' lang='lat' dir='ltr'>totius</span> <span class='ocrx_word' id='word_1_225' title='bbox 3626 1590 3826 1664; x_wconf 59' lang='lat' dir='ltr'>patieno</span> 
     </span>
    </p>
   </div>
   <div class='ocr_carea' id='block_1_32' title="bbox 2233 1679 3822 1750">
    <p class='ocr_par' dir='ltr' id='par_1_32' title="bbox 2233 1679 3822 1750">
     <span class='ocr_line' id='line_1_32' title="bbox 2233 1679 3822 1750; baseline 0.003 -15"><span class='ocrx_word' id='word_1_226' title='bbox 2233 1679 2345 1748; x_wconf 69' lang='lat' dir='ltr'>tiaa,</span> <span class='ocrx_word' id='word_1_227' title='bbox 2375 1680 2733 1737; x_wconf 88' lang='lat' dir='ltr'>reminiscens</span> <span class='ocrx_word' id='word_1_228' title='bbox 2763 1682 2882 1750; x_wconf 88' lang='lat' dir='ltr'>Dei,</span> <span class='ocrx_word' id='word_1_229' title='bbox 2914 1689 2969 1738; x_wconf 89' lang='lat' dir='ltr'>et</span> <span class='ocrx_word' id='word_1_230' title='bbox 3010 1682 3310 1738; x_wconf 90' lang='lat' dir='ltr'>Dominum</span> <span class='ocrx_word' id='word_1_231' title='bbox 3352 1689 3608 1739; x_wconf 87' lang='lat' dir='ltr'>nostrum</span> <span class='ocrx_word' id='word_1_232' title='bbox 3640 1682 3822 1739; x_wconf 79' lang='lat' dir='ltr'>Iesum</span> 
     </span>
    </p>
   </div>
   <div class='ocr_carea' id='block_1_33' title="bbox 528 1770 3826 1852">
    <p class='ocr_par' dir='ltr' id='par_1_33' title="bbox 528 1770 3826 1852">
     <span class='ocr_line' id='line_1_33' title="bbox 528 1770 3826 1852; baseline 0.003 -25"><span class='ocrx_word' id='word_1_233' title='bbox 528 1770 676 1839; x_wconf 76' lang='lat' dir='ltr'>(Ion.</span> <span class='ocrx_word' id='word_1_234' title='bbox 711 1789 730 1830; x_wconf 82' lang='grc' dir='ltr'>ι</span> <span class='ocrx_word' id='word_1_235' title='bbox 760 1772 780 1845; x_wconf 96' lang='grc'>)</span> <span class='ocrx_word' id='word_1_236' title='bbox 812 1792 823 1831; x_wconf 92' lang='lat'><strong>:</strong></span> <span class='ocrx_word' id='word_1_237' title='bbox 855 1775 1029 1833; x_wconf 87' lang='lat' dir='ltr'>satius</span> <span class='ocrx_word' id='word_1_238' title='bbox 1061 1785 1142 1833; x_wconf 92' lang='lat' dir='ltr'>est</span> <span class='ocrx_word' id='word_1_239' title='bbox 1175 1777 1316 1835; x_wconf 87' lang='lat' dir='ltr'>mihi</span> <span class='ocrx_word' id='word_1_240' title='bbox 1360 1796 1391 1834; x_wconf 90' lang='lat' dir='ltr'>a</span> <span class='ocrx_word' id='word_1_241' title='bbox 1443 1780 1603 1835; x_wconf 90' lang='lat' dir='ltr'>vobis</span> <span class='ocrx_word' id='word_1_242' title='bbox 1629 1781 1841 1836; x_wconf 88' lang='lat' dir='ltr'>secerni</span> <span class='ocrx_word' id='word_1_243' title='bbox 1869 1796 2119 1852; x_wconf 88' lang='lat' dir='ltr'>corpore,</span> <span class='ocrx_word' id='word_1_244' title='bbox 2152 1784 2198 1845; x_wconf 91' lang='lat' dir='ltr'><strong>B</strong></span> <span class='ocrx_word' id='word_1_245' title='bbox 2235 1770 2516 1829; x_wconf 73' lang='lat' dir='ltr'>Christum</span> <span class='ocrx_word' id='word_1_246' title='bbox 2548 1791 2658 1830; x_wconf 87' lang='lat' dir='ltr'>non</span> <span class='ocrx_word' id='word_1_247' title='bbox 2689 1790 2787 1847; x_wconf 86' lang='lat' dir='ltr'>pro</span> <span class='ocrx_word' id='word_1_248' title='bbox 2817 1791 2893 1843; x_wconf 86' lang='lat' dir='ltr'>se,</span> <span class='ocrx_word' id='word_1_249' title='bbox 2926 1774 3020 1831; x_wconf 85' lang='lat' dir='ltr'>sed</span> <span class='ocrx_word' id='word_1_250' title='bbox 3067 1792 3165 1849; x_wconf 86' lang='lat' dir='ltr'>pro</span> <span class='ocrx_word' id='word_1_251' title='bbox 3194 1775 3354 1832; x_wconf 84' lang='lat' dir='ltr'>nobis</span> <span class='ocrx_word' id='word_1_252' title='bbox 3382 1775 3660 1833; x_wconf 79' lang='lat' dir='ltr'>amariora</span> <span class='ocrx_word' id='word_1_253' title='bbox 3702 1793 3826 1850; x_wconf 82' lang='lat' dir='ltr'>per-</span> 
     </span>
    </p>
   </div>
   <div class='ocr_carea' id='block_1_34' title="bbox 523 1865 1861 1933">
    <p class='ocr_par' dir='ltr' id='par_1_34' title="bbox 523 1865 1861 1933">
     <span class='ocr_line' id='line_1_34' title="bbox 523 1865 1861 1933; baseline 0.008 -20"><span class='ocrx_word' id='word_1_254' title='bbox 523 1872 686 1929; x_wconf 88' lang='lat' dir='ltr'>quam</span> <span class='ocrx_word' id='word_1_255' title='bbox 717 1876 957 1933; x_wconf 67' lang='lat' dir='ltr'>prasseus</span> <span class='ocrx_word' id='word_1_256' title='bbox 982 1871 1170 1920; x_wconf 89' lang='lat' dir='ltr'>vestra</span> <span class='ocrx_word' id='word_1_257' title='bbox 1189 1865 1426 1921; x_wconf 88' lang='lat' dir='ltr'>cruciari</span> <span class='ocrx_word' id='word_1_258' title='bbox 1452 1865 1815 1924; x_wconf 88' lang='lat' dir='ltr'>dissensione.</span> <span class='ocrx_word' id='word_1_259' title='bbox 1842 1893 1861 1916; x_wconf 75' lang='grc' dir='ltr'>ι</span> 
     </span>
    </p>
   </div>
   <div class='ocr_carea' id='block_1_35' title="bbox 646 1988 1995 2062">
    <p class='ocr_par' dir='ltr' id='par_1_35' title="bbox 646 1988 1995 2062">
     <span class='ocr_line' id='line_1_35' title="bbox 646 1988 1995 2062; baseline 0.004 -20"><span class='ocrx_word' id='word_1_260' title='bbox 646 1988 850 2043; x_wconf 86' lang='lat' dir='ltr'>Iterum</span> <span class='ocrx_word' id='word_1_261' title='bbox 871 1990 1041 2059; x_wconf 85' lang='lat' dir='ltr'>paulo</span> <span class='ocrx_word' id='word_1_262' title='bbox 1061 1994 1183 2059; x_wconf 89' lang='lat' dir='ltr'>post</span> <span class='ocrx_word' id='word_1_263' title='bbox 1206 1990 1515 2045; x_wconf 81' lang='lat' dir='ltr'>rebellantes</span> <span class='ocrx_word' id='word_1_264' title='bbox 1537 1992 1757 2062; x_wconf 84' lang='lat' dir='ltr'>placare</span> <span class='ocrx_word' id='word_1_265' title='bbox 1785 1992 1995 2048; x_wconf 75' lang='lat' dir='ltr'>nititur.</span> 
     </span>
    </p>
   </div>
   <div class='ocr_carea' id='block_1_36' title="bbox 594 2106 2123 2184">
    <p class='ocr_par' dir='ltr' id='par_1_36' title="bbox 594 2106 2123 2184">
     <span class='ocr_line' id='line_1_36' title="bbox 594 2106 2123 2184; baseline 0.003 -21"><span class='ocrx_word' id='word_1_266' title='bbox 594 2106 681 2165; x_wconf 77' lang='grc'>12.</span> <span class='ocrx_word' id='word_1_267' title='bbox 713 2106 826 2164; x_wconf 87' lang='lat' dir='ltr'>Hac</span> <span class='ocrx_word' id='word_1_268' title='bbox 879 2108 1131 2165; x_wconf 90' lang='lat' dir='ltr'>oratione</span> <span class='ocrx_word' id='word_1_269' title='bbox 1178 2109 1333 2165; x_wconf 90' lang='lat' dir='ltr'>visus</span> <span class='ocrx_word' id='word_1_270' title='bbox 1376 2117 1458 2166; x_wconf 88' lang='lat' dir='ltr'>est</span> <span class='ocrx_word' id='word_1_271' title='bbox 1505 2110 1729 2183; x_wconf 87' lang='lat' dir='ltr'>quidem</span> <span class='ocrx_word' id='word_1_272' title='bbox 1782 2110 1850 2167; x_wconf 92' lang='lat' dir='ltr'>ad</span> <span class='ocrx_word' id='word_1_273' title='bbox 1906 2117 2123 2184; x_wconf 89' lang='lat' dir='ltr'>tempus</span> 
     </span>
    </p>
   </div>
   <div class='ocr_carea' id='block_1_37' title="bbox 520 2197 2119 2273">
    <p class='ocr_par' dir='ltr' id='par_1_37' title="bbox 520 2197 2119 2273">
     <span class='ocr_line' id='line_1_37' title="bbox 520 2197 2119 2273; baseline 0.003 -18"><span class='ocrx_word' id='word_1_274' title='bbox 520 2197 907 2270; x_wconf 72' lang='lat' dir='ltr'>compressisse</span> <span class='ocrx_word' id='word_1_275' title='bbox 925 2206 1137 2255; x_wconf 91' lang='lat' dir='ltr'>motum</span> <span class='ocrx_word' id='word_1_276' title='bbox 1152 2208 1207 2257; x_wconf 92' lang='lat' dir='ltr'>et</span> <span class='ocrx_word' id='word_1_277' title='bbox 1228 2201 1507 2273; x_wconf 80' lang='lat' dir='ltr'>mitigasse</span> <span class='ocrx_word' id='word_1_278' title='bbox 1520 2202 1761 2258; x_wconf 85' lang='lat' dir='ltr'>furorem</span> <span class='ocrx_word' id='word_1_279' title='bbox 1785 2220 1797 2259; x_wconf 87' lang='lat'><strong>:</strong></span> <span class='ocrx_word' id='word_1_280' title='bbox 1822 2203 1883 2259; x_wconf 90' lang='lat' dir='ltr'>in</span> <span class='ocrx_word' id='word_1_281' title='bbox 1900 2211 2119 2261; x_wconf 89' lang='lat' dir='ltr'>tantum</span> 
     </span>
    </p>
   </div>
   <div class='ocr_carea' id='block_1_38' title="bbox 520 2286 2121 2363">
    <p class='ocr_par' dir='ltr' id='par_1_38' title="bbox 520 2286 2121 2363">
     <span class='ocr_line' id='line_1_38' title="bbox 520 2286 2121 2363; baseline 0.006 -20"><span class='ocrx_word' id='word_1_282' title='bbox 520 2292 583 2343; x_wconf 91' lang='lat' dir='ltr'>ut</span> <span class='ocrx_word' id='word_1_283' title='bbox 611 2286 717 2360; x_wconf 92' lang='lat' dir='ltr'>ipsi</span> <span class='ocrx_word' id='word_1_284' title='bbox 760 2286 1063 2344; x_wconf 84' lang='lat' dir='ltr'>faterentur</span> <span class='ocrx_word' id='word_1_285' title='bbox 1099 2290 1340 2363; x_wconf 89' lang='lat' dir='ltr'>culpam,</span> <span class='ocrx_word' id='word_1_286' title='bbox 1371 2292 1733 2350; x_wconf 90' lang='lat' dir='ltr'>obtenderent</span> <span class='ocrx_word' id='word_1_287' title='bbox 1778 2294 2121 2353; x_wconf 86' lang='lat' dir='ltr'>satisfactio-</span> 
     </span>
    </p>
   </div>
   <div class='ocr_carea' id='block_1_39' title="bbox 521 2379 2119 2455">
    <p class='ocr_par' dir='ltr' id='par_1_39' title="bbox 521 2379 2119 2455">
     <span class='ocr_line' id='line_1_39' title="bbox 521 2379 2119 2455; baseline 0.003 -21"><span class='ocrx_word' id='word_1_288' title='bbox 521 2394 676 2447; x_wconf 91' lang='lat' dir='ltr'>nem;</span> <span class='ocrx_word' id='word_1_289' title='bbox 708 2379 800 2436; x_wconf 84' lang='lat' dir='ltr'>sed</span> <span class='ocrx_word' id='word_1_290' title='bbox 829 2387 947 2435; x_wconf 88' lang='lat' dir='ltr'>arte</span> <span class='ocrx_word' id='word_1_291' title='bbox 975 2380 1353 2454; x_wconf 59' lang='lat' dir='ltr'>prasternebant</span> <span class='ocrx_word' id='word_1_292' title='bbox 1383 2383 1624 2455; x_wconf 88' lang='lat' dir='ltr'>culpam.</span> <span class='ocrx_word' id='word_1_293' title='bbox 1661 2383 1823 2438; x_wconf 84' lang='lat' dir='ltr'>Anno</span> <span class='ocrx_word' id='word_1_294' title='bbox 1851 2382 1999 2439; x_wconf 90' lang='lat' dir='ltr'>enim</span> <span class='ocrx_word' id='word_1_295' title='bbox 2037 2382 2119 2439; x_wconf 87' lang='lat' dir='ltr'>in-</span> 
     </span>
    </p>
   </div>
   <div class='ocr_carea' id='block_1_40' title="bbox 520 2467 2118 2542">
    <p class='ocr_par' dir='ltr' id='par_1_40' title="bbox 520 2467 2118 2542">
     <span class='ocr_line' id='line_1_40' title="bbox 520 2467 2118 2542; baseline 0.003 -20"><span class='ocrx_word' id='word_1_296' title='bbox 520 2473 676 2540; x_wconf 89' lang='lat' dir='ltr'>tegro</span> <span class='ocrx_word' id='word_1_297' title='bbox 705 2467 965 2526; x_wconf 89' lang='lat' dir='ltr'>diabolus</span> <span class='ocrx_word' id='word_1_298' title='bbox 993 2470 1051 2526; x_wconf 92' lang='lat' dir='ltr'>in</span> <span class='ocrx_word' id='word_1_299' title='bbox 1073 2470 1352 2542; x_wconf 84' lang='lat' dir='ltr'>speluncis</span> <span class='ocrx_word' id='word_1_300' title='bbox 1368 2471 1620 2528; x_wconf 91' lang='lat' dir='ltr'>cordium</span> <span class='ocrx_word' id='word_1_301' title='bbox 1642 2472 1869 2529; x_wconf 92' lang='lat' dir='ltr'>illorum</span> <span class='ocrx_word' id='word_1_302' title='bbox 1898 2472 2001 2529; x_wconf 90' lang='lat' dir='ltr'>sub</span> <span class='ocrx_word' id='word_1_303' title='bbox 2025 2472 2118 2528; x_wconf 91' lang='lat' dir='ltr'>tali</span> 
     </span>
    </p>
   </div>
   <div class='ocr_carea' id='block_1_41' title="bbox 521 2558 2119 2637">
    <p class='ocr_par' dir='ltr' id='par_1_41' title="bbox 521 2558 2119 2637">
     <span class='ocr_line' id='line_1_41' title="bbox 521 2558 2119 2637; baseline 0.004 -24"><span class='ocrx_word' id='word_1_304' title='bbox 521 2558 879 2632; x_wconf 89' lang='lat' dir='ltr'>simplicitate</span> <span class='ocrx_word' id='word_1_305' title='bbox 908 2560 1166 2629; x_wconf 85' lang='lat' dir='ltr'>delituit;</span> <span class='ocrx_word' id='word_1_306' title='bbox 1206 2578 1307 2618; x_wconf 93' lang='lat' dir='ltr'>nec</span> <span class='ocrx_word' id='word_1_307' title='bbox 1330 2561 1439 2617; x_wconf 91' lang='lat' dir='ltr'>viri</span> <span class='ocrx_word' id='word_1_308' title='bbox 1470 2561 1569 2618; x_wconf 91' lang='lat' dir='ltr'>Dei</span> <span class='ocrx_word' id='word_1_309' title='bbox 1603 2563 1779 2620; x_wconf 89' lang='lat' dir='ltr'>valuit</span> <span class='ocrx_word' id='word_1_310' title='bbox 1807 2579 2119 2637; x_wconf 84' lang='lat' dir='ltr'>quanquam</span> 
     </span>
    </p>
   </div>
   <div class='ocr_carea' id='block_1_42' title="bbox 523 2647 2118 2716">
    <p class='ocr_par' dir='ltr' id='par_1_42' title="bbox 523 2647 2118 2716">
     <span class='ocr_line' id='line_1_42' title="bbox 523 2647 2118 2716; baseline 0.006 -14"><span class='ocrx_word' id='word_1_311' title='bbox 523 2647 751 2716; x_wconf 77' lang='lat' dir='ltr'>crebris,</span> <span class='ocrx_word' id='word_1_312' title='bbox 780 2648 894 2705; x_wconf 91' lang='lat' dir='ltr'>imo</span> <span class='ocrx_word' id='word_1_313' title='bbox 921 2649 1206 2707; x_wconf 89' lang='lat' dir='ltr'>continuis</span> <span class='ocrx_word' id='word_1_314' title='bbox 1234 2650 1464 2707; x_wconf 90' lang='lat' dir='ltr'>monitis</span> <span class='ocrx_word' id='word_1_315' title='bbox 1482 2667 1514 2708; x_wconf 90' lang='lat' dir='ltr'>a</span> <span class='ocrx_word' id='word_1_316' title='bbox 1541 2652 1773 2709; x_wconf 91' lang='lat' dir='ltr'>latibulo</span> <span class='ocrx_word' id='word_1_317' title='bbox 1805 2654 2005 2710; x_wconf 90' lang='lat' dir='ltr'>mentis</span> <span class='ocrx_word' id='word_1_318' title='bbox 2031 2671 2118 2711; x_wconf 88' lang='lat' dir='ltr'>co-</span> 
     </span>
    </p>
   </div>
   <div class='ocr_carea' id='block_1_43' title="bbox 523 2742 2118 2821">
    <p class='ocr_par' dir='ltr' id='par_1_43' title="bbox 523 2742 2118 2821">
     <span class='ocr_line' id='line_1_43' title="bbox 523 2742 2118 2821; baseline 0.003 -23"><span class='ocrx_word' id='word_1_319' title='bbox 523 2758 645 2798; x_wconf 89' lang='lat' dir='ltr'>rum</span> <span class='ocrx_word' id='word_1_320' title='bbox 664 2748 924 2815; x_wconf 86' lang='lat' dir='ltr'>tanquam</span> <span class='ocrx_word' id='word_1_321' title='bbox 961 2743 1108 2815; x_wconf 88' lang='lat' dir='ltr'>aspis</span> <span class='ocrx_word' id='word_1_322' title='bbox 1138 2742 1393 2800; x_wconf 89' lang='lat' dir='ltr'>obturata</span> <span class='ocrx_word' id='word_1_323' title='bbox 1412 2760 1544 2801; x_wconf 90' lang='lat' dir='ltr'>aure</span> <span class='ocrx_word' id='word_1_324' title='bbox 1560 2745 1787 2817; x_wconf 88' lang='lat' dir='ltr'>abduci,</span> <span class='ocrx_word' id='word_1_325' title='bbox 1816 2747 1950 2821; x_wconf 90' lang='lat' dir='ltr'>quin</span> <span class='ocrx_word' id='word_1_326' title='bbox 1975 2764 2118 2803; x_wconf 83' lang='lat' dir='ltr'>sem-</span> 
     </span>
    </p>
   </div>
   <div class='ocr_carea' id='block_1_44' title="bbox 520 2830 2118 2909">
    <p class='ocr_par' dir='ltr' id='par_1_44' title="bbox 520 2830 2118 2909">
     <span class='ocr_line' id='line_1_44' title="bbox 520 2830 2118 2909; baseline 0.003 -22"><span class='ocrx_word' id='word_1_327' title='bbox 520 2846 619 2904; x_wconf 89' lang='lat' dir='ltr'>per</span> <span class='ocrx_word' id='word_1_328' title='bbox 646 2830 1115 2901; x_wconf 87' lang='lat' dir='ltr'>machinarentur,</span> <span class='ocrx_word' id='word_1_329' title='bbox 1147 2840 1417 2905; x_wconf 89' lang='lat' dir='ltr'>quatenus</span> <span class='ocrx_word' id='word_1_330' title='bbox 1444 2842 1687 2907; x_wconf 63' lang='lat' dir='ltr'>captum</span> <span class='ocrx_word' id='word_1_331' title='bbox 1738 2852 1897 2892; x_wconf 91' lang='lat' dir='ltr'>suum</span> <span class='ocrx_word' id='word_1_332' title='bbox 1931 2844 2118 2909; x_wconf 92' lang='lat' dir='ltr'>optato</span> 
     </span>
    </p>
   </div>
   <div class='ocr_carea' id='block_1_45' title="bbox 519 2919 2114 2997">
    <p class='ocr_par' dir='ltr' id='par_1_45' title="bbox 519 2919 2114 2997">
     <span class='ocr_line' id='line_1_45' title="bbox 519 2919 2114 2997; baseline 0.004 -21"><span class='ocrx_word' id='word_1_333' title='bbox 519 2919 629 2977; x_wconf 89' lang='lat' dir='ltr'>ﬁne</span> <span class='ocrx_word' id='word_1_334' title='bbox 658 2921 1073 2979; x_wconf 90' lang='lat' dir='ltr'>concluderent.</span> <span class='ocrx_word' id='word_1_335' title='bbox 1106 2922 1210 2979; x_wconf 90' lang='lat' dir='ltr'>Sed</span> <span class='ocrx_word' id='word_1_336' title='bbox 1229 2939 1355 2979; x_wconf 89' lang='lat' dir='ltr'>cum</span> <span class='ocrx_word' id='word_1_337' title='bbox 1380 2923 1496 2996; x_wconf 89' lang='lat' dir='ltr'>jam</span> <span class='ocrx_word' id='word_1_338' title='bbox 1524 2925 1659 2981; x_wconf 86' lang='lat' dir='ltr'>talia</span> <span class='ocrx_word' id='word_1_339' title='bbox 1689 2941 1785 2997; x_wconf 87' lang='lat' dir='ltr'>per</span> <span class='ocrx_word' id='word_1_340' title='bbox 1812 2927 2114 2983; x_wconf 88' lang='lat' dir='ltr'>multorum</span> 
     </span>
    </p>
   </div>
   <div class='ocr_carea' id='block_1_46' title="bbox 521 3012 2116 3088">
    <p class='ocr_par' dir='ltr' id='par_1_46' title="bbox 521 3012 2116 3088">
     <span class='ocr_line' id='line_1_46' title="bbox 521 3012 2116 3088; baseline 0.003 -19"><span class='ocrx_word' id='word_1_341' title='bbox 521 3027 618 3069; x_wconf 90' lang='lat' dir='ltr'>ora</span> <span class='ocrx_word' id='word_1_342' title='bbox 646 3012 967 3083; x_wconf 90' lang='lat' dir='ltr'>volitarent,</span> <span class='ocrx_word' id='word_1_343' title='bbox 989 3020 1045 3069; x_wconf 83' lang='lat' dir='ltr'>et</span> <span class='ocrx_word' id='word_1_344' title='bbox 1066 3013 1135 3070; x_wconf 89' lang='lat' dir='ltr'>ad</span> <span class='ocrx_word' id='word_1_345' title='bbox 1160 3030 1339 3087; x_wconf 89' lang='lat' dir='ltr'>regem</span> <span class='ocrx_word' id='word_1_346' title='bbox 1361 3030 1534 3088; x_wconf 89' lang='lat' dir='ltr'>usque</span> <span class='ocrx_word' id='word_1_347' title='bbox 1555 3015 2003 3087; x_wconf 86' lang='lat' dir='ltr'>perveherentur,</span> <span class='ocrx_word' id='word_1_348' title='bbox 2026 3034 2116 3073; x_wconf 90' lang='lat' dir='ltr'>ve-</span> 
     </span>
    </p>
   </div>
   <div class='ocr_carea' id='block_1_47' title="bbox 2232 1862 3827 1934">
    <p class='ocr_par' dir='ltr' id='par_1_47' title="bbox 2232 1862 3827 1934">
     <span class='ocr_line' id='line_1_47' title="bbox 2232 1862 3827 1934; baseline 0.003 -17"><span class='ocrx_word' id='word_1_349' title='bbox 2232 1862 2443 1932; x_wconf 87' lang='lat' dir='ltr'>tulisse,</span> <span class='ocrx_word' id='word_1_350' title='bbox 2460 1871 2513 1918; x_wconf 92' lang='lat' dir='ltr'>et</span> <span class='ocrx_word' id='word_1_351' title='bbox 2543 1863 2668 1920; x_wconf 90' lang='lat' dir='ltr'>ideo</span> <span class='ocrx_word' id='word_1_352' title='bbox 2689 1871 2803 1919; x_wconf 87' lang='lat' dir='ltr'>tota</span> <span class='ocrx_word' id='word_1_353' title='bbox 2825 1862 3028 1920; x_wconf 85' lang='lat' dir='ltr'>ﬁducia</span> <span class='ocrx_word' id='word_1_354' title='bbox 3055 1863 3398 1934; x_wconf 88' lang='lat' dir='ltr'>decantabat,</span> <span class='ocrx_word' id='word_1_355' title='bbox 3428 1864 3622 1923; x_wconf 88' lang='lat' dir='ltr'>dicens</span> <span class='ocrx_word' id='word_1_356' title='bbox 3648 1885 3661 1922; x_wconf 89' lang='lat'><strong>:</strong></span> <span class='ocrx_word' id='word_1_357' title='bbox 3696 1866 3827 1934; x_wconf 77' lang='lat' dir='ltr'>Quid</span> 
     </span>
    </p>
   </div>
   <div class='ocr_carea' id='block_1_48' title="bbox 2232 1952 3826 2025">
    <p class='ocr_par' dir='ltr' id='par_1_48' title="bbox 2232 1952 3826 2025">
     <span class='ocr_line' id='line_1_48' title="bbox 2232 1952 3826 2025; baseline 0.003 -19"><span class='ocrx_word' id='word_1_358' title='bbox 2232 1952 2523 2007; x_wconf 83' lang='lat' dir='ltr'>retribuam</span> <span class='ocrx_word' id='word_1_359' title='bbox 2562 1953 2788 2008; x_wconf 86' lang='lat' dir='ltr'>Domino</span> <span class='ocrx_word' id='word_1_360' title='bbox 2830 1969 2935 2025; x_wconf 84' lang='lat' dir='ltr'>pro</span> <span class='ocrx_word' id='word_1_361' title='bbox 2972 1953 3211 2009; x_wconf 86' lang='lat' dir='ltr'>omnibus</span> <span class='ocrx_word' id='word_1_362' title='bbox 3232 1970 3350 2025; x_wconf 64' lang='lat' dir='ltr'>qua:</span> <span class='ocrx_word' id='word_1_363' title='bbox 3376 1955 3629 2011; x_wconf 82' lang='lat' dir='ltr'>retribuit</span> <span class='ocrx_word' id='word_1_364' title='bbox 3657 1956 3826 2012; x_wconf 74' lang='lat' dir='ltr'>mihi?</span> 
     </span>
    </p>
   </div>
   <div class='ocr_carea' id='block_1_49' title="bbox 2236 2047 3826 2123">
    <p class='ocr_par' dir='ltr' id='par_1_49' title="bbox 2236 2047 3826 2123">
     <span class='ocr_line' id='line_1_49' title="bbox 2236 2047 3826 2123; baseline 0.003 -20"><span class='ocrx_word' id='word_1_365' title='bbox 2236 2047 2463 2104; x_wconf 81' lang='lat' dir='ltr'>Calicem</span> <span class='ocrx_word' id='word_1_366' title='bbox 2504 2049 2764 2105; x_wconf 86' lang='lat' dir='ltr'>salutaris</span> <span class='ocrx_word' id='word_1_367' title='bbox 2808 2050 3068 2123; x_wconf 88' lang='lat' dir='ltr'>accipiam</span> <span class='ocrx_word' id='word_1_368' title='bbox 3113 2058 3162 2107; x_wconf 89' lang='lat' dir='ltr'>et</span> <span class='ocrx_word' id='word_1_369' title='bbox 3190 2067 3379 2108; x_wconf 80' lang='lat' dir='ltr'>nomen</span> <span class='ocrx_word' id='word_1_370' title='bbox 3419 2052 3641 2109; x_wconf 87' lang='lat' dir='ltr'>Domini</span> <span class='ocrx_word' id='word_1_371' title='bbox 3675 2052 3826 2108; x_wconf 76' lang='lat' dir='ltr'>invo-</span> 
     </span>
    </p>
   </div>
   <div class='ocr_carea' id='block_1_50' title="bbox 2230 2138 3825 2214">
    <p class='ocr_par' dir='ltr' id='par_1_50' title="bbox 2230 2138 3825 2214">
     <span class='ocr_line' id='line_1_50' title="bbox 2230 2138 3825 2214; baseline 0.006 -22"><span class='ocrx_word' id='word_1_372' title='bbox 2230 2138 2356 2193; x_wconf 86' lang='lat' dir='ltr'>cabo</span> <span class='ocrx_word' id='word_1_373' title='bbox 2384 2138 2405 2207; x_wconf 94' lang='lat'>(</span> <span class='ocrx_word' id='word_1_374' title='bbox 2428 2139 2575 2195; x_wconf 87' lang='lat' dir='ltr'>Psal.</span> <span class='ocrx_word' id='word_1_375' title='bbox 2608 2156 2721 2195; x_wconf 83' lang='lat' dir='ltr'>cxv</span> <span class='ocrx_word' id='word_1_376' title='bbox 2750 2140 2791 2210; x_wconf 94' lang='lat'>).</span> <span class='ocrx_word' id='word_1_377' title='bbox 2830 2141 3122 2198; x_wconf 88' lang='lat' dir='ltr'>Laceratus</span> <span class='ocrx_word' id='word_1_378' title='bbox 3150 2157 3277 2214; x_wconf 81' lang='lat' dir='ltr'>ergo</span> <span class='ocrx_word' id='word_1_379' title='bbox 3320 2151 3375 2199; x_wconf 89' lang='lat' dir='ltr'>et</span> <span class='ocrx_word' id='word_1_380' title='bbox 3402 2143 3652 2213; x_wconf 87' lang='lat' dir='ltr'>vinctus,</span> <span class='ocrx_word' id='word_1_381' title='bbox 3688 2143 3825 2201; x_wconf 87' lang='lat' dir='ltr'>ludi-</span> 
     </span>
    </p>
   </div>
   <div class='ocr_carea' id='block_1_51' title="bbox 2228 2225 3824 2305">
    <p class='ocr_par' dir='ltr' id='par_1_51' title="bbox 2228 2225 3824 2305">
     <span class='ocr_line' id='line_1_51' title="bbox 2228 2225 3824 2305; baseline 0.006 -24"><span class='ocrx_word' id='word_1_382' title='bbox 2228 2225 2461 2300; x_wconf 90' lang='lat' dir='ltr'>brioque</span> <span class='ocrx_word' id='word_1_383' title='bbox 2505 2226 2746 2295; x_wconf 90' lang='lat' dir='ltr'>habitus,</span> <span class='ocrx_word' id='word_1_384' title='bbox 2799 2236 2926 2285; x_wconf 90' lang='lat' dir='ltr'>ante</span> <span class='ocrx_word' id='word_1_385' title='bbox 2982 2247 3078 2286; x_wconf 88' lang='lat' dir='ltr'>ora</span> <span class='ocrx_word' id='word_1_386' title='bbox 3134 2239 3547 2305; x_wconf 88' lang='lat' dir='ltr'>persecutorum</span> <span class='ocrx_word' id='word_1_387' title='bbox 3604 2249 3824 2290; x_wconf 87' lang='lat' dir='ltr'>suorum</span> 
     </span>
    </p>
   </div>
   <div class='ocr_carea' id='block_1_52' title="bbox 2230 2316 3822 2393">
    <p class='ocr_par' dir='ltr' id='par_1_52' title="bbox 2230 2316 3822 2393">
     <span class='ocr_line' id='line_1_52' title="bbox 2230 2316 3822 2393; baseline 0.006 -24"><span class='ocrx_word' id='word_1_388' title='bbox 2230 2316 2629 2387; x_wconf 84' lang='lat' dir='ltr'>exponebatur,</span> <span class='ocrx_word' id='word_1_389' title='bbox 2681 2334 2965 2391; x_wconf 85' lang='lat' dir='ltr'>quousque</span> <span class='ocrx_word' id='word_1_390' title='bbox 3005 2334 3120 2374; x_wconf 85' lang='lat' dir='ltr'>nox</span> <span class='ocrx_word' id='word_1_391' title='bbox 3167 2318 3278 2376; x_wconf 90' lang='lat' dir='ltr'>luci</span> <span class='ocrx_word' id='word_1_392' title='bbox 3320 2320 3822 2393; x_wconf 87' lang='lat' dir='ltr'>superduceretur:</span> 
     </span>
    </p>
   </div>
   <div class='ocr_carea' id='block_1_53' title="bbox 2231 2408 3821 2482">
    <p class='ocr_par' dir='ltr' id='par_1_53' title="bbox 2231 2408 3821 2482">
     <span class='ocr_line' id='line_1_53' title="bbox 2231 2408 3821 2482; baseline 0.004 -23"><span class='ocrx_word' id='word_1_393' title='bbox 2231 2419 2352 2476; x_wconf 68' lang='lat' dir='ltr'>quae</span> <span class='ocrx_word' id='word_1_394' title='bbox 2379 2420 2506 2460; x_wconf 89' lang='lat' dir='ltr'>cum</span> <span class='ocrx_word' id='word_1_395' title='bbox 2529 2422 2629 2462; x_wconf 92' lang='lat' dir='ltr'>suo</span> <span class='ocrx_word' id='word_1_396' title='bbox 2658 2414 2905 2479; x_wconf 90' lang='lat' dir='ltr'>tempore</span> <span class='ocrx_word' id='word_1_397' title='bbox 2927 2415 3101 2463; x_wconf 90' lang='lat' dir='ltr'>terras</span> <span class='ocrx_word' id='word_1_398' title='bbox 3127 2408 3343 2480; x_wconf 90' lang='lat' dir='ltr'>operire</span> <span class='ocrx_word' id='word_1_399' title='bbox 3363 2410 3644 2482; x_wconf 63' lang='lat' dir='ltr'>coepisset,</span> <span class='ocrx_word' id='word_1_400' title='bbox 3670 2409 3821 2466; x_wconf 75' lang='lat' dir='ltr'>mini~</span> 
     </span>
    </p>
   </div>
   <div class='ocr_carea' id='block_1_54' title="bbox 2230 2494 3824 2571">
    <p class='ocr_par' dir='ltr' id='par_1_54' title="bbox 2230 2494 3824 2571">
     <span class='ocr_line' id='line_1_54' title="bbox 2230 2494 3824 2571; baseline 0.004 -20"><span class='ocrx_word' id='word_1_401' title='bbox 2230 2494 2328 2551; x_wconf 92' lang='lat' dir='ltr'>stri</span> <span class='ocrx_word' id='word_1_402' title='bbox 2360 2495 2571 2553; x_wconf 65' lang='lat' dir='ltr'>Satanas</span> <span class='ocrx_word' id='word_1_403' title='bbox 2599 2513 2692 2553; x_wconf 90' lang='lat' dir='ltr'>eos</span> <span class='ocrx_word' id='word_1_404' title='bbox 2720 2514 2858 2571; x_wconf 90' lang='lat' dir='ltr'>quos</span> <span class='ocrx_word' id='word_1_405' title='bbox 2888 2505 3079 2555; x_wconf 89' lang='lat' dir='ltr'>sancto</span> <span class='ocrx_word' id='word_1_406' title='bbox 3107 2514 3230 2555; x_wconf 73' lang='lat' dir='ltr'>vrro</span> <span class='ocrx_word' id='word_1_407' title='bbox 3271 2499 3603 2557; x_wconf 88' lang='lat' dir='ltr'>familiarius</span> <span class='ocrx_word' id='word_1_408' title='bbox 3638 2500 3824 2557; x_wconf 72' lang='lat' dir='ltr'>adhae-</span> 
     </span>
    </p>
   </div>
   <div class='ocr_carea' id='block_1_55' title="bbox 2229 2585 3821 2659">
    <p class='ocr_par' dir='ltr' id='par_1_55' title="bbox 2229 2585 3821 2659">
     <span class='ocr_line' id='line_1_55' title="bbox 2229 2585 3821 2659; baseline 0.004 -19"><span class='ocrx_word' id='word_1_409' title='bbox 2229 2585 2362 2641; x_wconf 90' lang='lat' dir='ltr'>sisse</span> <span class='ocrx_word' id='word_1_410' title='bbox 2410 2585 2678 2655; x_wconf 91' lang='lat' dir='ltr'>sciebant,</span> <span class='ocrx_word' id='word_1_411' title='bbox 2726 2603 2759 2643; x_wconf 89' lang='lat' dir='ltr'>a</span> <span class='ocrx_word' id='word_1_412' title='bbox 2807 2588 3064 2645; x_wconf 88' lang='lat' dir='ltr'>claustris</span> <span class='ocrx_word' id='word_1_413' title='bbox 3111 2589 3432 2645; x_wconf 88' lang='lat' dir='ltr'>monasterii</span> <span class='ocrx_word' id='word_1_414' title='bbox 3471 2589 3727 2659; x_wconf 89' lang='lat' dir='ltr'>eductos,</span> <span class='ocrx_word' id='word_1_415' title='bbox 3763 2589 3821 2647; x_wconf 84' lang='lat' dir='ltr'>ad</span> 
     </span>
    </p>
   </div>
   <div class='ocr_carea' id='block_1_56' title="bbox 2227 2678 3821 2755">
    <p class='ocr_par' dir='ltr' id='par_1_56' title="bbox 2227 2678 3821 2755">
     <span class='ocr_line' id='line_1_56' title="bbox 2227 2678 3821 2755; baseline 0.003 -21"><span class='ocrx_word' id='word_1_416' title='bbox 2227 2678 2444 2735; x_wconf 88' lang='lat' dir='ltr'>Patrem</span> <span class='ocrx_word' id='word_1_417' title='bbox 2490 2678 2773 2737; x_wconf 88' lang='lat' dir='ltr'>adducunt</span> <span class='ocrx_word' id='word_1_418' title='bbox 2829 2687 3092 2753; x_wconf 89' lang='lat' dir='ltr'>tanquam</span> <span class='ocrx_word' id='word_1_419' title='bbox 3142 2681 3347 2755; x_wconf 88' lang='lat' dir='ltr'>pariter</span> <span class='ocrx_word' id='word_1_420' title='bbox 3403 2679 3735 2751; x_wconf 89' lang='lat' dir='ltr'>audiendos,</span> <span class='ocrx_word' id='word_1_421' title='bbox 3772 2699 3821 2738; x_wconf 84' lang='lat' dir='ltr'>re</span> 
     </span>
    </p>
   </div>
   <div class='ocr_carea' id='block_1_57' title="bbox 2226 2769 3819 2843">
    <p class='ocr_par' dir='ltr' id='par_1_57' title="bbox 2226 2769 3819 2843">
     <span class='ocr_line' id='line_1_57' title="bbox 2226 2769 3819 2843; baseline 0.003 -20"><span class='ocrx_word' id='word_1_422' title='bbox 2226 2776 2409 2825; x_wconf 91' lang='lat' dir='ltr'>autem</span> <span class='ocrx_word' id='word_1_423' title='bbox 2439 2785 2567 2825; x_wconf 85' lang='lat' dir='ltr'>vera</span> <span class='ocrx_word' id='word_1_424' title='bbox 2598 2777 2660 2825; x_wconf 90' lang='lat' dir='ltr'>ut</span> <span class='ocrx_word' id='word_1_425' title='bbox 2693 2769 2858 2825; x_wconf 91' lang='lat' dir='ltr'>simul</span> <span class='ocrx_word' id='word_1_426' title='bbox 2905 2785 3160 2843; x_wconf 89' lang='lat' dir='ltr'>passuros</span> <span class='ocrx_word' id='word_1_427' title='bbox 3190 2789 3204 2827; x_wconf 87' lang='lat'><strong><em>:</em></strong></span> <span class='ocrx_word' id='word_1_428' title='bbox 3259 2786 3371 2827; x_wconf 91' lang='lat' dir='ltr'>non</span> <span class='ocrx_word' id='word_1_429' title='bbox 3421 2771 3572 2827; x_wconf 90' lang='lat' dir='ltr'>enim</span> <span class='ocrx_word' id='word_1_430' title='bbox 3608 2770 3819 2827; x_wconf 79' lang='lat' dir='ltr'>volebat</span> 
     </span>
    </p>
   </div>
   <div class='ocr_carea' id='block_1_58' title="bbox 2219 2858 3815 2934">
    <p class='ocr_par' dir='ltr' id='par_1_58' title="bbox 2219 2858 3815 2934">
     <span class='ocr_line' id='line_1_58' title="bbox 2219 2858 3815 2934; baseline 0.006 -26"><span class='ocrx_word' id='word_1_431' title='bbox 2219 2858 2504 2915; x_wconf 83' lang='lat' dir='ltr'>.Divinitas</span> <span class='ocrx_word' id='word_1_432' title='bbox 2523 2858 2701 2914; x_wconf 91' lang='lat' dir='ltr'>solum</span> <span class='ocrx_word' id='word_1_433' title='bbox 2716 2858 2828 2932; x_wconf 89' lang='lat' dir='ltr'>pati</span> <span class='ocrx_word' id='word_1_434' title='bbox 2845 2867 3134 2931; x_wconf 89' lang='lat' dir='ltr'>pastorem,</span> <span class='ocrx_word' id='word_1_435' title='bbox 3158 2858 3252 2916; x_wconf 89' lang='lat' dir='ltr'>sed</span> <span class='ocrx_word' id='word_1_436' title='bbox 3266 2859 3468 2917; x_wconf 89' lang='lat' dir='ltr'>habere</span> <span class='ocrx_word' id='word_1_437' title='bbox 3496 2861 3815 2934; x_wconf 89' lang='lat' dir='ltr'>participem</span> 
     </span>
    </p>
   </div>
   <div class='ocr_carea' id='block_1_59' title="bbox 2225 2947 3815 3024">
    <p class='ocr_par' dir='ltr' id='par_1_59' title="bbox 2225 2947 3815 3024">
     <span class='ocr_line' id='line_1_59' title="bbox 2225 2947 3815 3024; baseline 0.003 -21"><span class='ocrx_word' id='word_1_438' title='bbox 2225 2963 2462 3021; x_wconf 87' lang='lat' dir='ltr'>gregem.</span> <span class='ocrx_word' id='word_1_439' title='bbox 2492 2952 2564 3017; x_wconf 74' lang='lat' dir='ltr'>At</span> <span class='ocrx_word' id='word_1_440' title='bbox 2591 2964 2723 3004; x_wconf 90' lang='lat' dir='ltr'>vero</span> <span class='ocrx_word' id='word_1_441' title='bbox 2746 2948 2917 3005; x_wconf 89' lang='lat' dir='ltr'>sancti</span> <span class='ocrx_word' id='word_1_442' title='bbox 2952 2966 3095 3007; x_wconf 69' lang='lat' dir='ltr'>verte</span> <span class='ocrx_word' id='word_1_443' title='bbox 3122 2947 3369 3018; x_wconf 89' lang='lat' dir='ltr'>virtutis,</span> <span class='ocrx_word' id='word_1_444' title='bbox 3389 2956 3451 3005; x_wconf 91' lang='lat' dir='ltr'>ut</span> <span class='ocrx_word' id='word_1_445' title='bbox 3470 2957 3599 3022; x_wconf 89' lang='lat' dir='ltr'>pote</span> <span class='ocrx_word' id='word_1_446' title='bbox 3615 2949 3815 3024; x_wconf 89' lang='lat' dir='ltr'>Spiritu</span> 
     </span>
    </p>
   </div>
   <div class='ocr_carea' id='block_1_60' title="bbox 2224 3035 3817 3111">
    <p class='ocr_par' dir='ltr' id='par_1_60' title="bbox 2224 3035 3817 3111">
     <span class='ocr_line' id='line_1_60' title="bbox 2224 3035 3817 3111; baseline 0.001 -16"><span class='ocrx_word' id='word_1_447' title='bbox 2224 3047 2413 3095; x_wconf 86' lang='lat' dir='ltr'>sancto</span> <span class='ocrx_word' id='word_1_448' title='bbox 2433 3038 2751 3107; x_wconf 87' lang='lat' dir='ltr'>confortati,</span> <span class='ocrx_word' id='word_1_449' title='bbox 2782 3037 2935 3111; x_wconf 89' lang='lat' dir='ltr'>quasi</span> <span class='ocrx_word' id='word_1_450' title='bbox 2976 3036 3313 3111; x_wconf 85' lang='lat' dir='ltr'>jamjamque</span> <span class='ocrx_word' id='word_1_451' title='bbox 3337 3035 3565 3111; x_wconf 88' lang='lat' dir='ltr'>jngulos</span> <span class='ocrx_word' id='word_1_452' title='bbox 3603 3040 3817 3096; x_wconf 86' lang='lat' dir='ltr'>ensibus</span> 
     </span>
    </p>
   </div>
   <div class='ocr_carea' id='block_1_61' title="bbox 519 3105 3814 3207">
    <p class='ocr_par' dir='ltr' id='par_1_61' title="bbox 519 3105 3814 3207">
     <span class='ocr_line' id='line_1_61' title="bbox 519 3105 3814 3207; baseline 0.002 -29"><span class='ocrx_word' id='word_1_453' title='bbox 519 3113 704 3162; x_wconf 77' lang='lat' dir='ltr'>rentes</span> <span class='ocrx_word' id='word_1_454' title='bbox 728 3106 1159 3207; x_wconf 59' lang='grc' dir='ltr'>ροοείρίτείίοηὶε</span> <span class='ocrx_word' id='word_1_455' title='bbox 1183 3114 1446 3207; x_wconf 51' lang='lat' dir='ltr'>auctores</span> <span class='ocrx_word' id='word_1_456' title='bbox 1485 3105 1627 3178; x_wconf 75' lang='lat' dir='ltr'>regis</span> <span class='ocrx_word' id='word_1_457' title='bbox 1665 3123 1733 3207; x_wconf 68' lang='lat' dir='ltr'>{Ie</span> <span class='ocrx_word' id='word_1_458' title='bbox 1759 3106 2022 3164; x_wconf 70' lang='lat' dir='ltr'>severitas</span> <span class='ocrx_word' id='word_1_459' title='bbox 2056 3108 2114 3207; x_wconf 64' lang='lat' dir='ltr'>ix}</span> <span class='ocrx_word' id='word_1_460' title='bbox 2148 3146 2191 3207; x_wconf 73' lang='grc' dir='ltr'><strong>ρ</strong></span> <span class='ocrx_word' id='word_1_461' title='bbox 2227 3124 2531 3197; x_wconf 71' lang='lat' dir='ltr'>praebituri,</span> <span class='ocrx_word' id='word_1_462' title='bbox 2558 3105 2820 3182; x_wconf 81' lang='lat' dir='ltr'>ultimum</span> <span class='ocrx_word' id='word_1_463' title='bbox 2848 3105 3474 3194; x_wconf 34' lang='lat' dir='ltr'>vale&#39;sibi&#39;diceban&#39;tﬁt</span> <span class='ocrx_word' id='word_1_464' title='bbox 3492 3126 3814 3184; x_wconf 86' lang='lat' dir='ltr'>alterutrum</span> 
     </span>
    </p>
   </div>
   <div class='ocr_carea' id='block_1_62' title="bbox 519 3196 2110 3267">
    <p class='ocr_par' dir='ltr' id='par_1_62' title="bbox 519 3196 2110 3267">
     <span class='ocr_line' id='line_1_62' title="bbox 519 3196 2110 3267; baseline 0.001 -14"><span class='ocrx_word' id='word_1_465' title='bbox 519 3211 611 3253; x_wconf 90' lang='lat' dir='ltr'>eos</span> <span class='ocrx_word' id='word_1_466' title='bbox 651 3196 1135 3266; x_wconf 81' lang='lat' dir='ltr'>animadverteret,</span> <span class='ocrx_word' id='word_1_467' title='bbox 1168 3197 1531 3254; x_wconf 86' lang='lat' dir='ltr'>decreverunt</span> <span class='ocrx_word' id='word_1_468' title='bbox 1556 3203 1617 3251; x_wconf 88' lang='lat' dir='ltr'>ut</span> <span class='ocrx_word' id='word_1_469' title='bbox 1641 3197 1780 3253; x_wconf 87' lang='lat' dir='ltr'>alter</span> <span class='ocrx_word' id='word_1_470' title='bbox 1809 3213 2020 3267; x_wconf 90' lang='lat' dir='ltr'>eorum,</span> <span class='ocrx_word' id='word_1_471' title='bbox 2053 3198 2110 3256; x_wconf 92' lang='lat' dir='ltr'>id</span> 
     </span>
    </p>
   </div>
   <div class='ocr_carea' id='block_1_63' title="bbox 515 3285 2111 3354">
    <p class='ocr_par' dir='ltr' id='par_1_63' title="bbox 515 3285 2111 3354">
     <span class='ocr_line' id='line_1_63' title="bbox 515 3285 2111 3354; baseline 0.001 -13"><span class='ocrx_word' id='word_1_472' title='bbox 515 3292 598 3342; x_wconf 89' lang='lat' dir='ltr'>est</span> <span class='ocrx_word' id='word_1_473' title='bbox 641 3285 968 3349; x_wconf 82' lang='lat' dir='ltr'>Archadius.</span> <span class='ocrx_word' id='word_1_474' title='bbox 1000 3285 1334 3344; x_wconf 91' lang='lat' dir='ltr'>monasterio</span> <span class='ocrx_word' id='word_1_475' title='bbox 1367 3285 1693 3354; x_wconf 84' lang='lat' dir='ltr'>discederet,</span> <span class='ocrx_word' id='word_1_476' title='bbox 1732 3293 2111 3342; x_wconf 89' lang='lat' dir='ltr'>commoturus</span> 
     </span>
    </p>
   </div>
   <div class='ocr_carea' id='block_1_64' title="bbox 512 3374 2110 3451">
    <p class='ocr_par' dir='ltr' id='par_1_64' title="bbox 512 3374 2110 3451">
     <span class='ocr_line' id='line_1_64' title="bbox 512 3374 2110 3451; baseline 0 -19"><span class='ocrx_word' id='word_1_477' title='bbox 512 3375 742 3434; x_wconf 90' lang='lat' dir='ltr'>clericos</span> <span class='ocrx_word' id='word_1_478' title='bbox 771 3376 1037 3446; x_wconf 87' lang='lat' dir='ltr'>civitatis,</span> <span class='ocrx_word' id='word_1_479' title='bbox 1078 3385 1133 3434; x_wconf 89' lang='lat' dir='ltr'>et</span> <span class='ocrx_word' id='word_1_480' title='bbox 1177 3391 1532 3451; x_wconf 89' lang='lat' dir='ltr'>quoscunque</span> <span class='ocrx_word' id='word_1_481' title='bbox 1572 3374 1918 3433; x_wconf 63' lang='lat' dir='ltr'>saecularium</span> <span class='ocrx_word' id='word_1_482' title='bbox 1953 3376 2110 3432; x_wconf 85' lang='lat' dir='ltr'>vale-</span> 
     </span>
    </p>
   </div>
   <div class='ocr_carea' id='block_1_65' title="bbox 510 3464 2105 3545">
    <p class='ocr_par' dir='ltr' id='par_1_65' title="bbox 510 3464 2105 3545">
     <span class='ocr_line' id='line_1_65' title="bbox 510 3464 2105 3545; baseline -0.001 -23"><span class='ocrx_word' id='word_1_483' title='bbox 510 3472 613 3522; x_wconf 89' lang='lat' dir='ltr'>ret.</span> <span class='ocrx_word' id='word_1_484' title='bbox 667 3465 973 3525; x_wconf 89' lang='lat' dir='ltr'>Columbus</span> <span class='ocrx_word' id='word_1_485' title='bbox 1020 3483 1151 3525; x_wconf 90' lang='lat' dir='ltr'>vero</span> <span class='ocrx_word' id='word_1_486' title='bbox 1194 3467 1342 3524; x_wconf 88' lang='lat' dir='ltr'>infra</span> <span class='ocrx_word' id='word_1_487' title='bbox 1389 3466 1786 3524; x_wconf 91' lang='lat' dir='ltr'>monasterium</span> <span class='ocrx_word' id='word_1_488' title='bbox 1840 3464 2105 3545; x_wconf 69' lang='lat' dir='ltr'>residens,</span> 
     </span>
    </p>
   </div>
   <div class='ocr_carea' id='block_1_66' title="bbox 510 3552 2110 3628">
    <p class='ocr_par' dir='ltr' id='par_1_66' title="bbox 510 3552 2110 3628">
     <span class='ocr_line' id='line_1_66' title="bbox 510 3552 2110 3628; baseline 0.001 -21"><span class='ocrx_word' id='word_1_489' title='bbox 510 3567 603 3608; x_wconf 91' lang='lat' dir='ltr'>eos</span> <span class='ocrx_word' id='word_1_490' title='bbox 630 3553 728 3628; x_wconf 91' lang='lat' dir='ltr'>qui</span> <span class='ocrx_word' id='word_1_491' title='bbox 758 3569 791 3609; x_wconf 91' lang='lat' dir='ltr'>a</span> <span class='ocrx_word' id='word_1_492' title='bbox 820 3562 1012 3612; x_wconf 91' lang='lat' dir='ltr'>sancto</span> <span class='ocrx_word' id='word_1_493' title='bbox 1058 3556 1181 3612; x_wconf 87' lang='lat' dir='ltr'>viro</span> <span class='ocrx_word' id='word_1_494' title='bbox 1213 3553 1559 3613; x_wconf 88' lang='lat' dir='ltr'>desciverant</span> <span class='ocrx_word' id='word_1_495' title='bbox 1588 3554 1644 3609; x_wconf 91' lang='lat' dir='ltr'>in</span> <span class='ocrx_word' id='word_1_496' title='bbox 1676 3552 1907 3627; x_wconf 90' lang='lat' dir='ltr'>perﬁdia</span> <span class='ocrx_word' id='word_1_497' title='bbox 1932 3561 2110 3626; x_wconf 77' lang='lat' dir='ltr'>cmpta</span> 
     </span>
    </p>
   </div>
   <div class='ocr_carea' id='block_1_67' title="bbox 509 3641 2108 3716">
    <p class='ocr_par' dir='ltr' id='par_1_67' title="bbox 509 3641 2108 3716">
     <span class='ocr_line' id='line_1_67' title="bbox 509 3641 2108 3716; baseline 0.001 -18"><span class='ocrx_word' id='word_1_498' title='bbox 509 3641 883 3709; x_wconf 86' lang='lat' dir='ltr'>conﬁrmaret,</span> <span class='ocrx_word' id='word_1_499' title='bbox 916 3650 970 3699; x_wconf 89' lang='lat' dir='ltr'>et</span> <span class='ocrx_word' id='word_1_500' title='bbox 998 3643 1046 3698; x_wconf 93' lang='lat' dir='ltr'>si</span> <span class='ocrx_word' id='word_1_501' title='bbox 1073 3660 1210 3716; x_wconf 92' lang='lat' dir='ltr'>quos</span> <span class='ocrx_word' id='word_1_502' title='bbox 1244 3652 1424 3715; x_wconf 89' lang='lat' dir='ltr'>posset</span> <span class='ocrx_word' id='word_1_503' title='bbox 1455 3643 1560 3699; x_wconf 83' lang='lat' dir='ltr'>sibi</span> <span class='ocrx_word' id='word_1_504' title='bbox 1591 3642 1840 3698; x_wconf 91' lang='lat' dir='ltr'>sociaret.</span> <span class='ocrx_word' id='word_1_505' title='bbox 1875 3643 1947 3698; x_wconf 85' lang='lat' dir='ltr'>At</span> <span class='ocrx_word' id='word_1_506' title='bbox 1976 3658 2108 3699; x_wconf 77' lang='lat' dir='ltr'>vero</span> 
     </span>
    </p>
   </div>
   <div class='ocr_carea' id='block_1_68' title="bbox 508 3729 2110 3804">
    <p class='ocr_par' dir='ltr' id='par_1_68' title="bbox 508 3729 2110 3804">
     <span class='ocr_line' id='line_1_68' title="bbox 508 3729 2110 3804; baseline 0.001 -19"><span class='ocrx_word' id='word_1_507' title='bbox 508 3736 732 3786; x_wconf 88' lang='lat' dir='ltr'>sanctus</span> <span class='ocrx_word' id='word_1_508' title='bbox 760 3730 849 3785; x_wconf 87' lang='lat' dir='ltr'>vir</span> <span class='ocrx_word' id='word_1_509' title='bbox 877 3729 1135 3801; x_wconf 84' lang='lat' dir='ltr'>Aigult‘us</span> <span class='ocrx_word' id='word_1_510' title='bbox 1178 3745 1394 3804; x_wconf 88' lang='lat' dir='ltr'>semper</span> <span class='ocrx_word' id='word_1_511' title='bbox 1430 3730 1700 3787; x_wconf 68' lang='lat' dir='ltr'>doctrinae</span> <span class='ocrx_word' id='word_1_512' title='bbox 1741 3729 1983 3786; x_wconf 86' lang='lat' dir='ltr'>instabat</span> <span class='ocrx_word' id='word_1_513' title='bbox 2012 3730 2110 3786; x_wconf 91' lang='lat' dir='ltr'>di-</span> 
     </span>
    </p>
   </div>
   <div class='ocr_carea' id='block_1_69' title="bbox 508 3817 2101 3890">
    <p class='ocr_par' dir='ltr' id='par_1_69' title="bbox 508 3817 2101 3890">
     <span class='ocr_line' id='line_1_69' title="bbox 508 3817 2101 3890; baseline 0.001 -15"><span class='ocrx_word' id='word_1_514' title='bbox 508 3832 638 3875; x_wconf 89' lang='lat' dir='ltr'>cens</span> <span class='ocrx_word' id='word_1_515' title='bbox 670 3833 682 3874; x_wconf 94' lang='lat'>:</span> <span class='ocrx_word' id='word_1_516' title='bbox 714 3817 955 3887; x_wconf 87' lang='lat' dir='ltr'>Fratres,</span> <span class='ocrx_word' id='word_1_517' title='bbox 981 3817 1220 3890; x_wconf 89' lang='lat' dir='ltr'>Spiritus</span> <span class='ocrx_word' id='word_1_518' title='bbox 1250 3819 1425 3875; x_wconf 87' lang='lat' dir='ltr'>sancti</span> <span class='ocrx_word' id='word_1_519' title='bbox 1469 3818 1638 3874; x_wconf 89' lang='lat' dir='ltr'>verba</span> <span class='ocrx_word' id='word_1_520' title='bbox 1658 3825 1790 3876; x_wconf 90' lang='lat' dir='ltr'>sunt</span> <span class='ocrx_word' id='word_1_521' title='bbox 1819 3818 2056 3876; x_wconf 88' lang='lat' dir='ltr'>dicentis</span> <span class='ocrx_word' id='word_1_522' title='bbox 2089 3838 2101 3876; x_wconf 91' lang='lat'><strong>:</strong></span> 
     </span>
    </p>
   </div>
   <div class='ocr_carea' id='block_1_70' title="bbox 506 3905 2101 3980">
    <p class='ocr_par' dir='ltr' id='par_1_70' title="bbox 506 3905 2101 3980">
     <span class='ocr_line' id='line_1_70' title="bbox 506 3905 2101 3980; baseline 0.001 -16"><span class='ocrx_word' id='word_1_523' title='bbox 506 3905 779 3965; x_wconf 89' lang='lat' dir='ltr'>Dominus</span> <span class='ocrx_word' id='word_1_524' title='bbox 832 3907 1122 3964; x_wconf 87' lang='lat' dir='ltr'>unanimes</span> <span class='ocrx_word' id='word_1_525' title='bbox 1164 3907 1297 3964; x_wconf 89' lang='lat' dir='ltr'>facit</span> <span class='ocrx_word' id='word_1_526' title='bbox 1342 3907 1591 3964; x_wconf 88' lang='lat' dir='ltr'>habitare</span> <span class='ocrx_word' id='word_1_527' title='bbox 1640 3908 1698 3962; x_wconf 89' lang='lat' dir='ltr'>in</span> <span class='ocrx_word' id='word_1_528' title='bbox 1729 3907 1896 3964; x_wconf 91' lang='lat' dir='ltr'>domo</span> <span class='ocrx_word' id='word_1_529' title='bbox 1927 3909 2101 3980; x_wconf 84' lang='lat' dir='ltr'>(Psal.</span> 
     </span>
    </p>
   </div>
   <div class='ocr_carea' id='block_1_71' title="bbox 506 3996 2104 4069">
    <p class='ocr_par' dir='ltr' id='par_1_71' title="bbox 506 3996 2104 4069">
     <span class='ocr_line' id='line_1_71' title="bbox 506 3996 2104 4069; baseline 0.002 -17"><span class='ocrx_word' id='word_1_530' title='bbox 506 3996 709 4068; x_wconf 76' lang='lat' dir='ltr'>LXVII).</span> <span class='ocrx_word' id='word_1_531' title='bbox 758 3997 865 4065; x_wconf 87' lang='lat' dir='ltr'>Qui</span> <span class='ocrx_word' id='word_1_532' title='bbox 901 4012 1029 4069; x_wconf 91' lang='lat' dir='ltr'>ergo</span> <span class='ocrx_word' id='word_1_533' title='bbox 1067 3996 1494 4054; x_wconf 84' lang='lat' dir='ltr'>unanimitatem</span> <span class='ocrx_word' id='word_1_534' title='bbox 1527 4012 1638 4054; x_wconf 91' lang='lat' dir='ltr'>non</span> <span class='ocrx_word' id='word_1_535' title='bbox 1660 4003 1871 4067; x_wconf 89' lang='lat' dir='ltr'>tenent,</span> <span class='ocrx_word' id='word_1_536' title='bbox 1897 3998 2104 4055; x_wconf 88' lang='lat' dir='ltr'>habita-</span> 
     </span>
    </p>
   </div>
   <div class='ocr_carea' id='block_1_72' title="bbox 507 4084 2103 4159">
    <p class='ocr_par' dir='ltr' id='par_1_72' title="bbox 507 4084 2103 4159">
     <span class='ocr_line' id='line_1_72' title="bbox 507 4084 2103 4159; baseline 0.003 -18"><span class='ocrx_word' id='word_1_537' title='bbox 507 4084 713 4142; x_wconf 90' lang='lat' dir='ltr'>tionem</span> <span class='ocrx_word' id='word_1_538' title='bbox 746 4086 944 4144; x_wconf 90' lang='lat' dir='ltr'>domus</span> <span class='ocrx_word' id='word_1_539' title='bbox 964 4086 1064 4144; x_wconf 90' lang='lat' dir='ltr'>Dei</span> <span class='ocrx_word' id='word_1_540' title='bbox 1095 4086 1478 4159; x_wconf 88' lang='lat' dir='ltr'>perdiderunt,</span> <span class='ocrx_word' id='word_1_541' title='bbox 1502 4094 1556 4143; x_wconf 89' lang='lat' dir='ltr'>et</span> <span class='ocrx_word' id='word_1_542' title='bbox 1585 4086 1641 4142; x_wconf 90' lang='lat' dir='ltr'>in</span> <span class='ocrx_word' id='word_1_543' title='bbox 1663 4085 1870 4143; x_wconf 91' lang='lat' dir='ltr'>diaboli</span> <span class='ocrx_word' id='word_1_544' title='bbox 1900 4095 2103 4145; x_wconf 86' lang='lat' dir='ltr'>sortem</span> 
     </span>
    </p>
   </div>
   <div class='ocr_carea' id='block_1_73' title="bbox 505 4175 2104 4249">
    <p class='ocr_par' dir='ltr' id='par_1_73' title="bbox 505 4175 2104 4249">
     <span class='ocr_line' id='line_1_73' title="bbox 505 4175 2104 4249; baseline 0.001 -17"><span class='ocrx_word' id='word_1_545' title='bbox 505 4183 915 4233; x_wconf 85' lang='lat' dir='ltr'>concesserunt.</span> <span class='ocrx_word' id='word_1_546' title='bbox 955 4175 1191 4249; x_wconf 89' lang='lat' dir='ltr'>Ideoque</span> <span class='ocrx_word' id='word_1_547' title='bbox 1218 4182 1434 4249; x_wconf 89' lang='lat' dir='ltr'>oportet</span> <span class='ocrx_word' id='word_1_548' title='bbox 1457 4193 1558 4233; x_wconf 91' lang='lat' dir='ltr'>nos</span> <span class='ocrx_word' id='word_1_549' title='bbox 1585 4175 1871 4235; x_wconf 87' lang='lat' dir='ltr'>cbaritatis</span> <span class='ocrx_word' id='word_1_550' title='bbox 1895 4178 2104 4235; x_wconf 87' lang='lat' dir='ltr'>vincu-</span> 
     </span>
    </p>
   </div>
   <div class='ocr_carea' id='block_1_74' title="bbox 506 4264 1623 4334">
    <p class='ocr_par' dir='ltr' id='par_1_74' title="bbox 506 4264 1623 4334">
     <span class='ocr_line' id='line_1_74' title="bbox 506 4264 1623 4334; baseline 0.003 -13"><span class='ocrx_word' id='word_1_551' title='bbox 506 4264 575 4321; x_wconf 88' lang='lat' dir='ltr'>lis</span> <span class='ocrx_word' id='word_1_552' title='bbox 601 4264 769 4334; x_wconf 86' lang='lat' dir='ltr'>necti,</span> <span class='ocrx_word' id='word_1_553' title='bbox 803 4273 858 4322; x_wconf 91' lang='lat' dir='ltr'>et</span> <span class='ocrx_word' id='word_1_554' title='bbox 884 4281 997 4323; x_wconf 93' lang='lat' dir='ltr'>non</span> <span class='ocrx_word' id='word_1_555' title='bbox 1026 4266 1391 4324; x_wconf 90' lang='lat' dir='ltr'>scissionibus</span> <span class='ocrx_word' id='word_1_556' title='bbox 1418 4267 1623 4325; x_wconf 87' lang='lat' dir='ltr'>dividi.</span> 
     </span>
    </p>
   </div>
   <div class='ocr_carea' id='block_1_75' title="bbox 501 4388 2102 4468">
    <p class='ocr_par' dir='ltr' id='par_1_75' title="bbox 501 4388 2102 4468">
     <span class='ocr_line' id='line_1_75' title="bbox 501 4388 2102 4468; baseline 0.002 -22"><span class='ocrx_word' id='word_1_557' title='bbox 501 4388 801 4447; x_wconf 81' lang='lat' dir='ltr'>Arcadium</span> <span class='ocrx_word' id='word_1_558' title='bbox 844 4390 1118 4468; x_wconf 77' lang='lat' dir='ltr'>seditionis</span> <span class='ocrx_word' id='word_1_559' title='bbox 1164 4390 1508 4468; x_wconf 74' lang='lat' dir='ltr'>incertiorem</span> <span class='ocrx_word' id='word_1_560' title='bbox 1544 4392 1735 4463; x_wconf 79' lang='lat' dir='ltr'>rejicit.</span> <span class='ocrx_word' id='word_1_561' title='bbox 1799 4394 2027 4468; x_wconf 83' lang='lat' dir='ltr'>Capitur</span> <span class='ocrx_word' id='word_1_562' title='bbox 2055 4403 2102 4452; x_wconf 83' lang='lat' dir='ltr'>et</span> 
     </span>
    </p>
   </div>
   <div class='ocr_carea' id='block_1_76' title="bbox 1048 4464 1553 4535">
    <p class='ocr_par' dir='ltr' id='par_1_76' title="bbox 1048 4464 1553 4535">
     <span class='ocr_line' id='line_1_76' title="bbox 1048 4464 1553 4535; baseline 0 -16"><span class='ocrx_word' id='word_1_563' title='bbox 1048 4464 1249 4535; x_wconf 85' lang='lat' dir='ltr'>ligatur</span> <span class='ocrx_word' id='word_1_564' title='bbox 1276 4480 1394 4518; x_wconf 84' lang='lat' dir='ltr'>cum</span> <span class='ocrx_word' id='word_1_565' title='bbox 1423 4464 1553 4519; x_wconf 82' lang='lat' dir='ltr'>suis.</span> 
     </span>
    </p>
   </div>
   <div class='ocr_carea' id='block_1_77' title="bbox 506 4584 2097 4663">
    <p class='ocr_par' dir='ltr' id='par_1_77' title="bbox 506 4584 2097 4663">
     <span class='ocr_line' id='line_1_77' title="bbox 506 4584 2097 4663; baseline 0.003 -22"><span class='ocrx_word' id='word_1_566' title='bbox 506 4614 517 4627; x_wconf 69' lang='grc' dir='ltr'><em>ι</em></span> <span class='ocrx_word' id='word_1_567' title='bbox 574 4585 658 4642; x_wconf 81' lang='grc'>13.</span> <span class='ocrx_word' id='word_1_568' title='bbox 710 4584 915 4642; x_wconf 90' lang='lat' dir='ltr'>Taliter</span> <span class='ocrx_word' id='word_1_569' title='bbox 960 4585 1059 4643; x_wconf 91' lang='lat' dir='ltr'>illo</span> <span class='ocrx_word' id='word_1_570' title='bbox 1106 4594 1300 4661; x_wconf 91' lang='lat' dir='ltr'>agente</span> <span class='ocrx_word' id='word_1_571' title='bbox 1345 4595 1399 4643; x_wconf 90' lang='lat' dir='ltr'>et</span> <span class='ocrx_word' id='word_1_572' title='bbox 1443 4588 1698 4658; x_wconf 86' lang='lat' dir='ltr'>dicente,</span> <span class='ocrx_word' id='word_1_573' title='bbox 1737 4589 1969 4663; x_wconf 90' lang='lat' dir='ltr'>quadam</span> <span class='ocrx_word' id='word_1_574' title='bbox 2009 4589 2097 4646; x_wconf 85' lang='lat' dir='ltr'>die</span> 
     </span>
    </p>
   </div>
   <div class='ocr_carea' id='block_1_78' title="bbox 497 4673 2093 4753">
    <p class='ocr_par' dir='ltr' id='par_1_78' title="bbox 497 4673 2093 4753">
     <span class='ocr_line' id='line_1_78' title="bbox 497 4673 2093 4753; baseline 0.005 -24"><span class='ocrx_word' id='word_1_575' title='bbox 497 4673 807 4730; x_wconf 87' lang='lat' dir='ltr'>Archadius</span> <span class='ocrx_word' id='word_1_576' title='bbox 836 4690 1089 4732; x_wconf 89' lang='lat' dir='ltr'>reversus</span> <span class='ocrx_word' id='word_1_577' title='bbox 1117 4677 1301 4734; x_wconf 90' lang='lat' dir='ltr'>fucata</span> <span class='ocrx_word' id='word_1_578' title='bbox 1330 4677 1666 4746; x_wconf 89' lang='lat' dir='ltr'>humilitate,</span> <span class='ocrx_word' id='word_1_579' title='bbox 1692 4678 1946 4753; x_wconf 90' lang='lat' dir='ltr'>ﬁctisque</span> <span class='ocrx_word' id='word_1_580' title='bbox 1972 4698 2093 4737; x_wconf 86' lang='lat' dir='ltr'>ver-</span> 
     </span>
    </p>
   </div>
   <div class='ocr_carea' id='block_1_79' title="bbox 494 4762 2096 4838">
    <p class='ocr_par' dir='ltr' id='par_1_79' title="bbox 494 4762 2096 4838">
     <span class='ocr_line' id='line_1_79' title="bbox 494 4762 2096 4838; baseline 0.005 -19"><span class='ocrx_word' id='word_1_581' title='bbox 494 4762 602 4832; x_wconf 90' lang='lat' dir='ltr'>bis,</span> <span class='ocrx_word' id='word_1_582' title='bbox 635 4764 904 4836; x_wconf 89' lang='lat' dir='ltr'>promissa</span> <span class='ocrx_word' id='word_1_583' title='bbox 958 4767 1367 4838; x_wconf 65' lang='lat' dir='ltr'>praeteritorum</span> <span class='ocrx_word' id='word_1_584' title='bbox 1394 4770 1756 4837; x_wconf 89' lang='lat' dir='ltr'>correctione,</span> <span class='ocrx_word' id='word_1_585' title='bbox 1786 4770 2096 4827; x_wconf 87' lang='lat' dir='ltr'>habitatio-</span> 
     </span>
    </p>
   </div>
   <div class='ocr_carea' id='block_1_80' title="bbox 495 4854 2094 4936">
    <p class='ocr_par' dir='ltr' id='par_1_80' title="bbox 495 4854 2094 4936">
     <span class='ocr_line' id='line_1_80' title="bbox 495 4854 2094 4936; baseline 0.008 -26"><span class='ocrx_word' id='word_1_586' title='bbox 495 4869 623 4911; x_wconf 88' lang='lat' dir='ltr'>nem</span> <span class='ocrx_word' id='word_1_587' title='bbox 645 4854 936 4929; x_wconf 88' lang='lat' dir='ltr'>pristinam</span> <span class='ocrx_word' id='word_1_588' title='bbox 955 4858 1298 4929; x_wconf 86' lang='lat' dir='ltr'>precabatur.</span> <span class='ocrx_word' id='word_1_589' title='bbox 1320 4860 1421 4917; x_wconf 88' lang='lat' dir='ltr'>Vir</span> <span class='ocrx_word' id='word_1_590' title='bbox 1438 4870 1620 4917; x_wconf 90' lang='lat' dir='ltr'>autem</span> <span class='ocrx_word' id='word_1_591' title='bbox 1642 4863 1867 4918; x_wconf 90' lang='lat' dir='ltr'>Domini</span> <span class='ocrx_word' id='word_1_592' title='bbox 1888 4873 2094 4936; x_wconf 88' lang='lat' dir='ltr'>pestem</span> 
     </span>
    </p>
   </div>
   <div class='ocr_carea' id='block_1_81' title="bbox 494 4944 2094 5021">
    <p class='ocr_par' dir='ltr' id='par_1_81' title="bbox 494 4944 2094 5021">
     <span class='ocr_line' id='line_1_81' title="bbox 494 4944 2094 5021; baseline 0.005 -18"><span class='ocrx_word' id='word_1_593' title='bbox 494 4944 807 5019; x_wconf 72' lang='lat' dir='ltr'>prmvidens</span> <span class='ocrx_word' id='word_1_594' title='bbox 866 4947 1153 5018; x_wconf 87' lang='lat' dir='ltr'>latentem,</span> <span class='ocrx_word' id='word_1_595' title='bbox 1210 4949 1476 5007; x_wconf 85' lang='lat' dir='ltr'>fratribus</span> <span class='ocrx_word' id='word_1_596' title='bbox 1526 4951 1926 5021; x_wconf 88' lang='lat' dir='ltr'>adnitentibus,</span> <span class='ocrx_word' id='word_1_597' title='bbox 1980 4971 2094 5012; x_wconf 91' lang='lat' dir='ltr'>non</span> 
     </span>
    </p>
   </div>
   <div class='ocr_carea' id='block_1_82' title="bbox 495 5034 2093 5107">
    <p class='ocr_par' dir='ltr' id='par_1_82' title="bbox 495 5034 2093 5107">
     <span class='ocr_line' id='line_1_82' title="bbox 495 5034 2093 5107; baseline 0.006 -16"><span class='ocrx_word' id='word_1_598' title='bbox 495 5034 662 5093; x_wconf 91' lang='lat' dir='ltr'>modo</span> <span class='ocrx_word' id='word_1_599' title='bbox 693 5051 806 5093; x_wconf 91' lang='lat' dir='ltr'>non</span> <span class='ocrx_word' id='word_1_600' title='bbox 850 5037 1068 5107; x_wconf 92' lang='lat' dir='ltr'>annuit,</span> <span class='ocrx_word' id='word_1_601' title='bbox 1099 5037 1195 5095; x_wconf 90' lang='lat' dir='ltr'>sed</span> <span class='ocrx_word' id='word_1_602' title='bbox 1242 5038 1409 5094; x_wconf 89' lang='lat' dir='ltr'>etiam</span> <span class='ocrx_word' id='word_1_603' title='bbox 1458 5057 1583 5097; x_wconf 89' lang='lat' dir='ltr'>eum</span> <span class='ocrx_word' id='word_1_604' title='bbox 1624 5048 1781 5097; x_wconf 85' lang='lat' dir='ltr'>extra</span> <span class='ocrx_word' id='word_1_605' title='bbox 1811 5052 2093 5101; x_wconf 87' lang='lat' dir='ltr'>monaste-</span> 
     </span>
    </p>
   </div>
   <div class='ocr_carea' id='block_1_83' title="bbox 496 5122 2092 5205">
    <p class='ocr_par' dir='ltr' id='par_1_83' title="bbox 496 5122 2092 5205">
     <span class='ocr_line' id='line_1_83' title="bbox 496 5122 2092 5205; baseline 0.013 -30"><span class='ocrx_word' id='word_1_606' title='bbox 496 5122 640 5179; x_wconf 88' lang='lat' dir='ltr'>rium</span> <span class='ocrx_word' id='word_1_607' title='bbox 689 5123 1024 5182; x_wconf 89' lang='lat' dir='ltr'>eliminavit.</span> <span class='ocrx_word' id='word_1_608' title='bbox 1076 5126 1180 5183; x_wconf 90' lang='lat' dir='ltr'>Sed</span> <span class='ocrx_word' id='word_1_609' title='bbox 1238 5127 1333 5184; x_wconf 92' lang='lat' dir='ltr'>ille</span> <span class='ocrx_word' id='word_1_610' title='bbox 1388 5128 1613 5202; x_wconf 75' lang='lat' dir='ltr'>injurias</span> <span class='ocrx_word' id='word_1_611' title='bbox 1665 5131 1962 5205; x_wconf 88' lang='lat' dir='ltr'>impatiens</span> <span class='ocrx_word' id='word_1_612' title='bbox 2024 5137 2092 5195; x_wconf 81' lang='lat' dir='ltr'>ad</span> 
     </span>
    </p>
   </div>
   <div class='ocr_carea' id='block_1_84' title="bbox 496 5215 2092 5300">
    <p class='ocr_par' dir='ltr' id='par_1_84' title="bbox 496 5215 2092 5300">
     <span class='ocr_line' id='line_1_84' title="bbox 496 5215 2092 5300; baseline 0.009 -31"><span class='ocrx_word' id='word_1_613' title='bbox 496 5215 787 5285; x_wconf 90' lang='lat' dir='ltr'>quemdam</span> <span class='ocrx_word' id='word_1_614' title='bbox 815 5232 873 5274; x_wconf 87' lang='lat' dir='ltr'>se</span> <span class='ocrx_word' id='word_1_615' title='bbox 910 5218 1169 5275; x_wconf 91' lang='lat' dir='ltr'>contulit.</span> <span class='ocrx_word' id='word_1_616' title='bbox 1204 5218 1436 5279; x_wconf 62' lang='lat' dir='ltr'>Vicetia:</span> <span class='ocrx_word' id='word_1_617' title='bbox 1472 5221 1716 5280; x_wconf 88' lang='lat' dir='ltr'>civitatis</span> <span class='ocrx_word' id='word_1_618' title='bbox 1745 5224 2092 5300; x_wconf 59' lang='lat' dir='ltr'>principem:</span> 
     </span>
    </p>
   </div>
   <div class='ocr_carea' id='block_1_85' title="bbox 565 5340 2090 5427">
    <p class='ocr_par' dir='ltr' id='par_1_85' title="bbox 565 5340 2090 5427">
     <span class='ocr_line' id='line_1_85' title="bbox 565 5340 2090 5427; baseline 0.023 -33"><span class='ocrx_word' id='word_1_619' title='bbox 565 5340 753 5427; x_wconf 38' lang='lat' dir='ltr'>{Lege</span> <span class='ocrx_word' id='word_1_620' title='bbox 787 5343 973 5424; x_wconf 72' lang='lat' dir='ltr'>Ucetia:</span> <span class='ocrx_word' id='word_1_621' title='bbox 999 5343 1230 5399; x_wconf 76' lang='lat' dir='ltr'>civitatis</span> <span class='ocrx_word' id='word_1_622' title='bbox 1272 5346 1589 5427; x_wconf 69' lang='lat' dir='ltr'>principem.</span> <span class='ocrx_word' id='word_1_623' title='bbox 1642 5349 1830 5427; x_wconf 46' lang='lat' dir='ltr'>idest</span> <span class='ocrx_word' id='word_1_624' title='bbox 1866 5352 2090 5427; x_wconf 57' lang='lat' dir='ltr'>episeo-</span> 
     </span>
    </p>
   </div>
   <div class='ocr_carea' id='block_1_86' title="bbox 498 5423 2089 5494">
    <p class='ocr_par' dir='ltr' id='par_1_86' title="bbox 498 5423 2089 5494">
     <span class='ocr_line' id='line_1_86' title="bbox 498 5423 2089 5494; baseline 0.009 -29"><span class='ocrx_word' id='word_1_625' title='bbox 498 5424 629 5494; x_wconf 71' lang='lat' dir='ltr'>pum</span> <span class='ocrx_word' id='word_1_626' title='bbox 652 5429 666 5477; x_wconf 88' lang='lat'><strong>;</strong></span> <span class='ocrx_word' id='word_1_627' title='bbox 690 5423 946 5494; x_wconf 43' lang='lat' dir='ltr'>sic‘enim</span> <span class='ocrx_word' id='word_1_628' title='bbox 976 5432 1086 5494; x_wconf 61' lang='lat' dir='ltr'>non</span> <span class='ocrx_word' id='word_1_629' title='bbox 1109 5432 1232 5494; x_wconf 76' lang='lat' dir='ltr'>raro</span> <span class='ocrx_word' id='word_1_630' title='bbox 1252 5423 1537 5494; x_wconf 74' lang='lat' dir='ltr'>episcqu</span> <span class='ocrx_word' id='word_1_631' title='bbox 1551 5423 1848 5494; x_wconf 79' lang='lat' dir='ltr'>appellant.</span> <span class='ocrx_word' id='word_1_632' title='bbox 1872 5426 1936 5480; x_wconf 92' lang='lat' dir='ltr'>In</span> <span class='ocrx_word' id='word_1_633' title='bbox 1960 5424 2089 5481; x_wconf 86' lang='lat' dir='ltr'>Vita</span> 
     </span>
    </p>
   </div>
   <div class='ocr_carea' id='block_1_87' title="bbox 499 5479 2087 5559">
    <p class='ocr_par' dir='ltr' id='par_1_87' title="bbox 499 5479 2087 5559">
     <span class='ocr_line' id='line_1_87' title="bbox 499 5479 2087 5559; baseline 0.011 -26"><span class='ocrx_word' id='word_1_634' title='bbox 499 5479 554 5559; x_wconf 67' lang='grc' dir='ltr'>ξ.</span> <span class='ocrx_word' id='word_1_635' title='bbox 587 5480 824 5559; x_wconf 49' lang='grc' dir='ltr'>ξξζῐιᾶξιάί</span> <span class='ocrx_word' id='word_1_636' title='bbox 845 5501 971 5559; x_wconf 86' lang='lat' dir='ltr'>_c_ap.</span> <span class='ocrx_word' id='word_1_637' title='bbox 999 5487 1187 5559; x_wconf 10' lang='lat' dir='ltr'>23,7ad</span> <span class='ocrx_word' id='word_1_638' title='bbox 1216 5479 1345 5545; x_wconf 71' lang='lat' dir='ltr'>ann.</span> <span class='ocrx_word' id='word_1_639' title='bbox 1378 5479 1503 5559; x_wconf 44' lang='lat'>67.9,</span> <span class='ocrx_word' id='word_1_640' title='bbox 1531 5479 1743 5549; x_wconf 72' lang='lat' dir='ltr'>dicitur</span> <span class='ocrx_word' id='word_1_641' title='bbox 1762 5479 2087 5551; x_wconf 80' lang='lat' dir='ltr'>Mammulus</span> 
     </span>
    </p>
   </div>
   <div class='ocr_carea' id='block_1_88' title="bbox 496 5547 2085 5635">
    <p class='ocr_par' dir='ltr' id='par_1_88' title="bbox 496 5547 2085 5635">
     <span class='ocr_line' id='line_1_88' title="bbox 496 5547 2085 5635; baseline 0.013 -33"><span class='ocrx_word' id='word_1_642' title='bbox 496 5547 766 5635; x_wconf 56' lang='lat' dir='ltr'>osidinsis</span> <span class='ocrx_word' id='word_1_643' title='bbox 797 5593 813 5618; x_wconf 91' lang='lat'>,</span> <span class='ocrx_word' id='word_1_644' title='bbox 833 5547 1027 5635; x_wconf 51' lang='lat' dir='ltr'>id‘est</span> <span class='ocrx_word' id='word_1_645' title='bbox 1072 5547 1346 5635; x_wconf 79' lang='lat' dir='ltr'>Uticensis</span> <span class='ocrx_word' id='word_1_646' title='bbox 1374 5547 1709 5635; x_wconf 45' lang='lat' dir='ltr'>episcopus;</span> <span class='ocrx_word' id='word_1_647' title='bbox 1729 5547 2085 5622; x_wconf 56' lang='lat' dir='ltr'>si‘mdd&#39;d</span> 
     </span>
    </p>
   </div>
   <div class='ocr_carea' id='block_1_89' title="bbox 498 5622 2083 5707">
    <p class='ocr_par' dir='ltr' id='par_1_89' title="bbox 498 5622 2083 5707">
     <span class='ocr_line' id='line_1_89' title="bbox 498 5622 2083 5707; baseline 0.013 -34"><span class='ocrx_word' id='word_1_648' title='bbox 498 5632 688 5689; x_wconf 72' lang='lat' dir='ltr'>necem</span> <span class='ocrx_word' id='word_1_649' title='bbox 738 5622 963 5682; x_wconf 86' lang='lat' dir='ltr'>molitus</span> <span class='ocrx_word' id='word_1_650' title='bbox 1008 5643 1142 5683; x_wconf 84' lang='lat' dir='ltr'>esse.</span> <span class='ocrx_word' id='word_1_651' title='bbox 1196 5630 1326 5707; x_wconf 80' lang='lat' dir='ltr'>Quae</span> <span class='ocrx_word' id='word_1_652' title='bbox 1374 5622 1620 5691; x_wconf 55' lang='lat' dir='ltr'>hominis</span> <span class='ocrx_word' id='word_1_653' title='bbox 1658 5622 1893 5706; x_wconf 60' lang='lat' dir='ltr'>saevitia,</span> <span class='ocrx_word' id='word_1_654' title='bbox 1938 5637 2083 5695; x_wconf 87' lang='lat' dir='ltr'>sicut</span> 
     </span>
    </p>
   </div>
   <div class='ocr_carea' id='block_1_90' title="bbox 2226 3214 3816 3288">
    <p class='ocr_par' dir='ltr' id='par_1_90' title="bbox 2226 3214 3816 3288">
     <span class='ocr_line' id='line_1_90' title="bbox 2226 3214 3816 3288; baseline 0.003 -19"><span class='ocrx_word' id='word_1_655' title='bbox 2226 3214 2285 3270; x_wconf 90' lang='lat' dir='ltr'>in</span> <span class='ocrx_word' id='word_1_656' title='bbox 2309 3216 2494 3272; x_wconf 90' lang='lat' dir='ltr'>oscula</span> <span class='ocrx_word' id='word_1_657' title='bbox 2520 3224 2739 3272; x_wconf 88' lang='lat' dir='ltr'>ruentes</span> <span class='ocrx_word' id='word_1_658' title='bbox 2760 3215 3219 3272; x_wconf 86' lang='lat' dir='ltr'>commendabant</span> <span class='ocrx_word' id='word_1_659' title='bbox 3239 3215 3448 3288; x_wconf 86' lang='lat' dir='ltr'>seipsos</span> <span class='ocrx_word' id='word_1_660' title='bbox 3467 3217 3731 3286; x_wconf 90' lang='lat' dir='ltr'>Domino,</span> <span class='ocrx_word' id='word_1_661' title='bbox 3746 3216 3816 3275; x_wconf 88' lang='lat' dir='ltr'>di-</span> 
     </span>
    </p>
   </div>
   <div class='ocr_carea' id='block_1_91' title="bbox 2224 3304 3813 3378">
    <p class='ocr_par' dir='ltr' id='par_1_91' title="bbox 2224 3304 3813 3378">
     <span class='ocr_line' id='line_1_91' title="bbox 2224 3304 3813 3378; baseline 0.001 -17"><span class='ocrx_word' id='word_1_662' title='bbox 2224 3312 2410 3362; x_wconf 89' lang='lat' dir='ltr'>centes</span> <span class='ocrx_word' id='word_1_663' title='bbox 2434 3305 2483 3361; x_wconf 90' lang='lat' dir='ltr'>ei</span> <span class='ocrx_word' id='word_1_664' title='bbox 2511 3322 2636 3362; x_wconf 92' lang='lat' dir='ltr'>cum</span> <span class='ocrx_word' id='word_1_665' title='bbox 2674 3305 2919 3361; x_wconf 86' lang='lat' dir='ltr'>maxima</span> <span class='ocrx_word' id='word_1_666' title='bbox 2946 3304 3184 3361; x_wconf 88' lang='lat' dir='ltr'>ﬁducia:</span> <span class='ocrx_word' id='word_1_667' title='bbox 3217 3305 3445 3378; x_wconf 88' lang='lat' dir='ltr'>Propter</span> <span class='ocrx_word' id='word_1_668' title='bbox 3461 3312 3537 3374; x_wconf 90' lang='lat' dir='ltr'>te,</span> <span class='ocrx_word' id='word_1_669' title='bbox 3566 3308 3813 3375; x_wconf 91' lang='lat' dir='ltr'>Domine,</span> 
     </span>
    </p>
   </div>
   <div class='ocr_carea' id='block_1_92' title="bbox 2226 3381 3813 3463">
    <p class='ocr_par' dir='ltr' id='par_1_92' title="bbox 2226 3381 3813 3463">
     <span class='ocr_line' id='line_1_92' title="bbox 2226 3381 3813 3463; baseline 0.003 -15"><span class='ocrx_word' id='word_1_670' title='bbox 2226 3400 2401 3449; x_wconf 88' lang='lat' dir='ltr'>morte</span> <span class='ocrx_word' id='word_1_671' title='bbox 2428 3394 2719 3462; x_wconf 82' lang='lat' dir='ltr'>aﬂicimur;</span> <span class='ocrx_word' id='word_1_672' title='bbox 2752 3403 2869 3451; x_wconf 87' lang='lat' dir='ltr'>tota</span> <span class='ocrx_word' id='word_1_673' title='bbox 2896 3394 3007 3463; x_wconf 92' lang='lat' dir='ltr'>die,</span> <span class='ocrx_word' id='word_1_674' title='bbox 3030 3381 3287 3451; x_wconf 69' lang='lat' dir='ltr'>aestimati</span> <span class='ocrx_word' id='word_1_675' title='bbox 3316 3410 3508 3451; x_wconf 90' lang='lat' dir='ltr'>sumus</span> <span class='ocrx_word' id='word_1_676' title='bbox 3528 3396 3675 3452; x_wconf 90' lang='lat' dir='ltr'>sicut</span> <span class='ocrx_word' id='word_1_677' title='bbox 3694 3413 3813 3453; x_wconf 78' lang='lat' dir='ltr'>oves</span> 
     </span>
    </p>
   </div>
   <div class='ocr_carea' id='block_1_93' title="bbox 2224 3483 3811 3557">
    <p class='ocr_par' dir='ltr' id='par_1_93' title="bbox 2224 3483 3811 3557">
     <span class='ocr_line' id='line_1_93' title="bbox 2224 3483 3811 3557; baseline 0.001 -17"><span class='ocrx_word' id='word_1_678' title='bbox 2224 3483 2517 3541; x_wconf 88' lang='lat' dir='ltr'>occisionis</span> <span class='ocrx_word' id='word_1_679' title='bbox 2546 3484 2719 3557; x_wconf 90' lang='lat' dir='ltr'>(Psal.</span> <span class='ocrx_word' id='word_1_680' title='bbox 2754 3488 2916 3556; x_wconf 81' lang='lat' dir='ltr'>xuu)</span> <span class='ocrx_word' id='word_1_681' title='bbox 2944 3503 2956 3540; x_wconf 92' lang='lat'>:</span> <span class='ocrx_word' id='word_1_682' title='bbox 3000 3500 3069 3540; x_wconf 90' lang='lat' dir='ltr'>ne</span> <span class='ocrx_word' id='word_1_683' title='bbox 3104 3500 3232 3556; x_wconf 87' lang='lat' dir='ltr'>ergo</span> <span class='ocrx_word' id='word_1_684' title='bbox 3269 3500 3371 3540; x_wconf 90' lang='lat' dir='ltr'>nos</span> <span class='ocrx_word' id='word_1_685' title='bbox 3400 3486 3637 3557; x_wconf 88' lang='lat' dir='ltr'>repellas</span> <span class='ocrx_word' id='word_1_686' title='bbox 3675 3487 3731 3541; x_wconf 91' lang='lat' dir='ltr'>in</span> <span class='ocrx_word' id='word_1_687' title='bbox 3757 3486 3811 3541; x_wconf 87' lang='lat' dir='ltr'>ﬁ-</span> 
     </span>
    </p>
   </div>
   <div class='ocr_carea' id='block_1_94' title="bbox 2224 3573 3810 3649">
    <p class='ocr_par' dir='ltr' id='par_1_94' title="bbox 2224 3573 3810 3649">
     <span class='ocr_line' id='line_1_94' title="bbox 2224 3573 3810 3649; baseline -0.001 -18"><span class='ocrx_word' id='word_1_688' title='bbox 2224 3591 2369 3631; x_wconf 92' lang='lat' dir='ltr'>nem.</span> <span class='ocrx_word' id='word_1_689' title='bbox 2412 3576 2657 3649; x_wconf 68' lang='lat' dir='ltr'>Itemque</span> <span class='ocrx_word' id='word_1_690' title='bbox 2682 3574 2937 3633; x_wconf 89' lang='lat' dir='ltr'>dicebant</span> <span class='ocrx_word' id='word_1_691' title='bbox 2967 3593 2979 3630; x_wconf 90' lang='lat'>:</span> <span class='ocrx_word' id='word_1_692' title='bbox 3022 3573 3318 3632; x_wconf 85' lang='lat' dir='ltr'>Collocasti</span> <span class='ocrx_word' id='word_1_693' title='bbox 3351 3590 3454 3630; x_wconf 91' lang='lat' dir='ltr'>nos</span> <span class='ocrx_word' id='word_1_694' title='bbox 3492 3575 3552 3631; x_wconf 89' lang='lat' dir='ltr'>in</span> <span class='ocrx_word' id='word_1_695' title='bbox 3585 3576 3810 3633; x_wconf 87' lang='lat' dir='ltr'>obscuro</span> 
     </span>
    </p>
   </div>
   <div class='ocr_carea' id='block_1_95' title="bbox 2215 3664 3811 3736">
    <p class='ocr_par' dir='ltr' id='par_1_95' title="bbox 2215 3664 3811 3736">
     <span class='ocr_line' id='line_1_95' title="bbox 2215 3664 3811 3736; baseline 0 -16"><span class='ocrx_word' id='word_1_696' title='bbox 2215 3664 2358 3721; x_wconf 90' lang='lat' dir='ltr'>sicut</span> <span class='ocrx_word' id='word_1_697' title='bbox 2388 3673 2636 3721; x_wconf 87' lang='lat' dir='ltr'>mortuos</span> <span class='ocrx_word' id='word_1_698' title='bbox 2666 3664 2851 3722; x_wconf 56' lang='lat' dir='ltr'>saeculi</span> <span class='ocrx_word' id='word_1_699' title='bbox 2885 3664 3059 3736; x_wconf 85' lang='lat' dir='ltr'>(Psal.</span> <span class='ocrx_word' id='word_1_700' title='bbox 3093 3664 3289 3735; x_wconf 75' lang='lat' dir='ltr'>CXLII).</span> <span class='ocrx_word' id='word_1_701' title='bbox 3333 3664 3428 3720; x_wconf 85' lang='lat' dir='ltr'>His</span> <span class='ocrx_word' id='word_1_702' title='bbox 3456 3673 3513 3720; x_wconf 90' lang='lat' dir='ltr'>et</span> <span class='ocrx_word' id='word_1_703' title='bbox 3539 3665 3811 3722; x_wconf 87' lang='lat' dir='ltr'>similibus</span> 
     </span>
    </p>
   </div>
   <div class='ocr_carea' id='block_1_96' title="bbox 2215 3753 3808 3828">
    <p class='ocr_par' dir='ltr' id='par_1_96' title="bbox 2215 3753 3808 3828">
     <span class='ocr_line' id='line_1_96' title="bbox 2215 3753 3808 3828; baseline 0.001 -18"><span class='ocrx_word' id='word_1_704' title='bbox 2215 3754 2446 3811; x_wconf 78' lang='lat' dir='ltr'>vocibus</span> <span class='ocrx_word' id='word_1_705' title='bbox 2484 3762 2539 3811; x_wconf 91' lang='lat' dir='ltr'>et</span> <span class='ocrx_word' id='word_1_706' title='bbox 2586 3756 2766 3814; x_wconf 91' lang='lat' dir='ltr'>noctis</span> <span class='ocrx_word' id='word_1_707' title='bbox 2799 3753 3053 3813; x_wconf 88' lang='lat' dir='ltr'>tenebras</span> <span class='ocrx_word' id='word_1_708' title='bbox 3094 3759 3148 3810; x_wconf 92' lang='lat' dir='ltr'>et</span> <span class='ocrx_word' id='word_1_709' title='bbox 3194 3754 3446 3828; x_wconf 88' lang='lat' dir='ltr'>proprias</span> <span class='ocrx_word' id='word_1_710' title='bbox 3492 3754 3808 3813; x_wconf 79' lang='lat' dir='ltr'>solabamur</span> 
     </span>
    </p>
   </div>
   <div class='ocr_carea' id='block_1_97' title="bbox 2215 3860 2505 3903">
    <p class='ocr_par' dir='ltr' id='par_1_97' title="bbox 2215 3860 2505 3903">
     <span class='ocr_line' id='line_1_97' title="bbox 2215 3860 2505 3903; baseline -0.01 0"><span class='ocrx_word' id='word_1_711' title='bbox 2215 3860 2505 3903; x_wconf 67' lang='grc' dir='ltr'>ωτιιωηαε.</span> 
     </span>
    </p>
   </div>
   <div class='ocr_carea' id='block_1_98' title="bbox 2531 3943 3517 4031">
    <p class='ocr_par' dir='ltr' id='par_1_98' title="bbox 2531 3943 3517 4031">
     <span class='ocr_line' id='line_1_98' title="bbox 2531 3943 3517 4031; baseline 0.004 -15"><span class='ocrx_word' id='word_1_712' title='bbox 2531 3959 2788 4031; x_wconf 82' lang='lat' dir='ltr'>Aigulfus</span> <span class='ocrx_word' id='word_1_713' title='bbox 2815 3978 2841 4017; x_wconf 87' lang='lat' dir='ltr'>e</span> <span class='ocrx_word' id='word_1_714' title='bbox 2867 3976 3074 4017; x_wconf 82' lang='lat' dir='ltr'>carcere</span> <span class='ocrx_word' id='word_1_715' title='bbox 3110 3959 3257 4017; x_wconf 73' lang='lat' dir='ltr'>exire</span> <span class='ocrx_word' id='word_1_716' title='bbox 3284 3943 3517 4020; x_wconf 71' lang='lat' dir='ltr'>recusat.</span> 
     </span>
    </p>
   </div>
   <div class='ocr_carea' id='block_1_99' title="bbox 2287 4058 3809 4118">
    <p class='ocr_par' dir='ltr' id='par_1_99' title="bbox 2287 4058 3809 4118">
     <span class='ocr_line' id='line_1_99' title="bbox 2287 4058 3809 4118; baseline 0.001 -2"><span class='ocrx_word' id='word_1_717' title='bbox 2287 4058 2376 4116; x_wconf 73' lang='grc'>14.</span> <span class='ocrx_word' id='word_1_718' title='bbox 2408 4060 2557 4116; x_wconf 90' lang='lat' dir='ltr'>Inter</span> <span class='ocrx_word' id='word_1_719' title='bbox 2578 4058 2697 4117; x_wconf 75' lang='lat' dir='ltr'>haec</span> <span class='ocrx_word' id='word_1_720' title='bbox 2726 4065 2912 4115; x_wconf 90' lang='lat' dir='ltr'>autem</span> <span class='ocrx_word' id='word_1_721' title='bbox 2943 4065 2998 4114; x_wconf 88' lang='lat' dir='ltr'>et</span> <span class='ocrx_word' id='word_1_722' title='bbox 3036 4058 3246 4114; x_wconf 90' lang='lat' dir='ltr'>mutuis</span> <span class='ocrx_word' id='word_1_723' title='bbox 3276 4059 3642 4118; x_wconf 87' lang='lat' dir='ltr'>armabantur</span> <span class='ocrx_word' id='word_1_724' title='bbox 3667 4060 3809 4118; x_wconf 83' lang='lat' dir='ltr'>allo-</span> 
     </span>
    </p>
   </div>
   <div class='ocr_carea' id='block_1_100' title="bbox 2213 4146 3808 4223">
    <p class='ocr_par' dir='ltr' id='par_1_100' title="bbox 2213 4146 3808 4223">
     <span class='ocr_line' id='line_1_100' title="bbox 2213 4146 3808 4223; baseline 0.001 -19"><span class='ocrx_word' id='word_1_725' title='bbox 2213 4148 2379 4221; x_wconf 90' lang='lat' dir='ltr'>quiis,</span> <span class='ocrx_word' id='word_1_726' title='bbox 2414 4163 2482 4204; x_wconf 87' lang='lat' dir='ltr'>ne</span> <span class='ocrx_word' id='word_1_727' title='bbox 2515 4149 2638 4223; x_wconf 87' lang='lat' dir='ltr'>quis</span> <span class='ocrx_word' id='word_1_728' title='bbox 2664 4146 3015 4205; x_wconf 88' lang='lat' dir='ltr'>inﬁrmorum</span> <span class='ocrx_word' id='word_1_729' title='bbox 3046 4147 3105 4204; x_wconf 89' lang='lat' dir='ltr'>in</span> <span class='ocrx_word' id='word_1_730' title='bbox 3134 4148 3343 4205; x_wconf 87' lang='lat' dir='ltr'>talibus</span> <span class='ocrx_word' id='word_1_731' title='bbox 3369 4148 3659 4221; x_wconf 88' lang='lat' dir='ltr'>deﬁceret,</span> <span class='ocrx_word' id='word_1_732' title='bbox 3690 4167 3808 4209; x_wconf 90' lang='lat' dir='ltr'>cum</span> 
     </span>
    </p>
   </div>
   <div class='ocr_carea' id='block_1_101' title="bbox 2212 4236 3808 4313">
    <p class='ocr_par' dir='ltr' id='par_1_101' title="bbox 2212 4236 3808 4313">
     <span class='ocr_line' id='line_1_101' title="bbox 2212 4236 3808 4313; baseline 0.003 -20"><span class='ocrx_word' id='word_1_733' title='bbox 2212 4236 2360 4293; x_wconf 89' lang='lat' dir='ltr'>dicat</span> <span class='ocrx_word' id='word_1_734' title='bbox 2388 4236 2669 4294; x_wconf 87' lang='lat' dir='ltr'>veridicus</span> <span class='ocrx_word' id='word_1_735' title='bbox 2714 4237 3009 4309; x_wconf 88' lang='lat' dir='ltr'>Apostolus</span> <span class='ocrx_word' id='word_1_736' title='bbox 3036 4255 3049 4294; x_wconf 91' lang='lat'>:</span> <span class='ocrx_word' id='word_1_737' title='bbox 3079 4237 3201 4293; x_wconf 86' lang='lat' dir='ltr'>Non</span> <span class='ocrx_word' id='word_1_738' title='bbox 3243 4244 3369 4294; x_wconf 88' lang='lat' dir='ltr'>sunt</span> <span class='ocrx_word' id='word_1_739' title='bbox 3393 4238 3674 4296; x_wconf 67' lang='lat' dir='ltr'>condiant:</span> <span class='ocrx_word' id='word_1_740' title='bbox 3694 4256 3808 4313; x_wconf 77' lang='lat' dir='ltr'>pas-</span> 
     </span>
    </p>
   </div>
   <div class='ocr_carea' id='block_1_102' title="bbox 2210 4325 3811 4400">
    <p class='ocr_par' dir='ltr' id='par_1_102' title="bbox 2210 4325 3811 4400">
     <span class='ocr_line' id='line_1_102' title="bbox 2210 4325 3811 4400; baseline 0.001 -17"><span class='ocrx_word' id='word_1_741' title='bbox 2210 4327 2378 4383; x_wconf 80' lang='lat' dir='ltr'>siones</span> <span class='ocrx_word' id='word_1_742' title='bbox 2406 4328 2565 4399; x_wconf 81' lang='lat' dir='ltr'>hujus</span> <span class='ocrx_word' id='word_1_743' title='bbox 2595 4325 2841 4399; x_wconf 83' lang='lat' dir='ltr'>temporis</span> <span class='ocrx_word' id='word_1_744' title='bbox 2868 4326 2941 4382; x_wconf 84' lang='lat' dir='ltr'>ad</span> <span class='ocrx_word' id='word_1_745' title='bbox 2977 4325 3223 4397; x_wconf 81' lang='lat' dir='ltr'>futuram</span> <span class='ocrx_word' id='word_1_746' title='bbox 3253 4328 3488 4399; x_wconf 80' lang='lat' dir='ltr'>gloriam</span> <span class='ocrx_word' id='word_1_747' title='bbox 3517 4344 3642 4400; x_wconf 73' lang='lat' dir='ltr'>quae</span> <span class='ocrx_word' id='word_1_748' title='bbox 3678 4345 3811 4385; x_wconf 72' lang='lat' dir='ltr'>reve-</span> 
     </span>
    </p>
   </div>
   <div class='ocr_carea' id='block_1_103' title="bbox 2214 4416 3811 4488">
    <p class='ocr_par' dir='ltr' id='par_1_103' title="bbox 2214 4416 3811 4488">
     <span class='ocr_line' id='line_1_103' title="bbox 2214 4416 3811 4488; baseline 0.002 -15"><span class='ocrx_word' id='word_1_749' title='bbox 2214 4418 2415 4474; x_wconf 86' lang='lat' dir='ltr'>labitur</span> <span class='ocrx_word' id='word_1_750' title='bbox 2450 4417 2509 4473; x_wconf 88' lang='lat' dir='ltr'>in</span> <span class='ocrx_word' id='word_1_751' title='bbox 2536 4418 2685 4474; x_wconf 84' lang='lat' dir='ltr'>nobis</span> <span class='ocrx_word' id='word_1_752' title='bbox 2716 4418 2893 4487; x_wconf 88' lang='lat' dir='ltr'>(Rom.</span> <span class='ocrx_word' id='word_1_753' title='bbox 2943 4416 3094 4488; x_wconf 81' lang='lat' dir='ltr'>vni).</span> <span class='ocrx_word' id='word_1_754' title='bbox 3136 4417 3278 4473; x_wconf 89' lang='lat' dir='ltr'>Sane</span> <span class='ocrx_word' id='word_1_755' title='bbox 3309 4425 3370 4473; x_wconf 90' lang='lat' dir='ltr'>ut</span> <span class='ocrx_word' id='word_1_756' title='bbox 3417 4434 3471 4474; x_wconf 89' lang='lat' dir='ltr'>se</span> <span class='ocrx_word' id='word_1_757' title='bbox 3504 4417 3676 4475; x_wconf 82' lang='lat' dir='ltr'>habet</span> <span class='ocrx_word' id='word_1_758' title='bbox 3714 4419 3811 4476; x_wconf 87' lang='lat' dir='ltr'>hu-</span> 
     </span>
    </p>
   </div>
   <div class='ocr_carea' id='block_1_104' title="bbox 2130 4508 3813 4584">
    <p class='ocr_par' dir='ltr' id='par_1_104' title="bbox 2130 4508 3813 4584">
     <span class='ocr_line' id='line_1_104' title="bbox 2130 4508 3813 4584; baseline -0.002 -14"><span class='ocrx_word' id='word_1_759' title='bbox 2130 4509 2184 4570; x_wconf 91' lang='lat' dir='ltr'>D</span> <span class='ocrx_word' id='word_1_760' title='bbox 2210 4508 2358 4565; x_wconf 89' lang='lat' dir='ltr'>mani</span> <span class='ocrx_word' id='word_1_761' title='bbox 2385 4508 2632 4583; x_wconf 89' lang='lat' dir='ltr'>corporis</span> <span class='ocrx_word' id='word_1_762' title='bbox 2659 4516 2874 4577; x_wconf 87' lang='lat' dir='ltr'>natura,</span> <span class='ocrx_word' id='word_1_763' title='bbox 2893 4525 3005 4582; x_wconf 58' lang='lat' dir='ltr'>prae</span> <span class='ocrx_word' id='word_1_764' title='bbox 3032 4508 3262 4566; x_wconf 88' lang='lat' dir='ltr'>tristitia</span> <span class='ocrx_word' id='word_1_765' title='bbox 3296 4525 3463 4583; x_wconf 89' lang='lat' dir='ltr'>sopor</span> <span class='ocrx_word' id='word_1_766' title='bbox 3490 4510 3664 4567; x_wconf 90' lang='lat' dir='ltr'>solito</span> <span class='ocrx_word' id='word_1_767' title='bbox 3683 4527 3813 4584; x_wconf 87' lang='lat' dir='ltr'>gra-</span> 
     </span>
    </p>
   </div>
   <div class='ocr_carea' id='block_1_105' title="bbox 2207 4598 3813 4673">
    <p class='ocr_par' dir='ltr' id='par_1_105' title="bbox 2207 4598 3813 4673">
     <span class='ocr_line' id='line_1_105' title="bbox 2207 4598 3813 4673; baseline 0.004 -20"><span class='ocrx_word' id='word_1_768' title='bbox 2207 4598 2332 4654; x_wconf 90' lang='lat' dir='ltr'>vior</span> <span class='ocrx_word' id='word_1_769' title='bbox 2359 4615 2453 4655; x_wconf 90' lang='lat' dir='ltr'>eos</span> <span class='ocrx_word' id='word_1_770' title='bbox 2481 4599 2685 4673; x_wconf 89' lang='lat' dir='ltr'>pariter</span> <span class='ocrx_word' id='word_1_771' title='bbox 2706 4598 2957 4672; x_wconf 89' lang='lat' dir='ltr'>corripit,</span> <span class='ocrx_word' id='word_1_772' title='bbox 2986 4606 3042 4655; x_wconf 89' lang='lat' dir='ltr'>et</span> <span class='ocrx_word' id='word_1_773' title='bbox 3070 4598 3290 4657; x_wconf 86' lang='lat' dir='ltr'>vinctos</span> <span class='ocrx_word' id='word_1_774' title='bbox 3310 4599 3528 4657; x_wconf 86' lang='lat' dir='ltr'>scilicet</span> <span class='ocrx_word' id='word_1_775' title='bbox 3555 4608 3610 4656; x_wconf 91' lang='lat' dir='ltr'>et</span> <span class='ocrx_word' id='word_1_776' title='bbox 3633 4609 3813 4659; x_wconf 77' lang='lat' dir='ltr'>custo-</span> 
     </span>
    </p>
   </div>
   <div class='ocr_carea' id='block_1_106' title="bbox 2204 4689 3812 4752">
    <p class='ocr_par' dir='ltr' id='par_1_106' title="bbox 2204 4689 3812 4752">
     <span class='ocr_line' id='line_1_106' title="bbox 2204 4689 3812 4752; baseline 0.002 -5"><span class='ocrx_word' id='word_1_777' title='bbox 2204 4689 2301 4747; x_wconf 90' lang='lat' dir='ltr'>des</span> <span class='ocrx_word' id='word_1_778' title='bbox 2338 4690 2466 4748; x_wconf 89' lang='lat' dir='ltr'>:sed</span> <span class='ocrx_word' id='word_1_779' title='bbox 2497 4707 2640 4748; x_wconf 91' lang='lat' dir='ltr'>unus</span> <span class='ocrx_word' id='word_1_780' title='bbox 2664 4691 2957 4749; x_wconf 91' lang='lat' dir='ltr'>custodum</span> <span class='ocrx_word' id='word_1_781' title='bbox 2984 4691 3366 4749; x_wconf 90' lang='lat' dir='ltr'>misericordia</span> <span class='ocrx_word' id='word_1_782' title='bbox 3392 4699 3575 4750; x_wconf 89' lang='lat' dir='ltr'>tactus</span> <span class='ocrx_word' id='word_1_783' title='bbox 3604 4701 3812 4752; x_wconf 86' lang='lat' dir='ltr'>tectum</span> 
     </span>
    </p>
   </div>
   <div class='ocr_carea' id='block_1_107' title="bbox 2204 4779 3813 4858">
    <p class='ocr_par' dir='ltr' id='par_1_107' title="bbox 2204 4779 3813 4858">
     <span class='ocr_line' id='line_1_107' title="bbox 2204 4779 3813 4858; baseline 0.002 -21"><span class='ocrx_word' id='word_1_784' title='bbox 2204 4781 2469 4839; x_wconf 65' lang='lat' dir='ltr'>custodite</span> <span class='ocrx_word' id='word_1_785' title='bbox 2499 4781 2693 4850; x_wconf 90' lang='lat' dir='ltr'>subiit,</span> <span class='ocrx_word' id='word_1_786' title='bbox 2725 4783 2946 4838; x_wconf 89' lang='lat' dir='ltr'>culmen</span> <span class='ocrx_word' id='word_1_787' title='bbox 2969 4779 3295 4848; x_wconf 83' lang='lat' dir='ltr'>nudavit,et</span> <span class='ocrx_word' id='word_1_788' title='bbox 3319 4781 3388 4837; x_wconf 89' lang='lat' dir='ltr'>ad</span> <span class='ocrx_word' id='word_1_789' title='bbox 3410 4782 3598 4855; x_wconf 83' lang='lat' dir='ltr'>fugam</span> <span class='ocrx_word' id='word_1_790' title='bbox 3630 4800 3813 4858; x_wconf 74' lang='lat' dir='ltr'>capes-</span> 
     </span>
    </p>
   </div>
   <div class='ocr_carea' id='block_1_108' title="bbox 2203 4870 3815 4946">
    <p class='ocr_par' dir='ltr' id='par_1_108' title="bbox 2203 4870 3815 4946">
     <span class='ocr_line' id='line_1_108' title="bbox 2203 4870 3815 4946; baseline 0.002 -20"><span class='ocrx_word' id='word_1_791' title='bbox 2203 4870 2430 4927; x_wconf 89' lang='lat' dir='ltr'>sendam</span> <span class='ocrx_word' id='word_1_792' title='bbox 2478 4878 2695 4927; x_wconf 88' lang='lat' dir='ltr'>sanctos</span> <span class='ocrx_word' id='word_1_793' title='bbox 2741 4870 3008 4928; x_wconf 85' lang='lat' dir='ltr'>invitavit</span> <span class='ocrx_word' id='word_1_794' title='bbox 3047 4888 3059 4928; x_wconf 89' lang='lat'><strong>:</strong></span> <span class='ocrx_word' id='word_1_795' title='bbox 3092 4878 3315 4928; x_wconf 87' lang='lat' dir='ltr'>sanctus</span> <span class='ocrx_word' id='word_1_796' title='bbox 3367 4886 3501 4927; x_wconf 91' lang='lat' dir='ltr'>vero</span> <span class='ocrx_word' id='word_1_797' title='bbox 3551 4872 3815 4946; x_wconf 82' lang='lat' dir='ltr'>Aigulfns</span> 
     </span>
    </p>
   </div>
   <div class='ocr_carea' id='block_1_109' title="bbox 2203 4958 3814 5034">
    <p class='ocr_par' dir='ltr' id='par_1_109' title="bbox 2203 4958 3814 5034">
     <span class='ocr_line' id='line_1_109' title="bbox 2203 4958 3814 5034; baseline 0.002 -20"><span class='ocrx_word' id='word_1_798' title='bbox 2203 4959 2404 5031; x_wconf 81' lang='lat' dir='ltr'>gratias</span> <span class='ocrx_word' id='word_1_799' title='bbox 2430 4959 2585 5016; x_wconf 90' lang='lat' dir='ltr'>illius</span> <span class='ocrx_word' id='word_1_800' title='bbox 2612 4958 2898 5016; x_wconf 83' lang='lat' dir='ltr'>devotioni</span> <span class='ocrx_word' id='word_1_801' title='bbox 2928 4960 3061 5034; x_wconf 85' lang='lat' dir='ltr'>egit,</span> <span class='ocrx_word' id='word_1_802' title='bbox 3093 4960 3187 5017; x_wconf 89' lang='lat' dir='ltr'>sed</span> <span class='ocrx_word' id='word_1_803' title='bbox 3217 4967 3273 5017; x_wconf 89' lang='lat' dir='ltr'>et</span> <span class='ocrx_word' id='word_1_804' title='bbox 3300 4959 3552 5016; x_wconf 87' lang='lat' dir='ltr'>hortatui</span> <span class='ocrx_word' id='word_1_805' title='bbox 3578 4961 3814 5018; x_wconf 85' lang='lat' dir='ltr'>minime</span> 
     </span>
    </p>
   </div>
   <div class='ocr_carea' id='block_1_110' title="bbox 2200 5048 3812 5122">
    <p class='ocr_par' dir='ltr' id='par_1_110' title="bbox 2200 5048 3812 5122">
     <span class='ocr_line' id='line_1_110' title="bbox 2200 5048 3812 5122; baseline 0.001 -18"><span class='ocrx_word' id='word_1_806' title='bbox 2200 5048 2479 5122; x_wconf 83' lang='lat' dir='ltr'>acquievit</span> <span class='ocrx_word' id='word_1_807' title='bbox 2522 5048 2710 5106; x_wconf 88' lang='lat' dir='ltr'>dicens</span> <span class='ocrx_word' id='word_1_808' title='bbox 2741 5067 2753 5106; x_wconf 89' lang='lat'>:</span> <span class='ocrx_word' id='word_1_809' title='bbox 2800 5074 2819 5097; x_wconf 76' lang='grc' dir='ltr'>ι</span> <span class='ocrx_word' id='word_1_810' title='bbox 2842 5050 2962 5107; x_wconf 85' lang='lat' dir='ltr'>Sive</span> <span class='ocrx_word' id='word_1_811' title='bbox 2998 5050 3242 5119; x_wconf 77' lang='lat' dir='ltr'>vivimus,</span> <span class='ocrx_word' id='word_1_812' title='bbox 3268 5049 3497 5107; x_wconf 81' lang='lat' dir='ltr'>Domino</span> <span class='ocrx_word' id='word_1_813' title='bbox 3536 5050 3812 5115; x_wconf 76' lang='lat' dir='ltr'>vivimus;</span> 
     </span>
    </p>
   </div>
   <div class='ocr_carea' id='block_1_111' title="bbox 2200 5138 3809 5210">
    <p class='ocr_par' dir='ltr' id='par_1_111' title="bbox 2200 5138 3809 5210">
     <span class='ocr_line' id='line_1_111' title="bbox 2200 5138 3809 5210; baseline 0.001 -15"><span class='ocrx_word' id='word_1_814' title='bbox 2200 5140 2308 5195; x_wconf 83' lang='lat' dir='ltr'>sive</span> <span class='ocrx_word' id='word_1_815' title='bbox 2330 5140 2611 5208; x_wconf 87' lang='lat' dir='ltr'>morimur,</span> <span class='ocrx_word' id='word_1_816' title='bbox 2643 5140 2870 5196; x_wconf 88' lang='lat' dir='ltr'>Domino</span> <span class='ocrx_word' id='word_1_817' title='bbox 2915 5138 3218 5205; x_wconf 86' lang='lat' dir='ltr'>morimur;</span> <span class='ocrx_word' id='word_1_818' title='bbox 3263 5138 3371 5194; x_wconf 85' lang='lat' dir='ltr'>sive</span> <span class='ocrx_word' id='word_1_819' title='bbox 3398 5155 3523 5210; x_wconf 81' lang='lat' dir='ltr'>ergo</span> <span class='ocrx_word' id='word_1_820' title='bbox 3553 5140 3809 5208; x_wconf 79' lang='lat' dir='ltr'>vivimus,</span> 
     </span>
    </p>
   </div>
   <div class='ocr_carea' id='block_1_112' title="bbox 2199 5228 3810 5305">
    <p class='ocr_par' dir='ltr' id='par_1_112' title="bbox 2199 5228 3810 5305">
     <span class='ocr_line' id='line_1_112' title="bbox 2199 5228 3810 5305; baseline -0.001 -20"><span class='ocrx_word' id='word_1_821' title='bbox 2199 5230 2306 5286; x_wconf 83' lang='lat' dir='ltr'>sive</span> <span class='ocrx_word' id='word_1_822' title='bbox 2346 5230 2636 5296; x_wconf 85' lang='lat' dir='ltr'>morimur,</span> <span class='ocrx_word' id='word_1_823' title='bbox 2680 5228 2899 5293; x_wconf 84' lang='lat' dir='ltr'>Domini</span> <span class='ocrx_word' id='word_1_824' title='bbox 2945 5245 3128 5285; x_wconf 84' lang='lat' dir='ltr'>sumus</span> <span class='ocrx_word' id='word_1_825' title='bbox 3167 5228 3352 5301; x_wconf 85' lang='lat' dir='ltr'>(Rom.</span> <span class='ocrx_word' id='word_1_826' title='bbox 3386 5228 3538 5301; x_wconf 69' lang='lat' dir='ltr'>xxv).</span> <span class='ocrx_word' id='word_1_827' title='bbox 3568 5229 3648 5287; x_wconf 87' lang='lat' dir='ltr'>Et</span> <span class='ocrx_word' id='word_1_828' title='bbox 3677 5230 3810 5305; x_wconf 84' lang='lat' dir='ltr'>quia</span> 
     </span>
    </p>
   </div>
   <div class='ocr_carea' id='block_1_113' title="bbox 2198 5354 3808 5428">
    <p class='ocr_par' dir='ltr' id='par_1_113' title="bbox 2198 5354 3808 5428">
     <span class='ocr_line' id='line_1_113' title="bbox 2198 5354 3808 5428; baseline 0.001 -18"><span class='ocrx_word' id='word_1_829' title='bbox 2198 5362 2252 5428; x_wconf 87' lang='lat' dir='ltr'>et</span> <span class='ocrx_word' id='word_1_830' title='bbox 2307 5363 2481 5428; x_wconf 58' lang='lat' dir='ltr'>tetas,</span> <span class='ocrx_word' id='word_1_831' title='bbox 2510 5356 2642 5411; x_wconf 90' lang='lat' dir='ltr'>satis</span> <span class='ocrx_word' id='word_1_832' title='bbox 2680 5356 2931 5426; x_wconf 67' lang='lat' dir='ltr'>praesenti</span> <span class='ocrx_word' id='word_1_833' title='bbox 2992 5356 3137 5428; x_wconf 85' lang='lat' dir='ltr'>facto</span> <span class='ocrx_word' id='word_1_834' title='bbox 3193 5354 3493 5428; x_wconf 80' lang='lat' dir='ltr'>respondet</span> <span class='ocrx_word' id='word_1_835' title='bbox 3529 5373 3544 5412; x_wconf 91' lang='lat'><strong>:</strong></span> <span class='ocrx_word' id='word_1_836' title='bbox 3578 5357 3808 5413; x_wconf 81' lang='lat' dir='ltr'>tametsi</span> 
     </span>
    </p>
   </div>
   <div class='ocr_carea' id='block_1_114' title="bbox 2197 5426 3807 5499">
    <p class='ocr_par' dir='ltr' id='par_1_114' title="bbox 2197 5426 3807 5499">
     <span class='ocr_line' id='line_1_114' title="bbox 2197 5426 3807 5499; baseline 0.002 -18"><span class='ocrx_word' id='word_1_837' title='bbox 2197 5426 2649 5499; x_wconf 20' lang='lat' dir='ltr'>Lerinusiinsula</span> <span class='ocrx_word' id='word_1_838' title='bbox 2682 5442 2795 5482; x_wconf 92' lang='lat' dir='ltr'>non</span> <span class='ocrx_word' id='word_1_839' title='bbox 2819 5443 3010 5499; x_wconf 87' lang='lat' dir='ltr'>parum</span> <span class='ocrx_word' id='word_1_840' title='bbox 3036 5427 3207 5485; x_wconf 90' lang='lat' dir='ltr'>distat</span> <span class='ocrx_word' id='word_1_841' title='bbox 3235 5426 3303 5483; x_wconf 81' lang='lat' dir='ltr'>ab</span> <span class='ocrx_word' id='word_1_842' title='bbox 3343 5427 3542 5499; x_wconf 76' lang='lat' dir='ltr'>Ucetia</span> <span class='ocrx_word' id='word_1_843' title='bbox 3567 5429 3807 5486; x_wconf 79' lang='lat' dir='ltr'>civitate</span> 
     </span>
    </p>
   </div>
   <div class='ocr_carea' id='block_1_115' title="bbox 2197 5497 3799 5572">
    <p class='ocr_par' dir='ltr' id='par_1_115' title="bbox 2197 5497 3799 5572">
     <span class='ocr_line' id='line_1_115' title="bbox 2197 5497 3799 5572; baseline 0 -18"><span class='ocrx_word' id='word_1_844' title='bbox 2197 5497 2389 5572; x_wconf 67' lang='lat' dir='ltr'>Galliae</span> <span class='ocrx_word' id='word_1_845' title='bbox 2401 5498 2799 5572; x_wconf 72' lang='lat' dir='ltr'>Narbonensis.</span> <span class='ocrx_word' id='word_1_846' title='bbox 2820 5497 2967 5572; x_wconf 73' lang='lat' dir='ltr'>Sane</span> <span class='ocrx_word' id='word_1_847' title='bbox 2989 5499 3048 5554; x_wconf 91' lang='lat' dir='ltr'>in</span> <span class='ocrx_word' id='word_1_848' title='bbox 3069 5498 3387 5572; x_wconf 78' lang='lat' dir='ltr'>apogra-pho</span> <span class='ocrx_word' id='word_1_849' title='bbox 3408 5497 3578 5572; x_wconf 74' lang='lat' dir='ltr'>V.__C.</span> <span class='ocrx_word' id='word_1_850' title='bbox 3598 5502 3668 5557; x_wconf 92' lang='lat' dir='ltr'>D.</span> <span class='ocrx_word' id='word_1_851' title='bbox 3688 5500 3799 5556; x_wconf 80' lang='lat' dir='ltr'>He-</span> 
     </span>
    </p>
   </div>
   <div class='ocr_carea' id='block_1_116' title="bbox 2195 5569 3799 5643">
    <p class='ocr_par' dir='ltr' id='par_1_116' title="bbox 2195 5569 3799 5643">
     <span class='ocr_line' id='line_1_116' title="bbox 2195 5569 3799 5643; baseline 0.001 -19"><span class='ocrx_word' id='word_1_852' title='bbox 2195 5569 2414 5643; x_wconf 71' lang='lat' dir='ltr'>rovallni</span> <span class='ocrx_word' id='word_1_853' title='bbox 2456 5586 2570 5643; x_wconf 80' lang='lat' dir='ltr'>pro</span> <span class='ocrx_word' id='word_1_854' title='bbox 2610 5569 2809 5643; x_wconf 69' lang='lat' dir='ltr'>Vicetia</span> <span class='ocrx_word' id='word_1_855' title='bbox 2837 5569 3037 5641; x_wconf 88' lang='lat' dir='ltr'>legitur</span> <span class='ocrx_word' id='word_1_856' title='bbox 3076 5569 3310 5640; x_wconf 70' lang='lat' dir='ltr'>Nicetite,</span> <span class='ocrx_word' id='word_1_857' title='bbox 3342 5586 3440 5627; x_wconf 90' lang='lat' dir='ltr'>seu</span> <span class='ocrx_word' id='word_1_858' title='bbox 3472 5569 3624 5639; x_wconf 73' lang='lat' dir='ltr'>Nico,</span> <span class='ocrx_word' id='word_1_859' title='bbox 3673 5587 3799 5643; x_wconf 76' lang='lat' dir='ltr'>qua:</span> 
     </span>
    </p>
   </div>
   <div class='ocr_carea' id='block_1_117' title="bbox 2193 5639 2937 5699">
    <p class='ocr_par' dir='ltr' id='par_1_117' title="bbox 2193 5639 2937 5699">
     <span class='ocr_line' id='line_1_117' title="bbox 2193 5639 2937 5699; baseline 0.003 -4"><span class='ocrx_word' id='word_1_860' title='bbox 2193 5639 2326 5696; x_wconf 88' lang='lat' dir='ltr'>urbs</span> <span class='ocrx_word' id='word_1_861' title='bbox 2346 5639 2546 5698; x_wconf 79' lang='lat' dir='ltr'>Lerino</span> <span class='ocrx_word' id='word_1_862' title='bbox 2569 5640 2808 5699; x_wconf 89' lang='lat' dir='ltr'>vicinior</span> <span class='ocrx_word' id='word_1_863' title='bbox 2832 5639 2937 5698; x_wconf 83' lang='lat' dir='ltr'>est.</span> 
     </span>
    </p>
   </div>
  </div>
