4070 6184
266 233 373 290 961

1547 231 1640 286 DE
1681 229 1851 286 VlTA
1889 231 1944 288 S.
1985 230 2290 286 AIGULFI.

3474 237 3582 296 962

254 378 431 438 semel
453 375 805 450 dispositioni
827 377 979 434 illius
1007 394 1203 435 manus
1222 377 1496 448 dedimus,
1554 377 1672 450 ejus
1691 379 1877 434 animo
1906 381 1958 441 Α
1990 377 2125 444 boli,
2155 376 2458 434 Columbus
2487 378 2698 436 scilicet
2724 386 2779 435 et
2807 380 3096 450 Arcadius,
3133 391 3434 454 moventes,
3466 393 3581 442 tam

255 468 499 525 minime
535 466 954 538 refragabimur.
1011 468 1162 541 Opus
1191 467 1339 524 enim
1371 467 1546 540 ipsius
1579 484 1790 537 sumus,
1821 479 1874 526 et

255 559 378 632 ipse
409 556 614 628 ﬁgulus
661 565 868 613 noster.
900 558 1022 614 Non
1079 576 1208 631 ergo
1247 565 1496 629 testeum
1545 575 1642 615 vas
1686 568 1876 616 contra

256 649 495 722 plastem
527 661 693 701 suum
715 647 985 718 conqueri
1016 646 1097 703 fas
1127 654 1230 716 est,
1280 646 1514 720 ideoque
1529 648 1753 704 Domini
1782 647 1875 710 ﬁat

258 737 544 793 voluntas.
579 761 597 783 ι

665 860 887 916 Arcadii
906 861 1050 932 falsa
1081 862 1462 919 blandimenta.

336 977 424 1035 i5.
459 974 558 1032 His
580 974 658 1031 ita
684 975 850 1033 dictis
875 978 1148 1050 reliquum
1182 978 1364 1035 noctis
1404 980 1521 1035 laus
1551 977 1654 1035 sibi
1677 979 1874 1035 vindi-

257 1067 414 1124 cavit
444 1065 639 1121 divina
675 1083 686 1120 :
721 1075 842 1138 post
872 1067 1030 1138 cujus
1053 1068 1362 1124 abscessum
1400 1069 1647 1141 lucisque
1663 1085 1869 1124 succes-

257 1171 383 1212 sum
407 1143 737 1227 importator
752 1154 1084 1210 calamitatis
1113 1155 1639 1225 Arcadius,imitans
1664 1156 1869 1213 diaboli

257 1252 313 1300 et
361 1242 699 1316 perﬁdorum
732 1258 1188 1318 quorumcunque
1215 1263 1401 1314 usum,
1456 1263 1580 1302 cum
1622 1245 1736 1318 ipse
1785 1247 1871 1318 (ut

258 1349 426 1406 supra
457 1339 822 1388 monstratum
845 1336 950 1404 est)
987 1344 1149 1407 caput
1177 1336 1346 1391 fuerit
1383 1337 1556 1391 totius
1597 1335 1867 1404 criminis,

258 1423 488 1480 advenit
521 1422 705 1479 verbis
754 1425 1164 1496 quodammodo
1199 1426 1524 1494 dulcoratis,
1554 1435 1867 1483 sanctorum

259 1514 458 1569 volens
489 1511 658 1568 lenire
691 1512 960 1570 dolorem.
997 1519 1065 1570 At
1095 1531 1226 1571 vero
1257 1532 1402 1572 unus
1433 1517 1685 1585 illorum,
1735 1516 1868 1571 Tru-

258 1603 446 1661 carius
475 1600 720 1670 nomine,
739 1601 894 1674 justo
915 1613 1224 1661 commotus
1247 1605 1438 1661 dolore
1467 1621 1694 1678 quaeque
1716 1622 1869 1661 mens

258 1693 500 1750 dictavit
524 1691 753 1748 dolorve
775 1694 967 1762 suasit,
1003 1693 1060 1750 in
1093 1694 1287 1751 faciem
1315 1693 1363 1749 ei
1390 1694 1615 1766 objecit,
1639 1694 1826 1750 dicens
1852 1711 1862 1750 :

259 1783 407 1837 Eum
440 1781 753 1836 imitatione
788 1795 911 1837 vere
941 1798 1056 1837 esse
1081 1782 1256 1837 ﬁlium
1273 1783 1502 1853 diaboli,
1527 1783 1622 1856 qui
1652 1800 1774 1840 cum
1799 1782 1868 1839 ad

261 1872 553 1930 interitum
604 1872 858 1944 impellat
879 1888 1173 1946 quemque,
1207 1875 1493 1930 consultor
1519 1875 1745 1945 insuper
1773 1875 1868 1928 vi—

259 1965 382 2022 deri
416 1968 621 2040 appetit
655 1985 666 2022 :
697 1967 790 2024 sed
829 1976 883 2023 et
913 1968 1138 2024 fratrem
1171 1967 1345 2035 Iudae,
1376 1969 1600 2025 Domini
1625 1968 1867 2025 tradito-

262 2057 362 2125 ris,
386 2057 480 2134 qui
498 2057 565 2112 ad
584 2056 1014 2114 similitudinem
1035 2058 1208 2130 ipsius
1227 2074 1324 2130 pro
1337 2059 1526 2115 osculo
1547 2057 1677 2114 ﬁcto
1705 2058 1868 2114 verba

265 2154 432 2210 ferret
463 2155 623 2210 melle
652 2154 874 2227 quidem
896 2154 1404 2210 blandimentorum
1433 2154 1525 2210 sed
1555 2155 1731 2211 succis
1760 2173 1866 2212 ve-

261 2244 480 2299 nenatis
525 2244 742 2299 referta.
781 2245 855 2298 At
881 2260 1013 2299 vero
1053 2244 1220 2300 facies
1250 2245 1598 2318 impudorata
1618 2244 1867 2300 crudeli-

262 2342 368 2398 tati
395 2341 692 2415 conjuncta
721 2358 834 2398 non
864 2343 1037 2399 sensit
1067 2344 1218 2400 incre
1235 2344 1477 2415 pationis
1508 2343 1720 2400 monita
1747 2363 1758 2399 :
1788 2344 1866 2398 in-

265 2448 430 2504 super
447 2433 758 2504 importune
779 2449 915 2505 praes
932 2440 1009 2487 tat
1025 2433 1314 2504 incmptam
1334 2433 1682 2489 sententiam.
1709 2433 1865 2487 Nam-

265 2537 376 2595 que
397 2521 544 2578 iuem
577 2522 742 2578 miser
765 2521 1051 2590 Arcadius,
1084 2529 1144 2578 ut
1183 2521 1347 2578 ﬁdem
1380 2522 1661 2578 videretur
1692 2521 1867 2578 facere

271 2628 386 2668 non
434 2630 489 2669 se
519 2611 726 2687 [supple
750 2613 900 2685 ﬁcte]
931 2614 1102 2685 egisse
1134 2630 1255 2686 quae
1289 2621 1544 2686 gesserat,
1576 2612 1644 2668 ad
1674 2611 1865 2667 horam

266 2703 490 2758 tertiam
546 2704 749 2760 sanctis
777 2703 931 2759 cibos
959 2711 1013 2759 et
1060 2704 1255 2776 pocula
1281 2703 1506 2768 obtulit,
1534 2708 1588 2757 et
1634 2701 1702 2757 ad
1733 2699 1868 2755 reﬁ-

265 2791 531 2850 ciendum
565 2800 824 2866 tanquam
860 2808 1049 2848 eorum
1078 2793 1417 2864 compatiens
1446 2790 1626 2848 dolori
1655 2789 1869 2845 invita—

264 2881 384 2938 bat.
445 2881 632 2939 Sancti
685 2890 893 2948 tamen,
945 2883 1074 2938 licet
1127 2883 1471 2940 extrinsecus
1516 2889 1867 2954 angerentur,

265 2987 383 3026 non
415 2972 539 3028 ideo
571 2973 833 3046 propositi
859 2974 1230 3047 regularisque
1251 2973 1408 3030 obliti
1428 2973 1867 3037 consuetudinis,

263 3062 698 3132 responderunt,
737 3080 844 3119 non
872 3081 930 3120 se
977 3063 1202 3136 perdere
1232 3079 1385 3136 posse
1417 3063 1670 3119 instituta
1702 3079 1869 3134 regu-

266 3150 443 3219 laria,
474 3168 594 3224 quae
643 3153 738 3208 illo
777 3162 1014 3228 tempore
1063 3155 1131 3212 ad
1195 3170 1397 3210 nonam
1447 3169 1620 3226 usque
1678 3153 1868 3208 horam

270 3243 730 3316 extendijejunia
752 3243 950 3318 jubent
980 3265 991 3303 :
1023 3247 1212 3322 sicque
1242 3247 1467 3303 remotis
1497 3245 1697 3301 eduliis
1744 3262 1870 3303 con-

266 3339 431 3389 sueto
458 3349 602 3390 more
631 3334 696 3390 ad
729 3335 915 3391 horam
950 3353 1121 3409 usque
1146 3337 1366 3394 solitam
1398 3336 1668 3392 solemnia
1701 3333 1870 3390 dilata

261 3429 403 3478 sunt
442 3420 669 3494 jejunia.
725 3425 861 3482 Cum
900 3441 1031 3481 vero
1085 3433 1299 3498 tempus
1347 3425 1624 3481 solvendae
1659 3424 1871 3480 adforet

264 3512 644 3584 abstinentiae,
675 3515 1018 3571 unanimiter
1038 3530 1134 3585 pro
1162 3515 1280 3586 ipso
1319 3500 1556 3572 Arcadio
1587 3533 1769 3588 preces
1790 3515 1870 3571 fu-

262 3601 490 3672 derunt,
515 3613 573 3660 et
603 3605 684 3660 sic
713 3604 780 3657 ab
812 3619 877 3658 eo
908 3602 1153 3657 oblatum
1175 3603 1359 3659 cibum
1390 3614 1760 3677 sumpserunt.

482 3727 808 3786 Mnmmolus
834 3745 920 3785 res
954 3730 1261 3785 monasterii
1298 3730 1654 3803 deprendatur.

345 3841 432 3898 16.
466 3843 804 3899 Mummolus
834 3852 1013 3901 autem
1047 3845 1147 3918 qui
1174 3845 1380 3902 talibus
1399 3847 1664 3904 offensum
1686 3863 1744 3903 se
1778 3845 1874 3902 vi-

266 3933 390 3990 deri
422 3935 616 3989 volens
634 3950 666 3988 a
689 3935 1026 3990 monasterio
1047 3944 1362 4002 recesserat,
1388 3938 1553 3992 tertio
1573 3939 1663 3993 die
1687 3937 1869 4006 rediit,

267 4032 436 4097 atque
463 4041 588 4081 cum
624 4024 932 4080 intentione
965 4025 1204 4080 maxima
1231 4025 1579 4096 singulorum
1614 4028 1873 4097 pecunias

267 4114 440 4186 coepit
468 4114 763 4188 inquirere.
796 4115 900 4172 Sed
934 4115 1217 4172 monachis
1247 4115 1709 4189 respondentibus
1761 4132 1872 4173 non

268 4203 497 4261 licuisse
527 4221 772 4278 unquam
805 4205 907 4262 sub
934 4222 1104 4263 manu
1151 4206 1326 4264 sancti
1377 4206 1488 4262 viri
1545 4206 1872 4263 constitutos

269 4296 485 4370 aliquid
515 4298 797 4370 proprium
821 4297 1041 4366 habere,
1058 4314 1233 4371 neque
1253 4299 1603 4356 voluntatem
1626 4297 1868 4370 quidem,

268 4391 366 4448 sed
394 4406 509 4447 esse
536 4390 723 4447 omnia
751 4391 1009 4447 omnibus
1038 4391 1356 4449 communia
1387 4410 1401 4458 ;
1426 4391 1522 4446 ille
1551 4407 1780 4448 cernens
1817 4405 1872 4446 se

1984 467 2040 524 S.
2077 467 2362 537 Aigulfum
2418 484 2580 540 quam
2617 468 2858 540 reliquas
2903 468 3078 524 sancti
3125 469 3361 541 Spiritus
3407 473 3582 532 victi—

1985 572 2100 610 mas
2148 555 2276 611 navi
2330 556 2734 628 imposuerunt,
2791 567 2845 615 et
2876 558 3013 613 mari
3044 574 3162 614 sese
3205 559 3575 621 crediderunt.

1983 643 2165 700 Sancti
2196 661 2359 717 porro
2401 645 2704 702 certissime
2753 645 2867 718 jam
2924 654 3212 703 noscentes
3264 647 3412 718 quod
3475 649 3578 706 ﬁlii

1983 734 2178 790 mortis
2207 735 2431 807 perdere
2465 751 2556 792 eos
2584 736 2977 806 decrevissent,
3016 744 3210 793 mutuo
3239 745 3411 793 semet
3440 737 3581 793 hor-

1984 823 2239 878 tabantur
2266 825 2494 881 monitis
2522 826 2823 882 secundum
2852 827 3199 898 Apostolum,
3225 833 3376 882 tanto
3408 829 3582 897 magis

1982 920 2187 983 quanto
2243 913 2504 969 videbant
2552 915 3082 988 appropinquantem
3140 916 3310 986 diem,
3363 933 3429 972 ne
3457 917 3582 989 quis

1980 1001 2201 1056 illorum
2230 1019 2416 1059 amore
2436 1005 2564 1060 vitae
2595 1009 2877 1076 praesentis
2905 1013 3000 1060 aut
3043 1006 3241 1061 timore
3265 1007 3457 1062 mortis
3497 1007 3580 1061 in-

1980 1100 2142 1147 certae
2188 1091 2432 1148 inimicis
2460 1093 2715 1150 cederent
2748 1113 2759 1150 :
2821 1096 2952 1167 quia
2981 1104 3034 1150 et
3062 1112 3211 1151 mors
3242 1112 3478 1168 praesens
3534 1094 3579 1149 si

1981 1180 2254 1249 dilfertur,
2278 1198 2387 1236 non
2409 1181 2692 1248 evaditur;
2715 1183 2903 1238 futura
2925 1199 3056 1239 vero
3078 1199 3362 1256 nunquam
3397 1183 3579 1240 termi-

1980 1277 2177 1337 natur;
2238 1269 2455 1325 dicente
2507 1271 2744 1326 Domino
2788 1271 3004 1343 impiis:
3042 1272 3118 1326 Ite
3149 1272 3206 1325 in
3238 1272 3404 1343 ignem
3433 1278 3580 1327 mter-

1978 1374 2106 1412 n-um
2135 1359 2348 1429 (Matth.
2385 1359 2548 1431 xxv).
2581 1359 2687 1416 Sed
2729 1370 2782 1415 et
2810 1360 3092 1416 felicitatis
3127 1368 3440 1416 sanctorum
3470 1361 3579 1417 ﬁne

1978 1452 2204 1519 carebit,
2233 1451 2472 1508 Domino
2504 1451 2696 1507 itidem
2725 1452 2943 1508 dicente
2963 1452 3218 1509 ﬁdelibus
3248 1453 3362 1510 suis
3383 1453 3441 1508 in
3462 1452 3580 1525 ejus

1979 1540 2243 1597 ﬁdelitate
2270 1557 2441 1613 usque
2488 1539 2545 1595 in
2597 1540 2762 1596 ﬁnem
2812 1541 3335 1614 perseverantibus:
3387 1543 3576 1612 Venite,

1979 1631 2228 1688 benedicti
2255 1632 2440 1688 Patris
2465 1632 2583 1700 mei,
2609 1631 2863 1703 percipite
2889 1650 3106 1704 regnum
3135 1633 3276 1704 quod
3300 1633 3444 1688 vobis
3466 1651 3580 1706 pa-

1977 1728 2152 1776 ratum
2184 1727 2257 1776 est
2281 1721 2346 1776 ab
2391 1720 2596 1792 origine
2623 1721 2808 1776 mundi
2839 1722 3056 1794 (Ibid.).
3092 1723 3188 1778 llis
3217 1730 3271 1777 et
3300 1722 3580 1779 similibus

1977 1811 2196 1867 athleta:
2219 1810 2425 1866 Christi
2475 1810 2532 1866 in
2561 1811 2811 1883 palaestra
2859 1811 3373 1883 spiritaliadversus
3395 1828 3578 1868 versu-

1978 1899 2082 1955 tias
2110 1899 2316 1954 diaboli
2347 1907 2401 1955 et
2429 1898 2716 1955 ministros
2738 1897 2856 1970 ejus
2874 1899 3038 1956 furiis
3057 1900 3362 1972 exagitatos
3376 1900 3574 1956 daaino-

1976 1994 2120 2052 nicis
2145 1994 2522 2050 armabantur.

2468 2129 2785 2205 Tempestate
2804 2125 3103 2197 jactantur.

2052 2224 2136 2279 l8.
2169 2223 2308 2279 Sane
2341 2232 2628 2297 postquam
2682 2225 2840 2280 navis
2897 2242 3017 2297 quae
3053 2233 3316 2300 utrosque
3373 2227 3579 2299 pariter

1977 2314 2202 2382 ferebat,
2239 2323 2611 2388 persecutores
2641 2316 2901 2371 videlicet
2939 2326 2992 2371 et
3016 2317 3452 2388 persecutionem
3487 2334 3574 2390 pa-

1979 2405 2196 2473 tientes,
2225 2407 2395 2459 altum
2419 2404 2578 2476 petiit
2605 2421 2770 2471 mare,
2798 2405 2950 2460 venti
2980 2404 3245 2460 contrarii
3267 2421 3322 2460 se
3345 2406 3573 2473 tollunt,

1978 2502 2032 2551 et
2085 2493 2350 2549 aliorsum
2409 2501 2782 2566 persecutores
2811 2493 3076 2549 dicuntur
3108 2494 3412 2560 voluntate,
3445 2494 3577 2549 alibi

1979 2591 2161 2640 autem
2203 2591 2495 2639 ventorum
2528 2582 2788 2638 ﬂamine:
2837 2582 3024 2654 sicque
3075 2598 3170 2653 per
3219 2581 3580 2653 quadraginta

1979 2671 2118 2741 dies,
2171 2672 2317 2745 quod
2374 2671 2527 2728 dictu
2560 2687 2777 2745 quoque
2826 2670 3080 2726 mirabile
3124 2677 3225 2738 est,
3255 2673 3580 2740 rotabantur

1979 2770 2094 2820 toto
2116 2763 2214 2818 illo
2238 2763 2552 2819 oberrantes
2580 2764 2742 2828 freto,
2771 2769 2833 2817 ut
2865 2777 2966 2818 nec
2994 2761 3098 2834 ipsi
3121 2761 3278 2818 littus
3292 2761 3578 2834 prendere,

1979 2869 2079 2910 nec
2118 2853 2280 2909 unde
2329 2855 2495 2909 maris
2535 2869 2729 2909 navem
2786 2868 3026 2923 mergere
3076 2860 3294 2924 possent
3348 2869 3360 2908 :
3417 2853 3580 2910 credo

1981 2951 2322 2999 monstrante
2351 2945 2464 3000 Deo
2485 2943 2618 3015 quid
2650 2949 2993 2998 mererentur
3018 2940 3178 3014 impii
3204 2960 3216 2998 :
3249 2940 3343 2997 sed
3373 2948 3436 2997 ut
3465 2958 3578 2998 non

1980 3039 2296 3105 paterentur
2336 3031 2482 3104 quod
2536 3031 2888 3087 merebantur
2915 3040 3117 3098 sontes,
3151 3030 3333 3086 obices
3357 3030 3578 3104 quidem

1905 3115 1948 3176 Ο
1979 3138 2094 3178 esse
2124 3122 2372 3178 insontes
2402 3121 2808 3194 quodammodo
2853 3122 2970 3193 ipsa
2999 3122 3268 3175 elementa
3314 3121 3414 3175 etsi
3465 3137 3577 3177 non

1984 3228 2135 3279 voce,
2167 3227 2328 3282 opere
2364 3212 2711 3266 clamarent:
2760 3210 2861 3264 Fas
2916 3208 3094 3263 fuerat
3137 3207 3431 3264 furciferos
3478 3207 3580 3264 hos

1981 3311 2076 3356 aut
2099 3300 2348 3372 syrtibus
2369 3299 2537 3368 illidi,
2559 3305 2652 3354 aut
2698 3297 2969 3370 charybdi
2999 3296 3206 3363 vorari,
3238 3297 3283 3352 si
3343 3313 3454 3352 non
3500 3314 3580 3354 es-

1983 3399 2102 3448 sent
2134 3391 2221 3447 his
2253 3390 2400 3447 misti
2441 3389 2536 3462 qui
2589 3405 2699 3444 non
2752 3395 3032 3443 merentur
3052 3388 3184 3441 talia
3214 3386 3473 3460 experiri.
3506 3389 3578 3443 Et

1983 3481 2205 3554 quidem
2235 3481 2293 3535 in
2320 3479 2535 3535 diluvio
2557 3480 2614 3534 in
2631 3485 2889 3550 promptu
2931 3476 3040 3533 fuit
3061 3477 3257 3532 noxios
3285 3476 3448 3552 undis
3496 3475 3576 3532 iu-

1984 3569 2156 3639 volvi,
2190 3570 2284 3642 qui
2315 3576 2467 3624 erant
2497 3585 2526 3624 a
2555 3567 2825 3623 bonorum
2858 3566 3114 3622 societate
3142 3564 3336 3620 secreti
3362 3582 3374 3621 :
3407 3565 3575 3639 [Egy-

1983 3661 2126 3734 ptios
2157 3660 2327 3716 libere
2356 3657 2692 3725 voravimus,
2736 3657 2868 3730 quia
2920 3656 3136 3711 nullum
3187 3652 3467 3724 justorum
3497 3656 3576 3712 eis

1984 3753 2210 3808 mistum
2242 3751 2487 3808 vidimus
2540 3749 2736 3805 Jonam
2760 3747 2828 3803 ad
2863 3745 3234 3803 ulciscendam
3259 3744 3575 3802 inobedien.

1983 3843 2117 3899 tiam
2147 3842 2506 3915 suscepimus,
2557 3841 2651 3897 sed
2679 3856 2711 3895 a
2757 3839 2870 3893 Deo
2899 3844 3259 3910 praeparatum
3291 3839 3577 3892 alumnum

1983 3941 2230 3991 nostrum
2263 3936 2489 4002 scimus,
2537 3930 2631 4004 qui
2689 3938 2743 3986 et
2773 3929 2932 3984 illum
2956 3925 3282 3984 salvandum
3318 3926 3577 3983 carcerali

1984 4023 2235 4081 custodia
2263 4022 2583 4095 susciperet,
2629 4037 2730 4078 nec
2775 4019 2929 4093 quasi
2959 4017 3145 4076 cibum
3175 4014 3578 4090 corrumpendo

1985 4115 2043 4170 in
2072 4129 2170 4168 sua
2191 4113 2437 4168 membra
2465 4109 2760 4182 trajiceret,
2802 4108 2897 4165 sed
2928 4109 3085 4181 quasi
3111 4105 3424 4180 depositum
3453 4122 3578 4162 cum

1985 4211 2357 4277 reposceretur
2412 4206 2842 4271 repraesentaret.
2895 4197 3040 4263 Quid
3093 4198 3296 4253 talibus
3358 4196 3581 4254 Creator

1984 4297 2142 4364 velit,
2173 4310 2372 4366 anceps
2414 4289 2557 4364 apud
2589 4306 2687 4346 nos
2717 4287 2990 4344 sententia
3043 4286 3273 4341 ﬂuctuat
3304 4303 3316 4340 :
3347 4286 3442 4341 sed
3490 4285 3580 4341 hic

1983 4401 2157 4442 unum
2186 4383 2368 4438 simile
2397 4378 2765 4442 recordamur,
2790 4374 2945 4431 Pauli
2974 4373 3185 4430 scilicet
3205 4372 3574 4443 naufragium,

268 4480 369 4537 abs
398 4496 492 4553 spe
521 4481 809 4550 decidisse,
841 4481 1105 4536 aliorsum
1137 4495 1193 4536 se
1242 4480 1413 4535 vertit
1477 4497 1488 4536 :
1541 4478 1672 4553 quia
1726 4479 1873 4535 enim
1905 4483 1953 4542 D
1985 4475 2080 4548 qui
2110 4472 2371 4530 similiter
2398 4470 2466 4526 ab
2495 4467 2705 4541 iniquis
2732 4465 2979 4533 vinctus,
3008 4479 3135 4519 cum
3166 4462 3244 4518 eis
3270 4461 3577 4534 periculum

269 4586 384 4628 non
435 4570 635 4643 reperit
664 4570 899 4643 privata,
933 4569 1099 4626 irruit
1127 4570 1184 4624 in
1222 4568 1468 4641 publica;
1508 4578 1561 4625 et
1601 4569 1872 4641 quidquid

272 4677 455 4716 rerum
509 4660 827 4716 monasterii
867 4660 993 4729 fuit,
1050 4669 1103 4716 et
1131 4660 1348 4716 auferre
1377 4658 1652 4732 cupiditas
1678 4660 1870 4729 suasit,

272 4749 416 4804 nihil
448 4750 664 4821 penitus
700 4749 948 4822 reliquit.

722 4875 904 4931 Sancti
927 4873 1054 4929 navi
1079 4873 1443 4946 imponuntur.

347 4981 434 5038 17.
466 4981 548 5036 Eo
575 4997 745 5052 porro
766 4980 1053 5037 recedente
1078 4991 1300 5038 sanctus
1322 4982 1578 5054 Aigulfus
1621 4997 1746 5038 cum
1775 4995 1872 5036 cae-

271 5071 408 5127 teris
427 5071 729 5127 secundum
757 5071 980 5127 libitum
1009 5071 1234 5128 Arcadii
1255 5079 1308 5126 et
1331 5071 1584 5128 Columbi
1605 5069 1874 5127 custodie-

268 5160 454 5228 batur,
488 5169 542 5216 et
567 5178 664 5233 per
691 5161 810 5218 dies
841 5161 1030 5218 decem
1059 5161 1115 5216 in
1139 5161 1414 5233 ergastulo
1439 5159 1876 5216 conﬁciebantur

269 5271 522 5326 corpore,
563 5255 657 5310 sed
703 5262 875 5311 semet
899 5255 1220 5311 solabantur
1250 5253 1619 5309 hortamentis
1648 5252 1873 5308 Domini

269 5345 548 5402 dicentis:
582 5345 758 5401 Nolite
779 5345 977 5411 timere,
1010 5344 1244 5415 pusillus
1269 5361 1420 5413 grex,
1465 5341 1592 5412 quia
1648 5343 1873 5412 compla-

267 5438 384 5490 cuit
409 5435 567 5490 Patri
595 5443 765 5490 vestro
795 5434 926 5489 dare
952 5434 1096 5489 vobis
1125 5449 1343 5506 regnum
1367 5433 1516 5506 (Luc.
1546 5432 1674 5502 xu).
1715 5431 1874 5487 Item-

267 5542 382 5599 que
412 5542 423 5581 :
459 5525 564 5581 Per
590 5527 787 5582 multas
817 5525 1184 5581 tribulationes
1223 5529 1427 5596 oportet
1451 5539 1546 5577 nos
1575 5521 1785 5578 intrare
1819 5521 1878 5578 in

267 5631 495 5684 regnum
523 5616 623 5671 Dei
653 5617 796 5690 (Act.
828 5616 974 5687 xxv).
999 5615 1128 5672 Post
1148 5613 1264 5672 haec
1283 5621 1470 5670 autem
1501 5613 1744 5671 ministri
1764 5613 1877 5670 dia-

1984 4573 2242 4640 expertus
2275 4572 2356 4620 est
2386 4561 2663 4618 marinum
2704 4577 2716 4614 :
2749 4557 2843 4614 sed
2876 4572 2941 4612 ne
2967 4564 3022 4612 et
3052 4556 3166 4628 ipse
3194 4556 3438 4610 etcaeteri
3459 4571 3576 4627 per-

1983 4659 2148 4726 irent,
2205 4654 2322 4728 ejus
2383 4652 2631 4708 oratione
2660 4651 2928 4707 donatum
2959 4654 3060 4704 est.
3109 4646 3314 4702 Forsan
3345 4661 3472 4718 ergo
3526 4653 3579 4702 et

1986 4750 2150 4806 modo
2171 4749 2302 4804 huic
2331 4751 2521 4802 sancto
2546 4743 2670 4799 viro
2694 4741 2890 4814 impari
2914 4738 3234 4796 discrimine
3255 4754 3351 4811 par
3383 4737 3578 4794 tribui-

1984 4848 2076 4896 tur
2098 4854 2298 4893 munus
2331 4854 2342 4892 :
2369 4835 2600 4907 ideoque
2623 4834 2754 4890 dum
2784 4836 3130 4902 exspectatur
3149 4826 3267 4900 ejus
3286 4827 3578 4893 sententia,

1984 4930 2088 4988 hac
2113 4941 2166 4988 et
2196 4930 2325 4986 illac
2349 4926 2649 5000 jactantur,
2680 4922 2773 4980 sed
2803 4921 3070 4978 evadendi
3093 4920 3329 4976 aditusei
3354 4927 3580 4989 negatur

1983 5027 2037 5076 et
2065 5019 2364 5077 secundum
2396 5017 2734 5088 Scripturam
2770 5013 2902 5087 quia
2921 5011 3070 5083 impii
3114 5011 3171 5065 in
3211 5008 3438 5063 circuitu
3453 5022 3579 5061 am-

1984 5111 2168 5165 bulant
2201 5111 2373 5180 (Psal.
2405 5108 2512 5178 x1).

1983 5244 2204 5316 Linguis
2240 5242 2822 5316 abscissisiloquuntur.
2877 5235 3028 5294 Oculi
3057 5249 3250 5316 eorum
3288 5237 3575 5290 eruuntur.

2385 5307 2589 5372 Vilibus
2604 5312 2904 5366 indu-untur
2940 5307 3184 5363 vestibus.

2059 5429 2145 5486 19.
2175 5427 2322 5483 Inter
2343 5425 2460 5480 haec
2475 5421 2776 5482 Columbus
2796 5419 2991 5475 videns
3010 5420 3257 5475 clausum
3278 5414 3385 5473 sibi
3407 5431 3576 5486 mare,

1988 5529 2042 5580 et
2070 5527 2325 5594 reputans
2355 5516 2400 5571 si
2436 5523 2607 5572 terras
2628 5509 2979 5586 prenderent,
3011 5515 3067 5564 et
3087 5517 3400 5565 sanctorum
3421 5507 3578 5564 inno-

1986 5612 2167 5669 centia
2196 5617 2248 5666 et
2277 5624 2376 5666 sua
2402 5611 2610 5679 pateret
2645 5599 2965 5670 crudelitas,
3000 5599 3216 5672 linguas
3263 5605 3578 5658 sanctorum
