4078 6182
507 207 611 264 963

1501 199 1915 259 ADREV’ALDI
1953 173 2453 260 FLORIACENSIS
2491 200 2808 260 MONACHI
3701 203 3798 261 sos

507 357 639 414 fecit
669 355 901 412 abscidi.
926 355 1046 422 Quo
1083 356 1227 413 facto
1241 355 1397 428 quasi
1451 357 1682 428 integris
1713 355 1920 429 linguis
1967 358 2104 430 psal-
2134 363 2184 423 Α
2213 373 2317 414 nus
2344 364 2532 415 sancto
2561 374 2660 414 suo
2689 356 2936 430 Aigulfo,
2968 371 3254 430 quousque
3281 354 3508 428 iniquus
3524 355 3622 412 ille
3635 372 3803 414 rever-

509 447 695 503 lebant
728 463 740 502 :
781 446 1026 512 Domine,
1061 447 1201 502 labia
1231 456 1419 503 nostra
1444 446 1669 517 aperies,
1700 453 1747 500 et
1774 463 1831 501 os
1851 455 2100 504 nostrum

507 538 846 593 annuntiabit
875 539 1084 593 laudem
1116 544 1260 592 tuam
1293 538 1468 608 (Psal.
1500 537 1577 608 ι).
1607 536 1710 593 Sed
1738 547 1890 594 tanto
1904 555 2101 611 nequa-

509 647 670 702 quam
705 640 886 686 motus
916 630 1202 698 miraculo,
1245 630 1302 685 in
1332 629 1763 685 similitudinem
1802 630 2103 689 Pharaonis

509 719 671 775 corde
703 719 1024 788 obduratus,
1051 719 1317 776 radicitus
1346 735 1435 774 eas
1471 718 1638 790 jussit
1665 719 1872 775 abradi.
1904 721 2104 777 Videre

509 817 621 864 erat
653 815 842 880 patens
871 808 1170 875 baratrum,
1221 815 1274 862 et
1314 807 1455 862 nihil
1483 808 1659 863 inesse
1694 807 1908 879 plectri,
1945 819 1996 865 et
2028 817 2103 865 ta-

509 913 636 953 men
682 899 848 955 verba
907 898 1303 970 perfectissime
1345 898 1577 954 absolvi.
1633 900 1706 953 At
1735 915 1860 953 cum
1891 900 2104 955 audiret

508 1003 600 1044 eos
615 987 917 1046 Columbus
947 988 1197 1044 inaudito
1246 1005 1395 1044 more
1428 989 1734 1061 loquentes.
1761 989 2101 1060 impietatem

509 1092 662 1132 suam
693 1085 1075 1149 augmentans,
1107 1076 1318 1131 lumina
1347 1093 1537 1132 eorum
1581 1075 1746 1147 jussit
1787 1077 2053 1132 terebrari
2088 1094 2099 1132 :

510 1165 603 1237 qui
631 1173 814 1222 tamen
842 1183 873 1221 a
906 1165 1063 1222 laude
1102 1164 1293 1222 divina
1342 1181 1452 1220 non
1501 1166 1803 1222 cessabant.
1853 1166 1923 1220 Et
1978 1166 2105 1222 licet

509 1255 852 1311 extrinsecus
907 1255 1109 1327 privati
1170 1253 1496 1323 luminibus,
1552 1269 1614 1309 ea
1669 1262 1851 1310 tamen
1906 1254 2105 1327 quibus

507 1345 654 1401 Deus
674 1346 895 1402 videtur
918 1347 1129 1400 lumina
1145 1347 1295 1401 salva
1317 1362 1373 1400 se
1417 1345 1616 1400 habere
1635 1346 1888 1412 scientes,
1936 1344 2104 1400 ﬁden-

507 1441 593 1490 ter
633 1451 816 1492 coram
871 1451 955 1504 eo,
989 1435 1102 1490 imo
1132 1435 1234 1507 ipsi
1268 1433 1571 1506 psallebant
1599 1434 1846 1490 dicentes
1884 1452 1895 1489 :
1947 1434 2032 1488 Ad
2064 1439 2107 1488 te

511 1525 820 1582 levavimus
848 1528 1025 1582 oculos
1053 1533 1282 1592 nostros,
1314 1526 1406 1596 qui
1435 1525 1642 1580 habitas
1674 1526 1730 1579 in
1760 1525 1899 1580 ca’lis
1931 1525 2104 1597 (Psal.

512 1615 714 1687 cxxu).
747 1616 1066 1670 lmmanitas
1120 1632 1281 1688 porro
1311 1614 1565 1671 Columbi
1597 1623 1650 1669 et
1670 1614 1804 1671 socii
1831 1613 1949 1685 ejus
1984 1629 2108 1684 erga

511 1712 729 1760 sanctos
757 1721 858 1762 nec
887 1708 965 1762 sic
994 1704 1208 1778 quievit
1234 1723 1245 1759 :
1285 1703 1433 1758 enim
1484 1719 1613 1758 vero
1645 1702 1988 1759 vestimentis
2017 1719 2108 1758 eos

509 1792 638 1848 exui
669 1795 872 1865 quibus
900 1794 1082 1850 induti
1108 1799 1263 1848 erant
1283 1791 1630 1863 praecipiunt,
1672 1800 1726 1846 et
1755 1791 1974 1847 sordida
2006 1808 2103 1865 pro

509 1880 589 1936 eis
621 1883 1001 1956 vilissimaque
1033 1881 1235 1937 mutari
1271 1899 1282 1937 :
1341 1897 1450 1935 non
1494 1881 1848 1952 respicientes
1893 1880 2102 1947 miseri,

509 1970 639 2042 quia
663 1973 758 2042 qui
791 1971 1008 2028 Christo
1059 1972 1288 2026 indutus
1339 1979 1420 2025 est
1447 1971 1746 2026 secundum
1780 1971 2104 2043 Apostolum

509 2057 786 2114 dicentem
820 2079 831 2114 :
858 2061 1364 2114 InduiteDominum
1381 2065 1618 2112 nostrum
1639 2060 1814 2113 Jesum
1836 2059 2106 2116 Christum

511 2147 689 2219 (Rom.
716 2149 844 2219 xui)
877 2166 890 2215 ;
915 2158 968 2204 et
998 2149 1218 2204 iterum:
1245 2149 1455 2203 Induite
1483 2164 1572 2202 vos
1593 2148 1792 2203 viscera
1817 2149 2106 2203 misericor-

508 2237 611 2294 ἀίω
642 2239 784 2309 (Col.
821 2239 1075 2311 ni),etc.,
1102 2239 1243 2295 nihil
1263 2242 1485 2309 veteris,
1510 2239 1588 2296 nil
1611 2241 1823 2298 sordidi
1843 2257 1969 2296 eum
2002 2239 2107 2297 de—

508 2329 764 2388 decorare
796 2332 990 2404 possit.

746 2466 953 2523 Pascha
981 2466 1038 2521 in
1069 2466 1244 2522 insula
1272 2467 1542 2540 Capraria
1571 2467 1853 2523 celebrant.

580 2564 667 2620 20.
693 2565 899 2621 Taliter
918 2581 1045 2621 sane
1058 2566 1137 2622 eis
1159 2583 1253 2636 per
1270 2566 1474 2621 multos
1488 2565 1709 2636 jactatis
1725 2565 1862 2632 dies,
1887 2565 2104 2638 appule-

513 2661 643 2710 runt
663 2655 899 2709 insulam
923 2669 1041 2727 quae
1061 2663 1288 2710 vocatur
1308 2654 1584 2727 Capraria.
1610 2653 1786 2725 Hujus
1808 2655 1962 2710 sinus
1983 2655 2108 2711 reti-

511 2742 677 2798 nebat
729 2743 1035 2798 maximum
1089 2761 1320 2800 examen
1375 2743 1816 2801 monachorum:
1855 2743 1924 2799 ad
1972 2761 2108 2816 quos

510 2833 849 2890 divertentes
871 2837 1066 2907 quinta
1104 2837 1241 2891 feria
1277 2846 1404 2892 ante
1431 2837 1658 2904 Pascha,
1677 2854 1797 2909 quae
1819 2838 1986 2895 Coena
2001 2840 2105 2893 Do-

511 2923 652 2978 mini
705 2923 938 2993 dicitur,
958 2923 1350 2996 benignissime
1371 2933 1532 2997 atque
1554 2926 1950 2981 humanissime
1979 2933 2108 2982 sunt

509 3012 746 3086 excepti,
780 3021 842 3068 ut
861 3013 904 3068 si
927 3014 1162 3083 edicam,
1185 3014 1328 3070 sicut
1348 3014 1503 3070 decet
1535 3014 1850 3069 monachos.
1874 3014 2105 3086 Cognita

2213 457 2439 518 teretur,
2471 449 2700 522 gratiam
2739 449 2996 504 attribuit
3050 447 3109 503 in
3156 447 3451 521 loquendo,
3485 455 3550 504 ut
3599 464 3805 522 semper

2212 541 2516 597 satietatem
2561 540 2876 596 auditorum
2910 537 3148 594 aviditas
3203 537 3565 595 comitaretur
3625 559 3636 596 :
3698 541 3807 612 ipse

2213 631 2360 686 enim
2393 630 2487 702 qui
2537 629 2762 686 dederat
2809 628 3038 700 gratiam
3086 635 3147 684 ut
3195 628 3434 700 elinguis
3467 629 3804 702 loqueretur,

2214 718 2328 792 ipse
2357 718 2592 776 addebat
2616 719 2845 793 gratiam
2880 719 3065 792 gratiae
3099 726 3158 774 ut
3187 719 3396 791 gratius
3425 718 3737 776 audiretur.

2626 818 2757 875 Inde
2775 818 2987 873 abducti
3025 817 3388 873 trucidantur.

2284 913 2373 971 22.
2404 914 2673 972 Reversus
2693 923 2875 970 autem
2898 913 3201 971 Columbus
3229 911 3297 968 ab
3325 912 3569 984 Epheso,
3594 922 3811 972 sanctos

2212 1021 2240 1060 a
2266 1005 2595 1060 monasterio
2637 1003 2926 1072 abstrahit,
2952 1010 3004 1058 et
3035 1002 3161 1057 navi
3193 1002 3393 1058 iterum
3437 1001 3677 1075 imponit
3711 1023 3722 1060 :
3761 1012 3812 1060 et

2213 1112 2338 1152 cum
2367 1096 2723 1152 sustulissent
2751 1112 2782 1150 a
2802 1104 2964 1167 portu
2984 1103 3036 1150 et
3065 1093 3275 1167 aliquid
3305 1093 3467 1165 spatii
3509 1095 3814 1165 processis-

2213 1193 2355 1252 sent,
2388 1185 2630 1241 occurrit
2650 1185 2728 1240 eis
2749 1183 3001 1256 quaedam
3024 1183 3182 1239 navis
3212 1199 3282 1238 ex
3325 1183 3515 1240 Africa
3563 1184 3810 1253 veniens,

2213 1274 2305 1331 cui
2335 1282 2552 1331 sanctos
2585 1281 2854 1346 martyres
2885 1273 3287 1345 imposuerunt,
3319 1273 3653 1330 satellitibus
3699 1275 3814 1330 suis

2215 1363 2613 1435 praecipientes,
2660 1369 2723 1417 ut
2770 1362 2838 1418 ad
2892 1361 3130 1417 insulam
3180 1360 3484 1430 venientes,
3543 1362 3814 1419 vocabulo

2215 1453 2459 1506 Amatim
2491 1449 2682 1525 [Sur.,
2715 1450 3098 1524 Amatunam],
3130 1451 3278 1506 inter
3307 1450 3587 1508 Corsicam
3620 1460 3673 1507 et
3692 1451 3811 1507 Sar-

2215 1539 2428 1595 diniam
2467 1539 2652 1607 sitam,
2685 1539 2762 1594 ibi
2789 1547 3008 1596 sanctos
3037 1539 3218 1611 gladio
3254 1539 3594 1596 conﬁcerent
3627 1541 3814 1612 :quod

2216 1636 2268 1684 et
2298 1629 2503 1685 factum
2551 1637 2652 1685 est.
2685 1627 3071 1684 Pervenientes
3099 1629 3248 1684 enim
3293 1628 3579 1685 carniﬁces
3626 1645 3816 1686 sacra-—

2139 1728 2183 1787 Β
2215 1735 2339 1773 rum
2371 1718 2727 1774 victimarum
2749 1716 2817 1772 ad
2846 1718 3026 1774 locum
3057 1718 3165 1774 sibi
3195 1717 3556 1788 destinatum,
3598 1735 3813 1791 praece-

2217 1808 2326 1880 ptis
2357 1807 2702 1880 impiissimis
2740 1809 3016 1864 officinam
3052 1807 3315 1881 nequitiae
3357 1825 3467 1864 suae
3497 1807 3816 1882 impendere

2219 1907 2411 1971 parant
2444 1917 2455 1954 :
2489 1899 2584 1955 sed
2615 1898 2932 1970 rogantibus
2967 1897 3216 1954 inducias
3242 1897 3479 1954 oraturis
3501 1897 3813 1970 indulgent.

2216 1987 2398 2044 Sancti
2455 1997 2635 2043 autem
2689 1986 3015 2058 propensius
3067 2003 3130 2042 ac
3183 1987 3395 2043 diutius
3433 1988 3645 2043 animas
3691 2004 3816 2043 suas

2217 2075 2453 2131 Domino
2489 2076 2960 2143 commendantes,
2990 2075 3210 2131 tandem
3257 2076 3325 2131 ab
3379 2077 3630 2132 oratione
3682 2093 3816 2132 sur-

2217 2174 2372 2238 gunt,
2404 2175 2607 2223 etcum
2639 2168 2792 2221 omni
2842 2164 3048 2222 ﬁducia
3077 2173 3131 2221 et
3165 2165 3445 2221 alacritate
3475 2166 3620 2221 inter
3648 2166 3815 2222 verba

2217 2256 2483 2313 orationis
2513 2265 2566 2312 et
2613 2256 2919 2312 Dominicze
2955 2255 3129 2312 laudis
3178 2255 3434 2327 spiritum
3479 2257 3712 2312 emisere
3751 2255 3815 2311 de

2217 2348 2456 2404 vasculis
2479 2348 2679 2416 carnis,
2717 2347 2820 2403 sub
2851 2347 2939 2403 die
2981 2349 3143 2403 tertio
3172 2347 3356 2403 Nonas
3392 2346 3736 2419 Septembris
3776 2357 3813 2401 ⁸.

2322 2456 2540 2512 Diaboli
2569 2455 2763 2526 fraude
2801 2473 2981 2511 eorum
3017 2454 3340 2526 martyrium
3368 2453 3705 2511 obscuratur.

2289 2544 2375 2602 23.
2407 2547 2477 2601 Et
2497 2546 2719 2619 quidem
2751 2554 3018 2620 quantum
3049 2545 3252 2617 conjici
3283 2544 3463 2613 datur,
3494 2545 3689 2602 salutis
3710 2545 3815 2601 hu-

2218 2652 2393 2693 manas
2415 2647 2710 2708 perpetuus
2725 2637 2958 2692 aemulus
2978 2635 3233 2692 diabolus
3259 2638 3344 2705 (ut
3363 2634 3470 2691 sibi
3494 2635 3811 2707 videbatur)

2216 2727 2385 2782 nimis
2409 2728 2608 2783 callide
2638 2727 2852 2799 agebat,
2874 2735 2934 2782 ut
2963 2725 3174 2783 scilicet
3197 2725 3278 2782 sic
3307 2733 3524 2783 sanctos
3568 2725 3816 2798 perime-

2216 2826 2320 2886 ret,
2353 2827 2627 2891 quatenus
2655 2835 2844 2874 eorum
2898 2818 3075 2889 passio
3115 2816 3371 2872 mortales
3433 2815 3664 2882 lateret;
3717 2830 3815 2870 nec

2217 2906 2483 2965 haberent
2513 2911 2764 2965 viventes
2793 2925 2822 2964 e
2861 2907 3122 2980 proximo
3151 2907 3488 2978 exemplum,
3517 2921 3628 2978 quo
3660 2902 3814 2959 robo-

2216 3007 2470 3054 rarentur
2490 2999 2556 3054 ad
2593 2997 2871 3070 patientia
2901 2996 3153 3052 bravium
3186 2996 3601 3068 capessendum.
3629 2993 3815 3049 Maxi—

509 3103 658 3158 enim
690 3104 908 3175 prolixa
936 3119 1126 3159 eorum
1155 3103 1530 3171 tribulatione,
1563 3120 1668 3176 qua
1691 3104 2007 3175 longissime
2055 3112 2109 3160 et
2139 3093 2182 3154 Ο
2217 3104 2366 3144 mum
2404 3104 2640 3160 ηαωίιιιθ
2670 3087 3091 3142 imitamentum
3121 3092 3202 3141 θεῖ
3228 3083 3294 3138 ad
3323 3086 3586 3138 Virtutem
3609 3082 3816 3176 εοάἷληξ

509 3192 893 3249 infelicissxme
914 3195 1098 3250 vexati
1123 3195 1361 3263 fuerant,
1379 3194 1723 3249 festinabant
1744 3210 1835 3249 eos
1867 3211 2108 3250 recreare

511 3284 714 3358 quibus
745 3294 998 3358 poterant
1029 3285 1228 3341 modis.
1272 3284 1388 3340 Illis
1428 3285 1636 3340 ibidem
1659 3285 1999 3341 morantibus
2028 3301 2106 3341 sa-

508 3378 850 3434 cratissimus
891 3378 1116 3434 advenit
1174 3378 1391 3434 Paschae
1456 3378 1822 3435 solemnitatis
1847 3379 1963 3434 dies
1997 3397 2007 3434 :
2049 3378 2107 3433 in

509 3483 615 3539 qua
635 3485 763 3524 cum
784 3468 1071 3524 missarum
1098 3468 1340 3524 ofﬁcium
1365 3468 1759 3537 celebraretur,
1792 3468 2103 3524 infelicissi-

510 3571 632 3613 mus
652 3568 705 3614 et
726 3558 1194 3629 ﬂagitiosissimus
1209 3575 1457 3613 omnium
1476 3559 1765 3614 hominum
1785 3559 2105 3628 Columbus,

510 3646 705 3701 infulis
728 3647 988 3702 diaconio
1008 3650 1151 3717 aptis
1171 3646 1355 3701 ofﬁcio
1377 3647 1670 3718 adopertus
1700 3655 1960 3718 tanquam
1991 3648 2104 3704 dia-

509 3751 684 3791 conus
709 3735 1067 3803 ministravit,
1099 3735 1432 3807 conspicuus
1455 3735 1734 3804 humanis,
1765 3737 1858 3791 sed
1883 3753 2106 3809 perosus

509 3823 797 3879 obtutibus
825 3823 1052 3880 divinis.
1082 3825 1311 3896 Insuper
1357 3841 1484 3881 cum
1539 3825 1602 3880 ad
1652 3825 1710 3879 id
1742 3826 1845 3880 loci
1877 3836 2105 3882 ventum

507 3924 668 3986 esset,
705 3931 813 3988 quo
842 3917 1086 3989 corporis
1116 3923 1170 3970 et
1195 3915 1480 3986 sanguinis
1522 3915 1727 3972 Christi
1767 3925 2106 3973 sacramenta

507 4007 844 4077 percepturi,
891 4007 1078 4062 oscula
1125 4005 1231 4060 sibi
1264 4004 1505 4060 invicem
1545 4005 1738 4073 libant,
1782 4005 1875 4061 ille
1909 4005 2106 4062 infelix

507 4113 619 4153 non
653 4096 930 4152 dubitavit
988 4113 1016 4152 a
1079 4113 1135 4152 se
1166 4096 1244 4153 sic
1290 4095 1588 4152 crudeliter
1627 4096 1877 4152 multatis
1918 4100 2104 4154 oscula

507 4184 803 4258 porrigere,
866 4201 973 4241 non
1008 4185 1344 4253 columbina,
1376 4186 1469 4242 sed
1500 4203 1720 4259 prorsus
1749 4186 1974 4243 corvina
2009 4198 2104 4245 aut

507 4284 652 4332 certe
681 4276 904 4332 canina.
937 4277 1136 4333 Beatus
1167 4293 1332 4348 porro
1361 4277 1451 4331 vir
1496 4277 1753 4350 Aigulfus
1780 4294 1907 4335 cum
1938 4278 2102 4334 sociis

503 4365 641 4433 suis,
665 4381 790 4420 cum
817 4382 1035 4421 summa
1067 4366 1434 4422 exsultatione
1460 4367 1574 4422 Deo
1604 4368 1804 4438 gratias
1830 4383 1964 4439 quas
1993 4383 2102 4439 po-

504 4461 646 4510 terat
701 4444 988 4521 referebat',
1039 4471 1153 4510 non
1219 4455 1386 4511 modo
1452 4472 1549 4528 pro
1596 4455 1681 4511 sui
1749 4457 2102 4524 recreatione,

505 4555 773 4619 quantum
793 4563 890 4618 pro
917 4546 1188 4603 immensa
1209 4547 1442 4605 fratrum
1472 4548 1540 4604 ad
1573 4564 1710 4621 quos
1731 4549 1984 4607 Christus
2008 4565 2100 4606 eos

503 4637 812 4694 adduxerat
844 4635 1130 4692 charitate.

653 4771 904 4829 Columbo
933 4769 1207 4839 Ephesum
1229 4771 1469 4843 profecto
1495 4771 1608 4827 illic
1653 4735 1978 4830 morantur;

576 4873 665 4930 21.
724 4871 960 4946 Expleta
989 4870 1230 4944 paschali
1261 4869 1558 4926 festivitate
1585 4869 1886 4926 Columbus
1923 4869 2097 4941 Ephe-

502 4980 620 5020 sum
647 4963 934 5036 petivit,ut
964 4970 1091 5034 pote
1106 4961 1272 5016 homo
1294 4960 1478 5016 saculi
1495 4959 1850 5014 saecularibus
1865 4959 2098 5030 negotiis

504 5063 896 5120 inserviturus.
921 5059 1151 5116 Interim
1175 5059 1231 5113 S.
1255 5057 1541 5127 Aigulfum
1573 5074 1700 5112 cum
1730 5056 1958 5130 reliquis
1977 5073 2096 5114 san-

500 5153 607 5208 ctis
627 5152 686 5206 in
707 5151 896 5206 eodem
935 5147 1270 5204 monasterio
1300 5146 1533 5213 dimisit,
1574 5146 1895 5218 praecipiens
1923 5156 1984 5202 ut
2020 5163 2098 5202 se-

502 5250 616 5299 met
661 5256 1012 5299 reversurum
1043 5239 1446 5312 opperirentur.
1477 5239 1705 5294 Tantam
1730 5253 1856 5310 ergo
1911 5236 2098 5294 Domi-

571 5401 590 5424 '
616 5389 880 5456 Quamvis
926 5391 981 5446 S.
1009 5387 1216 5460 Aigulﬁ
1250 5388 1516 5443 memoria
1545 5387 1603 5443 in
1650 5386 1867 5443 duobus
1921 5395 2096 5442 veter-

504 5461 663 5534 rimis
713 5462 1124 5534 maityrologiis
1151 5460 1388 5534 cmnobii
1425 5460 1787 5534 It‘loriacensis
1817 5475 1928 5514 non
1970 5475 2095 5514 con-

429 5565 431 5567 ι
503 5531 751 5604 signetur
774 5531 1041 5604 primaria
1055 5549 1221 5588 manu
1237 5531 1330 5588 sed
1351 5532 1643 5604 recentiori
1659 5550 1672 5597 ;
1688 5539 1901 5587 constat
1915 5537 2096 5586 tamen

501 5599 621 5671 ejus
641 5599 842 5659 festum
872 5603 1018 5659 diem
1050 5620 1081 5660 a
1111 5603 1555 5663 Floriacensibus
1594 5611 1723 5660 ante
1770 5618 1944 5658 annos
1974 5617 2096 5660 sex-

2217 3188 2269 3237 et
2287 3180 2530 3252 proximi
2551 3197 2772 3235 cernere
2793 3179 3188 3235 inexhaustum
3212 3178 3489 3249 vigorem;
3533 3185 3586 3232 et
3618 3173 3813 3248 pudori

2217 3277 2298 3326 est
2313 3285 2572 3343 apparere
2605 3267 2949 3340 degenerem,
3000 3285 3164 3342 quem
3209 3276 3438 3324 cernant
3476 3265 3810 3338 coaequalem

2217 3360 2285 3416 ad
2316 3361 2540 3431 praemia
2567 3360 2805 3433 gloriosa
2835 3377 2931 3431 per
2961 3359 3208 3414 laborum
3239 3357 3474 3412 evasisse
3516 3361 3810 3412 certamen.

2216 3452 2506 3508 Invidebat
2534 3452 2703 3508 etiam
2746 3450 3073 3507 mortalibus
3123 3448 3495 3522 nequissimus
3551 3445 3812 3503 beneﬁcia

2217 3541 2529 3612 profutura,
2563 3558 2682 3615 quae
2731 3557 2825 3612 per
2870 3548 3185 3597 sanctorum
3235 3539 3497 3610 reliquias
3525 3537 3606 3592 eis
3636 3535 3810 3592 confe-

2216 3631 2385 3687 renda
2416 3632 2692 3688 divinitus
2721 3631 2922 3687 anxius
2953 3629 3306 3703 praevidebat.
3341 3626 3447 3684 Sed
3475 3644 3644 3700 quam
3669 3642 3808 3681 vera-

2215 3723 2436 3779 cissinie
2470 3724 2584 3778 Deo
2605 3731 2858 3779 cantetur
2888 3740 2899 3778 :
2936 3723 3112 3777 Draco
3143 3722 3236 3775 iste
3281 3737 3430 3791 quem
3450 3718 3706 3789 formasti
3745 3717 3810 3771 ad

2214 3810 2546 3866 illudeudum
2582 3813 2630 3867 ei
2652 3812 2826 3884 (Psal.
2853 3812 2997 3883 CIII),
3017 3810 3150 3866 hinc
3175 3807 3382 3880 conjici
3412 3809 3582 3864 valet.

2213 3917 2318 3973 Per
2346 3916 2623 3975 Ricoinum
2643 3915 2952 3971 declaratur
2981 3912 3253 3984 Rigomiro
3283 3908 3491 3981 Aigulﬁ
3531 3907 3808 3962 successori

2777 3992 2825 4041 et
2849 3985 3248 4056 Angarissimw.

2285 4076 2374 4134 24.
2423 4077 2645 4134 Etenim
2678 4077 2808 4133 dum
2840 4084 3022 4133 truces
3069 4068 3449 4148 qumstionarii
3498 4070 3652 4127 circa
3692 4083 3803 4122 san-

2211 4168 2425 4220 ctorum
2457 4175 2796 4237 occupantur
2816 4165 3114 4232 lanienam,
3137 4179 3280 4219 unus
3300 4176 3517 4225 eorum,
3543 4157 3799 4215 Ricoinus

2211 4255 2457 4324 nomine,
2479 4255 2689 4327 Spiritu
2708 4255 2933 4310 adactus
2954 4254 3166 4321 divino,
3189 4250 3445 4324 scapham
3469 4256 3668 4305 nactus
3683 4244 3796 4302 sub-

2210 4347 2276 4402 iit
2305 4353 2359 4402 et
2385 4343 2752 4401 internecioni
2802 4344 3057 4399 fraternae
3108 4358 3222 4398 sese
3271 4337 3587 4395 subduxit:
3646 4349 3797 4408 quem

2133 4461 2182 4520 ι)
2209 4438 2278 4493 ad
2305 4437 2411 4492 hoc
2440 4434 2717 4492 credimus
2763 4434 3038 4490 divinitus
3086 4439 3448 4497 reservatum,
3482 4443 3554 4483 ne
3581 4432 3799 4482 sancto-

2210 4542 2332 4582 rum
2363 4524 2543 4598 passio
2570 4525 2934 4581 occuleretur.
2977 4523 3152 4595 Ipsius
3194 4521 3342 4576 enim
3374 4519 3552 4573 relatu
3603 4523 3658 4570 et
3693 4528 3798 4567 mo-

2207 4615 2310 4672 dus
2341 4614 2611 4687 passionis
2635 4623 2948 4670 sanctorum
2981 4613 3048 4669 ad
3082 4612 3337 4668 notitiam
3380 4605 3696 4663 mortalium
3723 4609 3800 4658 est

2211 4705 2478 4777 proditus,
2506 4713 2559 4760 et
2589 4721 2816 4776 corpora
2847 4703 2912 4759 ad
2955 4702 3388 4759 consolationem
3439 4703 3682 4752 nostram
3709 4703 3799 4762 per

2207 4795 2306 4852 Dei
2329 4796 2562 4866 gratiam
2596 4795 2943 4850 manifestata
2975 4801 3125 4860 sunt,
3176 4800 3228 4848 et
3278 4792 3345 4848 ad
3403 4789 3543 4844 ﬁnes
3593 4792 3798 4842 nostros

2209 4887 2396 4942 relata.
2434 4887 2536 4940 Fas
2560 4892 2642 4940 est
2671 4891 2855 4940 autem
2885 4883 3105 4939 credere
3136 4897 3260 4937 eum
3295 4896 3403 4936 non
3435 4894 3553 4934 esse
3600 4887 3797 4944 exper—

2209 4981 2316 5030 tem
2355 4974 2541 5046 gloriae
2571 4973 2848 5039 fraternae,
2875 4987 3035 5043 quem
3089 4986 3198 5026 non
3259 4969 3486 5024 timora
3538 4959 3794 5032 martyrio

2208 5063 2478 5130 inhibuit,
2527 5062 2621 5118 sed
2653 5064 2798 5118 Deus
2824 5061 2893 5118 ad
2923 5068 3131 5117 tantam
3163 5059 3463 5114 utilitatem
3504 5048 3788 5124 delegavit.

2207 5155 2394 5226 Itaque
2425 5152 2688 5208 redeunte
2717 5168 2780 5207 eo
2809 5150 2877 5206 ad
2927 5150 3344 5216 monasterium,
3389 5145 3505 5218 jam
3569 5144 3627 5198 in
3686 5140 3792 5226 loco

2208 5225 2382 5300 sancti
2414 5242 2523 5298 viri
2554 5241 2760 5314 Aigulﬁ
2788 5238 3122 5297 substitutus
3169 5246 3284 5294 erat
3339 5236 3428 5290 vir
3474 5225 3788 5290 veneranda

2207 5394 2396 5443 centos
2435 5384 2757 5442 solemniter
2811 5383 3148 5441 celebratum
3208 5380 3396 5436 fuisse.
3451 5376 3514 5433 Id
3573 5378 3789 5431 testatur

2206 5457 2618 5534 Scripto_r__libri
2643 5457 2709 5534 _de
2745 5454 2860 5534 ejus
2887 5453 3193 5534 miraculis,
3223 5451 3320 5534 qui
3343 5448 3667 5534 principatu

2205 5512 2854 5658 doalﬁilqi’VIﬁvivebatﬁiti
2883 5527 3118 5583 inferius
3140 5512 3198 5581 ni
3222 5512 3318 5580 lib.
3342 5512 3558 5588 Miracf,
3583 5512 3782 5578 num.8,

2206 5618 2263 5658 vi
2306 5618 2334 5658 e
2377 5617 2542 5658 imus.
