4070 6184
236 243 352 300 965

1527 257 1618 313 DE
1662 258 1828 317 VITA
1867 263 1922 320 S.
1969 265 2273 325 AIGULFI.

3460 295 3568 351 966

235 395 400 464 vitae,
432 395 748 466 Rigomirus
777 399 1003 456 nomine
1021 419 1040 469 ξ
1069 400 1226 473 cujus
1248 403 1325 458 rei
1357 405 1554 461 nuntio
1579 415 1691 464 tam
1713 410 1840 481 ipsi,
1871 415 1920 473 A
1950 415 2217 486 tionibus,
2251 419 2614 496 laudibusque
2645 428 2896 484 oneravit
2917 429 3128 489 divinis
3155 452 3165 489 :
3202 454 3358 496 mane
3377 451 3562 502 autem

235 501 418 558 quem
449 484 733 554 fratribus,
768 503 997 559 magnus
1019 490 1260 547 indictus
1280 501 1362 548 est
1392 494 1592 552 luctus.
1625 498 1698 554 At
1719 515 1850 555 vero

233 591 371 631 cum
384 573 537 630 carni
564 583 1024 647 compaterentur,
1051 579 1269 651 spiritui
1291 586 1841 657 congratulabantur,

233 664 482 719 scientes
504 664 831 720 successisse
861 665 939 722 eis
961 676 1079 738 post
1107 668 1482 728 habitaculum
1511 676 1739 745 luteum,
1761 694 1848 749 pe-

233 753 454 808 netrale
485 759 704 807 aeternae
734 753 1000 823 civitatis,
1024 755 1182 827 cujus
1213 774 1308 814 rex
1339 768 1393 816 et
1418 762 1674 819 conditor
1707 767 1851 821 Deus

234 850 345 898 est.
376 842 646 897 Praeterea
678 841 844 915 hujus
868 845 1052 902 nuntii
1083 847 1405 921 participem
1433 851 1846 927 faciuntquam.

235 932 371 990 dam
413 935 800 1004 Angarismam
848 939 1093 1008 nomine,
1146 957 1266 1013 quae
1314 941 1370 997 in
1405 943 1592 1001 vicino
1623 963 1851 1004 monas—

237 1024 390 1080 terio
425 1024 710 1081 sororibus
759 1038 988 1097 praeerat
1018 1031 1554 1103 sanctimonialibus,
1602 1053 1634 1091 a
1661 1045 1850 1094 sancto

239 1113 368 1168 viro
384 1130 414 1168 a
442 1113 702 1185 primaeva
719 1123 878 1172 aetate
903 1125 1014 1173 tam
1034 1119 1090 1174 in
1118 1120 1418 1194 Scripturis
1439 1124 1668 1196 divinis,
1685 1143 1848 1201 quam

242 1204 730 1262 monasterialibus
761 1206 972 1265 imbuta
1001 1209 1290 1270 doctrinis.

245 1321 494 1392 Corpora
524 1337 680 1405 sacra
699 1322 1038 1405 repelluntur.
1071 1327 1398 1405 Angarisma
1421 1330 1485 1405 ε.
1510 1331 1714 1405 Aigulﬁ
1733 1351 1846 1389 cor-

404 1409 508 1464 pus
533 1396 791 1464 postulat.
818 1396 994 1468 Caput
1024 1415 1140 1454 cum
1163 1396 1384 1457 brachio
1411 1396 1674 1475 impetrat.

312 1483 406 1540 25.
429 1483 604 1556 Igitur
631 1485 914 1554 communi
945 1487 1181 1544 consilio
1210 1497 1265 1545 et
1295 1507 1398 1563 ope
1429 1507 1595 1548 naves
1626 1508 1848 1564 praepa-

241 1582 391 1642 rant,
442 1576 672 1631 comites
729 1573 1004 1646 delegant,
1061 1584 1115 1632 et
1172 1577 1221 1632 ei
1270 1579 1363 1651 qui
1407 1580 1590 1638 locum
1622 1590 1848 1638 noverat

240 1663 597 1736 adjungunt:
639 1663 730 1735 qui
764 1665 878 1720 Deo
916 1676 1294 1738 prosperante,
1313 1670 1568 1726 secundis
1596 1671 1841 1740 ﬂatibus,

241 1752 559 1825 blandaque
588 1767 846 1808 aurarum
894 1755 1157 1828 temperie
1187 1756 1293 1825 usi,
1343 1757 1557 1816 devecti
1608 1769 1738 1817 sunt
1776 1761 1844 1818 ad
1882 1782 1927 1841 Β

242 1843 430 1900 locum
466 1843 522 1898 in
553 1858 660 1916 quo
701 1851 1007 1915 martyrum
1040 1845 1289 1916 gloriosae
1328 1845 1584 1918 jacebant
1612 1851 1847 1918 exuviae,

241 1933 539 1989 hominum
573 1932 794 2006 quidem
830 1932 1106 1990 destituta
1136 1936 1403 2004 custodia,
1425 1938 1520 1993 sed
1551 1955 1744 1994 manus
1771 1940 1849 1995 di-

243 2024 396 2079 vinae
431 2022 770 2095 protectione
799 2022 1056 2079 defensae.
1092 2023 1305 2091 Quibus
1334 2033 1396 2080 ut
1416 2034 1741 2096 optaverant
1772 2045 1848 2084 re-

243 2112 438 2185 pertis,
470 2126 597 2166 cum
638 2110 882 2165 maxima
911 2111 1196 2168 alacritate
1238 2120 1292 2168 et
1328 2129 1543 2168 summa
1588 2130 1852 2171 reveren-

243 2201 349 2268 tia,
391 2208 582 2273 utpote
641 2201 978 2273 martyribus
1013 2202 1199 2273 digna,
1257 2203 1387 2259 navi
1434 2204 1752 2276 imponunt,
1799 2215 1852 2262 et

243 2293 472 2348 concito
502 2291 700 2347 itinere
731 2290 960 2346 redeunt
993 2310 1006 2358 ;
1041 2292 1227 2365 eisque
1247 2294 1358 2348 Deo
1389 2293 1526 2350 duce
1547 2303 1601 2350 et
1633 2295 1850 2364 reduce,

245 2379 506 2437 secundis
523 2379 863 2452 potientibus
887 2379 1197 2449 effectibus,
1220 2389 1275 2436 et
1289 2399 1519 2455 corpora
1538 2393 1852 2440 sanctorum

252 2468 594 2526 monasterio
633 2468 906 2524 Lirinensi
941 2469 1146 2525 inferre
1186 2472 1527 2542 parantibus,
1557 2472 1776 2528 obviam
1797 2490 1853 2528 se

250 2560 388 2617 tulit
433 2559 584 2617 dicta
613 2557 890 2615 abbatissa
934 2560 1281 2632 Angarisma,
1323 2577 1449 2618 cum
1485 2565 1659 2617 multa
1697 2578 1855 2634 prece

247 2651 566 2717 obsecrans,
602 2657 666 2704 ut
711 2649 816 2705 sibi
872 2649 1104 2706 facultas
1149 2651 1544 2708 attribueretur
1607 2652 1852 2723 magistri

250 2755 456 2812 corpus
477 2738 744 2795 humandi
775 2739 834 2795 in
865 2741 1196 2796 monasterio
1230 2758 1351 2810 suo,
1381 2741 1541 2812 cujus
1569 2751 1651 2798 est
1677 2758 1852 2798 voca-

251 2829 451 2884 bulum
478 2830 789 2886 Oratorium
805 2838 853 2886 'z
887 2829 1045 2901 cujus
1070 2830 1270 2886 devota
1288 2831 1500 2902 petitio,
1534 2839 1587 2886 et
1608 2831 1850 2887 filiorum

259 2934 390 2990 erga
419 2920 633 2975 Patrem
684 2919 1136 2992 incomparabilis
1175 2920 1412 2988 affectio,
1463 2919 1630 2992 hujus
1674 2923 1851 2976 solum

255 3013 347 3080 (ut
374 3011 454 3066 sic
466 3009 671 3080 dicam)
695 3010 981 3066 amicabile
1000 3009 1290 3083 fuitjurgii
1319 3010 1697 3067 seminarium.
1717 3012 1851 3067 Nam

248 3100 472 3155 femina
500 3099 828 3156 venerabilis
870 3102 1144 3159 desiderio
1193 3105 1430 3177 ﬂagrans
1464 3123 1665 3180 corpus
1695 3116 1854 3181 pete—

247 3187 392 3255 bat;
435 3187 689 3259 discipuli
721 3198 895 3246 autem
937 3209 1040 3249 nec
1087 3194 1365 3251 modicum
1397 3195 1464 3250 ab
1508 3195 1660 3252 illius
1707 3212 1855 3269 pras-

257 3275 447 3332 scntia
467 3278 670 3333 secerni
717 3281 993 3338 volebant.
1027 3284 1128 3338 Sed
1179 3284 1323 3340 inter
1376 3284 1492 3342 haec
1530 3285 1767 3342 mediam
1799 3300 1854 3340 se

247 3365 582 3439 obicemque
611 3369 940 3442 interposuit
969 3372 1230 3443 charitas,
1261 3392 1381 3448 quae
1425 3376 1559 3432 talia
1589 3375 1850 3431 dirimere

244 3457 563 3514 consuevit.
595 3458 843 3532 Namque
891 3470 946 3517 et
984 3462 1202 3518 feminae
1258 3467 1515 3536 repressit
1544 3467 1854 3522 avidiorem

244 3547 618 3617 voluntatem,
650 3559 706 3605 et
739 3552 974 3604 istorum
1006 3550 1346 3608 devotiorem
1375 3556 1662 3626 ampliavit
1693 3564 1857 3611 tena-

245 3643 478 3699 citatem
507 3660 520 3698 :
553 3643 693 3697 adeo
725 3649 788 3696 ut
832 3641 917 3696 illi
948 3643 1275 3700 attributum
1307 3655 1470 3718 caput
1511 3650 1685 3706 sancti
1727 3665 1860 3705 cor-

251 3732 405 3806 poris
423 3747 555 3789 cum
579 3730 808 3787 brachio
829 3731 1024 3788 dextro
1045 3734 1348 3792 sufﬁceret:
1377 3730 1651 3810 reliquum
1675 3746 1857 3795 autem

250 3821 505 3895 corporis
562 3836 687 3877 cum
739 3821 990 3894 reliquiis
1049 3833 1362 3882 sanctorum
1420 3839 1746 3885 czeterroum
1792 3830 1860 3885 ad

252 3909 656 3965 monasterium
704 3909 992 3968 Lirinense
1030 3929 1061 3968 a
1100 3913 1161 3970 Β.
1193 3915 1478 3987 Rigomiro
1507 3925 1561 3972 et
1598 3918 1863 3975 fratribus

249 3999 654 4057 transferretur
673 4001 697 4036 ¹³
735 3999 1096 4060 humandum.

767 4109 916 4166 Cceca
949 4109 1121 4165 visum
1151 4111 1357 4183 recipit.

328 4197 423 4255 26.
454 4199 625 4258 Porro
673 4213 873 4261 sanctae
902 4205 1190 4263 abbatissae
1244 4206 1470 4264 devotio
1515 4224 1860 4284 nequaquam

252 4287 524 4344 indonata
551 4291 742 4348 relicta
771 4300 872 4348 est.
905 4294 1038 4348 Erat
1069 4295 1218 4350 enim
1247 4296 1305 4352 in
1335 4298 1672 4354 monasterio
1704 4301 1862 4358 illius

256 4378 514 4450 quaedam
562 4397 836 4450 sororum,
875 4383 965 4439 cui
1021 4385 1204 4440 visum
1252 4387 1538 4458 glaucoma
1576 4389 1862 4462 abreptum

260 4463 613 4522 inofﬁciosas
643 4468 960 4526 reddiderat
989 4471 1216 4527 videndi
1248 4473 1515 4533 fenestras
1541 4494 1553 4531 :
1586 4480 1863 4552 palpebra-

259 4567 390 4607 rum
420 4569 654 4628 namque
685 4558 923 4630 tegmina
948 4559 1238 4615 oculorum
1258 4561 1509 4632 globulos
1527 4566 1861 4638 retegebant.

262 4645 437 4702 Plena
465 4648 637 4720 igitur
666 4650 773 4707 ﬁde
802 4669 928 4709 cum
961 4653 1210 4726 reliquis,
1235 4671 1356 4728 quae
1387 4657 1555 4712 sacris
1577 4658 1866 4715 funeribus

262 4737 541 4794 solemnes
580 4740 918 4798 exhibebant
953 4743 1235 4814 excubias,
1275 4753 1500 4803 noctem
1533 4755 1702 4804 totam
1732 4765 1865 4805 ora-

339 4859 360 4886 ·
402 4849 641 4926 insignis
662 4854 845 4926 lapsus
870 4855 880 4910 l
903 4854 1218 4912 Oratorium
1245 4859 1635 4918 monasterium
1662 4861 1714 4916 in
1739 4861 1864 4918 Pro-

265 4917 458 4977 vincia
499 4917 733 5004 nullum'
770 4943 1013 5006 unquam
1046 4928 1172 4997 fuit,
1222 4930 1316 5006 sed
1347 4933 1406 4987 in
1435 4917 1867 5006 GalliaBelgica

265 5008 439 5065 prope
459 4997 743 5078 civitatem
776 4997 1212 5078 Del’lovacorum,
1246 5003 1415 5078 0ro_er
1439 4997 1866 5078 vulgoappeila-

265 5071 390 5148 tum
419 5067 839 5148 cuipraifuitS.
873 5071 1256 5148 Angadrisma,
1309 5074 1464 5148 virgo
1495 5067 1719 5148 nobilis,
1747 5093 1865 5148 quze

263 5135 616 5218 Provinciam
642 5139 952 5218 insulamve
965 5135 1218 5218 Lerinum
1239 5135 1554 5218 neutiquam
1573 5135 1871 5204 incoluisse

266 5205 479 5282 dicitur
531 5209 588 5264 in
647 5211 884 5282 propriis
923 5214 1097 5282 Actis,
1139 5216 1241 5270 sub
1281 5205 1442 5271 finem
1484 5219 1668 5273 saeculi
1709 5221 1870 5275 istius

266 5275 998 5359 Benedictini:referendis.
1066 5275 1266 5359 Siqua
1305 5288 1438 5346 fides
1494 5299 1573 5344 est
1620 5290 1774 5344 Actis
1811 5292 1864 5346 S.

266 5349 478 5432 Aigulli
519 5369 549 5407 a
589 5353 1142 5432 VincentioBarrali
1175 5349 1567 5432 -interpolatis,
1616 5361 1870 5432 Aig-ulfus

265 5424 446 5476 cwnob
476 5441 567 5498 um
595 5425 651 5478 in
684 5427 792 5481 loco
817 5427 910 5498 qui
940 5430 1177 5484 Arlucus
1214 5424 1410 5484 dicitur
1453 5424 1756 5496 construciit
1781 5424 1871 5488 seu

265 5497 568 5579 reparavit,
596 5497 990 5579 praeposuitque
1024 5499 1096 5553 eis
1123 5501 1571 5557 sanctimonialem
1617 5505 1874 5579 virginem

264 5566 484 5643 nomine
511 5566 1232 5643 Augurismamﬂlesensem,
1263 5590 1426 5643 quam
1469 5591 1585 5629 cum
1615 5566 1739 5632 aliis
1770 5577 1872 5631 vir-

265 5637 483 5709 ginibus
511 5655 537 5694 ο
567 5637 747 5697 Gallia
774 5643 953 5699 venire
972 5637 1231 5713 jusserat.
1269 5637 1600 5717 lngarisma
1647 5649 1878 5721 proinde

1897 4520 1944 4578 D

1961 503 2106 560 facto
2138 507 2233 562 lux
2287 509 2467 580 fugata
2514 511 2610 568 diu
2649 514 2835 585 rediit,
2868 527 2922 574 et
2942 535 3059 576 sera
3084 522 3213 578 licet
3239 524 3565 590 divinaluce

1960 593 2179 663 donata,
2215 598 2482 654 mundum
2516 602 2629 657 sole
2657 602 2947 662 lustratum
2988 609 3299 669 laetabunda
3326 633 3565 692 conspe-

1959 682 2063 738 xit.
2097 684 2216 751 Quo
2248 688 2513 744 miraculo
2543 691 2677 747 adeo
2711 696 2959 752 omnium
2992 699 3187 756 allecta
3228 711 3356 759 sunt
3405 682 3566 764 corda

1959 775 2326 844 cernentium,
2385 788 2447 834 ut
2477 796 2586 835 non
2646 798 2738 839 eos
2768 786 2993 843 tmderet
3049 791 3301 849 amisisse
3345 795 3561 853 Patrem

1960 878 2206 935 corpore,
2258 882 2418 938 quem
2451 885 2796 930 commanere
2843 877 3142 948 gauderent
3171 881 3564 943 miraculorum

1961 960 2067 1009 tam
2100 954 2306 1012 elIicaci
2337 964 2841 1030 repraesentatione.

2231 1079 2519 1138 Columbus
2556 1085 2668 1141 viso
2707 1088 2929 1161 Aigul/o
2969 1093 3062 1149 dat
3093 1112 3299 1167 primas.

2031 1186 2118 1242 27.
2155 1186 2272 1242 Non
2320 1187 2485 1244 modo
2539 1199 2720 1247 autem
2753 1194 2969 1253 devotis
3015 1207 3069 1256 et
3127 1219 3158 1258 a
3209 1206 3324 1262 Deo
3381 1223 3477 1278 per
3507 1225 3564 1267 se

1959 1274 2227 1332 beneficia
2258 1281 2611 1349 poscentibus
2642 1283 2786 1340 idem
2818 1287 2880 1342 Β.
2916 1288 3076 1345 Pater
3128 1293 3335 1363 aderat,
3381 1274 3479 1354 sed
3509 1309 3564 1355 et

1959 1366 2294 1434 persecutori
2324 1385 2424 1424 suo
2454 1387 2656 1429 munus
2681 1376 3063 1446 opitulationis
3093 1381 3388 1456 impendit.
3423 1387 3559 1444 Nam

1959 1451 2261 1511 Columbus
2290 1457 2408 1528 ejus
2438 1463 2632 1518 mortis
2655 1465 3034 1537 concinnator,
3087 1451 3212 1528 cum
3246 1481 3406 1532 nocte
3441 1493 3560 1549 quas

1958 1539 2104 1597 diem
2135 1548 2384 1617 martyrii
2415 1548 2535 1620 ejus
2564 1555 2912 1625 sequebatur,
2943 1575 2999 1614 se
3029 1560 3233 1617 lectulo
3257 1564 3560 1622 commisis-

1957 1637 2057 1699 set,
2091 1639 2283 1704 utpote
2314 1638 2560 1694 membra
2589 1643 2932 1702 relaxaturus
2966 1647 3021 1704 in
3054 1652 3316 1722 quietem,
3341 1661 3563 1725 repente

1959 1719 2046 1774 vir
2074 1722 2297 1778 Domini
2357 1728 2555 1797 astitit,
2587 1747 2686 1786 cur
2726 1719 3086 1794 immeritum
3109 1757 3165 1796 se
3201 1743 3368 1801 tantis
3400 1745 3563 1801 malis

1959 1807 2237 1867 addixerit
2267 1812 2593 1887 increpavit,
2626 1837 2792 1892 quare
2821 1826 3167 1885 crudelitatis
3196 1831 3315 1902 ejus
3347 1834 3556 1890 imma—

1960 1899 2104 1955 nitas
2133 1917 2306 1974 usque
2333 1905 2400 1960 ad
2429 1905 2793 1966 homicidium
2845 1899 3237 1972 innocentium
3274 1921 3558 1990 exarserit,

1960 1988 2315 2047 vehementer
2345 1993 2578 2050 invexit.
2611 1997 2826 2064 Quibus
2859 2002 3044 2073 dictis,
3077 2009 3363 2080 sanguinis
3400 2011 3561 2066 effusi

1960 2087 2170 2147 guttam
2229 2079 2403 2152 digito
2434 2085 2688 2154 sumpsit,
2745 2096 2798 2142 et
2846 2088 2964 2160 ejus
3020 2079 3227 2164 pectori
3283 2112 3345 2152 ac
3401 2097 3564 2153 dorso

1960 2167 2175 2238 signum
2202 2169 2260 2224 in
2290 2171 2512 2227 modum
2543 2174 2738 2230 circuli
2770 2175 3064 2251 impressit.
3097 2182 3216 2250 Quo
3247 2185 3368 2242 viso
3398 2187 3565 2244 miser

1965 2257 2355 2315 tremebundus
2411 2261 2477 2315 ad
2520 2263 2682 2332 pedes
2712 2264 2829 2336 ejus
2879 2271 3141 2339 concidit,
3199 2284 3253 2330 et
3281 2275 3564 2333 obsecrare

1963 2349 2180 2404 solitam
2239 2349 2356 2421 ejus
2407 2352 2783 2428 invictamque
2828 2360 3083 2430 pietatem
3132 2367 3318 2436 erepit,
3384 2385 3450 2424 ne
3507 2386 3562 2425 se

1961 2447 2118 2496 tanto
2147 2441 2448 2500 obnoxium
2476 2444 2710 2517 judicio,
2739 2451 2982 2507 examini
3017 2469 3316 2514 reservaret
3345 2459 3558 2522 divino.

1963 2531 2116 2589 Tunc
2157 2541 2376 2590 sanctus
2407 2534 2524 2607 ejus
2577 2539 2829 2609 precibus
2888 2552 3066 2602 motus
3111 2563 3284 2607 unum
3342 2568 3560 2610 navum

1963 2619 2230 2690 detersit;
2263 2624 2433 2679 alium
2463 2634 2644 2682 autem
2682 2629 2888 2686 aboleri
2919 2648 3029 2689 non
3071 2653 3225 2707 posse
3274 2639 3560 2711 indicavit,

1963 2709 2138 2768 donec
2192 2722 2319 2769 ante
2375 2715 2751 2773 Chlodoveum
2807 2721 2829 2784 ε
2887 2738 3065 2795 regem
3113 2709 3563 2804 Hebroinumque

1963 2801 2446 2874 majoremdomus,
2481 2817 2534 2864 et
2564 2807 2849 2879 publicum
2901 2814 3237 2873 Francorum
3287 2801 3562 2892 judicium

1963 2889 2319 2947 adhiberetur
2346 2893 2397 2948 ei
2440 2897 2744 2953 remedium
2771 2919 2782 2955 :
2817 2901 2964 2973 quod
2990 2911 3044 2959 et
3071 2889 3302 2962 factum-
3327 2917 3562 2968 constat.

1961 2979 2123 3035 Jussu
2171 2983 2318 3038 enim
2373 2987 2540 3057 regali
2590 2990 2948 3062 perquisitas,
2998 2992 3258 3054 inventus
3287 3009 3387 3068 est,
3421 3011 3474 3058 et
3504 3001 3561 3060 in

1962 3070 2186 3127 vincula
2212 3073 2492 3145 conjectus
2545 3083 2708 3150 atque
2732 3078 2948 3150 judicio
2992 3084 3326 3144 Francorum
3371 3106 3562 3162 paena-

1890 3146 1933 3204 C
1963 3175 2085 3215 rum
2114 3162 2398 3219 ferocitate
2429 3181 2599 3236 usque
2627 3166 2696 3221 ad
2727 3180 2958 3225 mortem
2990 3180 3241 3230 vexatus.

2410 3287 2662 3344 Auctoris
2692 3291 2789 3361 pia
2826 3295 3114 3354 meditatio.

2035 3391 2123 3447 28.
2158 3392 2311 3449 Licet
2338 3400 2520 3449 autem
2546 3396 2602 3450 in
2628 3396 2715 3452 his
2737 3413 2848 3454 non
2883 3401 3180 3473 conjectari
3211 3403 3442 3480 aliquid,
3472 3408 3567 3467 sed

1965 3481 2123 3553 plane
2177 3482 2483 3554 intelligere
2535 3485 2664 3557 quid
2726 3488 2842 3545 haec
2891 3494 3298 3562 portenderent.
3336 3498 3566 3573 Sanguis

1965 3570 2110 3626 enim
2143 3570 2238 3627 ille
2271 3575 2527 3645 martyris
2557 3575 2732 3645 fusus,
2763 3577 3432 3659 innocentiaintelligitur
3452 3570 3564 3646 vim

1968 3679 2235 3735 perpessa,
2261 3663 2469 3737 justam
2501 3671 2784 3740 postulans
2825 3675 3130 3733 vindictam
3163 3697 3174 3734 :
3225 3682 3375 3738 unde
3423 3685 3566 3740 Deus

1968 3754 2034 3810 de
2066 3757 2244 3827 primo
2302 3758 2519 3828 talium,
2554 3760 2610 3817 id
2641 3769 2722 3818 est
2767 3762 2962 3834 Abele,
3018 3766 3165 3824 dixit
3201 3767 3272 3824 ad
3329 3771 3568 3844 primum

1971 3855 2392 3917 persecutorem,
2427 3848 2481 3905 id
2510 3859 2591 3908 est
2611 3850 2746 3908 Cain
2774 3872 2786 3909 :
2823 3855 2932 3911 Vos:
2950 3858 3228 3929 sanguinis
3255 3858 3453 3929 fratris
3494 3860 3571 3917 tui

1969 3937 2509 4012 clamatadme(Gen.
2537 3943 2601 4016 ι).
2649 3945 2943 4018 Impressio
2990 3966 3155 4022 porro
3183 3953 3467 4025 sanguinis
3514 3956 3572 4010 in

1969 4026 2133 4083 dorso
2187 4031 2275 4083 vel
2329 4031 2387 4085 in
2440 4050 2667 4107 corpore
2726 4042 3111 4110 persecutoris,
3169 4042 3574 4104 animadversio

1971 4115 2234 4172 vindictae
2266 4134 2386 4190 qua;
2413 4122 2462 4176 ei
2494 4122 2794 4182 debebatur
2820 4145 2919 4200 pro
2947 4132 3282 4191 admissione
3330 4137 3572 4194 sceleris.

1973 4203 2129 4261 Unde
2178 4211 2231 4260 et
2281 4207 2556 4265 Ezechieli
2616 4213 2884 4272 Dominus
2912 4218 3069 4286 dicit,
3128 4223 3275 4292 quod
3334 4228 3577 4298 requirat

1975 4293 2295 4365 sanguinem
2322 4299 2622 4367 peccatoris
2642 4300 2710 4356 de
2727 4318 2894 4358 manu
2923 4320 3033 4360 non
3063 4293 3450 4367 annuntiantis
3478 4331 3566 4384 pa-

1975 4383 2137 4438 storis
2165 4384 2380 4455 (Ezech.
2442 4387 2548 4457 ιιι),
2583 4388 2655 4442 Et
2701 4390 2970 4448 Dominus
3018 4393 3256 4451 Iudaeis:
3303 4397 3374 4453 Ut
3401 4383 3578 4457 veniat

1973 4489 2132 4544 super
2158 4490 2248 4527 vos
2276 4474 2444 4528 omnis
2497 4477 2712 4546 sanguis
2731 4478 2915 4547 justus
2951 4482 3045 4552 qui
3083 4485 3282 4553 effusus
3321 4494 3396 4542 est
3419 4505 3577 4560 super

1978 4571 2174 4620 terram
2206 4565 2418 4636 (Matth.
2451 4567 2643 4637 XXIII),
2679 4567 2736 4622 id
2761 4577 2842 4625 est
2871 4571 3115 4629 vindictr
3144 4577 3326 4633 omnis
3357 4583 3574 4653 sangui-

1975 4652 2062 4709 nis
2087 4652 2225 4724 justi
2253 4655 2579 4711 innocenter
2606 4657 2736 4714 fusi.
2771 4658 2940 4715 Porro
2959 4660 3154 4718 circuli
3177 4663 3381 4737 efﬁgies
3402 4652 3575 4724 inevi-

1975 4740 2202 4798 tabilem
2234 4745 2635 4818 praesagabatur
2663 4749 2948 4806 sententiae
2978 4751 3248 4810 ultionem
3274 4773 3285 4812 :
3338 4756 3579 4818 circulus

1976 4858 2376 4946 distinguenda.
2391 4871 2536 4946 esset
2553 4864 2622 4921 ab
2643 4867 3025 4939 Angadrisma,
3059 4886 3180 4944 quae
3209 4873 3422 4946 origine
3453 4874 3578 4929 Tar-

1977 4936 2275 4991 vennensis
2300 4937 2424 4992 fuit.

2048 5017 2069 5041 ³
2100 5007 2374 5083 Nimirum
2421 5009 2511 5083 die
2557 5013 2931 5069 sextodecimo
2977 5015 3127 5083 Maii,
3161 5024 3222 5070 ut
3253 5015 3580 5072 Vincentius

1976 5077 2219 5132 Barralis
2244 5080 2497 5135 inseruit.

2048 5151 2072 5184 ι’
2091 5149 2402 5219 Legendum
2435 5154 2836 5212 Theodericum.
2854 5157 2914 5211 in
2935 5155 3212 5212 Chronico
3233 5157 3580 5215 Malleacensl

1979 5218 2040 5302 ξε
2093 5218 2300 5300 Aigulti
2329 5225 2677 5302 _inartyrium
2738 5227 2932 5302 diebus
2964 5227 3311 5302 A'l‘heodorjci
3356 5229 3499 5302 regis
3527 5239 3581 5288 et

1981 5290 2210 5345 Ebroini
2235 5290 2658 5368 majorisdomus
2677 5298 2940 5353 accidisse
2963 5299 3180 5368 legitur.
3207 5299 3366 5357 Certe
3388 5290 3579 5357 Evbroi-

1980 5378 2084 5417 nus
2105 5371 2232 5442 post
2249 5365 2680 5442 Erchinoaldum
2706 5369 2933 5439 adeptus
2963 5365 3150 5440 palatii
3174 5373 3576 5442 praefecturam,

1981 5441 2076 5489 aut
2117 5435 2400 5511 nulloaut
2447 5437 2770 5511 brevissimo
2812 5435 3060 5511 "tempore
3112 5435 3212 5498 sub
3262 5435 3580 5502 Chlodoveo

1983 5521 2099 5583 eam
2148 5505 2575 5583 administravit.
2629 5509 2780 5564 Unde
2819 5509 2873 5566 S.
2927 5505 3132 5583 Aigulﬁ
3193 5530 3379 5572 necem
3435 5533 3581 5574 anno

1985 5579 2130 5636 circa
2157 5578 2262 5635 675
2291 5579 2625 5651 reponimus.
