  <div class='ocr_page' id='page_1' title='image "/cluster/home/n/w/nwhite01/storage/ocr_20150623/124/hvd.32044054759865/489.png"; bbox 0 0 4078 6182; ppageno 0'>
   <div class='ocr_carea' id='block_1_1' title="bbox 516 198 626 254">
    <p class='ocr_par' dir='ltr' id='par_1_1' title="bbox 516 198 626 254">
     <span class='ocr_line' id='line_1_1' title="bbox 516 198 626 254; baseline -0.009 0"><span class='ocrx_word' id='word_1_1' title='bbox 516 198 626 254; x_wconf 80' lang='lat'><strong>967</strong></span> 
     </span>
    </p>
   </div>
   <div class='ocr_carea' id='block_1_2' title="bbox 1504 188 2864 251">
    <p class='ocr_par' dir='ltr' id='par_1_2' title="bbox 1504 188 2864 251">
     <span class='ocr_line' id='line_1_2' title="bbox 1504 188 2864 251; baseline 0.001 -5"><span class='ocrx_word' id='word_1_2' title='bbox 1504 188 1906 249; x_wconf 82' lang='lat' dir='ltr'><strong>llINCMARUS</strong></span> <span class='ocrx_word' id='word_1_3' title='bbox 1943 188 2038 248; x_wconf 82' lang='lat' dir='ltr'><strong>LA</strong></span> <span class='ocrx_word' id='word_1_4' title='bbox 2075 188 2428 249; x_wconf 73' lang='lat' dir='ltr'><strong>~DUNENSIS</strong></span> <span class='ocrx_word' id='word_1_5' title='bbox 2469 192 2864 251; x_wconf 86' lang='lat' dir='ltr'><strong>EPISCOPUS.</strong></span> 
     </span>
    </p>
   </div>
   <div class='ocr_carea' id='block_1_3' title="bbox 3713 194 3819 251">
    <p class='ocr_par' dir='ltr' id='par_1_3' title="bbox 3713 194 3819 251">
     <span class='ocr_line' id='line_1_3' title="bbox 3713 194 3819 251; baseline -0.038 0"><span class='ocrx_word' id='word_1_6' title='bbox 3713 194 3819 251; x_wconf 78' lang='lat'><strong>968</strong></span> 
     </span>
    </p>
   </div>
   <div class='ocr_carea' id='block_1_4' title="bbox 516 339 3819 418">
    <p class='ocr_par' dir='ltr' id='par_1_4' title="bbox 516 339 3819 418">
     <span class='ocr_line' id='line_1_4' title="bbox 516 339 3819 418; baseline -0.001 -13"><span class='ocrx_word' id='word_1_7' title='bbox 516 349 665 405; x_wconf 89' lang='lat' dir='ltr'><strong>enim</strong></span> <span class='ocrx_word' id='word_1_8' title='bbox 695 348 754 405; x_wconf 93' lang='lat' dir='ltr'><strong>in</strong></span> <span class='ocrx_word' id='word_1_9' title='bbox 785 356 955 405; x_wconf 89' lang='lat' dir='ltr'><strong>semet</strong></span> <span class='ocrx_word' id='word_1_10' title='bbox 984 344 1236 414; x_wconf 94' lang='lat' dir='ltr'><strong>recurrit,</strong></span> <span class='ocrx_word' id='word_1_11' title='bbox 1271 360 1383 400; x_wconf 90' lang='lat' dir='ltr'><strong>non</strong></span> <span class='ocrx_word' id='word_1_12' title='bbox 1406 343 1614 401; x_wconf 85' lang='lat' dir='ltr'><strong>habens</strong></span> <span class='ocrx_word' id='word_1_13' title='bbox 1656 343 1971 417; x_wconf 77' lang='lat' dir='ltr'><strong>angularem</strong></span> <span class='ocrx_word' id='word_1_14' title='bbox 2002 344 2116 400; x_wconf 89' lang='lat' dir='ltr'><strong>exi-</strong></span> <span class='ocrx_word' id='word_1_15' title='bbox 2152 349 2202 409; x_wconf 87' lang='grc' dir='ltr'><strong>Α</strong></span> <span class='ocrx_word' id='word_1_16' title='bbox 2231 342 2515 418; x_wconf 83' lang='lat' dir='ltr'><strong>propheta,</strong></span> <span class='ocrx_word' id='word_1_17' title='bbox 2548 343 2817 401; x_wconf 88' lang='lat' dir='ltr'><strong>conﬁtens</strong></span> <span class='ocrx_word' id='word_1_18' title='bbox 2866 340 3041 400; x_wconf 85' lang='lat' dir='ltr'><strong>dicit:</strong></span> <span class='ocrx_word' id='word_1_19' title='bbox 3071 339 3290 398; x_wconf 83' lang='lat' dir='ltr'><strong>Peccavi</strong></span> <span class='ocrx_word' id='word_1_20' title='bbox 3322 340 3591 408; x_wconf 85' lang='lat' dir='ltr'><strong>Domino;</strong></span> <span class='ocrx_word' id='word_1_21' title='bbox 3631 344 3819 403; x_wconf 88' lang='lat' dir='ltr'><strong>audire</strong></span> 
     </span>
    </p>
   </div>
   <div class='ocr_carea' id='block_1_5' title="bbox 519 432 2118 506">
    <p class='ocr_par' dir='ltr' id='par_1_5' title="bbox 519 432 2118 506">
     <span class='ocr_line' id='line_1_5' title="bbox 519 432 2118 506; baseline -0.003 -11"><span class='ocrx_word' id='word_1_22' title='bbox 519 447 657 495; x_wconf 92' lang='lat' dir='ltr'><strong>tum.</strong></span> <span class='ocrx_word' id='word_1_23' title='bbox 705 439 782 494; x_wconf 93' lang='lat' dir='ltr'><strong>De</strong></span> <span class='ocrx_word' id='word_1_24' title='bbox 813 437 917 493; x_wconf 88' lang='lat' dir='ltr'><strong>hoc</strong></span> <span class='ocrx_word' id='word_1_25' title='bbox 958 434 1166 492; x_wconf 87' lang='lat' dir='ltr'><strong>circulo</strong></span> <span class='ocrx_word' id='word_1_26' title='bbox 1209 433 1482 490; x_wconf 85' lang='lat' dir='ltr'><strong>Dominus</strong></span> <span class='ocrx_word' id='word_1_27' title='bbox 1522 440 1714 489; x_wconf 87' lang='lat' dir='ltr'><strong>contra</strong></span> <span class='ocrx_word' id='word_1_28' title='bbox 1770 432 1987 506; x_wconf 84' lang='lat' dir='ltr'><strong>Syriam</strong></span> <span class='ocrx_word' id='word_1_29' title='bbox 2015 433 2118 490; x_wconf 91' lang='lat' dir='ltr'><strong>sub</strong></span> 
     </span>
    </p>
   </div>
   <div class='ocr_carea' id='block_1_6' title="bbox 521 520 2117 600">
    <p class='ocr_par' dir='ltr' id='par_1_6' title="bbox 521 520 2117 600">
     <span class='ocr_line' id='line_1_6' title="bbox 521 520 2117 600; baseline -0.004 -17"><span class='ocrx_word' id='word_1_30' title='bbox 521 536 652 600; x_wconf 85' lang='lat' dir='ltr'><strong>typo</strong></span> <span class='ocrx_word' id='word_1_31' title='bbox 680 524 920 582; x_wconf 90' lang='lat' dir='ltr'><strong>diaboli:</strong></span> <span class='ocrx_word' id='word_1_32' title='bbox 979 524 1202 589; x_wconf 89' lang='lat' dir='ltr'><strong>Ponam,</strong></span> <span class='ocrx_word' id='word_1_33' title='bbox 1262 520 1465 594; x_wconf 88' lang='lat' dir='ltr'><strong>inquit,</strong></span> <span class='ocrx_word' id='word_1_34' title='bbox 1494 520 1749 576; x_wconf 78' lang='lat' dir='ltr'><strong>circulum</strong></span> <span class='ocrx_word' id='word_1_35' title='bbox 1791 521 1848 575; x_wconf 89' lang='lat' dir='ltr'><strong>in</strong></span> <span class='ocrx_word' id='word_1_36' title='bbox 1895 521 2117 576; x_wconf 85' lang='lat' dir='ltr'><strong>naribus</strong></span> 
     </span>
    </p>
   </div>
   <div class='ocr_carea' id='block_1_7' title="bbox 521 610 2117 686">
    <p class='ocr_par' dir='ltr' id='par_1_7' title="bbox 521 610 2117 686">
     <span class='ocr_line' id='line_1_7' title="bbox 521 610 2117 686; baseline -0.003 -14"><span class='ocrx_word' id='word_1_37' title='bbox 521 618 642 684; x_wconf 83' lang='lat' dir='ltr'><strong>tuis,</strong></span> <span class='ocrx_word' id='word_1_38' title='bbox 668 623 717 671; x_wconf 91' lang='lat' dir='ltr'><strong>et</strong></span> <span class='ocrx_word' id='word_1_39' title='bbox 741 615 953 686; x_wconf 86' lang='lat' dir='ltr'><strong>frenum</strong></span> <span class='ocrx_word' id='word_1_40' title='bbox 981 615 1037 669; x_wconf 85' lang='lat' dir='ltr'><strong>in</strong></span> <span class='ocrx_word' id='word_1_41' title='bbox 1066 613 1310 668; x_wconf 73' lang='lat' dir='ltr'><strong>maxillis</strong></span> <span class='ocrx_word' id='word_1_42' title='bbox 1355 612 1458 666; x_wconf 83' lang='lat' dir='ltr'><strong>tuis</strong></span> <span class='ocrx_word' id='word_1_43' title='bbox 1490 612 1598 682; x_wconf 85' lang='lat' dir='ltr'><strong>(IV</strong></span> <span class='ocrx_word' id='word_1_44' title='bbox 1623 612 1743 682; x_wconf 86' lang='lat' dir='ltr'><strong>Reg.</strong></span> <span class='ocrx_word' id='word_1_45' title='bbox 1788 626 1889 666; x_wconf 70' lang='grc' dir='ltr'><strong>χιχ</strong></span> <span class='ocrx_word' id='word_1_46' title='bbox 1916 655 1927 667; x_wconf 93' lang='grc'><em>.</em></span> <span class='ocrx_word' id='word_1_47' title='bbox 1958 610 2117 678; x_wconf 86' lang='lat' dir='ltr'><strong>Quod</strong></span> 
     </span>
    </p>
   </div>
   <div class='ocr_carea' id='block_1_8' title="bbox 517 698 2120 771">
    <p class='ocr_par' dir='ltr' id='par_1_8' title="bbox 517 698 2120 771">
     <span class='ocr_line' id='line_1_8' title="bbox 517 698 2120 771; baseline -0.003 -10"><span class='ocrx_word' id='word_1_48' title='bbox 517 712 696 761; x_wconf 87' lang='lat' dir='ltr'><strong>autem</strong></span> <span class='ocrx_word' id='word_1_49' title='bbox 746 702 833 759; x_wconf 92' lang='lat' dir='ltr'><strong>bis</strong></span> <span class='ocrx_word' id='word_1_50' title='bbox 862 701 1006 757; x_wconf 91' lang='lat' dir='ltr'><strong>idem</strong></span> <span class='ocrx_word' id='word_1_51' title='bbox 1040 703 1280 759; x_wconf 88' lang='lat' dir='ltr'><strong>circulus</strong></span> <span class='ocrx_word' id='word_1_52' title='bbox 1310 709 1412 768; x_wconf 90' lang='lat' dir='ltr'><strong>est,</strong></span> <span class='ocrx_word' id='word_1_53' title='bbox 1451 698 1721 771; x_wconf 88' lang='lat' dir='ltr'><strong>geminam</strong></span> <span class='ocrx_word' id='word_1_54' title='bbox 1763 700 2120 771; x_wconf 84' lang='lat' dir='ltr'><strong>portendebat</strong></span> 
     </span>
    </p>
   </div>
   <div class='ocr_carea' id='block_1_9' title="bbox 517 789 2117 866">
    <p class='ocr_par' dir='ltr' id='par_1_9' title="bbox 517 789 2117 866">
     <span class='ocr_line' id='line_1_9' title="bbox 517 789 2117 866; baseline -0.002 -18"><span class='ocrx_word' id='word_1_55' title='bbox 517 793 691 866; x_wconf 89' lang='lat' dir='ltr'><strong>impio</strong></span> <span class='ocrx_word' id='word_1_56' title='bbox 720 791 841 848; x_wconf 87' lang='lat' dir='ltr'><strong>ﬁeri</strong></span> <span class='ocrx_word' id='word_1_57' title='bbox 870 792 1162 858; x_wconf 89' lang='lat' dir='ltr'><strong>ultionem,</strong></span> <span class='ocrx_word' id='word_1_58' title='bbox 1193 798 1254 847; x_wconf 90' lang='lat' dir='ltr'><strong>ut</strong></span> <span class='ocrx_word' id='word_1_59' title='bbox 1275 789 1540 861; x_wconf 88' lang='lat' dir='ltr'><strong>scriptum</strong></span> <span class='ocrx_word' id='word_1_60' title='bbox 1559 795 1659 856; x_wconf 90' lang='lat' dir='ltr'><strong>est,</strong></span> <span class='ocrx_word' id='word_1_61' title='bbox 1695 789 2117 861; x_wconf 84' lang='lat' dir='ltr'><strong>Duplicicontri-</strong></span> 
     </span>
    </p>
   </div>
   <div class='ocr_carea' id='block_1_10' title="bbox 518 880 2118 958">
    <p class='ocr_par' dir='ltr' id='par_1_10' title="bbox 518 880 2118 958">
     <span class='ocr_line' id='line_1_10' title="bbox 518 880 2118 958; baseline -0.003 -17"><span class='ocrx_word' id='word_1_62' title='bbox 518 887 656 943; x_wconf 84' lang='lat' dir='ltr'><strong>tione</strong></span> <span class='ocrx_word' id='word_1_63' title='bbox 674 892 879 942; x_wconf 82' lang='lat' dir='ltr'><strong>contere</strong></span> <span class='ocrx_word' id='word_1_64' title='bbox 905 886 1128 958; x_wconf 82' lang='lat' dir='ltr'><strong>eos(Jer.</strong></span> <span class='ocrx_word' id='word_1_65' title='bbox 1162 888 1306 956; x_wconf 83' lang='lat' dir='ltr'><strong>xvtt)</strong></span> <span class='ocrx_word' id='word_1_66' title='bbox 1335 902 1348 940; x_wconf 87' lang='lat'><strong>:</strong></span> <span class='ocrx_word' id='word_1_67' title='bbox 1382 881 1690 954; x_wconf 88' lang='lat' dir='ltr'><strong>anteposita</strong></span> <span class='ocrx_word' id='word_1_68' title='bbox 1718 890 1773 937; x_wconf 89' lang='lat' dir='ltr'><strong>et</strong></span> <span class='ocrx_word' id='word_1_69' title='bbox 1818 880 2118 954; x_wconf 87' lang='lat' dir='ltr'><strong>postposita</strong></span> 
     </span>
    </p>
   </div>
   <div class='ocr_carea' id='block_1_11' title="bbox 519 970 2118 1050">
    <p class='ocr_par' dir='ltr' id='par_1_11' title="bbox 519 970 2118 1050">
     <span class='ocr_line' id='line_1_11' title="bbox 519 970 2118 1050; baseline -0.006 -16"><span class='ocrx_word' id='word_1_70' title='bbox 519 977 715 1035; x_wconf 89' lang='lat' dir='ltr'><strong>circuli</strong></span> <span class='ocrx_word' id='word_1_71' title='bbox 745 976 940 1050; x_wconf 82' lang='lat' dir='ltr'><strong>ﬁgura,</strong></span> <span class='ocrx_word' id='word_1_72' title='bbox 978 986 1030 1033; x_wconf 92' lang='lat' dir='ltr'><strong>et</strong></span> <span class='ocrx_word' id='word_1_73' title='bbox 1060 974 1314 1048; x_wconf 67' lang='lat' dir='ltr'><strong>praesenti</strong></span> <span class='ocrx_word' id='word_1_74' title='bbox 1366 972 1634 1046; x_wconf 84' lang='lat' dir='ltr'><strong>signabat,</strong></span> <span class='ocrx_word' id='word_1_75' title='bbox 1668 979 1721 1027; x_wconf 91' lang='lat' dir='ltr'><strong>et</strong></span> <span class='ocrx_word' id='word_1_76' title='bbox 1766 978 1888 1043; x_wconf 89' lang='lat' dir='ltr'><strong>post</strong></span> <span class='ocrx_word' id='word_1_77' title='bbox 1934 970 2118 1026; x_wconf 88' lang='lat' dir='ltr'><strong>futura</strong></span> 
     </span>
    </p>
   </div>
   <div class='ocr_carea' id='block_1_12' title="bbox 518 1062 2117 1143">
    <p class='ocr_par' dir='ltr' id='par_1_12' title="bbox 518 1062 2117 1143">
     <span class='ocr_line' id='line_1_12' title="bbox 518 1062 2117 1143; baseline -0.004 -18"><span class='ocrx_word' id='word_1_78' title='bbox 518 1068 867 1143; x_wconf 83' lang='lat' dir='ltr'><strong>plectendum</strong></span> <span class='ocrx_word' id='word_1_79' title='bbox 892 1068 1193 1139; x_wconf 84' lang='lat' dir='ltr'><strong>malignum</strong></span> <span class='ocrx_word' id='word_1_80' title='bbox 1213 1065 1405 1122; x_wconf 90' lang='lat' dir='ltr'><strong>divina</strong></span> <span class='ocrx_word' id='word_1_81' title='bbox 1428 1063 1717 1120; x_wconf 86' lang='lat' dir='ltr'><strong>sententia.</strong></span> <span class='ocrx_word' id='word_1_82' title='bbox 1738 1062 1812 1118; x_wconf 85' lang='lat' dir='ltr'><strong>At</strong></span> <span class='ocrx_word' id='word_1_83' title='bbox 1823 1078 1952 1119; x_wconf 89' lang='lat' dir='ltr'><strong>vero</strong></span> <span class='ocrx_word' id='word_1_84' title='bbox 1974 1078 2117 1118; x_wconf 88' lang='lat' dir='ltr'><strong>unus</strong></span> 
     </span>
    </p>
   </div>
   <div class='ocr_carea' id='block_1_13' title="bbox 518 1152 2114 1217">
    <p class='ocr_par' dir='ltr' id='par_1_13' title="bbox 518 1152 2114 1217">
     <span class='ocr_line' id='line_1_13' title="bbox 518 1152 2114 1217; baseline -0.005 -1"><span class='ocrx_word' id='word_1_85' title='bbox 518 1159 765 1217; x_wconf 82' lang='lat' dir='ltr'><strong>detersus</strong></span> <span class='ocrx_word' id='word_1_86' title='bbox 789 1158 1029 1215; x_wconf 85' lang='lat' dir='ltr'><strong>circulus</strong></span> <span class='ocrx_word' id='word_1_87' title='bbox 1059 1155 1323 1213; x_wconf 87' lang='lat' dir='ltr'><strong>innuebat</strong></span> <span class='ocrx_word' id='word_1_88' title='bbox 1354 1153 1609 1214; x_wconf 90' lang='lat' dir='ltr'><strong>eumdem</strong></span> <span class='ocrx_word' id='word_1_89' title='bbox 1639 1161 1889 1210; x_wconf 89' lang='lat' dir='ltr'><strong>sanctum</strong></span> <span class='ocrx_word' id='word_1_90' title='bbox 1929 1152 2114 1209; x_wconf 88' lang='lat' dir='ltr'><strong>virum</strong></span> 
     </span>
    </p>
   </div>
   <div class='ocr_carea' id='block_1_14' title="bbox 518 1242 2118 1322">
    <p class='ocr_par' dir='ltr' id='par_1_14' title="bbox 518 1242 2118 1322">
     <span class='ocr_line' id='line_1_14' title="bbox 518 1242 2118 1322; baseline -0.004 -19"><span class='ocrx_word' id='word_1_91' title='bbox 518 1247 773 1322; x_wconf 89' lang='lat' dir='ltr'><strong>precibus</strong></span> <span class='ocrx_word' id='word_1_92' title='bbox 796 1247 909 1304; x_wconf 89' lang='lat' dir='ltr'><strong>suis</strong></span> <span class='ocrx_word' id='word_1_93' title='bbox 929 1246 1255 1315; x_wconf 88' lang='lat' dir='ltr'><strong>obtinuisse,</strong></span> <span class='ocrx_word' id='word_1_94' title='bbox 1288 1262 1358 1302; x_wconf 92' lang='lat' dir='ltr'><strong>ne</strong></span> <span class='ocrx_word' id='word_1_95' title='bbox 1386 1253 1701 1317; x_wconf 88' lang='lat' dir='ltr'><strong>persecutor</strong></span> <span class='ocrx_word' id='word_1_96' title='bbox 1736 1260 1869 1301; x_wconf 88' lang='lat' dir='ltr'><strong>suus</strong></span> <span class='ocrx_word' id='word_1_97' title='bbox 1897 1242 2118 1299; x_wconf 64' lang='lat' dir='ltr'><strong>aeternis</strong></span> 
     </span>
    </p>
   </div>
   <div class='ocr_carea' id='block_1_15' title="bbox 519 1332 2115 1406">
    <p class='ocr_par' dir='ltr' id='par_1_15' title="bbox 519 1332 2115 1406">
     <span class='ocr_line' id='line_1_15' title="bbox 519 1332 2115 1406; baseline -0.005 -10"><span class='ocrx_word' id='word_1_98' title='bbox 519 1344 828 1396; x_wconf 84' lang='lat' dir='ltr'><strong>servaretur</strong></span> <span class='ocrx_word' id='word_1_99' title='bbox 856 1335 1216 1405; x_wconf 86' lang='lat' dir='ltr'><strong>cruciatibus,</strong></span> <span class='ocrx_word' id='word_1_100' title='bbox 1247 1333 1549 1392; x_wconf 88' lang='lat' dir='ltr'><strong>secundum</strong></span> <span class='ocrx_word' id='word_1_101' title='bbox 1580 1341 1909 1406; x_wconf 59' lang='lat' dir='ltr'><strong>praceptum</strong></span> <span class='ocrx_word' id='word_1_102' title='bbox 1931 1332 2115 1389; x_wconf 87' lang='lat' dir='ltr'><strong>Salva-</strong></span> 
     </span>
    </p>
   </div>
   <div class='ocr_carea' id='block_1_16' title="bbox 521 1421 2116 1501">
    <p class='ocr_par' dir='ltr' id='par_1_16' title="bbox 521 1421 2116 1501">
     <span class='ocr_line' id='line_1_16' title="bbox 521 1421 2116 1501; baseline -0.006 -15"><span class='ocrx_word' id='word_1_103' title='bbox 521 1429 655 1487; x_wconf 93' lang='lat' dir='ltr'><strong>toris</strong></span> <span class='ocrx_word' id='word_1_104' title='bbox 700 1435 754 1485; x_wconf 92' lang='lat' dir='ltr'><strong>et</strong></span> <span class='ocrx_word' id='word_1_105' title='bbox 795 1428 1132 1501; x_wconf 85' lang='lat' dir='ltr'><strong>exemplum,</strong></span> <span class='ocrx_word' id='word_1_106' title='bbox 1181 1443 1289 1500; x_wconf 89' lang='lat' dir='ltr'><strong>quo</strong></span> <span class='ocrx_word' id='word_1_107' title='bbox 1321 1424 1671 1498; x_wconf 64' lang='lat' dir='ltr'><strong>praecipimur</strong></span> <span class='ocrx_word' id='word_1_108' title='bbox 1716 1421 1986 1478; x_wconf 90' lang='lat' dir='ltr'><strong>orandum</strong></span> <span class='ocrx_word' id='word_1_109' title='bbox 2018 1437 2116 1492; x_wconf 92' lang='lat' dir='ltr'><strong>pro</strong></span> 
     </span>
    </p>
   </div>
   <div class='ocr_carea' id='block_1_17' title="bbox 518 1516 2115 1591">
    <p class='ocr_par' dir='ltr' id='par_1_17' title="bbox 518 1516 2115 1591">
     <span class='ocr_line' id='line_1_17' title="bbox 518 1516 2115 1591; baseline -0.006 -17"><span class='ocrx_word' id='word_1_110' title='bbox 518 1516 959 1591; x_wconf 81' lang='lat' dir='ltr'><strong>persecutoribus</strong></span> <span class='ocrx_word' id='word_1_111' title='bbox 1006 1516 1227 1577; x_wconf 90' lang='lat' dir='ltr'><strong>nostris.</strong></span> <span class='ocrx_word' id='word_1_112' title='bbox 1261 1516 1414 1571; x_wconf 85' lang='lat' dir='ltr'><strong>Alter</strong></span> <span class='ocrx_word' id='word_1_113' title='bbox 1458 1522 1639 1571; x_wconf 86' lang='lat' dir='ltr'><strong>autem</strong></span> <span class='ocrx_word' id='word_1_114' title='bbox 1688 1526 2014 1585; x_wconf 88' lang='lat' dir='ltr'><strong>permanens</strong></span> <span class='ocrx_word' id='word_1_115' title='bbox 2061 1517 2115 1566; x_wconf 90' lang='lat' dir='ltr'><strong>et</strong></span> 
     </span>
    </p>
   </div>
   <div class='ocr_carea' id='block_1_18' title="bbox 519 1598 2114 1678">
    <p class='ocr_par' dir='ltr' id='par_1_18' title="bbox 519 1598 2114 1678">
     <span class='ocr_line' id='line_1_18' title="bbox 519 1598 2114 1678; baseline -0.005 -16"><span class='ocrx_word' id='word_1_116' title='bbox 519 1603 809 1662; x_wconf 87' lang='lat' dir='ltr'><strong>hominum</strong></span> <span class='ocrx_word' id='word_1_117' title='bbox 832 1604 1048 1678; x_wconf 90' lang='lat' dir='ltr'><strong>judicio</strong></span> <span class='ocrx_word' id='word_1_118' title='bbox 1074 1604 1360 1673; x_wconf 77' lang='lat' dir='ltr'><strong>delendas,</strong></span> <span class='ocrx_word' id='word_1_119' title='bbox 1396 1602 1603 1660; x_wconf 89' lang='lat' dir='ltr'><strong>indicat</strong></span> <span class='ocrx_word' id='word_1_120' title='bbox 1631 1600 1761 1674; x_wconf 91' lang='lat' dir='ltr'><strong>quia</strong></span> <span class='ocrx_word' id='word_1_121' title='bbox 1789 1598 1987 1667; x_wconf 87' lang='lat' dir='ltr'><strong>sancti,</strong></span> <span class='ocrx_word' id='word_1_122' title='bbox 2010 1599 2114 1656; x_wconf 89' lang='lat' dir='ltr'><strong>etsi</strong></span> 
     </span>
    </p>
   </div>
   <div class='ocr_carea' id='block_1_19' title="bbox 2230 429 3820 502">
    <p class='ocr_par' dir='ltr' id='par_1_19' title="bbox 2230 429 3820 502">
     <span class='ocr_line' id='line_1_19' title="bbox 2230 429 3820 502; baseline 0.001 -13"><span class='ocrx_word' id='word_1_123' title='bbox 2230 432 2467 490; x_wconf 89' lang='lat' dir='ltr'><strong>meruit:</strong></span> <span class='ocrx_word' id='word_1_124' title='bbox 2505 433 2762 490; x_wconf 82' lang='lat' dir='ltr'><strong>Dominus</strong></span> <span class='ocrx_word' id='word_1_125' title='bbox 2792 429 3068 488; x_wconf 83' lang='lat' dir='ltr'><strong>transtulit</strong></span> <span class='ocrx_word' id='word_1_126' title='bbox 3094 435 3362 502; x_wconf 85' lang='lat' dir='ltr'><strong>peccatum</strong></span> <span class='ocrx_word' id='word_1_127' title='bbox 3393 435 3560 500; x_wconf 86' lang='lat' dir='ltr'><strong>tuum,</strong></span> <span class='ocrx_word' id='word_1_128' title='bbox 3592 448 3820 490; x_wconf 79' lang='lat' dir='ltr'><strong>nonmo-</strong></span> 
     </span>
    </p>
   </div>
   <div class='ocr_carea' id='block_1_20' title="bbox 2227 519 3825 595">
    <p class='ocr_par' dir='ltr' id='par_1_20' title="bbox 2227 519 3825 595">
     <span class='ocr_line' id='line_1_20' title="bbox 2227 519 3825 595; baseline 0 -14"><span class='ocrx_word' id='word_1_129' title='bbox 2227 524 2388 581; x_wconf 83' lang='lat' dir='ltr'><strong>rieris</strong></span> <span class='ocrx_word' id='word_1_130' title='bbox 2420 523 2509 595; x_wconf 87' lang='lat' dir='ltr'><strong>(II</strong></span> <span class='ocrx_word' id='word_1_131' title='bbox 2533 525 2655 594; x_wconf 86' lang='lat' dir='ltr'><strong>Reg.</strong></span> <span class='ocrx_word' id='word_1_132' title='bbox 2686 539 2790 590; x_wconf 83' lang='lat' dir='ltr'><strong>xu,</strong></span> <span class='ocrx_word' id='word_1_133' title='bbox 2816 521 2929 593; x_wconf 85' lang='grc'><strong>13).</strong></span> <span class='ocrx_word' id='word_1_134' title='bbox 2956 521 3025 576; x_wconf 87' lang='lat' dir='ltr'><strong>Et</strong></span> <span class='ocrx_word' id='word_1_135' title='bbox 3054 528 3236 577; x_wconf 89' lang='lat' dir='ltr'><strong>tamen</strong></span> <span class='ocrx_word' id='word_1_136' title='bbox 3267 525 3404 592; x_wconf 91' lang='lat' dir='ltr'><strong>quot</strong></span> <span class='ocrx_word' id='word_1_137' title='bbox 3435 519 3825 582; x_wconf 82' lang='lat' dir='ltr'><strong>aﬁlictionibus</strong></span> 
     </span>
    </p>
   </div>
   <div class='ocr_carea' id='block_1_21' title="bbox 2228 615 3827 692">
    <p class='ocr_par' dir='ltr' id='par_1_21' title="bbox 2228 615 3827 692">
     <span class='ocr_line' id='line_1_21' title="bbox 2228 615 3827 692; baseline 0.001 -17"><span class='ocrx_word' id='word_1_138' title='bbox 2228 626 2451 692; x_wconf 89' lang='lat' dir='ltr'><strong>propter</strong></span> <span class='ocrx_word' id='word_1_139' title='bbox 2478 627 2760 690; x_wconf 89' lang='lat' dir='ltr'><strong>peccatum</strong></span> <span class='ocrx_word' id='word_1_140' title='bbox 2790 616 3078 674; x_wconf 88' lang='lat' dir='ltr'><strong>dimissum</strong></span> <span class='ocrx_word' id='word_1_141' title='bbox 3128 615 3358 673; x_wconf 81' lang='lat' dir='ltr'><strong>aﬁ&#39;ectus</strong></span> <span class='ocrx_word' id='word_1_142' title='bbox 3399 615 3494 684; x_wconf 89' lang='lat' dir='ltr'><strong>sit,</strong></span> <span class='ocrx_word' id='word_1_143' title='bbox 3532 617 3702 675; x_wconf 87' lang='lat' dir='ltr'><strong>lector</strong></span> <span class='ocrx_word' id='word_1_144' title='bbox 3731 618 3827 676; x_wconf 88' lang='lat' dir='ltr'><strong>hi-</strong></span> 
     </span>
    </p>
   </div>
   <div class='ocr_carea' id='block_1_22' title="bbox 2228 706 3828 782">
    <p class='ocr_par' dir='ltr' id='par_1_22' title="bbox 2228 706 3828 782">
     <span class='ocr_line' id='line_1_22' title="bbox 2228 706 3828 782; baseline 0.001 -15"><span class='ocrx_word' id='word_1_145' title='bbox 2228 710 2413 767; x_wconf 76' lang='lat' dir='ltr'><strong>storize</strong></span> <span class='ocrx_word' id='word_1_146' title='bbox 2456 708 2575 782; x_wconf 89' lang='lat' dir='ltr'><strong>ejus</strong></span> <span class='ocrx_word' id='word_1_147' title='bbox 2619 724 2908 782; x_wconf 78' lang='lat' dir='ltr'><strong>agnoscere</strong></span> <span class='ocrx_word' id='word_1_148' title='bbox 2937 706 3138 781; x_wconf 86' lang='lat' dir='ltr'><strong>quibit.</strong></span> <span class='ocrx_word' id='word_1_149' title='bbox 3172 708 3374 764; x_wconf 88' lang='lat' dir='ltr'><strong>Paulus</strong></span> <span class='ocrx_word' id='word_1_150' title='bbox 3395 724 3494 765; x_wconf 86' lang='lat' dir='ltr'><strong>vas</strong></span> <span class='ocrx_word' id='word_1_151' title='bbox 3542 707 3828 769; x_wconf 80' lang='lat' dir='ltr'><strong>electionis</strong></span> 
     </span>
    </p>
   </div>
   <div class='ocr_carea' id='block_1_23' title="bbox 2231 796 3832 873">
    <p class='ocr_par' dir='ltr' id='par_1_23' title="bbox 2231 796 3832 873">
     <span class='ocr_line' id='line_1_23' title="bbox 2231 796 3832 873; baseline 0 -17"><span class='ocrx_word' id='word_1_152' title='bbox 2231 801 2372 872; x_wconf 83' lang='lat' dir='ltr'><strong>(Act.</strong></span> <span class='ocrx_word' id='word_1_153' title='bbox 2406 801 2490 872; x_wconf 79' lang='lat' dir='ltr'><strong>rx)</strong></span> <span class='ocrx_word' id='word_1_154' title='bbox 2522 802 2644 873; x_wconf 87' lang='lat' dir='ltr'><strong>plus</strong></span> <span class='ocrx_word' id='word_1_155' title='bbox 2659 798 2917 857; x_wconf 89' lang='lat' dir='ltr'><strong>omnibus</strong></span> <span class='ocrx_word' id='word_1_156' title='bbox 2934 796 3204 854; x_wconf 84' lang='lat' dir='ltr'><strong>laboravit</strong></span> <span class='ocrx_word' id='word_1_157' title='bbox 3226 798 3278 866; x_wconf 85' lang='grc' dir='ltr'><strong>(ι</strong></span> <span class='ocrx_word' id='word_1_158' title='bbox 3303 797 3431 854; x_wconf 88' lang='lat' dir='ltr'><strong>Cor.</strong></span> <span class='ocrx_word' id='word_1_159' title='bbox 3454 800 3553 869; x_wconf 83' lang='lat' dir='ltr'><strong>xv)</strong></span> <span class='ocrx_word' id='word_1_160' title='bbox 3578 816 3592 864; x_wconf 91' lang='lat'><strong>;</strong></span> <span class='ocrx_word' id='word_1_161' title='bbox 3622 806 3680 855; x_wconf 91' lang='lat' dir='ltr'><strong>et</strong></span> <span class='ocrx_word' id='word_1_162' title='bbox 3702 799 3832 872; x_wconf 87' lang='lat' dir='ltr'><strong>quia</strong></span> 
     </span>
    </p>
   </div>
   <div class='ocr_carea' id='block_1_24' title="bbox 2228 881 3913 963">
    <p class='ocr_par' dir='ltr' id='par_1_24' title="bbox 2228 881 3913 963">
     <span class='ocr_line' id='line_1_24' title="bbox 2228 881 3913 963; baseline -0.002 -14"><span class='ocrx_word' id='word_1_163' title='bbox 2228 892 2336 949; x_wconf 87' lang='lat' dir='ltr'><strong>fuit</strong></span> <span class='ocrx_word' id='word_1_164' title='bbox 2391 890 2764 963; x_wconf 89' lang='lat' dir='ltr'><strong>blasphemus,</strong></span> <span class='ocrx_word' id='word_1_165' title='bbox 2824 895 2887 944; x_wconf 90' lang='lat' dir='ltr'><strong>ut</strong></span> <span class='ocrx_word' id='word_1_166' title='bbox 2944 888 3059 961; x_wconf 90' lang='lat' dir='ltr'><strong>ipse</strong></span> <span class='ocrx_word' id='word_1_167' title='bbox 3113 887 3353 955; x_wconf 81' lang='lat' dir='ltr'><strong>fatetur,</strong></span> <span class='ocrx_word' id='word_1_168' title='bbox 3406 894 3461 942; x_wconf 83' lang='lat' dir='ltr'><strong>et</strong></span> <span class='ocrx_word' id='word_1_169' title='bbox 3519 896 3831 960; x_wconf 85' lang='lat' dir='ltr'><strong>persecutor</strong></span> <span class='ocrx_word' id='word_1_170' title='bbox 3906 881 3913 885; x_wconf 73' lang='grc'><em>’</em></span> 
     </span>
    </p>
   </div>
   <div class='ocr_carea' id='block_1_25' title="bbox 2229 975 3831 1055">
    <p class='ocr_par' dir='ltr' id='par_1_25' title="bbox 2229 975 3831 1055">
     <span class='ocr_line' id='line_1_25' title="bbox 2229 975 3831 1055; baseline -0.002 -15"><span class='ocrx_word' id='word_1_171' title='bbox 2229 983 2287 1055; x_wconf 90' lang='grc' dir='ltr'><strong>(Ι</strong></span> <span class='ocrx_word' id='word_1_172' title='bbox 2315 983 2450 1040; x_wconf 88' lang='lat' dir='ltr'><strong>Tim.</strong></span> <span class='ocrx_word' id='word_1_173' title='bbox 2481 982 2547 1052; x_wconf 85' lang='grc' dir='ltr'><strong>ι),</strong></span> <span class='ocrx_word' id='word_1_174' title='bbox 2575 980 2833 1052; x_wconf 77' lang='lat' dir='ltr'><strong>stigmata</strong></span> <span class='ocrx_word' id='word_1_175' title='bbox 2856 994 2913 1034; x_wconf 90' lang='lat' dir='ltr'><strong>se</strong></span> <span class='ocrx_word' id='word_1_176' title='bbox 2944 976 3152 1036; x_wconf 90' lang='lat' dir='ltr'><strong>Christi</strong></span> <span class='ocrx_word' id='word_1_177' title='bbox 3193 975 3333 1033; x_wconf 90' lang='lat' dir='ltr'><strong>dicit</strong></span> <span class='ocrx_word' id='word_1_178' title='bbox 3362 976 3421 1032; x_wconf 91' lang='lat' dir='ltr'><strong>in</strong></span> <span class='ocrx_word' id='word_1_179' title='bbox 3470 993 3699 1051; x_wconf 84' lang='lat' dir='ltr'><strong>corpore</strong></span> <span class='ocrx_word' id='word_1_180' title='bbox 3734 995 3831 1036; x_wconf 84' lang='lat' dir='ltr'><strong>suo</strong></span> 
     </span>
    </p>
   </div>
   <div class='ocr_carea' id='block_1_26' title="bbox 2226 1065 3829 1140">
    <p class='ocr_par' dir='ltr' id='par_1_26' title="bbox 2226 1065 3829 1140">
     <span class='ocr_line' id='line_1_26' title="bbox 2226 1065 3829 1140; baseline -0.002 -11"><span class='ocrx_word' id='word_1_181' title='bbox 2226 1069 2581 1129; x_wconf 83' lang='lat' dir='ltr'><strong>circumferre</strong></span> <span class='ocrx_word' id='word_1_182' title='bbox 2612 1070 2764 1138; x_wconf 86' lang='lat' dir='ltr'><strong>(Gal.</strong></span> <span class='ocrx_word' id='word_1_183' title='bbox 2798 1068 2906 1136; x_wconf 78' lang='lat' dir='ltr'><strong>v1),</strong></span> <span class='ocrx_word' id='word_1_184' title='bbox 2934 1074 3093 1123; x_wconf 83' lang='lat' dir='ltr'><strong>notas</strong></span> <span class='ocrx_word' id='word_1_185' title='bbox 3144 1065 3407 1126; x_wconf 84' lang='lat' dir='ltr'><strong>videlicet</strong></span> <span class='ocrx_word' id='word_1_186' title='bbox 3459 1065 3700 1124; x_wconf 84' lang='lat' dir='ltr'><strong>inﬂictas</strong></span> <span class='ocrx_word' id='word_1_187' title='bbox 3736 1083 3829 1140; x_wconf 87' lang='lat' dir='ltr'><strong>per</strong></span> 
     </span>
    </p>
   </div>
   <div class='ocr_carea' id='block_1_27' title="bbox 2227 1155 3897 1229">
    <p class='ocr_par' dir='ltr' id='par_1_27' title="bbox 2227 1155 3897 1229">
     <span class='ocr_line' id='line_1_27' title="bbox 2227 1155 3897 1229; baseline -0.002 -13"><span class='ocrx_word' id='word_1_188' title='bbox 2227 1159 2660 1217; x_wconf 82' lang='lat' dir='ltr'><strong>satisfactionem</strong></span> <span class='ocrx_word' id='word_1_189' title='bbox 2691 1158 2821 1213; x_wconf 66' lang='lat' dir='ltr'><strong>vitae</strong></span> <span class='ocrx_word' id='word_1_190' title='bbox 2854 1155 3165 1229; x_wconf 67' lang='lat' dir='ltr'><strong>prmteritat.</strong></span> <span class='ocrx_word' id='word_1_191' title='bbox 3199 1156 3409 1211; x_wconf 87' lang='lat' dir='ltr'><strong>Horum</strong></span> <span class='ocrx_word' id='word_1_192' title='bbox 3448 1171 3576 1229; x_wconf 89' lang='lat' dir='ltr'><strong>ergo</strong></span> <span class='ocrx_word' id='word_1_193' title='bbox 3619 1163 3677 1212; x_wconf 88' lang='lat' dir='ltr'><strong>et</strong></span> <span class='ocrx_word' id='word_1_194' title='bbox 3730 1172 3831 1214; x_wconf 88' lang='lat' dir='ltr'><strong>nos</strong></span> <span class='ocrx_word' id='word_1_195' title='bbox 3890 1176 3897 1179; x_wconf 76' lang='lat'>&#39;</span> 
     </span>
    </p>
   </div>
   <div class='ocr_carea' id='block_1_28' title="bbox 2226 1242 3829 1317">
    <p class='ocr_par' dir='ltr' id='par_1_28' title="bbox 2226 1242 3829 1317">
     <span class='ocr_line' id='line_1_28' title="bbox 2226 1242 3829 1317; baseline -0.004 -11"><span class='ocrx_word' id='word_1_196' title='bbox 2226 1248 2763 1313; x_wconf 83' lang='lat' dir='ltr'><strong>reminiscamur;et</strong></span> <span class='ocrx_word' id='word_1_197' title='bbox 2791 1246 2838 1301; x_wconf 91' lang='lat' dir='ltr'><strong>si</strong></span> <span class='ocrx_word' id='word_1_198' title='bbox 2863 1245 3024 1301; x_wconf 92' lang='lat' dir='ltr'><strong>nobis</strong></span> <span class='ocrx_word' id='word_1_199' title='bbox 3047 1247 3133 1316; x_wconf 91' lang='lat' dir='ltr'><strong>(ut</strong></span> <span class='ocrx_word' id='word_1_200' title='bbox 3170 1244 3401 1316; x_wconf 88' lang='lat' dir='ltr'><strong>scimus)</strong></span> <span class='ocrx_word' id='word_1_201' title='bbox 3437 1260 3532 1317; x_wconf 87' lang='lat' dir='ltr'><strong>per</strong></span> <span class='ocrx_word' id='word_1_202' title='bbox 3550 1242 3829 1316; x_wconf 85' lang='lat' dir='ltr'><strong>judicium</strong></span> 
     </span>
    </p>
   </div>
   <div class='ocr_carea' id='block_1_29' title="bbox 2225 1334 3826 1411">
    <p class='ocr_par' dir='ltr' id='par_1_29' title="bbox 2225 1334 3826 1411">
     <span class='ocr_line' id='line_1_29' title="bbox 2225 1334 3826 1411; baseline -0.004 -13"><span class='ocrx_word' id='word_1_203' title='bbox 2225 1338 2572 1398; x_wconf 87' lang='lat' dir='ltr'><strong>sacerdotum</strong></span> <span class='ocrx_word' id='word_1_204' title='bbox 2604 1336 2882 1394; x_wconf 88' lang='lat' dir='ltr'><strong>donantur</strong></span> <span class='ocrx_word' id='word_1_205' title='bbox 2902 1334 3218 1411; x_wconf 81' lang='lat' dir='ltr'><strong>peccamina</strong></span> <span class='ocrx_word' id='word_1_206' title='bbox 3243 1341 3465 1392; x_wconf 89' lang='lat' dir='ltr'><strong>actuum</strong></span> <span class='ocrx_word' id='word_1_207' title='bbox 3488 1342 3826 1404; x_wconf 89' lang='lat' dir='ltr'><strong>nostrorum,</strong></span> 
     </span>
    </p>
   </div>
   <div class='ocr_carea' id='block_1_30' title="bbox 2225 1426 3830 1505">
    <p class='ocr_par' dir='ltr' id='par_1_30' title="bbox 2225 1426 3830 1505">
     <span class='ocr_line' id='line_1_30' title="bbox 2225 1426 3830 1505; baseline -0.003 -17"><span class='ocrx_word' id='word_1_208' title='bbox 2225 1446 2572 1505; x_wconf 90' lang='lat' dir='ltr'><strong>nequaquam</strong></span> <span class='ocrx_word' id='word_1_209' title='bbox 2602 1436 2785 1485; x_wconf 86' lang='lat' dir='ltr'><strong>tamen</strong></span> <span class='ocrx_word' id='word_1_210' title='bbox 2818 1427 2980 1484; x_wconf 92' lang='lat' dir='ltr'><strong>nobis</strong></span> <span class='ocrx_word' id='word_1_211' title='bbox 3020 1427 3168 1500; x_wconf 88' lang='lat' dir='ltr'><strong>parci</strong></span> <span class='ocrx_word' id='word_1_212' title='bbox 3197 1435 3473 1499; x_wconf 89' lang='lat' dir='ltr'><strong>putemus,</strong></span> <span class='ocrx_word' id='word_1_213' title='bbox 3504 1426 3676 1485; x_wconf 90' lang='lat' dir='ltr'><strong>donec</strong></span> <span class='ocrx_word' id='word_1_214' title='bbox 3714 1429 3830 1485; x_wconf 87' lang='lat' dir='ltr'><strong>Deo</strong></span> 
     </span>
    </p>
   </div>
   <div class='ocr_carea' id='block_1_31' title="bbox 2224 1516 3828 1593">
    <p class='ocr_par' dir='ltr' id='par_1_31' title="bbox 2224 1516 3828 1593">
     <span class='ocr_line' id='line_1_31' title="bbox 2224 1516 3828 1593; baseline -0.004 -15"><span class='ocrx_word' id='word_1_215' title='bbox 2224 1530 2288 1578; x_wconf 89' lang='lat' dir='ltr'><strong>ut</strong></span> <span class='ocrx_word' id='word_1_216' title='bbox 2316 1520 2545 1593; x_wconf 87' lang='lat' dir='ltr'><strong>dignum</strong></span> <span class='ocrx_word' id='word_1_217' title='bbox 2573 1526 2675 1588; x_wconf 81' lang='lat' dir='ltr'><strong>est,</strong></span> <span class='ocrx_word' id='word_1_218' title='bbox 2706 1526 2760 1575; x_wconf 94' lang='lat' dir='ltr'><strong>et</strong></span> <span class='ocrx_word' id='word_1_219' title='bbox 2787 1516 3109 1574; x_wconf 91' lang='lat' dir='ltr'><strong>hominibus</strong></span> <span class='ocrx_word' id='word_1_220' title='bbox 3136 1532 3273 1590; x_wconf 90' lang='lat' dir='ltr'><strong>quos</strong></span> <span class='ocrx_word' id='word_1_221' title='bbox 3304 1517 3564 1584; x_wconf 78' lang='lat' dir='ltr'><strong>laesimus,</strong></span> <span class='ocrx_word' id='word_1_222' title='bbox 3594 1517 3828 1574; x_wconf 85' lang='lat' dir='ltr'><strong>satisfa-</strong></span> 
     </span>
    </p>
   </div>
   <div class='ocr_carea' id='block_1_32' title="bbox 2224 1606 3829 1682">
    <p class='ocr_par' dir='ltr' id='par_1_32' title="bbox 2224 1606 3829 1682">
     <span class='ocr_line' id='line_1_32' title="bbox 2224 1606 3829 1682; baseline -0.002 -13"><span class='ocrx_word' id='word_1_223' title='bbox 2224 1611 2453 1678; x_wconf 90' lang='lat' dir='ltr'><strong>ciamus,</strong></span> <span class='ocrx_word' id='word_1_224' title='bbox 2485 1609 2719 1666; x_wconf 88' lang='lat' dir='ltr'><strong>scientes</strong></span> <span class='ocrx_word' id='word_1_225' title='bbox 2746 1606 2938 1682; x_wconf 88' lang='lat' dir='ltr'><strong>quanti</strong></span> <span class='ocrx_word' id='word_1_226' title='bbox 2970 1609 3115 1665; x_wconf 88' lang='lat' dir='ltr'><strong>Deus</strong></span> <span class='ocrx_word' id='word_1_227' title='bbox 3147 1606 3347 1664; x_wconf 85' lang='lat' dir='ltr'><strong>habeat</strong></span> <span class='ocrx_word' id='word_1_228' title='bbox 3373 1623 3561 1664; x_wconf 82' lang='lat' dir='ltr'><strong>servos</strong></span> <span class='ocrx_word' id='word_1_229' title='bbox 3586 1624 3744 1676; x_wconf 88' lang='lat' dir='ltr'><strong>suos,</strong></span> <span class='ocrx_word' id='word_1_230' title='bbox 3766 1606 3829 1665; x_wconf 88' lang='lat' dir='ltr'><strong>de</strong></span> 
     </span>
    </p>
   </div>
   <div class='ocr_carea' id='block_1_33' title="bbox 517 1688 3828 1778">
    <p class='ocr_par' dir='ltr' id='par_1_33' title="bbox 517 1688 3828 1778">
     <span class='ocr_line' id='line_1_33' title="bbox 517 1688 3828 1778; baseline 0.001 -26"><span class='ocrx_word' id='word_1_231' title='bbox 517 1695 818 1768; x_wconf 89' lang='lat' dir='ltr'><strong>impetrant</strong></span> <span class='ocrx_word' id='word_1_232' title='bbox 846 1711 878 1750; x_wconf 89' lang='lat' dir='ltr'><strong>a</strong></span> <span class='ocrx_word' id='word_1_233' title='bbox 905 1695 1019 1751; x_wconf 91' lang='lat' dir='ltr'><strong>Deo</strong></span> <span class='ocrx_word' id='word_1_234' title='bbox 1048 1694 1291 1750; x_wconf 82' lang='lat' dir='ltr'><strong>futuram</strong></span> <span class='ocrx_word' id='word_1_235' title='bbox 1325 1692 1630 1749; x_wconf 84' lang='lat' dir='ltr'><strong>vindictam</strong></span> <span class='ocrx_word' id='word_1_236' title='bbox 1675 1698 1787 1746; x_wconf 88' lang='lat' dir='ltr'><strong>tam</strong></span> <span class='ocrx_word' id='word_1_237' title='bbox 1834 1688 2109 1762; x_wconf 86' lang='lat' dir='ltr'><strong>propriam</strong></span> <span class='ocrx_word' id='word_1_238' title='bbox 2142 1719 2187 1778; x_wconf 79' lang='grc' dir='ltr'>Β</span> <span class='ocrx_word' id='word_1_239' title='bbox 2224 1701 2425 1776; x_wconf 69' lang='lat' dir='ltr'><strong>quibus</strong></span> <span class='ocrx_word' id='word_1_240' title='bbox 2453 1698 2628 1757; x_wconf 68' lang='lat' dir='ltr'><strong>dicit;</strong></span> <span class='ocrx_word' id='word_1_241' title='bbox 2663 1698 2766 1766; x_wconf 78' lang='lat' dir='ltr'><strong>Qui</strong></span> <span class='ocrx_word' id='word_1_242' title='bbox 2797 1698 2966 1769; x_wconf 79' lang='lat' dir='ltr'><strong>tangit</strong></span> <span class='ocrx_word' id='word_1_243' title='bbox 3010 1714 3121 1767; x_wconf 80' lang='lat' dir='ltr'><strong>vos,</strong></span> <span class='ocrx_word' id='word_1_244' title='bbox 3152 1697 3307 1769; x_wconf 86' lang='lat' dir='ltr'><strong>quasi</strong></span> <span class='ocrx_word' id='word_1_245' title='bbox 3331 1698 3425 1770; x_wconf 84' lang='lat' dir='ltr'><strong>qui</strong></span> <span class='ocrx_word' id='word_1_246' title='bbox 3456 1698 3622 1770; x_wconf 84' lang='lat' dir='ltr'><strong>tangit</strong></span> <span class='ocrx_word' id='word_1_247' title='bbox 3644 1698 3828 1771; x_wconf 83' lang='lat' dir='ltr'><strong>pupil.</strong></span> 
     </span>
    </p>
   </div>
   <div class='ocr_carea' id='block_1_34' title="bbox 518 1778 2113 1849">
    <p class='ocr_par' dir='ltr' id='par_1_34' title="bbox 518 1778 2113 1849">
     <span class='ocr_line' id='line_1_34' title="bbox 518 1778 2113 1849; baseline -0.004 -10"><span class='ocrx_word' id='word_1_248' title='bbox 518 1785 606 1839; x_wconf 89' lang='lat' dir='ltr'><strong>vel</strong></span> <span class='ocrx_word' id='word_1_249' title='bbox 637 1783 992 1839; x_wconf 88' lang='lat' dir='ltr'><strong>inimicorum</strong></span> <span class='ocrx_word' id='word_1_250' title='bbox 1021 1781 1278 1849; x_wconf 85' lang='lat' dir='ltr'><strong>relaxari,</strong></span> <span class='ocrx_word' id='word_1_251' title='bbox 1319 1798 1387 1837; x_wconf 92' lang='lat' dir='ltr'><strong>ne</strong></span> <span class='ocrx_word' id='word_1_252' title='bbox 1413 1780 1625 1837; x_wconf 84' lang='lat' dir='ltr'><strong>scilicet</strong></span> <span class='ocrx_word' id='word_1_253' title='bbox 1664 1779 1885 1835; x_wconf 73' lang='lat' dir='ltr'><strong>aeternis</strong></span> <span class='ocrx_word' id='word_1_254' title='bbox 1912 1778 2113 1835; x_wconf 81' lang='lat' dir='ltr'><strong>incen-</strong></span> 
     </span>
    </p>
   </div>
   <div class='ocr_carea' id='block_1_35' title="bbox 516 1867 2114 1945">
    <p class='ocr_par' dir='ltr' id='par_1_35' title="bbox 516 1867 2114 1945">
     <span class='ocr_line' id='line_1_35' title="bbox 516 1867 2114 1945; baseline -0.004 -16"><span class='ocrx_word' id='word_1_255' title='bbox 516 1872 625 1929; x_wconf 91' lang='lat' dir='ltr'><strong>diis</strong></span> <span class='ocrx_word' id='word_1_256' title='bbox 653 1872 1048 1945; x_wconf 89' lang='lat' dir='ltr'><strong>deposcantur;</strong></span> <span class='ocrx_word' id='word_1_257' title='bbox 1080 1888 1191 1927; x_wconf 92' lang='lat' dir='ltr'><strong>non</strong></span> <span class='ocrx_word' id='word_1_258' title='bbox 1220 1879 1403 1927; x_wconf 90' lang='lat' dir='ltr'><strong>tamen</strong></span> <span class='ocrx_word' id='word_1_259' title='bbox 1438 1870 1518 1926; x_wconf 91' lang='lat' dir='ltr'><strong>eis</strong></span> <span class='ocrx_word' id='word_1_260' title='bbox 1546 1869 1772 1941; x_wconf 88' lang='lat' dir='ltr'><strong>impune</strong></span> <span class='ocrx_word' id='word_1_261' title='bbox 1802 1867 1992 1925; x_wconf 91' lang='lat' dir='ltr'><strong>cedere</strong></span> <span class='ocrx_word' id='word_1_262' title='bbox 2022 1884 2114 1922; x_wconf 84' lang='lat' dir='ltr'><strong>vo-</strong></span> 
     </span>
    </p>
   </div>
   <div class='ocr_carea' id='block_1_36' title="bbox 517 1954 2114 2032">
    <p class='ocr_par' dir='ltr' id='par_1_36' title="bbox 517 1954 2114 2032">
     <span class='ocr_line' id='line_1_36' title="bbox 517 1954 2114 2032; baseline -0.004 -16"><span class='ocrx_word' id='word_1_263' title='bbox 517 1961 641 2016; x_wconf 90' lang='lat' dir='ltr'><strong>lunt</strong></span> <span class='ocrx_word' id='word_1_264' title='bbox 669 1976 789 2032; x_wconf 65' lang='lat' dir='ltr'><strong>qua)</strong></span> <span class='ocrx_word' id='word_1_265' title='bbox 818 1961 905 2015; x_wconf 93' lang='lat' dir='ltr'><strong>vel</strong></span> <span class='ocrx_word' id='word_1_266' title='bbox 937 1960 995 2015; x_wconf 92' lang='lat' dir='ltr'><strong>in</strong></span> <span class='ocrx_word' id='word_1_267' title='bbox 1024 1960 1220 2028; x_wconf 91' lang='lat' dir='ltr'><strong>Deum,</strong></span> <span class='ocrx_word' id='word_1_268' title='bbox 1253 1961 1341 2015; x_wconf 86' lang='lat' dir='ltr'><strong>vel</strong></span> <span class='ocrx_word' id='word_1_269' title='bbox 1381 1959 1440 2014; x_wconf 91' lang='lat' dir='ltr'><strong>in</strong></span> <span class='ocrx_word' id='word_1_270' title='bbox 1482 1958 1765 2029; x_wconf 85' lang='lat' dir='ltr'><strong>proximos</strong></span> <span class='ocrx_word' id='word_1_271' title='bbox 1789 1954 2114 2013; x_wconf 91' lang='lat' dir='ltr'><strong>commisere</strong></span> 
     </span>
    </p>
   </div>
   <div class='ocr_carea' id='block_1_37' title="bbox 454 2044 2115 2129">
    <p class='ocr_par' dir='ltr' id='par_1_37' title="bbox 454 2044 2115 2129">
     <span class='ocr_line' id='line_1_37' title="bbox 454 2044 2115 2129; baseline -0.001 -25"><span class='ocrx_word' id='word_1_272' title='bbox 454 2075 464 2083; x_wconf 93' lang='lat'><strong>-</strong></span> <span class='ocrx_word' id='word_1_273' title='bbox 516 2049 745 2119; x_wconf 80' lang='lat' dir='ltr'><strong>flagitia,</strong></span> <span class='ocrx_word' id='word_1_274' title='bbox 769 2047 865 2104; x_wconf 86' lang='lat' dir='ltr'><strong>sed</strong></span> <span class='ocrx_word' id='word_1_275' title='bbox 895 2055 1107 2119; x_wconf 88' lang='lat' dir='ltr'><strong>oportet</strong></span> <span class='ocrx_word' id='word_1_276' title='bbox 1132 2056 1189 2104; x_wconf 90' lang='lat' dir='ltr'><strong>et</strong></span> <span class='ocrx_word' id='word_1_277' title='bbox 1212 2048 1281 2103; x_wconf 92' lang='lat' dir='ltr'><strong>ab</strong></span> <span class='ocrx_word' id='word_1_278' title='bbox 1310 2048 1389 2104; x_wconf 89' lang='lat' dir='ltr'><strong>eis</strong></span> <span class='ocrx_word' id='word_1_279' title='bbox 1414 2048 1644 2119; x_wconf 85' lang='lat' dir='ltr'><strong>implere</strong></span> <span class='ocrx_word' id='word_1_280' title='bbox 1673 2044 1822 2119; x_wconf 87' lang='lat' dir='ltr'><strong>quod</strong></span> <span class='ocrx_word' id='word_1_281' title='bbox 1848 2044 1927 2101; x_wconf 89' lang='lat' dir='ltr'><strong>ait</strong></span> <span class='ocrx_word' id='word_1_282' title='bbox 1953 2047 2115 2129; x_wconf 50' lang='lat' dir='ltr'><strong>Apof-</strong></span> 
     </span>
    </p>
   </div>
   <div class='ocr_carea' id='block_1_38' title="bbox 514 2133 2115 2206">
    <p class='ocr_par' dir='ltr' id='par_1_38' title="bbox 514 2133 2115 2206">
     <span class='ocr_line' id='line_1_38' title="bbox 514 2133 2115 2206; baseline 0 -17"><span class='ocrx_word' id='word_1_283' title='bbox 514 2134 722 2190; x_wconf 86' lang='lat' dir='ltr'><strong>stolus:</strong></span> <span class='ocrx_word' id='word_1_284' title='bbox 771 2135 830 2191; x_wconf 87' lang='lat' dir='ltr'><strong>Si</strong></span> <span class='ocrx_word' id='word_1_285' title='bbox 846 2135 1186 2206; x_wconf 87' lang='lat' dir='ltr'><strong>nosmetipsos</strong></span> <span class='ocrx_word' id='word_1_286' title='bbox 1223 2134 1611 2204; x_wconf 82' lang='lat' dir='ltr'><strong>judicaremus,</strong></span> <span class='ocrx_word' id='word_1_287' title='bbox 1657 2152 1763 2191; x_wconf 86' lang='lat' dir='ltr'><strong>non</strong></span> <span class='ocrx_word' id='word_1_288' title='bbox 1810 2136 1988 2206; x_wconf 80' lang='lat' dir='ltr'><strong>utique</strong></span> <span class='ocrx_word' id='word_1_289' title='bbox 2007 2133 2115 2204; x_wconf 87' lang='lat' dir='ltr'><strong>ju-</strong></span> 
     </span>
    </p>
   </div>
   <div class='ocr_carea' id='block_1_39' title="bbox 516 2223 2112 2293">
    <p class='ocr_par' dir='ltr' id='par_1_39' title="bbox 516 2223 2112 2293">
     <span class='ocr_line' id='line_1_39' title="bbox 516 2223 2112 2293; baseline -0.001 -12"><span class='ocrx_word' id='word_1_290' title='bbox 516 2224 855 2281; x_wconf 84' lang='lat' dir='ltr'><strong>dicaremur:</strong></span> <span class='ocrx_word' id='word_1_291' title='bbox 885 2225 1010 2280; x_wconf 89' lang='lat' dir='ltr'><strong>dum</strong></span> <span class='ocrx_word' id='word_1_292' title='bbox 1028 2223 1346 2293; x_wconf 81' lang='lat' dir='ltr'><strong>judicamur</strong></span> <span class='ocrx_word' id='word_1_293' title='bbox 1375 2230 1569 2288; x_wconf 88' lang='lat' dir='ltr'><strong>autem,</strong></span> <span class='ocrx_word' id='word_1_294' title='bbox 1601 2242 1636 2280; x_wconf 90' lang='lat' dir='ltr'><strong>a</strong></span> <span class='ocrx_word' id='word_1_295' title='bbox 1682 2224 1909 2281; x_wconf 85' lang='lat' dir='ltr'><strong>Domino</strong></span> <span class='ocrx_word' id='word_1_296' title='bbox 1946 2224 2112 2280; x_wconf 82' lang='lat' dir='ltr'><strong>corri-</strong></span> 
     </span>
    </p>
   </div>
   <div class='ocr_carea' id='block_1_40' title="bbox 511 2314 2109 2388">
    <p class='ocr_par' dir='ltr' id='par_1_40' title="bbox 511 2314 2109 2388">
     <span class='ocr_line' id='line_1_40' title="bbox 511 2314 2109 2388; baseline -0.003 -16"><span class='ocrx_word' id='word_1_297' title='bbox 511 2316 718 2388; x_wconf 85' lang='lat' dir='ltr'><strong>pimur,</strong></span> <span class='ocrx_word' id='word_1_298' title='bbox 742 2321 926 2371; x_wconf 85' lang='lat' dir='ltr'><strong>utnon</strong></span> <span class='ocrx_word' id='word_1_299' title='bbox 944 2332 1061 2370; x_wconf 87' lang='lat' dir='ltr'><strong>cum</strong></span> <span class='ocrx_word' id='word_1_300' title='bbox 1080 2314 1175 2369; x_wconf 79' lang='lat' dir='ltr'><strong>hoc</strong></span> <span class='ocrx_word' id='word_1_301' title='bbox 1195 2314 1388 2371; x_wconf 88' lang='lat' dir='ltr'><strong>mundo</strong></span> <span class='ocrx_word' id='word_1_302' title='bbox 1410 2315 1724 2370; x_wconf 75' lang='lat' dir='ltr'><strong>damnamur</strong></span> <span class='ocrx_word' id='word_1_303' title='bbox 1761 2315 1820 2386; x_wconf 83' lang='grc' dir='ltr'><strong>(Ι</strong></span> <span class='ocrx_word' id='word_1_304' title='bbox 1843 2314 1968 2370; x_wconf 88' lang='lat' dir='ltr'><strong>Cor.</strong></span> <span class='ocrx_word' id='word_1_305' title='bbox 2002 2314 2109 2384; x_wconf 76' lang='lat' dir='ltr'><strong>x1).</strong></span> 
     </span>
    </p>
   </div>
   <div class='ocr_carea' id='block_1_41' title="bbox 514 2403 2114 2495">
    <p class='ocr_par' dir='ltr' id='par_1_41' title="bbox 514 2403 2114 2495">
     <span class='ocr_line' id='line_1_41' title="bbox 514 2403 2114 2495; baseline -0.001 -33"><span class='ocrx_word' id='word_1_306' title='bbox 514 2407 660 2495; x_wconf 68' lang='lat' dir='ltr'><strong>llinc</strong></span> <span class='ocrx_word' id='word_1_307' title='bbox 688 2413 769 2464; x_wconf 87' lang='lat' dir='ltr'><strong>est</strong></span> <span class='ocrx_word' id='word_1_308' title='bbox 798 2404 946 2480; x_wconf 88' lang='lat' dir='ltr'><strong>quod</strong></span> <span class='ocrx_word' id='word_1_309' title='bbox 966 2403 1144 2464; x_wconf 79' lang='lat' dir='ltr'><strong>David</strong></span> <span class='ocrx_word' id='word_1_310' title='bbox 1174 2421 1428 2478; x_wconf 87' lang='lat' dir='ltr'><strong>peccans,</strong></span> <span class='ocrx_word' id='word_1_311' title='bbox 1464 2412 1519 2462; x_wconf 89' lang='lat' dir='ltr'><strong>et</strong></span> <span class='ocrx_word' id='word_1_312' title='bbox 1546 2421 1731 2464; x_wconf 87' lang='lat' dir='ltr'><strong>coram</strong></span> <span class='ocrx_word' id='word_1_313' title='bbox 1769 2420 1827 2462; x_wconf 90' lang='lat' dir='ltr'><strong>se</strong></span> <span class='ocrx_word' id='word_1_314' title='bbox 1853 2411 2114 2476; x_wconf 88' lang='lat' dir='ltr'><strong>arguente</strong></span> 
     </span>
    </p>
   </div>
   <div class='ocr_carea' id='block_1_42' title="bbox 2227 1788 3827 1862">
    <p class='ocr_par' dir='ltr' id='par_1_42' title="bbox 2227 1788 3827 1862">
     <span class='ocr_line' id='line_1_42' title="bbox 2227 1788 3827 1862; baseline -0.001 -15"><span class='ocrx_word' id='word_1_315' title='bbox 2227 1793 2334 1847; x_wconf 83' lang='lat' dir='ltr'><strong>lum</strong></span> <span class='ocrx_word' id='word_1_316' title='bbox 2354 1791 2494 1847; x_wconf 90' lang='lat' dir='ltr'><strong>oculi</strong></span> <span class='ocrx_word' id='word_1_317' title='bbox 2524 1790 2624 1845; x_wconf 90' lang='lat' dir='ltr'><strong>mei</strong></span> <span class='ocrx_word' id='word_1_318' title='bbox 2657 1789 2845 1860; x_wconf 87' lang='lat' dir='ltr'><strong>(Zach.</strong></span> <span class='ocrx_word' id='word_1_319' title='bbox 2882 1789 2968 1862; x_wconf 78' lang='grc' dir='ltr'><strong>ιι).</strong></span> <span class='ocrx_word' id='word_1_320' title='bbox 2994 1789 3111 1845; x_wconf 90' lang='lat' dir='ltr'><strong>lmo</strong></span> <span class='ocrx_word' id='word_1_321' title='bbox 3138 1788 3472 1846; x_wconf 86' lang='lat' dir='ltr'><strong>honorantes</strong></span> <span class='ocrx_word' id='word_1_322' title='bbox 3502 1804 3593 1846; x_wconf 89' lang='lat' dir='ltr'><strong>eos</strong></span> <span class='ocrx_word' id='word_1_323' title='bbox 3615 1788 3674 1845; x_wconf 91' lang='lat' dir='ltr'><strong>in</strong></span> <span class='ocrx_word' id='word_1_324' title='bbox 3709 1790 3827 1862; x_wconf 89' lang='lat' dir='ltr'><strong>qui-</strong></span> 
     </span>
    </p>
   </div>
   <div class='ocr_carea' id='block_1_43' title="bbox 2222 1877 3827 1952">
    <p class='ocr_par' dir='ltr' id='par_1_43' title="bbox 2222 1877 3827 1952">
     <span class='ocr_line' id='line_1_43' title="bbox 2222 1877 3827 1952; baseline -0.003 -17"><span class='ocrx_word' id='word_1_325' title='bbox 2222 1878 2326 1936; x_wconf 88' lang='lat' dir='ltr'><strong>bus</strong></span> <span class='ocrx_word' id='word_1_326' title='bbox 2356 1878 2602 1937; x_wconf 88' lang='lat' dir='ltr'><strong>habitare</strong></span> <span class='ocrx_word' id='word_1_327' title='bbox 2630 1880 2807 1936; x_wconf 90' lang='lat' dir='ltr'><strong>Deum</strong></span> <span class='ocrx_word' id='word_1_328' title='bbox 2834 1895 2929 1952; x_wconf 89' lang='lat' dir='ltr'><strong>per</strong></span> <span class='ocrx_word' id='word_1_329' title='bbox 2972 1878 3161 1948; x_wconf 88' lang='lat' dir='ltr'><strong>ﬁdem,</strong></span> <span class='ocrx_word' id='word_1_330' title='bbox 3211 1885 3513 1952; x_wconf 78' lang='lat' dir='ltr'><strong>caeteraque</strong></span> <span class='ocrx_word' id='word_1_331' title='bbox 3549 1877 3827 1934; x_wconf 86' lang='lat' dir='ltr'><strong>bonorum</strong></span> 
     </span>
    </p>
   </div>
   <div class='ocr_carea' id='block_1_44' title="bbox 2223 1966 3825 2043">
    <p class='ocr_par' dir='ltr' id='par_1_44' title="bbox 2223 1966 3825 2043">
     <span class='ocr_line' id='line_1_44' title="bbox 2223 1966 3825 2043; baseline -0.004 -16"><span class='ocrx_word' id='word_1_332' title='bbox 2223 1986 2453 2043; x_wconf 90' lang='lat' dir='ltr'><strong>operum</strong></span> <span class='ocrx_word' id='word_1_333' title='bbox 2482 1968 2748 2026; x_wconf 88' lang='lat' dir='ltr'><strong>exercitia</strong></span> <span class='ocrx_word' id='word_1_334' title='bbox 2789 1970 3131 2038; x_wconf 90' lang='lat' dir='ltr'><strong>noverimus,</strong></span> <span class='ocrx_word' id='word_1_335' title='bbox 3185 1968 3476 2025; x_wconf 86' lang='lat' dir='ltr'><strong>audiamus</strong></span> <span class='ocrx_word' id='word_1_336' title='bbox 3502 1966 3570 2023; x_wconf 88' lang='lat' dir='ltr'><strong>ab</strong></span> <span class='ocrx_word' id='word_1_337' title='bbox 3598 1983 3661 2023; x_wconf 93' lang='lat' dir='ltr'><strong>eo</strong></span> <span class='ocrx_word' id='word_1_338' title='bbox 3689 1986 3702 2023; x_wconf 91' lang='lat'>:</span> <span class='ocrx_word' id='word_1_339' title='bbox 3748 1966 3825 2025; x_wconf 65' lang='grc' dir='ltr'><strong>η.</strong></span> 
     </span>
    </p>
   </div>
   <div class='ocr_carea' id='block_1_45' title="bbox 2222 2057 3823 2131">
    <p class='ocr_par' dir='ltr' id='par_1_45' title="bbox 2222 2057 3823 2131">
     <span class='ocr_line' id='line_1_45' title="bbox 2222 2057 3823 2131; baseline -0.002 -17"><span class='ocrx_word' id='word_1_340' title='bbox 2222 2059 2346 2126; x_wconf 86' lang='lat' dir='ltr'><strong>nite,</strong></span> <span class='ocrx_word' id='word_1_341' title='bbox 2370 2057 2618 2114; x_wconf 84' lang='lat' dir='ltr'><strong>benedicti</strong></span> <span class='ocrx_word' id='word_1_342' title='bbox 2645 2058 2832 2114; x_wconf 82' lang='lat' dir='ltr'><strong>Patris</strong></span> <span class='ocrx_word' id='word_1_343' title='bbox 2859 2058 2961 2114; x_wconf 90' lang='lat' dir='ltr'><strong>mei</strong></span> <span class='ocrx_word' id='word_1_344' title='bbox 2992 2060 3208 2131; x_wconf 81' lang='lat' dir='ltr'><strong>(Matth.</strong></span> <span class='ocrx_word' id='word_1_345' title='bbox 3240 2059 3402 2130; x_wconf 83' lang='lat' dir='ltr'><strong>xxv).</strong></span> <span class='ocrx_word' id='word_1_346' title='bbox 3434 2059 3506 2114; x_wconf 88' lang='lat' dir='ltr'><strong>Et</strong></span> <span class='ocrx_word' id='word_1_347' title='bbox 3540 2065 3669 2115; x_wconf 83' lang='lat' dir='ltr'><strong>tunc</strong></span> <span class='ocrx_word' id='word_1_348' title='bbox 3698 2073 3823 2113; x_wconf 88' lang='lat' dir='ltr'><strong>cum</strong></span> 
     </span>
    </p>
   </div>
   <div class='ocr_carea' id='block_1_46' title="bbox 2222 2146 3824 2221">
    <p class='ocr_par' dir='ltr' id='par_1_46' title="bbox 2222 2146 3824 2221">
     <span class='ocr_line' id='line_1_46' title="bbox 2222 2146 3824 2221; baseline -0.003 -15"><span class='ocrx_word' id='word_1_349' title='bbox 2222 2166 2286 2206; x_wconf 92' lang='lat' dir='ltr'><strong>eo</strong></span> <span class='ocrx_word' id='word_1_350' title='bbox 2317 2150 2474 2205; x_wconf 89' lang='lat' dir='ltr'><strong>Patre</strong></span> <span class='ocrx_word' id='word_1_351' title='bbox 2504 2146 2622 2220; x_wconf 85' lang='lat' dir='ltr'><strong>ejus</strong></span> <span class='ocrx_word' id='word_1_352' title='bbox 2650 2156 2704 2204; x_wconf 89' lang='lat' dir='ltr'><strong>et</strong></span> <span class='ocrx_word' id='word_1_353' title='bbox 2728 2147 2940 2221; x_wconf 89' lang='lat' dir='ltr'><strong>Spiritu</strong></span> <span class='ocrx_word' id='word_1_354' title='bbox 2985 2158 3173 2206; x_wconf 90' lang='lat' dir='ltr'><strong>sancto</strong></span> <span class='ocrx_word' id='word_1_355' title='bbox 3220 2163 3446 2221; x_wconf 90' lang='lat' dir='ltr'><strong>regnare</strong></span> <span class='ocrx_word' id='word_1_356' title='bbox 3494 2162 3824 2215; x_wconf 82' lang='lat' dir='ltr'><strong>mereamur,</strong></span> 
     </span>
    </p>
   </div>
   <div class='ocr_carea' id='block_1_47' title="bbox 2222 2237 3825 2313">
    <p class='ocr_par' dir='ltr' id='par_1_47' title="bbox 2222 2237 3825 2313">
     <span class='ocr_line' id='line_1_47' title="bbox 2222 2237 3825 2313; baseline -0.001 -18"><span class='ocrx_word' id='word_1_357' title='bbox 2222 2238 2341 2312; x_wconf 91' lang='lat' dir='ltr'><strong>ipso</strong></span> <span class='ocrx_word' id='word_1_358' title='bbox 2369 2238 2695 2308; x_wconf 87' lang='lat' dir='ltr'><strong>auxiliante,</strong></span> <span class='ocrx_word' id='word_1_359' title='bbox 2727 2238 2887 2311; x_wconf 88' lang='lat' dir='ltr'><strong>cujus</strong></span> <span class='ocrx_word' id='word_1_360' title='bbox 2918 2256 3148 2312; x_wconf 90' lang='lat' dir='ltr'><strong>regnum</strong></span> <span class='ocrx_word' id='word_1_361' title='bbox 3182 2248 3236 2297; x_wconf 90' lang='lat' dir='ltr'><strong>et</strong></span> <span class='ocrx_word' id='word_1_362' title='bbox 3256 2239 3554 2313; x_wconf 85' lang='lat' dir='ltr'><strong>imperium</strong></span> <span class='ocrx_word' id='word_1_363' title='bbox 3575 2238 3698 2294; x_wconf 88' lang='lat' dir='ltr'><strong>sine</strong></span> <span class='ocrx_word' id='word_1_364' title='bbox 3718 2237 3825 2293; x_wconf 90' lang='lat' dir='ltr'><strong>ﬁne</strong></span> 
     </span>
    </p>
   </div>
   <div class='ocr_carea' id='block_1_48' title="bbox 2222 2328 3430 2404">
    <p class='ocr_par' dir='ltr' id='par_1_48' title="bbox 2222 2328 3430 2404">
     <span class='ocr_line' id='line_1_48' title="bbox 2222 2328 3430 2404; baseline 0 -18"><span class='ocrx_word' id='word_1_365' title='bbox 2222 2337 2504 2404; x_wconf 83' lang='lat' dir='ltr'><strong>permanet</strong></span> <span class='ocrx_word' id='word_1_366' title='bbox 2532 2328 2592 2387; x_wconf 91' lang='lat' dir='ltr'><strong>in</strong></span> <span class='ocrx_word' id='word_1_367' title='bbox 2618 2330 2819 2388; x_wconf 66' lang='lat' dir='ltr'><strong>saecula</strong></span> <span class='ocrx_word' id='word_1_368' title='bbox 2846 2330 3196 2388; x_wconf 59' lang='lat' dir='ltr'><strong>sucularum.</strong></span> <span class='ocrx_word' id='word_1_369' title='bbox 3231 2333 3430 2386; x_wconf 81' lang='lat' dir='ltr'><strong>Amen.</strong></span> 
     </span>
    </p>
   </div>
   <div class='ocr_carea' id='block_1_49' title="bbox 1723 2725 2620 2777">
    <p class='ocr_par' dir='ltr' id='par_1_49' title="bbox 1723 2725 2620 2777">
     <span class='ocr_line' id='line_1_49' title="bbox 1723 2725 2620 2777; baseline -0.002 0"><span class='ocrx_word' id='word_1_370' title='bbox 1723 2726 1891 2777; x_wconf 77' lang='lat' dir='ltr'><strong>ATNO</strong></span> <span class='ocrx_word' id='word_1_371' title='bbox 1933 2726 2157 2777; x_wconf 78' lang='lat' dir='ltr'><strong>DOMINI</strong></span> <span class='ocrx_word' id='word_1_372' title='bbox 2196 2725 2620 2776; x_wconf 78' lang='lat' dir='ltr'><strong>DCCCLXXVIII.</strong></span> 
     </span>
    </p>
   </div>
   <div class='ocr_carea' id='block_1_50' title="bbox 1457 2882 2962 3058">
    <p class='ocr_par' dir='ltr' id='par_1_50' title="bbox 1457 2882 2962 3058">
     <span class='ocr_line' id='line_1_50' title="bbox 1457 2882 2962 3058; baseline 0.002 -3"><span class='ocrx_word' id='word_1_373' title='bbox 1457 2882 2859 3058; x_wconf 81' lang='lat' dir='ltr'><strong>HINCMARUS</strong></span> <span class='ocrx_word' id='word_1_374' title='bbox 2950 2908 2962 2924; x_wconf 87' lang='grc'><em>’</em></span> 
     </span>
    </p>
   </div>
   <div class='ocr_carea' id='block_1_51' title="bbox 1702 3125 2625 3187">
    <p class='ocr_par' dir='ltr' id='par_1_51' title="bbox 1702 3125 2625 3187">
     <span class='ocr_line' id='line_1_51' title="bbox 1702 3125 2625 3187; baseline -0.001 -1"><span class='ocrx_word' id='word_1_375' title='bbox 1702 3127 2189 3187; x_wconf 84' lang='lat' dir='ltr'><strong>LAUDUNENSIS</strong></span> <span class='ocrx_word' id='word_1_376' title='bbox 2225 3125 2625 3185; x_wconf 85' lang='lat' dir='ltr'><strong>EPISCOPUS.</strong></span> 
     </span>
    </p>
   </div>
   <div class='ocr_carea' id='block_1_52' title="bbox 1302 3341 3011 3421">
    <p class='ocr_par' dir='ltr' id='par_1_52' title="bbox 1302 3341 3011 3421">
     <span class='ocr_line' id='line_1_52' title="bbox 1302 3341 3011 3421; baseline -0.002 -1"><span class='ocrx_word' id='word_1_377' title='bbox 1302 3343 1657 3420; x_wconf 80' lang='grc' dir='ltr'><strong>ΝΟΤΙΤΙΑ</strong></span> <span class='ocrx_word' id='word_1_378' title='bbox 1731 3342 2209 3421; x_wconf 81' lang='lat' dir='ltr'><strong>HISTORICA</strong></span> <span class='ocrx_word' id='word_1_379' title='bbox 2283 3344 2373 3417; x_wconf 86' lang='grc' dir='ltr'><strong>ΙΝ</strong></span> <span class='ocrx_word' id='word_1_380' title='bbox 2446 3341 3011 3418; x_wconf 84' lang='lat' dir='ltr'><strong>HINCMARUM.</strong></span> 
     </span>
    </p>
   </div>
   <div class='ocr_carea' id='block_1_53' title="bbox 1134 3475 3185 3553">
    <p class='ocr_par' dir='ltr' id='par_1_53' title="bbox 1134 3475 3185 3553">
     <span class='ocr_line' id='line_1_53' title="bbox 1134 3475 3185 3553; baseline -0.002 -16"><span class='ocrx_word' id='word_1_381' title='bbox 1134 3479 1244 3553; x_wconf 90' lang='lat' dir='ltr'><strong>(Ex</strong></span> <span class='ocrx_word' id='word_1_382' title='bbox 1277 3478 1522 3553; x_wconf 87' lang='lat' dir='ltr'><strong>ejusdem</strong></span> <span class='ocrx_word' id='word_1_383' title='bbox 1546 3477 1694 3547; x_wconf 83' lang='lat' dir='ltr'><strong>Vita,</strong></span> <span class='ocrx_word' id='word_1_384' title='bbox 1728 3494 1893 3552; x_wconf 85' lang='lat' dir='ltr'><strong>quam</strong></span> <span class='ocrx_word' id='word_1_385' title='bbox 1924 3476 2145 3550; x_wconf 86' lang='lat' dir='ltr'><strong>scripsit</strong></span> <span class='ocrx_word' id='word_1_386' title='bbox 2172 3476 2461 3546; x_wconf 90' lang='lat' dir='ltr'><strong>Cellotius,</strong></span> <span class='ocrx_word' id='word_1_387' title='bbox 2489 3475 2877 3551; x_wconf 90' lang='lat' dir='ltr'><strong>compendiose</strong></span> <span class='ocrx_word' id='word_1_388' title='bbox 2907 3475 3185 3547; x_wconf 91' lang='lat' dir='ltr'><strong>collecta.)</strong></span> 
     </span>
    </p>
   </div>
   <div class='ocr_carea' id='block_1_54' title="bbox 1948 3610 2373 3624">
    <p class='ocr_par' dir='ltr' id='par_1_54' title="bbox 1948 3610 2373 3624">
     <span class='ocr_line' id='line_1_54' title="bbox 1948 3610 2373 3624; baseline 0 -1"><span class='ocrx_word' id='word_1_389' title='bbox 1948 3610 2373 3624; x_wconf 72' lang='lat'><strong>———_</strong></span> 
     </span>
    </p>
   </div>
   <div class='ocr_carea' id='block_1_55' title="bbox 1245 3710 1356 3782">
    <p class='ocr_par' dir='ltr' id='par_1_55' title="bbox 1245 3710 1356 3782">
     <span class='ocr_line' id='line_1_55' title="bbox 1245 3710 1356 3782; baseline 0 -16"><span class='ocrx_word' id='word_1_390' title='bbox 1245 3710 1356 3782; x_wconf 74' lang='lat' dir='ltr'><strong>g1.</strong></span> 
     </span>
    </p>
   </div>
   <div class='ocr_carea' id='block_1_56' title="bbox 666 3813 1936 3887">
    <p class='ocr_par' dir='ltr' id='par_1_56' title="bbox 666 3813 1936 3887">
     <span class='ocr_line' id='line_1_56' title="bbox 666 3813 1936 3887; baseline -0.003 -12"><span class='ocrx_word' id='word_1_391' title='bbox 666 3815 944 3875; x_wconf 83' lang='lat' dir='ltr'><strong>Hincmari</strong></span> <span class='ocrx_word' id='word_1_392' title='bbox 961 3813 1202 3887; x_wconf 84' lang='lat' dir='ltr'><strong>junioris</strong></span> <span class='ocrx_word' id='word_1_393' title='bbox 1230 3817 1486 3885; x_wconf 82' lang='lat' dir='ltr'><strong>educatio,</strong></span> <span class='ocrx_word' id='word_1_394' title='bbox 1517 3816 1720 3887; x_wconf 83' lang='lat' dir='ltr'><strong>studia,</strong></span> <span class='ocrx_word' id='word_1_395' title='bbox 1746 3833 1936 3873; x_wconf 87' lang='lat' dir='ltr'><strong>mores.</strong></span> 
     </span>
    </p>
   </div>
   <div class='ocr_carea' id='block_1_57' title="bbox 578 3921 2105 3998">
    <p class='ocr_par' dir='ltr' id='par_1_57' title="bbox 578 3921 2105 3998">
     <span class='ocr_line' id='line_1_57' title="bbox 578 3921 2105 3998; baseline -0.007 -12"><span class='ocrx_word' id='word_1_396' title='bbox 578 3928 906 3986; x_wconf 86' lang='lat' dir='ltr'><strong>Hincmarus</strong></span> <span class='ocrx_word' id='word_1_397' title='bbox 919 3924 1134 3998; x_wconf 79' lang='lat' dir='ltr'><strong>junior,</strong></span> <span class='ocrx_word' id='word_1_398' title='bbox 1166 3924 1226 3998; x_wconf 82' lang='lat' dir='ltr'><strong>in</strong></span> <span class='ocrx_word' id='word_1_399' title='bbox 1255 3939 1384 3998; x_wconf 82' lang='lat' dir='ltr'><strong>agro</strong></span> <span class='ocrx_word' id='word_1_400' title='bbox 1405 3921 1743 3979; x_wconf 90' lang='lat' dir='ltr'><strong>Bononiensi</strong></span> <span class='ocrx_word' id='word_1_401' title='bbox 1772 3928 1953 3987; x_wconf 87' lang='lat' dir='ltr'><strong>natus,</strong></span> <span class='ocrx_word' id='word_1_402' title='bbox 1976 3936 2105 3998; x_wconf 73' lang='lat' dir='ltr'><strong>ma-</strong></span> 
     </span>
    </p>
   </div>
   <div class='ocr_carea' id='block_1_58' title="bbox 503 3992 2102 4066">
    <p class='ocr_par' dir='ltr' id='par_1_58' title="bbox 503 3992 2102 4066">
     <span class='ocr_line' id='line_1_58' title="bbox 503 3992 2102 4066; baseline -0.006 -9"><span class='ocrx_word' id='word_1_403' title='bbox 503 4008 589 4057; x_wconf 91' lang='lat' dir='ltr'><strong>tre</strong></span> <span class='ocrx_word' id='word_1_404' title='bbox 650 3992 938 4055; x_wconf 81' lang='lat' dir='ltr'><strong>Hincmari</strong></span> <span class='ocrx_word' id='word_1_405' title='bbox 985 3994 1381 4066; x_wconf 86' lang='lat' dir='ltr'><strong>archiepiscopi</strong></span> <span class='ocrx_word' id='word_1_406' title='bbox 1456 4009 1677 4062; x_wconf 87' lang='lat' dir='ltr'><strong>sorore,</strong></span> <span class='ocrx_word' id='word_1_407' title='bbox 1740 4001 1891 4066; x_wconf 84' lang='lat' dir='ltr'><strong>patre</strong></span> <span class='ocrx_word' id='word_1_408' title='bbox 1941 3992 2102 4048; x_wconf 89' lang='lat' dir='ltr'><strong>nobis</strong></span> 
     </span>
    </p>
   </div>
   <div class='ocr_carea' id='block_1_59' title="bbox 505 4065 2098 4153">
    <p class='ocr_par' dir='ltr' id='par_1_59' title="bbox 505 4065 2098 4153">
     <span class='ocr_line' id='line_1_59' title="bbox 505 4065 2098 4153; baseline -0.005 -26"><span class='ocrx_word' id='word_1_409' title='bbox 505 4070 694 4153; x_wconf 69' lang='lat' dir='ltr'><strong>ignoto</strong></span> <span class='ocrx_word' id='word_1_410' title='bbox 723 4070 791 4125; x_wconf 90' lang='lat' dir='ltr'><strong>de</strong></span> <span class='ocrx_word' id='word_1_411' title='bbox 819 4067 1061 4147; x_wconf 83' lang='lat' dir='ltr'><strong>nomine,</strong></span> <span class='ocrx_word' id='word_1_412' title='bbox 1095 4065 1397 4148; x_wconf 78' lang='lat' dir='ltr'><strong>nobilibus,</strong></span> <span class='ocrx_word' id='word_1_413' title='bbox 1430 4073 1485 4121; x_wconf 90' lang='lat' dir='ltr'><strong>at</strong></span> <span class='ocrx_word' id='word_1_414' title='bbox 1512 4082 1621 4147; x_wconf 81' lang='lat' dir='ltr'><strong>non</strong></span> <span class='ocrx_word' id='word_1_415' title='bbox 1647 4065 1889 4153; x_wconf 69' lang='lat' dir='ltr'><strong>copiosis</strong></span> <span class='ocrx_word' id='word_1_416' title='bbox 1910 4081 2098 4145; x_wconf 77' lang='lat' dir='ltr'><strong>paren-</strong></span> 
     </span>
    </p>
   </div>
   <div class='ocr_carea' id='block_1_60' title="bbox 503 4135 2098 4210">
    <p class='ocr_par' dir='ltr' id='par_1_60' title="bbox 503 4135 2098 4210">
     <span class='ocr_line' id='line_1_60' title="bbox 503 4135 2098 4210; baseline -0.004 -13"><span class='ocrx_word' id='word_1_417' title='bbox 503 4135 674 4208; x_wconf 77' lang='lat' dir='ltr'><strong>tibus,</strong></span> <span class='ocrx_word' id='word_1_418' title='bbox 741 4148 911 4195; x_wconf 88' lang='lat' dir='ltr'><strong>matre</strong></span> <span class='ocrx_word' id='word_1_419' title='bbox 938 4140 1137 4194; x_wconf 88' lang='lat' dir='ltr'><strong>amissa</strong></span> <span class='ocrx_word' id='word_1_420' title='bbox 1177 4137 1235 4210; x_wconf 87' lang='lat' dir='ltr'><strong>in</strong></span> <span class='ocrx_word' id='word_1_421' title='bbox 1284 4140 1406 4210; x_wconf 78' lang='lat' dir='ltr'><strong>ipso</strong></span> <span class='ocrx_word' id='word_1_422' title='bbox 1460 4135 1735 4210; x_wconf 47' lang='lat' dir='ltr'><strong>pueritia!</strong></span> <span class='ocrx_word' id='word_1_423' title='bbox 1772 4135 1985 4210; x_wconf 79' lang='lat' dir='ltr'><strong>limine,</strong></span> <span class='ocrx_word' id='word_1_424' title='bbox 2038 4135 2098 4210; x_wconf 83' lang='lat' dir='ltr'><strong>in</strong></span> 
     </span>
    </p>
   </div>
   <div class='ocr_carea' id='block_1_61' title="bbox 502 4207 2096 4278">
    <p class='ocr_par' dir='ltr' id='par_1_61' title="bbox 502 4207 2096 4278">
     <span class='ocr_line' id='line_1_61' title="bbox 502 4207 2096 4278; baseline -0.004 -10"><span class='ocrx_word' id='word_1_425' title='bbox 502 4207 763 4269; x_wconf 82' lang='lat' dir='ltr'><strong>avunculi</strong></span> <span class='ocrx_word' id='word_1_426' title='bbox 815 4210 999 4267; x_wconf 88' lang='lat' dir='ltr'><strong>sinum</strong></span> <span class='ocrx_word' id='word_1_427' title='bbox 1041 4207 1391 4278; x_wconf 84' lang='lat' dir='ltr'><strong>nutriendus,</strong></span> <span class='ocrx_word' id='word_1_428' title='bbox 1424 4207 1477 4265; x_wconf 83' lang='lat' dir='ltr'><strong>et</strong></span> <span class='ocrx_word' id='word_1_429' title='bbox 1509 4208 1670 4266; x_wconf 88' lang='lat' dir='ltr'><strong>bonis</strong></span> <span class='ocrx_word' id='word_1_430' title='bbox 1698 4208 1911 4264; x_wconf 85' lang='lat' dir='ltr'><strong>artibus</strong></span> <span class='ocrx_word' id='word_1_431' title='bbox 1939 4207 2096 4263; x_wconf 90' lang='lat' dir='ltr'><strong>insti-</strong></span> 
     </span>
    </p>
   </div>
   <div class='ocr_carea' id='block_1_62' title="bbox 503 4280 2097 4353">
    <p class='ocr_par' dir='ltr' id='par_1_62' title="bbox 503 4280 2097 4353">
     <span class='ocr_line' id='line_1_62' title="bbox 503 4280 2097 4353; baseline -0.003 -13"><span class='ocrx_word' id='word_1_432' title='bbox 503 4284 737 4341; x_wconf 83' lang='lat' dir='ltr'><strong>tuendus</strong></span> <span class='ocrx_word' id='word_1_433' title='bbox 764 4280 1102 4340; x_wconf 88' lang='lat' dir='ltr'><strong>convolavit.</strong></span> <span class='ocrx_word' id='word_1_434' title='bbox 1147 4280 1463 4337; x_wconf 84' lang='lat' dir='ltr'><strong>Admodum</strong></span> <span class='ocrx_word' id='word_1_435' title='bbox 1503 4297 1673 4353; x_wconf 89' lang='lat' dir='ltr'><strong>puero</strong></span> <span class='ocrx_word' id='word_1_436' title='bbox 1716 4281 1772 4337; x_wconf 76' lang='lat' dir='ltr'><strong>id</strong></span> <span class='ocrx_word' id='word_1_437' title='bbox 1801 4280 2097 4353; x_wconf 85' lang='lat' dir='ltr'><strong>contigisse</strong></span> 
     </span>
    </p>
   </div>
   <div class='ocr_carea' id='block_1_63' title="bbox 499 4350 2095 4429">
    <p class='ocr_par' dir='ltr' id='par_1_63' title="bbox 499 4350 2095 4429">
     <span class='ocr_line' id='line_1_63' title="bbox 499 4350 2095 4429; baseline -0.004 -17"><span class='ocrx_word' id='word_1_438' title='bbox 499 4358 764 4429; x_wconf 79' lang='lat' dir='ltr'><strong>oportuit,</strong></span> <span class='ocrx_word' id='word_1_439' title='bbox 797 4355 1018 4429; x_wconf 83' lang='lat' dir='ltr'><strong>quando</strong></span> <span class='ocrx_word' id='word_1_440' title='bbox 1065 4362 1087 4388; x_wconf 79' lang='grc'><strong>⁸</strong></span> <span class='ocrx_word' id='word_1_441' title='bbox 1135 4354 1370 4429; x_wconf 75' lang='lat' dir='ltr'><strong>linguam</strong></span> <span class='ocrx_word' id='word_1_442' title='bbox 1398 4354 1455 4407; x_wconf 89' lang='lat' dir='ltr'><strong>in</strong></span> <span class='ocrx_word' id='word_1_443' title='bbox 1492 4350 1600 4424; x_wconf 67' lang='lat' dir='ltr'><strong>qua</strong></span> <span class='ocrx_word' id='word_1_444' title='bbox 1623 4359 1779 4408; x_wconf 86' lang='lat' dir='ltr'><strong>natus</strong></span> <span class='ocrx_word' id='word_1_445' title='bbox 1816 4358 1910 4420; x_wconf 87' lang='lat' dir='ltr'><strong>est,</strong></span> <span class='ocrx_word' id='word_1_446' title='bbox 1958 4350 2095 4429; x_wconf 78' lang='lat' dir='ltr'><strong>adeo</strong></span> 
     </span>
    </p>
   </div>
   <div class='ocr_carea' id='block_1_64' title="bbox 499 4423 2093 4499">
    <p class='ocr_par' dir='ltr' id='par_1_64' title="bbox 499 4423 2093 4499">
     <span class='ocr_line' id='line_1_64' title="bbox 499 4423 2093 4499; baseline -0.003 -17"><span class='ocrx_word' id='word_1_447' title='bbox 499 4423 794 4499; x_wconf 78' lang='lat' dir='ltr'><strong>ignoravit,</strong></span> <span class='ocrx_word' id='word_1_448' title='bbox 812 4423 892 4483; x_wconf 59' lang='lat' dir='ltr'><strong>&#39;ut</strong></span> <span class='ocrx_word' id='word_1_449' title='bbox 947 4426 1111 4499; x_wconf 87' lang='lat' dir='ltr'><strong>etiam</strong></span> <span class='ocrx_word' id='word_1_450' title='bbox 1161 4423 1564 4499; x_wconf 6' lang='lat' dir='ltr'><strong>in’gepiscopatu</strong></span> <span class='ocrx_word' id='word_1_451' title='bbox 1610 4440 1728 4481; x_wconf 88' lang='lat' dir='ltr'><strong>eam</strong></span> <span class='ocrx_word' id='word_1_452' title='bbox 1770 4441 1887 4499; x_wconf 79' lang='lat' dir='ltr'><strong>non</strong></span> <span class='ocrx_word' id='word_1_453' title='bbox 1923 4426 2093 4479; x_wconf 86' lang='lat' dir='ltr'><strong>solum</strong></span> 
     </span>
    </p>
   </div>
   <div class='ocr_carea' id='block_1_65' title="bbox 501 4495 2092 4569">
    <p class='ocr_par' dir='ltr' id='par_1_65' title="bbox 501 4495 2092 4569">
     <span class='ocr_line' id='line_1_65' title="bbox 501 4495 2092 4569; baseline -0.004 -15"><span class='ocrx_word' id='word_1_454' title='bbox 501 4495 664 4569; x_wconf 75' lang='grc' dir='ltr'><strong>ιόᾳιιὶ,</strong></span> <span class='ocrx_word' id='word_1_455' title='bbox 708 4495 888 4554; x_wconf 74' lang='lat' dir='ltr'><strong>verum</strong></span> <span class='ocrx_word' id='word_1_456' title='bbox 939 4515 1029 4553; x_wconf 87' lang='lat' dir='ltr'><strong>nec</strong></span> <span class='ocrx_word' id='word_1_457' title='bbox 1086 4495 1397 4569; x_wconf 65' lang='lat' dir='ltr'><strong>intelligere,</strong></span> <span class='ocrx_word' id='word_1_458' title='bbox 1435 4495 1555 4551; x_wconf 60' lang='lat' dir='ltr'><strong>nisi</strong></span> <span class='ocrx_word' id='word_1_459' title='bbox 1609 4495 2092 4569; x_wconf 19' lang='lat' dir='ltr'><strong>perninterprelem</strong></span> 
     </span>
    </p>
   </div>
   <div class='ocr_carea' id='block_1_66' title="bbox 567 4565 2090 4639">
    <p class='ocr_par' dir='ltr' id='par_1_66' title="bbox 567 4565 2090 4639">
     <span class='ocr_line' id='line_1_66' title="bbox 567 4565 2090 4639; baseline -0.003 -14"><span class='ocrx_word' id='word_1_460' title='bbox 567 4565 684 4626; x_wconf 80' lang='lat' dir='ltr'><strong>sset.</strong></span> <span class='ocrx_word' id='word_1_461' title='bbox 720 4570 873 4625; x_wconf 82' lang='lat' dir='ltr'><strong>Hanc</strong></span> <span class='ocrx_word' id='word_1_462' title='bbox 900 4577 1081 4624; x_wconf 89' lang='lat' dir='ltr'><strong>autem</strong></span> <span class='ocrx_word' id='word_1_463' title='bbox 1112 4565 1494 4624; x_wconf 79' lang='lat' dir='ltr'><strong>educationem</strong></span> <span class='ocrx_word' id='word_1_464' title='bbox 1514 4565 1828 4639; x_wconf 81' lang='lat' dir='ltr'><strong>sumptibus</strong></span> <span class='ocrx_word' id='word_1_465' title='bbox 1848 4565 2090 4639; x_wconf 66' lang='lat' dir='ltr'><strong>ecclesia:</strong></span> 
     </span>
    </p>
   </div>
   <div class='ocr_carea' id='block_1_67' title="bbox 545 4636 2091 4711">
    <p class='ocr_par' dir='ltr' id='par_1_67' title="bbox 545 4636 2091 4711">
     <span class='ocr_line' id='line_1_67' title="bbox 545 4636 2091 4711; baseline -0.003 -14"><span class='ocrx_word' id='word_1_466' title='bbox 545 4640 824 4697; x_wconf 87' lang='lat' dir='ltr'><strong>hemensis</strong></span> <span class='ocrx_word' id='word_1_467' title='bbox 879 4641 1104 4706; x_wconf 86' lang='lat' dir='ltr'><strong>factam,</strong></span> <span class='ocrx_word' id='word_1_468' title='bbox 1161 4648 1326 4711; x_wconf 87' lang='lat' dir='ltr'><strong>atque</strong></span> <span class='ocrx_word' id='word_1_469' title='bbox 1392 4640 1529 4696; x_wconf 91' lang='lat' dir='ltr'><strong>adeo</strong></span> <span class='ocrx_word' id='word_1_470' title='bbox 1588 4636 1917 4710; x_wconf 82' lang='lat' dir='ltr'><strong>peculiarem</strong></span> <span class='ocrx_word' id='word_1_471' title='bbox 1973 4636 2091 4708; x_wconf 91' lang='lat' dir='ltr'><strong>ejus</strong></span> 
     </span>
    </p>
   </div>
   <div class='ocr_carea' id='block_1_68' title="bbox 496 4711 2091 4782">
    <p class='ocr_par' dir='ltr' id='par_1_68' title="bbox 496 4711 2091 4782">
     <span class='ocr_line' id='line_1_68' title="bbox 496 4711 2091 4782; baseline -0.001 -15"><span class='ocrx_word' id='word_1_472' title='bbox 496 4711 667 4770; x_wconf 74' lang='lat' dir='ltr'><strong>fuisse</strong></span> <span class='ocrx_word' id='word_1_473' title='bbox 684 4713 943 4769; x_wconf 88' lang='lat' dir='ltr'><strong>clericum</strong></span> <span class='ocrx_word' id='word_1_474' title='bbox 965 4711 1252 4782; x_wconf 84' lang='lat' dir='ltr'><strong>proﬁtetur</strong></span> <span class='ocrx_word' id='word_1_475' title='bbox 1268 4711 1599 4782; x_wconf 80' lang='lat' dir='ltr'><strong>avunculus,</strong></span> <span class='ocrx_word' id='word_1_476' title='bbox 1616 4727 1768 4781; x_wconf 86' lang='lat' dir='ltr'><strong>quem</strong></span> <span class='ocrx_word' id='word_1_477' title='bbox 1787 4711 2091 4782; x_wconf 80' lang='lat' dir='ltr'><strong>Rhemensis</strong></span> 
     </span>
    </p>
   </div>
   <div class='ocr_carea' id='block_1_69' title="bbox 496 4781 2089 4852">
    <p class='ocr_par' dir='ltr' id='par_1_69' title="bbox 496 4781 2089 4852">
     <span class='ocr_line' id='line_1_69' title="bbox 496 4781 2089 4852; baseline -0.001 -14"><span class='ocrx_word' id='word_1_478' title='bbox 496 4785 733 4839; x_wconf 77' lang='lat' dir='ltr'><strong>Ecclesia</strong></span> <span class='ocrx_word' id='word_1_479' title='bbox 760 4782 827 4836; x_wconf 91' lang='lat' dir='ltr'><strong>ab</strong></span> <span class='ocrx_word' id='word_1_480' title='bbox 856 4781 1008 4852; x_wconf 81' lang='lat' dir='ltr'><strong>ipsis,</strong></span> <span class='ocrx_word' id='word_1_481' title='bbox 1030 4788 1091 4835; x_wconf 85' lang='lat' dir='ltr'><strong>ut</strong></span> <span class='ocrx_word' id='word_1_482' title='bbox 1119 4781 1196 4835; x_wconf 88' lang='lat' dir='ltr'><strong>ita</strong></span> <span class='ocrx_word' id='word_1_483' title='bbox 1225 4781 1419 4852; x_wconf 84' lang='lat' dir='ltr'><strong>dicam,</strong></span> <span class='ocrx_word' id='word_1_484' title='bbox 1448 4783 1749 4849; x_wconf 83' lang='lat' dir='ltr'><strong>cunabulis,</strong></span> <span class='ocrx_word' id='word_1_485' title='bbox 1779 4782 1924 4837; x_wconf 85' lang='lat' dir='ltr'><strong>dulci</strong></span> <span class='ocrx_word' id='word_1_486' title='bbox 1952 4781 2089 4836; x_wconf 86' lang='lat' dir='ltr'><strong>beni-</strong></span> 
     </span>
    </p>
   </div>
   <div class='ocr_carea' id='block_1_70' title="bbox 493 4851 2085 4924">
    <p class='ocr_par' dir='ltr' id='par_1_70' title="bbox 493 4851 2085 4924">
     <span class='ocr_line' id='line_1_70' title="bbox 493 4851 2085 4924; baseline 0.001 -18"><span class='ocrx_word' id='word_1_487' title='bbox 493 4854 690 4924; x_wconf 84' lang='lat' dir='ltr'><strong>gnitate</strong></span> <span class='ocrx_word' id='word_1_488' title='bbox 719 4851 961 4918; x_wconf 77' lang='lat' dir='ltr'><strong>nutrivit,</strong></span> <span class='ocrx_word' id='word_1_489' title='bbox 988 4858 1035 4906; x_wconf 89' lang='lat' dir='ltr'><strong>et</strong></span> <span class='ocrx_word' id='word_1_490' title='bbox 1058 4852 1255 4924; x_wconf 79' lang='lat' dir='ltr'><strong>pannis</strong></span> <span class='ocrx_word' id='word_1_491' title='bbox 1277 4851 1524 4921; x_wconf 70' lang='lat' dir='ltr'><strong>infantiae</strong></span> <span class='ocrx_word' id='word_1_492' title='bbox 1558 4854 1686 4908; x_wconf 83' lang='lat' dir='ltr'><strong>eluit</strong></span> <span class='ocrx_word' id='word_1_493' title='bbox 1716 4861 1876 4922; x_wconf 80' lang='lat' dir='ltr'><strong>atque</strong></span> <span class='ocrx_word' id='word_1_494' title='bbox 1919 4854 2085 4921; x_wconf 67' lang='lat' dir='ltr'><strong>exuit,</strong></span> 
     </span>
    </p>
   </div>
   <div class='ocr_carea' id='block_1_71' title="bbox 494 4923 2084 4995">
    <p class='ocr_par' dir='ltr' id='par_1_71' title="bbox 494 4923 2084 4995">
     <span class='ocr_line' id='line_1_71' title="bbox 494 4923 2084 4995; baseline 0 -15"><span class='ocrx_word' id='word_1_495' title='bbox 494 4923 542 4980; x_wconf 83' lang='lat' dir='ltr'><strong>et</strong></span> <span class='ocrx_word' id='word_1_496' title='bbox 568 4924 639 4980; x_wconf 86' lang='lat' dir='ltr'><strong>ad</strong></span> <span class='ocrx_word' id='word_1_497' title='bbox 666 4924 841 4978; x_wconf 84' lang='lat' dir='ltr'><strong>virum</strong></span> <span class='ocrx_word' id='word_1_498' title='bbox 866 4923 1139 4995; x_wconf 69' lang='lat' dir='ltr'><strong>perduxit,</strong></span> <span class='ocrx_word' id='word_1_499' title='bbox 1170 4929 1325 4995; x_wconf 83' lang='lat' dir='ltr'><strong>atque</strong></span> <span class='ocrx_word' id='word_1_500' title='bbox 1353 4925 1422 4978; x_wconf 89' lang='lat' dir='ltr'><strong>ad</strong></span> <span class='ocrx_word' id='word_1_501' title='bbox 1443 4924 1794 4995; x_wconf 83' lang='lat' dir='ltr'><strong>episcopatum</strong></span> <span class='ocrx_word' id='word_1_502' title='bbox 1818 4925 2084 4995; x_wconf 72' lang='lat' dir='ltr'><strong>provexit.</strong></span> 
     </span>
    </p>
   </div>
   <div class='ocr_carea' id='block_1_72' title="bbox 494 4993 2088 5068">
    <p class='ocr_par' dir='ltr' id='par_1_72' title="bbox 494 4993 2088 5068">
     <span class='ocr_line' id='line_1_72' title="bbox 494 4993 2088 5068; baseline 0 -16"><span class='ocrx_word' id='word_1_503' title='bbox 494 4996 761 5052; x_wconf 81' lang='lat' dir='ltr'><strong>Animum</strong></span> <span class='ocrx_word' id='word_1_504' title='bbox 782 4993 916 5068; x_wconf 81' lang='lat' dir='ltr'><strong>puer</strong></span> <span class='ocrx_word' id='word_1_505' title='bbox 934 4993 1122 5050; x_wconf 90' lang='lat' dir='ltr'><strong>attulit</strong></span> <span class='ocrx_word' id='word_1_506' title='bbox 1150 4994 1218 5049; x_wconf 89' lang='lat' dir='ltr'><strong>ad</strong></span> <span class='ocrx_word' id='word_1_507' title='bbox 1245 4993 1532 5068; x_wconf 26' lang='lat' dir='ltr'><strong>’t‘acultat—es</strong></span> <span class='ocrx_word' id='word_1_508' title='bbox 1552 4993 1919 5067; x_wconf 72' lang='lat' dir='ltr'><strong>grammaticae</strong></span> <span class='ocrx_word' id='word_1_509' title='bbox 1949 5013 2088 5068; x_wconf 91' lang='lat' dir='ltr'><strong>poe-</strong></span> 
     </span>
    </p>
   </div>
   <div class='ocr_carea' id='block_1_73' title="bbox 2134 3707 3806 3790">
    <p class='ocr_par' dir='ltr' id='par_1_73' title="bbox 2134 3707 3806 3790">
     <span class='ocr_line' id='line_1_73' title="bbox 2134 3707 3806 3790; baseline -0.001 -24"><span class='ocrx_word' id='word_1_510' title='bbox 2134 3717 2177 3777; x_wconf 86' lang='lat' dir='ltr'>C</span> <span class='ocrx_word' id='word_1_511' title='bbox 2209 3727 2278 3766; x_wconf 84' lang='lat' dir='ltr'><strong>ex</strong></span> <span class='ocrx_word' id='word_1_512' title='bbox 2326 3707 2860 3790; x_wconf 32' lang='lat' dir='ltr'><strong>pluriumhgentium</strong></span> <span class='ocrx_word' id='word_1_513' title='bbox 2909 3708 3132 3790; x_wconf 77' lang='lat' dir='ltr'><strong>linguis,</strong></span> <span class='ocrx_word' id='word_1_514' title='bbox 3183 3716 3447 3790; x_wconf 74' lang='lat' dir='ltr'><strong>tauquam</strong></span> <span class='ocrx_word' id='word_1_515' title='bbox 3476 3718 3806 3790; x_wconf 81' lang='lat' dir='ltr'><strong>_centonem,</strong></span> 
     </span>
    </p>
   </div>
   <div class='ocr_carea' id='block_1_74' title="bbox 2212 3780 3807 3851">
    <p class='ocr_par' dir='ltr' id='par_1_74' title="bbox 2212 3780 3807 3851">
     <span class='ocr_line' id='line_1_74' title="bbox 2212 3780 3807 3851; baseline -0.001 -14"><span class='ocrx_word' id='word_1_516' title='bbox 2212 3780 2800 3838; x_wconf 81' lang='lat' dir='ltr'><strong>consarcinavitcum:</strong></span> <span class='ocrx_word' id='word_1_517' title='bbox 2834 3780 2993 3836; x_wconf 84' lang='lat' dir='ltr'><strong>verba</strong></span> <span class='ocrx_word' id='word_1_518' title='bbox 3019 3780 3338 3851; x_wconf 63' lang='lat' dir='ltr'><strong>impropria,</strong></span> <span class='ocrx_word' id='word_1_519' title='bbox 3373 3781 3597 3837; x_wconf 77' lang='lat' dir='ltr'><strong>veritate</strong></span> <span class='ocrx_word' id='word_1_520' title='bbox 3634 3798 3807 3837; x_wconf 72' lang='lat' dir='ltr'><strong>sensus</strong></span> 
     </span>
    </p>
   </div>
   <div class='ocr_carea' id='block_1_75' title="bbox 2210 3851 3807 3925">
    <p class='ocr_par' dir='ltr' id='par_1_75' title="bbox 2210 3851 3807 3925">
     <span class='ocr_line' id='line_1_75' title="bbox 2210 3851 3807 3925; baseline 0 -18"><span class='ocrx_word' id='word_1_521' title='bbox 2210 3853 2467 3919; x_wconf 83' lang='lat' dir='ltr'><strong>carentia,</strong></span> <span class='ocrx_word' id='word_1_522' title='bbox 2490 3869 2607 3921; x_wconf 69' lang='lat' dir='ltr'><strong>quae</strong></span> <span class='ocrx_word' id='word_1_523' title='bbox 2628 3869 2714 3925; x_wconf 84' lang='lat' dir='ltr'><strong>nec</strong></span> <span class='ocrx_word' id='word_1_524' title='bbox 2748 3851 3223 3925; x_wconf 18' lang='lat' dir='ltr'><strong>ipseiintelligebat,</strong></span> <span class='ocrx_word' id='word_1_525' title='bbox 3277 3852 3507 3908; x_wconf 83' lang='lat' dir='ltr'><strong>studiose</strong></span> <span class='ocrx_word' id='word_1_526' title='bbox 3551 3853 3807 3925; x_wconf 81' lang='lat' dir='ltr'><strong>conquisi-</strong></span> 
     </span>
    </p>
   </div>
   <div class='ocr_carea' id='block_1_76' title="bbox 2209 3922 3806 3996">
    <p class='ocr_par' dir='ltr' id='par_1_76' title="bbox 2209 3922 3806 3996">
     <span class='ocr_line' id='line_1_76' title="bbox 2209 3922 3806 3996; baseline 0.003 -19"><span class='ocrx_word' id='word_1_527' title='bbox 2209 3925 2285 3978; x_wconf 81' lang='lat' dir='ltr'><strong>vit</strong></span> <span class='ocrx_word' id='word_1_528' title='bbox 2311 3925 2383 3978; x_wconf 85' lang='lat' dir='ltr'><strong>ad</strong></span> <span class='ocrx_word' id='word_1_529' title='bbox 2410 3922 2821 3996; x_wconf 77' lang='lat' dir='ltr'><strong>ostentationem</strong></span> <span class='ocrx_word' id='word_1_530' title='bbox 2856 3923 3039 3996; x_wconf 88' lang='lat' dir='ltr'><strong>Invito</strong></span> <span class='ocrx_word' id='word_1_531' title='bbox 3066 3923 3287 3996; x_wconf 87' lang='lat' dir='ltr'><strong>quidem</strong></span> <span class='ocrx_word' id='word_1_532' title='bbox 3316 3925 3598 3996; x_wconf 83' lang='lat' dir='ltr'><strong>avuncqu</strong></span> <span class='ocrx_word' id='word_1_533' title='bbox 3628 3922 3682 3981; x_wconf 76' lang='lat' dir='ltr'><strong>et</strong></span> <span class='ocrx_word' id='word_1_534' title='bbox 3708 3941 3806 3981; x_wconf 87' lang='lat' dir='ltr'><strong>co-</strong></span> 
     </span>
    </p>
   </div>
   <div class='ocr_carea' id='block_1_77' title="bbox 2210 3994 3805 4075">
    <p class='ocr_par' dir='ltr' id='par_1_77' title="bbox 2210 3994 3805 4075">
     <span class='ocr_line' id='line_1_77' title="bbox 2210 3994 3805 4075; baseline -0.001 -24"><span class='ocrx_word' id='word_1_535' title='bbox 2210 4002 2446 4075; x_wconf 74' lang='lat' dir='ltr'><strong>ercente,</strong></span> <span class='ocrx_word' id='word_1_536' title='bbox 2495 3994 2689 4075; x_wconf 92' lang='lat' dir='ltr'><strong>ne</strong></span> <span class='ocrx_word' id='word_1_537' title='bbox 2714 3994 2913 4051; x_wconf 90' lang='lat' dir='ltr'><strong>acriori</strong></span> <span class='ocrx_word' id='word_1_538' title='bbox 2956 3994 3378 4075; x_wconf 78' lang='lat' dir='ltr'><strong>reprehensione</strong></span> <span class='ocrx_word' id='word_1_539' title='bbox 3429 3994 3805 4075; x_wconf 75' lang='lat' dir='ltr'><strong>discendi_ar-</strong></span> 
     </span>
    </p>
   </div>
   <div class='ocr_carea' id='block_1_78' title="bbox 2208 4065 3803 4139">
    <p class='ocr_par' dir='ltr' id='par_1_78' title="bbox 2208 4065 3803 4139">
     <span class='ocr_line' id='line_1_78' title="bbox 2208 4065 3803 4139; baseline -0.001 -17"><span class='ocrx_word' id='word_1_540' title='bbox 2208 4065 2413 4139; x_wconf 14' lang='lat' dir='ltr'><strong>dorem,</strong></span> <span class='ocrx_word' id='word_1_541' title='bbox 2462 4067 2856 4139; x_wconf 89' lang='lat' dir='ltr'><strong>exstingueret,</strong></span> <span class='ocrx_word' id='word_1_542' title='bbox 2912 4076 2966 4139; x_wconf 87' lang='lat' dir='ltr'><strong>et</strong></span> <span class='ocrx_word' id='word_1_543' title='bbox 3015 4065 3130 4137; x_wconf 87' lang='lat' dir='ltr'><strong>jam</strong></span> <span class='ocrx_word' id='word_1_544' title='bbox 3195 4075 3327 4139; x_wconf 10' lang='lat' dir='ltr'><strong>tum,</strong></span> <span class='ocrx_word' id='word_1_545' title='bbox 3366 4067 3803 4139; x_wconf 83' lang='lat' dir='ltr'><strong>refractariolum</strong></span> 
     </span>
    </p>
   </div>
   <div class='ocr_carea' id='block_1_79' title="bbox 2207 4137 3802 4209">
    <p class='ocr_par' dir='ltr' id='par_1_79' title="bbox 2207 4137 3802 4209">
     <span class='ocr_line' id='line_1_79' title="bbox 2207 4137 3802 4209; baseline 0 -16"><span class='ocrx_word' id='word_1_546' title='bbox 2207 4138 2575 4203; x_wconf 82' lang='lat' dir='ltr'><strong>exacerbaret,</strong></span> <span class='ocrx_word' id='word_1_547' title='bbox 2608 4137 2761 4194; x_wconf 81' lang='lat' dir='ltr'><strong>illius</strong></span> <span class='ocrx_word' id='word_1_548' title='bbox 2788 4137 3077 4209; x_wconf 88' lang='lat' dir='ltr'><strong>pravitatis</strong></span> <span class='ocrx_word' id='word_1_549' title='bbox 3104 4138 3503 4195; x_wconf 85' lang='lat' dir='ltr'><strong>correctionem</strong></span> <span class='ocrx_word' id='word_1_550' title='bbox 3536 4138 3609 4195; x_wconf 88' lang='lat' dir='ltr'><strong>ad</strong></span> <span class='ocrx_word' id='word_1_551' title='bbox 3638 4148 3802 4194; x_wconf 83' lang='lat' dir='ltr'><strong>matu-</strong></span> 
     </span>
    </p>
   </div>
   <div class='ocr_carea' id='block_1_80' title="bbox 2206 4208 3802 4282">
    <p class='ocr_par' dir='ltr' id='par_1_80' title="bbox 2206 4208 3802 4282">
     <span class='ocr_line' id='line_1_80' title="bbox 2206 4208 3802 4282; baseline 0.002 -18"><span class='ocrx_word' id='word_1_552' title='bbox 2206 4209 2369 4266; x_wconf 88' lang='lat' dir='ltr'><strong>rioris</strong></span> <span class='ocrx_word' id='word_1_553' title='bbox 2398 4209 2571 4265; x_wconf 69' lang='lat' dir='ltr'><strong>aatalis</strong></span> <span class='ocrx_word' id='word_1_554' title='bbox 2606 4208 2926 4282; x_wconf 81' lang='lat' dir='ltr'><strong>temperiem</strong></span> <span class='ocrx_word' id='word_1_555' title='bbox 2969 4210 3304 4266; x_wconf 87' lang='lat' dir='ltr'><strong>remittente.</strong></span> <span class='ocrx_word' id='word_1_556' title='bbox 3352 4209 3458 4282; x_wconf 83' lang='lat' dir='ltr'><strong>sed</strong></span> <span class='ocrx_word' id='word_1_557' title='bbox 3493 4208 3552 4265; x_wconf 92' lang='lat' dir='ltr'><strong>in</strong></span> <span class='ocrx_word' id='word_1_558' title='bbox 3602 4225 3672 4266; x_wconf 88' lang='lat' dir='ltr'><strong>eo</strong></span> <span class='ocrx_word' id='word_1_559' title='bbox 3716 4225 3802 4282; x_wconf 82' lang='lat' dir='ltr'><strong>spe</strong></span> 
     </span>
    </p>
   </div>
   <div class='ocr_carea' id='block_1_81' title="bbox 2203 4280 3793 4348">
    <p class='ocr_par' dir='ltr' id='par_1_81' title="bbox 2203 4280 3793 4348">
     <span class='ocr_line' id='line_1_81' title="bbox 2203 4280 3793 4348; baseline 0 -11"><span class='ocrx_word' id='word_1_560' title='bbox 2203 4297 2302 4337; x_wconf 88' lang='lat' dir='ltr'><strong>sua</strong></span> <span class='ocrx_word' id='word_1_561' title='bbox 2328 4282 2541 4337; x_wconf 90' lang='lat' dir='ltr'><strong>elusum</strong></span> <span class='ocrx_word' id='word_1_562' title='bbox 2575 4297 2633 4336; x_wconf 90' lang='lat' dir='ltr'><strong>se</strong></span> <span class='ocrx_word' id='word_1_563' title='bbox 2659 4280 3020 4348; x_wconf 82' lang='lat' dir='ltr'><strong>demonstrat,</strong></span> <span class='ocrx_word' id='word_1_564' title='bbox 3052 4297 3176 4338; x_wconf 90' lang='lat' dir='ltr'><strong>cum</strong></span> <span class='ocrx_word' id='word_1_565' title='bbox 3211 4282 3269 4336; x_wconf 92' lang='lat' dir='ltr'><strong>in</strong></span> <span class='ocrx_word' id='word_1_566' title='bbox 3297 4280 3448 4337; x_wconf 89' lang='lat' dir='ltr'><strong>verbi</strong></span> <span class='ocrx_word' id='word_1_567' title='bbox 3471 4281 3648 4338; x_wconf 87' lang='lat' dir='ltr'><strong>unius</strong></span> <span class='ocrx_word' id='word_1_568' title='bbox 3670 4280 3793 4339; x_wconf 76' lang='lat' dir='ltr'><strong>enu~</strong></span> 
     </span>
    </p>
   </div>
   <div class='ocr_carea' id='block_1_82' title="bbox 2202 4351 3797 4432">
    <p class='ocr_par' dir='ltr' id='par_1_82' title="bbox 2202 4351 3797 4432">
     <span class='ocr_line' id='line_1_82' title="bbox 2202 4351 3797 4432; baseline 0 -23"><span class='ocrx_word' id='word_1_569' title='bbox 2202 4352 2471 4432; x_wconf 67' lang='lat' dir='ltr'><strong>cleatione</strong></span> <span class='ocrx_word' id='word_1_570' title='bbox 2503 4352 2899 4432; x_wconf 77' lang='lat' dir='ltr'><strong>grammaticali</strong></span> <span class='ocrx_word' id='word_1_571' title='bbox 2932 4369 3027 4432; x_wconf 74' lang='lat' dir='ltr'><strong>per</strong></span> <span class='ocrx_word' id='word_1_572' title='bbox 3058 4351 3238 4432; x_wconf 86' lang='lat' dir='ltr'><strong>ipsum</strong></span> <span class='ocrx_word' id='word_1_573' title='bbox 3267 4353 3470 4423; x_wconf 86' lang='lat' dir='ltr'><strong>oblata,</strong></span> <span class='ocrx_word' id='word_1_574' title='bbox 3503 4353 3797 4432; x_wconf 75' lang='lat' dir='ltr'><strong>exprobrat</strong></span> 
     </span>
    </p>
   </div>
   <div class='ocr_carea' id='block_1_83' title="bbox 2195 4424 3797 4497">
    <p class='ocr_par' dir='ltr' id='par_1_83' title="bbox 2195 4424 3797 4497">
     <span class='ocr_line' id='line_1_83' title="bbox 2195 4424 3797 4497; baseline 0.001 -18"><span class='ocrx_word' id='word_1_575' title='bbox 2195 4424 2309 4495; x_wconf 89' lang='lat' dir='ltr'><strong>jam</strong></span> <span class='ocrx_word' id='word_1_576' title='bbox 2351 4424 2626 4497; x_wconf 80' lang='lat' dir='ltr'><strong>episcOpo,</strong></span> <span class='ocrx_word' id='word_1_577' title='bbox 2677 4425 2755 4497; x_wconf 75' lang='lat' dir='ltr'><strong>de</strong></span> <span class='ocrx_word' id='word_1_578' title='bbox 2779 4441 2927 4497; x_wconf 73' lang='lat' dir='ltr'><strong>rnovo</strong></span> <span class='ocrx_word' id='word_1_579' title='bbox 2959 4424 3233 4495; x_wconf 31' lang='lat' dir='ltr'><strong>ejus’utre</strong></span> <span class='ocrx_word' id='word_1_580' title='bbox 3270 4424 3634 4497; x_wconf 68' lang='lat' dir='ltr'><strong>grammaticas</strong></span> <span class='ocrx_word' id='word_1_581' title='bbox 3668 4426 3797 4481; x_wconf 85' lang='lat' dir='ltr'><strong>artis</strong></span> 
     </span>
    </p>
   </div>
   <div class='ocr_carea' id='block_1_84' title="bbox 2200 4495 3797 4569">
    <p class='ocr_par' dir='ltr' id='par_1_84' title="bbox 2200 4495 3797 4569">
     <span class='ocr_line' id='line_1_84' title="bbox 2200 4495 3797 4569; baseline 0.002 -20"><span class='ocrx_word' id='word_1_582' title='bbox 2200 4495 2449 4569; x_wconf 79' lang='lat' dir='ltr'><strong>mustum,</strong></span> <span class='ocrx_word' id='word_1_583' title='bbox 2475 4495 2553 4569; x_wconf 73' lang='lat' dir='ltr'><strong>et</strong></span> <span class='ocrx_word' id='word_1_584' title='bbox 2585 4495 2989 4568; x_wconf 85' lang='lat' dir='ltr'><strong>ponderationes</strong></span> <span class='ocrx_word' id='word_1_585' title='bbox 3032 4495 3310 4569; x_wconf 74' lang='lat' dir='ltr'><strong>verborum</strong></span> <span class='ocrx_word' id='word_1_586' title='bbox 3343 4496 3599 4569; x_wconf 62' lang='lat' dir='ltr'><strong>ebullire.</strong></span> <span class='ocrx_word' id='word_1_587' title='bbox 3624 4497 3797 4569; x_wconf 80' lang='lat' dir='ltr'><strong>Atque</strong></span> 
     </span>
    </p>
   </div>
   <div class='ocr_carea' id='block_1_85' title="bbox 2198 4567 3794 4639">
    <p class='ocr_par' dir='ltr' id='par_1_85' title="bbox 2198 4567 3794 4639">
     <span class='ocr_line' id='line_1_85' title="bbox 2198 4567 3794 4639; baseline 0 -17"><span class='ocrx_word' id='word_1_588' title='bbox 2198 4582 2323 4622; x_wconf 91' lang='lat' dir='ltr'><strong>cum</strong></span> <span class='ocrx_word' id='word_1_589' title='bbox 2354 4567 2485 4623; x_wconf 88' lang='lat' dir='ltr'><strong>alibi</strong></span> <span class='ocrx_word' id='word_1_590' title='bbox 2533 4567 2913 4635; x_wconf 72' lang='lat' dir='ltr'><strong>solcecissaret,</strong></span> <span class='ocrx_word' id='word_1_591' title='bbox 2954 4583 3175 4639; x_wconf 75' lang='lat' dir='ltr'><strong>peccare</strong></span> <span class='ocrx_word' id='word_1_592' title='bbox 3204 4567 3261 4623; x_wconf 92' lang='lat' dir='ltr'><strong>in</strong></span> <span class='ocrx_word' id='word_1_593' title='bbox 3313 4567 3794 4639; x_wconf 83' lang='lat' dir='ltr'><strong>grammaticorum</strong></span> 
     </span>
    </p>
   </div>
   <div class='ocr_carea' id='block_1_86' title="bbox 2197 4639 3791 4711">
    <p class='ocr_par' dir='ltr' id='par_1_86' title="bbox 2197 4639 3791 4711">
     <span class='ocr_line' id='line_1_86' title="bbox 2197 4639 3791 4711; baseline 0.001 -18"><span class='ocrx_word' id='word_1_594' title='bbox 2197 4640 2409 4711; x_wconf 87' lang='lat' dir='ltr'><strong>regulas</strong></span> <span class='ocrx_word' id='word_1_595' title='bbox 2436 4639 2543 4695; x_wconf 88' lang='lat' dir='ltr'><strong>sibi</strong></span> <span class='ocrx_word' id='word_1_596' title='bbox 2573 4641 2653 4695; x_wconf 87' lang='lat' dir='ltr'><strong>ait</strong></span> <span class='ocrx_word' id='word_1_597' title='bbox 2674 4640 2856 4707; x_wconf 92' lang='lat' dir='ltr'><strong>licere,</strong></span> <span class='ocrx_word' id='word_1_598' title='bbox 2880 4647 2942 4694; x_wconf 95' lang='lat' dir='ltr'><strong>ut</strong></span> <span class='ocrx_word' id='word_1_599' title='bbox 2967 4647 3092 4711; x_wconf 90' lang='lat' dir='ltr'><strong>pote</strong></span> <span class='ocrx_word' id='word_1_600' title='bbox 3123 4639 3376 4711; x_wconf 91' lang='lat' dir='ltr'><strong>scriptori</strong></span> <span class='ocrx_word' id='word_1_601' title='bbox 3402 4640 3791 4707; x_wconf 90' lang='lat' dir='ltr'><strong>ecclesiastico,</strong></span> 
     </span>
    </p>
   </div>
   <div class='ocr_carea' id='block_1_87' title="bbox 2198 4711 3794 4785">
    <p class='ocr_par' dir='ltr' id='par_1_87' title="bbox 2198 4711 3794 4785">
     <span class='ocr_line' id='line_1_87' title="bbox 2198 4711 3794 4785; baseline 0 -20"><span class='ocrx_word' id='word_1_602' title='bbox 2198 4713 2292 4784; x_wconf 87' lang='lat' dir='ltr'><strong>qui</strong></span> <span class='ocrx_word' id='word_1_603' title='bbox 2327 4727 2520 4785; x_wconf 81' lang='lat' dir='ltr'><strong>magna</strong></span> <span class='ocrx_word' id='word_1_604' title='bbox 2547 4713 2698 4785; x_wconf 85' lang='lat' dir='ltr'><strong>serio</strong></span> <span class='ocrx_word' id='word_1_605' title='bbox 2724 4717 2916 4785; x_wconf 84' lang='lat' dir='ltr'><strong>tractet</strong></span> <span class='ocrx_word' id='word_1_606' title='bbox 2941 4728 2965 4785; x_wconf 20' lang='grc' dir='ltr'><strong>ε-</strong></span> <span class='ocrx_word' id='word_1_607' title='bbox 3002 4735 3019 4758; x_wconf 79' lang='grc' dir='ltr'>ι</span> <span class='ocrx_word' id='word_1_608' title='bbox 3041 4711 3165 4766; x_wconf 88' lang='lat' dir='ltr'><strong>Tibi</strong></span> <span class='ocrx_word' id='word_1_609' title='bbox 3184 4718 3390 4785; x_wconf 83' lang='lat' dir='ltr'><strong>autem,</strong></span> <span class='ocrx_word' id='word_1_610' title='bbox 3421 4711 3630 4785; x_wconf 78' lang='lat' dir='ltr'><strong>inquit,</strong></span> <span class='ocrx_word' id='word_1_611' title='bbox 3654 4725 3794 4785; x_wconf 73' lang='lat' dir='ltr'><strong>noro</strong></span> 
     </span>
    </p>
   </div>
   <div class='ocr_carea' id='block_1_88' title="bbox 2235 4781 3795 4854">
    <p class='ocr_par' dir='ltr' id='par_1_88' title="bbox 2235 4781 3795 4854">
     <span class='ocr_line' id='line_1_88' title="bbox 2235 4781 3795 4854; baseline 0 -17"><span class='ocrx_word' id='word_1_612' title='bbox 2235 4781 2573 4854; x_wconf 87' lang='lat' dir='ltr'><strong>rammatico,</strong></span> <span class='ocrx_word' id='word_1_613' title='bbox 2607 4781 2785 4854; x_wconf 86' lang='lat' dir='ltr'><strong>quiut</strong></span> <span class='ocrx_word' id='word_1_614' title='bbox 2809 4782 3067 4838; x_wconf 85' lang='lat' dir='ltr'><strong>frondosa</strong></span> <span class='ocrx_word' id='word_1_615' title='bbox 3113 4790 3166 4854; x_wconf 81' lang='lat' dir='ltr'><strong>et</strong></span> <span class='ocrx_word' id='word_1_616' title='bbox 3195 4783 3473 4854; x_wconf 85' lang='lat' dir='ltr'><strong>condensa</strong></span> <span class='ocrx_word' id='word_1_617' title='bbox 3502 4781 3678 4839; x_wconf 60' lang='lat' dir='ltr'><strong>&#39;arbor</strong></span> <span class='ocrx_word' id='word_1_618' title='bbox 3703 4782 3795 4837; x_wconf 80' lang='lat' dir='ltr'><strong>to-</strong></span> 
     </span>
    </p>
   </div>
   <div class='ocr_carea' id='block_1_89' title="bbox 2220 4852 3789 4925">
    <p class='ocr_par' dir='ltr' id='par_1_89' title="bbox 2220 4852 3789 4925">
     <span class='ocr_line' id='line_1_89' title="bbox 2220 4852 3789 4925; baseline 0 -17"><span class='ocrx_word' id='word_1_619' title='bbox 2220 4853 2579 4925; x_wconf 87' lang='lat' dir='ltr'><strong>iis;ornatus</strong></span> <span class='ocrx_word' id='word_1_620' title='bbox 2608 4852 2915 4925; x_wconf 13' lang='lat' dir='ltr'><strong>verborum,</strong></span> <span class='ocrx_word' id='word_1_621' title='bbox 2947 4853 3185 4925; x_wconf 88' lang='lat' dir='ltr'><strong>phaleris</strong></span> <span class='ocrx_word' id='word_1_622' title='bbox 3228 4853 3395 4910; x_wconf 86' lang='lat' dir='ltr'><strong>debes</strong></span> <span class='ocrx_word' id='word_1_623' title='bbox 3439 4853 3710 4917; x_wconf 85' lang='lat' dir='ltr'><strong>incedere,</strong></span> <span class='ocrx_word' id='word_1_624' title='bbox 3737 4860 3789 4908; x_wconf 91' lang='lat' dir='ltr'><strong>et</strong></span> 
     </span>
    </p>
   </div>
   <div class='ocr_carea' id='block_1_90' title="bbox 2196 4924 3791 4999">
    <p class='ocr_par' dir='ltr' id='par_1_90' title="bbox 2196 4924 3791 4999">
     <span class='ocr_line' id='line_1_90' title="bbox 2196 4924 3791 4999; baseline -0.001 -19"><span class='ocrx_word' id='word_1_625' title='bbox 2196 4932 2291 4980; x_wconf 88' lang='lat' dir='ltr'><strong>tua</strong></span> <span class='ocrx_word' id='word_1_626' title='bbox 2317 4924 2575 4996; x_wconf 84' lang='lat' dir='ltr'><strong>ﬁgmenta</strong></span> <span class='ocrx_word' id='word_1_627' title='bbox 2605 4924 2959 4999; x_wconf 79' lang='lat' dir='ltr'><strong>grandisonis</strong></span> <span class='ocrx_word' id='word_1_628' title='bbox 2982 4940 3236 4999; x_wconf 87' lang='lat' dir='ltr'><strong>pompare</strong></span> <span class='ocrx_word' id='word_1_629' title='bbox 3267 4925 3465 4999; x_wconf 83' lang='lat' dir='ltr'><strong>modis,</strong></span> <span class='ocrx_word' id='word_1_630' title='bbox 3493 4933 3550 4981; x_wconf 91' lang='lat' dir='ltr'><strong>et</strong></span> <span class='ocrx_word' id='word_1_631' title='bbox 3582 4928 3640 4981; x_wconf 84' lang='lat' dir='ltr'><strong>in</strong></span> <span class='ocrx_word' id='word_1_632' title='bbox 3668 4940 3791 4981; x_wconf 86' lang='lat' dir='ltr'><strong>om-</strong></span> 
     </span>
    </p>
   </div>
   <div class='ocr_carea' id='block_1_91' title="bbox 2196 4994 3789 5078">
    <p class='ocr_par' dir='ltr' id='par_1_91' title="bbox 2196 4994 3789 5078">
     <span class='ocr_line' id='line_1_91' title="bbox 2196 4994 3789 5078; baseline -0.001 -27"><span class='ocrx_word' id='word_1_633' title='bbox 2196 5013 2321 5052; x_wconf 91' lang='lat' dir='ltr'><strong>nem</strong></span> <span class='ocrx_word' id='word_1_634' title='bbox 2362 4994 2589 5078; x_wconf 75' lang='lat' dir='ltr'><strong>ventum</strong></span> <span class='ocrx_word' id='word_1_635' title='bbox 2614 4994 2623 4995; x_wconf 28' lang='grc' dir='ltr'>ί</span> <span class='ocrx_word' id='word_1_636' title='bbox 2649 4994 2853 5078; x_wconf 68' lang='lat' dir='ltr'><strong>inﬂatis</strong></span> <span class='ocrx_word' id='word_1_637' title='bbox 2896 4994 3084 5078; x_wconf 68' lang='lat' dir='ltr'><strong>buccis</strong></span> <span class='ocrx_word' id='word_1_638' title='bbox 3109 4994 3530 5078; x_wconf 52' lang='lat' dir='ltr'><strong>:graminaticas</strong></span> <span class='ocrx_word' id='word_1_639' title='bbox 3576 5011 3789 5076; x_wconf 70' lang='lat' dir='ltr'><strong>spumas</strong></span> 
     </span>
    </p>
   </div>
   <div class='ocr_carea' id='block_1_92' title="bbox 494 5065 3788 5149">
    <p class='ocr_par' dir='ltr' id='par_1_92' title="bbox 494 5065 3788 5149">
     <span class='ocr_line' id='line_1_92' title="bbox 494 5065 3788 5149; baseline -0.001 -25"><span class='ocrx_word' id='word_1_640' title='bbox 494 5083 721 5142; x_wconf 83' lang='lat' dir='ltr'><strong>seosque</strong></span> <span class='ocrx_word' id='word_1_641' title='bbox 764 5065 1093 5149; x_wconf 79' lang='lat' dir='ltr'><strong>propensum</strong></span> <span class='ocrx_word' id='word_1_642' title='bbox 1121 5083 1133 5132; x_wconf 93' lang='lat'><strong>;</strong></span> <span class='ocrx_word' id='word_1_643' title='bbox 1180 5065 1270 5147; x_wconf 79' lang='lat' dir='ltr'><strong>sed</strong></span> <span class='ocrx_word' id='word_1_644' title='bbox 1296 5067 1463 5149; x_wconf 75' lang='lat' dir='ltr'><strong>plane</strong></span> <span class='ocrx_word' id='word_1_645' title='bbox 1498 5065 1685 5149; x_wconf 77' lang='lat' dir='ltr'><strong>quales</strong></span> <span class='ocrx_word' id='word_1_646' title='bbox 1713 5082 1777 5121; x_wconf 92' lang='lat' dir='ltr'><strong>eo</strong></span> <span class='ocrx_word' id='word_1_647' title='bbox 1803 5138 1813 5147; x_wconf 38' lang='lat'>.</span> <span class='ocrx_word' id='word_1_648' title='bbox 1836 5065 2089 5149; x_wconf 76' lang='lat' dir='ltr'><strong>colebant</strong></span> <span class='ocrx_word' id='word_1_649' title='bbox 2118 5078 2166 5135; x_wconf 87' lang='lat'><strong>1)</strong></span> <span class='ocrx_word' id='word_1_650' title='bbox 2195 5083 2481 5149; x_wconf 77' lang='lat' dir='ltr'><strong>exspuere,</strong></span> <span class='ocrx_word' id='word_1_651' title='bbox 2514 5066 2619 5149; x_wconf 81' lang='lat' dir='ltr'><strong>hoc</strong></span> <span class='ocrx_word' id='word_1_652' title='bbox 2646 5066 2828 5123; x_wconf 85' lang='lat' dir='ltr'><strong>dicere</strong></span> <span class='ocrx_word' id='word_1_653' title='bbox 2857 5082 2969 5123; x_wconf 87' lang='lat' dir='ltr'><strong>non</strong></span> <span class='ocrx_word' id='word_1_654' title='bbox 3002 5065 3207 5149; x_wconf 64' lang='lat' dir='ltr'><strong>licebit.</strong></span> <span class='ocrx_word' id='word_1_655' title='bbox 3232 5092 3255 5149; x_wconf 84' lang='lat'><strong><em>-_</em></strong></span> <span class='ocrx_word' id='word_1_656' title='bbox 3286 5068 3485 5149; x_wconf 75' lang='lat' dir='ltr'><strong>Exstat</strong></span> <span class='ocrx_word' id='word_1_657' title='bbox 3513 5065 3703 5149; x_wconf 66' lang='lat' dir='ltr'><strong>earum</strong></span> 
     </span>
    </p>
   </div>
   <div class='ocr_carea' id='block_1_93' title="bbox 492 5137 2086 5213">
    <p class='ocr_par' dir='ltr' id='par_1_93' title="bbox 492 5137 2086 5213">
     <span class='ocr_line' id='line_1_93' title="bbox 492 5137 2086 5213; baseline -0.001 -17"><span class='ocrx_word' id='word_1_658' title='bbox 492 5137 937 5213; x_wconf 40' lang='lat' dir='ltr'><strong>tempora—utin</strong></span> <span class='ocrx_word' id='word_1_659' title='bbox 967 5138 1091 5213; x_wconf 77' lang='lat' dir='ltr'><strong>ejus</strong></span> <span class='ocrx_word' id='word_1_660' title='bbox 1115 5137 1382 5213; x_wconf 61' lang='lat' dir='ltr'><strong>epistolis</strong></span> <span class='ocrx_word' id='word_1_661' title='bbox 1401 5146 1456 5192; x_wconf 89' lang='lat' dir='ltr'><strong>et</strong></span> <span class='ocrx_word' id='word_1_662' title='bbox 1484 5137 1733 5213; x_wconf 75' lang='lat' dir='ltr'><strong>versibus</strong></span> <span class='ocrx_word' id='word_1_663' title='bbox 1762 5138 1948 5194; x_wconf 86' lang='lat' dir='ltr'><strong>videre</strong></span> <span class='ocrx_word' id='word_1_664' title='bbox 1983 5149 2086 5196; x_wconf 90' lang='lat' dir='ltr'><strong>est.</strong></span> 
     </span>
    </p>
   </div>
   <div class='ocr_carea' id='block_1_94' title="bbox 492 5208 2088 5281">
    <p class='ocr_par' dir='ltr' id='par_1_94' title="bbox 492 5208 2088 5281">
     <span class='ocr_line' id='line_1_94' title="bbox 492 5208 2088 5281; baseline 0.001 -15"><span class='ocrx_word' id='word_1_665' title='bbox 492 5208 744 5281; x_wconf 79' lang='lat' dir='ltr'><strong>Prodidit</strong></span> <span class='ocrx_word' id='word_1_666' title='bbox 770 5227 828 5267; x_wconf 82' lang='lat' dir='ltr'><strong>se</strong></span> <span class='ocrx_word' id='word_1_667' title='bbox 857 5208 1043 5266; x_wconf 81' lang='lat' dir='ltr'><strong>statim</strong></span> <span class='ocrx_word' id='word_1_668' title='bbox 1077 5208 1473 5281; x_wconf 32' lang='lat' dir='ltr'><strong>in’puerilibus</strong></span> <span class='ocrx_word' id='word_1_669' title='bbox 1494 5209 1695 5265; x_wconf 88' lang='lat' dir='ltr'><strong>studiis</strong></span> <span class='ocrx_word' id='word_1_670' title='bbox 1725 5218 1942 5276; x_wconf 88' lang='lat' dir='ltr'><strong>natura,</strong></span> <span class='ocrx_word' id='word_1_671' title='bbox 1975 5227 2088 5267; x_wconf 89' lang='lat' dir='ltr'><strong>no-</strong></span> 
     </span>
    </p>
   </div>
   <div class='ocr_carea' id='block_1_95' title="bbox 494 5280 2089 5354">
    <p class='ocr_par' dir='ltr' id='par_1_95' title="bbox 494 5280 2089 5354">
     <span class='ocr_line' id='line_1_95' title="bbox 494 5280 2089 5354; baseline 0 -17"><span class='ocrx_word' id='word_1_672' title='bbox 494 5280 700 5350; x_wconf 78' lang='lat' dir='ltr'><strong>vitatis,</strong></span> <span class='ocrx_word' id='word_1_673' title='bbox 722 5281 1022 5354; x_wconf 61' lang='lat' dir='ltr'><strong>jactantiae,</strong></span> <span class='ocrx_word' id='word_1_674' title='bbox 1055 5280 1670 5354; x_wconf 20' lang='lat' dir='ltr'><strong>vanitatis‘aﬁ‘ectatrix,</strong></span> <span class='ocrx_word' id='word_1_675' title='bbox 1721 5298 1848 5339; x_wconf 90' lang='lat' dir='ltr'><strong>cum</strong></span> <span class='ocrx_word' id='word_1_676' title='bbox 1879 5283 2089 5338; x_wconf 89' lang='lat' dir='ltr'><strong>obscu-</strong></span> 
     </span>
    </p>
   </div>
   <div class='ocr_carea' id='block_1_96' title="bbox 493 5351 2086 5411">
    <p class='ocr_par' dir='ltr' id='par_1_96' title="bbox 493 5351 2086 5411">
     <span class='ocr_line' id='line_1_96' title="bbox 493 5351 2086 5411; baseline -0.001 -1"><span class='ocrx_word' id='word_1_677' title='bbox 493 5367 609 5410; x_wconf 79' lang='lat' dir='ltr'><strong>ram</strong></span> <span class='ocrx_word' id='word_1_678' title='bbox 631 5351 901 5411; x_wconf 76' lang='lat' dir='ltr'><strong>orationis</strong></span> <span class='ocrx_word' id='word_1_679' title='bbox 928 5360 1254 5409; x_wconf 85' lang='lat' dir='ltr'><strong>vetustatem</strong></span> <span class='ocrx_word' id='word_1_680' title='bbox 1281 5351 1559 5410; x_wconf 69' lang='lat' dir='ltr'><strong>affectavit</strong></span> <span class='ocrx_word' id='word_1_681' title='bbox 1588 5371 1599 5410; x_wconf 75' lang='grc' dir='ltr'>ζ</span> <span class='ocrx_word' id='word_1_682' title='bbox 1628 5370 1755 5410; x_wconf 89' lang='lat' dir='ltr'><strong>cum</strong></span> <span class='ocrx_word' id='word_1_683' title='bbox 1777 5368 2086 5411; x_wconf 88' lang='lat' dir='ltr'><strong>sermonem</strong></span> 
     </span>
    </p>
   </div>
   <div class='ocr_carea' id='block_1_97' title="bbox 2195 5137 3787 5218">
    <p class='ocr_par' dir='ltr' id='par_1_97' title="bbox 2195 5137 3787 5218">
     <span class='ocr_line' id='line_1_97' title="bbox 2195 5137 3787 5218; baseline -0.002 -23"><span class='ocrx_word' id='word_1_684' title='bbox 2195 5137 2430 5218; x_wconf 68' lang='lat' dir='ltr'><strong>dicendo</strong></span> <span class='ocrx_word' id='word_1_685' title='bbox 2450 5138 2702 5218; x_wconf 65' lang='lat' dir='ltr'><strong>sordium</strong></span> <span class='ocrx_word' id='word_1_686' title='bbox 2736 5155 2842 5194; x_wconf 91' lang='lat' dir='ltr'><strong>non</strong></span> <span class='ocrx_word' id='word_1_687' title='bbox 2873 5146 3036 5195; x_wconf 89' lang='lat' dir='ltr'><strong>tenue</strong></span> <span class='ocrx_word' id='word_1_688' title='bbox 3066 5138 3379 5218; x_wconf 68' lang='lat' dir='ltr'><strong>vestigium,</strong></span> <span class='ocrx_word' id='word_1_689' title='bbox 3433 5139 3493 5195; x_wconf 93' lang='lat' dir='ltr'><strong>in</strong></span> <span class='ocrx_word' id='word_1_690' title='bbox 3545 5137 3787 5218; x_wconf 74' lang='lat' dir='ltr'><strong>articulis</strong></span> 
     </span>
    </p>
   </div>
   <div class='ocr_carea' id='block_1_98' title="bbox 2196 5210 3784 5283">
    <p class='ocr_par' dir='ltr' id='par_1_98' title="bbox 2196 5210 3784 5283">
     <span class='ocr_line' id='line_1_98' title="bbox 2196 5210 3784 5283; baseline -0.001 -18"><span class='ocrx_word' id='word_1_691' title='bbox 2196 5211 2635 5283; x_wconf 12' lang='lat' dir='ltr'><strong>perAHeddonemi</strong></span> <span class='ocrx_word' id='word_1_692' title='bbox 2658 5218 3007 5282; x_wconf 69' lang='lat' dir='ltr'><strong>praepositum</strong></span> <span class='ocrx_word' id='word_1_693' title='bbox 3037 5210 3105 5266; x_wconf 87' lang='lat' dir='ltr'><strong>ad</strong></span> <span class='ocrx_word' id='word_1_694' title='bbox 3130 5210 3466 5283; x_wconf 85' lang='lat' dir='ltr'><strong>avunculum</strong></span> <span class='ocrx_word' id='word_1_695' title='bbox 3496 5211 3704 5283; x_wconf 82' lang='lat' dir='ltr'><strong>missis,</strong></span> <span class='ocrx_word' id='word_1_696' title='bbox 3733 5210 3784 5263; x_wconf 91' lang='lat' dir='ltr'><strong>in</strong></span> 
     </span>
    </p>
   </div>
   <div class='ocr_carea' id='block_1_99' title="bbox 2196 5281 3783 5355">
    <p class='ocr_par' dir='ltr' id='par_1_99' title="bbox 2196 5281 3783 5355">
     <span class='ocr_line' id='line_1_99' title="bbox 2196 5281 3783 5355; baseline 0.001 -19"><span class='ocrx_word' id='word_1_697' title='bbox 2196 5281 2407 5355; x_wconf 74' lang='lat' dir='ltr'><strong>quibus</strong></span> <span class='ocrx_word' id='word_1_698' title='bbox 2423 5281 2728 5355; x_wconf 85' lang='lat' dir='ltr'><strong>barbariem</strong></span> <span class='ocrx_word' id='word_1_699' title='bbox 2752 5281 2910 5353; x_wconf 88' lang='lat' dir='ltr'><strong>putes</strong></span> <span class='ocrx_word' id='word_1_700' title='bbox 2938 5283 3224 5355; x_wconf 86' lang='lat' dir='ltr'><strong>collegisse</strong></span> <span class='ocrx_word' id='word_1_701' title='bbox 3253 5282 3320 5355; x_wconf 86' lang='lat' dir='ltr'><strong>de</strong></span> <span class='ocrx_word' id='word_1_702' title='bbox 3348 5282 3538 5338; x_wconf 71' lang='lat' dir='ltr'><strong>triviis</strong></span> <span class='ocrx_word' id='word_1_703' title='bbox 3571 5290 3626 5337; x_wconf 90' lang='lat' dir='ltr'><strong>et</strong></span> <span class='ocrx_word' id='word_1_704' title='bbox 3651 5294 3783 5355; x_wconf 78' lang='lat' dir='ltr'><strong>com-</strong></span> 
     </span>
    </p>
   </div>
   <div class='ocr_carea' id='block_1_100' title="bbox 2194 5351 3784 5426">
    <p class='ocr_par' dir='ltr' id='par_1_100' title="bbox 2194 5351 3784 5426">
     <span class='ocr_line' id='line_1_100' title="bbox 2194 5351 3784 5426; baseline -0.002 -18"><span class='ocrx_word' id='word_1_705' title='bbox 2194 5351 2345 5426; x_wconf 84' lang='lat' dir='ltr'><strong>pitis.</strong></span> <span class='ocrx_word' id='word_1_706' title='bbox 2379 5354 2645 5410; x_wconf 69' lang='lat' dir='ltr'><strong>Praeterea</strong></span> <span class='ocrx_word' id='word_1_707' title='bbox 2666 5351 3116 5425; x_wconf 44' lang='lat' dir='ltr'><strong>jus—canonicum</strong></span> <span class='ocrx_word' id='word_1_708' title='bbox 3145 5362 3200 5410; x_wconf 88' lang='lat' dir='ltr'><strong>et</strong></span> <span class='ocrx_word' id='word_1_709' title='bbox 3239 5354 3460 5410; x_wconf 87' lang='lat' dir='ltr'><strong>decreta</strong></span> <span class='ocrx_word' id='word_1_710' title='bbox 3505 5351 3784 5426; x_wconf 79' lang='lat' dir='ltr'><strong>pontiﬁcis</strong></span> 
     </span>
    </p>
   </div>
   <div class='ocr_carea' id='block_1_101' title="bbox 564 5504 3781 5636">
    <p class='ocr_par' dir='ltr' id='par_1_101' title="bbox 564 5504 3781 5636">
     <span class='ocr_line' id='line_1_101' title="bbox 564 5504 3781 5636; baseline 0.001 -72"><span class='ocrx_word' id='word_1_711' title='bbox 564 5504 825 5634; x_wconf 56' lang='lat' dir='ltr'><strong>:Biet</strong></span> <span class='ocrx_word' id='word_1_712' title='bbox 1038 5508 1294 5585; x_wconf 87' lang='lat' dir='ltr'><strong>deinceps</strong></span> <span class='ocrx_word' id='word_1_713' title='bbox 1350 5509 1409 5567; x_wconf 92' lang='lat' dir='ltr'><strong>in</strong></span> <span class='ocrx_word' id='word_1_714' title='bbox 1459 5508 1703 5568; x_wconf 92' lang='lat' dir='ltr'><strong>medium</strong></span> <span class='ocrx_word' id='word_1_715' title='bbox 1748 5509 1974 5569; x_wconf 88' lang='lat' dir='ltr'><strong>adducit</strong></span> <span class='ocrx_word' id='word_1_716' title='bbox 2018 5517 2229 5581; x_wconf 86' lang='lat' dir='ltr'><strong>auctor,</strong></span> <span class='ocrx_word' id='word_1_717' title='bbox 2277 5526 2347 5567; x_wconf 85' lang='lat' dir='ltr'><strong>ex</strong></span> <span class='ocrx_word' id='word_1_718' title='bbox 2394 5510 2677 5570; x_wconf 83' lang='lat' dir='ltr'><strong>Hincmari</strong></span> <span class='ocrx_word' id='word_1_719' title='bbox 2724 5509 3049 5570; x_wconf 79' lang='lat' dir='ltr'><strong>Rhemensis</strong></span> <span class='ocrx_word' id='word_1_720' title='bbox 3102 5510 3358 5587; x_wconf 87' lang='lat' dir='ltr'><strong>epistolis</strong></span> <span class='ocrx_word' id='word_1_721' title='bbox 3405 5519 3458 5568; x_wconf 92' lang='lat' dir='ltr'><strong>et</strong></span> <span class='ocrx_word' id='word_1_722' title='bbox 3506 5506 3781 5585; x_wconf 82' lang='lat' dir='ltr'><strong>opusculis</strong></span> 
     </span>
    </p>
   </div>
   <div class='ocr_carea' id='block_1_102' title="bbox 909 5598 1017 5637">
    <p class='ocr_par' dir='ltr' id='par_1_102' title="bbox 909 5598 1017 5637">
     <span class='ocr_line' id='line_1_102' title="bbox 909 5598 1017 5637; baseline 0.028 -3"><span class='ocrx_word' id='word_1_723' title='bbox 909 5598 1017 5637; x_wconf 80' lang='lat' dir='ltr'><strong>DIT.</strong></span> 
     </span>
    </p>
   </div>
   <div class='ocr_carea' id='block_1_103' title="bbox 492 5576 823 5649">
    <p class='ocr_par' dir='ltr' id='par_1_103' title="bbox 492 5576 823 5649">
     <span class='ocr_line' id='line_1_103' title="bbox 492 5576 823 5649; baseline 0.006 -17"><span class='ocrx_word' id='word_1_724' title='bbox 492 5576 823 5649; x_wconf 76' lang='lat' dir='ltr'><strong>praelibavit.</strong></span> 
     </span>
    </p>
   </div>
  </div>
