4070 6184
207 252 323 311 973

1521 255 1809 314 ΝΟΤΙΤΙΑ
1847 258 2240 318 HISTORICA.

3409 268 3517 326 974

208 404 451 501 sincere,
485 400 1146 501 et-‘edA-omneehv‘eritatis
1181 419 1463 501 numeros,
1507 422 1683 501 uinum
1723 408 1813 501 ad-
1848 412 1899 471 Α
1927 411 2077 491 culto
2103 416 2157 464 et
2185 409 2474 501 observato
2504 428 2718 494 semper
2746 416 3046 494 avunculo,
3074 417 3221 487 apud
3250 434 3429 501 regem
3460 432 3517 480 et

210 490 471 548 monens,
495 474 802 548 proscripta
829 473 972 530 bona
1000 476 1387 543 ecclesiastica,
1412 478 1558 548 quod
1590 488 1817 535 vocatus

205 547 280 604 ad
308 548 573 623 saeculare
618 544 915 615 judicium,
952 548 1163 623 venire
1199 544 1502 623 noluisset:
1560 550 1817 623 idemque

208 618 477 693 praesenti
510 632 746 693 praesens
794 618 1014 693 repetit.
1045 619 1167 693 __Cui
1190 619 1413 693 _senior,
1456 627 1518 677 ut
1562 618 1818 693 episcopo

206 688 465 757 credens,
499 691 617 743 sine
645 704 797 745 mora
828 706 926 759 pro
945 688 1163 759 juribus
1187 691 1445 747 Ecclesia:
1476 688 1681 749 vindex
1711 688 1818 749 ei-

207 762 411 833 surgit,
472 768 526 816 et
580 761 1159 833 regemdgravissimis
1214 763 1415 818 litteris
1463 764 1818 821 vehementer

208 831 571 905 increpitum,
623 831 692 886 ad
733 831 975 887 ofﬁcium
1036 840 1089 888 et
1138 835 1518 903 ptemtentiam
1571 846 1811 893 revocat.

208 906 352 960 Tum
385 910 670 973 assumpto
691 919 874 959 secum
899 911 1095 974 nepote
1124 922 1302 975 regem
1326 906 1499 961 Pistas
1526 908 1817 963 abeuntem

207 994 335 1055 cum
357 976 500 1055 aliis
526 983 751 1055 secutus
768 974 1086 1055 .episccpis,
1127 974 1330 1055 oblatis
1355 977 1555 1033 iterum
1587 987 1818 1051 quater-

209 1048 506 1122 nionibus,
534 1054 588 1102 et
620 1046 811 1122 multis
841 1046 1024 1122 verbis
1068 1070 1084 1092 ι
1119 1048 1360 1122 ostendit
1389 1046 1654 1122 quantum
1688 1068 1820 1122 prae-

206 1120 507 1191 judicium_
544 1126 597 1172 et
648 1118 990 1191 episcopalis
1029 1118 1346 1191 auctoritas,
1405 1118 1459 1175 et
1489 1118 1820 1177 universalis

212 1188 465 1247 Ecclesia
494 1189 551 1244 in
584 1190 680 1243 tali
712 1188 857 1243 facto
886 1189 1211 1261 patiebatur.
1264 1216 1280 1238 ι
1317 1192 1406 1246 Sic
1436 1193 1585 1247 enim
1619 1202 1821 1249 aucto-

216 1264 439 1318 ritatem
471 1262 545 1335 in
566 1261 691 1315 aula
717 1269 1085 1335 comparatam
1117 1262 1440 1335 collocabat,
1494 1265 1586 1335 qui
1614 1264 1823 1320 dicitur

216 1336 434 1390 aulicus
464 1333 770 1407 episcopus,
795 1332 992 1407 effectu
1009 1334 1292 1407 non‘irrito
1314 1353 1327 1399 ;
1351 1335 1394 1388 si
1423 1332 1644 1407 quidem
1668 1336 1823 1391 obti-

218 1407 339 1462 nuit
368 1413 430 1461 ut
462 1404 700 1477 revestilo
730 1403 989 1477 episcopo,
1026 1404 1229 1477 quibus
1257 1403 1740 1477 fuerat—spoliatus,
1772 1413 1824 1462 et

216 1477 483 1550 privatim
512 1475 769 1531 Pauliaco
792 1476 929 1550 villa
952 1475 1184 1543 reddita,
1218 1477 1393 1533 donec
1416 1475 1662 1550 legitimo
1676 1478 1824 1549 judi-

217 1546 303 1606 cio
335 1549 465 1605 lites
494 1562 685 1605 omnes
702 1546 1152 1616 terminarentur,
1178 1557 1369 1620 pacata
1388 1546 1597 1607 starent
1616 1546 1823 1606 omnia.

945 1648 973 1718 §
1002 1648 1097 1705 IV.

449 1748 637 1817 Regem
669 1746 925 1803 Carolum
951 1746 1135 1801 multis
1158 1748 1331 1803 modis
1360 1749 1593 1819 offendit.

288 1838 470 1892 Tanto
497 1836 726 1892 affectus
753 1834 1023 1890 beneficio
1044 1834 1286 1909 juvenis
1334 1837 1672 1907 imprudens,
1706 1853 1820 1909 gra-

217 1909 367 1965 viter
388 1918 454 1981 Aet
480 1924 680 1978 regem,
714 1913 766 1961 et
814 1908 1201 1981 avunculum,
1229 1916 1282 1962 et
1321 1910 1606 1981 episcopos
1632 1924 1822 1964 omnes

218 1979 476 2046 offendit,
506 1996 632 2035 cum
653 1978 934 2051 praecipiti
967 1979 1165 2051 mentis
1188 1978 1418 2050 impetu,
1453 1978 1673 2034 nemine
1693 1996 1821 2035 con-

216 2055 401 2131 sulto,
447 2051 591 2131 regis
638 2049 856 2131 facinus
904 2049 1153 2131 pontiﬁci
1206 2049 1824 2131 Humanoperlitteras

219 2121 561 2196 signiﬁcavit
584 2142 595 2177 :
629 2121 776 2196 quod
803 2129 859 2196 et
883 2122 1020 2176 alias
1042 2121 1218 2196 facere
1238 2138 1349 2196 non
1376 2123 1583 2196 omisit,
1608 2124 1824 2194 quoties

217 2192 536 2251 vexationis
577 2192 839 2249 nonnihil
884 2210 914 2247 a
970 2192 1135 2263 regiis
1183 2194 1453 2247 ministris
1499 2192 1688 2263 passus
1718 2202 1820 2249 est.

216 2271 339 2325 Hoc
368 2282 500 2322 vero
521 2273 577 2321 et
614 2265 966 2321 acerbissime
999 2264 1131 2319 tulit
1170 2264 1423 2336 princeps
1453 2264 1825 2321 Christianis-

216 2341 420 2405 simus,
453 2347 508 2393 et
536 2337 739 2409 absque
790 2352 1063 2391 consensu
1090 2352 1207 2409 _suo
1248 2336 1396 2409 facto
1442 2336 1825 2407 improbarunt

215 2411 518 2469 antistites.
545 2406 749 2464 lterum
771 2424 991 2480 quoque
1011 2406 1199 2480 eadem
1223 2406 1592 2480 occasione’et
1620 2424 1821 2480 regem,

215 2494 272 2541 et
301 2478 971 2552 archiepiscopum‘suu‘m
1018 2478 1162 2549 apud
1210 2478 1463 2552 eumdem
1506 2479 1824 2550 pontificem

215 2551 543 2613 accusavit:
579 2551 737 2607 illum
778 2559 841 2605 ut
878 2568 1062 2606 rerum
1110 2551 1607 2606 ecclesiasticarum
1642 2567 1825 2621 perva-

216 2644 429 2693 sorem,
454 2625 603 2680 hunc
623 2630 686 2679 ut
707 2623 764 2677 in
803 2623 920 2678 illis
948 2621 1166 2693 injuriis
1195 2623 1493 2694 patientem
1525 2622 1715 2687 nimis,
1749 2629 1821 2689 et,

219 2709 282 2756 ut
348 2698 489 2753 dicit
539 2696 842 2767 Scriptura,
882 2710 1073 2767 canem
1121 2704 1360 2767 mutum,
1411 2710 1521 2749 non
1553 2694 1825 2767 valentem

215 2773 447 2826 latrare.
478 2765 845 2834 Quamobrem
902 2766 971 2821 ab
1026 2782 1091 2820 eo
1145 2766 1442 2836 digressus,
1493 2781 1594 2820 nec
1624 2765 1823 2835 ipsum,

214 2859 328 2898 nec
353 2840 473 2910 ejus
500 2839 700 2895 deinde
732 2840 934 2908 legatos
974 2837 1208 2907 benigne
1231 2836 1488 2910 excepit.
1508 2836 1829 2910 _Sed_co_m-

215 2906 667 2986 provincialibus
701 2906 961 2986 omnibus
1002 2906 1273 2986 episcopis
1291 2907 1571 2977 neglectis,
1603 2906 1826 2986 adialia-

212 2978 801 3062 rumprovinciaruni
822 2978 1109 3062 episcopos
1131 2980 1198 3061 in
1245 2988 1523 3062 posterum
1555 2978 1824 3062 confugit,

209 3050 532 3112 consilium
563 3060 617 3106 et
650 3050 960 3123 prmisidium
1011 3050 1077 3106 ab
1128 3051 1197 3106 iis
1244 3050 1568 3123 rogaturus:
1631 3074 1647 3095 ε
1682 3050 1829 3123 Quia

1927 481 2210 556 episcopos
2240 481 2654 556 gratiosissimo,
2676 485 2832 556 cujus
2877 494 3017 541 nutu
3033 481 3379 546 'et'consiliis
3401 509 3515 550 om-

1926 553 2019 608 nia
2044 554 2099 607 in
2126 553 2409 633 republica
2440 553 2803 633 gerebantur,
2818 565 3001 633 tutum
3049 558 3156 633 sibi
3206 562 3517 633 perfugium

1925 632 2158 710 pararet,
2193 642 2307 710 quo
2331 634 2520 710 contra
2552 628 2692 698 regis
2722 628 2914 707 offensi
2943 637 2995 710 et
3022 628 3521 710 .optimatum'imf

1926 704 2082 768 pctus
2112 705 2400 766 tegeretur.
2438 698 2642 752 Verum
2702 698 2819 768 ejus
2873 698 3173 756 amicitiam
3216 702 3359 758 nihil
3412 706 3520 761 sibi

1927 768 2203 849 prodesse,
2229 769 2343 849 imo
2390 768 2973 849 potius‘obessefalso
2997 772 3355 849 exprobrans,
3390 792 3518 832 cum

1929 839 2049 905 illo,
2079 839 2341 918 cui_n_ihil
2374 856 2485 918 non
2518 839 2768 918 debebat,
2801 839 3086 918 beneﬁciis
3104 839 3360 918 omnibus
3386 864 3518 918 prte-

1927 920 2145 992 ventus,
2180 910 2439 992 bipedum
2463 911 2874 992 ingratissimus
2923 913 3002 968 ita
3056 916 3288 971 certavit
3332 910 3517 992 dictis,

1927 982 2109 1049 factis,
2126 981 2384 1060 _s_cr_ipti_s,
2417 991 2477 1038 ut
2507 981 2616 1060 dici
2630 985 2820 1060 possit
2841 993 3058 1060 tantum
3090 1003 3216 1042 cum
3241 1003 3366 1060 rege
3389 981 3521 1044 veli-

1930 1062 2091 1110 tatus.
2126 1054 2298 1127 Multa
2327 1053 2418 1108 hic
2446 1070 2557 1109 non
2586 1053 2733 1123 dico,
2760 1057 2889 1127 quia
2918 1073 3076 1111 suum
3109 1066 3161 1112 et
3192 1053 3525 1127 metropoli-

1927 1134 2069 1198 tante
2099 1124 2243 1198 sedis
2270 1132 2665 1198 contemptum,
2697 1124 2827 1182 sane
2864 1128 3167 1198 infinitum,
3200 1138 3255 1185 et
3289 1130 3349 1184 in
3371 1124 3524 1189 libro

1930 1196 2601 1272 quinquagintaiquinque
2631 1200 2893 1272 capitum,
2924 1208 2977 1255 et
3007 1201 3132 1256 aliis
3154 1196 3433 1272 epistolis,
3467 1212 3522 1259 et

1932 1268 1990 1323 in
2020 1268 2461 1354 etpostulat‘ione
2509 1268 2653 1351 apud
2684 1268 2981 1354 synodum,
3023 1268 3269 1354 infinito
3302 1281 3353 1327 et
3404 1268 3520 1354 ipse

1931 1339 2284 1411 multiloquio
2316 1339 2640 1415 Bhemensis
2670 1339 3039 1415 prosequitur.
3090 1344 3362 1415 Equidem
3402 1339 3521 1400 sine

1932 1420 2152 1486 stupore
2186 1427 2296 1465 non
2329 1412 2467 1486 lego,
2499 1412 2647 1486 quod
2674 1412 2861 1469 nescio
2887 1421 3071 1486 utrum
3103 1412 3521 1486 eiaggeratione

1934 1482 2207 1557 rhetorica
2227 1482 2473 1557 scribat:
2516 1482 2541 1529 ἒ
2585 1485 2671 1557 Ab
2701 1486 2819 1557 ipsa
2873 1485 2963 1540 die
3021 1494 3128 1543 tuae
3155 1482 3522 1543 ordinationis

1935 1564 2046 1610 tam
2086 1554 2269 1609 verbis
2324 1570 2487 1626 quam
2523 1554 2762 1626 scriptis,
2823 1566 2877 1612 et
2921 1557 3253 1614 inordinatis
3309 1560 3522 1615 actibus

1935 1642 2000 1681 ac
2025 1626 2274 1699 motibus
2310 1627 2439 1693 tuis,
2496 1627 2876 1699 frequentibus
2920 1629 3055 1684 adeo
3096 1646 3217 1685 sum
3268 1639 3523 1699 gravatus

1938 1696 2365 1751 lacerationibus
2394 1704 2556 1769 atque
2584 1696 3023 1767 contusionibus,
3079 1711 3141 1757 ut
3189 1696 3386 1757 taedeat
3436 1718 3525 1757 me

1851 1773 1897 1833 B
1929 1769 2060 1823 vitae
2089 1785 2240 1824 meae.
2284 1792 2302 1814 ι
2339 1771 2517 1841 Atque
2539 1771 2749 1824 utinam
2772 1772 2865 1843 qui
2891 1787 2987 1842 pro
3009 1772 3179 1828 ofﬁcii
3257 1774 3529 1845 radusque

1930 1840 2037 1896 mei
2060 1840 2273 1893 ratione
2296 1839 2395 1894 tibi
2412 1858 2532 1895 sum
2556 1842 2831 1898 alligatus.
2854 1842 2911 1896 in
2935 1851 3145 1898 vastam
3167 1790 3527 1898 solitudinem

3194 1862 3226 1899 Ο

1930 1840 2037 1896 mei
2060 1840 2273 1893 ratione
2296 1839 2395 1894 tibi
2412 1839 2532 1895 sum
2556 1839 2831 1911 alligatus,
2854 1839 2911 1896 in
2935 1851 3145 1898 vastam
3167 1839 3527 1900 solitudinem

1930 1911 2121 1991 procul
2156 1927 2194 1989 au
2216 1919 2267 1965 te
2298 1912 2517 1991 tuisque
2552 1928 2771 1991 possem
2826 1915 3081 1991 avolarel
3144 1939 3167 1991 μ
3219 1925 3280 1970 ut
3312 1925 3406 1971 aut
3434 1924 3530 1970 tua

1931 1985 2233 2055 pertinacia
2253 1985 2595 2037 contumacis
2617 1985 2940 2053 praesentiae,
2964 1993 3060 2039 aut
3083 1985 3374 2041 missorum
3408 1994 3529 2040 tuo-

1932 2053 2565 2133 rum-duriloquiis_,‘_aut
2591 2055 2988 2133 scripturarum
3043 2063 3261 2133 tuarum
3293 2057 3531 2133 deroga-

1931 2125 2577 2201 tionihus,etinutilibus
2596 2126 2810 2201 ngeniis,
2848 2128 3190 2201 quinpotius
3227 2125 3526 2201 tragoediis,

1932 2205 2026 2278 aut
2059 2196 2261 2278 talibus
2291 2212 2411 2266 qum
2430 2196 2893 2278 nonconveniunt
2917 2196 3173 2278 episcopo
3204 2202 3270 2254 de
3300 2196 3353 2254 te
3376 2200 3530 2254 audi-

1932 2267 2222 2342 tionibus,_
2256 2283 2365 2320 non
2421 2267 2646 2342 afﬂigar.
2681 2293 2697 2313 -
2740 2268 2896 2342 Quod
2928 2267 3007 2324 sic
3054 2267 3420 2342 interpretor:
3468 2277 3530 2325 ut

1933 2339 2016 2394 sui
2032 2338 2177 2419 juris
2198 2338 2375 2393 factus
2398 2355 2492 2418 per
2514 2339 2942 2419 ordinationem,
2960 2357 3187 2419 escussa
3199 2338 3384 2419 statim
3406 2357 3529 2395 cen-

1936 2410 2074 2465 soris
2087 2410 2171 2463 sui
2198 2410 2521 2480 reverentia,
2543 2410 2847 2480 spretisque
2865 2411 3089 2467 monitis
3109 2414 3399 2467 saeculares
3417 2427 3529 2466 mo-

1936 2498 2021 2536 res
2044 2480 2304 2553 induerit,
2320 2479 2387 2553 ad
2404 2497 2552 2552 opes,
2577 2479 2644 2553 ad
2669 2479 2922 2553 honores,
2948 2482 3013 2536 ad
3034 2482 3283 2553 corporis
3303 2482 3531 2538 delicias

1935 2553 2227 2617 anhelarit,
2259 2551 2481 2606 dolente
2513 2560 2565 2606 et
2593 2552 2894 2607 identidem
2915 2551 3203 2609 revocante
3233 2554 3528 2608 avunculo:

1936 2640 2106 2697 eaque
2141 2623 2393 2678 simultas
2440 2623 2585 2697 intra
2629 2623 2844 2697 privata
2891 2625 3191 2697 colloquia,
3234 2634 3287 2681 et
3317 2626 3533 2697 occulta

1937 2696 2244 2750 litterarum
2275 2694 2993 2766 commercia’aliquandiu
3054 2694 3302 2762 steterit;
3360 2695 3535 2751 donec

1938 2766 2158 2823 tandem
2192 2766 2247 2819 in
2276 2774 2525 2839 apertum
2544 2782 2759 2839 magna
2784 2768 3035 2839 omnium
3065 2767 3366 2822 offensione
3396 2784 3533 2839 pro-

1938 2839 2106 2909 rupit,
2133 2853 2258 2892 cum
2294 2836 2564 2909 quidquid
2593 2836 2669 2909 ab
2692 2837 3033 2893 alienissimo
3062 2848 3116 2894 et
3148 2836 3535 2895 inimicissimo

1936 2907 2371 2982 ho’mineitime‘ri
2396 2907 2595 2982 putuit,
2629 2908 2733 2964 hoc
2754 2911 3031 2982 avunculo
3056 2926 3241 2982 nepos,
3272 2911 3535 2982 nutritori

1936 2989 1990 3036 et
2018 2979 2355 3053 benefactori
2380 2981 2659 3053 alumnus,
2687 2980 2990 3053 ordinatori
3005 2979 3291 3053 episcOpus
3320 2981 3531 3053 intulit.

2008 3050 2205 3117 Qualia
2233 3057 2363 3105 sunt
2416 3050 2568 3106 hmo:
2636 3052 3001 3117 possessiones
3038 3050 3317 3109 'Ecclesire
3377 3052 3535 3108 Rhe—

208 3144 359 3185 cum
393 3124 483 3178 bis
512 3123 580 3177 ad
614 3119 669 3178 te
696 3122 884 3196 missos
913 3124 1205 3196 etilitteras
1229 3121 1493 3196 miserim,
1525 3128 1581 3196 et
1602 3119 1825 3193 quidam
1858 3137 1901 3196 ρ
1938 3122 2144 3196 mensis
2220 3121 2517 3196 invadere;
2585 3119 3122 3196 administrationem
3179 3122 3419 3196 palatii,
3479 3129 3533 3176 et

207 3209 465 3254 tuorum
496 3201 671 3266 tecum
732 3194 986 3266 loquendi
1046 3193 1347 3266 habuerint
1396 3193 1733 3266 facultatem,
1771 3198 1827 3245 et

210 3281 423 3327 tecum
457 3266 621 3321 locuti
651 3264 873 3333 fuerint,
908 3282 1007 3321 nec
1047 3264 1351 3332 meum,vel
1375 3264 1825 3333 coepiscoporum

208 3346 550 3417 nostrorum
598 3338 852 3417 expetisti
903 3337 1340 3417 auxiliumtnec
1372 3342 1560 3415 nostro
1599 3334 1826 3417 voluisti

206 3411 309 3469 uti
342 3409 602 3474 consilio,
634 3406 778 3463 sicut
798 3407 911 3478 jam
945 3408 1071 3461 aliis
1098 3407 1314 3478 vieibus
1342 3406 1570 3478 egisti.)
1606 3406 1677 3458 Et
1708 3412 1830 3478 post

208 3497 439 3556 pauca:
488 3503 507 3526 ε
538 3480 620 3535 Me
666 3476 887 3556 quoque
919 3477 1241 3556 postposito,
1280 3493 1343 3531 ac
1371 3476 1578 3556 relictis
1608 3477 1830 3554 provin-

211 3546 325 3612 ciae
354 3562 465 3626 tute
494 3546 1294 3626 communibus._coepiscopis,
1346 3546 1571 3626 scilicet
1605 3547 1739 3626 meis
1768 3562 1832 3602 ac

212 3626 358 3701 tuis,
393 3623 449 3677 in
493 3623 603 3677 alia
659 3618 969 3701 provincia,
1021 3617 1372 3701 etualiarum.
1417 3617 1827 3688 provinciarum

215 3688 617 3768 episcoporum
656 3688 787 3768 inde
834 3688 1185 3768 u_ti_consili0
1235 3688 1608 3768 magisquam
1641 3696 1830 3768 nostr-0

216 3760 433 3825 contra
450 3766 667 3836 regulas
695 3761 945 3836 delegisti
972 3778 984 3827 ;
1012 3778 1141 3836 cum
1175 3778 1273 3833 ego
1303 3760 1360 3815 in
1379 3760 1666 3836 vicinitate
1699 3760 1827 3836 loci,

216 3839 323 3894 ubi
354 3832 596 3892 domnus
644 3851 742 3889 rex
773 3833 1189 3898 immorabatur,
1216 3832 1355 3888 tunc
1382 3832 1606 3899 fuerim,
1630 3841 1685 3887 et
1711 3832 1829 3903 qui-

220 3911 355 3966 dam
378 3909 830 3978 coepiscoporum
854 3912 1169 3978 nostrorum
1191 3920 1313 3957 cum
1330 3919 1450 3978 rege
1470 3904 1778 3978 deguerint.
1798 3927 1816 3949 ι

217 3974 499 4044 Putasne,
526 3974 718 4044 lector,
756 3974 1113 4030 temerarium
1147 3974 1260 4028 fore
1287 3975 1575 4043 suspicari,
1608 3974 1832 4044 episco-

264 4069 331 4106 os
358 4052 491 4105 illos
519 4050 752 4104 aliarum
786 4046 1197 4118 provinciarum
1231 4044 1418 4118 fuisse,
1450 4044 1651 4118 quibus
1680 4046 1833 4118 Lug-

264 4070 331 4106 OS
358 4070 491 4105 tuos
519 4070 752 4104 auarum
786 4070 1197 4118 pruvuwmruur
1231 4070 1418 4109 luisse,
1450 4070 1651 4115 qutuus
1680 4070 1832 4115 nug-

221 4070 574 4179 sunensium
625 4135 825 4174 nomen
846 4117 1086 4172 inditum
1111 4123 1213 4183 est,
1230 4116 1559 4188 quibuscum
1574 4114 1689 4185 jam
1706 4115 1832 4188 inde

224 4212 257 4249 a
289 4192 538 4249 concilio
570 4190 714 4262 apud
744 4190 1034 4262 Tusiacum
1066 4185 1330 4262 amicitiai
1370 4185 1832 4262 ftedere_conjun-

222 4275 356 4321 ctus
384 4271 505 4318 est:
538 4258 633 4334 qui
664 4269 845 4315 vetere
876 4261 1142 4334 iniregem
1175 4260 1429 4334 Qarolum
1472 4266 1526 4313 et
1578 4258 1833 4334 Hincma-

225 4353 359 4391 rum
391 4329 862 4406 archiepiscopum
891 4329 1045 4406 iodio,
1076 4330 1224 4406 quod
1266 4346 1361 4401 per
1391 4329 1833 4385 Gotteschalcum

224 4409 289 4463 in
320 4403 723 4480 quaestionibus
754 4403 1078 4480 theologicis
1098 4403 1347 4480 obtinere
1372 4418 1483 4480 non
1514 4409 1828 4480 potuerunt;

1940 3192 2310 3263 abbatiameo
2360 3192 2676 3246 inconsulto
2725 3192 3010 3263 accipere:
3058 3193 3126 3248 ad
3174 3192 3315 3249 illud
3349 3209 3532 3248 mona-

1942 3264 2170 3337 sterium
2196 3262 2285 3337 __in
2342 3262 3054 3337 alienaAprov‘inciafsitum,
3096 3264 3530 3337 absque_metro-

1944 3334 2173 3407 politani
2196 3334 2391 3407 litteris
2424 3333 2717 3407 proﬁcisci,
2750 3335 2891 3407 etiin
2920 3351 2985 3390 eo
3014 3333 3233 3406 negotia
3262 3335 3330 3389 ad
3351 3336 3533 3406 ipsum

1943 3404 2053 3460 non
2078 3404 2412 3485 pertinentia
2440 3405 2752 3485 inconsulte
2792 3404 3119 3485 disponere;
3178 3423 3299 3478 qua
3346 3404 3532 3477 postea

1943 3492 2222 3542 excusare,
2254 3482 2307 3529 et
2354 3492 2385 3529 a
2421 3475 2675 3546 synodali
2734 3475 3049 3546 cognitione
3100 3475 3382 3532 removere
3430 3494 3535 3533 co-

1943 3556 2097 3604 actus
2120 3556 2203 3601 est
2218 3548 2545 3602 avunculus.
2572 3548 2747 3602 Semel
2766 3564 2830 3602 ac
2850 3548 3090 3602 secundo
3111 3547 3435 3605 advocatum
3464 3547 3535 3603 ad

1942 3619 2267 3699 concilium,
2299 3634 2477 3691 neque
2505 3618 2991 3701 accedereipsum,
3038 3635 3214 3701 neque
3262 3620 3534 3701 vicarium

1944 3690 2161 3745 mittere
2191 3707 2315 3745 cum
2345 3690 2622 3746 tractoria.
2668 3690 2964 3746 MultOrum
2992 3690 3288 3746 criminum
3320 3708 3441 3746 reos
3469 3690 3536 3746 ab

1944 3763 2065 3829 ipso
2094 3763 2622 3830 excommunicatos,
2652 3770 2713 3816 ut
2739 3762 3026 3830 Nivinum,
3058 3770 3111 3817 et
3166 3762 3389 3818 fratrem
3420 3762 3537 3834 ejus

1943 3834 2275 3901 Bertricum,
2334 3834 2479 3906 apud
2527 3850 2584 3890 se
2640 3834 2923 3904 recipere:
2985 3833 3102 3905 ejus
3157 3833 3536 3906 subditos,’ut

1944 3906 2349 3973 Amalhertum,
2373 3905 2878 3973 excommunicare,
2906 3922 3082 3978 neque
3107 3907 3271 3961 tertio
3291 3905 3537 3961 admoni-

1944 3983 2062 4030 tum
2114 3978 2441 4031 sententiam
2491 3978 2644 4031 illam
2704 3979 2847 4033 velle
2896 3978 3241 4033 rescindere:
3301 3984 3363 4032 ut
3416 3992 3537 4032 eam

1945 4047 2015 4101 ob
2048 4064 2159 4119 rem
2191 4048 2453 4119 placitum
2478 4047 2657 4119 indici
2680 4049 2992 4119 oportuerit
3022 4066 3051 4103 a
3100 4048 3433 4115 Rhemensi;
3467 4047 3537 4104 ad

1947 4118 2093 4191 quod
2117 4117 2576 4191 convenientibus
2604 4117 3140 4191 episcopisietilaicis
3160 4120 3538 4191 cujuscunque

1946 4188 2179 4256 ordinis,
2198 4189 2371 4267 multa
2392 4188 2649 4242 indecora
2866 4188 3102 4267 fecitque
3120 4188 3353 4267 uvenis
3373 4188 3536 4267 Hinc-

1947 4276 2150 4314 marus.
2179 4259 2264 4314 Ad
2289 4275 2470 4329 preces
2490 4259 2751 4313 avunculi
2779 4258 2978 4313 Senato
3004 4258 3204 4329 clerico
3228 4258 3535 4329 ordinatio-

1946 4347 2094 4390 nem.
2120 4327 2356 4385 Hadulfo
2378 4330 2715 4400 presbytero,
2750 4337 2803 4384 et
2834 4328 3104 4384 monacho
3119 4327 3335 4400 cuidam
3352 4344 3383 4382 a
3411 4344 3536 4399 rege

1948 4401 2135 4469 misso,
2196 4418 2292 4473 per
2336 4399 2461 4456 eum
2492 4399 3006 4473 eXcommunicatis,
3039 4399 3255 4453 veniam
3288 4406 3340 4454 et
3388 4415 3535 4473 com-

223 4470 620 4552 per'nepctem
663 4470 971 4548 inquietum
1004 4475 1063 4529 in
1104 4473 1268 4552 bonis
1293 4470 1676 4552 ecclesiasticis
1705 4489 1832 4528 con-
1861 4493 1914 4552 D
1945 4470 2436 4552 munionemnolle
2457 4470 2791 4552 concedere:
2824 4487 2987 4552 quam
3012 4478 3191 4552 tameo
3211 4470 3532 4552 monachus,

221 4544 413 4607 secuti
438 4544 601 4614 sint,’
637 4555 697 4602 ut
740 4544 1005 4619 perpetua
1051 4544 1343 4619 vexatione
1376 4544 1746 4619 turbarentur,
1781 4551 1835 4619 et

223 4621 411 4675 vitam
460 4614 921 4673 traherent'cu'ris
988 4615 1365 4688 molestiisque
1411 4614 1832 4688 ptenitendam?

222 4690 523 4762 Quidquid
579 4689 727 4745 credi
778 4696 1044 4760 oporteat,
1126 4685 1373 4762 peccavit
1412 4685 1828 4762 ‘Lautlunensis,

221 4758 477 4834 cumq-ue
508 4762 728 4834 longum
764 4758 1045 4815 etlentum
1066 4758 1343 4834 secutisin
1369 4758 1603 4834 negotiis
1624 4774 1831 4812 morem

222 4830 456 4906 semper
484 4830 682 4906 tenuit,
716 4839 777 4887 ut
808 4834 1055 4906 neglecto
1099 4830 1342 4906 parabili
1377 4836 1431 4884 et
1460 4830 1606 4884 inter
1637 4845 1832 4906 manus

222 4902 422 4978 posito
452 4903 717 4978 remedio,
770 4902 917 4978 quod
973 4919 1004 4957 a
1054 4902 1482 4978 metropolitano
1533 4902 1829 4978 avunculo,

222 4972 553 5055 :vicinisque
583 4972 854 5055 episcopis
906 4990 1090 5055 regem.
1133 4972 1395 5055 perpetuo
1428 4972 1832 5055 circumstanti-

222 5049 361 5114 bus,
394 5043 1326 5119 sperare'potuit,praesidiuinsibi
1356 5044 1570 5113 procul,
1600 5053 1654 5097 et
1682 5051 1834 5119 trans

218 5121 405 5191 Alpes
424 5114 697 5192 quaereret
722 5114 976 5192 :_etiinde
1007 5114 1379 5192 defensionem
1408 5130 1559 5192 suam
1591 5114 1833 5192 auspica-

222 5184 413 5255 retur,
437 5184 533 5245 ubi
566 5188 792 5244 tentatis
822 5188 1026 5243 frustra
1060 5186 1320 5242 omnibus
1348 5185 1645 5240 terminare
1674 5184 1833 5239 debe-

221 5263 349 5317 bat.
380 5254 568 5333 Neque
615 5260 719 5315 hoc
774 5258 1495 5333 intellexit‘vir__incautus,
1528 5272 1582 5311 se
1617 5256 1684 5309 ab
1708 5254 1836 5325 epi—

219 5333 418 5405 scopis
446 5329 769 5405 contemptu
802 5331 1025 5405 offensis
1055 5329 1404 5405 derelictum,
1445 5336 1624 5398 patere
1655 5333 1833 5405 totum

218 5400 492 5477 injuriae;
521 5400 708 5477 et_ubi
731 5419 853 5477 non
884 5401 1117 5474 legibus,
1152 5400 1264 5477 sed
1282 5406 1543 5477 potestate
1571 5404 1832 5477 certatur,

221 5470 529 5533 subditum
592 5474 875 5531 hominem
934 5470 1132 5542 unum,
1188 5470 1367 5527 nihilo
1426 5470 1551 5541 plus
1577 5483 1692 5523 esse
1723 5470 1837 5540 regi

217 5565 401 5620 quam
435 5562 680 5603 muscam
708 5547 1028 5621 elephanto.

344 5746 415 5804 In
441 5741 893 5817 arokicpiscopm
916 5641 1238 5798 συῗωξιινυι
1276 5742 1462 5792 tentare
1485 5734 1737 5794 iam“.

319 5837 385 5892 In
416 5834 620 5910 quibus
648 5834 904 5908 poscebat
932 5829 1227 5905 prudentia
1272 5828 1442 5885 etiam
1486 5828 1750 5901 vulgaris,
1787 5832 1848 5884 ut

1943 4546 2178 4599 aliorum
2210 4544 2588 4615 episcoporum
2620 4550 2809 4614 rogatu
2840 4540 2906 4596 ab
2936 4541 3132 4615 eodem
3160 4540 3320 4596 facile
3350 4542 3537 4615 impe-

1944 4616 2128 4671 travit.
2163 4612 2493 4687 Contempto
2512 4612 2955 4687 metropolitano,
2980 4612 3205 4668 alterius
3227 4612 3529 4687 provinciae

1941 4687 2325 4765 episcOporum
2355 4682 2650 4757 eiquirere
2670 4682 2992 4765 concilium,
3026 4692 3080 4739 et
3106 4682 3249 4765 stare
3280 4685 3423 4765 velle
3444 4682 3532 4765 ju-

1941 4758 2113 4813 dicio:
2153 4773 2221 4811 ne
2251 4766 2572 4830 praesentem
2604 4757 2830 4829 quidem
2862 4758 3039 4830 ipsum
3070 4758 3308 4830 salutare
3330 4757 3538 4830 vel_in_—

1942 4830 2083 4885 tueri
2112 4847 2122 4883 :
2156 4826 2524 4887 vel'osculum
2557 4826 2705 4901 pacis
2734 4829 2792 4885 in
2828 4826 3077 4901 concilio
3116 4828 3264 4898 dare,
3297 4827 3445 4901 quod
3467 4826 3537 4882 ab

1940 4903 2052 4955 alio
2084 4900 2304 4956 nemine
2336 4900 2723 4958 recusabatur:
2761 4900 2905 4956 nihil
2936 4900 3190 4972 denique
3213 4900 3327 4972 non
3356 4912 3533 4969 agere,

1942 4989 2051 5044 quo
2085 4988 2287 5045 vexare
2318 4974 2677 5040 avunculum,
2702 4980 2755 5027 et
2787 4970 3194 5045 metropolitani
3220 4970 3414 5041 jugum
3445 4982 3536 5021 ex-

1941 5051 2126 5098 cutere
2158 5044 2461 5099 moliretur.

2012 5115 2131 5186 lam
2191 5114 2636 5186 anteme-ubique
2694 5114 2895 5168 famam
2951 5111 3211 5186 avunculi
3278 5124 3534 5186 carpere_:

1945 5184 2201 5241 dictitare
2226 5179 2648 5256 ejusinstinctu
2704 5193 2866 5256 atque
2916 5183 3152 5239 consulio
3210 5179 3539 5256 regem_ad-

1947 5272 2167 5311 versum
2198 5250 2269 5309 se'
2301 5255 2545 5310 efferari:
2596 5250 2861 5310 insultare
2925 5261 3184 5311 tanquam
3215 5253 3365 5307 victo
3397 5250 3543 5307 dua-

1946 5327 2049 5381 bus
2080 5327 2138 5380 in
2167 5326 2366 5394 causis,
2423 5327 2684 5394 Rhotadi,
2743 5333 2796 5379 et
2853 5324 3116 5387 Vulfadi;
3175 5324 3450 5395 postulare
3481 5330 3543 5379 ut

1950 5414 2047 5453 sua
2105 5397 2227 5469 ipse,
2276 5398 2492 5469 scripta,
2531 5403 2937 5469 concremaret:
2986 5394 3227 5469 clamare
3270 5394 3543 5469 degrada-

1949 5472 2102 5524 tione
2131 5466 2183 5523 et
2216 5466 2603 5523 interdictione
2636 5484 2666 5522 a
2718 5466 2885 5522 missa
2943 5466 3267 5522 celebranda
3313 5467 3543 5537 dignum

1951 5557 2086 5606 esse,
2122 5539 2285 5613 idque
2314 5556 2369 5595 se
2402 5540 2722 5613 effecturum
2758 5538 2995 5593 minari:
3047 5537 3381 5613 calumniam
3439 5538 3544 5613 im-

1954 5609 2322 5685 pingerefvel
2348 5610 2856 5685 quoddirectorum
2890 5618 3136 5665 veterum
3159 5610 3374 5685 scripta
3391 5609 3544 5665 adul-

1952 5682 2120 5738 teret:
2152 5683 2242 5737 vel
2272 5682 2418 5757 quod
2445 5682 2519 5757 _id
2568 5698 2741 5757 unum
2800 5690 2941 5755 agat,
2992 5697 3061 5738 ne
3120 5682 3544 5757 appellationem

1954 5770 2110 5832 suam
2177 5752 2330 5832 apud
2372 5752 2555 5832 sedem
2612 5752 2934 5832 Bomanam'
2978 5752 3370 5832 prosequatur;
3431 5752 3545 5811 imo

1956 5833 2020 5882 ut
2036 5824 2128 5897 jus
2155 5824 2538 5900 appellationis
2574 5825 2644 5884 ad
2704 5824 3024 5902 pontiﬁcem
3061 5824 3390 5900 abrogetur;
3426 5839 3548 5898 qua
