4078 6182
542 267 648 324 979

1580 258 1923 317 HINCMARI
1967 254 2451 316 LAUDUNENSIS
2486 254 2799 313 EPISCOPI

1636 561 2770 676 HINCMARI

1824 760 2260 808 LAUDUNENSIS
2305 760 2580 807 EPISCOPI

685 926 1917 1145 OPUSCULA
2047 927 2336 1097 ET
2468 919 3741 1098 EPISTOLAZ.

1160 1459 1547 1519 EPISTULA
1586 1455 1967 1518 HINCMARI
2011 1454 2560 1517 LAUDUNENSIS
2604 1454 2706 1513 AD
2749 1450 3257 1517 RHEMENSEM.

915 1605 1123 1676 Purgat
1160 1603 1415 1661 Nivinum
1451 1619 1605 1674 seque
1645 1600 1818 1674 ipsum
1856 1602 1911 1655 in
1949 1600 2064 1671 ejus
2101 1600 2322 1669 negotio,
2366 1604 2414 1654 et
2449 1597 2798 1654 Hincmarum
2834 1597 3168 1654 Rhemensem
3200 1593 3535 1668 perstringit.

1965 1748 2367 1758 ——————-

631 1866 1104 1927 Reverentissimo
1151 1863 1487 1920 Bhemorum
1532 1860 1943 1934 archiepiscopo
1983 1858 2162 1915 Hmc-
2194 1860 2242 1917 A
2271 1856 2531 1929 praedam.
2563 1855 2721 1924 Quod
2753 1864 2936 1911 autem
2965 1853 3208 1927 adjicitis
3237 1869 3337 1909 vos
3366 1869 3396 1908 a
3424 1853 3618 1911 multis
3654 1851 3861 1910 audisse

559 1979 736 2028 uano,
773 1957 1154 2015 Laudunensis
1182 1956 1441 2011 Ecclesiae
1474 1953 1736 2009 minimus
1777 1953 2157 2023 episcoporum

562 2052 911 2115 Hmcuauus,
946 2046 1187 2100 debitam
1231 2046 1289 2099 in
1317 2044 1540 2099 Christo
1567 2043 1941 2098 devotionern.

638 2140 836 2196 Fateor
856 2151 1137 2208 nunquam
1166 2149 1251 2188 me
1276 2133 1515 2187 voluisse
1542 2140 1632 2186 aut
1663 2131 1806 2185 velle
1828 2130 1989 2185 vobis
2007 2130 2158 2201 loqui

560 2236 655 2285 aut
683 2225 940 2294 scribere,
974 2225 1121 2298 quod
1153 2221 1439 2294 contingat
1460 2229 1655 2276 vestrae
1678 2220 1958 2276 serenitati
1991 2220 2160 2276 refra-

560 2317 735 2390 ganda
766 2316 1009 2389 pernicie
1057 2314 1303 2378 obviare,
1334 2321 1429 2368 aut
1479 2310 1703 2367 fucabili
1748 2308 2159 2365 decoloratione

559 2409 872 2481 displicere,
918 2420 1128 2459 memor
1164 2403 1357 2470 Cham,
1408 2401 1531 2457 Sem
1583 2408 1637 2455 et
1684 2402 1898 2473 Japhet,
1951 2402 2161 2457 scilicet

558 2496 965 2556 maledictionis
995 2503 1232 2568 paternae
1256 2511 1318 2548 ac
1336 2491 1837 2547 benedictionis.At
1856 2490 2018 2546 modo
2047 2491 2165 2563 ipsa

560 2588 829 2660 temporis
858 2587 998 2641 ratio
1030 2601 1200 2657 pauca
1232 2583 1299 2639 de
1329 2583 1415 2637 his
1446 2600 1565 2656 quae
1598 2583 1869 2638 instanter
1899 2581 2161 2653 scripsis-

564 2680 637 2734 tis
657 2676 831 2747 exigit
851 2673 1333 2745 respondenda.De
1354 2672 1543 2727 Nivini
1560 2671 1823 2727 videlicet
1852 2689 1881 2726 a
1906 2670 2163 2743 parochia

562 2775 745 2822 vestra
774 2761 1349 2820 excommunicatione
1381 2761 1516 2815 mihi
1551 2761 1830 2829 intimate,
1857 2762 1936 2816 sic
1962 2769 2077 2816 erat
2096 2761 2163 2816 de

565 2851 956 2909 ordinabiliter
1005 2858 1279 2917 accusato,
1316 2856 1368 2905 et
1415 2866 1472 2904 se
1519 2867 1753 2921 purgare
1801 2850 2043 2917 nolente,
2072 2857 2165 2905 aut

564 2958 677 2997 non
711 2940 952 3007 valente,
983 2954 1083 2994 nec
1102 2937 1352 2993 conﬁteri
1382 2939 1779 3009 acquiescente,
1814 2940 1952 2993 vela
1976 2926 2177 2994 scien?

564 3032 716 3089 tibus
743 3029 1001 3086 convicto
1028 3029 1320 3100 agendum.
1362 3027 1466 3083 Sed
1498 3035 1681 3082 tamen
1710 3044 1828 3100 quae
1859 3028 2019 3083 aliter
2060 3044 2168 3083 au-

570 3122 709 3189 divi,
761 3119 971 3175 scilicet
1017 3119 1163 3192 quod
1209 3134 1240 3172 a
1283 3125 1461 3173 vestra
1514 3125 1737 3189 accepto
1788 3117 2168 3173 dominatione

2269 1964 2355 2002 me
2388 1948 2739 2019 proprietatis
2770 1964 2880 2002 suae
2910 1963 2995 2002 res
3032 1946 3090 2001 in
3122 1947 3361 2017 pretium
3394 1946 3464 2002 ab
3502 1962 3568 2000 eo
3597 1946 3857 2018 accipere,

2270 2047 2323 2093 et
2350 2038 2433 2091 illi
2467 2054 2553 2091 res
2583 2053 2645 2093 ac
2677 2036 2969 2092 facultates
2999 2035 3394 2092 ecclesiasticas
3421 2034 3491 2090 ad
3522 2034 3707 2105 turpis
3743 2036 3859 2090 lue-ri

2271 2124 2559 2195 praemium
2591 2124 2648 2177 in
2688 2123 3017 2178 beneﬁcium
3067 2122 3292 2190 donare,
3336 2121 3559 2178 mentiri
3602 2121 3859 2186 audistis;

2272 2230 2595 2289 possemque
2655 2213 2845 2270 mirari
2893 2215 3023 2270 talia
3072 2231 3219 2272 nunc
3261 2214 3419 2270 vobis
3468 2214 3561 2269 tali
3612 2229 3676 2268 ac
3728 2221 3861 2268 tanto

2273 2305 2407 2373 dici,
2441 2306 2547 2361 nisi
2570 2307 2767 2377 sapius
2799 2305 3006 2361 similia
3036 2321 3134 2361 vos
3157 2305 3396 2372 audisse,
3430 2320 3493 2361 ac
3521 2303 3659 2359 falso
3688 2302 3864 2358 audita

2274 2414 2373 2470 pro
2396 2398 2540 2453 veris
2562 2399 2826 2469 recepisse
2843 2406 3004 2469 atque
3034 2398 3273 2452 tenuisse
3301 2397 3524 2452 scissem
3545 2403 3717 2467 atque
3748 2411 3864 2450 sen-

2275 2490 2489 2559 sissem,
2521 2491 2588 2546 de
2623 2490 2824 2562 quibus
2852 2505 2961 2543 non
2995 2496 3074 2543 est
3108 2488 3271 2543 modo
3301 2488 3598 2543 dicendum
3629 2503 3737 2559 per
3759 2487 3865 2541 siu-

2278 2582 2421 2654 gula.
2453 2580 2578 2636 Scio
2609 2582 2741 2637 satis
2766 2597 2796 2635 a
2825 2581 2982 2637 beato
3003 2597 3140 2653 papa
3159 2578 3419 2636 Anacleto
3450 2576 3560 2634 dici
3597 2576 3861 2649 (epist.3):

2291 2694 2309 2717 ι
2348 2673 2521 2727 Nemo
2557 2671 2736 2727 invito
2767 2671 3005 2726 auditori
3044 2670 3281 2725 libenter
3310 2668 3495 2724 refert.
3529 2693 3547 2713 ι
3607 2668 3725 2723 Nec
3758 2665 3865 2722 inde

2279 2760 2490 2817 debetis
2519 2762 2769 2829 acidiari,
2803 2761 2849 2815 si
2881 2760 2948 2816 de
2978 2760 3066 2815 his
3122 2762 3316 2830 loquor
3357 2773 3476 2829 quae
3525 2756 3705 2823 scitis,
3758 2756 3867 2829 quia

2282 2852 2424 2907 nihil
2461 2869 2679 2925 possum
2710 2850 2857 2925 loqui
2891 2850 2957 2906 de
2987 2849 3379 2923 scripturarum
3414 2847 3653 2913 tramite,
3680 2847 3863 2901 saltem

2280 2943 2326 3000 si
2381 2944 2457 2999 sit
2503 2944 2795 3011 chreston;
2848 2942 2994 3016 quod
3039 2941 3315 2997 nesciatis.
3361 2941 3499 2997 Nam
3560 2954 3869 3010 quaecunque

2282 3033 2481 3104 scripta
2494 3038 2637 3097 sunt,
2660 3034 2731 3087 ad
2755 3039 2993 3088 nostram
3014 3032 3310 3086 doctrinam
3331 3032 3529 3100 scripta
3550 3036 3671 3084 sunt
3697 3031 3865 3095 (Rom.

2281 3135 2384 3188 xv,
2411 3120 2490 3191 4).
2526 3122 2595 3175 Et
2622 3121 2769 3193 quod
2789 3121 2998 3176 scimus
3026 3120 3176 3191 loqui
3209 3119 3355 3185 licet,
3387 3127 3442 3176 et
3469 3135 3531 3174 ea
3560 3133 3681 3189 quae
3728 3115 3869 3171 vidi-

572 3211 771 3283 spatio,
808 3216 1104 3281 tenoreque
1131 3215 1407 3279 suscepto,
1442 3208 1597 3264 nullo
1644 3216 1829 3262 tamen
1876 3216 2165 3264 accusante
2195 3220 2241 3279 Β
2285 3226 2407 3265 mus
2436 3218 2489 3265 et
2520 3210 2836 3265 audivimus
2858 3208 3046 3265 testari
3077 3224 3389 3283 possumus,
3426 3214 3479 3262 et
3509 3206 3658 3280 quod
3690 3203 3868 3260 nesei-

569 3299 677 3355 nisi
733 3306 914 3355 vestra
956 3296 1361 3370 probabilitate,
1414 3314 1512 3369 pro
1561 3298 1887 3353 aemulorum
1944 3299 2167 3370 quidem

570 3388 938 3461 suggestione,
977 3388 1029 3442 ei
1060 3389 1389 3459 imputante,
1421 3394 1482 3442 ut
1512 3402 1567 3442 se
1599 3386 1666 3442 ab
1692 3397 1816 3445 octo
1843 3403 1915 3443 ex
1946 3396 2171 3458 paterna

570 3489 721 3552 parte
778 3479 1123 3553 propinquis,
1164 3487 1219 3534 et
1259 3495 1290 3534 a
1339 3487 1575 3551 quatuor
1611 3496 1761 3552 aeque
1811 3496 1881 3535 ex
1928 3487 2172 3535 materna

572 3580 851 3646 purgaret,
884 3573 1097 3626 venerit
1128 3569 1218 3626 die
1248 3569 1477 3642 locoque
1508 3577 1715 3626 statuto
1748 3569 1827 3625 ad
1856 3570 1975 3626 haec
2004 3586 2173 3626 exse-

574 3660 793 3733 quenda
830 3667 1069 3729 paratus,
1104 3668 1156 3714 et
1177 3676 1277 3715 nec
1303 3676 1400 3714 vos
1423 3659 1630 3715 ibidem
1656 3676 1757 3715 nec
1776 3660 2003 3715 missum
2026 3677 2172 3732 repe-

579 3750 716 3804 rerit
751 3756 995 3802 vestrum
1030 3765 1043 3814 ;
1074 3758 1129 3804 et
1158 3758 1280 3819 post
1309 3749 1414 3805 hoc
1443 3749 1641 3803 iterum
1671 3765 1854 3804 coram
1882 3750 2040 3805 vobis
2070 3768 2175 3806 ve-

579 3837 835 3909 strisque,
870 3837 1125 3909 quamvis
1156 3837 1439 3909 inopinate
1469 3837 1793 3904 remonitus,
1831 3838 2081 3909 legaliter
2117 3857 2175 3895 se

578 3944 648 3984 ex
677 3942 906 3999 purgare
934 3927 1174 3981 voluerit
1204 3943 1265 3982 ac
1286 3926 1521 3981 valuerit
1547 3944 1557 3981 :
1586 3926 1681 3982 sed
1704 3926 1899 3982 vosilli
1930 3944 2055 3982 cum
2080 3944 2178 3983 sua

578 4018 741 4072 tertia
772 4031 935 4070 manu
966 4016 1222 4087 quaesisse
1272 4015 1670 4071 denominatim
1720 4018 1855 4073 tales
1901 4018 1998 4089 qui
2048 4034 2175 4073 eum

579 4121 690 4160 non
720 4103 1007 4171 curabant,
1041 4104 1160 4175 ipso
1190 4105 1490 4161 resultante
1517 4106 1665 4178 quod
1688 4108 1929 4163 Francus
1959 4114 2177 4174 esset,et

580 4203 643 4250 ut
674 4194 815 4249 liber
846 4209 899 4249 se
922 4194 1213 4250 defendere
1234 4196 1400 4251 vellet
1421 4204 1473 4251 et
1505 4196 1703 4268 quiret,
1728 4205 1781 4253 et
1813 4197 2033 4270 quidem
2051 4213 2176 4253 cum

580 4283 658 4340 ita
685 4282 897 4339 idoneis
943 4284 1146 4357 quibus
1190 4285 1406 4340 nullum
1453 4296 1633 4357 posset
1670 4286 1879 4342 crimen
1922 4287 2173 4358 imponi;

582 4372 688 4429 hoc
716 4372 1018 4428 refutantes
1046 4374 1300 4430 eumdem
1332 4376 1971 4443 exoommunicaveritis,
2013 4384 2074 4431 ut
2120 4376 2179 4431 in

580 4461 843 4533 parochia
888 4470 1069 4517 vestra
1101 4478 1212 4518 non
1244 4464 1482 4535 amplius
1511 4481 1622 4519 una
1644 4465 1971 4520 consisteret
1996 4472 2176 4533 nocte,

2281 3315 2404 3355 mus
2431 3306 2635 3355 temere
2668 3298 2969 3356 veridicare
2998 3316 3106 3354 non
3137 3299 3285 3355 licet.
3320 3297 3472 3353 Unde
3503 3312 3643 3370 papa
3683 3294 3869 3351 Victor

2283 3392 2466 3463 inquit
2497 3392 2672 3462 (epist.
2696 3390 2772 3461 i):
2821 3416 2840 3437 ι
2858 3390 3192 3446 Audivimus
3220 3403 3455 3460 namque
3483 3386 3630 3460 apud
3662 3402 3763 3442 vos
3791 3401 3867 3440 re

2279 3487 2529 3553 strosque
2557 3480 2774 3535 diversa
2797 3478 3008 3551 judicia
3038 3479 3156 3534 ﬁeri
3186 3486 3239 3532 et
3271 3478 3477 3532 incerta
3502 3475 3870 3547 judicare.ln-

2282 3578 2449 3637 certa,
2477 3570 2786 3625 charissimi
2819 3570 3155 3624 nullatemus
3176 3567 3501 3640 judicimus,
3526 3565 3869 3640 quoadusque

2285 3661 2470 3713 veniat
2504 3660 2795 3723 Dominus,
2827 3660 2921 3731 qui
2953 3659 3177 3715 latentia
3207 3657 3467 3729 producet
3513 3657 3571 3711 in
3596 3656 3796 3722 lucem,
3824 3660 3868 3707 et

2285 3749 2624 3803 illuminabit
2652 3748 2971 3804 abscondita
3010 3747 3380 3815 tenebrarum,
3406 3755 3458 3802 et
3501 3743 3867 3800 manifestabit

2285 3836 2517 3894 consilia
2546 3836 2794 3894 cordium
2816 3856 2826 3892 :
2848 3837 2975 3909 quia
2993 3836 3246 3906 quamvis
3262 3851 3391 3891 vera
3421 3834 3676 3899 sint,non
3700 3843 3867 3888 tamen

2285 3925 2556 3982 credenda
2587 3934 2734 3995 sunt,
2772 3924 2881 3981 nisi
2914 3940 3034 3995 qua)
3062 3924 3369 3979 manifestis
3388 3922 3617 3979 indiciis
3637 3938 3872 3994 compro-

2284 4018 2507 4081 bantur,
2544 4017 2650 4073 nisi
2679 4034 2799 4088 qua:
2850 4015 3140 4070 manifesto
3189 4014 3404 4085 judicio
3451 4015 3868 4075 convincuntur,

2285 4109 2395 4165 nisi
2431 4124 2553 4181 quas
2577 4107 2831 4177 judiciali
2861 4106 3058 4162 ordine
3089 4107 3463 4177 publicentur.
3500 4131 3518 4154 ι
3564 4106 3697 4161 Nam
3730 4119 3871 4158 nun—

2287 4215 2450 4272 quam
2475 4198 2739 4253 hactenus
2768 4195 2835 4250 ab
2862 4195 3089 4251 ineunte
3120 4203 3298 4262 aetate,
3330 4197 3445 4251 Deo
3474 4196 3786 4260 miserante,
3813 4190 3872 4245 de

2288 4287 2459 4342 ullius
2488 4285 2664 4357 turpis
2678 4284 2816 4340 lucri
2837 4284 3066 4356 praemio
3086 4292 3307 4357 accepto
3326 4300 3411 4338 me
3430 4281 3873 4355 reprehendistis,

2284 4385 2383 4431 aut
2409 4373 2718 4431 exercuisse
2746 4374 3104 4445 cognovistis,
3136 4390 3235 4431 nec
3252 4373 3612 4446 cognoscitis,
3640 4388 3741 4429 nec
3774 4372 3875 4428 Deo

2289 4472 2607 4537 protegente
2631 4463 3224 4535 wgnoscetis.Negotii
3254 4465 3493 4536 qualitas
3522 4476 3876 4532 unumquem-

582 4548 934 4606 obsecrantes
964 4560 1015 4608 et
1049 4561 1418 4609 contestantes
1447 4553 1820 4609 nihilominus
1850 4562 1910 4609 ut
1940 4553 2082 4608 nihil
2111 4554 2179 4610 de
2216 4578 2259 4639 ο
2291 4574 2395 4630 que
2426 4563 2520 4617 aut
2547 4563 2793 4621 excusat,
2828 4562 2941 4623 aut,
2974 4562 3034 4608 ut
3089 4554 3245 4609 aiunt
3287 4552 3576 4625 apostolici
3626 4564 3876 4613 canones,

581 4652 682 4694 suo
709 4640 1049 4695 collaborato
1080 4642 1415 4713 perciperet:
1458 4642 1777 4697 nullatenus
1821 4643 2039 4698 credere
2070 4659 2177 4714 po-

580 4730 687 4795 tui,
726 4729 869 4784 sicut
899 4745 1009 4784 non
1039 4730 1227 4800 debui,
1261 4733 1389 4804 quia
1419 4734 1566 4805 quod
1610 4742 1793 4789 vestra
1832 4733 2064 4805 dignum
2094 4744 2181 4791 est

584 4818 931 4886 auctoritate,
966 4827 1204 4875 vestram
1230 4838 1345 4877 non
1374 4831 1553 4894 potest
1596 4824 1763 4878 latere
1805 4832 1899 4879 aut
1944 4825 2182 4895 effugere

581 4906 928 4980 sapientiam.
954 4908 1075 4962 Non
1097 4910 1244 4963 enim
1262 4909 1663 4968 detractoribus
1679 4913 1836 4968 facile
1849 4914 2181 4969 credendum

581 5003 684 5064 est,
718 4997 1019 5068 praesertim
1056 4995 1284 5051 minime
1311 4998 1379 5053 de
1409 4998 1496 5054 his
1522 5001 1620 5072 qui
1652 5002 1935 5057 vobiscum
1988 5020 2097 5059 una
2126 5003 2183 5059 in

583 5080 804 5137 beatum
834 5082 936 5137 Job
966 5082 1235 5139 veraciter
1258 5084 1556 5139 decantant
1582 5104 1597 5141 :
1632 5087 1865 5141 Causam
1894 5106 2055 5158 quam
2080 5108 2184 5143 ne-

584 5172 805 5227 sciebam
827 5172 1223 5243 diligentissime
1251 5174 1628 5246 inuestigabam
1654 5176 1777 5247 (Job
1806 5179 2090 5247 xxrx,16),
2116 5178 2183 5233 ad

584 5278 720 5334 quos
742 5262 1053 5318 benedictio
1072 5263 1302 5334 perituri
1323 5265 1594 5334 pervenit,
1618 5265 1714 5337 qui
1737 5283 1832 5320 cor
1855 5267 2032 5323 viduae
2055 5285 2181 5324 con-

583 5354 836 5408 solantur
859 5353 1077 5423 justitia
1109 5355 1261 5408 velut
1282 5362 1433 5409 veste
1453 5355 1661 5421 amicti,
1686 5356 1743 5410 in
1769 5357 1983 5427 judicio
2015 5360 2179 5412 etiam

582 5439 887 5497 diademate
920 5442 1198 5498 redimiti:
1238 5445 1332 5515 qui
1391 5453 1518 5500 sunt
1564 5446 1757 5501 oculus
1802 5462 1945 5502 cazco
1996 5455 2049 5501 et
2089 5464 2180 5517 pes

581 5527 800 5595 claudo,
843 5549 977 5602 quos
1019 5535 1184 5590 sentit
1236 5551 1441 5607 pauper
1489 5546 1690 5609 patres,
1739 5536 1943 5610 quique
1996 5544 2178 5591 conte-

582 5621 713 5668 runt
762 5617 931 5672 molas
979 5621 1180 5692 iniqui,
1226 5631 1280 5679 et
1326 5623 1393 5680 de
1440 5624 1697 5682 dentibus
1745 5624 1863 5696 ejus
1920 5625 2177 5681 auferunt

2282 4651 2521 4700 accusat.
2552 4643 2734 4710 Addo,
2765 4643 2912 4716 quod
2944 4642 3195 4698 homines
3228 4642 3415 4698 vestri.
3461 4642 3802 4696 Eutramnns
3830 4641 3882 4691 et

2289 4735 2565 4790 Humerus
2595 4741 2889 4799 noverunt,
2911 4732 3043 4804 quia
3068 4733 3206 4788 actis
3234 4740 3382 4787 retro
3407 4730 3573 4786 annis
3604 4728 3746 4784 idem
3780 4726 3881 4782 Xi-

2288 4822 2456 4877 vinus
2482 4821 2743 4892 quaedam
2775 4838 2887 4877 suae
2913 4820 3262 4893 proprietatis
3290 4837 3376 4875 res
3406 4819 3547 4874 mihi
3598 4817 3763 4889 gratis
3792 4830 3881 4886 per

2291 4910 2608 4967 eorumdem
2642 4925 2838 4964 manus
2859 4910 3153 4981 delegavit,
3182 4910 3309 4982 quia
3336 4926 3464 4964 cum
3498 4909 3637 4963 meis
3663 4904 3882 4975 adjace—

2291 5003 2445 5070 bant,
2485 5018 2516 5054 a
2542 5000 2657 5055 suis
2683 5007 2865 5054 autem
2898 5000 3056 5071 longe
3085 4999 3386 5066 distabant,
3427 5013 3675 5071 quaerens
3724 5011 3756 5049 a
3804 5010 3883 5047 me

2288 5090 2594 5160 suffragari,
2626 5090 2755 5161 quia
2785 5088 2977 5144 multis
3008 5088 3309 5160 indigebat.
3342 5089 3458 5159 Ego
3488 5094 3741 5142 tamenet
3760 5100 3881 5139 eum

2292 5190 2486 5253 sponte
2514 5182 2571 5236 in
2602 5180 2808 5253 quibus
2826 5180 2981 5252 potui
3013 5180 3289 5235 carituose
3316 5177 3535 5250 adjuvi,
3575 5185 3633 5232 et
3671 5174 3883 5231 easdem

2290 5287 2395 5338 res,
2421 5271 2563 5324 sicut
2584 5270 2854 5342 praecipue
2886 5270 3224 5323 Eutramnus
3255 5266 3559 5339 cognoscit,
3585 5266 3681 5340 qui
3708 5280 3799 5318 me
3820 5276 3887 5315 ex

2289 5357 2396 5415 hoc
2424 5369 2611 5431 postea
2638 5376 2776 5431 saepe
2810 5360 3024 5413 monuit
3056 5366 3115 5412 ut
3140 5375 3227 5412 eas
3256 5357 3617 5428 requirerem,
3650 5353 3886 5421 recipere

2290 5448 2482 5503 nolui:
2520 5464 2653 5519 quas
2699 5446 2862 5500 etiam
2905 5448 3020 5517 ipse
3071 5445 3308 5500 Nivinus
3341 5444 3455 5514 jam
3510 5456 3741 5513 quoque,
3802 5450 3889 5488 me

2289 5552 2464 5609 neque
2509 5535 2816 5602 resistente,
2846 5535 3006 5589 alteri
3036 5534 3209 5589 dedit.
3259 5534 3399 5587 Ecce
3428 5529 3632 5602 quibus
3661 5524 3890 5583 indiciis

2288 5622 2596 5679 declaratur
2614 5623 2812 5679 falsum
2842 5638 2956 5679 esse
2987 5622 3135 5694 quod
3152 5619 3289 5678 mihi
3306 5619 3633 5690 imponitur.
3649 5616 3765 5685 Ego
3796 5629 3893 5668 au-
