4078 6182
292 245 398 303 981

1499 243 1864 303 OPUSCULA
1900 245 1992 302 ET
2028 245 2423 304 EPISTOLIE.

3500 251 3611 310 982

289 411 405 459 tem
436 413 548 455 non
566 364 829 452 ‘revereor
855 396 988 452 ullis
1023 395 1091 453 de
1119 395 1353 468 alicujus
1380 397 1556 469 turpis
1595 398 1733 454 lucri
1763 414 1899 470 pree-
1924 401 1979 460 A
2020 424 2038 447 ι
2059 399 2633 470 Quiescite,inquiunt
2655 400 2854 469 (Famx
2874 402 3106 473 II,epist.
3133 405 3280 473 l),et
3295 406 3469 463 nolite
3488 423 3609 480 per-

288 490 406 545 mio
427 484 608 543 notari
629 485 1004 556 argumentis;
1042 501 1144 543 nec
1174 502 1312 557 nego
1334 486 1390 541 in
1412 486 1615 559 quibus
1641 487 1815 543 debeo
1845 497 1899 544 et

286 591 535 651 possum,
568 575 813 630 fraterna
850 572 1118 630 charitate
1156 576 1299 629 velle
1329 591 1394 631 ac
1420 584 1606 647 optare
1636 576 1897 648 indigen-

285 667 439 725 tibus
465 663 784 721 subvenire.
832 664 1063 734 Oportet
1090 663 1239 718 enim
1270 664 1587 737 episcopum
1616 666 1673 721 in
1704 666 1897 722 omni-

283 757 391 813 bus
419 752 762 820 benefacere,
796 767 1092 825 omnesque
1139 753 1382 824 recipere
1411 754 1621 812 ﬁdeles.
1662 756 1774 812 Nec
1800 771 1895 810 re—

280 862 557 919 cognosco
595 860 682 899 me
709 842 878 899 alicui
922 849 1211 914 parentum
1242 859 1490 898 meorum
1535 846 1689 900 velut
1725 862 1893 915 sargae

280 939 498 996 dedisse
527 933 880 1000 beneﬁcium,
912 949 982 988 ex
1028 949 1138 1004 quo
1174 940 1230 988 et
1269 933 1586 1005 reipublicae
1628 934 1891 1006 probitas,

281 1035 339 1085 et
370 1026 628 1084 Ecclesiae
651 1022 915 1087 cui,licet
945 1021 1227 1094 indignus,
1246 1023 1513 1094 praesideo
1544 1024 1756 1080 utilitas
1780 1041 1891 1080 non

281 1113 629 1188 respondeat.
686 1110 870 1167 Habeo
899 1125 1136 1182 quoque,
1167 1127 1269 1168 nec
1295 1111 1524 1183 denego,
1568 1113 1704 1168 tales
1750 1113 1889 1169 mihi

280 1203 759 1276 consanguinitate
806 1199 1154 1272 conjunctos,
1185 1218 1324 1274 quos
1362 1204 1409 1258 si
1439 1202 1645 1273 adjuvo
1677 1213 1789 1259 tam
1829 1204 1888 1260 in

282 1295 444 1352 rebus
468 1290 840 1364 acquirendis,
874 1306 1037 1363 quam
1069 1298 1123 1345 et
1148 1291 1208 1346 in
1233 1293 1359 1349 aliis
1379 1309 1568 1348 eorum
1596 1292 1886 1348 necessita-

281 1383 453 1450 tibus,
490 1397 603 1437 non
632 1380 895 1437 Ecclesiae
918 1378 1097 1436 infero
1125 1381 1544 1449 detrimentum,
1579 1382 1692 1438 imo
1719 1384 1887 1439 statui

280 1474 398 1546 ejus
424 1474 649 1530 confero
680 1481 1060 1543 augmentum,
1107 1473 1245 1544 quin
1289 1482 1343 1530 et
1378 1472 1697 1544 reipublicae
1742 1474 1885 1531 addo

287 1565 601 1637 expedibile
642 1562 1062 1620 adminiculum.
1113 1565 1339 1620 Nullum
1383 1574 1566 1620 tamen
1602 1572 1712 1620 tam
1744 1565 1881 1622 mihi

278 1654 586 1713 secundum
638 1667 853 1711 carnem
904 1651 1079 1708 habeo
1120 1653 1349 1708 charum
1380 1670 1478 1725 pro
1508 1654 1666 1725 cujus
1703 1656 1882 1727 turpis

2006 489 2159 561 sequi
2189 504 2285 544 eos
2312 489 2407 560 qui
2434 490 2547 544 Deo
2580 492 2818 562 perfecte
2850 491 3192 559 ministrant,
3223 510 3456 564 quorum
3486 514 3607 554 ora-

2007 578 2252 634 tionibus
2279 587 2333 633 et
2359 586 2572 634 terrena
2600 580 2743 635 bella
2771 580 3055 649 sedantur,
3085 590 3140 636 et
3169 582 3539 640 recedentium
3575 604 3607 641 a

2003 669 2119 724 Deo
2170 668 2486 739 angelorum
2517 670 2798 739 pelluntur
2845 670 3120 737 incursus,
3167 670 3372 743 quique
3414 690 3605 730 omnes

2004 756 2280 814 daemones
2318 765 2665 829 corruptores
2724 775 2946 829 precum
2988 759 3309 816 assiduitate
3358 762 3606 817 confun-

2003 847 2160 903 dunt.
2193 847 2434 903 Induciae
2456 862 2691 919 namque
2712 864 2823 903 non
2843 849 2945 904 sub
2966 857 3196 920 angusto
3214 858 3481 921 tempore,
3505 853 3599 908 sed

2001 939 2104 993 sub
2156 940 2319 1009 longo
2351 938 2529 1009 spatio
2572 938 2935 994 concedendae
2978 947 3128 1007 sunt,
3162 947 3224 994 ut
3257 942 3494 997 accusati
3542 960 3627 998 se.

2000 1044 2322 1101 praeparare,
2354 1036 2408 1084 et
2440 1028 2726 1085 universos
2756 1031 3258 1088 communicatores
3289 1032 3346 1086 in
3375 1035 3596 1105 provin-

1999 1118 2100 1176 ciis
2150 1118 2357 1189 positos
2399 1119 2715 1186 convenire,
2756 1128 2809 1175 et
2853 1128 3016 1175 testes
3062 1138 3384 1193 praeparare,
3435 1131 3597 1197 atque

1997 1212 2188 1260 contra
2217 1205 2565 1261 insidiatores
2608 1222 2664 1260 se
2704 1207 2939 1276 pleniter
2968 1224 3178 1263 armare
3209 1210 3449 1266 valeant.
3489 1212 3596 1266 Ju—

1995 1294 2144 1349 dices
2188 1295 2335 1349 enim
2382 1303 2437 1350 et
2483 1302 2823 1349 accusatores
2875 1297 3010 1351 tales
3058 1312 3174 1351 esse
3224 1297 3443 1365 debent,
3496 1301 3592 1371 qui

1994 1381 2149 1437 omni
2204 1390 2424 1439 careant
2474 1383 2804 1455 suspicione,
2847 1391 2901 1439 et
2944 1401 3014 1439 ex
3071 1386 3251 1440 radice
3308 1387 3591 1444 charitatis

1992 1486 2147 1527 suam
2202 1471 2513 1528 desiderent
2567 1487 2815 1543 promere
2867 1473 3215 1530 sententiam.
3278 1475 3375 1530 liis
3422 1476 3592 1547 igitur

1993 1568 2103 1616 tam
2136 1563 2380 1634 legaliter
2408 1578 2571 1634 quam
2600 1570 2653 1617 et
2681 1562 2944 1633 canonice
2969 1564 3217 1634 prolatis,
3254 1565 3414 1620 etiam
3458 1583 3588 1620 om-

1992 1653 2147 1708 nium
2190 1654 2626 1710 Christianorum
2664 1653 3025 1710 reverentiam
3054 1655 3395 1727 congaudere
3422 1657 3585 1729 depo-

281 1744 427 1800 lucri
455 1743 673 1815 praemio
701 1757 734 1796 a
761 1756 817 1796 se
835 1740 904 1796 ab
924 1741 1112 1814 aliquo
1125 1742 1300 1797 altero
1332 1742 1390 1797 in
1412 1743 1777 1815 acquisitione
1798 1760 1877 1800 re-
1905 1762 1951 1822 Β
1989 1742 2213 1811 scimus,
2246 1742 2521 1815 spirituali
2550 1742 2922 1799 intercedente
2952 1743 3269 1813 dilectione,
3302 1754 3356 1799 et
3388 1747 3586 1804 timore

276 1848 402 1889 rum
444 1839 680 1889 mercato
720 1832 1083 1899 consentiam,
1118 1830 1267 1904 quod
1311 1848 1434 1887 meo
1479 1847 1592 1888 non
1621 1833 1875 1904 congruit

273 1922 574 1993 proposito,
606 1927 701 1975 aut
728 1919 797 1975 ad
826 1919 1009 1976 dantis
1035 1922 1123 1976 vel
1154 1921 1475 1993 accipientis
1501 1922 1872 1993 periculosum

267 2010 540 2067 redundet
561 2009 914 2081 dispendium
940 2027 955 2077 ;
988 2010 1137 2082 quod
1167 2010 1244 2066 ait
1267 2009 1567 2066 Dominus:
1601 2012 1705 2078 Qui
1727 2018 1875 2067 amat

263 2107 470 2172 patrem
512 2106 609 2156 aut
656 2106 897 2167 matrem,
929 2106 1026 2155 aut
1053 2099 1302 2169 fratrem,
1345 2107 1439 2155 aut
1484 2117 1726 2166 uxorem,
1778 2109 1874 2158 aut

262 2210 422 2264 agros
437 2194 722 2265 plusquam
746 2209 840 2260 me,
871 2209 980 2247 non
999 2196 1074 2247 est
1098 2208 1178 2246 me
1197 2189 1387 2262 dignus
1411 2191 1623 2263 (Matth.
1658 2209 1714 2261 x,
1748 2193 1864 2265 37).

263 2282 481 2339 Gratias
508 2289 689 2337 autem
721 2296 821 2352 ago
852 2278 919 2336 de
937 2295 1002 2335 eo
1028 2280 1174 2351 quod
1202 2279 1600 2349 testiﬁcamini,
1628 2281 1757 2354 quia
1785 2300 1871 2340 res

258 2387 326 2428 ac
357 2371 646 2427 facultates
673 2368 1071 2426 ecclesiasticas
1101 2368 1159 2424 in
1187 2368 1536 2424 ordinatione
1565 2370 1862 2443 episcopali

257 2459 332 2516 ad
360 2461 656 2532 regendum
704 2466 757 2515 et
788 2459 1111 2531 regulariter
1138 2458 1569 2531 dispensandum
1599 2460 1717 2516 sine
1750 2477 1867 2532 pre-

258 2550 343 2606 tio
368 2551 603 2621 suscepi.
628 2548 734 2606 Sed
763 2558 819 2605 et
847 2548 995 2620 quod
1018 2549 1153 2615 Deo,
1183 2547 1499 2614 miserante,
1528 2548 1723 2603 vestris
1744 2565 1866 2605 sum

253 2645 541 2695 assecutus
569 2637 790 2705 studiis,
830 2637 1077 2705 ingratus
1107 2636 1264 2692 vobis
1289 2636 1409 2691 ﬁeri
1442 2653 1725 2710 nunquam
1757 2655 1866 2710 op-

254 2728 397 2796 tsvi,
430 2727 524 2783 sed
562 2726 916 2782 humillimus
946 2725 1242 2782 famulator
1268 2725 1547 2781 exstitisse
1579 2726 1861 2784 contendi.

250 2817 663 2891 Prosequimini
710 2816 844 2872 satis
889 2831 1160 2887 superque
1198 2824 1510 2871 sanctarum
1545 2814 1866 2886 Scriptura-

248 2921 385 2963 rum
426 2907 741 2965 auctoritati
785 2906 1148 2973 contrarium,
1175 2913 1229 2961 et
1272 2921 1547 2961 canonum
1585 2920 1864 2963 sacrorum

249 3012 374 3053 esse
403 2996 635 3052 decretis
662 2994 976 3051 adversum.
1012 2995 1177 3064 Ergo,
1210 3002 1271 3049 ut
1300 2993 1516 3048 ratione
1538 2993 1731 3065 liquet,
1767 3011 1864 3051 nec

1983 1831 2296 1899 Dominico,
2322 1847 2417 1903 per
2446 1847 2607 1903 quem
2639 1831 2880 1888 humana
2906 1841 3219 1888 removetur
3248 1834 3498 1903 offensio,
3533 1843 3586 1891 et

1982 1922 2355 1977 Ecclesiarum
2420 1920 2712 1976 aediﬁcatio
2769 1922 3107 1991 prmponitur
3167 1924 3462 1991 universis,
3522 1933 3584 1979 ut

1984 2011 2155 2080 magis
2205 2009 2451 2063 universi
2482 2010 2551 2063 ad
2581 2009 3001 2064 aediﬁcationem
3052 2011 3284 2067 fratrum
3332 2013 3579 2068 laborent

1981 2116 2145 2171 quam
2176 2098 2243 2154 ad
2272 2097 2707 2167 damnationem,
2737 2099 3023 2169 quoniam,
3056 2099 3238 2172 inquit
3287 2102 3577 2171 Dominus,

1980 2192 2047 2248 In
2076 2192 2168 2244 hoc
2209 2196 2510 2260 cognoscent
2553 2206 2729 2243 omnes
2770 2191 2897 2257 quia
2940 2189 3039 2243 mei
3086 2189 3206 2244 estis
3235 2190 3502 2261 discipuli,
3536 2193 3583 2246 si

1978 2279 2302 2335 dilectionem
2355 2278 2643 2334 habueritis
2698 2278 2769 2332 ad
2797 2278 3014 2331 invicem
3046 2280 3225 2347 (Joan.
3286 2298 3411 2348 xm,
3461 2284 3575 2354 35).

1977 2372 2094 2427 Jam
2140 2372 2290 2425 enim
2338 2371 2569 2424 formam
2600 2368 2876 2435 dedimus,
2908 2376 2961 2421 et
3008 2385 3040 2423 a
3086 2369 3577 2439 praedecessoribus

1978 2463 2181 2517 nostris
2210 2461 2392 2515 datam
2425 2476 2540 2515 esse
2568 2456 2949 2529 cognovimus,
2974 2465 3035 2511 ut
3062 2458 3107 2511 si
3135 2459 3259 2529 quis
3288 2476 3343 2513 se
3363 2477 3576 2530 cogno-

1977 2551 2119 2606 verit
2148 2550 2545 2615 Christianum,
2568 2548 2709 2603 illud
2728 2558 2907 2604 servet
2932 2546 3077 2619 quod
3099 2548 3360 2617 apostolis
3390 2549 3576 2605 nosci-

1975 2647 2068 2696 tur
2095 2655 2210 2696 esse
2252 2638 2542 2706 traditum,
2572 2637 2788 2693 dicente
2812 2638 3078 2709 Apostolo
3126 2637 3295 2692 Paulo
3325 2656 3335 2692 :
3373 2639 3431 2692 Si
3458 2638 3577 2707 quis

1973 2730 2118 2785 vobis
2147 2727 2545 2784 annuntiaverit
2566 2733 2765 2799 praeter
2793 2728 2933 2797 quod
2961 2726 3247 2797 accepistis,
3294 2728 3576 2782 anathema

1975 2820 2043 2874 sit
2070 2820 2219 2889 (Gal.
2257 2836 2293 2887 ι,
2326 2818 2407 2888 9).
2461 2816 2714 2873 Christus
2758 2816 2904 2870 enim
2951 2816 3049 2870 Dei
3097 2815 3271 2869 Filius
3303 2815 3573 2870 Dominus

1974 2919 2161 2966 noster
2190 2910 2434 2965 humano
2459 2908 2643 2980 generi
2676 2923 2771 2979 per
2797 2908 3077 2979 propriam
3102 2907 3407 2978 passionem
3430 2910 3573 2964 salu-

1973 3008 2084 3056 tem
2107 2998 2482 3072 plenissimam
2513 2997 2869 3063 condonavit,
2896 3004 2956 3051 ut
2989 3012 3088 3050 nos
3122 2995 3396 3053 liberaret.
3436 2999 3503 3053 Et
3525 3000 3571 3054 si

245 3087 311 3143 in
355 3087 459 3142 hoc
505 3084 706 3158 probor
734 3084 904 3139 sacris
954 3081 1216 3179 injuriam
1238 3082 1559 3179 -Scr_ipt.uris
1598 3082 1858 3153 irrogare,
1890 3115 1934 3179 ο
1973 3094 2120 3148 Deus
2150 3090 2206 3144 in
2245 3096 2460 3143 tantum
2505 3104 2604 3142 nos
2634 3087 2853 3152 dilexit,
2888 3093 2949 3139 ut
2976 3085 3140 3141 etiam
3172 3086 3393 3156 proprio
3425 3087 3570 3143 Filio

244 3192 360 3233 nec
399 3191 673 3233 canonum
717 3189 999 3229 sacrorum
1047 3170 1281 3227 decretis
1322 3170 1565 3239 obviare,
1598 3188 1629 3226 a
1658 3173 1859 3244 quibus

252 3258 865 3340 apostolica‘duntaxat
893 3263 1221 3321 auctoritate
1250 3265 1540 3331 roboratis,
1573 3284 1855 3338 nunquam

238 3365 384 3429 opto
416 3372 499 3410 me
518 3354 758 3422 deviare,
779 3370 878 3409 nec
906 3353 1070 3409 etiam
1099 3370 1219 3409 reor
1240 3371 1326 3410 me
1345 3354 1413 3409 ab
1439 3355 1518 3410 eis
1548 3355 1607 3410 in
1641 3366 1856 3427 prseter-

236 3438 329 3505 ito
355 3446 622 3503 deviasse.
655 3445 967 3502 Annectitis
988 3462 1228 3518 quoque,
1254 3446 1297 3500 si
1328 3446 1405 3500 ita
1434 3453 1536 3513 est,
1566 3453 1626 3501 ut
1656 3448 1857 3516 passim

234 3554 268 3594 ι
296 3536 499 3593 multis
525 3542 581 3591 et
604 3535 769 3590 etiam
801 3534 1019 3605 publice
1051 3535 1107 3588 in
1144 3533 1382 3605 publicis
1410 3533 1629 3604 placitis
1659 3533 1856 3589 divul-

235 3637 426 3703 gatur,
460 3633 732 3699 quantum
760 3624 1066 3696 periculum
1099 3641 1161 3680 ac
1187 3623 1584 3679 detrimentum
1616 3624 1742 3679 inde
1774 3624 1853 3680 in-

233 3737 494 3786 curram,
513 3724 879 3790 quantamque
906 3715 1367 3789 vituperationem
1400 3715 1726 3772 sacerdotali
1754 3716 1852 3771 mi-

233 3809 480 3868 nisterio
501 3808 763 3878 ingeram,
786 3806 833 3861 si
852 3823 1045 3861 sanum
1068 3806 1220 3877 sapio
1242 3804 1547 3877 intelligere
1571 3822 1675 3862 me.
1701 3806 1851 3861 Istud

233 3900 389 3957 mihi
420 3897 624 3953 mirum
654 3903 754 3963 est,
784 3894 932 3966 quod
961 3895 1161 3965 passim
1193 3910 1224 3948 a
1244 3894 1434 3950 multis
1459 3904 1513 3950 et
1541 3895 1705 3950 etiam
1739 3909 1850 3966 plt-

232 3990 391 4047 blice
421 3987 479 4042 in
509 3984 748 4058 publicis
789 3982 1008 4054 placitis
1037 3980 1176 4035 illud
1205 3980 1540 4051 divulgatur,
1573 3984 1720 4054 quod
1750 4000 1849 4040 nec

230 4078 463 4135 occulte
516 4092 547 4132 a
588 4091 675 4131 me
717 4072 1010 4144 cogitatur.
1064 4070 1259 4125 Utrum
1290 4085 1422 4125 vero
1452 4070 1619 4125 alicui
1662 4087 1729 4126 ex
1762 4072 1850 4127 his

231 4166 465 4240 placitis
486 4166 744 4222 fecissent
771 4180 803 4219 a
833 4162 990 4217 vobis
1020 4177 1116 4233 pro
1150 4159 1254 4216 hoc
1280 4160 1604 4232 petitionem
1628 4160 1848 4231 negotio

232 4257 440 4325 miror,
490 4256 803 4311 inculcante
850 4253 1010 4308 beato
1053 4267 1191 4323 papa
1219 4250 1445 4308 Callisto
1472 4249 1689 4320 (Epist.
1724 4248 1793 4320 1)
1831 4268 1843 4306 :

245 4372 266 4395 ι
306 4346 512 4403 Nullus
538 4361 666 4417 ergo
694 4344 977 4400 doctorem
999 4359 1094 4415 per
1124 4342 1329 4412 scripta
1355 4349 1707 4406 accuset,nec
1728 4341 1846 4397 sine

229 4436 394 4492 ﬁdeli
427 4442 484 4491 et
510 4435 778 4507 legitimo,
799 4434 892 4506 qui
915 4433 1079 4487 etiam
1104 4431 1640 4502 irreprehensibilem
1674 4431 1843 4487 vitam
1872 4472 1921 4531 D

229 4542 301 4582 ac
331 4523 810 4581 conversationem
862 4522 1046 4589 ducat,
1078 4528 1395 4576 accusatore
1425 4520 1769 4590 respondeat.
1813 4546 1831 4567 ι

229 4618 310 4674 Et
323 4634 465 4690 papa
483 4616 812 4673 Eleutherus
832 4621 1063 4670 testatur
1086 4614 1286 4685 (Epist.
1316 4611 1491 4676 unica,
1507 4612 1601 4665 sub
1623 4612 1801 4681 ﬁnem)
1830 4629 1842 4668 :

247 4731 267 4755 ι
305 4707 419 4773 Qui
440 4706 636 4761 fratres
654 4711 913 4762 accusant
932 4703 1019 4759 vel
1042 4703 1324 4769 infestant,
1344 4717 1453 4756 non
1472 4716 1565 4755 eos
1585 4699 1844 4769 diiigunt,

229 4798 334 4854 sed
367 4796 541 4868 magis
585 4796 892 4867 negligunt,
926 4802 980 4849 et
1007 4800 1235 4866 peccant
1267 4792 1485 4848 dicente
1530 4790 1797 4862 Apostolo
1830 4806 1841 4846 :

226 4893 466 4949 Dilectio
484 4891 724 4961 proximi
748 4890 946 4943 malum
970 4903 1077 4941 non
1092 4892 1346 4957 operatur
1372 4887 1548 4958 (Rom.
1580 4900 1704 4951 xm,
1732 4883 1844 4953 10).

222 4985 375 5039 Item
405 4981 549 5036 idem
586 4998 596 5035 :
634 4980 823 5035 Frater
851 4983 1026 5033 autem
1061 4977 1290 5046 fratrem
1317 4975 1583 5044 adjuvans
1626 4975 1848 5029 exalta—

223 5073 406 5138 bitur,
435 5075 485 5125 et
510 5069 738 5124 alliciens
768 5066 1118 5137 dissipabitur
1149 5066 1335 5135 (Prov.
1370 5079 1533 5131 xvm,
1568 5064 1681 5134 10).
1724 5089 1740 5109 ι
1778 5063 1849 5119 Et

220 5179 380 5237 papa
437 5161 617 5226 Felix,
668 5175 738 5214 ex
795 5158 990 5213 divino
1058 5172 1158 5210 nos
1230 5154 1531 5210 admonens
1600 5155 1843 5220 oraculo,

220 5255 356 5311 suis
400 5250 520 5307 haec
571 5250 649 5304 ita
700 5254 1021 5319 prosecutus
1078 5253 1162 5300 est
1214 5242 1486 5298 institutis
1542 5257 1641 5313 pro
1702 5243 1841 5297 loco.

216 5337 376 5392 Nam
430 5343 485 5390 et
540 5352 570 5391 a
624 5336 826 5392 nostris
904 5332 1342 5389 antecessoribus
1405 5339 1567 5403 atque
1637 5330 1845 5385 relictis

216 5424 446 5482 sanctis
492 5425 746 5481 Patribus
794 5422 1078 5478 multoties
1129 5420 1431 5476 inhibitum
1479 5427 1581 5487 est,
1611 5436 1678 5474 ne
1721 5418 1846 5490 quis

214 5512 467 5572 Domini
511 5513 889 5570 sacerdotibus
935 5511 1303 5568 detractiones
1360 5511 1584 5580 irroget,
1636 5515 1845 5580 quanto

213 5604 414 5676 magis
433 5603 814 5662 accusationes
830 5617 943 5659 non
965 5617 1036 5657 ex
1051 5601 1236 5658 radice
1257 5598 1544 5657 charitatis
1566 5597 1844 5670 prolatas?

1968 3195 2079 3234 non
2109 3184 2371 3249 parceret,
2401 3176 2494 3231 sed
2521 3192 2619 3246 pro
2641 3172 3090 3241 nobisomnibus
3121 3172 3281 3225 illum
3306 3170 3563 3238 traderet,

1967 3277 2029 3322 ut
2062 3284 2162 3321 nos
2193 3264 2448 3320 liberaret
2476 3283 2488 3320 ;
2523 3273 2585 3319 ut
2606 3263 2740 3335 quid
2761 3280 2860 3318 nos
2882 3278 2992 3318 non
3015 3261 3319 3329 diligimus,
3346 3260 3561 3328 fratres,

1967 3364 2062 3411 aut
2116 3371 2208 3410 eos
2253 3362 2457 3411 temere
2507 3352 2843 3422 judicamus,
2875 3366 3000 3407 cum
3062 3348 3355 3421 praedictus
3416 3348 3565 3404 dicat

1965 3445 2262 3515 Apostolus
2294 3462 2305 3498 :
2336 3442 2511 3498 Nolite
2543 3441 2789 3509 judicare
2818 3440 3056 3506 invicem,
3090 3439 3177 3491 sed
3206 3438 3298 3491 hoc
3326 3436 3565 3505 judicate

1964 3533 2150 3603 magis.
2182 3549 2245 3587 ne
2271 3533 2479 3602 ponatis
2510 3531 2878 3601 offendiculum
2908 3529 3076 3599 fratri
3098 3530 3175 3582 vel
3203 3528 3513 3581 scandalum
3533 3531 3563 3583 ?

1967 3625 2143 3696 (Rom.
2168 3640 2287 3689 xxv,
2314 3623 2389 3691 1.)
2410 3621 2545 3675 Nam
2570 3620 2613 3675 si
2639 3620 2721 3674 illi
2746 3619 2841 3689 qui
2866 3620 3059 3673 fratres
3080 3617 3339 3687 diligunt,
3359 3633 3427 3671 ex
3449 3619 3562 3673 Deo

1962 3716 2076 3770 nati
2103 3724 2250 3782 sunt,
2285 3722 2338 3769 et
2378 3713 2569 3768 vident
2616 3714 2809 3777 Deum,
2844 3709 2978 3781 quid
3006 3726 3134 3780 ergo
3178 3709 3283 3764 erit
3316 3709 3429 3764 illis
3459 3711 3556 3781 qui

1961 3819 2051 3861 eos
2084 3812 2504 3876 persequuntur,
2537 3810 2592 3857 et
2638 3817 2730 3856 eos
2776 3799 3134 3865 detrahendo,
3168 3798 3555 3866 machinando,

1958 3893 2285 3960 accusando,
2320 3890 2631 3947 infestando
2674 3890 2935 3945 damnare
2974 3886 3323 3942 moliuntur?
3370 3887 3425 3942 Si
3472 3886 3559 3941 illi

1958 3982 2062 4038 ﬁlii
2094 3982 2214 4051 Dei,
2249 3984 2435 4054 procul
2464 3981 2634 4037 dubio
2656 3981 2714 4036 hi
2742 3980 2843 4035 ﬁlii
2875 3989 3004 4035 sunt
3033 3979 3261 4047 diaboli,
3295 3978 3388 4051 qui
3418 3994 3556 4033 sem-

1958 4088 2054 4145 per
2080 4074 2221 4129 sicut
2255 4075 2336 4128 leo
2366 4074 2585 4145 rugiens
2613 4072 2812 4128 circuit
2838 4086 3087 4144 quaerens
3116 4085 3275 4143 quem
3306 4068 3552 4137 devoret,

1958 4162 2034 4216 ita
2073 4161 2267 4215 fratres
2299 4162 2668 4231 insequuntur
2694 4168 2756 4214 ut
2786 4160 3033 4230 perdant.
3087 4160 3189 4225 Qui
3225 4175 3357 4215 vero
3386 4158 3554 4229 adju-

1957 4267 2085 4306 vare
2124 4250 2318 4304 fratres
2364 4249 2667 4318 refugiunt,
2698 4248 2873 4317 majus
2902 4254 3244 4316 peccatorum
3278 4265 3417 4304 onus
3454 4267 3555 4305 ac-

1956 4339 2204 4412 quirunt,
2257 4346 2309 4392 et
2358 4337 2716 4392 fraternitatis
2750 4335 2949 4390 solatio
2994 4332 3070 4387 rei
3121 4333 3387 4390 existunt.
3448 4340 3551 4407 Vw,

1954 4428 2137 4499 inquit
2170 4426 2453 4497 propheta,
2482 4425 2575 4494 qui
2593 4431 2775 4495 potum
2801 4424 2895 4477 dat
2920 4423 3090 4477 amico
3120 4439 3215 4476 suo
3242 4424 3448 4478 mittens
3478 4426 3552 4495 fel

1956 4531 2110 4569 suum
2148 4514 2369 4584 (Habac.
2405 4530 2465 4578 ιι,
2502 4512 2613 4577 15).
2646 4511 2716 4564 Et
2746 4512 2945 4564 iterum
2974 4510 3416 4581 sapientissimus
3445 4511 3552 4565 Sa-

1958 4605 2145 4659 lomon
2171 4603 2249 4658 ait
2280 4620 2289 4658 :
2344 4600 2603 4669 Quoniam
2646 4600 2740 4670 qui
2772 4599 3007 4669 loquitur
3038 4599 3219 4669 iniqua
3250 4616 3357 4653 non
3384 4607 3551 4669 potest

1961 4696 2138 4758 latere,
2193 4709 2278 4746 nec
2320 4692 2617 4763 prreteriret
2647 4691 2800 4745 illum
2836 4690 3127 4760 corripiens
3169 4688 3452 4756 judicium.
3484 4691 3551 4745 In

1956 4778 2353 4850 cogitationibus
2382 4792 2500 4847 ergo
2529 4774 2680 4847 impii
2710 4777 3051 4847 interrogatio
3080 4778 3181 4833 erit
3210 4796 3226 4833 .·
3254 4795 3552 4834 sermonum

1956 4875 2129 4924 autem
2158 4870 2307 4925 illius
2336 4869 2540 4924 auditio
2570 4868 2641 4921 ad
2676 4866 2961 4922 Dominum
2990 4868 3255 4937 perveniet
3279 4869 3351 4923 ad
3381 4885 3550 4923 corre-

1950 4958 2181 5029 ptionem
2210 4958 2558 5029 iniquitatum
2588 4957 2734 5013 illius
2767 4975 2784 5011 :
2815 4958 3067 5028 quoniam
3092 4960 3246 5012 auris
3276 4959 3374 5011 zeli
3398 4956 3554 5010 audit

1953 5048 2150 5115 omnia,
2179 5055 2226 5103 et
2255 5053 2507 5106 tumultus
2535 5050 3020 5105 murmurationum
3066 5064 3169 5100 non
3206 5045 3551 5099 abscondetur

1958 5141 2110 5211 (Sap.
2160 5157 2198 5205 ι,
2230 5140 2309 5210 8).
2344 5140 2470 5198 Haec
2500 5142 2646 5197 enim
2692 5142 2736 5197 si
2765 5138 3021 5211 amplecti
3062 5137 3366 5191 voluissent
3412 5149 3550 5204 pro-

1954 5229 2075 5301 prio
2119 5237 2173 5283 et
2202 5245 2333 5284 sano
2363 5247 2546 5297 sensu,
2596 5234 2664 5284 ad
2709 5228 3001 5300 reprobum
3052 5240 3270 5281 sensum
3320 5222 3550 5277 minime

1954 5320 2305 5375 laberentur:
2339 5321 2431 5375 sed
2463 5336 2557 5390 per
2586 5321 2683 5375 Dei
2706 5320 2958 5374 timorem
2983 5330 3300 5371 sermonum
3324 5328 3547 5369 suorum

1953 5418 2319 5483 praecaventes
2367 5411 2695 5475 custodiam,
2754 5411 2898 5479 piam
2957 5417 3271 5463 sanctorum
3327 5408 3549 5462 Patrum

1952 5502 2329 5558 deﬁnitionem
2359 5501 2477 5556 sine
2506 5499 2740 5571 quadam
2772 5499 3087 5555 nocumenti
3120 5496 3548 5569 praesumptione

1952 5592 2142 5664 utique
2197 5597 2602 5656 conservarent,
2658 5588 2917 5660 quoniam
2979 5586 3115 5643 dicit
3172 5600 3385 5641 sacrum
3441 5586 3552 5641 elo-
