4078 6182
524 256 635 313 983

1567 250 1913 307 HINCMARI
1953 248 2441 307 LAUDUNENSIS
2481 247 2793 306 EPISCOPI

3727 248 3837 304 981s

507 405 749 480 ‘quium:
797 403 1091 461 Consilium
1112 403 1304 457 bonum
1321 401 1647 456 conservabit
1668 408 1732 469 te,
1755 408 1802 456 et
1822 418 1965 456 mens
1991 401 2125 455 bona
2153 402 2204 461 A
2233 400 2348 456 diat
2393 401 2596 473 absque
2622 400 2910 472 praesentia
2940 399 3267 455 clericorum
3309 413 3556 464 suorum,
3593 399 3724 470 quia
3750 398 3842 452 ir-

496 504 499 505 ⁷
522 494 773 552 custodiet
801 500 844 547 te
875 493 1060 564 (Prov.
1089 510 1150 560 ιι,
1182 492 1294 563 11).
1318 491 1438 546 Non
1455 490 1604 545 enim
1617 489 1684 545 de
1698 490 1945 546 fontibus
1964 492 2122 546 salu-

520 583 701 639 tiferis
750 581 1112 654 spiritualiter
1153 579 1220 634 ad
1268 578 1690 650 acquisitionem
1739 588 1953 635 aeterna:
1992 579 2121 634 vitae

518 673 824 748 procedunt
851 673 986 727 tales
1031 671 1402 726 accusationes
1432 677 1485 724 et
1515 670 1909 734 detractiones,
1958 677 2121 740 atque

521 764 646 819 ideo
676 768 1049 832 competenter
1076 775 1176 814 nos
1219 759 1281 814 B.
1333 759 1535 814 Paulus
1588 759 1866 830 apostolus
1896 773 2118 829 praemo-

520 868 658 907 nens
685 850 781 917 ait,
804 849 924 904 Non
945 848 1141 904 debere
1154 850 1279 918 plus
1294 865 1477 920 sapere
1495 864 1658 917 quam
1684 853 1887 918 oportet
1915 863 2120 917 sapere,

522 941 612 995 sed
626 956 807 1010 sapere
824 938 896 993 ad
913 938 1243 992 sobrietatem
1271 939 1448 1008 (Rom.
1474 954 1578 1005 xn,
1602 936 1681 1007 3).
1708 938 1768 991 In
1790 936 2123 991 ditﬁnitione

520 1025 1130 1100 pietatisperduremus.
1156 1026 1262 1092 Qui
1284 1026 1429 1079 enim
1459 1025 1603 1080 hanc
1623 1032 1975 1096 praetereunt,
2009 1039 2121 1077 non

519 1124 735 1172 tantum
788 1116 893 1187 ipsi
949 1122 1077 1170 sunt
1122 1112 1436 1169 decidentes
1465 1130 1495 1167 a
1525 1112 1973 1169 corroboratione
2003 1128 2118 1179 sua,

522 1204 618 1261 sed
646 1204 979 1275 insipientim
1019 1218 1131 1257 suae
1160 1201 1577 1273 dereliquerunt
1608 1201 1866 1257 omnibus
1900 1217 2118 1257 memo-

521 1294 684 1360 riam,
707 1299 768 1347 ut
800 1293 857 1347 in
887 1292 974 1346 his
1000 1290 1058 1345 in
1078 1290 1280 1362 quibus
1310 1298 1678 1361 peccaverunt
1704 1291 1932 1345 minin'e
1956 1291 2123 1346 latere

522 1383 847 1455 potuissent.
877 1408 894 1429 ι
937 1382 1008 1435 Et
1039 1396 1176 1451 papa
1224 1379 1807 1436 Damasustuniversis
1854 1381 2123 1453 episcOpis

520 1487 618 1543 per
636 1470 850 1525 Italiam
871 1469 1425 1541 constitutisscripsit
1449 1468 1649 1538 (Epist.
1676 1468 1733 1537 4)
1762 1487 1772 1523 ;
1822 1494 1839 1515 ε
1870 1470 2123 1524 Relatum

520 1567 603 1615 est
659 1559 804 1614 enim
855 1559 922 1615 ad
953 1559 1136 1615 sedem
1184 1558 1537 1630 apostolicam
1591 1574 1690 1613 vos
1747 1558 2122 1615 accusationes

520 1648 753 1703 fratrum
783 1663 880 1718 per
906 1648 1111 1719 scripta
1138 1647 1414 1719 suscipere
1441 1648 1645 1719 absque
1672 1646 1921 1717 legitimo
1950 1664 2121 1704 accu—

2231 490 2335 545 rita
2373 491 2479 545 erit
2507 490 2779 545 sententia
2826 488 3087 559 episcopi,
3120 487 3228 541 nisi
3275 488 3566 559 praesentia
3607 489 3842 545 clerico~

2231 599 2352 638 rum
2374 598 2597 638 suorum
2611 580 2987 636 confirmetur.
3011 602 3029 625 ι
3060 580 3169 635 Nec
3185 578 3438 634 oblivisci
3459 587 3674 651 oportet
3690 579 3846 651 quod

2232 672 2556 725 etDamasus
2574 685 2709 740 papa
2722 667 3198 722 edocenstestatur
3217 668 3418 737 (Epist.
3448 670 3510 736 ιι)
3532 685 3542 721 :
3598 694 3614 713 ε
3631 668 3849 723 Discu-

2231 765 2345 812 tere
2372 772 2503 811 vero
2533 757 2835 829 episcopos,
2870 767 2924 812 et
2961 772 3303 813 summorum
3338 758 3847 813 ecclesiasticorum

2231 861 2421 903 causas
2443 846 2811 917 negotiorum,
2837 845 3277 916 metropolitanis
3298 861 3408 899 una
3429 862 3553 900 cum
3577 846 3851 901 omnibus

2233 935 2345 988 suis
2372 934 2957 1006 comprovincialibus,
2996 934 3074 988 ita
3098 942 3159 988 ut
3196 950 3358 988 nemo
3383 950 3453 988 ex
3480 935 3559 989 eis
3586 934 3751 1001 desit,
3796 944 3851 989 et

2232 1038 2421 1077 omnes
2445 1059 2454 1076 .
2478 1023 2536 1076 in
2577 1023 2921 1095 singulorum
2962 1022 3300 1079 concordent
3358 1023 3611 1094 negotiis,
3655 1024 3799 1079 licet
3837 1041 3847 1077 :

2232 1109 2326 1164 sed
2357 1108 2598 1165 ditﬁnire
2628 1126 2817 1166 eorum
2846 1119 3011 1184 atque
3041 1111 3413 1166 Ecclesiarum
3441 1127 3681 1166 summas
3711 1127 3851 1183 que-

2234 1198 2392 1265 relas,
2425 1200 2515 1253 vel
2543 1199 2805 1255 damnare
2841 1200 3150 1272 episcopos,
3180 1199 3385 1271 absque
3427 1199 3600 1269 hujus
3636 1208 3855 1255 sanctae

2235 1288 2381 1346 sedis
2410 1290 2736 1346 auctoritate
2766 1291 2995 1346 minime
3024 1291 3172 1357 licet,
3205 1291 3467 1363 quoniam
3505 1307 3699 1345 omnes
3738 1308 3856 1363 ap-

2234 1387 2457 1459 pellare,
2493 1385 2539 1439 si
2601 1401 2817 1440 necesse
2874 1385 3060 1452 fuerit,
3121 1391 3175 1440 et
3225 1383 3343 1455 ejus
3392 1383 3576 1439 fulciri
3622 1383 3854 1439 auxilio

2233 1487 2468 1552 oportet.
2501 1480 2636 1536 Nam
2668 1487 2732 1534 ut
2770 1479 2945 1535 nostis
2990 1472 3276 1550 Synodum
3307 1479 3429 1534 sine
3459 1477 3576 1548 ejus
3607 1480 3853 1534 auctori-

2232 1577 2343 1625 tate
2386 1568 2505 1623 ﬁeri
2537 1585 2649 1623 non
2680 1575 2762 1624 est
2792 1577 2993 1634 ratum,
3032 1583 3133 1624 nec
3162 1568 3450 1639 episcopus
3476 1568 3582 1622 nisi
3619 1568 3677 1622 in
3711 1568 3855 1637 legi-

2233 1658 2369 1713 tima
2415 1658 2648 1729 synodo,
2681 1666 2733 1712 et
2774 1672 2872 1711 suo
2910 1663 3156 1727 tempore
3205 1655 3501 1727 apostolica
3549 1654 3846 1710 vocatione

520 1747 718 1808 satore,
750 1738 897 1811 quod
926 1739 1183 1811 deinceps
1226 1740 1283 1794 in
1333 1739 1485 1793 omni
1529 1739 1659 1793 orbe
1690 1746 1959 1793 terrarum
2002 1737 2121 1793 fieri
2151 1753 2196 1811 Β
2232 1756 2577 1820 congregata,
2608 1747 2845 1803 dimnite
2866 1746 3115 1802 damnari
3146 1753 3360 1817 potest;
3394 1762 3567 1819 neque
3595 1746 3712 1800 una
3744 1762 3842 1801 ιω.

520 1828 819 1901 apostolica
865 1828 1189 1882 auctoritate
1237 1827 1614 1898 prohibemus,
1658 1835 1711 1881 et
1757 1827 1905 1899 quod
1948 1841 2122 1897 nuper

522 1919 728 1975 factum
778 1927 880 1984 est,
911 1918 1115 1989 absque
1165 1917 1281 1972 ulla
1320 1917 1689 1971 retardatione
1722 1916 1923 1986 corrigi
1956 1930 2123 1984 roga-

521 2023 663 2074 mus,
682 2023 785 2062 nec
812 2023 1055 2078 unquam
1078 2006 1229 2075 prius
1258 2022 1355 2075 per
1381 2004 1587 2074 scripta
1620 2019 1812 2057 eorum
1846 2003 1941 2074 qui
1966 2017 2122 2057 accu-

520 2106 711 2151 santur
740 2112 957 2152 causam
988 2095 1261 2150 discutere
1290 2095 1472 2161 liceat,
1508 2109 1671 2165 quam
1704 2108 1799 2163 per
1829 2094 2121 2163 querulan-

520 2183 662 2238 tium
734 2184 1115 2239 institutiones
1171 2182 1354 2238 vocati
1410 2183 1672 2237 canonice
1728 2182 1796 2238 ad
1847 2181 2123 2253 synodum

520 2273 767 2341 veniant,
800 2280 853 2327 et
872 2287 1109 2343 praesens
1134 2287 1229 2343 per
1260 2278 1585 2342 praesentem
1614 2278 1873 2341 agnoscat
1903 2270 2125 2326 veraci-

522 2370 607 2417 ter
636 2370 690 2416 et
717 2361 990 2432 intelligat
1034 2377 1155 2433 quae
1184 2361 1231 2417 ei
1266 2360 1626 2431 objiciuntur.
1684 2359 1841 2426 Quod
1891 2360 2027 2415 bene
2070 2367 2123 2413 et

521 2464 618 2519 per
647 2447 973 2520 sapientiam
1004 2448 1315 2503 Salomonis
1355 2447 1562 2502 dicitur
1596 2466 1607 2502 :
1642 2449 1937 2516 Antequam
1966 2465 2126 2501 scru—

524 2537 646 2591 teris
674 2554 780 2590 non
806 2538 1190 2607 reprehendas:
1226 2537 1454 2607 intellige
1476 2537 1634 2607 prius
1661 2543 1709 2591 et
1740 2542 1860 2590 tunc
1882 2537 2120 2608 increpa;

520 2631 802 2693 antequam
843 2625 1099 2692 audieris,
1148 2642 1255 2678 non
1294 2626 1610 2695 respondeas
1651 2625 1843 2695 (Eccli.
1894 2626 1999 2695 x1).
2054 2625 2126 2680 Et

521 2716 652 2772 licet
677 2716 1019 2787 apertissima
1065 2717 1140 2772 sit
1168 2719 1571 2776 contrariorum
1614 2719 1987 2789 reprehensio,
2022 2735 2125 2774 ve—

521 2813 833 2861 rumtamen
870 2814 1082 2878 oportet
1106 2807 1194 2861 his
1214 2809 1311 2879 qui
1331 2808 1444 2863 dati
1466 2817 1594 2863 sunt
1617 2808 1685 2863 ad
1704 2825 1894 2863 eorum
1918 2810 2123 2864 exami-

522 2893 1085 2961 nationem,ordinem
1105 2897 1311 2950 servari
1326 2897 1392 2950 ab
1414 2897 1501 2952 his
1515 2898 1611 2968 qui
1627 2898 1931 2954 secundum
1948 2901 2124 2954 Deum

524 2984 855 3056 perscrutari
876 2984 1122 3056 deputati
1153 2993 1283 3041 sunt
1313 3005 1323 3041 :
1367 2994 1635 3058 quatenus
1665 2988 1742 3042 ita
1764 3005 1890 3044 cum
1924 3006 2125 3060 opera-

2231 1844 2393 1909 qu’ain
2434 1837 2670 1893 concilia
2719 1845 2835 1892 rata
2884 1838 3158 1907 leguntur,
3188 1852 3309 1907 quae
3356 1852 3468 1890 non
3515 1845 3639 1890 sunt
3703 1836 3845 1890 fulta

2232 1926 2529 1995 apostolica
2565 1926 2890 1980 auctoritate
2929 1943 2940 1979 :
2996 1948 3013 1970 σι
3061 1925 3201 1981 Ecce
3261 1932 3407 1995 patet
3450 1924 3545 1997 qui
3598 1941 3843 1980 canones

2232 2013 2556 2083 recipiendi,
2597 2014 2897 2069 venerandi
2972 2031 3035 2069 ac
3106 2012 3435 2068 observandi
3510 2013 3838 2068 habeantur.

2233 2102 2375 2158 Hinc
2428 2110 2611 2157 autem
2675 2102 2743 2158 ad
2802 2102 3083 2174 superiora
3146 2104 3449 2158 redeamus.
3519 2103 3655 2169 Quia
3713 2121 3841 2173 ergo

2233 2191 2340 2245 nisi
2396 2208 2595 2247 nomen
2649 2193 2873 2259 sciatur,
2911 2200 3310 2265 consequenter
3355 2194 3595 2263 cognitio
3653 2210 3841 2248 rerum

2234 2280 2395 2351 perit,
2429 2282 2616 2336 eadem
2677 2281 2941 2337 facilitate
2999 2291 3250 2354 poterant
3298 2299 3330 2336 a
3377 2283 3535 2337 vobis
3584 2282 3750 2351 falso,
3784 2292 3833 2338 et

2233 2370 2353 2425 sine
2382 2370 2498 2425 ullo
2519 2371 2858 2442 praecedente
2885 2380 3229 2443 argumento,
3262 2371 3450 2427 audita
3474 2374 3540 2428 de
3570 2389 3653 2427 me
3679 2374 3835 2439 talia,

2235 2460 2321 2513 vel
2349 2457 2463 2529 jam
2506 2475 2654 2515 nunc
2707 2459 2882 2530 rejici,
2929 2468 3024 2515 aut
3059 2459 3295 2517 discredi
3346 2477 3465 2533 quae
3500 2461 3839 2517 videbantur

2234 2547 2451 2620 probari
2479 2567 2492 2615 ;
2525 2556 2587 2603 ut
2615 2547 2755 2602 illud
2786 2548 3043 2620 praecepit
3072 2548 3345 2620 Sapientis
3374 2567 3385 2604 :
3422 2551 3721 2620 Antequam
3752 2552 3843 2605 in-

2236 2645 2479 2709 terroges,
2522 2656 2583 2691 ne
2625 2638 2883 2709 vituperes
2930 2656 3244 2709 quemquam
3277 2641 3487 2709 (Eccli.
3529 2658 3590 2708 II,
3626 2640 3706 2708 7)
3746 2660 3760 2705 ;
3794 2652 3841 2696 et

2235 2727 2414 2782 item:
2467 2729 2765 2798 Antequam
2826 2729 3040 2797 audias,
3098 2746 3204 2783 non
3259 2730 3575 2800 respondeas
3624 2731 3839 2785 verbum

2237 2816 2397 2887 (Ibid.
2430 2815 2510 2885 8).
2554 2817 2625 2872 Et
2654 2816 2795 2871 illud
2828 2834 2839 2871 :
2899 2818 3020 2888 δερί
3062 2835 3221 2873 aures
3252 2825 3369 2873 tuas
3414 2818 3607 2889 spinis,
3634 2824 3682 2872 et
3734 2820 3841 2873 noli

2232 2905 2419 2959 audire
2463 2905 2697 2973 linguam
2726 2923 2969 2977 nequam.
3026 2908 3099 2962 Et
3129 2908 3216 2962 ori
3263 2914 3347 2962 tuo
3396 2907 3556 2978 facito
3608 2910 3769 2973 ostia,
3795 2916 3839 2963 et

2233 3010 2378 3048 seras
2405 2995 2627 3049 auribus
2673 2994 2795 3049 tuis.
2828 2998 3040 3051 Aurum
3080 3004 3227 3051 tuum
3253 3005 3299 3052 et
3329 3004 3603 3068 argentum
3642 3001 3830 3068 con/la,

524 3075 674 3129 tione
709 3082 1037 3159 cooperante
1067 3074 1414 3130 inveniamus
1443 3084 1499 3131 et
1527 3076 1897 3133 confessorem
1924 3079 2120 3147 Deum,
2153 3102 2197 3163 ο
2232 3089 2278 3136 et
2307 3081 2481 3135 verbis
2516 3083 2618 3136 tuis
2645 3082 2808 3152 facito
2853 3091 3208 3159 stateram,‘et
3236 3086 3418 3156 frenos
3446 3087 3531 3140 ori
3558 3093 3646 3141 tuo
3672 3094 3836 3141 rectos

523 3163 619 3236 qui
648 3162 785 3219 dicit
820 3182 831 3218 ;
863 3163 961 3219 Ubi
989 3169 1112 3217 sunt
1136 3164 1240 3217 duo
1270 3166 1352 3218 vel
1383 3170 1484 3219 tres
1513 3167 1809 3235 congregati
1832 3167 1889 3218 in
1917 3168 2124 3222 nomine

518 3269 655 3319 meo,
688 3253 761 3305 ibi
786 3269 901 3305 sum
927 3252 985 3306 in
1011 3253 1181 3308 medio
1201 3270 1381 3308 eorum
1407 3255 1625 3325 (Matth.
1647 3271 1812 3324 xvm,
1837 3256 1954 3327 20).
1986 3257 2123 3314 Nam

520 3347 574 3395 et
596 3340 868 3396 Dominus
894 3349 1082 3397 noster
1109 3342 1264 3399 Iesus
1293 3342 1547 3400 Christus
1567 3342 1766 3399 Iudam
1788 3345 1970 3401 furem
2006 3362 2125 3402 esse

519 3432 725 3489 sciebat
758 3450 771 3488 :
802 3432 895 3488 sed
934 3434 1065 3506 quia
1103 3449 1215 3488 non
1257 3441 1339 3489 est
1368 3436 1771 3506 praesentaliter
1812 3446 2120 3506 accusatus,

520 3519 645 3576 ideo
666 3536 777 3576 non
806 3529 888 3577 est
917 3521 1162 3592 ejuctus:
1197 3539 1298 3581 nec
1327 3540 1427 3579 vos
1450 3525 1566 3581 ullo
1600 3526 1764 3581 modo
1786 3543 1941 3597 agere
1963 3543 2123 3598 opor-

517 3615 598 3663 tet
626 3609 775 3682 quod
805 3610 898 3664 ille
919 3611 1100 3665 noluit
1128 3612 1325 3669 facere.
1355 3613 1523 3685 Leges
1551 3614 1701 3668 enim
1732 3616 1919 3669 saeculi
1953 3632 2126 3673 accu-

520 3704 727 3752 satores
748 3706 1040 3767 praesentes
1071 3698 1319 3770 exigunt,
1352 3709 1406 3755 et
1435 3718 1546 3755 non
1576 3718 1672 3773 per
1699 3703 1903 3773 scripta
1935 3703 2127 3759 absen-

518 3791 621 3838 tes.
671 3782 828 3838 Unde
872 3784 1135 3841 canonica
1188 3786 1411 3842 Patrum
1462 3789 1766 3845 constituta
1818 3806 1930 3845 non
1959 3791 2125 3848 semel

520 3870 615 3926 sed
645 3870 942 3942 saepissime
971 3874 1209 3929 clamant
1250 3891 1350 3931 nec
1393 3877 1789 3944 accusationes,
1824 3894 1923 3936 nec
1959 3881 2125 3935 testi-

521 3959 708 4013 monia
752 3960 929 4013 ullum
981 3975 1077 4029 per
1130 3961 1333 4031 scripta
1379 3978 1536 4032 posse
1593 3964 1857 4033 proferre,
1911 3983 2013 4026 nec
2059 3969 2126 4023 de

520 4045 646 4099 aliis
669 4046 904 4115 negotiis
932 4045 1246 4119 quicunque
1271 4049 1649 4105 testimonium
1689 4050 1895 4121 dicant,
1920 4055 2027 4111 nisi
2058 4056 2125 4113 de

520 4133 611 4187 his
640 4148 759 4203 quae
800 4133 901 4188 sub
944 4137 1234 4207 praesentia
1274 4153 1465 4193 eorum
1497 4147 1618 4198 acta
1647 4157 1763 4197 esse
1793 4154 2118 4201 noscuntur.

520 4220 790 4277 Similiter
816 4230 871 4278 et
901 4225 996 4294 qui
1027 4240 1279 4282 accusare
1299 4229 1471 4284 alium
1493 4230 1739 4301 elegerit,
1765 4248 2007 4303 praesene
2029 4251 2123 4307 per

520 4326 578 4365 se
624 4316 817 4365 etnon
865 4328 961 4383 per
989 4312 1157 4367 alium
1192 4325 1428 4383 accuset,
1465 4317 1829 4390 inscriptione
1861 4322 2122 4381 videlicet

519 4398 837 4470 praemissa;
870 4415 1047 4471 neque
1070 4402 1217 4458 ullus
1249 4421 1489 4476 unquam
1515 4407 1799 4476 judicetur
1822 4418 2119 4482 antequam

521 4484 796 4556 legitimos
835 4497 1176 4545 accusatores
1222 4501 1518 4562 praesentes
1564 4494 1779 4563 habeat,
1833 4499 2126 4571 locumque

520 4573 849 4630 defendendi
873 4576 1106 4648 accipiat
1122 4578 1190 4633 ad
1210 4579 1481 4637 abluenda
1506 4584 1762 4640 crimina.
1796 4587 2115 4644 Curandum

518 4676 737 4734 quoque
770 4670 851 4717 est
886 4679 953 4717 ne
1000 4664 1081 4718 ira
1126 4680 1456 4738 quemquam
1505 4670 1796 4743 subripiat,
1844 4674 2116 4748 faciatque

516 4750 683 4805 citius
704 4766 866 4805 omne
881 4751 1027 4823 quod
1039 4768 1149 4807 non
1171 4753 1319 4811 licet.
1344 4781 1362 4803 ι
1400 4759 1471 4814 Et
1491 4776 1628 4832 papa
1643 4761 1940 4833 Adrianus,
1957 4767 2115 4839 longe

516 4850 639 4914 post
682 4859 876 4915 papam
926 4846 1307 4904 Innocentium
1353 4852 1470 4923 ejus
1516 4854 1770 4927 Petrique
1811 4868 2111 4928 succoSsor,

515 4949 644 4988 cum
690 4933 816 4989 aliis
873 4937 1295 5007 quamplurimis
1341 4943 1454 4997 suis
1510 4944 2000 5014 praedecessoribus
2050 4966 2112 5005 ac

515 5024 942 5093 successoribus,
975 5033 1036 5081 ut
1063 5043 1161 5099 pro
1191 5030 1447 5087 omnibus
1473 5048 1635 5089 causa
1661 5038 1975 5107 compendii
1998 5056 2110 5094 uno

514 5119 656 5178 utar,
690 5113 767 5168 ita
799 5114 1115 5171 constitutis
1144 5117 1327 5189 inquit
1364 5120 1479 5176 suis
1511 5123 1674 5191 (Can.
1707 5124 1766 5195 4)
1801 5142 1813 5180 :
1862 5150 1879 5173 ε
1910 5127 2109 5185 Nullus

2236 3170 2427 3241 (Eccli.
2452 3187 2656 3237 xxvm,
2682 3172 2795 3243 18).
2828 3174 2901 3228 Ει
2931 3173 3102 3228 illud:
3142 3175 3243 3241 Qui
3266 3176 3483 3230 libenter
3501 3177 3657 3231 audit
3679 3177 3831 3231 verba

2231 3258 2510 3325 mendacii,
2570 3277 2746 3315 omnes
2792 3261 3067 3317 ministros
3114 3264 3320 3319 habebit
3364 3264 3558 3335 impios
3591 3286 3613 3331 ;
3657 3275 3836 3337 portas

2232 3349 2369 3403 enim
2396 3350 2583 3405 mortis
2630 3369 2788 3407 aures
2835 3371 2960 3410 suas
2988 3356 3139 3427 efficit
3184 3358 3370 3425 (Prov.
3416 3373 3577 3423 xxvx,
3621 3357 3734 3427 12).
3769 3359 3833 3412 Et

2233 3437 2411 3493 illud:
2448 3440 2684 3495 Susurro
2736 3448 2785 3496 et
2822 3443 3071 3514 bilinguis
3112 3447 3440 3516 maledictus,
3477 3450 3670 3503 multos
3703 3450 3832 3502 enim

2237 3529 2469 3584 turbabit
2501 3547 2685 3601 pacem
2722 3532 2966 3587 habentes
3009 3536 3193 3603 (Eccli.
3237 3552 3443 3604 xxvui,
3482 3539 3594 3607 15).
3635 3538 3827 3593 Sanum

2235 3622 2415 3670 autem
2448 3635 2534 3672 me
2562 3635 2747 3690 sapere
2785 3637 2894 3675 non
2920 3620 3088 3691 jacto.
3121 3640 3247 3678 cum
3284 3624 3553 3695 scriptum
3584 3627 3694 3681 sit:
3741 3627 3828 3683 Via

2235 3705 2383 3789 stulti
2412 3712 2551 3760 recta
2577 3708 2633 3760 in
2661 3709 2827 3762 oculis
2857 3708 2971 3777 ejus
2993 3711 3180 3780 (Prov.
3212 3729 3314 3781 xu,
3350 3714 3465 3783 15).
3499 3714 3606 3771 Sed
3634 3715 3699 3771 de
3733 3714 3827 3770 hoc

2236 3808 2342 3859 me,
2375 3809 2483 3865 quo
2520 3810 2551 3848 a
2580 3794 2739 3851 vobis
2768 3804 2879 3851 tam
2922 3815 3264 3872 praepropere
3293 3818 3589 3859 succensor
3618 3804 3825 3876 aliquod

2236 3881 2539 3951 periculum
2566 3892 2660 3938 aut
2689 3885 3082 3945 detrimentum
3111 3890 3409 3960 incurrere,
3434 3893 3512 3948 ita
3544 3895 3679 3949 mihi
3709 3911 3823 3950 oon-

2235 3968 2381 4025 scius
2409 3987 2520 4026 non
2549 3972 2718 4029 timeo
2747 3994 2759 4040 ;
2809 3977 3271 4048 vituperationem
3302 3982 3468 4037 etiam
3510 3984 3821 4041 sacerdotali

2234 4058 2542 4115 ministerio
2563 4060 2630 4117 de
2659 4063 2762 4120 hoc
2783 4064 2957 4136 ingeri
2987 4067 3156 4122 nullis
3186 4069 3427 4125 formido
3452 4072 3697 4128 indiciis.
3730 4071 3818 4127 Sed

2233 4155 2295 4202 ut
2323 4148 2389 4204 de
2419 4149 2564 4218 aliis,
2596 4154 2710 4207 Deo
2749 4155 3046 4212 miserante
3075 4173 3137 4214 ac
3169 4166 3506 4231 protegente,
3536 4162 3815 4225 custodiat,

2232 4237 2431 4293 infelix
2457 4239 2623 4296 homo
2648 4241 2892 4313 ejusdem
2924 4246 3024 4300 Dei
3047 4248 3278 4317 gratiam
3306 4265 3405 4320 pro
3439 4250 3583 4306 scire
3604 4260 3657 4307 et
3681 4266 3820 4322 posse

2232 4347 2420 4399 exoro,
2451 4343 2612 4405 atque
2643 4334 2689 4388 si
2719 4336 2976 4393 auderem
3003 4356 3100 4394 vos
3132 4356 3231 4412 pro
3264 4357 3349 4395 me
3379 4342 3438 4397 id
3470 4343 3654 4413 ipsum
3691 4342 3821 4398 eﬂla-

2231 4421 2424 4491 gitare,
2457 4439 2619 4495 quem
2651 4424 2766 4480 scio
2796 4425 2937 4482 illud
2967 4428 3185 4484 facilius
3215 4447 3371 4501 posse
3402 4432 3548 4503 apud
3583 4433 3817 4487 eumdem

2236 4510 2533 4567 Dominum
2583 4514 2853 4581 obtinere,
2884 4515 3089 4572 obnixe
3118 4525 3172 4573 et
3203 4520 3532 4591 suppliciter
3574 4522 3814 4592 deposce-

2227 4615 2361 4655 rem.
2414 4603 2661 4675 Denique
2700 4604 2768 4660 de
2812 4606 3060 4663 Bertrico
3101 4625 3220 4680 quae
3277 4609 3632 4681 subjungitis,
3684 4607 3813 4663 illud

2224 4688 2464 4743 maxime
2500 4690 2557 4744 in
2577 4708 2738 4748 causa
2767 4700 2847 4748 est
2875 4695 3021 4766 quod
3053 4696 3266 4751 ﬁnitive
3296 4700 3610 4769 supponitis
3635 4698 3809 4753 dicen-

2224 4775 2314 4843 do,
2353 4793 2473 4849 quae
2516 4779 2619 4834 tibi
2665 4780 2810 4837 sicut
2848 4784 2985 4839 sacri
3036 4785 3363 4857 praecipiunt
3403 4803 3659 4853 canones,
3698 4792 3817 4840 nota

2224 4864 2399 4921 facere
2433 4870 2744 4937 procuravi.
2782 4871 2884 4927 Ubi
2925 4875 3276 4945 quaerendum
3306 4884 3388 4931 est
3417 4877 3486 4931 ad
3518 4878 3650 4949 quid
3687 4863 3813 4929 illud

2221 4953 2362 5008 mihi
2404 4956 2794 5015 innotescitis:
2848 4970 3033 5017 utrum
3087 4970 3147 5018 ut
3204 4981 3301 5035 pro
3349 4966 3813 5021 excommunicato

2219 5057 2342 5097 eum
2397 5050 2581 5101 tenere
2634 5046 2882 5113 debeam,
2912 5067 3073 5122 quem
3128 5069 3226 5107 vos
3251 5060 3312 5107 ut
3341 5053 3551 5122 dicitis,
3583 5057 3707 5128 quia
3752 5068 3811 5107 ex

2218 5140 2399 5188 vestra
2432 5138 2719 5206 provincia
2747 5144 2857 5195 non
2881 5149 2981 5209 est,
3016 5159 3047 5196 a
3076 5152 3259 5199 vestra
3288 5146 3547 5217 paroc-hia
3570 5143 3809 5217 regulari-

513 5202 973 5273 metropolitanus
997 5205 1305 5278 episcopus,
1349 5208 1551 5282 absque
1597 5220 1922 5273 caeterorum
1974 5235 2107 5274 om-

510 5287 666 5344 nium
695 5294 1245 5365 comprovincialium
1274 5292 1655 5372 episcoporum
1684 5303 1968 5375 instantia,
2006 5309 2103 5363 ali-

510 5392 745 5447 quorum
774 5382 961 5438 audiat
986 5401 1193 5453 causas,
1218 5387 1346 5459 quia
1370 5388 1541 5448 irrita
1576 5403 1756 5461 erunt,
1790 5395 1904 5451 imo
1935 5398 2101 5453 etiam

509 5478 723 5559 causam
763 5471 822 5559 in
850 5471 1062 5542 synodo
1093 5491 1189 5546 pro
1217 5475 1360 5533 facto
1388 5478 1562 5537 dabit.
1615 5483 1725 5540 Nec
1753 5485 2096 5558 reliquorum

511 5549 712 5621 aliquis
740 5556 1115 5630 episcoporum
1146 5580 1372 5622 suorum
1400 5570 1744 5627 sacerdotum
1768 5549 1957 5632 causas
1988 5593 2094 5634 au-

2214 5230 2299 5277 ter
2327 5225 2477 5280 exire
2508 5244 2633 5282 cum
2679 5231 2792 5285 suis
2849 5234 3205 5303 praecepistis,
3236 5243 3290 5289 et
3327 5252 3438 5290 non
3483 5237 3672 5292 dicitis
3714 5250 3806 5289 ex-

2212 5316 2681 5385 communicastis,
2715 5328 2809 5375 aut
2838 5322 2885 5376 si
2918 5339 3023 5379 nec
3068 5324 3234 5379 etiam
3266 5325 3321 5378 in
3353 5325 3525 5381 ullius
3563 5339 3801 5396 compro—

2211 5402 2467 5460 vincialis
2498 5408 2666 5462 vestri
2713 5410 3022 5483 coepiscopi
3068 5414 3117 5468 ei
3171 5429 3282 5468 non
3338 5414 3500 5469 liceat
3539 5409 3799 5470 immorari

2208 5494 2488 5564 parochia.
2506 5498 2640 5554 Nam
2662 5516 2730 5554 ex
2742 5501 2966 5558 Nicaeno
2982 5503 3285 5561 didicimus
3296 5505 3546 5561 concilio
3559 5506 3715 5575 (Can.
3727 5504 3803 5571 5).

2204 5580 2405 5652 ejectos
2434 5586 2504 5641 ab
2530 5587 2654 5643 aliis
2683 5590 2851 5661 recipi
2899 5607 3009 5647 non
3056 5591 3271 5649 debere.
3331 5593 3556 5650 Modum
3604 5601 3795 5654 autem,
