  <div class='ocr_page' id='page_1' title='image "/cluster/home/n/w/nwhite01/storage/ocr_20150623/124/hvd.32044054759865/498.png"; bbox 0 0 4056 6190; ppageno 0'>
   <div class='ocr_carea' id='block_1_1' title="bbox 241 273 360 331">
    <p class='ocr_par' dir='ltr' id='par_1_1' title="bbox 241 273 360 331">
     <span class='ocr_line' id='line_1_1' title="bbox 241 273 360 331; baseline 0 0"><span class='ocrx_word' id='word_1_1' title='bbox 241 273 360 331; x_wconf 79' lang='lat'><strong>985</strong></span> 
     </span>
    </p>
   </div>
   <div class='ocr_carea' id='block_1_2' title="bbox 1440 268 2364 330">
    <p class='ocr_par' dir='ltr' id='par_1_2' title="bbox 1440 268 2364 330">
     <span class='ocr_line' id='line_1_2' title="bbox 1440 268 2364 330; baseline 0.001 -2"><span class='ocrx_word' id='word_1_2' title='bbox 1440 268 1803 328; x_wconf 87' lang='lat' dir='ltr'><strong>OPUSCULA</strong></span> <span class='ocrx_word' id='word_1_3' title='bbox 1847 271 1940 329; x_wconf 89' lang='lat' dir='ltr'><strong>ET</strong></span> <span class='ocrx_word' id='word_1_4' title='bbox 1977 272 2364 330; x_wconf 70' lang='lat' dir='ltr'><strong>EPISTOLE.</strong></span> 
     </span>
    </p>
   </div>
   <div class='ocr_carea' id='block_1_3' title="bbox 3453 283 3560 340">
    <p class='ocr_par' dir='ltr' id='par_1_3' title="bbox 3453 283 3560 340">
     <span class='ocr_line' id='line_1_3' title="bbox 3453 283 3560 340; baseline -0.019 0"><span class='ocrx_word' id='word_1_5' title='bbox 3453 283 3560 340; x_wconf 86' lang='lat'><strong>986</strong></span> 
     </span>
    </p>
   </div>
   <div class='ocr_carea' id='block_1_4' title="bbox 242 422 3559 495">
    <p class='ocr_par' dir='ltr' id='par_1_4' title="bbox 242 422 3559 495">
     <span class='ocr_line' id='line_1_4' title="bbox 242 422 3559 495; baseline 0.002 -12"><span class='ocrx_word' id='word_1_6' title='bbox 242 427 416 483; x_wconf 78' lang='lat' dir='ltr'><strong>istius</strong></span> <span class='ocrx_word' id='word_1_7' title='bbox 443 422 732 495; x_wconf 90' lang='lat' dir='ltr'><strong>ejectionis</strong></span> <span class='ocrx_word' id='word_1_8' title='bbox 765 439 923 480; x_wconf 89' lang='lat' dir='ltr'><strong>nosse</strong></span> <span class='ocrx_word' id='word_1_9' title='bbox 956 424 1236 481; x_wconf 82' lang='lat' dir='ltr'><strong>convenit.</strong></span> <span class='ocrx_word' id='word_1_10' title='bbox 1277 424 1358 481; x_wconf 88' lang='lat' dir='ltr'><strong>Ac</strong></span> <span class='ocrx_word' id='word_1_11' title='bbox 1385 423 1431 479; x_wconf 90' lang='lat' dir='ltr'><strong>si</strong></span> <span class='ocrx_word' id='word_1_12' title='bbox 1463 423 1531 480; x_wconf 92' lang='lat' dir='ltr'><strong>de</strong></span> <span class='ocrx_word' id='word_1_13' title='bbox 1563 424 1852 481; x_wconf 78' lang='lat' dir='ltr'><strong>adulteriis</strong></span> <span class='ocrx_word' id='word_1_14' title='bbox 1879 430 1929 488; x_wconf 84' lang='grc' dir='ltr'><strong>Α</strong></span> <span class='ocrx_word' id='word_1_15' title='bbox 1961 423 2172 480; x_wconf 83' lang='lat' dir='ltr'><strong>audivi.</strong></span> <span class='ocrx_word' id='word_1_16' title='bbox 2220 425 2352 481; x_wconf 85' lang='lat' dir='ltr'>Peto</span> <span class='ocrx_word' id='word_1_17' title='bbox 2381 426 2546 482; x_wconf 89' lang='lat' dir='ltr'><strong>etiam</strong></span> <span class='ocrx_word' id='word_1_18' title='bbox 2595 441 2682 481; x_wconf 90' lang='lat' dir='ltr'><strong>me</strong></span> <span class='ocrx_word' id='word_1_19' title='bbox 2728 425 2951 494; x_wconf 81' lang='lat' dir='ltr'><strong>instrui,</strong></span> <span class='ocrx_word' id='word_1_20' title='bbox 2982 428 3028 482; x_wconf 92' lang='lat' dir='ltr'><strong>si</strong></span> <span class='ocrx_word' id='word_1_21' title='bbox 3075 430 3144 485; x_wconf 92' lang='lat' dir='ltr'><strong>de</strong></span> <span class='ocrx_word' id='word_1_22' title='bbox 3189 442 3372 490; x_wconf 85' lang='lat' dir='ltr'><strong>vestra</strong></span> <span class='ocrx_word' id='word_1_23' title='bbox 3415 446 3559 495; x_wconf 83' lang='lat' dir='ltr'><strong>esset</strong></span> 
     </span>
    </p>
   </div>
   <div class='ocr_carea' id='block_1_5' title="bbox 243 511 1850 586">
    <p class='ocr_par' dir='ltr' id='par_1_5' title="bbox 243 511 1850 586">
     <span class='ocr_line' id='line_1_5' title="bbox 243 511 1850 586; baseline -0.001 -15"><span class='ocrx_word' id='word_1_24' title='bbox 243 523 305 571; x_wconf 88' lang='lat' dir='ltr'><strong>et</strong></span> <span class='ocrx_word' id='word_1_25' title='bbox 339 513 465 570; x_wconf 88' lang='lat' dir='ltr'><strong>aliis</strong></span> <span class='ocrx_word' id='word_1_26' title='bbox 508 511 734 567; x_wconf 76' lang='lat' dir='ltr'><strong>incestis</strong></span> <span class='ocrx_word' id='word_1_27' title='bbox 764 513 1166 582; x_wconf 89' lang='lat' dir='ltr'><strong>pollutionibus</strong></span> <span class='ocrx_word' id='word_1_28' title='bbox 1195 513 1517 584; x_wconf 80' lang='lat' dir='ltr'><strong>regulariter</strong></span> <span class='ocrx_word' id='word_1_29' title='bbox 1549 521 1850 586; x_wconf 89' lang='lat' dir='ltr'><strong>correptus,</strong></span> 
     </span>
    </p>
   </div>
   <div class='ocr_carea' id='block_1_6' title="bbox 245 602 1855 670">
    <p class='ocr_par' dir='ltr' id='par_1_6' title="bbox 245 602 1855 670">
     <span class='ocr_line' id='line_1_6' title="bbox 245 602 1855 670; baseline -0.001 -10"><span class='ocrx_word' id='word_1_30' title='bbox 245 603 347 660; x_wconf 90' lang='lat' dir='ltr'><strong>sed</strong></span> <span class='ocrx_word' id='word_1_31' title='bbox 375 618 489 657; x_wconf 92' lang='lat' dir='ltr'><strong>non</strong></span> <span class='ocrx_word' id='word_1_32' title='bbox 519 608 819 668; x_wconf 88' lang='lat' dir='ltr'><strong>correctus,</strong></span> <span class='ocrx_word' id='word_1_33' title='bbox 860 609 913 656; x_wconf 87' lang='lat' dir='ltr'><strong>et</strong></span> <span class='ocrx_word' id='word_1_34' title='bbox 940 602 1168 670; x_wconf 79' lang='lat' dir='ltr'><strong>diutius,</strong></span> <span class='ocrx_word' id='word_1_35' title='bbox 1201 609 1266 657; x_wconf 91' lang='lat' dir='ltr'><strong>ut</strong></span> <span class='ocrx_word' id='word_1_36' title='bbox 1291 602 1554 670; x_wconf 86' lang='lat' dir='ltr'><strong>asseritis,</strong></span> <span class='ocrx_word' id='word_1_37' title='bbox 1591 603 1855 659; x_wconf 88' lang='lat' dir='ltr'><strong>toleratus</strong></span> 
     </span>
    </p>
   </div>
   <div class='ocr_carea' id='block_1_7' title="bbox 245 689 1854 764">
    <p class='ocr_par' dir='ltr' id='par_1_7' title="bbox 245 689 1854 764">
     <span class='ocr_line' id='line_1_7' title="bbox 245 689 1854 764; baseline -0.001 -14"><span class='ocrx_word' id='word_1_38' title='bbox 245 700 351 758; x_wconf 89' lang='lat' dir='ltr'><strong>est,</strong></span> <span class='ocrx_word' id='word_1_39' title='bbox 385 689 674 748; x_wconf 89' lang='lat' dir='ltr'><strong>sciendum</strong></span> <span class='ocrx_word' id='word_1_40' title='bbox 703 697 785 744; x_wconf 90' lang='lat' dir='ltr'><strong>est</strong></span> <span class='ocrx_word' id='word_1_41' title='bbox 829 691 1024 746; x_wconf 88' lang='lat' dir='ltr'><strong>modus</strong></span> <span class='ocrx_word' id='word_1_42' title='bbox 1051 692 1416 764; x_wconf 86' lang='lat' dir='ltr'><strong>correptionis</strong></span> <span class='ocrx_word' id='word_1_43' title='bbox 1463 700 1647 748; x_wconf 89' lang='lat' dir='ltr'><strong>utrum</strong></span> <span class='ocrx_word' id='word_1_44' title='bbox 1689 693 1854 748; x_wconf 90' lang='lat' dir='ltr'><strong>fuerit</strong></span> 
     </span>
    </p>
   </div>
   <div class='ocr_carea' id='block_1_8' title="bbox 247 778 1854 850">
    <p class='ocr_par' dir='ltr' id='par_1_8' title="bbox 247 778 1854 850">
     <span class='ocr_line' id='line_1_8' title="bbox 247 778 1854 850; baseline 0 -12"><span class='ocrx_word' id='word_1_45' title='bbox 247 789 493 839; x_wconf 88' lang='lat' dir='ltr'><strong>secretus</strong></span> <span class='ocrx_word' id='word_1_46' title='bbox 517 795 586 835; x_wconf 89' lang='lat' dir='ltr'><strong>an</strong></span> <span class='ocrx_word' id='word_1_47' title='bbox 631 778 914 850; x_wconf 88' lang='lat' dir='ltr'><strong>publicus;</strong></span> <span class='ocrx_word' id='word_1_48' title='bbox 962 788 1147 836; x_wconf 88' lang='lat' dir='ltr'><strong>utrum</strong></span> <span class='ocrx_word' id='word_1_49' title='bbox 1176 799 1208 837; x_wconf 90' lang='lat' dir='ltr'><strong>a</strong></span> <span class='ocrx_word' id='word_1_50' title='bbox 1237 781 1678 838; x_wconf 86' lang='lat' dir='ltr'><strong>Christianorum</strong></span> <span class='ocrx_word' id='word_1_51' title='bbox 1709 800 1854 840; x_wconf 91' lang='lat' dir='ltr'><strong>con-</strong></span> 
     </span>
    </p>
   </div>
   <div class='ocr_carea' id='block_1_9' title="bbox 245 871 1854 944">
    <p class='ocr_par' dir='ltr' id='par_1_9' title="bbox 245 871 1854 944">
     <span class='ocr_line' id='line_1_9' title="bbox 245 871 1854 944; baseline 0.002 -17"><span class='ocrx_word' id='word_1_52' title='bbox 245 872 444 938; x_wconf 87' lang='lat' dir='ltr'><strong>sortio,</strong></span> <span class='ocrx_word' id='word_1_53' title='bbox 475 876 570 925; x_wconf 88' lang='lat' dir='ltr'><strong>aut</strong></span> <span class='ocrx_word' id='word_1_54' title='bbox 597 885 629 922; x_wconf 86' lang='lat' dir='ltr'><strong>a</strong></span> <span class='ocrx_word' id='word_1_55' title='bbox 666 885 892 940; x_wconf 88' lang='lat' dir='ltr'><strong>corpore</strong></span> <span class='ocrx_word' id='word_1_56' title='bbox 930 879 984 926; x_wconf 90' lang='lat' dir='ltr'><strong>et</strong></span> <span class='ocrx_word' id='word_1_57' title='bbox 1011 871 1276 944; x_wconf 82' lang='lat' dir='ltr'><strong>sanguine</strong></span> <span class='ocrx_word' id='word_1_58' title='bbox 1303 873 1526 928; x_wconf 86' lang='lat' dir='ltr'><strong>Domini</strong></span> <span class='ocrx_word' id='word_1_59' title='bbox 1569 873 1735 930; x_wconf 88' lang='lat' dir='ltr'><strong>fuerit</strong></span> <span class='ocrx_word' id='word_1_60' title='bbox 1760 891 1854 930; x_wconf 89' lang='lat' dir='ltr'><strong>se-</strong></span> 
     </span>
    </p>
   </div>
   <div class='ocr_carea' id='block_1_10' title="bbox 246 957 1853 1032">
    <p class='ocr_par' dir='ltr' id='par_1_10' title="bbox 246 957 1853 1032">
     <span class='ocr_line' id='line_1_10' title="bbox 246 957 1853 1032; baseline 0.002 -17"><span class='ocrx_word' id='word_1_61' title='bbox 246 968 525 1032; x_wconf 80' lang='lat' dir='ltr'><strong>gregatus,</strong></span> <span class='ocrx_word' id='word_1_62' title='bbox 564 973 726 1030; x_wconf 86' lang='lat' dir='ltr'><strong>quem</strong></span> <span class='ocrx_word' id='word_1_63' title='bbox 771 957 1004 1028; x_wconf 63' lang='lat' dir='ltr'><strong>publicae</strong></span> <span class='ocrx_word' id='word_1_64' title='bbox 1055 959 1300 1015; x_wconf 89' lang='lat' dir='ltr'><strong>deditum</strong></span> <span class='ocrx_word' id='word_1_65' title='bbox 1359 961 1696 1032; x_wconf 66' lang='lat' dir='ltr'><strong>paenitentiae</strong></span> <span class='ocrx_word' id='word_1_66' title='bbox 1741 979 1853 1018; x_wconf 89' lang='lat' dir='ltr'><strong>non</strong></span> 
     </span>
    </p>
   </div>
   <div class='ocr_carea' id='block_1_11' title="bbox 1963 513 3558 596">
    <p class='ocr_par' dir='ltr' id='par_1_11' title="bbox 1963 513 3558 596">
     <span class='ocr_line' id='line_1_11' title="bbox 1963 513 3558 596; baseline 0.009 -27"><span class='ocrx_word' id='word_1_67' title='bbox 1963 513 2270 586; x_wconf 82' lang='lat' dir='ltr'><strong>provincia,</strong></span> <span class='ocrx_word' id='word_1_68' title='bbox 2319 531 2434 571; x_wconf 90' lang='lat' dir='ltr'><strong>non</strong></span> <span class='ocrx_word' id='word_1_69' title='bbox 2475 523 2658 572; x_wconf 91' lang='lat' dir='ltr'><strong>autem</strong></span> <span class='ocrx_word' id='word_1_70' title='bbox 2701 533 2772 572; x_wconf 82' lang='lat' dir='ltr'><strong>ex</strong></span> <span class='ocrx_word' id='word_1_71' title='bbox 2799 525 2982 573; x_wconf 90' lang='lat' dir='ltr'><strong>vestra</strong></span> <span class='ocrx_word' id='word_1_72' title='bbox 3013 519 3290 589; x_wconf 90' lang='lat' dir='ltr'><strong>parochia,</strong></span> <span class='ocrx_word' id='word_1_73' title='bbox 3323 527 3558 596; x_wconf 83' lang='lat' dir='ltr'><strong>qualiter</strong></span> 
     </span>
    </p>
   </div>
   <div class='ocr_carea' id='block_1_12' title="bbox 1963 605 3559 678">
    <p class='ocr_par' dir='ltr' id='par_1_12' title="bbox 1963 605 3559 678">
     <span class='ocr_line' id='line_1_12' title="bbox 1963 605 3559 678; baseline 0.009 -20"><span class='ocrx_word' id='word_1_74' title='bbox 1963 618 2033 658; x_wconf 85' lang='lat' dir='ltr'><strong>ex</strong></span> <span class='ocrx_word' id='word_1_75' title='bbox 2081 618 2145 658; x_wconf 94' lang='lat' dir='ltr'><strong>eo</strong></span> <span class='ocrx_word' id='word_1_76' title='bbox 2193 605 2367 659; x_wconf 90' lang='lat' dir='ltr'><strong>acturi</strong></span> <span class='ocrx_word' id='word_1_77' title='bbox 2415 607 2622 660; x_wconf 88' lang='lat' dir='ltr'><strong>essetis.</strong></span> <span class='ocrx_word' id='word_1_78' title='bbox 2671 608 2817 662; x_wconf 91' lang='lat' dir='ltr'><strong>Deus</strong></span> <span class='ocrx_word' id='word_1_79' title='bbox 2863 607 3012 678; x_wconf 88' lang='lat' dir='ltr'><strong>pacis</strong></span> <span class='ocrx_word' id='word_1_80' title='bbox 3053 615 3110 662; x_wconf 91' lang='lat' dir='ltr'><strong>et</strong></span> <span class='ocrx_word' id='word_1_81' title='bbox 3144 607 3458 669; x_wconf 87' lang='lat' dir='ltr'><strong>dilectionis</strong></span> <span class='ocrx_word' id='word_1_82' title='bbox 3483 617 3559 672; x_wconf 86' lang='lat' dir='ltr'><strong>sit</strong></span> 
     </span>
    </p>
   </div>
   <div class='ocr_carea' id='block_1_13' title="bbox 1962 699 3557 776">
    <p class='ocr_par' dir='ltr' id='par_1_13' title="bbox 1962 699 3557 776">
     <span class='ocr_line' id='line_1_13' title="bbox 1962 699 3557 776; baseline 0.005 -23"><span class='ocrx_word' id='word_1_83' title='bbox 1962 713 2176 770; x_wconf 89' lang='lat' dir='ltr'><strong>semper</strong></span> <span class='ocrx_word' id='word_1_84' title='bbox 2222 699 2533 764; x_wconf 86' lang='lat' dir='ltr'><strong>nobiscum,</strong></span> <span class='ocrx_word' id='word_1_85' title='bbox 2562 711 2625 756; x_wconf 92' lang='lat' dir='ltr'><strong>ut</strong></span> <span class='ocrx_word' id='word_1_86' title='bbox 2669 703 2856 757; x_wconf 81' lang='lat' dir='ltr'><strong>omnia</strong></span> <span class='ocrx_word' id='word_1_87' title='bbox 2897 709 3083 758; x_wconf 90' lang='lat' dir='ltr'><strong>nostra</strong></span> <span class='ocrx_word' id='word_1_88' title='bbox 3111 712 3370 759; x_wconf 91' lang='lat' dir='ltr'><strong>monente</strong></span> <span class='ocrx_word' id='word_1_89' title='bbox 3415 706 3557 776; x_wconf 84' lang='lat' dir='ltr'><strong>Apo-</strong></span> 
     </span>
    </p>
   </div>
   <div class='ocr_carea' id='block_1_14' title="bbox 1963 789 3560 865">
    <p class='ocr_par' dir='ltr' id='par_1_14' title="bbox 1963 789 3560 865">
     <span class='ocr_line' id='line_1_14' title="bbox 1963 789 3560 865; baseline 0.004 -22"><span class='ocrx_word' id='word_1_90' title='bbox 1963 789 2105 844; x_wconf 88' lang='lat' dir='ltr'><strong>stolo</strong></span> <span class='ocrx_word' id='word_1_91' title='bbox 2131 805 2259 846; x_wconf 88' lang='lat' dir='ltr'><strong>cum</strong></span> <span class='ocrx_word' id='word_1_92' title='bbox 2287 790 2552 848; x_wconf 90' lang='lat' dir='ltr'><strong>charitate</strong></span> <span class='ocrx_word' id='word_1_93' title='bbox 2577 791 2730 858; x_wconf 86' lang='lat' dir='ltr'><strong>ﬁant,</strong></span> <span class='ocrx_word' id='word_1_94' title='bbox 2763 808 2876 847; x_wconf 88' lang='lat' dir='ltr'><strong>non</strong></span> <span class='ocrx_word' id='word_1_95' title='bbox 2885 809 2982 863; x_wconf 83' lang='lat' dir='ltr'><strong>per</strong></span> <span class='ocrx_word' id='word_1_96' title='bbox 3001 794 3372 849; x_wconf 80' lang='lat' dir='ltr'><strong>contentionem</strong></span> <span class='ocrx_word' id='word_1_97' title='bbox 3394 811 3560 865; x_wconf 86' lang='lat' dir='ltr'><strong>neque</strong></span> 
     </span>
    </p>
   </div>
   <div class='ocr_carea' id='block_1_15' title="bbox 1956 877 3554 954">
    <p class='ocr_par' dir='ltr' id='par_1_15' title="bbox 1956 877 3554 954">
     <span class='ocr_line' id='line_1_15' title="bbox 1956 877 3554 954; baseline 0.004 -23"><span class='ocrx_word' id='word_1_98' title='bbox 1956 891 2057 947; x_wconf 81' lang='lat' dir='ltr'><strong>per</strong></span> <span class='ocrx_word' id='word_1_99' title='bbox 2083 877 2292 932; x_wconf 80' lang='lat' dir='ltr'><strong>inanem</strong></span> <span class='ocrx_word' id='word_1_100' title='bbox 2313 877 2542 948; x_wconf 78' lang='lat' dir='ltr'><strong>gloriam</strong></span> <span class='ocrx_word' id='word_1_101' title='bbox 2573 879 2631 949; x_wconf 93' lang='grc' dir='ltr'><strong>(Ι</strong></span> <span class='ocrx_word' id='word_1_102' title='bbox 2659 879 2785 934; x_wconf 86' lang='lat' dir='ltr'><strong>Cor.</strong></span> <span class='ocrx_word' id='word_1_103' title='bbox 2817 895 2938 947; x_wconf 79' lang='lat' dir='ltr'><strong>xvr,</strong></span> <span class='ocrx_word' id='word_1_104' title='bbox 2975 879 3076 946; x_wconf 64' lang='lat'><strong>14;</strong></span> <span class='ocrx_word' id='word_1_105' title='bbox 3111 881 3345 951; x_wconf 82' lang='lat' dir='ltr'><strong>Philipp.</strong></span> <span class='ocrx_word' id='word_1_106' title='bbox 3380 899 3440 950; x_wconf 85' lang='lat' dir='ltr'><strong>II,</strong></span> <span class='ocrx_word' id='word_1_107' title='bbox 3473 881 3554 954; x_wconf 89' lang='lat'><strong>3).</strong></span> 
     </span>
    </p>
   </div>
   <div class='ocr_carea' id='block_1_16' title="bbox 1439 1377 2356 1442">
    <p class='ocr_par' dir='ltr' id='par_1_16' title="bbox 1439 1377 2356 1442">
     <span class='ocr_line' id='line_1_16' title="bbox 1439 1377 2356 1442; baseline 0.007 -6"><span class='ocrx_word' id='word_1_108' title='bbox 1439 1377 1798 1438; x_wconf 88' lang='lat' dir='ltr'><strong>EJUSDEM</strong></span> <span class='ocrx_word' id='word_1_109' title='bbox 1841 1377 1942 1436; x_wconf 85' lang='lat' dir='ltr'><strong>AD</strong></span> <span class='ocrx_word' id='word_1_110' title='bbox 1990 1378 2356 1442; x_wconf 87' lang='lat' dir='ltr'><strong>EUMDEM.</strong></span> 
     </span>
    </p>
   </div>
   <div class='ocr_carea' id='block_1_17' title="bbox 346 1509 3468 1596">
    <p class='ocr_par' dir='ltr' id='par_1_17' title="bbox 346 1509 3468 1596">
     <span class='ocr_line' id='line_1_17' title="bbox 346 1509 3468 1596; baseline 0 -29"><span class='ocrx_word' id='word_1_111' title='bbox 346 1509 590 1580; x_wconf 83' lang='lat' dir='ltr'><strong>Hadulfo</strong></span> <span class='ocrx_word' id='word_1_112' title='bbox 624 1510 683 1564; x_wconf 82' lang='lat' dir='ltr'><strong>in</strong></span> <span class='ocrx_word' id='word_1_113' title='bbox 710 1509 991 1596; x_wconf 66' lang='lat' dir='ltr'><strong>Hincmari</strong></span> <span class='ocrx_word' id='word_1_114' title='bbox 1017 1509 1245 1579; x_wconf 79' lang='lat' dir='ltr'><strong>gratiam</strong></span> <span class='ocrx_word' id='word_1_115' title='bbox 1271 1511 1516 1582; x_wconf 72' lang='lat' dir='ltr'><strong>pristiam</strong></span> <span class='ocrx_word' id='word_1_116' title='bbox 1543 1511 1836 1566; x_wconf 76' lang='lat' dir='ltr'><strong>mansionis</strong></span> <span class='ocrx_word' id='word_1_117' title='bbox 1867 1512 2035 1567; x_wconf 86' lang='lat' dir='ltr'><strong>locum</strong></span> <span class='ocrx_word' id='word_1_118' title='bbox 2057 1515 2314 1584; x_wconf 81' lang='lat' dir='ltr'><strong>permitit,</strong></span> <span class='ocrx_word' id='word_1_119' title='bbox 2346 1516 2760 1572; x_wconf 80' lang='lat' dir='ltr'><strong>communionem</strong></span> <span class='ocrx_word' id='word_1_120' title='bbox 2789 1532 2942 1570; x_wconf 84' lang='lat' dir='ltr'><strong>suam</strong></span> <span class='ocrx_word' id='word_1_121' title='bbox 2969 1515 3206 1570; x_wconf 81' lang='lat' dir='ltr'><strong>nondum</strong></span> <span class='ocrx_word' id='word_1_122' title='bbox 3237 1514 3468 1569; x_wconf 80' lang='lat' dir='ltr'><strong>concedit</strong></span> 
     </span>
    </p>
   </div>
   <div class='ocr_carea' id='block_1_18' title="bbox 317 1711 3558 1794">
    <p class='ocr_par' dir='ltr' id='par_1_18' title="bbox 317 1711 3558 1794">
     <span class='ocr_line' id='line_1_18' title="bbox 317 1711 3558 1794; baseline 0.001 -24"><span class='ocrx_word' id='word_1_123' title='bbox 317 1713 785 1772; x_wconf 84' lang='lat' dir='ltr'><strong>Reverentissimo</strong></span> <span class='ocrx_word' id='word_1_124' title='bbox 835 1711 1172 1769; x_wconf 84' lang='lat' dir='ltr'><strong>Rhemorum</strong></span> <span class='ocrx_word' id='word_1_125' title='bbox 1220 1713 1632 1788; x_wconf 83' lang='lat' dir='ltr'><strong>archiepiscopo</strong></span> <span class='ocrx_word' id='word_1_126' title='bbox 1683 1717 1845 1772; x_wconf 85' lang='lat' dir='ltr'><strong>HINC-</strong></span> <span class='ocrx_word' id='word_1_127' title='bbox 1875 1720 1922 1779; x_wconf 93' lang='lat' dir='ltr'><strong>B</strong></span> <span class='ocrx_word' id='word_1_128' title='bbox 1954 1717 2209 1789; x_wconf 90' lang='lat' dir='ltr'><strong>ejectum,</strong></span> <span class='ocrx_word' id='word_1_129' title='bbox 2253 1736 2363 1774; x_wconf 91' lang='lat' dir='ltr'><strong>non</strong></span> <span class='ocrx_word' id='word_1_130' title='bbox 2413 1729 2626 1776; x_wconf 87' lang='lat' dir='ltr'><strong>tantum</strong></span> <span class='ocrx_word' id='word_1_131' title='bbox 2677 1720 2990 1794; x_wconf 88' lang='lat' dir='ltr'><strong>dereliquit,</strong></span> <span class='ocrx_word' id='word_1_132' title='bbox 3024 1728 3290 1794; x_wconf 89' lang='lat' dir='ltr'><strong>quantum</strong></span> <span class='ocrx_word' id='word_1_133' title='bbox 3339 1719 3558 1775; x_wconf 89' lang='lat' dir='ltr'><strong>abomi-</strong></span> 
     </span>
    </p>
   </div>
   <div class='ocr_carea' id='block_1_19' title="bbox 234 1801 1844 1874">
    <p class='ocr_par' dir='ltr' id='par_1_19' title="bbox 234 1801 1844 1874">
     <span class='ocr_line' id='line_1_19' title="bbox 234 1801 1844 1874; baseline 0 -14"><span class='ocrx_word' id='word_1_134' title='bbox 234 1821 414 1872; x_wconf 67' lang='lat' dir='ltr'><strong>nano,</strong></span> <span class='ocrx_word' id='word_1_135' title='bbox 430 1805 543 1860; x_wconf 88' lang='lat' dir='ltr'><strong>Deo</strong></span> <span class='ocrx_word' id='word_1_136' title='bbox 560 1802 854 1856; x_wconf 84' lang='lat' dir='ltr'><strong>miserante</strong></span> <span class='ocrx_word' id='word_1_137' title='bbox 877 1801 1163 1874; x_wconf 89' lang='lat' dir='ltr'><strong>episcopus</strong></span> <span class='ocrx_word' id='word_1_138' title='bbox 1182 1802 1563 1859; x_wconf 90' lang='lat' dir='ltr'><strong>Laudunensis</strong></span> <span class='ocrx_word' id='word_1_139' title='bbox 1582 1804 1844 1860; x_wconf 79' lang='lat' dir='ltr'><strong>Ecclesiae</strong></span> 
     </span>
    </p>
   </div>
   <div class='ocr_carea' id='block_1_20' title="bbox 234 1889 1840 1948">
    <p class='ocr_par' dir='ltr' id='par_1_20' title="bbox 234 1889 1840 1948">
     <span class='ocr_line' id='line_1_20' title="bbox 234 1889 1840 1948; baseline 0 0"><span class='ocrx_word' id='word_1_140' title='bbox 234 1893 568 1948; x_wconf 66' lang='lat' dir='ltr'><strong>Huscuanus</strong></span> <span class='ocrx_word' id='word_1_141' title='bbox 595 1890 837 1946; x_wconf 85' lang='lat' dir='ltr'><strong>debitam</strong></span> <span class='ocrx_word' id='word_1_142' title='bbox 870 1889 927 1945; x_wconf 94' lang='lat' dir='ltr'><strong>in</strong></span> <span class='ocrx_word' id='word_1_143' title='bbox 967 1890 1156 1946; x_wconf 89' lang='lat' dir='ltr'><strong>eodem</strong></span> <span class='ocrx_word' id='word_1_144' title='bbox 1187 1890 1428 1946; x_wconf 89' lang='lat' dir='ltr'><strong>Domino</strong></span> <span class='ocrx_word' id='word_1_145' title='bbox 1467 1891 1840 1948; x_wconf 89' lang='lat' dir='ltr'><strong>devotionem.</strong></span> 
     </span>
    </p>
   </div>
   <div class='ocr_carea' id='block_1_21' title="bbox 307 1979 1843 2054">
    <p class='ocr_par' dir='ltr' id='par_1_21' title="bbox 307 1979 1843 2054">
     <span class='ocr_line' id='line_1_21' title="bbox 307 1979 1843 2054; baseline 0.001 -18"><span class='ocrx_word' id='word_1_146' title='bbox 307 1982 397 2036; x_wconf 84' lang='lat' dir='ltr'><strong>Ad</strong></span> <span class='ocrx_word' id='word_1_147' title='bbox 425 1979 669 2054; x_wconf 68' lang='lat' dir='ltr'><strong>quaedam</strong></span> <span class='ocrx_word' id='word_1_148' title='bbox 703 1996 868 2052; x_wconf 85' lang='lat' dir='ltr'><strong>super</strong></span> <span class='ocrx_word' id='word_1_149' title='bbox 883 1979 971 2035; x_wconf 88' lang='lat' dir='ltr'><strong>his</strong></span> <span class='ocrx_word' id='word_1_150' title='bbox 999 1996 1118 2052; x_wconf 74' lang='lat' dir='ltr'><strong>quae</strong></span> <span class='ocrx_word' id='word_1_151' title='bbox 1140 1996 1315 2051; x_wconf 89' lang='lat' dir='ltr'><strong>nuper</strong></span> <span class='ocrx_word' id='word_1_152' title='bbox 1335 1981 1402 2036; x_wconf 89' lang='lat' dir='ltr'><strong>de</strong></span> <span class='ocrx_word' id='word_1_153' title='bbox 1433 1981 1672 2038; x_wconf 82' lang='lat' dir='ltr'><strong>Iiadulfo</strong></span> <span class='ocrx_word' id='word_1_154' title='bbox 1693 1999 1843 2037; x_wconf 83' lang='lat' dir='ltr'><strong>Inan-</strong></span> 
     </span>
    </p>
   </div>
   <div class='ocr_carea' id='block_1_22' title="bbox 233 2070 1846 2142">
    <p class='ocr_par' dir='ltr' id='par_1_22' title="bbox 233 2070 1846 2142">
     <span class='ocr_line' id='line_1_22' title="bbox 233 2070 1846 2142; baseline 0 -14"><span class='ocrx_word' id='word_1_155' title='bbox 233 2073 432 2140; x_wconf 86' lang='lat' dir='ltr'><strong>dastis,</strong></span> <span class='ocrx_word' id='word_1_156' title='bbox 483 2088 630 2127; x_wconf 90' lang='lat' dir='ltr'><strong>nunc</strong></span> <span class='ocrx_word' id='word_1_157' title='bbox 676 2071 947 2126; x_wconf 88' lang='lat' dir='ltr'><strong>instanter</strong></span> <span class='ocrx_word' id='word_1_158' title='bbox 985 2070 1314 2142; x_wconf 90' lang='lat' dir='ltr'><strong>respondere</strong></span> <span class='ocrx_word' id='word_1_159' title='bbox 1353 2070 1584 2141; x_wconf 77' lang='lat' dir='ltr'><strong>dignum</strong></span> <span class='ocrx_word' id='word_1_160' title='bbox 1630 2073 1846 2128; x_wconf 90' lang='lat' dir='ltr'><strong>ratione</strong></span> 
     </span>
    </p>
   </div>
   <div class='ocr_carea' id='block_1_23' title="bbox 236 2160 1848 2235">
    <p class='ocr_par' dir='ltr' id='par_1_23' title="bbox 236 2160 1848 2235">
     <span class='ocr_line' id='line_1_23' title="bbox 236 2160 1848 2235; baseline 0 -17"><span class='ocrx_word' id='word_1_161' title='bbox 236 2163 480 2219; x_wconf 88' lang='lat' dir='ltr'><strong>videtur.</strong></span> <span class='ocrx_word' id='word_1_162' title='bbox 516 2161 650 2216; x_wconf 89' lang='lat' dir='ltr'><strong>Nam</strong></span> <span class='ocrx_word' id='word_1_163' title='bbox 687 2169 846 2216; x_wconf 89' lang='lat' dir='ltr'><strong>tenor</strong></span> <span class='ocrx_word' id='word_1_164' title='bbox 883 2161 956 2216; x_wconf 85' lang='lat' dir='ltr'><strong>rei</strong></span> <span class='ocrx_word' id='word_1_165' title='bbox 990 2160 1228 2234; x_wconf 87' lang='lat' dir='ltr'><strong>ﬁnisque</strong></span> <span class='ocrx_word' id='word_1_166' title='bbox 1267 2163 1496 2230; x_wconf 89' lang='lat' dir='ltr'><strong>tenoris,</strong></span> <span class='ocrx_word' id='word_1_167' title='bbox 1537 2171 1590 2217; x_wconf 90' lang='lat' dir='ltr'><strong>et</strong></span> <span class='ocrx_word' id='word_1_168' title='bbox 1627 2171 1848 2235; x_wconf 88' lang='lat' dir='ltr'><strong>tempus</strong></span> 
     </span>
    </p>
   </div>
   <div class='ocr_carea' id='block_1_24' title="bbox 237 2249 1846 2323">
    <p class='ocr_par' dir='ltr' id='par_1_24' title="bbox 237 2249 1846 2323">
     <span class='ocr_line' id='line_1_24' title="bbox 237 2249 1846 2323; baseline -0.001 -15"><span class='ocrx_word' id='word_1_169' title='bbox 237 2260 294 2308; x_wconf 93' lang='lat' dir='ltr'><strong>et</strong></span> <span class='ocrx_word' id='word_1_170' title='bbox 331 2254 512 2308; x_wconf 91' lang='lat' dir='ltr'><strong>locum</strong></span> <span class='ocrx_word' id='word_1_171' title='bbox 545 2267 659 2306; x_wconf 89' lang='lat' dir='ltr'><strong>non</strong></span> <span class='ocrx_word' id='word_1_172' title='bbox 690 2249 1147 2306; x_wconf 86' lang='lat' dir='ltr'><strong>inconvenienter</strong></span> <span class='ocrx_word' id='word_1_173' title='bbox 1173 2268 1479 2322; x_wconf 83' lang='lat' dir='ltr'><strong>congruum</strong></span> <span class='ocrx_word' id='word_1_174' title='bbox 1510 2253 1846 2323; x_wconf 83' lang='lat' dir='ltr'><strong>praestolan—</strong></span> 
     </span>
    </p>
   </div>
   <div class='ocr_carea' id='block_1_25' title="bbox 245 2339 1849 2412">
    <p class='ocr_par' dir='ltr' id='par_1_25' title="bbox 245 2339 1849 2412">
     <span class='ocr_line' id='line_1_25' title="bbox 245 2339 1849 2412; baseline -0.001 -15"><span class='ocrx_word' id='word_1_175' title='bbox 245 2350 356 2398; x_wconf 90' lang='lat' dir='ltr'><strong>tur.</strong></span> <span class='ocrx_word' id='word_1_176' title='bbox 395 2341 554 2408; x_wconf 89' lang='lat' dir='ltr'><strong>Quod</strong></span> <span class='ocrx_word' id='word_1_177' title='bbox 597 2339 859 2406; x_wconf 77' lang='lat' dir='ltr'><strong>scribitis,</strong></span> <span class='ocrx_word' id='word_1_178' title='bbox 899 2341 1027 2412; x_wconf 85' lang='lat' dir='ltr'><strong>quia</strong></span> <span class='ocrx_word' id='word_1_179' title='bbox 1068 2339 1205 2412; x_wconf 86' lang='lat' dir='ltr'><strong>petit</strong></span> <span class='ocrx_word' id='word_1_180' title='bbox 1236 2339 1382 2395; x_wconf 89' lang='lat' dir='ltr'><strong>idem</strong></span> <span class='ocrx_word' id='word_1_181' title='bbox 1415 2341 1686 2396; x_wconf 85' lang='lat' dir='ltr'><strong>Iladulfus</strong></span> <span class='ocrx_word' id='word_1_182' title='bbox 1749 2359 1849 2396; x_wconf 88' lang='lat' dir='ltr'><strong>vos</strong></span> 
     </span>
    </p>
   </div>
   <div class='ocr_carea' id='block_1_26' title="bbox 235 2427 1846 2501">
    <p class='ocr_par' dir='ltr' id='par_1_26' title="bbox 235 2427 1846 2501">
     <span class='ocr_line' id='line_1_26' title="bbox 235 2427 1846 2501; baseline -0.002 -15"><span class='ocrx_word' id='word_1_183' title='bbox 235 2429 581 2486; x_wconf 83' lang='lat' dir='ltr'><strong>intervenire</strong></span> <span class='ocrx_word' id='word_1_184' title='bbox 610 2427 754 2500; x_wconf 88' lang='lat' dir='ltr'><strong>apud</strong></span> <span class='ocrx_word' id='word_1_185' title='bbox 802 2446 908 2496; x_wconf 88' lang='lat' dir='ltr'><strong>me,</strong></span> <span class='ocrx_word' id='word_1_186' title='bbox 941 2437 1210 2501; x_wconf 88' lang='lat' dir='ltr'><strong>quatenus</strong></span> <span class='ocrx_word' id='word_1_187' title='bbox 1257 2429 1305 2483; x_wconf 93' lang='lat' dir='ltr'><strong>ei</strong></span> <span class='ocrx_word' id='word_1_188' title='bbox 1349 2429 1510 2484; x_wconf 86' lang='lat' dir='ltr'><strong>liceat</strong></span> <span class='ocrx_word' id='word_1_189' title='bbox 1539 2429 1846 2485; x_wconf 89' lang='lat' dir='ltr'><strong>communi-</strong></span> 
     </span>
    </p>
   </div>
   <div class='ocr_carea' id='block_1_27' title="bbox 235 2519 1844 2592">
    <p class='ocr_par' dir='ltr' id='par_1_27' title="bbox 235 2519 1844 2592">
     <span class='ocr_line' id='line_1_27' title="bbox 235 2519 1844 2592; baseline -0.002 -15"><span class='ocrx_word' id='word_1_190' title='bbox 235 2538 362 2578; x_wconf 89' lang='lat' dir='ltr'><strong>care</strong></span> <span class='ocrx_word' id='word_1_191' title='bbox 393 2521 451 2576; x_wconf 88' lang='lat' dir='ltr'><strong>in</strong></span> <span class='ocrx_word' id='word_1_192' title='bbox 484 2537 603 2576; x_wconf 91' lang='lat' dir='ltr'><strong>mea</strong></span> <span class='ocrx_word' id='word_1_193' title='bbox 621 2519 900 2592; x_wconf 86' lang='lat' dir='ltr'><strong>parochia,</strong></span> <span class='ocrx_word' id='word_1_194' title='bbox 926 2527 981 2574; x_wconf 90' lang='lat' dir='ltr'><strong>et</strong></span> <span class='ocrx_word' id='word_1_195' title='bbox 1009 2522 1186 2577; x_wconf 92' lang='lat' dir='ltr'><strong>locum</strong></span> <span class='ocrx_word' id='word_1_196' title='bbox 1219 2529 1274 2576; x_wconf 89' lang='lat' dir='ltr'><strong>et</strong></span> <span class='ocrx_word' id='word_1_197' title='bbox 1294 2521 1637 2576; x_wconf 89' lang='lat' dir='ltr'><strong>mansionem</strong></span> <span class='ocrx_word' id='word_1_198' title='bbox 1666 2535 1844 2590; x_wconf 88' lang='lat' dir='ltr'><strong>suam,</strong></span> 
     </span>
    </p>
   </div>
   <div class='ocr_carea' id='block_1_28' title="bbox 236 2608 1848 2682">
    <p class='ocr_par' dir='ltr' id='par_1_28' title="bbox 236 2608 1848 2682">
     <span class='ocr_line' id='line_1_28' title="bbox 236 2608 1848 2682; baseline 0.002 -17"><span class='ocrx_word' id='word_1_199' title='bbox 236 2618 292 2666; x_wconf 89' lang='lat' dir='ltr'><strong>et</strong></span> <span class='ocrx_word' id='word_1_200' title='bbox 323 2627 385 2665; x_wconf 88' lang='lat' dir='ltr'><strong>ea</strong></span> <span class='ocrx_word' id='word_1_201' title='bbox 415 2627 534 2682; x_wconf 79' lang='lat' dir='ltr'><strong>quae</strong></span> <span class='ocrx_word' id='word_1_202' title='bbox 565 2608 711 2680; x_wconf 89' lang='lat' dir='ltr'><strong>apud</strong></span> <span class='ocrx_word' id='word_1_203' title='bbox 752 2625 837 2663; x_wconf 89' lang='lat' dir='ltr'><strong>me</strong></span> <span class='ocrx_word' id='word_1_204' title='bbox 876 2611 1242 2680; x_wconf 89' lang='lat' dir='ltr'><strong>proservierat</strong></span> <span class='ocrx_word' id='word_1_205' title='bbox 1276 2611 1512 2682; x_wconf 86' lang='lat' dir='ltr'><strong>pleniter</strong></span> <span class='ocrx_word' id='word_1_206' title='bbox 1542 2611 1761 2680; x_wconf 89' lang='lat' dir='ltr'><strong>habere,</strong></span> <span class='ocrx_word' id='word_1_207' title='bbox 1793 2621 1848 2668; x_wconf 88' lang='lat' dir='ltr'><strong>et</strong></span> 
     </span>
    </p>
   </div>
   <div class='ocr_carea' id='block_1_29' title="bbox 237 2699 1844 2772">
    <p class='ocr_par' dir='ltr' id='par_1_29' title="bbox 237 2699 1844 2772">
     <span class='ocr_line' id='line_1_29' title="bbox 237 2699 1844 2772; baseline 0 -16"><span class='ocrx_word' id='word_1_208' title='bbox 237 2718 366 2756; x_wconf 90' lang='lat' dir='ltr'><strong>cum</strong></span> <span class='ocrx_word' id='word_1_209' title='bbox 413 2717 540 2772; x_wconf 86' lang='lat' dir='ltr'><strong>pace</strong></span> <span class='ocrx_word' id='word_1_210' title='bbox 585 2699 847 2756; x_wconf 87' lang='lat' dir='ltr'><strong>canonice</strong></span> <span class='ocrx_word' id='word_1_211' title='bbox 895 2699 1033 2754; x_wconf 92' lang='lat' dir='ltr'><strong>mihi</strong></span> <span class='ocrx_word' id='word_1_212' title='bbox 1085 2701 1330 2758; x_wconf 75' lang='lat' dir='ltr'><strong>servire:</strong></span> <span class='ocrx_word' id='word_1_213' title='bbox 1380 2710 1434 2758; x_wconf 88' lang='lat' dir='ltr'><strong>et</strong></span> <span class='ocrx_word' id='word_1_214' title='bbox 1472 2704 1517 2758; x_wconf 91' lang='lat' dir='ltr'><strong>si</strong></span> <span class='ocrx_word' id='word_1_215' title='bbox 1559 2703 1666 2759; x_wconf 88' lang='lat' dir='ltr'><strong>hoc</strong></span> <span class='ocrx_word' id='word_1_216' title='bbox 1704 2702 1844 2758; x_wconf 89' lang='lat' dir='ltr'><strong>mihi</strong></span> 
     </span>
    </p>
   </div>
   <div class='ocr_carea' id='block_1_30' title="bbox 238 2787 1846 2864">
    <p class='ocr_par' dir='ltr' id='par_1_30' title="bbox 238 2787 1846 2864">
     <span class='ocr_line' id='line_1_30' title="bbox 238 2787 1846 2864; baseline 0.001 -20"><span class='ocrx_word' id='word_1_217' title='bbox 238 2805 402 2861; x_wconf 82' lang='lat' dir='ltr'><strong>grave</strong></span> <span class='ocrx_word' id='word_1_218' title='bbox 417 2789 604 2856; x_wconf 82' lang='lat' dir='ltr'><strong>fuerit,</strong></span> <span class='ocrx_word' id='word_1_219' title='bbox 619 2787 818 2843; x_wconf 88' lang='lat' dir='ltr'><strong>habere</strong></span> <span class='ocrx_word' id='word_1_220' title='bbox 834 2795 1045 2843; x_wconf 84' lang='lat' dir='ltr'><strong>tantum</strong></span> <span class='ocrx_word' id='word_1_221' title='bbox 1059 2791 1504 2847; x_wconf 89' lang='lat' dir='ltr'><strong>communionem</strong></span> <span class='ocrx_word' id='word_1_222' title='bbox 1516 2792 1574 2846; x_wconf 89' lang='lat' dir='ltr'><strong>in</strong></span> <span class='ocrx_word' id='word_1_223' title='bbox 1590 2791 1846 2864; x_wconf 89' lang='lat' dir='ltr'><strong>parochia</strong></span> 
     </span>
    </p>
   </div>
   <div class='ocr_carea' id='block_1_31' title="bbox 239 2877 1842 2953">
    <p class='ocr_par' dir='ltr' id='par_1_31' title="bbox 239 2877 1842 2953">
     <span class='ocr_line' id='line_1_31' title="bbox 239 2877 1842 2953; baseline 0.001 -19"><span class='ocrx_word' id='word_1_224' title='bbox 239 2895 380 2946; x_wconf 86' lang='lat' dir='ltr'><strong>mea,</strong></span> <span class='ocrx_word' id='word_1_225' title='bbox 404 2888 457 2934; x_wconf 88' lang='lat' dir='ltr'><strong>et</strong></span> <span class='ocrx_word' id='word_1_226' title='bbox 485 2879 650 2934; x_wconf 88' lang='lat' dir='ltr'><strong>licere</strong></span> <span class='ocrx_word' id='word_1_227' title='bbox 667 2878 716 2932; x_wconf 89' lang='lat' dir='ltr'><strong>ei</strong></span> <span class='ocrx_word' id='word_1_228' title='bbox 751 2877 852 2932; x_wconf 90' lang='lat' dir='ltr'><strong>sub</strong></span> <span class='ocrx_word' id='word_1_229' title='bbox 878 2877 1164 2949; x_wconf 81' lang='lat' dir='ltr'><strong>religione,</strong></span> <span class='ocrx_word' id='word_1_230' title='bbox 1196 2880 1512 2953; x_wconf 87' lang='lat' dir='ltr'><strong>ubicunque</strong></span> <span class='ocrx_word' id='word_1_231' title='bbox 1533 2882 1714 2936; x_wconf 91' lang='lat' dir='ltr'><strong>locum</strong></span> <span class='ocrx_word' id='word_1_232' title='bbox 1737 2880 1842 2935; x_wconf 90' lang='lat' dir='ltr'><strong>sibi</strong></span> 
     </span>
    </p>
   </div>
   <div class='ocr_carea' id='block_1_32' title="bbox 237 2967 1844 3040">
    <p class='ocr_par' dir='ltr' id='par_1_32' title="bbox 237 2967 1844 3040">
     <span class='ocr_line' id='line_1_32' title="bbox 237 2967 1844 3040; baseline 0.001 -18"><span class='ocrx_word' id='word_1_233' title='bbox 237 2976 430 3040; x_wconf 88' lang='lat' dir='ltr'><strong>aptum</strong></span> <span class='ocrx_word' id='word_1_234' title='bbox 463 2967 715 3023; x_wconf 87' lang='lat' dir='ltr'><strong>invenire</strong></span> <span class='ocrx_word' id='word_1_235' title='bbox 746 2967 1004 3038; x_wconf 89' lang='lat' dir='ltr'><strong>potuerit,</strong></span> <span class='ocrx_word' id='word_1_236' title='bbox 1037 2969 1373 3036; x_wconf 86' lang='lat' dir='ltr'><strong>conservari,</strong></span> <span class='ocrx_word' id='word_1_237' title='bbox 1417 2978 1470 3024; x_wconf 88' lang='lat' dir='ltr'><strong>et</strong></span> <span class='ocrx_word' id='word_1_238' title='bbox 1505 2970 1577 3024; x_wconf 89' lang='lat' dir='ltr'><strong>sit</strong></span> <span class='ocrx_word' id='word_1_239' title='bbox 1608 2969 1744 3024; x_wconf 86' lang='lat' dir='ltr'><strong>mihi</strong></span> <span class='ocrx_word' id='word_1_240' title='bbox 1785 2970 1844 3024; x_wconf 86' lang='lat' dir='ltr'><strong>fi-</strong></span> 
     </span>
    </p>
   </div>
   <div class='ocr_carea' id='block_1_33' title="bbox 1954 1807 3554 1880">
    <p class='ocr_par' dir='ltr' id='par_1_33' title="bbox 1954 1807 3554 1880">
     <span class='ocr_line' id='line_1_33' title="bbox 1954 1807 3554 1880; baseline 0.002 -19"><span class='ocrx_word' id='word_1_241' title='bbox 1954 1807 2136 1862; x_wconf 89' lang='lat' dir='ltr'><strong>nando</strong></span> <span class='ocrx_word' id='word_1_242' title='bbox 2167 1807 2436 1878; x_wconf 87' lang='lat' dir='ltr'><strong>despexit,</strong></span> <span class='ocrx_word' id='word_1_243' title='bbox 2469 1807 2736 1880; x_wconf 88' lang='lat' dir='ltr'><strong>adjiciens</strong></span> <span class='ocrx_word' id='word_1_244' title='bbox 2758 1809 2932 1864; x_wconf 91' lang='lat' dir='ltr'><strong>multo</strong></span> <span class='ocrx_word' id='word_1_245' title='bbox 2970 1809 3073 1865; x_wconf 90' lang='lat' dir='ltr'><strong>sibi</strong></span> <span class='ocrx_word' id='word_1_246' title='bbox 3125 1809 3322 1864; x_wconf 89' lang='lat' dir='ltr'><strong>melius</strong></span> <span class='ocrx_word' id='word_1_247' title='bbox 3364 1808 3554 1876; x_wconf 79' lang='lat' dir='ltr'><strong>fuisse,</strong></span> 
     </span>
    </p>
   </div>
   <div class='ocr_carea' id='block_1_34' title="bbox 1953 1895 3552 1968">
    <p class='ocr_par' dir='ltr' id='par_1_34' title="bbox 1953 1895 3552 1968">
     <span class='ocr_line' id='line_1_34' title="bbox 1953 1895 3552 1968; baseline 0.001 -19"><span class='ocrx_word' id='word_1_248' title='bbox 1953 1910 2176 1950; x_wconf 79' lang='lat' dir='ltr'><strong>ac-esse</strong></span> <span class='ocrx_word' id='word_1_249' title='bbox 2225 1895 2343 1950; x_wconf 90' lang='lat' dir='ltr'><strong>sine</strong></span> <span class='ocrx_word' id='word_1_250' title='bbox 2390 1895 2479 1949; x_wconf 90' lang='lat' dir='ltr'><strong>his</strong></span> <span class='ocrx_word' id='word_1_251' title='bbox 2525 1911 2645 1966; x_wconf 68' lang='lat' dir='ltr'><strong>qua</strong></span> <span class='ocrx_word' id='word_1_252' title='bbox 2689 1895 2739 1950; x_wconf 93' lang='lat' dir='ltr'><strong>ei</strong></span> <span class='ocrx_word' id='word_1_253' title='bbox 2769 1895 3045 1952; x_wconf 88' lang='lat' dir='ltr'><strong>dederam.</strong></span> <span class='ocrx_word' id='word_1_254' title='bbox 3078 1898 3224 1968; x_wconf 83' lang='lat' dir='ltr'><strong>Ergo</strong></span> <span class='ocrx_word' id='word_1_255' title='bbox 3258 1898 3405 1968; x_wconf 90' lang='lat' dir='ltr'><strong>quod</strong></span> <span class='ocrx_word' id='word_1_256' title='bbox 3437 1897 3552 1968; x_wconf 87' lang='lat' dir='ltr'><strong>ipse</strong></span> 
     </span>
    </p>
   </div>
   <div class='ocr_carea' id='block_1_35' title="bbox 1955 1983 3549 2056">
    <p class='ocr_par' dir='ltr' id='par_1_35' title="bbox 1955 1983 3549 2056">
     <span class='ocr_line' id='line_1_35' title="bbox 1955 1983 3549 2056; baseline 0.001 -20"><span class='ocrx_word' id='word_1_257' title='bbox 1955 1991 2270 2038; x_wconf 88' lang='lat' dir='ltr'><strong>exsecratus</strong></span> <span class='ocrx_word' id='word_1_258' title='bbox 2299 1983 2484 2038; x_wconf 85' lang='lat' dir='ltr'><strong>taliter</strong></span> <span class='ocrx_word' id='word_1_259' title='bbox 2526 1983 2726 2051; x_wconf 85' lang='lat' dir='ltr'><strong>fuerat,</strong></span> <span class='ocrx_word' id='word_1_260' title='bbox 2757 1985 3012 2056; x_wconf 90' lang='lat' dir='ltr'><strong>nunquid</strong></span> <span class='ocrx_word' id='word_1_261' title='bbox 3050 1993 3186 2040; x_wconf 89' lang='lat' dir='ltr'><strong>tunc</strong></span> <span class='ocrx_word' id='word_1_262' title='bbox 3231 2001 3344 2040; x_wconf 90' lang='lat' dir='ltr'><strong>non</strong></span> <span class='ocrx_word' id='word_1_263' title='bbox 3386 1984 3549 2050; x_wconf 92' lang='lat' dir='ltr'><strong>alius,</strong></span> 
     </span>
    </p>
   </div>
   <div class='ocr_carea' id='block_1_36' title="bbox 1955 2071 3552 2144">
    <p class='ocr_par' dir='ltr' id='par_1_36' title="bbox 1955 2071 3552 2144">
     <span class='ocr_line' id='line_1_36' title="bbox 1955 2071 3552 2144; baseline -0.001 -18"><span class='ocrx_word' id='word_1_264' title='bbox 1955 2071 2050 2144; x_wconf 88' lang='lat' dir='ltr'><strong>qui</strong></span> <span class='ocrx_word' id='word_1_265' title='bbox 2083 2071 2318 2142; x_wconf 82' lang='lat' dir='ltr'><strong>gratiose</strong></span> <span class='ocrx_word' id='word_1_266' title='bbox 2343 2071 2484 2126; x_wconf 89' lang='lat' dir='ltr'><strong>illud</strong></span> <span class='ocrx_word' id='word_1_267' title='bbox 2515 2073 2757 2143; x_wconf 90' lang='lat' dir='ltr'><strong>recipere</strong></span> <span class='ocrx_word' id='word_1_268' title='bbox 2787 2088 2849 2127; x_wconf 91' lang='lat' dir='ltr'><strong>ac</strong></span> <span class='ocrx_word' id='word_1_269' title='bbox 2875 2071 3074 2127; x_wconf 87' lang='lat' dir='ltr'><strong>habere</strong></span> <span class='ocrx_word' id='word_1_270' title='bbox 3101 2073 3346 2144; x_wconf 86' lang='lat' dir='ltr'><strong>optabat,</strong></span> <span class='ocrx_word' id='word_1_271' title='bbox 3380 2073 3552 2143; x_wconf 88' lang='lat' dir='ltr'><strong>adipi-</strong></span> 
     </span>
    </p>
   </div>
   <div class='ocr_carea' id='block_1_37' title="bbox 1958 2160 3554 2231">
    <p class='ocr_par' dir='ltr' id='par_1_37' title="bbox 1958 2160 3554 2231">
     <span class='ocr_line' id='line_1_37' title="bbox 1958 2160 3554 2231; baseline 0 -17"><span class='ocrx_word' id='word_1_272' title='bbox 1958 2160 2034 2214; x_wconf 91' lang='lat' dir='ltr'><strong>sci</strong></span> <span class='ocrx_word' id='word_1_273' title='bbox 2065 2160 2382 2216; x_wconf 78' lang='lat' dir='ltr'><strong>debuerat?</strong></span> <span class='ocrx_word' id='word_1_274' title='bbox 2427 2160 2602 2231; x_wconf 86' lang='lat' dir='ltr'><strong>Igitur</strong></span> <span class='ocrx_word' id='word_1_275' title='bbox 2628 2177 2728 2231; x_wconf 91' lang='lat' dir='ltr'><strong>pro</strong></span> <span class='ocrx_word' id='word_1_276' title='bbox 2769 2167 2952 2216; x_wconf 87' lang='lat' dir='ltr'><strong>vestra</strong></span> <span class='ocrx_word' id='word_1_277' title='bbox 2995 2161 3402 2218; x_wconf 87' lang='lat' dir='ltr'><strong>interventione</strong></span> <span class='ocrx_word' id='word_1_278' title='bbox 3444 2177 3554 2214; x_wconf 73' lang='lat' dir='ltr'><strong>suae</strong></span> 
     </span>
    </p>
   </div>
   <div class='ocr_carea' id='block_1_38' title="bbox 1957 2250 3554 2322">
    <p class='ocr_par' dir='ltr' id='par_1_38' title="bbox 1957 2250 3554 2322">
     <span class='ocr_line' id='line_1_38' title="bbox 1957 2250 3554 2322; baseline -0.003 -14"><span class='ocrx_word' id='word_1_279' title='bbox 1957 2251 2235 2308; x_wconf 75' lang='lat' dir='ltr'><strong>canonicze</strong></span> <span class='ocrx_word' id='word_1_280' title='bbox 2266 2251 2448 2304; x_wconf 93' lang='lat' dir='ltr'><strong>locum</strong></span> <span class='ocrx_word' id='word_1_281' title='bbox 2479 2266 2543 2304; x_wconf 89' lang='lat' dir='ltr'><strong>ac</strong></span> <span class='ocrx_word' id='word_1_282' title='bbox 2574 2250 2678 2304; x_wconf 92' lang='lat' dir='ltr'><strong>sibi</strong></span> <span class='ocrx_word' id='word_1_283' title='bbox 2715 2250 2866 2320; x_wconf 89' lang='lat' dir='ltr'><strong>prius</strong></span> <span class='ocrx_word' id='word_1_284' title='bbox 2905 2267 2936 2304; x_wconf 90' lang='lat' dir='ltr'><strong>a</strong></span> <span class='ocrx_word' id='word_1_285' title='bbox 2962 2267 3048 2304; x_wconf 90' lang='lat' dir='ltr'><strong>me</strong></span> <span class='ocrx_word' id='word_1_286' title='bbox 3076 2267 3388 2307; x_wconf 83' lang='lat' dir='ltr'><strong>concessam</strong></span> <span class='ocrx_word' id='word_1_287' title='bbox 3420 2267 3554 2322; x_wconf 92' lang='lat' dir='ltr'><strong>per-</strong></span> 
     </span>
    </p>
   </div>
   <div class='ocr_carea' id='block_1_39' title="bbox 1959 2339 3554 2396">
    <p class='ocr_par' dir='ltr' id='par_1_39' title="bbox 1959 2339 3554 2396">
     <span class='ocr_line' id='line_1_39' title="bbox 1959 2339 3554 2396; baseline -0.001 0"><span class='ocrx_word' id='word_1_288' title='bbox 1959 2340 2120 2396; x_wconf 91' lang='lat' dir='ltr'><strong>mitto</strong></span> <span class='ocrx_word' id='word_1_289' title='bbox 2169 2339 2550 2394; x_wconf 89' lang='lat' dir='ltr'><strong>mansionem:</strong></span> <span class='ocrx_word' id='word_1_290' title='bbox 2612 2339 3022 2394; x_wconf 89' lang='lat' dir='ltr'><strong>commnnicare</strong></span> <span class='ocrx_word' id='word_1_291' title='bbox 3067 2339 3235 2396; x_wconf 88' lang='lat' dir='ltr'><strong>etiam</strong></span> <span class='ocrx_word' id='word_1_292' title='bbox 3292 2340 3554 2396; x_wconf 89' lang='lat' dir='ltr'><strong>omnibus</strong></span> 
     </span>
    </p>
   </div>
   <div class='ocr_carea' id='block_1_40' title="bbox 1959 2427 3548 2501">
    <p class='ocr_par' dir='ltr' id='par_1_40' title="bbox 1959 2427 3548 2501">
     <span class='ocr_line' id='line_1_40' title="bbox 1959 2427 3548 2501; baseline 0.001 -17"><span class='ocrx_word' id='word_1_293' title='bbox 1959 2429 2064 2484; x_wconf 88' lang='lat' dir='ltr'><strong>sibi</strong></span> <span class='ocrx_word' id='word_1_294' title='bbox 2105 2428 2424 2484; x_wconf 87' lang='lat' dir='ltr'><strong>volentibus</strong></span> <span class='ocrx_word' id='word_1_295' title='bbox 2451 2427 2582 2483; x_wconf 87' lang='lat' dir='ltr'><strong>exin</strong></span> <span class='ocrx_word' id='word_1_296' title='bbox 2612 2444 2721 2500; x_wconf 91' lang='lat' dir='ltr'><strong>quo</strong></span> <span class='ocrx_word' id='word_1_297' title='bbox 2767 2445 3018 2484; x_wconf 81' lang='lat' dir='ltr'><strong>reversus</strong></span> <span class='ocrx_word' id='word_1_298' title='bbox 3047 2430 3216 2485; x_wconf 83' lang='lat' dir='ltr'><strong>fuerit</strong></span> <span class='ocrx_word' id='word_1_299' title='bbox 3242 2430 3548 2501; x_wconf 85' lang='lat' dir='ltr'><strong>acquiesco.</strong></span> 
     </span>
    </p>
   </div>
   <div class='ocr_carea' id='block_1_41' title="bbox 1959 2517 3552 2592">
    <p class='ocr_par' dir='ltr' id='par_1_41' title="bbox 1959 2517 3552 2592">
     <span class='ocr_line' id='line_1_41' title="bbox 1959 2517 3552 2592; baseline -0.001 -17"><span class='ocrx_word' id='word_1_300' title='bbox 1959 2519 2164 2576; x_wconf 84' lang='lat' dir='ltr'><strong>Verum</strong></span> <span class='ocrx_word' id='word_1_301' title='bbox 2199 2535 2374 2574; x_wconf 88' lang='lat' dir='ltr'><strong>meam</strong></span> <span class='ocrx_word' id='word_1_302' title='bbox 2409 2517 2742 2590; x_wconf 88' lang='lat' dir='ltr'><strong>specialiter,</strong></span> <span class='ocrx_word' id='word_1_303' title='bbox 2773 2534 2933 2590; x_wconf 89' lang='lat' dir='ltr'><strong>quam</strong></span> <span class='ocrx_word' id='word_1_304' title='bbox 2957 2519 3072 2590; x_wconf 89' lang='lat' dir='ltr'><strong>ipse</strong></span> <span class='ocrx_word' id='word_1_305' title='bbox 3099 2518 3368 2592; x_wconf 84' lang='lat' dir='ltr'><strong>obdurato</strong></span> <span class='ocrx_word' id='word_1_306' title='bbox 3391 2519 3552 2574; x_wconf 90' lang='lat' dir='ltr'><strong>corde</strong></span> 
     </span>
    </p>
   </div>
   <div class='ocr_carea' id='block_1_42' title="bbox 1957 2605 3552 2680">
    <p class='ocr_par' dir='ltr' id='par_1_42' title="bbox 1957 2605 3552 2680">
     <span class='ocr_line' id='line_1_42' title="bbox 1957 2605 3552 2680; baseline -0.001 -16"><span class='ocrx_word' id='word_1_307' title='bbox 1957 2607 2351 2680; x_wconf 90' lang='lat' dir='ltr'><strong>obduratisque</strong></span> <span class='ocrx_word' id='word_1_308' title='bbox 2383 2606 2629 2678; x_wconf 89' lang='lat' dir='ltr'><strong>auribus,</strong></span> <span class='ocrx_word' id='word_1_309' title='bbox 2660 2624 2785 2664; x_wconf 89' lang='lat' dir='ltr'><strong>cum</strong></span> <span class='ocrx_word' id='word_1_310' title='bbox 2817 2607 3072 2664; x_wconf 89' lang='lat' dir='ltr'><strong>clamosis</strong></span> <span class='ocrx_word' id='word_1_311' title='bbox 3102 2605 3158 2660; x_wconf 90' lang='lat' dir='ltr'><strong>in</strong></span> <span class='ocrx_word' id='word_1_312' title='bbox 3191 2621 3276 2662; x_wconf 90' lang='lat' dir='ltr'><strong>me</strong></span> <span class='ocrx_word' id='word_1_313' title='bbox 3307 2606 3552 2662; x_wconf 87' lang='lat' dir='ltr'><strong>detesta-</strong></span> 
     </span>
    </p>
   </div>
   <div class='ocr_carea' id='block_1_43' title="bbox 1955 2694 3552 2768">
    <p class='ocr_par' dir='ltr' id='par_1_43' title="bbox 1955 2694 3552 2768">
     <span class='ocr_line' id='line_1_43' title="bbox 1955 2694 3552 2768; baseline -0.001 -16"><span class='ocrx_word' id='word_1_314' title='bbox 1955 2697 2205 2753; x_wconf 89' lang='lat' dir='ltr'><strong>tionibus</strong></span> <span class='ocrx_word' id='word_1_315' title='bbox 2245 2705 2357 2751; x_wconf 87' lang='lat' dir='ltr'><strong>tam</strong></span> <span class='ocrx_word' id='word_1_316' title='bbox 2414 2695 2770 2768; x_wconf 86' lang='lat' dir='ltr'><strong>pertinaciter</strong></span> <span class='ocrx_word' id='word_1_317' title='bbox 2812 2711 2973 2768; x_wconf 90' lang='lat' dir='ltr'><strong>quam</strong></span> <span class='ocrx_word' id='word_1_318' title='bbox 3029 2694 3326 2768; x_wconf 78' lang='lat' dir='ltr'><strong>perniciter</strong></span> <span class='ocrx_word' id='word_1_319' title='bbox 3381 2695 3552 2750; x_wconf 80' lang='lat' dir='ltr'><strong>aufu—</strong></span> 
     </span>
    </p>
   </div>
   <div class='ocr_carea' id='block_1_44' title="bbox 1955 2783 3548 2857">
    <p class='ocr_par' dir='ltr' id='par_1_44' title="bbox 1955 2783 3548 2857">
     <span class='ocr_line' id='line_1_44' title="bbox 1955 2783 3548 2857; baseline -0.001 -19"><span class='ocrx_word' id='word_1_320' title='bbox 1955 2785 2174 2857; x_wconf 85' lang='lat' dir='ltr'><strong>giendo,</strong></span> <span class='ocrx_word' id='word_1_321' title='bbox 2206 2786 2364 2840; x_wconf 92' lang='lat' dir='ltr'><strong>nullo</strong></span> <span class='ocrx_word' id='word_1_322' title='bbox 2401 2793 2582 2841; x_wconf 89' lang='lat' dir='ltr'><strong>tamen</strong></span> <span class='ocrx_word' id='word_1_323' title='bbox 2625 2801 2750 2840; x_wconf 91' lang='lat' dir='ltr'><strong>eum</strong></span> <span class='ocrx_word' id='word_1_324' title='bbox 2798 2791 3154 2856; x_wconf 88' lang='lat' dir='ltr'><strong>persequente</strong></span> <span class='ocrx_word' id='word_1_325' title='bbox 3180 2791 3276 2838; x_wconf 85' lang='lat' dir='ltr'><strong>aut</strong></span> <span class='ocrx_word' id='word_1_326' title='bbox 3311 2783 3548 2856; x_wconf 90' lang='lat' dir='ltr'><strong>aliquam</strong></span> 
     </span>
    </p>
   </div>
   <div class='ocr_carea' id='block_1_45' title="bbox 1954 2873 3554 2945">
    <p class='ocr_par' dir='ltr' id='par_1_45' title="bbox 1954 2873 3554 2945">
     <span class='ocr_line' id='line_1_45' title="bbox 1954 2873 3554 2945; baseline 0 -17"><span class='ocrx_word' id='word_1_327' title='bbox 1954 2875 2067 2928; x_wconf 92' lang='lat' dir='ltr'><strong>vim</strong></span> <span class='ocrx_word' id='word_1_328' title='bbox 2101 2874 2150 2928; x_wconf 91' lang='lat' dir='ltr'><strong>ei</strong></span> <span class='ocrx_word' id='word_1_329' title='bbox 2196 2874 2468 2930; x_wconf 84' lang='lat' dir='ltr'><strong>inferente</strong></span> <span class='ocrx_word' id='word_1_330' title='bbox 2501 2874 2731 2945; x_wconf 90' lang='lat' dir='ltr'><strong>sprevit,</strong></span> <span class='ocrx_word' id='word_1_331' title='bbox 2779 2873 3226 2928; x_wconf 89' lang='lat' dir='ltr'><strong>communionem</strong></span> <span class='ocrx_word' id='word_1_332' title='bbox 3257 2888 3288 2927; x_wconf 88' lang='lat' dir='ltr'><strong>a</strong></span> <span class='ocrx_word' id='word_1_333' title='bbox 3333 2888 3440 2944; x_wconf 90' lang='lat' dir='ltr'><strong>qua</strong></span> <span class='ocrx_word' id='word_1_334' title='bbox 3468 2888 3554 2928; x_wconf 89' lang='lat' dir='ltr'><strong>me</strong></span> 
     </span>
    </p>
   </div>
   <div class='ocr_carea' id='block_1_46' title="bbox 1952 2961 3554 3033">
    <p class='ocr_par' dir='ltr' id='par_1_46' title="bbox 1952 2961 3554 3033">
     <span class='ocr_line' id='line_1_46' title="bbox 1952 2961 3554 3033; baseline -0.001 -15"><span class='ocrx_word' id='word_1_335' title='bbox 1952 2965 2174 3018; x_wconf 87' lang='lat' dir='ltr'><strong>volente</strong></span> <span class='ocrx_word' id='word_1_336' title='bbox 2221 2961 2506 3018; x_wconf 86' lang='lat' dir='ltr'><strong>fraudatus</strong></span> <span class='ocrx_word' id='word_1_337' title='bbox 2559 2979 2671 3018; x_wconf 91' lang='lat' dir='ltr'><strong>non</strong></span> <span class='ocrx_word' id='word_1_338' title='bbox 2715 2971 2876 3030; x_wconf 90' lang='lat' dir='ltr'><strong>esset,</strong></span> <span class='ocrx_word' id='word_1_339' title='bbox 2908 2969 3154 3033; x_wconf 88' lang='lat' dir='ltr'><strong>tempore</strong></span> <span class='ocrx_word' id='word_1_340' title='bbox 3199 2977 3298 3016; x_wconf 91' lang='lat' dir='ltr'><strong>suo</strong></span> <span class='ocrx_word' id='word_1_341' title='bbox 3327 2961 3554 3033; x_wconf 91' lang='lat' dir='ltr'><strong>locoque</strong></span> 
     </span>
    </p>
   </div>
   <div class='ocr_carea' id='block_1_47' title="bbox 237 3049 3554 3128">
    <p class='ocr_par' dir='ltr' id='par_1_47' title="bbox 237 3049 3554 3128">
     <span class='ocr_line' id='line_1_47' title="bbox 237 3049 3554 3128; baseline 0 -18"><span class='ocrx_word' id='word_1_342' title='bbox 237 3055 402 3110; x_wconf 90' lang='lat' dir='ltr'><strong>delis.</strong></span> <span class='ocrx_word' id='word_1_343' title='bbox 435 3057 514 3110; x_wconf 91' lang='lat' dir='ltr'><strong>De</strong></span> <span class='ocrx_word' id='word_1_344' title='bbox 553 3055 950 3126; x_wconf 87' lang='lat' dir='ltr'><strong>proservitione</strong></span> <span class='ocrx_word' id='word_1_345' title='bbox 993 3056 1213 3127; x_wconf 89' lang='lat' dir='ltr'><strong>quidem</strong></span> <span class='ocrx_word' id='word_1_346' title='bbox 1257 3073 1354 3111; x_wconf 91' lang='lat' dir='ltr'><strong>sua</strong></span> <span class='ocrx_word' id='word_1_347' title='bbox 1385 3073 1620 3128; x_wconf 77' lang='lat' dir='ltr'><strong>praesens</strong></span> <span class='ocrx_word' id='word_1_348' title='bbox 1652 3067 1842 3115; x_wconf 89' lang='lat' dir='ltr'><strong>contra.</strong></span> <span class='ocrx_word' id='word_1_349' title='bbox 1879 3069 1920 3127; x_wconf 76' lang='grc' dir='ltr'><strong>ί]</strong></span> <span class='ocrx_word' id='word_1_350' title='bbox 1951 3068 2212 3123; x_wconf 68' lang='lat' dir='ltr'><strong>congruo.</strong></span> <span class='ocrx_word' id='word_1_351' title='bbox 2241 3059 2337 3107; x_wconf 78' lang='lat' dir='ltr'><strong>aut</strong></span> <span class='ocrx_word' id='word_1_352' title='bbox 2384 3051 2682 3121; x_wconf 77' lang='lat' dir='ltr'><strong>judiciarie</strong></span> <span class='ocrx_word' id='word_1_353' title='bbox 2736 3049 2984 3120; x_wconf 71' lang='lat' dir='ltr'><strong>recipiet,</strong></span> <span class='ocrx_word' id='word_1_354' title='bbox 3043 3057 3137 3104; x_wconf 69' lang='lat' dir='ltr'><strong>aut</strong></span> <span class='ocrx_word' id='word_1_355' title='bbox 3188 3049 3554 3105; x_wconf 73' lang='lat' dir='ltr'><strong>satisfactoric</strong></span> 
     </span>
    </p>
   </div>
   <div class='ocr_carea' id='block_1_48' title="bbox 239 3143 1838 3218">
    <p class='ocr_par' dir='ltr' id='par_1_48' title="bbox 239 3143 1838 3218">
     <span class='ocr_line' id='line_1_48' title="bbox 239 3143 1838 3218; baseline 0.003 -20"><span class='ocrx_word' id='word_1_356' title='bbox 239 3159 332 3198; x_wconf 88' lang='lat' dir='ltr'><strong>me</strong></span> <span class='ocrx_word' id='word_1_357' title='bbox 376 3143 712 3198; x_wconf 87' lang='lat' dir='ltr'><strong>calumniose</strong></span> <span class='ocrx_word' id='word_1_358' title='bbox 755 3143 920 3200; x_wconf 84' lang='lat' dir='ltr'><strong>etiam</strong></span> <span class='ocrx_word' id='word_1_359' title='bbox 963 3145 1109 3199; x_wconf 89' lang='lat' dir='ltr'><strong>inter</strong></span> <span class='ocrx_word' id='word_1_360' title='bbox 1136 3152 1331 3200; x_wconf 64' lang='lat' dir='ltr'><strong>caetera</strong></span> <span class='ocrx_word' id='word_1_361' title='bbox 1371 3155 1703 3218; x_wconf 84' lang='lat' dir='ltr'><strong>conquestus</strong></span> <span class='ocrx_word' id='word_1_362' title='bbox 1731 3155 1838 3212; x_wconf 89' lang='lat' dir='ltr'><strong>est;</strong></span> 
     </span>
    </p>
   </div>
   <div class='ocr_carea' id='block_1_49' title="bbox 239 3231 1840 3306">
    <p class='ocr_par' dir='ltr' id='par_1_49' title="bbox 239 3231 1840 3306">
     <span class='ocr_line' id='line_1_49' title="bbox 239 3231 1840 3306; baseline 0.002 -21"><span class='ocrx_word' id='word_1_363' title='bbox 239 3232 314 3286; x_wconf 88' lang='lat' dir='ltr'><strong>de</strong></span> <span class='ocrx_word' id='word_1_364' title='bbox 346 3247 455 3302; x_wconf 92' lang='lat' dir='ltr'><strong>qua</strong></span> <span class='ocrx_word' id='word_1_365' title='bbox 483 3231 531 3285; x_wconf 90' lang='lat' dir='ltr'><strong>ei</strong></span> <span class='ocrx_word' id='word_1_366' title='bbox 561 3247 682 3286; x_wconf 91' lang='lat' dir='ltr'><strong>cum</strong></span> <span class='ocrx_word' id='word_1_367' title='bbox 713 3233 777 3288; x_wconf 88' lang='lat' dir='ltr'><strong>de</strong></span> <span class='ocrx_word' id='word_1_368' title='bbox 816 3235 1026 3289; x_wconf 76' lang='lat' dir='ltr'><strong>czrteris</strong></span> <span class='ocrx_word' id='word_1_369' title='bbox 1065 3241 1308 3306; x_wconf 87' lang='lat' dir='ltr'><strong>tempore</strong></span> <span class='ocrx_word' id='word_1_370' title='bbox 1338 3242 1393 3288; x_wconf 90' lang='lat' dir='ltr'><strong>et</strong></span> <span class='ocrx_word' id='word_1_371' title='bbox 1426 3235 1546 3290; x_wconf 83' lang='lat' dir='ltr'><strong>loco</strong></span> <span class='ocrx_word' id='word_1_372' title='bbox 1576 3251 1840 3305; x_wconf 80' lang='lat' dir='ltr'><strong>congruo,</strong></span> 
     </span>
    </p>
   </div>
   <div class='ocr_carea' id='block_1_50' title="bbox 240 3321 1839 3396">
    <p class='ocr_par' dir='ltr' id='par_1_50' title="bbox 240 3321 1839 3396">
     <span class='ocr_line' id='line_1_50' title="bbox 240 3321 1839 3396; baseline 0.003 -20"><span class='ocrx_word' id='word_1_373' title='bbox 240 3336 483 3392; x_wconf 87' lang='lat' dir='ltr'><strong>cumque</strong></span> <span class='ocrx_word' id='word_1_374' title='bbox 507 3321 692 3377; x_wconf 87' lang='lat' dir='ltr'><strong>audire</strong></span> <span class='ocrx_word' id='word_1_375' title='bbox 721 3323 977 3394; x_wconf 83' lang='lat' dir='ltr'><strong>dignatus</strong></span> <span class='ocrx_word' id='word_1_376' title='bbox 1001 3323 1186 3391; x_wconf 81' lang='lat' dir='ltr'><strong>fuerit,</strong></span> <span class='ocrx_word' id='word_1_377' title='bbox 1211 3325 1448 3396; x_wconf 89' lang='lat' dir='ltr'><strong>pleniter</strong></span> <span class='ocrx_word' id='word_1_378' title='bbox 1475 3323 1839 3396; x_wconf 87' lang='lat' dir='ltr'><strong>respondebo.</strong></span> 
     </span>
    </p>
   </div>
   <div class='ocr_carea' id='block_1_51' title="bbox 245 3411 1842 3486">
    <p class='ocr_par' dir='ltr' id='par_1_51' title="bbox 245 3411 1842 3486">
     <span class='ocr_line' id='line_1_51' title="bbox 245 3411 1842 3486; baseline 0.001 -20"><span class='ocrx_word' id='word_1_379' title='bbox 245 3411 411 3466; x_wconf 74' lang='lat' dir='ltr'><strong>Nunc</strong></span> <span class='ocrx_word' id='word_1_380' title='bbox 437 3420 616 3466; x_wconf 88' lang='lat' dir='ltr'><strong>autem</strong></span> <span class='ocrx_word' id='word_1_381' title='bbox 655 3412 796 3468; x_wconf 89' lang='lat' dir='ltr'><strong>illud</strong></span> <span class='ocrx_word' id='word_1_382' title='bbox 819 3429 916 3483; x_wconf 88' lang='lat' dir='ltr'><strong>pro</strong></span> <span class='ocrx_word' id='word_1_383' title='bbox 937 3413 1150 3468; x_wconf 90' lang='lat' dir='ltr'><strong>ratione</strong></span> <span class='ocrx_word' id='word_1_384' title='bbox 1177 3414 1336 3469; x_wconf 85' lang='lat' dir='ltr'><strong>vobis</strong></span> <span class='ocrx_word' id='word_1_385' title='bbox 1363 3413 1690 3486; x_wconf 86' lang='lat' dir='ltr'><strong>respondeo,</strong></span> <span class='ocrx_word' id='word_1_386' title='bbox 1711 3413 1842 3486; x_wconf 89' lang='lat' dir='ltr'><strong>quia</strong></span> 
     </span>
    </p>
   </div>
   <div class='ocr_carea' id='block_1_52' title="bbox 236 3499 1845 3573">
    <p class='ocr_par' dir='ltr' id='par_1_52' title="bbox 236 3499 1845 3573">
     <span class='ocr_line' id='line_1_52' title="bbox 236 3499 1845 3573; baseline 0.002 -21"><span class='ocrx_word' id='word_1_387' title='bbox 236 3499 490 3571; x_wconf 85' lang='lat' dir='ltr'><strong>potestis,</strong></span> <span class='ocrx_word' id='word_1_388' title='bbox 523 3500 564 3554; x_wconf 91' lang='lat' dir='ltr'><strong>si</strong></span> <span class='ocrx_word' id='word_1_389' title='bbox 597 3500 757 3555; x_wconf 86' lang='lat' dir='ltr'><strong>vobis</strong></span> <span class='ocrx_word' id='word_1_390' title='bbox 777 3501 974 3570; x_wconf 86' lang='lat' dir='ltr'><strong>placet,</strong></span> <span class='ocrx_word' id='word_1_391' title='bbox 1004 3501 1162 3555; x_wconf 92' lang='lat' dir='ltr'><strong>illum</strong></span> <span class='ocrx_word' id='word_1_392' title='bbox 1193 3519 1292 3557; x_wconf 89' lang='lat' dir='ltr'><strong>vos</strong></span> <span class='ocrx_word' id='word_1_393' title='bbox 1315 3511 1611 3572; x_wconf 89' lang='lat' dir='ltr'><strong>petentem,</strong></span> <span class='ocrx_word' id='word_1_394' title='bbox 1636 3519 1845 3573; x_wconf 86' lang='lat' dir='ltr'><strong>vosque</strong></span> 
     </span>
    </p>
   </div>
   <div class='ocr_carea' id='block_1_53' title="bbox 235 3588 1844 3659">
    <p class='ocr_par' dir='ltr' id='par_1_53' title="bbox 235 3588 1844 3659">
     <span class='ocr_line' id='line_1_53' title="bbox 235 3588 1844 3659; baseline 0.002 -16"><span class='ocrx_word' id='word_1_395' title='bbox 235 3588 578 3656; x_wconf 89' lang='lat' dir='ltr'><strong>audientem,</strong></span> <span class='ocrx_word' id='word_1_396' title='bbox 612 3589 882 3658; x_wconf 88' lang='lat' dir='ltr'><strong>vobisque</strong></span> <span class='ocrx_word' id='word_1_397' title='bbox 921 3589 1235 3659; x_wconf 87' lang='lat' dir='ltr'><strong>loquentem</strong></span> <span class='ocrx_word' id='word_1_398' title='bbox 1283 3606 1394 3645; x_wconf 89' lang='lat' dir='ltr'><strong>non</strong></span> <span class='ocrx_word' id='word_1_399' title='bbox 1433 3591 1500 3646; x_wconf 90' lang='lat' dir='ltr'><strong>ab</strong></span> <span class='ocrx_word' id='word_1_400' title='bbox 1529 3607 1587 3644; x_wconf 89' lang='lat' dir='ltr'><strong>re</strong></span> <span class='ocrx_word' id='word_1_401' title='bbox 1613 3590 1844 3647; x_wconf 90' lang='lat' dir='ltr'><strong>interro-</strong></span> 
     </span>
    </p>
   </div>
   <div class='ocr_carea' id='block_1_54' title="bbox 237 3679 1846 3751">
    <p class='ocr_par' dir='ltr' id='par_1_54' title="bbox 237 3679 1846 3751">
     <span class='ocr_line' id='line_1_54' title="bbox 237 3679 1846 3751; baseline 0.002 -18"><span class='ocrx_word' id='word_1_402' title='bbox 237 3695 384 3748; x_wconf 82' lang='lat' dir='ltr'><strong>gare,</strong></span> <span class='ocrx_word' id='word_1_403' title='bbox 416 3695 518 3733; x_wconf 90' lang='lat' dir='ltr'><strong>cur</strong></span> <span class='ocrx_word' id='word_1_404' title='bbox 545 3694 606 3731; x_wconf 85' lang='lat' dir='ltr'><strong>ea</strong></span> <span class='ocrx_word' id='word_1_405' title='bbox 638 3692 759 3748; x_wconf 59' lang='lat' dir='ltr'><strong>quae</strong></span> <span class='ocrx_word' id='word_1_406' title='bbox 791 3691 938 3732; x_wconf 89' lang='lat' dir='ltr'><strong>nunc</strong></span> <span class='ocrx_word' id='word_1_407' title='bbox 968 3679 1187 3748; x_wconf 90' lang='lat' dir='ltr'><strong>repetit,</strong></span> <span class='ocrx_word' id='word_1_408' title='bbox 1213 3679 1369 3734; x_wconf 90' lang='lat' dir='ltr'><strong>nullo</strong></span> <span class='ocrx_word' id='word_1_409' title='bbox 1397 3687 1646 3751; x_wconf 82' lang='lat' dir='ltr'><strong>cogente,</strong></span> <span class='ocrx_word' id='word_1_410' title='bbox 1691 3681 1846 3736; x_wconf 89' lang='lat' dir='ltr'><strong>nullo</strong></span> 
     </span>
    </p>
   </div>
   <div class='ocr_carea' id='block_1_55' title="bbox 237 3763 1848 3836">
    <p class='ocr_par' dir='ltr' id='par_1_55' title="bbox 237 3763 1848 3836">
     <span class='ocr_line' id='line_1_55' title="bbox 237 3763 1848 3836; baseline 0.003 -16"><span class='ocrx_word' id='word_1_411' title='bbox 237 3765 526 3832; x_wconf 88' lang='lat' dir='ltr'><strong>suadente,</strong></span> <span class='ocrx_word' id='word_1_412' title='bbox 561 3781 657 3836; x_wconf 91' lang='lat' dir='ltr'><strong>per</strong></span> <span class='ocrx_word' id='word_1_413' title='bbox 699 3763 872 3834; x_wconf 90' lang='lat' dir='ltr'><strong>pilum</strong></span> <span class='ocrx_word' id='word_1_414' title='bbox 915 3764 1229 3821; x_wconf 88' lang='lat' dir='ltr'><strong>vestimenti</strong></span> <span class='ocrx_word' id='word_1_415' title='bbox 1277 3767 1362 3822; x_wconf 90' lang='lat' dir='ltr'><strong>sui</strong></span> <span class='ocrx_word' id='word_1_416' title='bbox 1393 3783 1426 3823; x_wconf 89' lang='lat' dir='ltr'><strong>a</strong></span> <span class='ocrx_word' id='word_1_417' title='bbox 1457 3784 1512 3824; x_wconf 89' lang='lat' dir='ltr'><strong>se</strong></span> <span class='ocrx_word' id='word_1_418' title='bbox 1541 3776 1848 3825; x_wconf 87' lang='lat' dir='ltr'><strong>terratenus</strong></span> 
     </span>
    </p>
   </div>
   <div class='ocr_carea' id='block_1_56' title="bbox 234 3922 2454 3952">
    <p class='ocr_par' dir='ltr' id='par_1_56' title="bbox 234 3922 2454 3952">
     <span class='ocr_line' id='line_1_56' title="bbox 234 3922 2454 3952; baseline 0.001 -15"><span class='ocrx_word' id='word_1_419' title='bbox 234 3922 2454 3952; x_wconf 68' lang='lat'><strong>.___,__———_____________.._.______.___.......</strong></span> 
     </span>
    </p>
   </div>
   <div class='ocr_carea' id='block_1_57' title="bbox 1957 3137 3554 3211">
    <p class='ocr_par' dir='ltr' id='par_1_57' title="bbox 1957 3137 3554 3211">
     <span class='ocr_line' id='line_1_57' title="bbox 1957 3137 3554 3211; baseline -0.002 -16"><span class='ocrx_word' id='word_1_420' title='bbox 1957 3140 2251 3196; x_wconf 86' lang='lat' dir='ltr'><strong>obtinebit.</strong></span> <span class='ocrx_word' id='word_1_421' title='bbox 2287 3141 2474 3211; x_wconf 87' lang='lat' dir='ltr'><strong>Itaque</strong></span> <span class='ocrx_word' id='word_1_422' title='bbox 2519 3139 2674 3194; x_wconf 90' lang='lat' dir='ltr'><strong>decet</strong></span> <span class='ocrx_word' id='word_1_423' title='bbox 2701 3139 3031 3209; x_wconf 88' lang='lat' dir='ltr'><strong>probitatem</strong></span> <span class='ocrx_word' id='word_1_424' title='bbox 3068 3145 3330 3200; x_wconf 85' lang='lat' dir='ltr'><strong>vestram,</strong></span> <span class='ocrx_word' id='word_1_425' title='bbox 3361 3137 3493 3191; x_wconf 89' lang='lat' dir='ltr'><strong>dum</strong></span> <span class='ocrx_word' id='word_1_426' title='bbox 3524 3154 3554 3192; x_wconf 89' lang='lat' dir='ltr'><strong>a</strong></span> 
     </span>
    </p>
   </div>
   <div class='ocr_carea' id='block_1_58' title="bbox 1951 3226 3554 3298">
    <p class='ocr_par' dir='ltr' id='par_1_58' title="bbox 1951 3226 3554 3298">
     <span class='ocr_line' id='line_1_58' title="bbox 1951 3226 3554 3298; baseline -0.004 -13"><span class='ocrx_word' id='word_1_427' title='bbox 1951 3231 2110 3286; x_wconf 88' lang='lat' dir='ltr'><strong>vobis</strong></span> <span class='ocrx_word' id='word_1_428' title='bbox 2141 3230 2305 3284; x_wconf 92' lang='lat' dir='ltr'><strong>modo</strong></span> <span class='ocrx_word' id='word_1_429' title='bbox 2333 3245 2585 3284; x_wconf 85' lang='lat' dir='ltr'><strong>reversus</strong></span> <span class='ocrx_word' id='word_1_430' title='bbox 2614 3228 2803 3294; x_wconf 83' lang='lat' dir='ltr'><strong>fuerit,</strong></span> <span class='ocrx_word' id='word_1_431' title='bbox 2835 3226 2910 3281; x_wconf 89' lang='lat' dir='ltr'><strong>ita</strong></span> <span class='ocrx_word' id='word_1_432' title='bbox 2933 3227 3133 3298; x_wconf 90' lang='lat' dir='ltr'><strong>leporis</strong></span> <span class='ocrx_word' id='word_1_433' title='bbox 3151 3227 3320 3282; x_wconf 90' lang='lat' dir='ltr'><strong>vestri</strong></span> <span class='ocrx_word' id='word_1_434' title='bbox 3341 3227 3452 3280; x_wconf 88' lang='lat' dir='ltr'><strong>sale</strong></span> <span class='ocrx_word' id='word_1_435' title='bbox 3472 3240 3554 3279; x_wconf 83' lang='lat' dir='ltr'><strong>re-</strong></span> 
     </span>
    </p>
   </div>
   <div class='ocr_carea' id='block_1_59' title="bbox 1951 3315 3552 3388">
    <p class='ocr_par' dir='ltr' id='par_1_59' title="bbox 1951 3315 3552 3388">
     <span class='ocr_line' id='line_1_59' title="bbox 1951 3315 3552 3388; baseline -0.002 -14"><span class='ocrx_word' id='word_1_436' title='bbox 1951 3319 2075 3374; x_wconf 90' lang='lat' dir='ltr'><strong>deat</strong></span> <span class='ocrx_word' id='word_1_437' title='bbox 2104 3317 2379 3385; x_wconf 89' lang='lat' dir='ltr'><strong>conditus,</strong></span> <span class='ocrx_word' id='word_1_438' title='bbox 2410 3324 2471 3372; x_wconf 91' lang='lat' dir='ltr'><strong>ut</strong></span> <span class='ocrx_word' id='word_1_439' title='bbox 2500 3333 2612 3372; x_wconf 88' lang='lat' dir='ltr'><strong>non</strong></span> <span class='ocrx_word' id='word_1_440' title='bbox 2641 3323 2898 3388; x_wconf 89' lang='lat' dir='ltr'><strong>appareat</strong></span> <span class='ocrx_word' id='word_1_441' title='bbox 2924 3315 3012 3370; x_wconf 88' lang='lat' dir='ltr'><strong>his</strong></span> <span class='ocrx_word' id='word_1_442' title='bbox 3037 3333 3164 3371; x_wconf 91' lang='lat' dir='ltr'><strong>cum</strong></span> <span class='ocrx_word' id='word_1_443' title='bbox 3195 3315 3398 3388; x_wconf 89' lang='lat' dir='ltr'><strong>quibus</strong></span> <span class='ocrx_word' id='word_1_444' title='bbox 3425 3331 3552 3372; x_wconf 88' lang='lat' dir='ltr'><strong>con-</strong></span> 
     </span>
    </p>
   </div>
   <div class='ocr_carea' id='block_1_60' title="bbox 1951 3403 3593 3477">
    <p class='ocr_par' dir='ltr' id='par_1_60' title="bbox 1951 3403 3593 3477">
     <span class='ocr_line' id='line_1_60' title="bbox 1951 3403 3593 3477; baseline -0.004 -15"><span class='ocrx_word' id='word_1_445' title='bbox 1951 3417 2200 3464; x_wconf 88' lang='lat' dir='ltr'><strong>versatus</strong></span> <span class='ocrx_word' id='word_1_446' title='bbox 2241 3407 2409 3462; x_wconf 81' lang='lat' dir='ltr'><strong>fuerit</strong></span> <span class='ocrx_word' id='word_1_447' title='bbox 2437 3406 2573 3462; x_wconf 89' lang='lat' dir='ltr'><strong>adeo</strong></span> <span class='ocrx_word' id='word_1_448' title='bbox 2603 3421 2887 3473; x_wconf 91' lang='lat' dir='ltr'><strong>onerosus,</strong></span> <span class='ocrx_word' id='word_1_449' title='bbox 2935 3407 3088 3460; x_wconf 89' lang='lat' dir='ltr'><strong>velut</strong></span> <span class='ocrx_word' id='word_1_450' title='bbox 3117 3405 3271 3477; x_wconf 89' lang='lat' dir='ltr'><strong>prius</strong></span> <span class='ocrx_word' id='word_1_451' title='bbox 3317 3421 3348 3459; x_wconf 93' lang='lat' dir='ltr'><strong>a</strong></span> <span class='ocrx_word' id='word_1_452' title='bbox 3393 3403 3554 3460; x_wconf 84' lang='lat' dir='ltr'><strong>vobis</strong></span> <span class='ocrx_word' id='word_1_453' title='bbox 3584 3447 3593 3456; x_wconf 80' lang='lat'><strong>.</strong></span> 
     </span>
    </p>
   </div>
   <div class='ocr_carea' id='block_1_61' title="bbox 1953 3493 3552 3566">
    <p class='ocr_par' dir='ltr' id='par_1_61' title="bbox 1953 3493 3552 3566">
     <span class='ocr_line' id='line_1_61' title="bbox 1953 3493 3552 3566; baseline -0.003 -14"><span class='ocrx_word' id='word_1_454' title='bbox 1953 3499 2020 3554; x_wconf 89' lang='lat' dir='ltr'><strong>ad</strong></span> <span class='ocrx_word' id='word_1_455' title='bbox 2049 3513 2134 3552; x_wconf 91' lang='lat' dir='ltr'><strong>me</strong></span> <span class='ocrx_word' id='word_1_456' title='bbox 2171 3497 2401 3552; x_wconf 90' lang='lat' dir='ltr'><strong>veniens</strong></span> <span class='ocrx_word' id='word_1_457' title='bbox 2430 3495 2568 3549; x_wconf 90' lang='lat' dir='ltr'><strong>mihi</strong></span> <span class='ocrx_word' id='word_1_458' title='bbox 2601 3494 2835 3560; x_wconf 87' lang='lat' dir='ltr'><strong>exstitit,</strong></span> <span class='ocrx_word' id='word_1_459' title='bbox 2885 3493 3034 3566; x_wconf 91' lang='lat' dir='ltr'><strong>quod</strong></span> <span class='ocrx_word' id='word_1_460' title='bbox 3063 3503 3222 3550; x_wconf 87' lang='lat' dir='ltr'><strong>antea</strong></span> <span class='ocrx_word' id='word_1_461' title='bbox 3269 3509 3552 3566; x_wconf 87' lang='lat' dir='ltr'><strong>nunquam</strong></span> 
     </span>
    </p>
   </div>
   <div class='ocr_carea' id='block_1_62' title="bbox 1953 3588 3555 3664">
    <p class='ocr_par' dir='ltr' id='par_1_62' title="bbox 1953 3588 3555 3664">
     <span class='ocr_line' id='line_1_62' title="bbox 1953 3588 3555 3664; baseline -0.002 -19"><span class='ocrx_word' id='word_1_462' title='bbox 1953 3590 2151 3659; x_wconf 87' lang='lat' dir='ltr'><strong>fuerat,</strong></span> <span class='ocrx_word' id='word_1_463' title='bbox 2195 3591 2663 3658; x_wconf 86' lang='lat' dir='ltr'><strong>contumeliosus;</strong></span> <span class='ocrx_word' id='word_1_464' title='bbox 2697 3591 2956 3664; x_wconf 89' lang='lat' dir='ltr'><strong>quoniam</strong></span> <span class='ocrx_word' id='word_1_465' title='bbox 3004 3591 3098 3662; x_wconf 88' lang='lat' dir='ltr'><strong>qui</strong></span> <span class='ocrx_word' id='word_1_466' title='bbox 3147 3589 3328 3645; x_wconf 85' lang='lat' dir='ltr'><strong>dixit:</strong></span> <span class='ocrx_word' id='word_1_467' title='bbox 3362 3588 3555 3644; x_wconf 87' lang='lat' dir='ltr'><strong>Habete</strong></span> 
     </span>
    </p>
   </div>
   <div class='ocr_carea' id='block_1_63' title="bbox 1953 3677 3554 3751">
    <p class='ocr_par' dir='ltr' id='par_1_63' title="bbox 1953 3677 3554 3751">
     <span class='ocr_line' id='line_1_63' title="bbox 1953 3677 3554 3751; baseline -0.003 -18"><span class='ocrx_word' id='word_1_468' title='bbox 1953 3681 2038 3735; x_wconf 81' lang='lat' dir='ltr'><strong>sal</strong></span> <span class='ocrx_word' id='word_1_469' title='bbox 2066 3679 2122 3732; x_wconf 84' lang='lat' dir='ltr'><strong>in</strong></span> <span class='ocrx_word' id='word_1_470' title='bbox 2151 3679 2314 3746; x_wconf 86' lang='lat' dir='ltr'><strong>vobis,</strong></span> <span class='ocrx_word' id='word_1_471' title='bbox 2346 3679 2528 3751; x_wconf 88' lang='lat' dir='ltr'><strong>etipse</strong></span> <span class='ocrx_word' id='word_1_472' title='bbox 2557 3677 2792 3745; x_wconf 87' lang='lat' dir='ltr'><strong>addidit,</strong></span> <span class='ocrx_word' id='word_1_473' title='bbox 2821 3683 2869 3732; x_wconf 86' lang='lat' dir='ltr'><strong>et</strong></span> <span class='ocrx_word' id='word_1_474' title='bbox 2889 3694 3072 3749; x_wconf 86' lang='lat' dir='ltr'><strong>pacem</strong></span> <span class='ocrx_word' id='word_1_475' title='bbox 3103 3677 3279 3732; x_wconf 84' lang='lat' dir='ltr'><strong>habete</strong></span> <span class='ocrx_word' id='word_1_476' title='bbox 3304 3677 3444 3730; x_wconf 87' lang='lat' dir='ltr'><strong>inter</strong></span> <span class='ocrx_word' id='word_1_477' title='bbox 3461 3692 3554 3729; x_wconf 79' lang='lat' dir='ltr'><strong>vos</strong></span> 
     </span>
    </p>
   </div>
   <div class='ocr_carea' id='block_1_64' title="bbox 1957 3765 3124 3839">
    <p class='ocr_par' dir='ltr' id='par_1_64' title="bbox 1957 3765 3124 3839">
     <span class='ocr_line' id='line_1_64' title="bbox 1957 3765 3124 3839; baseline -0.004 -13"><span class='ocrx_word' id='word_1_478' title='bbox 1957 3769 2152 3839; x_wconf 86' lang='lat' dir='ltr'><strong>(Marc.</strong></span> <span class='ocrx_word' id='word_1_479' title='bbox 2187 3785 2265 3836; x_wconf 87' lang='lat' dir='ltr'><strong>1x,</strong></span> <span class='ocrx_word' id='word_1_480' title='bbox 2299 3768 2414 3834; x_wconf 77' lang='grc'><strong>49).</strong></span> <span class='ocrx_word' id='word_1_481' title='bbox 2449 3769 2587 3824; x_wconf 89' lang='lat' dir='ltr'><strong>Data</strong></span> <span class='ocrx_word' id='word_1_482' title='bbox 2614 3786 2650 3822; x_wconf 88' lang='lat' dir='ltr'><strong>v</strong></span> <span class='ocrx_word' id='word_1_483' title='bbox 2679 3766 2913 3823; x_wconf 82' lang='lat' dir='ltr'><strong>Kalend.</strong></span> <span class='ocrx_word' id='word_1_484' title='bbox 2947 3765 3124 3838; x_wconf 87' lang='lat' dir='ltr'><strong>April.</strong></span> 
     </span>
    </p>
   </div>
   <div class='ocr_carea' id='block_1_65' title="bbox 2457 3930 2787 3940">
    <p class='ocr_par' dir='ltr' id='par_1_65' title="bbox 2457 3930 2787 3940">
     <span class='ocr_line' id='line_1_65' title="bbox 2457 3930 2787 3940; baseline 0 -1"><span class='ocrx_word' id='word_1_485' title='bbox 2457 3930 2787 3940; x_wconf 55' lang='grc' dir='ltr'><em>Μ</em></span> 
     </span>
    </p>
   </div>
   <div class='ocr_carea' id='block_1_66' title="bbox 1441 4181 2342 4242">
    <p class='ocr_par' dir='ltr' id='par_1_66' title="bbox 1441 4181 2342 4242">
     <span class='ocr_line' id='line_1_66' title="bbox 1441 4181 2342 4242; baseline 0 -2"><span class='ocrx_word' id='word_1_486' title='bbox 1441 4181 1798 4242; x_wconf 83' lang='lat' dir='ltr'><strong>EJUSDEM</strong></span> <span class='ocrx_word' id='word_1_487' title='bbox 1840 4183 1942 4242; x_wconf 88' lang='lat' dir='ltr'><strong>AD</strong></span> <span class='ocrx_word' id='word_1_488' title='bbox 1989 4182 2342 4242; x_wconf 85' lang='lat' dir='ltr'><strong>EUMDEM.</strong></span> 
     </span>
    </p>
   </div>
   <div class='ocr_carea' id='block_1_67' title="bbox 371 4311 3418 4384">
    <p class='ocr_par' dir='ltr' id='par_1_67' title="bbox 371 4311 3418 4384">
     <span class='ocr_line' id='line_1_67' title="bbox 371 4311 3418 4384; baseline -0.003 -12"><span class='ocrx_word' id='word_1_489' title='bbox 371 4317 451 4372; x_wconf 87' lang='lat' dir='ltr'><strong>De</strong></span> <span class='ocrx_word' id='word_1_490' title='bbox 480 4314 660 4372; x_wconf 83' lang='lat' dir='ltr'><strong>Senati</strong></span> <span class='ocrx_word' id='word_1_491' title='bbox 687 4315 863 4370; x_wconf 85' lang='lat' dir='ltr'><strong>clerici</strong></span> <span class='ocrx_word' id='word_1_492' title='bbox 896 4313 1253 4383; x_wconf 82' lang='lat' dir='ltr'><strong>ordinatione,</strong></span> <span class='ocrx_word' id='word_1_493' title='bbox 1294 4315 1458 4384; x_wconf 79' lang='lat' dir='ltr'><strong>deque</strong></span> <span class='ocrx_word' id='word_1_494' title='bbox 1489 4314 1751 4370; x_wconf 83' lang='lat' dir='ltr'><strong>carcerali</strong></span> <span class='ocrx_word' id='word_1_495' title='bbox 1778 4331 1877 4369; x_wconf 81' lang='lat' dir='ltr'><strong>sua</strong></span> <span class='ocrx_word' id='word_1_496' title='bbox 1902 4313 2208 4380; x_wconf 79' lang='lat' dir='ltr'><strong>detentione,</strong></span> <span class='ocrx_word' id='word_1_497' title='bbox 2239 4319 2288 4367; x_wconf 86' lang='lat' dir='ltr'><strong>et</strong></span> <span class='ocrx_word' id='word_1_498' title='bbox 2310 4312 2736 4383; x_wconf 83' lang='lat' dir='ltr'><strong>proclamatione</strong></span> <span class='ocrx_word' id='word_1_499' title='bbox 2769 4311 2840 4364; x_wconf 84' lang='lat' dir='ltr'><strong>ad</strong></span> <span class='ocrx_word' id='word_1_500' title='bbox 2865 4311 3032 4364; x_wconf 82' lang='lat' dir='ltr'><strong>sedem</strong></span> <span class='ocrx_word' id='word_1_501' title='bbox 3070 4311 3418 4380; x_wconf 82' lang='lat' dir='ltr'><strong>apostolicam</strong></span> 
     </span>
    </p>
   </div>
   <div class='ocr_carea' id='block_1_68' title="bbox 313 4529 3552 4608">
    <p class='ocr_par' dir='ltr' id='par_1_68' title="bbox 313 4529 3552 4608">
     <span class='ocr_line' id='line_1_68' title="bbox 313 4529 3552 4608; baseline -0.004 -12"><span class='ocrx_word' id='word_1_502' title='bbox 313 4537 778 4596; x_wconf 80' lang='lat' dir='ltr'><strong>Reverentissimo</strong></span> <span class='ocrx_word' id='word_1_503' title='bbox 825 4537 1162 4594; x_wconf 81' lang='lat' dir='ltr'><strong>Rhemorum</strong></span> <span class='ocrx_word' id='word_1_504' title='bbox 1218 4535 1632 4608; x_wconf 85' lang='lat' dir='ltr'><strong>archiepiscopo</strong></span> <span class='ocrx_word' id='word_1_505' title='bbox 1679 4535 1842 4590; x_wconf 79' lang='lat' dir='ltr'><strong>Hmc-</strong></span> <span class='ocrx_word' id='word_1_506' title='bbox 1878 4535 1928 4594; x_wconf 94' lang='lat' dir='ltr'><strong>D</strong></span> <span class='ocrx_word' id='word_1_507' title='bbox 1961 4534 2126 4590; x_wconf 89' lang='lat' dir='ltr'><strong>sensi.</strong></span> <span class='ocrx_word' id='word_1_508' title='bbox 2177 4532 2398 4590; x_wconf 90' lang='lat' dir='ltr'><strong>Plenius</strong></span> <span class='ocrx_word' id='word_1_509' title='bbox 2438 4548 2565 4604; x_wconf 80' lang='lat' dir='ltr'><strong>ergo</strong></span> <span class='ocrx_word' id='word_1_510' title='bbox 2607 4531 2812 4588; x_wconf 90' lang='lat' dir='ltr'><strong>abhinc</strong></span> <span class='ocrx_word' id='word_1_511' title='bbox 2850 4529 3008 4587; x_wconf 89' lang='lat' dir='ltr'><strong>vobis</strong></span> <span class='ocrx_word' id='word_1_512' title='bbox 3063 4545 3174 4585; x_wconf 91' lang='lat' dir='ltr'><strong>non</strong></span> <span class='ocrx_word' id='word_1_513' title='bbox 3203 4529 3552 4602; x_wconf 88' lang='lat' dir='ltr'><strong>respondere,</strong></span> 
     </span>
    </p>
   </div>
   <div class='ocr_carea' id='block_1_69' title="bbox 238 4613 1849 4697">
    <p class='ocr_par' dir='ltr' id='par_1_69' title="bbox 238 4613 1849 4697">
     <span class='ocr_line' id='line_1_69' title="bbox 238 4613 1849 4697; baseline -0.002 -13"><span class='ocrx_word' id='word_1_514' title='bbox 238 4646 414 4697; x_wconf 64' lang='lat' dir='ltr'><strong>nano,</strong></span> <span class='ocrx_word' id='word_1_515' title='bbox 471 4628 852 4683; x_wconf 87' lang='lat' dir='ltr'><strong>Laudnnensis</strong></span> <span class='ocrx_word' id='word_1_516' title='bbox 909 4613 1168 4683; x_wconf 65' lang='lat' dir='ltr'><strong>Ecclesiae</strong></span> <span class='ocrx_word' id='word_1_517' title='bbox 1234 4624 1502 4680; x_wconf 90' lang='lat' dir='ltr'><strong>minimus</strong></span> <span class='ocrx_word' id='word_1_518' title='bbox 1553 4625 1849 4696; x_wconf 91' lang='lat' dir='ltr'><strong>episcopo-</strong></span> 
     </span>
    </p>
   </div>
   <div class='ocr_carea' id='block_1_70' title="bbox 237 4713 1770 4774">
    <p class='ocr_par' dir='ltr' id='par_1_70' title="bbox 237 4713 1770 4774">
     <span class='ocr_line' id='line_1_70' title="bbox 237 4713 1770 4774; baseline -0.003 0"><span class='ocrx_word' id='word_1_519' title='bbox 237 4734 364 4774; x_wconf 85' lang='lat' dir='ltr'><strong>rum</strong></span> <span class='ocrx_word' id='word_1_520' title='bbox 392 4718 716 4773; x_wconf 66' lang='lat' dir='ltr'><strong>Hmcxxnus</strong></span> <span class='ocrx_word' id='word_1_521' title='bbox 745 4717 984 4772; x_wconf 87' lang='lat' dir='ltr'><strong>debitam</strong></span> <span class='ocrx_word' id='word_1_522' title='bbox 1016 4716 1076 4770; x_wconf 90' lang='lat' dir='ltr'><strong>in</strong></span> <span class='ocrx_word' id='word_1_523' title='bbox 1109 4713 1357 4770; x_wconf 90' lang='lat' dir='ltr'><strong>Domino</strong></span> <span class='ocrx_word' id='word_1_524' title='bbox 1393 4713 1770 4770; x_wconf 90' lang='lat' dir='ltr'><strong>devotionem.</strong></span> 
     </span>
    </p>
   </div>
   <div class='ocr_carea' id='block_1_71' title="bbox 315 4803 1843 4878">
    <p class='ocr_par' dir='ltr' id='par_1_71' title="bbox 315 4803 1843 4878">
     <span class='ocr_line' id='line_1_71' title="bbox 315 4803 1843 4878; baseline -0.004 -13"><span class='ocrx_word' id='word_1_525' title='bbox 315 4807 504 4878; x_wconf 86' lang='lat' dir='ltr'><strong>Relegi</strong></span> <span class='ocrx_word' id='word_1_526' title='bbox 556 4806 760 4863; x_wconf 90' lang='lat' dir='ltr'><strong>cursim</strong></span> <span class='ocrx_word' id='word_1_527' title='bbox 804 4806 1008 4878; x_wconf 85' lang='lat' dir='ltr'><strong>scripta</strong></span> <span class='ocrx_word' id='word_1_528' title='bbox 1054 4812 1252 4860; x_wconf 73' lang='lat' dir='ltr'><strong>vestrae</strong></span> <span class='ocrx_word' id='word_1_529' title='bbox 1305 4803 1674 4872; x_wconf 87' lang='lat' dir='ltr'><strong>celsitudinis,</strong></span> <span class='ocrx_word' id='word_1_530' title='bbox 1723 4821 1843 4876; x_wconf 69' lang='lat' dir='ltr'><strong>quae</strong></span> 
     </span>
    </p>
   </div>
   <div class='ocr_carea' id='block_1_72' title="bbox 243 4892 1842 4967">
    <p class='ocr_par' dir='ltr' id='par_1_72' title="bbox 243 4892 1842 4967">
     <span class='ocr_line' id='line_1_72' title="bbox 243 4892 1842 4967; baseline -0.003 -16"><span class='ocrx_word' id='word_1_531' title='bbox 243 4895 384 4951; x_wconf 89' lang='lat' dir='ltr'><strong>mihi</strong></span> <span class='ocrx_word' id='word_1_532' title='bbox 431 4893 754 4967; x_wconf 85' lang='lat' dir='ltr'><strong>perferenda</strong></span> <span class='ocrx_word' id='word_1_533' title='bbox 803 4892 1138 4962; x_wconf 88' lang='lat' dir='ltr'><strong>destinastis,</strong></span> <span class='ocrx_word' id='word_1_534' title='bbox 1181 4893 1419 4950; x_wconf 90' lang='lat' dir='ltr'><strong>instante</strong></span> <span class='ocrx_word' id='word_1_535' title='bbox 1466 4892 1842 4950; x_wconf 87' lang='lat' dir='ltr'><strong>anniversario</strong></span> 
     </span>
    </p>
   </div>
   <div class='ocr_carea' id='block_1_73' title="bbox 243 4983 1841 5055">
    <p class='ocr_par' dir='ltr' id='par_1_73' title="bbox 243 4983 1841 5055">
     <span class='ocr_line' id='line_1_73' title="bbox 243 4983 1841 5055; baseline -0.001 -15"><span class='ocrx_word' id='word_1_536' title='bbox 243 4986 357 5040; x_wconf 89' lang='lat' dir='ltr'><strong>mei</strong></span> <span class='ocrx_word' id='word_1_537' title='bbox 389 4983 708 5040; x_wconf 85' lang='lat' dir='ltr'><strong>traditionis</strong></span> <span class='ocrx_word' id='word_1_538' title='bbox 743 4990 1063 5055; x_wconf 64' lang='lat' dir='ltr'><strong>perpetrata;</strong></span> <span class='ocrx_word' id='word_1_539' title='bbox 1093 4998 1214 5038; x_wconf 90' lang='lat' dir='ltr'><strong>mea</strong></span> <span class='ocrx_word' id='word_1_540' title='bbox 1239 4983 1298 5038; x_wconf 89' lang='lat' dir='ltr'><strong>in</strong></span> <span class='ocrx_word' id='word_1_541' title='bbox 1327 4983 1608 5055; x_wconf 88' lang='lat' dir='ltr'><strong>parochia,</strong></span> <span class='ocrx_word' id='word_1_542' title='bbox 1637 4991 1692 5040; x_wconf 90' lang='lat' dir='ltr'><strong>et</strong></span> <span class='ocrx_word' id='word_1_543' title='bbox 1719 4984 1841 5039; x_wconf 90' lang='lat' dir='ltr'><strong>loco</strong></span> 
     </span>
    </p>
   </div>
   <div class='ocr_carea' id='block_1_74' title="bbox 241 5072 1848 5146">
    <p class='ocr_par' dir='ltr' id='par_1_74' title="bbox 241 5072 1848 5146">
     <span class='ocr_line' id='line_1_74' title="bbox 241 5072 1848 5146; baseline -0.001 -18"><span class='ocrx_word' id='word_1_544' title='bbox 241 5074 340 5146; x_wconf 90' lang='lat' dir='ltr'><strong>qui</strong></span> <span class='ocrx_word' id='word_1_545' title='bbox 370 5073 579 5128; x_wconf 90' lang='lat' dir='ltr'><strong>dicitur</strong></span> <span class='ocrx_word' id='word_1_546' title='bbox 625 5072 895 5128; x_wconf 87' lang='lat' dir='ltr'><strong>Silvacus.</strong></span> <span class='ocrx_word' id='word_1_547' title='bbox 945 5072 1052 5126; x_wconf 87' lang='lat' dir='ltr'><strong>Mei</strong></span> <span class='ocrx_word' id='word_1_548' title='bbox 1097 5079 1280 5127; x_wconf 91' lang='lat' dir='ltr'><strong>autem</strong></span> <span class='ocrx_word' id='word_1_549' title='bbox 1324 5087 1436 5126; x_wconf 91' lang='lat' dir='ltr'><strong>non</strong></span> <span class='ocrx_word' id='word_1_550' title='bbox 1486 5089 1618 5128; x_wconf 64' lang='lat' dir='ltr'><strong>meae</strong></span> <span class='ocrx_word' id='word_1_551' title='bbox 1652 5073 1848 5144; x_wconf 88' lang='lat' dir='ltr'><strong>scripsi</strong></span> 
     </span>
    </p>
   </div>
   <div class='ocr_carea' id='block_1_75' title="bbox 241 5159 1850 5232">
    <p class='ocr_par' dir='ltr' id='par_1_75' title="bbox 241 5159 1850 5232">
     <span class='ocr_line' id='line_1_75' title="bbox 241 5159 1850 5232; baseline 0 -16"><span class='ocrx_word' id='word_1_552' title='bbox 241 5159 587 5228; x_wconf 84' lang='lat' dir='ltr'><strong>traditionis,</strong></span> <span class='ocrx_word' id='word_1_553' title='bbox 622 5167 682 5215; x_wconf 91' lang='lat' dir='ltr'><strong>ut</strong></span> <span class='ocrx_word' id='word_1_554' title='bbox 711 5167 1060 5214; x_wconf 90' lang='lat' dir='ltr'><strong>removeatur</strong></span> <span class='ocrx_word' id='word_1_555' title='bbox 1087 5159 1498 5232; x_wconf 78' lang='lat' dir='ltr'><strong>amphibologia</strong></span> <span class='ocrx_word' id='word_1_556' title='bbox 1526 5160 1850 5232; x_wconf 84' lang='lat' dir='ltr'><strong>ambiguita-</strong></span> 
     </span>
    </p>
   </div>
   <div class='ocr_carea' id='block_1_76' title="bbox 241 5248 1849 5321">
    <p class='ocr_par' dir='ltr' id='par_1_76' title="bbox 241 5248 1849 5321">
     <span class='ocr_line' id='line_1_76' title="bbox 241 5248 1849 5321; baseline 0.001 -17"><span class='ocrx_word' id='word_1_557' title='bbox 241 5251 318 5304; x_wconf 87' lang='lat' dir='ltr'><strong>tis</strong></span> <span class='ocrx_word' id='word_1_558' title='bbox 337 5249 483 5304; x_wconf 88' lang='lat' dir='ltr'><strong>inter</strong></span> <span class='ocrx_word' id='word_1_559' title='bbox 516 5248 820 5304; x_wconf 88' lang='lat' dir='ltr'><strong>tradentem</strong></span> <span class='ocrx_word' id='word_1_560' title='bbox 853 5257 906 5305; x_wconf 91' lang='lat' dir='ltr'><strong>et</strong></span> <span class='ocrx_word' id='word_1_561' title='bbox 933 5249 1200 5305; x_wconf 90' lang='lat' dir='ltr'><strong>traditum</strong></span> <span class='ocrx_word' id='word_1_562' title='bbox 1229 5266 1299 5304; x_wconf 87' lang='lat' dir='ltr'><strong>ex</strong></span> <span class='ocrx_word' id='word_1_563' title='bbox 1321 5248 1628 5320; x_wconf 85' lang='lat' dir='ltr'><strong>possessivo</strong></span> <span class='ocrx_word' id='word_1_564' title='bbox 1655 5265 1849 5321; x_wconf 89' lang='lat' dir='ltr'><strong>prono-</strong></span> 
     </span>
    </p>
   </div>
   <div class='ocr_carea' id='block_1_77' title="bbox 244 5337 1850 5410">
    <p class='ocr_par' dir='ltr' id='par_1_77' title="bbox 244 5337 1850 5410">
     <span class='ocr_line' id='line_1_77' title="bbox 244 5337 1850 5410; baseline 0.001 -18"><span class='ocrx_word' id='word_1_565' title='bbox 244 5338 438 5394; x_wconf 90' lang='lat' dir='ltr'><strong>minis.</strong></span> <span class='ocrx_word' id='word_1_566' title='bbox 472 5337 670 5410; x_wconf 85' lang='lat' dir='ltr'><strong>Liquet</strong></span> <span class='ocrx_word' id='word_1_567' title='bbox 704 5337 850 5394; x_wconf 90' lang='lat' dir='ltr'><strong>enim</strong></span> <span class='ocrx_word' id='word_1_568' title='bbox 889 5355 957 5393; x_wconf 87' lang='lat' dir='ltr'><strong>ex</strong></span> <span class='ocrx_word' id='word_1_569' title='bbox 986 5339 1276 5410; x_wconf 87' lang='lat' dir='ltr'><strong>primitivo</strong></span> <span class='ocrx_word' id='word_1_570' title='bbox 1303 5337 1535 5409; x_wconf 77' lang='lat' dir='ltr'><strong>genitivi</strong></span> <span class='ocrx_word' id='word_1_571' title='bbox 1558 5354 1645 5393; x_wconf 92' lang='lat' dir='ltr'><strong>me</strong></span> <span class='ocrx_word' id='word_1_572' title='bbox 1673 5338 1850 5393; x_wconf 81' lang='lat' dir='ltr'><strong>tradi-</strong></span> 
     </span>
    </p>
   </div>
   <div class='ocr_carea' id='block_1_78' title="bbox 245 5427 1852 5500">
    <p class='ocr_par' dir='ltr' id='par_1_78' title="bbox 245 5427 1852 5500">
     <span class='ocr_line' id='line_1_78' title="bbox 245 5427 1852 5500; baseline 0 -16"><span class='ocrx_word' id='word_1_573' title='bbox 245 5437 368 5484; x_wconf 91' lang='lat' dir='ltr'><strong>tum</strong></span> <span class='ocrx_word' id='word_1_574' title='bbox 401 5428 591 5497; x_wconf 87' lang='lat' dir='ltr'><strong>fuisse,</strong></span> <span class='ocrx_word' id='word_1_575' title='bbox 622 5445 734 5484; x_wconf 87' lang='lat' dir='ltr'><strong>non</strong></span> <span class='ocrx_word' id='word_1_576' title='bbox 761 5427 1084 5485; x_wconf 90' lang='lat' dir='ltr'><strong>traditorem</strong></span> <span class='ocrx_word' id='word_1_577' title='bbox 1114 5428 1408 5484; x_wconf 87' lang='lat' dir='ltr'><strong>exstitisse.</strong></span> <span class='ocrx_word' id='word_1_578' title='bbox 1446 5429 1719 5500; x_wconf 84' lang='lat' dir='ltr'><strong>Dispectis</strong></span> <span class='ocrx_word' id='word_1_579' title='bbox 1745 5445 1852 5484; x_wconf 83' lang='lat' dir='ltr'><strong>au—</strong></span> 
     </span>
    </p>
   </div>
   <div class='ocr_carea' id='block_1_79' title="bbox 243 5517 1853 5590">
    <p class='ocr_par' dir='ltr' id='par_1_79' title="bbox 243 5517 1853 5590">
     <span class='ocr_line' id='line_1_79' title="bbox 243 5517 1853 5590; baseline 0 -16"><span class='ocrx_word' id='word_1_580' title='bbox 243 5526 356 5574; x_wconf 91' lang='lat' dir='ltr'><strong>tem</strong></span> <span class='ocrx_word' id='word_1_581' title='bbox 386 5527 581 5574; x_wconf 73' lang='lat' dir='ltr'><strong>vestra:</strong></span> <span class='ocrx_word' id='word_1_582' title='bbox 625 5519 1024 5590; x_wconf 88' lang='lat' dir='ltr'><strong>magnitudinis</strong></span> <span class='ocrx_word' id='word_1_583' title='bbox 1061 5519 1332 5590; x_wconf 88' lang='lat' dir='ltr'><strong>apicibus,</strong></span> <span class='ocrx_word' id='word_1_584' title='bbox 1375 5534 1463 5574; x_wconf 90' lang='lat' dir='ltr'><strong>me</strong></span> <span class='ocrx_word' id='word_1_585' title='bbox 1506 5517 1672 5574; x_wconf 90' lang='lat' dir='ltr'><strong>solito</strong></span> <span class='ocrx_word' id='word_1_586' title='bbox 1702 5535 1853 5575; x_wconf 88' lang='lat' dir='ltr'><strong>more</strong></span> 
     </span>
    </p>
   </div>
   <div class='ocr_carea' id='block_1_80' title="bbox 243 5607 1852 5681">
    <p class='ocr_par' dir='ltr' id='par_1_80' title="bbox 243 5607 1852 5681">
     <span class='ocr_line' id='line_1_80' title="bbox 243 5607 1852 5681; baseline 0 -17"><span class='ocrx_word' id='word_1_587' title='bbox 243 5607 490 5664; x_wconf 86' lang='lat' dir='ltr'><strong>morderi</strong></span> <span class='ocrx_word' id='word_1_588' title='bbox 549 5608 822 5681; x_wconf 87' lang='lat' dir='ltr'><strong>perspexi,</strong></span> <span class='ocrx_word' id='word_1_589' title='bbox 873 5609 966 5664; x_wconf 89' lang='lat' dir='ltr'><strong>sed</strong></span> <span class='ocrx_word' id='word_1_590' title='bbox 1017 5607 1140 5664; x_wconf 84' lang='lat' dir='ltr'><strong>laedi</strong></span> <span class='ocrx_word' id='word_1_591' title='bbox 1189 5623 1276 5664; x_wconf 90' lang='lat' dir='ltr'><strong>me</strong></span> <span class='ocrx_word' id='word_1_592' title='bbox 1325 5608 1439 5664; x_wconf 90' lang='lat' dir='ltr'><strong>Deo</strong></span> <span class='ocrx_word' id='word_1_593' title='bbox 1493 5609 1690 5680; x_wconf 81' lang='lat' dir='ltr'><strong>gratias</strong></span> <span class='ocrx_word' id='word_1_594' title='bbox 1739 5623 1852 5664; x_wconf 90' lang='lat' dir='ltr'><strong>non</strong></span> 
     </span>
    </p>
   </div>
   <div class='ocr_carea' id='block_1_81' title="bbox 1957 4619 3554 4696">
    <p class='ocr_par' dir='ltr' id='par_1_81' title="bbox 1957 4619 3554 4696">
     <span class='ocr_line' id='line_1_81' title="bbox 1957 4619 3554 4696; baseline -0.004 -17"><span class='ocrx_word' id='word_1_595' title='bbox 1957 4624 2126 4680; x_wconf 88' lang='lat' dir='ltr'><strong>tantis</strong></span> <span class='ocrx_word' id='word_1_596' title='bbox 2158 4623 2441 4696; x_wconf 83' lang='lat' dir='ltr'><strong>impetitus</strong></span> <span class='ocrx_word' id='word_1_597' title='bbox 2459 4621 2680 4694; x_wconf 89' lang='lat' dir='ltr'><strong>jaculis,</strong></span> <span class='ocrx_word' id='word_1_598' title='bbox 2713 4628 2975 4694; x_wconf 90' lang='lat' dir='ltr'><strong>tantoque</strong></span> <span class='ocrx_word' id='word_1_599' title='bbox 2999 4625 3220 4674; x_wconf 89' lang='lat' dir='ltr'><strong>notatus</strong></span> <span class='ocrx_word' id='word_1_600' title='bbox 3248 4634 3428 4686; x_wconf 73' lang='lat' dir='ltr'><strong>naevo,</strong></span> <span class='ocrx_word' id='word_1_601' title='bbox 3463 4619 3554 4674; x_wconf 88' lang='lat' dir='ltr'><strong>ha-</strong></span> 
     </span>
    </p>
   </div>
   <div class='ocr_carea' id='block_1_82' title="bbox 1955 4712 3552 4786">
    <p class='ocr_par' dir='ltr' id='par_1_82' title="bbox 1955 4712 3552 4786">
     <span class='ocr_line' id='line_1_82' title="bbox 1955 4712 3552 4786; baseline -0.002 -15"><span class='ocrx_word' id='word_1_602' title='bbox 1955 4723 2152 4772; x_wconf 89' lang='lat' dir='ltr'><strong>ctenus</strong></span> <span class='ocrx_word' id='word_1_603' title='bbox 2205 4715 2476 4770; x_wconf 90' lang='lat' dir='ltr'><strong>sustinere</strong></span> <span class='ocrx_word' id='word_1_604' title='bbox 2531 4719 2752 4786; x_wconf 86' lang='lat' dir='ltr'><strong>paratus</strong></span> <span class='ocrx_word' id='word_1_605' title='bbox 2791 4720 2844 4768; x_wconf 92' lang='lat' dir='ltr'><strong>et</strong></span> <span class='ocrx_word' id='word_1_606' title='bbox 2901 4712 3248 4768; x_wconf 88' lang='lat' dir='ltr'><strong>dissimulare</strong></span> <span class='ocrx_word' id='word_1_607' title='bbox 3303 4721 3552 4779; x_wconf 89' lang='lat' dir='ltr'><strong>conatus,</strong></span> 
     </span>
    </p>
   </div>
   <div class='ocr_carea' id='block_1_83' title="bbox 1957 4801 3556 4878">
    <p class='ocr_par' dir='ltr' id='par_1_83' title="bbox 1957 4801 3556 4878">
     <span class='ocr_line' id='line_1_83' title="bbox 1957 4801 3556 4878; baseline -0.001 -19"><span class='ocrx_word' id='word_1_608' title='bbox 1957 4803 2168 4877; x_wconf 83' lang='lat' dir='ltr'><strong>integro</strong></span> <span class='ocrx_word' id='word_1_609' title='bbox 2189 4820 2406 4878; x_wconf 90' lang='lat' dir='ltr'><strong>quoque</strong></span> <span class='ocrx_word' id='word_1_610' title='bbox 2436 4803 2654 4876; x_wconf 77' lang='lat' dir='ltr'><strong>fugatus</strong></span> <span class='ocrx_word' id='word_1_611' title='bbox 2683 4819 2850 4870; x_wconf 88' lang='lat' dir='ltr'><strong>anno,</strong></span> <span class='ocrx_word' id='word_1_612' title='bbox 2879 4801 2948 4858; x_wconf 88' lang='lat' dir='ltr'><strong>ad</strong></span> <span class='ocrx_word' id='word_1_613' title='bbox 2985 4803 3162 4859; x_wconf 89' lang='lat' dir='ltr'><strong>instar</strong></span> <span class='ocrx_word' id='word_1_614' title='bbox 3193 4802 3379 4859; x_wconf 89' lang='lat' dir='ltr'><strong>Abner</strong></span> <span class='ocrx_word' id='word_1_615' title='bbox 3406 4819 3556 4875; x_wconf 71' lang='lat' dir='ltr'><strong>prae-—</strong></span> 
     </span>
    </p>
   </div>
   <div class='ocr_carea' id='block_1_84' title="bbox 1951 4891 3544 4964">
    <p class='ocr_par' dir='ltr' id='par_1_84' title="bbox 1951 4891 3544 4964">
     <span class='ocr_line' id='line_1_84' title="bbox 1951 4891 3544 4964; baseline -0.001 -16"><span class='ocrx_word' id='word_1_616' title='bbox 1951 4893 2116 4948; x_wconf 91' lang='lat' dir='ltr'><strong>terire</strong></span> <span class='ocrx_word' id='word_1_617' title='bbox 2143 4895 2356 4962; x_wconf 90' lang='lat' dir='ltr'><strong>volens,</strong></span> <span class='ocrx_word' id='word_1_618' title='bbox 2385 4893 2552 4948; x_wconf 85' lang='lat' dir='ltr'><strong>serris</strong></span> <span class='ocrx_word' id='word_1_619' title='bbox 2585 4892 2750 4947; x_wconf 89' lang='lat' dir='ltr'><strong>tritus</strong></span> <span class='ocrx_word' id='word_1_620' title='bbox 2778 4909 2892 4948; x_wconf 92' lang='lat' dir='ltr'><strong>non</strong></span> <span class='ocrx_word' id='word_1_621' title='bbox 2920 4893 3229 4964; x_wconf 88' lang='lat' dir='ltr'><strong>permittor.</strong></span> <span class='ocrx_word' id='word_1_622' title='bbox 3259 4894 3448 4964; x_wconf 89' lang='lat' dir='ltr'><strong>Itaque</strong></span> <span class='ocrx_word' id='word_1_623' title='bbox 3476 4891 3544 4947; x_wconf 90' lang='lat' dir='ltr'><strong>de</strong></span> 
     </span>
    </p>
   </div>
   <div class='ocr_carea' id='block_1_85' title="bbox 1947 4977 3556 5053">
    <p class='ocr_par' dir='ltr' id='par_1_85' title="bbox 1947 4977 3556 5053">
     <span class='ocr_line' id='line_1_85' title="bbox 1947 4977 3556 5053; baseline -0.005 -15"><span class='ocrx_word' id='word_1_624' title='bbox 1947 4999 2111 5040; x_wconf 90' lang='lat' dir='ltr'><strong>causa</strong></span> <span class='ocrx_word' id='word_1_625' title='bbox 2155 4982 2466 5038; x_wconf 89' lang='lat' dir='ltr'><strong>Haimeradi</strong></span> <span class='ocrx_word' id='word_1_626' title='bbox 2501 4980 2933 5053; x_wconf 89' lang='lat' dir='ltr'><strong>compresbyteri</strong></span> <span class='ocrx_word' id='word_1_627' title='bbox 2981 4983 3152 5036; x_wconf 90' lang='lat' dir='ltr'><strong>nostri</strong></span> <span class='ocrx_word' id='word_1_628' title='bbox 3195 4997 3258 5036; x_wconf 92' lang='lat' dir='ltr'><strong>eo</strong></span> <span class='ocrx_word' id='word_1_629' title='bbox 3293 4977 3556 5050; x_wconf 70' lang='lat' dir='ltr'><strong>regnlari‘</strong></span> 
     </span>
    </p>
   </div>
   <div class='ocr_carea' id='block_1_86' title="bbox 1967 5071 3556 5132">
    <p class='ocr_par' dir='ltr' id='par_1_86' title="bbox 1967 5071 3556 5132">
     <span class='ocr_line' id='line_1_86' title="bbox 1967 5071 3556 5132; baseline -0.004 -4"><span class='ocrx_word' id='word_1_630' title='bbox 1967 5080 2047 5128; x_wconf 89' lang='lat' dir='ltr'><strong>ter</strong></span> <span class='ocrx_word' id='word_1_631' title='bbox 2075 5083 2129 5130; x_wconf 90' lang='lat' dir='ltr'><strong>et</strong></span> <span class='ocrx_word' id='word_1_632' title='bbox 2157 5076 2420 5132; x_wconf 86' lang='lat' dir='ltr'><strong>canonice</strong></span> <span class='ocrx_word' id='word_1_633' title='bbox 2452 5074 2641 5130; x_wconf 92' lang='lat' dir='ltr'><strong>audito</strong></span> <span class='ocrx_word' id='word_1_634' title='bbox 2661 5074 2974 5131; x_wconf 89' lang='lat' dir='ltr'><strong>rescribam.</strong></span> <span class='ocrx_word' id='word_1_635' title='bbox 2998 5074 3076 5127; x_wconf 91' lang='lat' dir='ltr'><strong>De</strong></span> <span class='ocrx_word' id='word_1_636' title='bbox 3100 5071 3435 5126; x_wconf 81' lang='lat' dir='ltr'><strong>diiiinitione</strong></span> <span class='ocrx_word' id='word_1_637' title='bbox 3464 5085 3556 5123; x_wconf 85' lang='lat' dir='ltr'><strong>au-</strong></span> 
     </span>
    </p>
   </div>
   <div class='ocr_carea' id='block_1_87' title="bbox 1965 5159 3558 5235">
    <p class='ocr_par' dir='ltr' id='par_1_87' title="bbox 1965 5159 3558 5235">
     <span class='ocr_line' id='line_1_87' title="bbox 1965 5159 3558 5235; baseline -0.004 -17"><span class='ocrx_word' id='word_1_638' title='bbox 1965 5171 2095 5230; x_wconf 87' lang='lat' dir='ltr'><strong>tem,</strong></span> <span class='ocrx_word' id='word_1_639' title='bbox 2129 5180 2291 5235; x_wconf 89' lang='lat' dir='ltr'><strong>quam</strong></span> <span class='ocrx_word' id='word_1_640' title='bbox 2332 5163 2520 5220; x_wconf 86' lang='lat' dir='ltr'><strong>dicitis</strong></span> <span class='ocrx_word' id='word_1_641' title='bbox 2551 5180 2712 5235; x_wconf 86' lang='lat' dir='ltr'><strong>super</strong></span> <span class='ocrx_word' id='word_1_642' title='bbox 2752 5162 2940 5218; x_wconf 90' lang='lat' dir='ltr'><strong>eodem</strong></span> <span class='ocrx_word' id='word_1_643' title='bbox 2981 5177 3011 5214; x_wconf 88' lang='lat' dir='ltr'><strong>a</strong></span> <span class='ocrx_word' id='word_1_644' title='bbox 3037 5175 3123 5214; x_wconf 91' lang='lat' dir='ltr'><strong>me</strong></span> <span class='ocrx_word' id='word_1_645' title='bbox 3153 5159 3351 5214; x_wconf 89' lang='lat' dir='ltr'><strong>factam</strong></span> <span class='ocrx_word' id='word_1_646' title='bbox 3381 5173 3558 5228; x_wconf 81' lang='lat' dir='ltr'><strong>nego-</strong></span> 
     </span>
    </p>
   </div>
   <div class='ocr_carea' id='block_1_88' title="bbox 1961 5249 3558 5326">
    <p class='ocr_par' dir='ltr' id='par_1_88' title="bbox 1961 5249 3558 5326">
     <span class='ocr_line' id='line_1_88' title="bbox 1961 5249 3558 5326; baseline -0.005 -17"><span class='ocrx_word' id='word_1_647' title='bbox 1961 5254 2061 5321; x_wconf 91' lang='lat' dir='ltr'><strong>tio,</strong></span> <span class='ocrx_word' id='word_1_648' title='bbox 2095 5253 2162 5308; x_wconf 91' lang='lat' dir='ltr'><strong>ab</strong></span> <span class='ocrx_word' id='word_1_649' title='bbox 2202 5253 2289 5309; x_wconf 89' lang='lat' dir='ltr'><strong>his</strong></span> <span class='ocrx_word' id='word_1_650' title='bbox 2319 5255 2414 5326; x_wconf 91' lang='lat' dir='ltr'><strong>qui</strong></span> <span class='ocrx_word' id='word_1_651' title='bbox 2445 5253 2817 5310; x_wconf 83' lang='lat' dir='ltr'><strong>interfuerunt</strong></span> <span class='ocrx_word' id='word_1_652' title='bbox 2850 5258 2903 5306; x_wconf 91' lang='lat' dir='ltr'><strong>et</strong></span> <span class='ocrx_word' id='word_1_653' title='bbox 2928 5249 3148 5316; x_wconf 87' lang='lat' dir='ltr'><strong>vivunt,</strong></span> <span class='ocrx_word' id='word_1_654' title='bbox 3177 5261 3422 5320; x_wconf 89' lang='lat' dir='ltr'><strong>quosque</strong></span> <span class='ocrx_word' id='word_1_655' title='bbox 3454 5261 3558 5301; x_wconf 88' lang='lat' dir='ltr'><strong>ve-</strong></span> 
     </span>
    </p>
   </div>
   <div class='ocr_carea' id='block_1_89' title="bbox 1961 5335 3558 5418">
    <p class='ocr_par' dir='ltr' id='par_1_89' title="bbox 1961 5335 3558 5418">
     <span class='ocr_line' id='line_1_89' title="bbox 1961 5335 3558 5418; baseline -0.004 -22"><span class='ocrx_word' id='word_1_656' title='bbox 1961 5341 2090 5418; x_wconf 81' lang='lat' dir='ltr'><strong>stris</strong></span> <span class='ocrx_word' id='word_1_657' title='bbox 2127 5341 2424 5412; x_wconf 78' lang='lat' dir='ltr'><strong>designatis</strong></span> <span class='ocrx_word' id='word_1_658' title='bbox 2471 5341 2711 5412; x_wconf 87' lang='lat' dir='ltr'><strong>scriptis,</strong></span> <span class='ocrx_word' id='word_1_659' title='bbox 2760 5339 3020 5395; x_wconf 90' lang='lat' dir='ltr'><strong>similiter</strong></span> <span class='ocrx_word' id='word_1_660' title='bbox 3061 5337 3198 5392; x_wconf 87' lang='lat' dir='ltr'><strong>mihi</strong></span> <span class='ocrx_word' id='word_1_661' title='bbox 3247 5336 3372 5401; x_wconf 85' lang='lat' dir='ltr'><strong>erit,</strong></span> <span class='ocrx_word' id='word_1_662' title='bbox 3405 5335 3558 5390; x_wconf 90' lang='lat' dir='ltr'><strong>velut</strong></span> 
     </span>
    </p>
   </div>
   <div class='ocr_carea' id='block_1_90' title="bbox 1962 5424 3558 5500">
    <p class='ocr_par' dir='ltr' id='par_1_90' title="bbox 1962 5424 3558 5500">
     <span class='ocr_line' id='line_1_90' title="bbox 1962 5424 3558 5500; baseline -0.003 -13"><span class='ocrx_word' id='word_1_663' title='bbox 1962 5448 2073 5488; x_wconf 88' lang='lat' dir='ltr'><strong>non</strong></span> <span class='ocrx_word' id='word_1_664' title='bbox 2101 5431 2351 5487; x_wconf 89' lang='lat' dir='ltr'><strong>omnium</strong></span> <span class='ocrx_word' id='word_1_665' title='bbox 2401 5429 2652 5497; x_wconf 89' lang='lat' dir='ltr'><strong>memori,</strong></span> <span class='ocrx_word' id='word_1_666' title='bbox 2685 5426 3096 5500; x_wconf 87' lang='lat' dir='ltr'><strong>requirendum,</strong></span> <span class='ocrx_word' id='word_1_667' title='bbox 3129 5433 3182 5480; x_wconf 89' lang='lat' dir='ltr'><strong>et</strong></span> <span class='ocrx_word' id='word_1_668' title='bbox 3226 5424 3310 5481; x_wconf 87' lang='lat' dir='ltr'><strong>sic</strong></span> <span class='ocrx_word' id='word_1_669' title='bbox 3339 5441 3558 5498; x_wconf 87' lang='lat' dir='ltr'><strong>respon-</strong></span> 
     </span>
    </p>
   </div>
   <div class='ocr_carea' id='block_1_91' title="bbox 1965 5515 3560 5591">
    <p class='ocr_par' dir='ltr' id='par_1_91' title="bbox 1965 5515 3560 5591">
     <span class='ocr_line' id='line_1_91' title="bbox 1965 5515 3560 5591; baseline -0.003 -14"><span class='ocrx_word' id='word_1_670' title='bbox 1965 5521 2226 5577; x_wconf 88' lang='lat' dir='ltr'><strong>dendum.</strong></span> <span class='ocrx_word' id='word_1_671' title='bbox 2258 5521 2408 5575; x_wconf 89' lang='lat' dir='ltr'><strong>Inter</strong></span> <span class='ocrx_word' id='word_1_672' title='bbox 2454 5535 2590 5591; x_wconf 89' lang='lat' dir='ltr'><strong>quos</strong></span> <span class='ocrx_word' id='word_1_673' title='bbox 2637 5527 2691 5572; x_wconf 89' lang='lat' dir='ltr'><strong>et</strong></span> <span class='ocrx_word' id='word_1_674' title='bbox 2737 5517 3034 5573; x_wconf 83' lang='lat' dir='ltr'><strong>Hadulfum</strong></span> <span class='ocrx_word' id='word_1_675' title='bbox 3083 5516 3142 5571; x_wconf 92' lang='lat' dir='ltr'><strong>in</strong></span> <span class='ocrx_word' id='word_1_676' title='bbox 3183 5515 3397 5588; x_wconf 87' lang='lat' dir='ltr'><strong>synodo</strong></span> <span class='ocrx_word' id='word_1_677' title='bbox 3432 5515 3560 5572; x_wconf 90' lang='lat' dir='ltr'><strong>ldus</strong></span> 
     </span>
    </p>
   </div>
   <div class='ocr_carea' id='block_1_92' title="bbox 1961 5596 3560 5687">
    <p class='ocr_par' dir='ltr' id='par_1_92' title="bbox 1961 5596 3560 5687">
     <span class='ocr_line' id='line_1_92' title="bbox 1961 5596 3560 5687; baseline -0.003 -21"><span class='ocrx_word' id='word_1_678' title='bbox 1961 5609 2129 5666; x_wconf 85' lang='lat' dir='ltr'><strong>Maias</strong></span> <span class='ocrx_word' id='word_1_679' title='bbox 2173 5608 2442 5666; x_wconf 88' lang='lat' dir='ltr'><strong>Lauduno</strong></span> <span class='ocrx_word' id='word_1_680' title='bbox 2483 5606 2736 5663; x_wconf 86' lang='lat' dir='ltr'><strong>habenda</strong></span> <span class='ocrx_word' id='word_1_681' title='bbox 2779 5596 2966 5663; x_wconf 67' lang='lat' dir='ltr'><strong>adesse</strong></span> <span class='ocrx_word' id='word_1_682' title='bbox 3023 5612 3257 5687; x_wconf 70' lang='lat' dir='ltr'><strong>oportet,</strong></span> <span class='ocrx_word' id='word_1_683' title='bbox 3293 5615 3348 5662; x_wconf 88' lang='lat' dir='ltr'><strong>et</strong></span> <span class='ocrx_word' id='word_1_684' title='bbox 3397 5605 3560 5662; x_wconf 86' lang='lat' dir='ltr'><strong>nobis</strong></span> 
     </span>
    </p>
   </div>
  </div>
