4078 6182
531 194 638 252 987

1566 190 1911 249 HINCMABI
1946 187 2433 249 LAUDUNENSIS
2470 186 2783 246 EPISCOPI

533 360 713 417 operte
743 344 982 417 pretium
1014 350 1114 401 est.
1151 344 1324 402 Miror
1348 360 1478 400 vero
1508 360 1609 401 cur
1636 345 1795 401 illum
1824 345 2020 402 tandiu
2048 363 2128 403 re-
2162 349 2213 407 Α
2240 346 2528 402 restitutus
2556 344 2757 418 quibus
2804 343 3098 416 illegaliter
3133 345 3421 402 exstiterat
3446 345 3733 417 spoliatus.
3764 349 3837 404 Et

536 443 846 490 morantem
889 450 1002 489 non
1032 433 1336 502 remittitis,
1369 434 1671 505 praesertim
1716 451 1841 490 cum
1874 437 2037 507 super
2070 452 2134 491 eo

533 534 730 584 vestrm
767 534 831 582 ut
869 526 1085 598 justum
1130 534 1247 582 erat
1291 527 1462 582 annui
1514 526 1928 584 interventioni.
1965 528 2137 600 Igitur

532 632 754 673 causam
811 633 975 689 quam
1032 619 1310 676 nescimus
1369 616 1663 689 diligenter
1718 619 2132 688 investigantes,

530 716 589 764 et
617 724 829 777 eorum,
862 717 925 764 ut
951 718 1107 780 puto,
1140 711 1413 778 homines,
1446 727 1567 782 quae
1596 725 1693 781 per
1717 725 1818 765 nos
1844 727 1956 767 non
1977 712 2136 766 remi-

533 797 824 866 niscimur,
857 813 953 870 per
980 800 1118 854 alios
1162 800 1456 856 rescientes
1496 801 1632 855 certi
1670 800 1823 868 facti,
1851 800 2134 856 certitudi-

532 904 660 943 nem
698 887 1215 959 pronuntiabimus,
1268 896 1321 942 et
1368 897 1429 943 ut
1486 904 1723 956 veraces,
1781 891 1892 944 Deo
1954 891 2133 962 propi-

532 976 728 1043 tiante,
760 976 1047 1031 veritatem
1078 992 1170 1030 ore
1199 986 1253 1031 et
1281 976 1445 1032 corde
1479 977 1835 1047 proferemus.
1869 978 1953 1033 Ad
1988 979 2132 1051 quod

531 1066 599 1122 de
630 1068 830 1123 clerico
850 1076 1033 1123 vestro
1062 1068 1261 1123 Senato
1294 1069 1431 1123 mihi
1458 1069 1536 1125 ita
1565 1071 1809 1125 scribitis
1835 1071 1903 1125 ad
1925 1073 2128 1127 locum:

546 1178 564 1201 ι
596 1154 887 1225 Propterea
925 1156 970 1210 si
1019 1156 1133 1227 ipse
1167 1157 1399 1213 clericus
1429 1159 1760 1214 criminosus
1789 1176 1898 1215 non
1947 1168 2048 1224 est,
2079 1168 2131 1215 ct

531 1242 791 1299 docibilis
819 1253 919 1312 est,
952 1244 1099 1317 quod
1139 1245 1302 1300 etiam
1350 1246 1407 1300 in
1437 1248 1692 1318 episcopo
1722 1266 1961 1303 canones
1990 1250 2131 1305 sacri

530 1333 841 1404 requirunt,
873 1336 1137 1406 quoniam
1157 1352 1187 1389 a
1218 1334 1377 1390 nobis
1394 1334 1493 1391 tibi
1516 1336 1857 1392 ordinandus
1878 1338 2128 1407 offertur,

529 1438 641 1477 non
671 1421 835 1478 debes
861 1423 1021 1478 illum
1043 1424 1111 1479 ab
1132 1425 1478 1481 ordinatione
1502 1425 1558 1481 in
1579 1425 1823 1481 Ecclesia
1854 1427 1978 1498 ipsa
2008 1426 2128 1497 reji-

528 1526 668 1578 cere,
700 1511 791 1566 cui
822 1527 917 1582 per
945 1523 1096 1569 tanta
1126 1522 1372 1585 tempora
1399 1515 1644 1570 eamdem
1674 1517 1979 1571 Ecclesiam
2004 1514 2145 1573 con?

529 1599 766 1655 sensisti.
810 1624 829 1647 ι
873 1599 1028 1667 Quod
1054 1602 1239 1658 dicitis
1270 1620 1355 1658 me
1386 1606 1744 1673 consensisse,
1776 1609 1961 1663 nescio
1986 1608 2128 1662 unde

2242 436 2324 493 sic
2350 436 2495 492 idem
2525 422 2852 506 Sigibertus,
2884 434 2928 489 si
2945 433 3152 505 justam
3181 436 3243 491 in
3272 435 3624 507 postmodum
3656 452 3714 493 se
3728 454 3836 510 pu-

2242 534 2382 584 taret
2407 528 2606 583 habere
2634 526 3058 599 querimoniam,
3089 528 3209 583 loco
3242 535 3297 583 et
3326 537 3569 599 tempore
3591 545 3837 601 congruo

2243 624 2296 671 et
2324 616 2588 672 canonico
2617 616 2874 671 deferret.
2898 616 3147 673 Sciebam
3168 617 3316 671 enim
3344 616 3488 672 illud
3505 618 3837 689 capitulum,

2242 706 2389 777 quod
2418 706 2573 777 quasi
2599 712 2791 762 contra
2833 722 2940 774 me,
2990 705 3137 778 quod
3181 706 3292 776 agit
3332 721 3432 778 pro
3480 721 3588 774 me,
3618 706 3699 763 ita
3730 724 3841 764 vo-

2242 796 2369 850 stris
2414 795 2482 850 ad
2530 797 2712 852 locum
2748 795 2993 852 inseritis
3044 794 3359 867 inquieutes
3406 795 3645 867 scriptis.
3695 796 3839 854 Cum

2241 884 2311 938 sit
2340 884 2701 940 constitutum
2734 886 2791 940 in
2824 884 3002 956 primo
3032 884 3174 939 libro
3191 884 3573 957 Capitulorum
3602 886 3840 958 synoda-

2240 973 2374 1027 lium
2421 975 2580 1044 (Cap.
2612 975 2730 1045 90),
2762 982 3010 1046 tempore
3054 974 3428 1046 Augustorum
3461 961 3783 1031 nostrorum
3815 994 3842 1033 a

2240 1064 2444 1117 nostris
2483 1063 2783 1133 majoribus
2811 1072 3283 1129 conservatorum,
3320 1086 3338 1109 ε
3370 1070 3427 1117 ut
3449 1064 3569 1118 sine
3595 1065 3842 1121 auctori-

2239 1160 2347 1208 tate
2376 1154 2461 1207 vel
2494 1169 2763 1208 consensu
2793 1153 3172 1223 episcoporum
3207 1151 3511 1223 presbyteri
3531 1153 3587 1207 in
3609 1154 3840 1226 quibus-

2241 1241 2373 1297 libet
2403 1242 2666 1297 Ecciesiis
2696 1257 2808 1296 non
2838 1241 3267 1309 constituantur,
3301 1257 3401 1296 nec
3429 1243 3826 1314 expellantur.-

2237 1332 2372 1385 Item
2406 1331 2463 1384 in
2497 1330 2700 1386 eisdem
2730 1339 2784 1385 et
2823 1329 2970 1385 istud
2998 1329 3273 1386 contineri
3306 1331 3447 1401 (Lib.
3469 1347 3522 1397 v,
3544 1348 3661 1401 cap.
3696 1330 3836 1401 43):

2253 1444 2271 1466 ‹
2300 1421 2379 1474 De
2407 1420 2494 1475 his
2524 1421 2621 1492 qui
2647 1420 2766 1475 sine
2807 1434 3079 1475 consensu
3117 1418 3358 1490 episcopi
3404 1417 3753 1490 presbyteros
3784 1419 3836 1473 in

2238 1509 2500 1564 Ecclesiis
2523 1509 2637 1564 suis
2665 1510 3033 1575 constituunt,
3061 1508 3148 1562 vel
3195 1507 3262 1562 de
3287 1506 3551 1563 Ecclesiis
3577 1506 3837 1577 ejiciunt,

2236 1604 2291 1651 et
2319 1597 2386 1652 ab
2426 1597 2703 1668 episcopo,
2739 1597 2825 1651 vel
2856 1613 2888 1651 a
2917 1594 3166 1668 quolibet
3203 1593 3372 1649 misso
3402 1592 3710 1662 dominico,
3736 1594 3841 1650 ad-

528 1688 634 1744 hoc
675 1690 846 1759 scitis,
881 1692 1141 1763 quoniam
1173 1709 1257 1747 res
1288 1701 1418 1748 nota
1455 1705 1556 1763 ρει,
1593 1711 1693 1750 nec
1727 1713 1823 1767 per
1851 1713 2005 1752 casus
2035 1707 2130 1753 aut
2160 1713 2205 1771 Β
2239 1686 2439 1740 moniti
2465 1685 3004 1754 obedirenoluerint,
3037 1694 3099 1741 ut
3117 1684 3361 1741 bannum
3386 1692 3631 1740 nostrum
3666 1698 3838 1740 rewa-

527 1780 730 1837 formas
760 1783 950 1838 saltem
970 1785 1301 1840 verisimiles
1327 1786 1735 1845 inﬂectitur.Et
1764 1789 1885 1845 ideo
1915 1808 2016 1847 nec
2038 1808 2122 1847 me

526 1871 863 1925 consensisse
874 1870 1050 1938 scitis,
1064 1889 1165 1927 nec
1180 1873 1318 1928 illud
1339 1876 1564 1945 probare
1584 1879 1828 1948 potestis,
1843 1880 2121 1951 prmﬁgen-

526 1956 675 2012 tibus
705 1959 873 2013 sacris
904 1960 1209 2015 canonibus
1239 1962 1305 2015 de
1343 1965 1493 2017 omni
1527 1965 1781 2036 episcopo
1807 1968 1907 2021 sub
1937 1969 2120 2039 singu-

525 2043 628 2101 lari
654 2060 907 2111 numero,
936 2054 996 2099 ut
1024 2057 1213 2103 caveat
1245 2050 1532 2122 episcopus
1555 2070 1622 2108 ne
1652 2055 1799 2109 dicat
1831 2056 1887 2110 in
1919 2073 2123 2128 quem-
2160 2116 2165 2123 ,

524 2150 687 2207 quam
709 2132 854 2207 quod
871 2134 1220 2193 evidentibus
1241 2139 1468 2209 probare
1492 2158 1603 2197 non
1631 2151 1806 2214 potest
1828 2144 2120 2201 documen-

522 2223 613 2278 tis.
652 2224 723 2278 Et
755 2223 885 2278 item
917 2240 1092 2279 canon
1121 2243 1131 2279 :
1161 2226 1266 2293 Qui
1296 2245 1469 2283 unum
1502 2230 1711 2286 crimen
1744 2233 1973 2303 probare
2009 2252 2119 2292 non

520 2314 742 2384 poterit,
772 2312 839 2368 ad
869 2313 1023 2369 aliud
1050 2314 1269 2371 admitti
1311 2334 1424 2374 non
1455 2319 1636 2375 debet.
1670 2322 1804 2378 Nam
1839 2331 1891 2378 et
1921 2324 2035 2395 ipse
2064 2326 2120 2381 in

520 2401 979 2474 subsequentibus
1024 2405 1287 2474 scribitis,
1345 2431 1363 2453 ε
1394 2410 1522 2481 quia
1561 2411 1881 2484 presbytero
1924 2422 2119 2469 vestrm

414 2564 435 2571 δ
520 2491 793 2562 parochias
824 2491 891 2547 ad
924 2510 1008 2548 me
1038 2496 1203 2550 misso
1236 2498 1514 2567 respondi,
1546 2500 1676 2572 quia
1705 2502 1845 2558 sicut
1877 2503 2013 2558 mihi
2044 2502 2120 2558 fe-

520 2579 674 2633 cistis
724 2578 780 2632 in
829 2589 1009 2635 vestra
1055 2582 1314 2653 parochia
1361 2587 1428 2641 de
1468 2604 1587 2642 mea
1618 2590 1887 2658 Ecclesia,
1940 2593 2017 2647 ita
2067 2602 2119 2649 et

519 2682 618 2736 ego
647 2665 804 2723 vobis
834 2666 1029 2725 faciam
1080 2671 1146 2726 de
1193 2680 1377 2727 vestra
1422 2676 1669 2731 Ecclesia
1699 2677 1757 2732 in
1801 2696 1921 2735 mea
1966 2698 2118 2752 paro-

518 2754 664 2810 chia.
698 2780 716 2802 -
777 2757 921 2811 Ecce
951 2758 1080 2829 quia
1127 2776 1237 2814 non
1270 2765 1703 2822 consentiebam.
1736 2768 1895 2835 Quod
1935 2781 2116 2826 autem

519 2841 604 2896 illi
650 2843 930 2913 respondi,
971 2846 1351 2905 assistentibus
1387 2853 1738 2925 presbyteris,
1772 2857 2114 2929 diaconibus,

517 2947 580 2986 ac
608 2931 761 2987 laicis
793 2934 1072 3004 respondi,
1116 2952 1184 2991 ne
1214 2937 1372 2993 irrita
1404 2957 1523 2996 mea
1563 2951 1656 2998 aut
1686 2947 2027 3004 calumniosa
2058 2950 2115 3004 in

514 3020 865 3112 postmodum
922 3025 1252 3095 reperiretur
1301 3033 1594 3087 sententia.
1640 3034 1913 3093 Videlicet
1969 3039 2112 3112 Sige-

512 3107 669 3166 berto
698 3111 1045 3181 remandans,
1087 3116 1181 3186 qui
1213 3133 1337 3173 eum
1367 3121 1435 3176 ad
1482 3138 1566 3176 me
1606 3122 1847 3193 miserat,
1894 3127 1961 3182 de
1990 3107 2111 3187 lo'co

512 3211 575 3251 ac
640 3205 884 3271 tempore
953 3204 1391 3273 rememorando,
1446 3210 1667 3279 quando
1735 3222 1789 3269 et
1850 3215 1945 3270 ubi
2018 3233 2112 3289 per

510 3287 780 3359 meipsum
807 3289 923 3361 jam
955 3291 1023 3347 de
1052 3294 1239 3349 eadem
1270 3295 1516 3353 Ecclesia
1545 3299 1592 3354 ei
1621 3300 1833 3358 fueram
1871 3287 2109 3373 locutus,

509 3374 720 3432 scilicet
736 3377 902 3450 juxta
930 3390 1148 3453 pontem
1174 3383 1231 3439 in
1258 3383 1515 3443 Cadamo.
1546 3390 1666 3444 Non
1690 3392 1836 3446 enim
1868 3393 1952 3447 vel
1977 3401 2109 3452 tunc

506 3480 576 3520 ex
605 3467 722 3522 ulla
752 3470 996 3526 motione
1026 3472 1218 3543 animi,
1252 3475 1345 3530 sed
1376 3479 1603 3548 paciﬁce
1623 3496 1747 3536 eum
1784 3484 1972 3539 monui
1998 3502 2109 3540 non

505 3566 651 3612 recte
689 3559 862 3630 egisse
913 3561 1059 3631 quod
1100 3579 1223 3619 eum
1264 3565 1547 3636 clericum,
1586 3585 1673 3623 me
1719 3572 2016 3641 nesciente,
2055 3583 2107 3629 et

503 3645 623 3699 sine
667 3647 988 3702 rationabili
1035 3651 1179 3721 apud
1228 3653 1615 3709 Haimeradum
1660 3658 2013 3729 diﬂinitione,
2048 3664 2105 3718 in

504 3732 694 3787 eadem
746 3735 1097 3792 constituerit
1141 3740 1411 3796 Ecclesia.
1471 3743 1577 3809 Qui
1628 3748 1934 3816 respondit,
1992 3768 2104 3807 non

504 3822 609 3880 hoc
638 3824 756 3880 sine
786 3827 1170 3884 ministrorum
1198 3847 1445 3886 meorum
1492 3850 1547 3887 se
1590 3850 1859 3891 consensu
1887 3840 2099 3897 fecisse.

502 3913 587 3970 Me
607 3924 789 3971 autem
821 3917 1167 3988 persistente,
1197 3920 1442 3985 Quorum
1457 3923 1484 3977 ί]
1505 3926 1761 3995 exposuit
1778 3928 2097 3987 Hadulfum.

502 4003 629 4058 Tale
646 4013 827 4059 autem
858 4022 1020 4077 super
1048 4006 1152 4064 hoc
1179 4025 1210 4063 a
1240 4026 1326 4063 me
1358 4014 1564 4083 recepit
1583 4031 1926 4087 responsum,
1952 4021 2098 4092 quod

501 4106 672 4147 essem
689 4093 975 4151 locuturus
1005 4112 1072 4151 cu
1083 4114 1127 4151 m
1154 4099 1482 4156 Haimerado
1505 4103 1847 4176 presbytero,
1868 4114 1922 4162 et
1937 4108 1982 4163 si
2005 4108 2097 4164 ille

499 4178 689 4236 cedere
719 4183 884 4239 vellet
913 4185 1030 4240 sine
1052 4190 1293 4259 querela,
1325 4190 1439 4245 suis
1469 4208 1764 4249 annuerem
1802 4196 2097 4267 petitioni-

499 4269 637 4338 bus;
687 4272 773 4327 sin
803 4283 1008 4340 autem,
1051 4278 1197 4348 quod
1246 4280 1386 4334 ratio
1421 4289 1473 4335 et
1518 4285 1815 4339 auctoritas
1862 4287 2093 4343 dictaret

497 4374 841 4433 exsequerer,
892 4366 1039 4437 quod
1085 4374 1138 4421 et
1187 4367 1310 4423 feci.
1354 4368 1457 4425 Sed
1509 4371 1755 4427 obtinere
1798 4374 1903 4431 hoc
1948 4378 2091 4447 apud

496 4450 749 4509 eumdem
799 4454 1186 4512 Haimeradum
1232 4459 1547 4517 nullatenus
1583 4465 1869 4533 przevalui,
1921 4474 1973 4521 et
2020 4468 2092 4521 ei-

495 4538 619 4595 dem
653 4541 937 4613 Sigeberto
974 4544 1032 4599 id
1081 4545 1259 4617 ipsum
1293 4547 1406 4617 jam
1456 4550 1619 4605 etiam
1659 4569 1762 4623 .per
1795 4555 2087 4612 Lairadum

493 4628 776 4688 hominem
808 4650 968 4689 suum
1002 4636 1340 4692 remandavi.
1389 4639 1516 4695 Haec
1546 4650 1726 4699 autem
1770 4646 2111 4717 presbytero

492 4734 594 4773 suo
623 4719 692 4775 ad
721 4737 808 4776 me
837 4723 1005 4779 misso
1034 4735 1352 4797 computare
1386 4732 1752 4787 necessarium
1785 4749 1896 4789 non
1925 4734 2085 4792 duxi.

492 4809 599 4867 Sed
638 4818 699 4867 ut
747 4815 1009 4870 recoleret
1040 4833 1172 4888 quas
1224 4818 1463 4875 rationes
1510 4821 1654 4892 apud
1685 4837 1808 4877 eum
1861 4839 1928 4877 ex
1959 4823 2085 4893 hoc,

490 4901 751 4959 videlicet
780 4903 931 4972 istas,
964 4906 1251 4963 habuerim
1283 4912 1516 4966 removi.
1552 4914 1623 4966 Et
1652 4912 1799 4984 quod
1829 4923 1952 4983 post
1984 4915 2088 4972 hoc

490 4991 547 5046 in
578 4993 810 5064 synodo,
841 4993 985 5051 sicut
1013 5013 1157 5068 saepe
1187 4998 1415 5065 solebat,
1459 4998 1601 5055 idem
1646 5001 2005 5059 Haimeradus
2031 5022 2086 5060 se

489 5084 873 5139 reclamaverit
902 5087 1137 5155 ostendi,
1172 5087 1228 5142 in
1268 5105 1373 5160 qua
1406 5088 1549 5144 idem
1591 5091 1826 5148 clericus
1858 5095 2083 5165 requisi-

487 5179 596 5241 tus,
626 5174 771 5231 sicut
795 5191 895 5231 nec
922 5176 979 5231 in
1010 5177 1157 5243 aliis,
1194 5177 1450 5234 inventus
1481 5195 1591 5234 non
1612 5189 1710 5237 est.
1744 5183 1896 5238 Unde
1924 5184 1973 5238 ei
1995 5185 2083 5239 de-

485 5263 761 5329 nuntiavi,
795 5272 857 5319 ut
903 5273 1195 5337 antequam
1228 5268 1295 5323 ad
1319 5266 1639 5338 judicialem
1686 5271 1790 5328 hoc
1820 5273 2085 5344 perferret

487 5354 765 5420 negotium
813 5356 1163 5426 sententiam,
1214 5359 1597 5417 emendaretur
1643 5362 1823 5418 eidem
1864 5364 2080 5419 Haime-

486 5436 616 5491 rado
646 5442 888 5512 paciﬁce,
921 5445 1067 5517 quod
1092 5446 1178 5502 illi
1214 5447 1535 5521 derogatum
1564 5450 1682 5506 sine
1713 5452 2082 5508 ecclesiastico

483 5525 663 5583 fuerat
702 5527 935 5602 judicio,
988 5545 1043 5591 et
1089 5536 1195 5593 hoc
1240 5539 1476 5610 gratiose
1531 5540 1793 5610 ferebam,
1834 5550 2081 5614 essetque

2234 1775 2384 1830 diare
2439 1783 2725 1848 cogantur,
2784 1784 2839 1831 et
2897 1791 2995 1846 per
3042 1773 3388 1847 ﬁdejussores
3440 1773 3506 1830 ad
3561 1775 3831 1848 palatium

2233 1873 2481 1921 nostrum
2518 1867 2705 1922 venire
2730 1865 3033 1937 jubeantur
3058 1885 3069 1922 :
3103 1873 3157 1921 et
3186 1874 3318 1923 tunc
3348 1883 3445 1921 nos
3473 1866 3834 1923 decernamus

2231 1960 2417 2010 utrum
2450 1956 2609 2011 nobis
2657 1958 2887 2029 placeat,
2932 1966 2997 2014 ut
3025 1965 3120 2013 aut
3165 1956 3305 2014 illud
3350 1956 3592 2013 bannum
3624 1958 3832 2029 persol-

2232 2054 2384 2112 vant,
2416 2052 2509 2100 aut
2538 2046 2701 2100 aliam
2735 2046 3127 2102 harmiscaram
3166 2036 3492 2103 sustineant.
3525 2071 3543 2095 ι
3602 2048 3675 2103 Et
3708 2047 3832 2105 ideo

2232 2132 2564 2205 Sigibertum
2621 2135 2949 2206 praemonui,
3011 2136 3159 2207 quod
3205 2136 3322 2192 sine
3384 2153 3503 2192 meo
3559 2154 3831 2193 consensu

2232 2229 2415 2277 actum
2466 2230 2601 2291 erat,
2650 2223 2768 2277 sine
2814 2223 3147 2279 detrimento
3188 2223 3274 2279 sui
3321 2224 3631 2296 corrigeret.
3689 2226 3832 2298 Ergo

2231 2311 2516 2366 redeamus
2571 2312 2641 2367 ad
2716 2320 2918 2381 vestra,
2996 2313 3053 2368 in
3117 2313 3317 2386 quibus
3371 2321 3492 2386 post
3562 2315 3672 2370 alia
3728 2315 3832 2371 ad-

2230 2400 2397 2457 ditis:
2486 2425 2502 2449 ι
2548 2400 2619 2456 Et
2668 2401 2712 2456 si
2761 2401 3013 2457 eumdem
3070 2402 3331 2458 clericum
3385 2404 3441 2458 in
3492 2402 3681 2459 eadem
3736 2406 3831 2461 Ec-

2229 2492 2395 2546 clesia
2439 2491 2525 2547 vis
2556 2492 2829 2560 ordinare,
2870 2492 3048 2548 scribe
3081 2492 3221 2548 mihi
3261 2494 3561 2549 secundum
3594 2511 3826 2563 morem,

2229 2591 2281 2639 et
2308 2601 2406 2654 ego
2436 2584 2520 2639 illi
2565 2584 2873 2640 libertatem
2909 2584 3332 2640 ecclesiasticam
3365 2582 3524 2640 dabo.
3556 2583 3612 2639 Si
3639 2593 3828 2641 autem

2229 2673 2343 2745 ipse
2374 2672 2627 2741 clericus,
2654 2674 2745 2728 cui
2765 2690 2859 2746 per
2887 2680 3039 2728 tanta
3064 2680 3309 2744 tempora
3338 2672 3511 2745 ipsam
3539 2673 3826 2731 ecclesiam

2230 2765 2284 2819 in
2310 2763 2690 2820 Follanebraio
2720 2764 2942 2833 habere,
2966 2774 3019 2821 et
3047 2765 3103 2820 in
3121 2781 3183 2820 ea
3205 2763 3449 2820 laborare
3473 2766 3824 2833 consensisti,

2228 2873 2339 2911 non
2370 2858 2568 2928 placet,
2620 2861 2673 2913 ét
2719 2874 2815 2930 per
2844 2858 3136 2925 rationem,
3169 2864 3262 2911 aut
3304 2873 3402 2929 pro
3434 2857 3688 2927 crimine,
3734 2870 3825 2917 aut

2227 2962 2325 3017 pro
2348 2946 2750 3002 indocibilitate
2782 2947 2940 3001 illum
2962 2946 3233 3017 rejeceris,
3257 2963 3418 3019 quem
3451 2957 3639 3004 contra
3670 2965 3825 3021 regu-

2228 3034 2306 3088 las
2328 3036 2446 3089 sine
2470 3051 2587 3090 mea
2619 3035 2864 3104 licentia,
2896 3043 2948 3090 et
2979 3036 3096 3090 sine
3127 3052 3247 3090 mea
3276 3035 3527 3092 libertate
3556 3037 3827 3094 canonica

2220 3123 2509 3190 ordinasti,
2547 3124 2792 3193 ostende,
2812 3135 2865 3179 et
2895 3125 3124 3179 alterum
3150 3124 3515 3180 inveniemus.
3544 3149 3562 3173 ι
3598 3125 3686 3181 Ad
3704 3144 3825 3200 qua:

2221 3213 2461 3283 primum
2508 3214 2762 3285 perquiro
2793 3230 2892 3270 cur
2924 3232 2954 3269 a
2996 3222 3152 3271 tanto
3182 3225 3421 3287 tempore
3450 3216 3518 3272 de
3548 3233 3644 3272 sua
3674 3218 3823 3272 irre—

2221 3302 2395 3373 gulari
2442 3302 2790 3359 ordinatione
2821 3319 2931 3359 non
2978 3303 3320 3377 requisistis:
3353 3304 3421 3360 de
3471 3322 3592 3361 meo
3634 3314 3820 3362 autem

2219 3408 2329 3446 non
2350 3409 2620 3448 consensu
2636 3393 2748 3465 jam
2781 3393 3058 3465 respondi.
3084 3394 3186 3449 Sed
3214 3410 3331 3449 mea
3360 3393 3602 3462 inscitia,
3622 3394 3819 3464 fateor,

2219 3490 2455 3537 vestram
2501 3480 2557 3537 in
2601 3482 2707 3538 hoc
2738 3483 2970 3538 miratur
3006 3484 3352 3556 sapientiam,
3395 3483 3528 3539 dum
3576 3485 3820 3541 asseritis

2217 3571 2345 3642 quia
2393 3588 2517 3625 eum
2556 3579 2749 3627 contra
2793 3573 3005 3642 regulas
3053 3572 3328 3641 ordiuavi,
3374 3572 3523 3647 quod
3569 3572 3816 3629 nondum

2214 3663 2508 3734 probastis,
2538 3679 2601 3718 eo
2630 3663 2774 3736 quod
2796 3664 3142 3738 promittitis,
3172 3664 3217 3719 si
3247 3663 3504 3720 eumdem
3539 3667 3597 3720 in
3627 3663 3816 3721 eadem

2213 3752 2440 3807 ecclesia
2470 3753 2598 3807 volo
2627 3752 2908 3818 ordinare,
2939 3764 3001 3809 ut
3035 3753 3271 3809 scribam
3308 3753 3468 3809 vobis
3510 3754 3813 3811 secundum

2211 3854 2440 3907 morem,
2468 3850 2521 3895 et
2549 3858 2648 3896 vos
2674 3842 2757 3896 illi
2790 3842 3099 3897 libertatem
3126 3843 3553 3898 ecclesiasticam
3585 3843 3813 3898 dabitis.

2208 3926 2341 3982 Nam
2361 3928 2583 3985 difﬁcile
2596 3938 2697 3998 est,
2722 3939 2783 3986 ut
2804 3931 3102 4003 apostolica
3124 3929 3339 3987 intonat
3359 3931 3514 3999 tuba,
3536 3941 3601 3987 ut
3616 3931 3814 3986 habeat

2207 4019 2415 4074 bonum
2465 4037 2782 4092 processum
2834 4022 2979 4094 quod
3047 4021 3241 4077 habuit
3297 4022 3505 4077 malum
3562 4023 3809 4078 initium.

2206 4108 2411 4164 Verum
2442 4108 2491 4165 si
2531 4110 2669 4165 illud
2700 4110 2857 4164 vobis
2902 4110 2960 4164 in
2997 4127 3083 4165 me
3133 4112 3371 4181 placeret
3400 4111 3679 4166 custodire
3719 4110 3812 4166 Sa-

2203 4198 2442 4269 pientis:
2503 4200 2831 4269 Priusquam
2874 4200 3181 4270 interroges,
3230 4216 3292 4252 ne
3334 4200 3599 4271 vituperes
3636 4218 3814 4271 quem-

2201 4302 2380 4355 quam,
2413 4287 2509 4342 ubi
2542 4304 2702 4342 nemo
2733 4287 3068 4355 excluditur,
3105 4288 3258 4359 prius
3288 4296 3406 4343 erat
3438 4288 3635 4344 modus
3662 4290 3816 4344 ordi-

2203 4377 2446 4432 nationis
2463 4378 2895 4449 cognoscendus,
2929 4387 2981 4433 et
2998 4380 3077 4435 sic
3105 4387 3200 4435 aut
3225 4379 3511 4436 ordinator
3538 4388 3633 4435 aut
3660 4380 3815 4436 ordi-

2204 4475 2364 4523 natus
2396 4467 2521 4539 jure
2544 4468 2898 4540 judicandus,
2930 4476 3024 4525 aut
3052 4469 3274 4541 utrique
3303 4470 3572 4526 canonico
3604 4470 3816 4541 percel-

2200 4558 2348 4613 lendi
2375 4558 2637 4614 cauterio.
2662 4559 2807 4629 Ergo
2830 4557 3137 4629 capitulum
3164 4557 3309 4630 quod
3332 4574 3402 4613 ex
3424 4559 3816 4630 Augustorum

2198 4655 2512 4703 nostrorum
2547 4648 2689 4703 libro
2722 4647 2840 4717 (lib.
2884 4664 2924 4714 Ι,
2971 4663 3089 4717 cap.
3121 4646 3238 4715 88),
3272 4646 3431 4718 quasi
3461 4656 3652 4703 contra
3696 4664 3817 4713 me,

2198 4734 2343 4805 quod
2369 4734 2480 4805 agit
2506 4752 2604 4806 pro
2635 4751 2741 4802 me,
2770 4734 3157 4792 detruncatum
3190 4735 3474 4807 posuistis.
3527 4735 3813 4805 integrum

2197 4824 2474 4878 resumite.
2514 4824 2589 4878 De
2630 4824 2967 4880 ordinatione
2996 4842 3288 4882 servorum.
3352 4850 3369 4873 ι
3399 4827 3479 4882 De
3516 4839 3817 4880 servorum

2196 4911 2564 4980 ordinatione,
2596 4913 2689 4985 qui
2720 4915 2923 4985 passim
2954 4915 3031 4971 ad
3068 4915 3265 4986 gradus
3294 4916 3693 4972 ecclesiasticos
3725 4916 3818 4971 in-

2194 5002 2428 5058 discrete
2450 5004 2937 5074 promovebantur,
2960 5005 3169 5077 placuit
3196 5005 3456 5061 omnibus
3482 5022 3611 5061 cum
3631 5005 3818 5061 sacris

2194 5091 2499 5148 canonibus
2542 5093 2863 5149 concordari
2911 5094 3128 5150 debere.
3164 5096 3236 5150 Et
3274 5103 3547 5150 statutum
3603 5100 3684 5148 est
3748 5102 3815 5149 ut

2194 5184 2380 5238 nullus
2409 5184 2789 5255 episcoporum
2835 5184 3096 5257 deinceps
3138 5201 3230 5240 eos
3267 5185 3335 5240 ad
3363 5200 3549 5241 sacros
3579 5182 3818 5239 ordines

2195 5290 2515 5344 promovere
2544 5283 2855 5346 praesumat,
2900 5276 3007 5329 nisi
3037 5275 3188 5347 prius
3216 5291 3248 5330 a
3283 5274 3531 5329 dominis
3562 5272 3816 5346 propriis

2193 5363 2501 5420 libertatem
2535 5364 2816 5421 consecuti
2856 5365 3084 5421 fuerint.
3138 5366 3208 5420 Et
3254 5364 3297 5419 si
3331 5364 3570 5436 quilibet
3607 5377 3817 5418 servus

2191 5452 2480 5508 dominum
2508 5471 2668 5511 suum
2715 5455 2953 5525 fugiens,
2996 5462 3091 5509 aut
3122 5453 3368 5520 latitans,
3400 5459 3497 5506 aut
3527 5449 3818 5508 adhibitis

2188 5542 2422 5599 testibus
2456 5560 2683 5601 munere
2718 5542 3032 5611 conductis,
3064 5542 3154 5597 vel
3191 5539 3486 5614 corruptis,
3516 5548 3610 5597 aut
3643 5554 3819 5609 qna-
