4056 6190
279 287 396 345 989

1494 285 1856 345 OPUSCULA
1892 289 1984 344 ET
2020 288 2403 345 EPISTOL/E.

3489 297 3596 356 990

280 440 427 497 libet
469 439 778 497 calliditate
806 441 893 496 vel
924 440 1135 509 fraude,
1167 440 1236 497 ad
1266 438 1465 512 gradus
1492 439 1889 497 ecclesiasticos
1918 443 1968 502 Α
2000 455 2195 511 scopos
2213 440 2635 523 per_universas
2664 442 2980 514 provincias
3009 445 3357 518 constitutos,
3390 452 3592 523 passim

289 528 639 603 pervenerit,
668 528 951 586 decretum
991 538 1073 586 est
1100 539 1163 586 ut
1185 530 1514 601 deponatur,
1546 537 1597 586 et
1626 530 1887 587 dominus

281 617 410 690 ejus
440 633 569 673 eum
602 617 853 689 recipiat.
904 618 961 674 Si
1011 636 1139 675 vero
1186 635 1323 674 avus
1355 626 1447 674 aut
1479 629 1651 690 pater,
1683 621 1749 674 ab
1779 619 1887 675 alia

285 707 472 781 patria
502 706 560 760 in
591 706 757 760 aliam
783 706 1044 777 migrans,
1078 706 1134 760 in
1165 705 1355 761 eadem
1388 707 1675 778 provincia
1708 707 1885 764 ﬁlium

283 796 565 871 genuerit,
599 802 653 851 et
676 795 795 866 ipse
818 794 969 851 ﬁlius
998 794 1203 852 ibidem
1226 796 1511 863 educatus,
1536 806 1589 854 et
1604 797 1672 853 ad
1688 797 1886 869 gradus

283 884 696 944 ecclesiasticos
742 892 1027 954 promotus
1077 884 1264 953 fuerit,
1288 892 1343 940 et
1380 893 1563 940 utrum
1598 902 1788 941 servus
1812 886 1884 941 sit

284 976 607 1049 ignoratum
656 971 844 1039 fuerit,
876 982 931 1030 et
960 984 1147 1045 postea
1172 976 1402 1031 veniens
1433 976 1693 1032 dominus
1731 973 1884 1032 illius

285 1063 502 1135 legibus
532 1078 657 1117 eum
688 1061 1025 1133 acquisierit,
1058 1063 1327 1119 sancitum
1354 1070 1434 1119 est
1456 1071 1517 1119 ut
1547 1064 1590 1119 si
1623 1064 1884 1121 dominus

282 1156 404 1226 ejus
433 1153 521 1209 illi
554 1151 861 1225 libertatem
893 1151 1022 1208 dare
1052 1152 1310 1221 voluerit,
1336 1154 1394 1209 in
1424 1153 1595 1225 gradu
1625 1170 1723 1209 suo
1758 1170 1881 1225 per-

294 1250 539 1300 maneat.
566 1241 623 1297 Si
648 1258 780 1296 vero
796 1257 919 1296 eum
938 1249 1131 1298 catena
1150 1243 1437 1299 servitutis
1459 1260 1487 1297 a
1502 1244 1694 1298 castris
1708 1242 1883 1299 domi-

287 1334 431 1391 nicis
461 1330 755 1389 extrahere
778 1332 1039 1399 voluerit,
1065 1332 1292 1403 gradum
1323 1334 1560 1401 amittat,
1579 1332 1705 1405 quia
1720 1332 1884 1403 juxta

281 1440 472 1481 sacros
493 1421 716 1478 ordines
737 1419 866 1476 vilis
892 1438 1125 1493 persona
1148 1438 1372 1478 manens
1393 1422 1682 1478 sacerdotii
1705 1422 1880 1494 digni-

281 1522 396 1570 tate
427 1512 585 1583 fuugi
607 1528 719 1569 non
749 1519 948 1583 potest.
982 1513 1059 1567 De
1087 1512 1250 1568 rebus
1270 1528 1401 1567 vero
1423 1512 1644 1567 illorum
1670 1513 1754 1566 vel
1793 1528 1879 1583 pe-

284 1604 507 1673 culiari,
536 1603 665 1676 quia
694 1619 725 1658 a
762 1602 996 1675 propriis
1024 1602 1270 1658 dominis
1292 1602 1546 1658 libertate
1578 1602 1877 1669 donantur,

282 1704 350 1752 ut
406 1694 474 1750 ad
530 1692 727 1765 gradus
784 1692 1182 1748 ecclesiasticos
1242 1691 1367 1762 jure
1424 1701 1874 1763 promoveantur,

1997 527 2067 583 ad
2096 516 2347 582 ordinem
2399 544 2634 594 sacrum,
2684 530 2886 603 quibus
2912 532 3067 587 nulla
3097 516 3409 605 natalium,-
3439 543 3595 598 nulla

1997 634 2223 673 morum
2249 616 2488 688 dignitas
2516 619 2866 691 suffragatur,
2917 630 2971 677 et
3017 622 3113 694 qui
3140 639 3171 677 a
3201 622 3444 682 dominis
3473 630 3589 686 suis

1998 707 2309 764 libertatem
2335 708 2596 782 consequi
2619 711 2850 766 minime
2869 720 3188 783 potuerunt,
3221 713 3288 769 ad
3310 715 3591 787 fastigium

1994 795 2310 864 sacerdotii,
2353 804 2613 869 tanquam
2658 798 2877 852 servilis
2927 800 3114 855 vilitas
3144 799 3295 857 hunc
3323 800 3589 861 honorem

1995 884 2174 957 capiat
2206 884 2614 957 provehuntur,
2646 894 2699 942 et
2729 887 2950 959 probari
2992 890 3105 944 Deo
3131 907 3287 961 posse
3318 893 3587 951 creditur.

1994 976 2090 1049 qui
2122 974 2351 1031 domino
2380 992 2479 1031 suo
2510 975 2745 1032 necdum
2776 977 3005 1050 probare
3047 994 3102 1034 se
3141 981 3341 1050 potuit.
3373 984 3590 1055 Duplex

1993 1064 2178 1137 itaque
2209 1065 2268 1120 in
2296 1064 2399 1119 hac
2416 1072 2566 1136 parte
2597 1075 2780 1122 reatus
2801 1076 2904 1135 est,
2925 1068 3072 1139 quod
3094 1074 3148 1123 et
3185 1085 3400 1126 sacrum
3427 1069 3587 1127 mini-

1992 1153 2223 1209 sterium
2253 1152 2379 1209 talis
2400 1152 2660 1210 consortii
2697 1154 2909 1211 vilitate
2940 1156 3229 1226 polluitur,
3254 1166 3308 1213 et
3336 1158 3587 1216 domino-

1994 1259 2139 1308 rum,
2174 1251 2440 1314 quantum
2467 1242 2535 1298 ad
2565 1242 2776 1299 illicitae
2821 1244 3195 1316 usurpationis
3222 1248 3585 1303 temeritatem

1994 1330 2253 1403 pertinet,
2273 1329 2400 1401 jura
2426 1332 2740 1387 solvuntur.
2773 1331 2859 1387 Ab
2889 1330 2976 1387 bis
3001 1333 3205 1406 itaque,
3238 1334 3434 1390 fratres
3463 1337 3585 1392 cha-

1994 1420 2221 1488 rissimi,
2260 1437 2449 1476 omnes
2486 1431 2678 1477 vestrae
2722 1424 3022 1495 provinciae
3063 1423 3375 1482 abstineant
3413 1442 3584 1484 sacer.

1993 1510 2148 1567 dotes
2181 1530 2193 1567 :
2227 1519 2279 1566 et
2321 1528 2431 1567 non
2461 1520 2676 1568 tantum
2702 1512 2771 1567 ab
2808 1512 2915 1580 his,
2963 1514 3055 1569 sed
3094 1523 3148 1571 et
3173 1514 3239 1570 ab
3263 1515 3390 1571 aliis
3418 1516 3583 1572 etiam

1991 1602 2087 1673 qui
2117 1602 2371 1673 originali
2397 1601 2565 1657 alicui
2587 1601 2894 1658 conditioni
2915 1601 3141 1674 obligati
3159 1611 3305 1672 sunt,
3326 1605 3583 1660 volumus

1989 1694 2303 1763 temperari,
2336 1693 2442 1748 nisi
2474 1692 2615 1747 forte
2653 1710 2844 1749 eorum
2868 1695 3062 1766 petitio
3082 1704 3177 1751 aut
3205 1697 3460 1753 voluntas
3478 1714 3582 1755 ac-

279 1793 549 1843 statutum
585 1792 666 1839 est
704 1790 767 1838 ut
802 1783 861 1838 in
894 1789 1159 1856 potestate
1190 1783 1557 1868 .dominorum
1589 1782 1874 1851 consistat,
1904 1794 1952 1855 Β
1988 1783 2232 1849 cesserit,
2252 1784 2347 1856 qui
2370 1783 2583 1855 aliquid
2611 1783 2717 1838 sibi
2739 1785 2796 1839 in
2829 1801 2923 1840 eos
2951 1786 3239 1843 vindicant
3269 1788 3578 1858 potestatis.

279 1886 471 1932 utrum
505 1874 617 1929 illis
654 1872 953 1929 concedere
991 1889 1057 1929 an
1106 1873 1213 1929 sibi
1256 1872 1540 1928 vindicare
1569 1873 1871 1929 voluerint.

282 1966 554 2022 Caeterum
585 1963 629 2019 si
671 1970 793 2033 post
819 1962 1221 2017 ordinationem
1254 1961 1465 2034 aliquid
1494 1961 1870 2034 acquisierint,

280 2055 426 2111 illud
458 2055 779 2109 observetur
827 2052 974 2123 quod
1021 2052 1078 2107 in
1108 2051 1416 2108 canonibus
1444 2051 1512 2107 de
1540 2052 1873 2108 consecratis

280 2143 429 2201 nihil
480 2141 813 2198 habentibus
854 2142 1219 2197 constitutum
1268 2147 1368 2195 est.
1411 2142 1487 2196 De
1516 2141 1873 2197 ecclesiarum

279 2249 414 2289 vero
459 2233 653 2299 servis,
704 2232 986 2287 communi
1045 2230 1316 2286 sententia
1355 2231 1634 2287 decretum
1686 2238 1767 2285 est
1814 2238 1875 2284 ut

274 2321 680 2394 archiepiscopi
712 2335 808 2391 per
846 2320 1090 2391 singulas
1118 2318 1432 2392 provincias
1457 2319 1746 2375 constituti
1777 2336 1871 2374 no-

277 2422 447 2469 stram
478 2410 882 2476 auctoritatem,
916 2408 1243 2480 suffragauei
1275 2424 1405 2463 vero
1438 2409 1657 2463 illorum
1690 2425 1871 2463 exem-

277 2505 400 2577 plar
429 2502 580 2557 illius
628 2516 793 2573 penes
846 2516 901 2553 se
952 2499 1213 2564 habeant,
1247 2506 1299 2553 et
1329 2498 1773 2569 quandocunque
1804 2498 1871 2553 de

277 2590 490 2648 familia
515 2588 759 2645 ecclesia;
809 2588 964 2643 utilis
1002 2587 1263 2642 inventus
1294 2585 1498 2658 aliquis
1529 2585 1870 2641 ordinandus

273 2692 378 2749 est,
400 2682 456 2736 in
477 2681 710 2737 amboue
728 2680 845 2753 ipsa
870 2679 1169 2734 auctoritas
1198 2694 1381 2733 coram
1400 2678 1604 2748 populo
1636 2678 1865 2749 legatur,

271 2784 330 2830 et
361 2789 543 2829 coram
575 2770 952 2827 sacerdotibus
974 2771 1059 2825 vel
1081 2769 1339 2825 fidelibus
1361 2769 1514 2825 laicis
1542 2776 1667 2824 ante
1698 2786 1871 2824 cornu

274 2862 486 2930 altaris,
532 2861 680 2917 sicut
721 2860 779 2915 in
812 2868 1000 2915 nostra
1037 2859 1363 2915 auctoritate
1396 2858 1731 2924 continetur,
1773 2875 1870 2912 re-

277 2962 429 3009 mota
447 2950 691 3024 qualibet
709 2949 1013 3008 calliditate
1036 2948 1344 3004 libertatem
1367 2957 1797 3019 consequantur,
1816 2955 1869 3003 et

270 3053 396 3100 tum
420 3044 641 3099 demum
668 3042 737 3098 ad
764 3042 961 3114 gradus
991 3040 1388 3097 ecclesiasticos
1418 3049 1864 3111 promoveantur.

1983 1875 2159 1931 Debet
2180 1875 2326 1932 enim
2348 1892 2463 1931 esse
2485 1875 2752 1932 immunis
2771 1877 2839 1932 ab
2859 1877 3107 1950 aliis,qui
3137 1879 3343 1935 divinae
3364 1880 3580 1937 militias

1984 1962 2155 2018 fuerit
2185 1963 2577 2035 aggregandus,
2609 1973 2671 2020 ut
2710 1981 2742 2019 a
2784 1966 2979 2021 castris
3018 1968 3345 2035 Dominicis,
3377 1968 3580 2039 quibus

1986 2067 2187 2108 nomen
2219 2052 2339 2122 ejus
2384 2054 2700 2121 ascribitur,
2753 2056 2926 2110 nullis
2959 2056 3302 2111 necessitatis
3338 2056 3579 2112 vinculis

1981 2140 2352 2199 abstrahatur.
2389 2167 2408 2190 ι
2449 2144 2520 2198 Et
2539 2144 2697 2215 quasi
2724 2143 2843 2200 hrec
2874 2143 2933 2198 in
2964 2160 3049 2198 me
3077 2144 3428 2215 exponendo,
3464 2144 3580 2201 haec

1981 2231 2269 2301 sequentia
2299 2231 2625 2286 subinfertis
2650 2250 2660 2287 :
2708 2258 2726 2279 ι
2756 2234 2826 2287 Et
2856 2242 2978 2304 post
3008 2233 3279 2289 decretam
3310 2234 3575 2289 natalium

1983 2318 2347 2385 honestatem,
2393 2335 2568 2374 mores
2599 2318 3034 2377 ordinandorum
3066 2322 3403 2390 describens,
3436 2322 3579 2380 hanc

1982 2411 2399 2467 conclusionem
2446 2410 2729 2481 subjungit
2758 2412 2905 2481 (Leo,
2934 2412 3122 2466 ibidem
3156 2413 3214 2466 in
3244 2412 3377 2483 ﬁne)
3415 2431 3428 2469 :
3462 2415 3576 2470 Hoc

1982 2500 2167 2571 itaque
2220 2498 2527 2555 admonitio
2574 2508 2760 2555 nostra
2785 2500 3094 2565 denuntiat,
3144 2499 3291 2571 quod
3340 2500 3385 2555 si
3443 2501 3568 2572 quis

1982 2591 2213 2645 fratrum
2245 2595 2437 2645 contra
2465 2587 2582 2645 haec
2623 2589 2923 2645 constituta
2952 2589 3141 2645 venire
3171 2589 3484 2657 tentaverit,
3518 2599 3573 2646 et

1980 2676 2267 2750 prohibita
2297 2677 2463 2732 fuerit
2506 2694 2689 2733 ausus-
2715 2678 3023 2744 admittere,
3057 2694 3088 2733 a
3118 2694 3218 2734 suo
3254 2693 3310 2733 se
3355 2680 3573 2735 noverit

1979 2767 2162 2822 olIicio
2184 2766 2755 2835 submovendum,nec
2775 2767 3185 2822 communionis
3206 2776 3406 2823 nostra
3428 2767 3572 2829 futui»

1980 2873 2103 2911 rum
2134 2874 2248 2913 esse
2293 2865 2625 2923 consortem,
2664 2856 2759 2929 qui
2809 2856 2994 2911 socius
3022 2872 3138 2911 esse
3176 2856 3357 2911 noluit
3393 2854 3573 2912 disci—

1978 2949 2164 3020 plinae.
2200 2972 2217 2995 ι
2261 2949 2441 3019 Atque
2462 2946 2795 3018 adjungitis:
2845 2972 2861 2995 ι
2892 2947 3187 3003 Sciendum
3212 2964 3342 3003 vero
3371 2955 3455 3004 est
3482 2948 3575 3008 hic

1978 3056 2091 3095 non
2120 3055 2312 3096 vacare
2343 3055 2374 3095 a
2401 3038 2734 3095 discretione
2762 3047 2816 3095 et
2842 3040 3073 3096 rationis
3103 3039 3439 3112 specialitate
3467 3044 3573 3096 haec

270 3134 555 3191 Similiter
575 3148 784 3205 quoque
806 3132 873 3188 de
904 3131 991 3186 his
1020 3131 1290 3201 agendum
1321 3137 1404 3185 est
1423 3147 1560 3202 quos
1588 3131 1865 3200 praepositi
1904 3156 1947 3216 ρ
1980 3145 2281 3201 pronomen
2308 3130 2534 3200 pluralis
2556 3130 2774 3184 numeri
2799 3147 2810 3183 :
2856 3154 2873 3174 ι
2895 3128 2949 3182 Si
2972 3128 3095 3199 quis
3118 3128 3348 3182 fratrum
3378 3137 3571 3185 contra

268 3222 663 3281 canonicorum
686 3231 779 3278 aut
813 3221 1211 3277 monachorum
1233 3220 1570 3275 ordinaudos
1589 3222 1866 3292 expetive-

271 3313 411 3380 rint,
443 3312 626 3368 eadem
662 3312 838 3368 forma
869 3310 1139 3368 servanda
1168 3318 1269 3366 est.
1293 3336 1312 3358 »
1358 3310 1537 3382 Hujus
1563 3319 1747 3365 autem
1781 3328 1866 3366 ca-

262 3402 436 3475 pituli
475 3408 662 3458 tenore
709 3411 1015 3475 perspecto,
1061 3416 1382 3471 responsum
1422 3400 1489 3454 de
1520 3399 1867 3454 ordinatione

260 3492 455 3548 clerici
494 3493 663 3548 vestri
687 3507 896 3557 meum,
929 3491 975 3544 si
1005 3506 1035 3544 a
1064 3505 1151 3543 me
1182 3490 1391 3545 factum
1420 3498 1521 3557 est,
1546 3498 1793 3561 tempore
1814 3499 1869 3546 et

264 3584 390 3638 loco
423 3599 549 3639 cum
583 3596 831 3651 congruo
860 3588 994 3633 tunc
1022 3577 1289 3633 canonico
1319 3585 1649 3648 exspectate,
1684 3586 1740 3633 et
1770 3580 1868 3636 in-

263 3681 411 3729 terea
442 3672 512 3726 de
542 3685 666 3724 mea
708 3667 995 3739 irregulari
1043 3667 1390 3722 ordinatione
1424 3667 1673 3739 judicare
1712 3669 1868 3724 desi-

260 3765 413 3832 stite,
446 3762 710 3834 quoniam
739 3767 1024 3816 accusator
1060 3759 1227 3814 simul
1254 3768 1308 3815 et
1330 3758 1505 3830 judex
1544 3776 1656 3815 non
1687 3761 1861 3817 eritis.

262 3852 556 3910 Advertite
585 3850 954 3906 nihilominus
986 3850 1041 3904 in
1063 3849 1170 3905 hoc
1199 3849 1331 3921 quid
1354 3849 1459 3920 ipsi
1489 3850 1556 3905 de
1585 3851 1864 3921 posterio-

261 3946 419 4002 ribus
439 3943 684 4001 scribitis
708 3942 1036 4006 canonibus,
1068 3951 1129 3996 ut
1160 3943 1346 3995 nullus
1380 3940 1676 3996 servilibus
1704 3943 1864 3998 colo-

260 4036 547 4109 nariisque
566 4032 987 4091 conditionibus
1009 4032 1283 4102 obligatus
1298 4031 1461 4102 juxta
1487 4040 1689 4088 statuta
1719 4034 1864 4090 sedis

260 4126 585 4201 apostolicae
610 4125 677 4181 ad
700 4125 937 4179 honores
959 4121 1363 4178 ecclesiasticos
1383 4121 1729 4190 admittatur,
1754 4124 1862 4179 nisi

259 4216 420 4288 prius
450 4222 543 4270 aut
573 4221 923 4281 testamento,
956 4222 1048 4268 aut
1092 4229 1188 4284 per
1216 4213 1433 4268 tabulas
1459 4229 1583 4267 eum
1621 4214 1862 4284 legitime

258 4304 576 4360 constiterit
623 4303 956 4358 absolutum.
1010 4302 1141 4369 Quae
1201 4302 1245 4357 si
1303 4302 1427 4374 quis
1455 4303 1860 4374 episcoporum,

260 4393 384 4465 ejus
425 4394 519 4465 qui
563 4392 853 4447 ordinatur
897 4390 1274 4447 conditionem
1323 4392 1521 4459 sciens,
1554 4393 1860 4464 transgredi

1993 3248 2010 3267 ‹
2040 3222 2144 3274 hcce
2165 3220 2468 3275 constituta
2488 3216 2679 3272 venire
2698 3216 3015 3283 tentaverit,
3040 3240 3057 3262 ι
3093 3223 3145 3271 et
3167 3216 3377 3287 reliqua
3396 3233 3569 3289 usque

1976 3310 2110 3366 dum
2160 3307 2580 3382 prosequiniini,
2652 3331 2670 3353 ι
2723 3314 3029 3377 repetamus
3080 3306 3362 3377 superiora
3405 3305 3571 3376 hujus

1978 3400 2242 3471 epistolae.
2278 3426 2296 3448 ι
2356 3398 2559 3453 Scitote
2604 3412 2705 3451 nec
2754 3394 2899 3449 istud
2949 3397 3041 3450 hoc
3095 3395 3391 3466 singulare,
3421 3395 3569 3465 quod

1976 3489 2215 3561 pertinet
2243 3488 2311 3541 ad
2341 3501 2555 3550 omnes,
2588 3502 2619 3540 a
2646 3486 2803 3540 beato
2820 3499 2956 3554 papa
2978 3484 3156 3539 Leone
3187 3483 3447 3554 positum,
3469 3498 3570 3540 nec

1978 3580 2081 3635 ista
2102 3581 2207 3633 [uec
2228 3577 2597 3649 pronominis,
2627 3594 2748 3649 quae
2778 3576 3086 3647 respiciunt
3103 3575 3173 3631 ad
3201 3590 3566 3646 unumquem-

1976 3686 2101 3742 que,
2149 3684 2268 3741 quze
2311 3668 2399 3722 vel
2448 3667 2701 3738 superius
2748 3665 2814 3720 de
2863 3664 3107 3736 ejusdem
3156 3664 3378 3720 statutis
3417 3680 3568 3736 papa;

1974 3760 2371 3832 prreposuistis,
2401 3767 2496 3813 aut
2528 3760 2759 3813 inferius
2778 3756 3132 3829 subjungitis,
3153 3765 3207 3812 et
3229 3757 3372 3813 sicut
3396 3756 3568 3812 vultis

1974 3851 2272 3921 exponitis,
2306 3850 2363 3904 in
2384 3849 2487 3906 hac
2506 3848 2573 3904 de
2599 3865 2704 3921 qua
2721 3849 2881 3920 agitis
2902 3848 3123 3921 querela
3140 3846 3401 3918 quiddam
3427 3845 3567 3901 mihi

1974 3941 2198 3996 obviare
2220 3959 2237 4005 ;
2258 3939 2385 4013 quia
2403 3954 2503 3994 nec
2526 3938 2776 4009 intelligo
2804 3953 2906 3994 nec
2928 3936 3175 3992 intellexi
3197 3936 3568 3993 admittendos

1972 4028 2041 4084 ad
2070 4030 2291 4084 ordines
2320 4045 2503 4084 sacros
2538 4028 2794 4083 servituti
2844 4027 3134 4093 obnoxios,
3168 4025 3275 4081 nisi
3316 4025 3567 4081 libertate

1973 4117 2325 4173 dominorum
2378 4134 2603 4171 sum‘um
2656 4117 2913 4181 donatos,
2968 4132 3143 4188 neque
3182 4116 3437 4170 inventos
3474 4122 3569 4171 aut

1974 4208 2216 4263 detectos
2245 4214 2425 4260 statuo
2461 4206 2794 4270 retinendos,
2819 4221 2993 4274 neque
3014 4205 3080 4259 ad
3112 4204 3214 4259 hos
3244 4206 3442 4274 gradus
3470 4203 3567 4257 vi—

1971 4299 2204 4354 duarum
2248 4294 2493 4361 maritos,
2524 4302 2617 4349 aut
2656 4293 2857 4364 quibus
2885 4307 3175 4345 numerosa
3206 4292 3413 4347 fuerint
3436 4308 3563 4347 con-

1968 4385 2140 4458 jugia,
2171 4385 2287 4439 ullo
2335 4392 2492 4454 pacto
2521 4381 2809 4453 acquiesco
2852 4381 2940 4435 vel
2972 4379 3223 4451 acquievi
3262 4379 3561 4450 suscipien-

258 4499 359 4556 per
390 4482 802 4539 ordinationem
836 4480 1137 4536 inhibitam
1176 4481 1405 4535 fortasse
1436 4483 1694 4549 voluerit,
1726 4484 1853 4538 anni
1889 4515 1937 4572 Β
1972 4475 2070 4572 dos
2104 4494 2115 4531 :
2149 4490 2326 4545 neque
2344 4472 2576 4572 aliquod
2606 4468 2959 4572 turpis‘lncri
3002 4469 3181 4567 fenus,
3218 4475 3313 4522 aut
3342 4474 3566 4572 suo‘aut

256 4572 444 4643 spatio
468 4571 658 4627 missas
681 4571 859 4628 facere
880 4587 990 4627 non
1015 4577 1327 4641 praesumat.
1352 4570 1427 4624 De
1448 4572 1676 4626 scientia
1695 4572 1862 4644 hujus

256 4661 451 4717 clerici
484 4660 848 4729 conditionis,
878 4668 933 4715 et
948 4661 1015 4715 de
1041 4660 1474 4729 transgressione
1508 4676 1603 4731 per
1644 4661 1860 4718 ordina-

256 4750 472 4805 tionem
492 4749 784 4805 inhibitam
804 4758 952 4822 patet
971 4749 1117 4822 quod
1134 4749 1546 4806 decerneretur:
1567 4768 1687 4822 quae
1709 4752 1861 4823 prius

253 4839 304 4894 si
335 4840 516 4910 placet
536 4838 864 4910 opponenda
883 4848 983 4905 est,
1014 4846 1069 4892 et
1088 4847 1183 4894 aut
1211 4838 1465 4895 confesso
1486 4847 1581 4894 aut
1601 4840 1859 4896 convicto

254 4926 658 4984 inculcandum
688 4928 795 4983 erit
822 4927 1121 4999 judicium,
1154 4928 1302 4999 quod
1341 4927 1456 4999 jam
1503 4929 1632 5003 licet
1674 4929 1742 4985 de
1774 4948 1857 4987 me

252 5034 374 5075 non
402 5019 663 5075 convicto
693 5035 793 5075 nec
814 5020 1083 5086 confesso,
1117 5018 1321 5090 absque
1353 5019 1469 5073 ulla
1500 5020 1856 5091 synodo,sine

247 5108 373 5163 ulla
398 5106 721 5178 hujusmodi
754 5107 1205 5178 interrogatione,
1233 5114 1327 5161 aut
1358 5108 1739 5176 requisitione,
1763 5117 1858 5164 aut

249 5196 515 5268 praesenti
548 5196 1012 5266 interpellatione.
1049 5195 1294 5251 ofﬁcium
1326 5196 1660 5251 accusatoris
1687 5197 1854 5253 simul

244 5290 307 5338 et
351 5282 582 5352 judicis,
633 5292 744 5339 tam
792 5284 860 5339 de
904 5284 1127 5340 absente
1176 5300 1337 5355 quam
1390 5282 1602 5339 absenti
1651 5286 1856 5356 scripto

244 5370 418 5428 vobis
464 5371 828 5439 vindicantes,
878 5372 1236 5428 exercueritis
1276 5371 1350 5427 ita
1390 5374 1805 5441 pronuntiando
1840 5393 1850 5430 :

257 5484 279 5509 ι
302 5461 450 5528 Quia
471 5478 600 5519 vero
621 5464 803 5535 ipsum
824 5463 1088 5521 clericum
1110 5472 1306 5520 contra
1325 5463 1539 5534 regulas
1559 5465 1853 5533 ordinasti,

242 5552 459 5626 regulae
494 5568 659 5610 sacrae
701 5554 1083 5610 demonstrant
1128 5552 1375 5609 dicentes
1402 5553 1579 5624 (epist.
1616 5556 1669 5626 1)
1698 5573 1710 5611 :
1746 5556 1855 5611 Ad-

241 5641 577 5711 mittuntur,
608 5642 791 5713 inquit
816 5643 926 5699 Leo
956 5643 1014 5700 in
1046 5643 1282 5717 epistola
1316 5642 1385 5699 ad
1415 5645 1712 5703 universos
1741 5646 1851 5717 epi-

1969 4565 2157 4636 aliquo
2207 4561 2431 4618 nomine
2478 4561 2718 4631 aliquem
2765 4559 3091 4613 clericorum
3151 4557 3375 4628 impune
3421 4555 3564 4611 duco

1972 4660 2356 4717 exercentem;
2391 4658 2443 4705 et
2474 4648 2596 4704 ideo
2625 4656 2679 4703 et
2710 4646 2851 4702 illud
2881 4648 2972 4700 hoc
3001 4689 3014 4715 ,
3048 4653 3101 4701 et
3130 4645 3235 4701 ista
3264 4647 3388 4712 huic,
3434 4660 3562 4701 cum

1970 4744 2202 4815 reliquis
2221 4759 2341 4814 quae
2371 4740 2650 4812 prohibita
2670 4746 2799 4794 sunt
2818 4752 3091 4793 exsecror.
3114 4736 3220 4793 Sed
3240 4746 3312 4805 et,
3337 4736 3383 4791 si
3408 4734 3559 4803 libet,

1969 4834 2122 4904 prius
2144 4830 2385 4886 ollicium
2408 4828 2739 4886 accusatoris
2756 4828 3053 4899 judiciario
3069 4827 3263 4884 ordine
3280 4826 3560 4894 assumite,

1970 4931 2024 4978 et
2052 4923 2315 4978 canonice
2348 4920 2488 4977 illud
2518 4918 2911 4991 exsequimini,
2944 4926 2999 4973 et
3044 4920 3313 4975 canonice
3342 4925 3561 4989 paratus

1967 5029 2061 5068 ero
2091 5014 2396 5081 ostendere,
2430 5012 2666 5085 qualiter
2696 5019 2887 5067 contra
2912 5027 2997 5065 me
3026 5010 3127 5065 ista
3154 5025 3266 5063 non
3292 5019 3560 5075 cognosco

1967 5104 2241 5175 pertinere
2276 5122 2287 5158 :
2330 5110 2383 5157 et
2414 5103 2651 5174 qualiter
2697 5118 2759 5156 ea
2808 5086 3114 5169 intelligam
3147 5106 3200 5153 et
3237 5095 3557 5166 amplectar,

1967 5203 2188 5266 paratus
2217 5210 2311 5249 ero
2342 5193 2568 5249 verbum
2611 5210 2679 5248 ex
2724 5193 2893 5247 verbo
2919 5204 3092 5262 usque
3117 5188 3186 5243 ad
3222 5188 3333 5241 iota
3362 5200 3558 5249 unum,

1966 5305 2034 5343 ex
2070 5288 2197 5342 ﬁdei
2252 5287 2562 5342 subtemine
2602 5303 2722 5359 quae
2770 5286 2838 5340 ab
2885 5284 3076 5340 eodem
3127 5297 3264 5354 papa
3301 5286 3559 5335 contexta

1965 5387 2093 5435 sunt
2123 5394 2361 5434 exerere.
2388 5376 2641 5431 Scribilis
2671 5392 2885 5448 quoque
2915 5373 2983 5428 ad
3017 5374 3195 5427 locum
3233 5388 3244 5425 :
3284 5392 3301 5415 ε
3327 5370 3437 5424 Hos
3466 5384 3556 5423 au-

1963 5476 2073 5524 tem
2106 5466 2419 5523 Gallicanos
2442 5481 2700 5532 canones,
2733 5464 2933 5535 quibus
2954 5478 3093 5532 saepe
3126 5461 3182 5515 iu
3205 5458 3316 5516 tuis
3336 5458 3557 5530 scriptis

1964 5558 2157 5625 uteris,
2186 5562 2240 5611 et
2268 5570 2362 5625 per
2391 5569 2528 5626 quos
2559 5559 2609 5607 te
2650 5553 2934 5619 reclamas,
2971 5550 3084 5605 scio
3114 5549 3243 5622 quia
3274 5563 3387 5603 non
3419 5546 3554 5618 abji-

1962 5646 2092 5703 cies.
2130 5672 2148 5695 ι
2189 5646 2259 5701 Et
2290 5644 2418 5718 quia
2438 5659 2587 5699 nunc
2616 5643 2843 5714 longum
2877 5656 2940 5697 ac
2968 5654 3370 5713 supervacuum
3403 5638 3553 5695 vide-
