4078 6182
538 290 637 345 991

1573 285 1920 342 HINCMARI
1958 283 2442 341 LAUDUNENSIS
2480 284 2792 343 EPISCOPI

3717 286 3815 343 992

539 455 648 511 tur,
681 461 805 499 cum
837 461 933 516 per
953 443 1168 515 singula
1198 443 1264 497 de
1284 442 1497 497 caeteris
1525 440 1802 509 omnibus,
1834 448 1969 495 tunc
1988 448 2043 495 et
2062 441 2130 496 de
2161 442 2210 500 A
2241 441 2461 512 gignit?
2482 441 2551 496 Ut
2579 449 2761 496 autem
2783 440 3091 511 praelibavi,
3124 439 3401 512 quondam
3427 439 3664 510 gratiosa
3688 440 3817 511 ejus-

538 550 729 590 eorum
763 532 1079 605 receptione
1109 531 1344 603 pleniter
1373 529 1732 602 respondebo.
1766 529 1924 596 Quod
1945 539 2128 586 autem

538 621 605 678 de
636 631 818 677 vestro
848 620 1148 692 scripsistis
1179 619 1381 675 clerico
1415 618 1489 673 ita
1528 636 1538 672 :
1604 641 1620 662 ι
1666 617 1722 672 Si
1770 625 1951 673 autem
2006 618 2129 675 ideo

540 712 698 766 illum
723 711 808 765 vis
828 711 895 766 ad
918 710 1192 782 synodum
1208 717 1359 764 tuam
1384 708 1593 776 venire,
1619 707 1879 779 quoniam
1903 707 2128 764 Chalce-

537 800 807 856 donenses
835 816 1073 857 canones
1101 800 1296 856 dicunt
1342 799 1484 870 (can.
1527 800 1583 869 6)
1633 797 1851 853 nullum
1881 796 2130 853 absolute

538 890 782 945 ordinari
839 890 1035 946 debere
1088 891 1468 962 presbyterum
1515 898 1610 945 aut
1666 887 1981 955 diaconum,
2031 904 2130 943 nec

536 978 840 1051 quemlibet
882 980 939 1033 in
972 978 1139 1049 gradu
1170 978 1561 1045 ecclesiastico,
1594 1002 1611 1023 ν
1653 983 1708 1030 et
1735 976 1964 1048 reliqua.
1999 977 2129 1043 Quae

536 1070 753 1140 reliqua
785 1069 914 1140 quia
962 1085 1073 1124 non
1104 1068 1356 1140 tetigisti,
1389 1067 1754 1140 apponimus:
1806 1066 1958 1122 «Nisi
1998 1083 2129 1136 spe-

536 1157 752 1213 cialiter
782 1157 1023 1212 ecclesiae
1056 1157 1322 1221 civitatis,
1345 1166 1437 1211 aut
1458 1155 1840 1227 possessionis,
1867 1165 1961 1211 aut
1991 1171 2129 1210 mar-

537 1246 693 1317 tyrii,
730 1253 824 1300 aut
854 1244 1174 1300 monasterii
1203 1245 1297 1316 qui
1329 1244 1673 1301 ordinandus
1702 1253 1782 1300 est
1807 1245 2128 1317 pronuntie-

538 1342 647 1388 tur.
680 1334 783 1400 Qui
808 1350 938 1389 vero
960 1334 1210 1389 absolute
1241 1333 1589 1401 ordinantur,
1612 1333 1857 1390 decrevit
1886 1334 2132 1405 synodus

536 1422 749 1477 irritam
785 1422 975 1477 haberi
1011 1421 1391 1493 hujuscemodi
1451 1438 1646 1478 manus
1696 1422 2129 1499 impositionem,

535 1520 588 1567 et
640 1526 913 1583 nusquam
965 1527 1123 1583 posse
1168 1512 1487 1567 ministrare
1534 1512 1603 1567 ad
1633 1511 1943 1568 ordinantis
1974 1511 2133 1582 inju—

533 1599 695 1653 riam.
730 1624 747 1645 ι
781 1598 906 1654 Scio
929 1615 1015 1653 me
1038 1615 1150 1653 non
1181 1600 1343 1655 aliter
1367 1617 1612 1673 unquam
1635 1600 1915 1656 ordinasse
1946 1617 2131 1671 quem-

534 1702 718 1757 quam,
752 1686 845 1758 qui
878 1688 1064 1743 taliter
1093 1704 1204 1743 non
1230 1688 1704 1759 pronuntiaretur.
1725 1689 1879 1756 Quod
1909 1690 1953 1744 si
1976 1690 2130 1746 fecis-

2240 529 2363 585 dem
2395 530 2652 602 Sigiberti
2686 532 3020 590 allocutione
3049 532 3150 587 etsi
3181 531 3482 599 delibutus,
3514 539 3695 587 tamen
3726 533 3819 588 cle-

2241 619 2417 676 ricum
2448 620 2599 678 hunc
2629 621 3003 691 irregulariter
3032 621 3306 692 suscipere
3328 621 3479 691 quasi
3514 620 3684 689 gratia
3714 620 3819 675 ille-

2238 717 2359 766 ctus
2406 725 2516 765 non
2558 710 2899 781 praesumpsi.
2950 710 3107 767 Nunc
3155 717 3358 777 autem,
3406 711 3532 765 licet
3563 711 3660 765 illo
3691 710 3824 765 mihi

2241 798 2559 866 insidiante,
2584 799 2738 854 nullo
2755 800 2884 855 odio
2910 807 3112 867 motus,
3136 799 3279 871 quod
3304 799 3443 853 ratio
3460 807 3513 853 et
3533 800 3826 857 auctoritas

2239 887 2532 944 dictaverit
2561 888 3055 960 exsequendum,si
3081 905 3190 943 suae
3219 887 3441 955 abhinc,
3474 889 3619 959 quod
3652 890 3825 945 hacte-

2239 960 2351 1031 nus.
2368 993 2478 1031 non
2510 978 2662 1045 fecit,
2696 978 2969 1033 voluntati
2987 977 3208 1048 justitia
3234 977 3454 1045 faverit,
3483 978 3573 1031 via
3596 977 3825 1049 jnstitiaz

2240 1080 2269 1118 a
2300 1064 2462 1119 nobis
2487 1067 2892 1137 prosecutionis
2927 1067 3032 1121 iter
3052 1083 3164 1121 non
3189 1067 3507 1121 retardabit.
3534 1067 3827 1123 Prasfatum

2240 1158 2419 1205 autem
2452 1154 2714 1211 clericum
2748 1154 2869 1209 ideo
2910 1156 2982 1208 ita
3014 1156 3437 1211 commonitorie
3465 1155 3531 1209 ad
3556 1155 3825 1226 synodum

2238 1245 2459 1313 vocavi,
2491 1246 2618 1317 quia
2672 1246 2738 1301 ab
2788 1247 3112 1301 Haimerado
3156 1247 3475 1318 presbytero
3521 1257 3824 1303 accusatur.

2240 1332 2345 1388 Sed
2375 1341 2429 1388 et
2453 1351 2619 1403 nunc,
2646 1336 2773 1408 quia
2800 1352 2831 1389 a
2859 1336 3017 1391 vobis
3038 1334 3104 1390 de
3126 1351 3221 1389 sua
3250 1336 3595 1391 ordinatione
3621 1338 3826 1393 calum-

2239 1423 2446 1492 niatur,
2480 1433 2539 1479 ut
2585 1426 2843 1480 adveniat
2884 1442 3141 1497 pervoco,
3191 1433 3243 1480 et
3274 1424 3421 1497 quod
3459 1441 3635 1480 meum
3667 1435 3757 1480 est
3784 1428 3825 1480 ei

2238 1512 2566 1583 propinabo.
2593 1514 2649 1568 Si
2680 1522 2861 1569 autem
2894 1515 3089 1570 missos
3110 1523 3341 1581 vestros,
3364 1522 3457 1569 aut
3480 1531 3603 1571 cum
3628 1530 3717 1584 eo,
3739 1524 3827 1569 aut

2242 1609 2363 1673 post
2392 1618 2513 1657 eum
2560 1603 2627 1659 ad
2659 1604 2932 1675 synodum
2972 1604 3208 1675 dirigere
3235 1603 3547 1675 disponitis,
3579 1605 3671 1675 qui
3708 1621 3827 1659 eum

2241 1693 2497 1749 servituti
2530 1694 2835 1748 obnoxium
2885 1695 3265 1766 comprobent,
3300 1703 3394 1749 aut
3423 1696 3467 1749 si
3500 1696 3609 1766 ipse
3637 1711 3829 1767 negare

532 1791 667 1842 sem,
702 1776 858 1830 irrita
891 1775 1183 1831 haberetur
1213 1793 1407 1832 manus
1450 1777 1755 1849 impositio,
1803 1793 1904 1832 nec
1951 1778 2130 1832 mini-
2159 1798 2206 1857 B
2241 1799 2351 1838 non
2384 1784 2642 1854 potuerit,
2677 1800 2828 1839 suam
2850 1784 3077 1840 audiant
3107 1784 3523 1855 professionem,
3544 1800 3651 1839 non
3694 1784 3825 1839 mihi

532 1870 706 1917 strare
744 1863 1030 1919 ordinatus
1059 1863 1128 1918 ad
1175 1880 1351 1919 meam
1408 1872 1590 1936 posset
1637 1864 1919 1934 injuriam.
1971 1864 2129 1931 Quod

533 1953 833 2009 concilium
864 1961 988 2024 post
1017 1954 1163 2009 istud
1189 1955 1519 2025 capitulum,
1541 1955 1886 2011 concinendo
1905 1956 2012 2010 hoc
2040 1955 2129 2009 de-

533 2042 740 2109 promit
769 2040 1069 2094 secundum
1105 2042 1249 2111 (can.
1280 2041 1373 2111 8):
1423 2066 1441 2088 ι
1473 2041 1672 2097 Clerici
1696 2043 1791 2114 qui
1820 2042 2128 2113 praeficiun-

531 2136 625 2183 tur
654 2126 912 2197 ptochiis,
947 2130 1033 2182 vel
1085 2128 1179 2199 qui
1228 2129 1557 2186 ordinantur
1586 2130 1645 2185 in
1678 2134 2043 2201 monasteriis,
2076 2141 2129 2189 et

531 2214 779 2272 basilicis
800 2218 1248 2288 martyrum,sub
1269 2219 1651 2290 episcoporum
1679 2221 1774 2292 qui
1802 2222 1857 2275 in
1890 2237 2127 2293 unaqua-

532 2319 637 2375 que
652 2304 876 2359 civitate
897 2313 1046 2373 sunt,
1065 2306 1367 2361 secundum
1386 2318 1700 2363 sanctorum
1718 2310 1936 2364 Patrum
1966 2310 2127 2364 tradi-

531 2393 732 2462 tiones,
764 2404 1035 2465 potestate
1064 2407 1439 2467 permaneant,
1476 2415 1576 2454 nec
1606 2415 1701 2469 per
1726 2402 2125 2455 contumaciam

532 2481 600 2536 ab
630 2484 887 2555 episcopo
916 2501 1015 2540 suo
1045 2485 1344 2541 dissiliant.
1379 2486 1484 2553 Qui
1514 2504 1647 2543 vero
1677 2487 1882 2543 audent
1914 2506 2126 2559 perver-

532 2580 645 2627 tere
677 2571 995 2641 hujusmodi
1030 2574 1263 2628 formam
1305 2591 1631 2649 quocunque
1662 2576 1846 2645 modo,
1880 2594 1979 2634 nec
2008 2595 2127 2649 pro-

531 2665 653 2735 prio
683 2664 1058 2735 subjiciuntur
1084 2669 1360 2740 episcopo,
1394 2669 1437 2723 si
1470 2669 1693 2741 quidem
1740 2670 1927 2725 clerici
1977 2679 2126 2736 sunt,

531 2767 805 2807 canonum
838 2756 1282 2826 correptionibus
1310 2758 1710 2829 subjacebunt;
1743 2759 1788 2813 si
1824 2774 1953 2813 vero
2002 2759 2128 2813 laici

532 2841 621 2893 vel
656 2842 911 2896 monachi
942 2843 1170 2911 fuerint,
1194 2848 1586 2902 communione
1615 2850 1954 2919 priventur.»
1986 2850 2129 2921 Ergo

531 2924 899 2983 ordinationis
949 2922 1144 2986 modus
1194 2933 1537 3003 indagandus
1576 2943 1657 2989 est
1686 2945 1739 2991 et
1768 2936 2023 2993 subditis.
2060 2940 2130 2993 Ut

532 3012 665 3069 item
696 3013 904 3071 oblitus
951 3034 1046 3089 per
1086 3019 1253 3085 illum
1284 3019 1462 3076 discas
1490 3021 1650 3092 cujus
1688 3016 2127 3081 suasioneillum

455 3184 457 3187 Ι
531 3111 725 3158 contra
754 3105 967 3175 regulas
995 3106 1359 3175 ordinaveris,
1393 3118 1661 3181 quatenus
1689 3111 1733 3165 si
1764 3112 1906 3168 forte
1931 3113 1989 3167 in
2019 3114 2127 3185 Sy-
2156 3150 2199 3210 Ο

531 3191 678 3247 nodo
709 3194 1089 3267 episcOporum
1141 3196 1270 3252 inde
1309 3200 1672 3270 compellatus
1702 3202 1894 3269 fueris,
1928 3201 2126 3259 habeas

531 3282 665 3352 quid
695 3284 1024 3354 respondeas
1056 3303 1067 3340 :
1103 3285 1304 3341 manda
1351 3288 1511 3354 mihi,
1550 3297 1606 3343 et
1635 3306 1733 3360 ego
1765 3291 1947 3360 illum,
1981 3310 2129 3364 quo-

531 3371 680 3425 niam
710 3380 911 3429 nostrae
940 3375 1201 3431 Ecclesiae
1223 3384 1304 3432 est
1325 3377 1669 3449 mancipium
1701 3381 1855 3436 nulla
1876 3381 2128 3436 libertate

531 3460 815 3531 donatum,
858 3480 954 3535 per
1002 3481 1151 3520 meos
1184 3466 1379 3522 missos
1408 3467 1511 3522 tibi
1560 3468 1620 3523 in
1664 3470 1940 3539 synodum
1976 3480 2125 3527 tuam

528 3552 921 3619 transmittam,
946 3561 1008 3607 ut
1039 3554 1218 3609 discas
1246 3556 1393 3626 quod
1432 3556 1624 3612 beatus
1669 3558 1777 3613 Leo
1808 3560 1876 3615 ad
1914 3562 2129 3617 Anato—

530 3638 668 3693 lium
691 3640 1363 3713 Constantinopolitanum
1393 3645 1709 3717 episcopum
1734 3648 1927 3703 scribit
1952 3650 2125 3719 (epist.

528 3726 646 3796 87),
674 3728 803 3797 quia
845 3754 861 3773 ε
884 3728 1026 3782 sicut
1053 3729 1111 3783 in
1136 3731 1280 3785 mala
1300 3732 1552 3787 suasione
1574 3732 1939 3806 delinquitur,
1974 3738 2051 3792 ita
2076 3747 2130 3793 et

530 3813 589 3867 in
626 3815 768 3869 mala
796 3817 1157 3873 consensione
1187 3828 1460 3890 peccatur.
1493 3846 1510 3869 ›
1554 3821 1755 3893 Stupeo
1786 3832 1840 3879 et
1870 3826 1926 3880 in
1958 3826 2045 3882 his
2074 3836 2127 3882 et

531 3900 589 3955 in
622 3901 775 3972 ipsis,
809 3918 928 3973 quae
950 3904 1201 3974 superius
1226 3922 1351 3960 cum
1384 3906 1543 3961 beato
1575 3908 1838 3980 Gregorio
1866 3913 2126 3982 praedica-

528 3987 736 4044 bilibus
764 3990 1128 4061 proposuistis
1156 3993 1576 4062 praesentialiter
1596 3997 1818 4069 scriptis
1838 3999 2085 4056 dicentes
2112 4020 2123 4057 :

544 4100 563 4122 ι
593 4077 904 4132 Praesertim
933 4094 1060 4134 cum
1089 4080 1368 4137 neminem
1400 4088 1638 4155 pastoris
1656 4086 1979 4161 fungentem
2011 4092 2125 4147 oﬂi-

528 4164 616 4220 cio
644 4165 814 4220 latere
842 4165 1057 4235 debeat,
1092 4169 1221 4240 quia
1250 4171 1308 4225 in
1341 4175 1692 4245 exsequendo
1722 4175 1917 4233 divino
1948 4179 2127 4234 mini-

527 4253 714 4321 sterio,
746 4255 892 4311 sicut
938 4257 1152 4312 nullius
1199 4260 1371 4329 gratia
1421 4261 1488 4316 ad
1536 4263 1786 4319 indebita
1814 4270 2124 4337 provocari,

528 4342 602 4397 ite
634 4350 695 4397 ut
721 4344 907 4400 debita
932 4345 1142 4401 nullius
1169 4346 1297 4402 odio
1327 4349 1414 4404 vel
1447 4351 1647 4421 privati
1677 4353 1848 4408 studii
1877 4356 1992 4411 zelo
2023 4357 2128 4413 de-

530 4432 655 4489 beat
694 4435 970 4492 retardare
999 4437 1116 4493 sive
1147 4449 1479 4510 pervertere.
1515 4469 1532 4487 ι
1571 4444 1714 4501 Ecce
1743 4445 1800 4501 in
1832 4449 1976 4503 mala
2001 4468 2121 4506 sna-

526 4522 681 4578 sione
720 4524 1008 4595 delictum,
1059 4536 1112 4583 et
1160 4529 1219 4583 in
1262 4531 1404 4585 mala
1432 4534 1795 4591 consensione
1827 4547 2113 4608 peccatum

526 4611 888 4683 depromitur.
937 4616 1008 4670 Et
1038 4617 1180 4672 sicut
1226 4636 1324 4675 vos
1353 4622 1573 4678 sensitis
1616 4624 1764 4695 quod
1810 4626 1946 4680 mihi
1982 4630 2123 4684 male

525 4718 746 4756 suasum
798 4711 897 4770 est,
927 4711 981 4756 et
1026 4720 1058 4758 a
1106 4722 1191 4760 me
1222 4708 1362 4762 male
1406 4725 1757 4780 consensum,
1790 4730 1889 4769 vos
1918 4716 2123 4786 pariter

524 4791 837 4845 consentire
866 4790 1156 4861 videmini,
1190 4794 1434 4852 dicentes
1474 4814 1594 4869 quae
1617 4799 1731 4870 jam
1763 4804 2026 4872 praemisi,
2059 4814 2119 4859 ut

523 4878 761 4934 scribam
816 4880 974 4936 vobis
1014 4883 1059 4938 si
1087 4899 1210 4939 eum
1232 4886 1487 4942 ordinare
1518 4889 1646 4943 volo
1675 4893 1977 4948 secundum
2008 4912 2118 4950 mo-

523 4984 659 5036 rem,
692 4976 746 5023 et
780 4986 879 5025 vos
916 4970 1000 5025 illi
1052 4972 1361 5030 libertatem
1412 4977 1843 5034 ecclesiasticam
1891 4982 2116 5053 dabitis,

522 5073 684 5128 quem
734 5057 922 5113 taliter
972 5059 1039 5115 ad
1092 5061 1290 5133 gradus
1346 5064 1752 5122 ecclesiasticos
1803 5073 2117 5139 pervenisse

521 5143 839 5218 divulgatis.
882 5149 969 5203 An
1018 5149 1110 5206 hic
1154 5160 1248 5207 aut
1292 5152 1483 5209 odium
1524 5153 1761 5227 alicujus
1800 5157 1988 5230 bullit,
2021 5170 2117 5219 aut

520 5238 694 5306 gratia
712 5239 947 5312 alicujus
972 5244 1205 5298 scaturit
1221 5245 1248 5299 εἰ
1277 5245 1348 5301 Ut
1379 5248 1629 5319 capiatur
1659 5248 2113 5319 ordinator,forte

518 5328 659 5383 male
688 5337 770 5383 est
797 5337 851 5384 et
892 5330 1268 5403 irregulariter
1310 5336 1545 5393 clericus
1590 5349 1773 5396 vester
1803 5342 2109 5400 ordinatus.

518 5413 589 5468 Ut
626 5431 758 5471 vero
807 5418 1105 5476 intentioni
1153 5420 1327 5493 ipsius
1383 5427 1523 5482 male
1571 5428 1721 5486 hunc
1768 5431 2113 5488 instituentis

518 5500 745 5556 alterius
782 5506 839 5560 in
870 5508 991 5565 loco
1032 5527 1145 5566 non
1189 5512 1511 5585 refragetur,
1562 5517 1871 5574 libertatem
1905 5518 2111 5577 dabitis

519 5593 905 5658 promovendi.
931 5597 1145 5657 Illudne
1165 5600 1356 5657 odium
1376 5604 1612 5674 parturit
1637 5604 1665 5661 ?
1692 5606 1912 5662 istudne
1939 5609 2110 5679 gratia

2240 1871 2515 1943 displicet.
2550 1873 2649 1927 Ille
2671 1880 2856 1927 tamen
2883 1873 2928 1927 si
2961 1872 3252 1928 intraverit
3281 1889 3377 1944 per
3396 1872 3826 1940 ostium,retine-

2241 1961 2322 2016 bit
2353 1977 2477 2015 eum
2500 1962 2648 2017 ovile
2668 1961 2890 2027 ovium;
2913 1961 2999 2015 sin
3020 1969 3202 2016 autem
3224 1961 3470 2017 ascendit
3485 1978 3553 2016 ex
3573 1961 3823 2029 adverso,

2240 2066 2301 2107 ac
2330 2051 2484 2104 velut
2504 2049 2594 2104 fur
2614 2048 2858 2117 aliunde,
2883 2051 3191 2122 expelletur
3204 2058 3265 2105 ut
3288 2052 3447 2106 latro.
3472 2050 3625 2117 Quod
3644 2060 3825 2105 autem

2240 2135 2380 2190 mihi
2431 2137 2499 2191 de
2544 2137 2733 2191 eodem
2767 2137 3010 2194 scribitis
3045 2138 3121 2192 ita
3155 2156 3166 2192 :
3215 2162 3234 2183 «ι
3265 2139 3384 2209 lpse
3412 2146 3589 2194 autem
3620 2140 3827 2192 nullam

2240 2227 2531 2294 rationem,
2554 2229 2819 2299 spoliatus
2839 2237 3030 2285 contra
3060 2230 3327 2284 rationem
3351 2238 3405 2284 et
3426 2230 3826 2295 auctoritatem,

2240 2315 2341 2369 tibi
2380 2316 2508 2371 inde
2537 2317 2595 2371 in
2639 2319 2853 2389 synodo
2906 2319 3229 2389 regulariter
3258 2319 3483 2375 reddere
3508 2318 3690 2373 debet.
3732 2343 3751 2363 -
3793 2318 3830 2372 0

2240 2406 2452 2459 utinam
2505 2405 2642 2460 mihi
2692 2407 3059 2478 qualicunque
3089 2407 3362 2480 episcopo,
3404 2408 3660 2466 carcerali
3694 2409 3832 2464 sicut

2239 2494 2395 2550 scitis
2438 2494 2703 2551 custodiae
2752 2495 2977 2560 tradito,
3028 2504 3081 2551 et
3128 2498 3284 2551 nullo
3311 2497 3542 2554 crimine
3568 2497 3830 2567 appetito.

2238 2598 2416 2653 neque
2432 2584 2696 2654 synodale
2721 2601 2963 2656 unquam
2985 2594 3080 2640 aut
3099 2603 3327 2657 usquam
3351 2585 3659 2656 diﬂugienti
3688 2584 3832 2655 judio

2239 2669 2409 2739 cium,
2458 2671 2562 2729 hoc
2613 2673 2794 2744 ipsum
2852 2690 2914 2729 ea
2958 2675 3277 2732 conditione
3332 2675 3738 2731 conservaretis
3782 2682 3831 2728 ut

2238 2768 2429 2816 contra
2472 2762 2758 2831 rationem,
2804 2772 2857 2818 et
2894 2765 3207 2835 apostolicae
3250 2765 3393 2820 sedis
3429 2765 3829 2829 auctoritatem,

2240 2847 2485 2903 dolorem
2518 2867 2681 2923 super
2710 2854 2912 2907 vulnus
2939 2853 3222 2921 addentes,
3262 2861 3315 2908 et
3360 2855 3657 2909 inferentes
3692 2853 3830 2907 mihi

2241 2946 2294 2993 et
2340 2941 2613 3010 parochias
2664 2959 2816 3009 meas,
2869 2953 3059 3001 contra
3105 2947 3533 3018 apostolicorum
3580 2948 3829 3001 omnium

2238 3026 2476 3097 decreta,
2526 3032 2691 3085 etiam
2738 3033 2807 3088 ab
2857 3036 3158 3106 apostolica
3204 3037 3330 3091 sede
3377 3044 3593 3103 vocato,
3632 3043 3685 3089 et
3718 3053 3829 3091 eam

2237 3117 2957 3190 appellanti,przejudicium
2988 3140 3096 3178 non
3120 3122 3421 3195 exigeretis'
3442 3141 3471 3179 a
3494 3141 3579 3180 me
3596 3141 3832 3197 respon-

2237 3220 2381 3272 sum,
2414 3222 2583 3277 usque
2612 3210 2678 3263 ad
2713 3210 3035 3281 synodalem
3079 3216 3270 3269 saltem
3324 3223 3664 3271 conventum
3692 3218 3706 3271 l
3745 3219 3828 3290 qui

2242 3310 2354 3348 non
2377 3296 2557 3350 solum
2586 3313 2735 3354 eram
2764 3301 3030 3371 spoliatus
3046 3303 3206 3359 rebus
3223 3322 3285 3361 ac
3312 3304 3667 3360 facultatibus
3686 3323 3832 3362 cun-

2240 3385 2365 3451 ctis,
2398 3402 2590 3441 verum
2624 3398 2677 3444 et
2710 3396 2977 3461 potestate
3004 3393 3271 3463 corporis,
3318 3394 3648 3450 decernente
3675 3395 3830 3452 beato

2242 3476 2421 3534 Felice
2450 3494 2739 3549 papa,cum
2773 3482 3264 3553 praedecessoribus
3290 3484 3405 3540 suis
3428 3485 3576 3540 Iulio
3599 3503 3761 3559 papa,
3782 3497 3831 3542 et

2238 3564 2429 3633 Lucio,
2452 3566 2689 3637 Calixto,
2713 3570 3298 3644 Zephyrino,Victore,
3315 3575 3570 3643 Aniceto,
3592 3577 3827 3648 Hygino,

2239 3656 2418 3727 Xysto
2445 3666 2500 3713 et
2537 3659 2873 3730 Alexandro,
2908 3682 2969 3721 ac
3000 3665 3403 3722 successoribus
3430 3669 3685 3736 Damaso,
3723 3670 3832 3725 Ge-

2239 3746 2374 3803 lasio
2403 3757 2457 3802 et
2487 3750 2731 3807 Adriano
2766 3771 2777 3808 :
2828 3779 2846 3800 ι
2876 3755 2931 3809 Si
2963 3756 3086 3827 quis
3129 3757 3509 3828 episcoporum
3544 3759 3726 3829 (Felix
3756 3761 3825 3825 Il,

2238 3836 2389 3906 epist.
2437 3838 2491 3907 1)
2542 3839 2657 3895 suis
2696 3841 2864 3896 fuerit.
2907 3843 3069 3899 rebus
3120 3846 3479 3917 exspoliatus,
3513 3855 3610 3903 aut
3659 3865 3689 3903 a
3740 3865 3829 3903 sua

2238 3925 2485 3981 Ecclesia
2514 3928 2568 3981 vi
2601 3938 2695 3984 aut
2742 3930 2941 3986 timore
2980 3932 3265 4004 expulsus,
3298 3935 3444 4007 quod
3474 3937 3626 3992 omni
3661 3936 3830 3994 Chri-

2237 4015 2417 4071 stiano
2444 4017 2659 4072 nomini
2681 4027 2762 4075 est
2794 4021 3331 4096 inimicum,oportet
3361 4034 3413 4080 et
3442 4026 3601 4085 decet
3628 4029 3827 4101 episco-

2236 4119 2433 4175 porum
2463 4108 2803 4178 propositum
2841 4125 3056 4183 semper
3084 4113 3259 4184 prima
3287 4114 3469 4171 fronte
3506 4126 3735 4185 certare,
3773 4126 3831 4172 ut

2237 4194 2425 4248 omnia
2465 4211 2584 4266 quae
2612 4197 2660 4250 ei
2709 4194 2890 4253 ablata
2936 4208 3087 4268 sunt,
3134 4204 3391 4273 potestati
3443 4203 3563 4275 ejus
3587 4205 3832 4275 legaliter

2238 4281 2557 4354 reddantur,
2580 4294 2632 4340 et
2662 4290 2858 4357 praesul
2883 4290 3034 4360 prius
3055 4291 3398 4361 restituatur,
3428 4301 3483 4349 et
3514 4304 3697 4366 postea
3720 4312 3831 4350 non

2236 4374 2443 4441 statim,
2473 4376 2566 4431 sed
2590 4375 2688 4431 diu
2703 4384 2756 4431 et
2789 4394 2885 4449 per
2905 4380 3142 4451 spatiosa
3162 4390 3413 4454 tempora
3430 4385 3549 4439 suis
3580 4393 3833 4456 potesta-

2242 4460 2354 4515 tive
2384 4461 2686 4534 dispositis,
2713 4473 2767 4520 et
2796 4467 2865 4521 ad
2893 4485 3048 4546 suam
3077 4472 3462 4528 necessitatem
3488 4476 3831 4546 praeparatis,

2232 4552 2302 4607 ad
2332 4560 2550 4625 tempus
2576 4558 2761 4611 veniat
2791 4559 2858 4613 ad
2888 4541 3128 4629 causam,
3162 4570 3217 4617 et
3244 4563 3291 4617 si
3306 4563 3455 4634 juste
3482 4565 3663 4620 visum
3694 4566 3833 4621 fue-

2233 4641 2740 4707 rit,accusatorihus
2770 4649 3095 4718 respondeat
3121 4651 3254 4706 suis.
3289 4675 3308 4700 ι
3341 4654 3416 4707 Ει
3442 4653 3499 4707 in
3520 4655 3834 4723 subsequen-

2233 4734 2405 4791 tibus:
2456 4761 2474 4783 ι
2499 4737 2724 4804 Quoties
2767 4741 3006 4813 episcopi
3057 4760 3113 4799 se
3155 4761 3186 4799 a
3224 4745 3338 4800 suis
3389 4746 3836 4818 comprovincia-

2231 4823 2396 4892 libus,
2430 4827 2517 4881 vel
2556 4844 2588 4881 a
2634 4832 3061 4902 metropolitano
3111 4836 3429 4906 putaverint
3477 4839 3834 4909 praegravari,

2227 4920 2320 4967 aut
2346 4930 2436 4969 eos
2463 4925 2742 4986 suspectos
2773 4918 3088 4990 habuerint,
3124 4941 3252 4979 mox
3292 4926 3600 4981 Romanam
3630 4928 3838 4999 appel-

2228 5002 2341 5057 lent
2387 5003 2591 5075 sedem,
2638 5008 2707 5063 ad
2752 5026 2915 5080 quam
2967 5029 3058 5067 eos
3104 5012 3308 5087 absque
3338 5014 3451 5069 ulla
3482 5008 3833 5081 detentione,

2225 5100 2319 5148 aut
2372 5111 2593 5151 suarum
2650 5115 2836 5155 rerum
2883 5102 3181 5172 ablatione,
3231 5106 3401 5163 libere
3432 5108 3513 5162 ire
3544 5108 3745 5173 liceat;
3780 5114 3835 5162 et

2223 5185 2355 5241 dum
2406 5188 2725 5257 praedictam
2773 5193 3073 5249 Romanam
3142 5204 3371 5253 matrem
3425 5197 3836 5268 appellaverint

2223 5275 2655 5347 Ecclesiam,aut
2682 5280 2750 5335 ab
2780 5297 2842 5336 ea
2869 5299 2926 5336 se
2954 5283 3131 5339 audiri
3165 5287 3616 5357 expoposcerint,
3642 5285 3835 5343 nullus

2221 5379 2312 5419 eos
2340 5374 2433 5419 aut
2463 5370 2966 5440 excommunicare,
3001 5382 3097 5429 aut
3117 5391 3308 5430 eorum
3331 5376 3488 5432 sedes
3516 5378 3831 5448 subripere,

2218 5460 2313 5507 aut
2343 5470 2531 5510 eorum
2564 5473 2646 5513 res
2678 5459 2912 5528 auferre,
2946 5470 3040 5517 aut
3080 5464 3323 5535 aliquam
3356 5465 3471 5520 vim
3508 5467 3590 5520 eis
3622 5464 3835 5519 inferne

2218 5553 2532 5612 praesumat,
2555 5556 2846 5619 antequam
2877 5551 3165 5607 amborum
3196 5570 3360 5610 causa
3378 5555 3611 5610 Romani
3641 5554 3835 5625 ponti-

2218 5629 2337 5687 ﬁcis
2374 5636 2705 5691 auctoritate
2733 5635 2979 5695 ﬁniatur.
3022 5640 3181 5706 Quod
3212 5642 3258 5697 si
3288 5642 3450 5697 aliter
3484 5658 3515 5695 a
3544 5656 3837 5715 quoquam
