4056 6190
300 173 426 229 993

1511 173 1873 231 OPUSCULA
1910 177 2002 232 ET
2039 140 2428 234 Eplsrome.

302 333 714 400 praesumptum
762 324 946 393 fuerit,
999 326 1079 381 nil
1134 327 1258 394 erit,
1310 328 1403 383 sed
1440 328 1653 384 viribus
1682 331 1907 386 carebit.
1939 338 1992 396 Î‘
2020 331 2135 385 lum
2162 331 2412 386 damnari
2441 339 2536 387 aut
2582 332 2698 387 suis
2728 334 3024 404 exspoliari
3060 336 3221 393 rebus
3263 339 3460 397 debere
3490 343 3619 413 epi-

298 422 453 476 Nam
488 434 589 473 nec
622 416 725 472 hoc
754 433 976 489 perpere
1005 419 1408 490 praesumimus,
1442 419 1535 475 sed
1564 429 1618 475 et
1646 420 1702 475 id
1734 422 1913 492 ipsum

300 512 366 567 in
408 509 634 564 Nicaena
661 507 875 579 synodo
909 509 1292 576 constitutum,
1322 518 1376 565 et
1403 517 1771 566 antecessores
1805 528 1915 566 no-

296 609 453 657 stros
471 598 669 671 egisse,
694 597 852 665 bene,
872 597 1160 665 Athanasi,
1185 598 1331 653 nosti
1357 618 1369 663 ;
1404 600 1664 671 quoniam
1695 601 1912 672 quando

300 699 366 747 tu
397 698 454 746 et
484 688 687 744 Paulus
721 687 1384 760 Constantinopolitanus,
1415 689 1705 761 Asclepius
1735 690 1910 759 Gazae,

299 794 357 840 et
402 784 683 840 Lucianus
714 782 1159 855 Adrianopolites
1186 783 1254 839 ab
1285 784 1657 841 Orientalibus
1692 786 1913 857 episco-

300 875 411 947 pis,
446 872 764 930 inconsulto
793 881 995 929 sanctae
1034 872 1312 929 memoriae
1339 873 1486 929 Julio
1518 875 1911 946 praedecessore

298 971 520 1029 nostro,
556 961 801 1018 damnati
848 962 999 1029 estis,
1048 971 1101 1017 et
1146 963 1215 1018 ad
1258 979 1405 1030 eum,
1438 963 1591 1034 quasi
1633 964 1701 1019 ad
1743 966 1910 1021 totius

303 1052 459 1108 orbis
489 1060 677 1123 caput,
702 1060 763 1107 ut
789 1068 1002 1123 semper
1022 1051 1153 1107 huic
1175 1060 1376 1108 sancta)
1403 1051 1517 1107 sedi
1542 1052 1755 1108 licitum
1778 1054 1905 1123 fuit,

301 1140 656 1211 confugistis,
680 1141 898 1211 cognita
918 1156 1108 1195 eorum
1129 1140 1378 1212 nequitia
1393 1148 1446 1195 et
1469 1149 1652 1196 vestra
1667 1140 1907 1212 justitia,

304 1247 407 1287 vos
431 1231 493 1285 in
523 1229 971 1286 communionem
1004 1230 1264 1301 suscepit,
1294 1238 1348 1284 et
1379 1229 1631 1284 omnium
1661 1237 1906 1285 vestrum

301 1337 493 1377 curam
545 1335 754 1390 gerens,
809 1328 1029 1391 propter
1076 1319 1220 1375 sedis
1274 1320 1507 1392 propriae
1556 1320 1902 1391 dignitatem,

300 1406 554 1478 singulos
576 1407 690 1462 suis
711 1407 946 1463 reddens
965 1407 1247 1476 Ecclesiis,
1272 1409 1646 1466 Orientalibus
1663 1410 1901 1482 scripsit,

299 1497 534 1569 culpans
569 1513 661 1552 eos
690 1495 837 1568 quod
868 1513 982 1552 non
1010 1505 1154 1553 recte
1186 1507 1529 1568 tractassent,
1558 1500 1708 1555 viros
1730 1501 1904 1557 incul-

302 1587 517 1658 pabiles
545 1586 611 1641 de
640 1586 755 1642 suis
801 1586 1068 1643 Ecclesiis
1105 1589 1463 1660 expellentes,
1503 1597 1556 1645 et
1603 1590 1905 1646 constituta

298 1676 511 1733 Niczeni
543 1676 767 1733 concilii
818 1677 1046 1734 minime
1082 1688 1488 1735 conservantes.
1519 1681 1566 1735 E
1604 1680 1807 1752 quibus
1835 1681 1903 1736 ad

297 1775 515 1822 certum
545 1766 691 1822 diem
720 1768 1022 1823 nonnullos
1053 1768 1277 1824 sibimet
1308 1768 1494 1825 adesse
1525 1770 1807 1842 praeepit,
1843 1778 1906 1825 ut

300 1856 371 1911 de
400 1856 605 1912 talibus
633 1864 838 1913 certam
870 1858 1393 1930 praesumptionibus
1424 1857 1712 1914 redderent
1742 1859 1907 1914 ratio-

298 1963 452 2013 nem,
486 1955 537 2002 et
573 1962 757 2002 coram
807 1945 885 2001 eis
931 1945 1241 2003 ostenderet
1288 1945 1501 2017 justum
1551 1963 1608 2002 se
1638 1965 1800 2020 super
1831 1949 1910 2004 eis

298 2035 598 2106 protulisse
643 2035 945 2091 decretum.
996 2034 1388 2092 Interminatus
1429 2043 1512 2091 est
1558 2036 1747 2104 etiam,
1797 2054 1909 2093 non

294 2126 435 2182 talia
461 2124 724 2197 deinceps
743 2125 936 2181 fratres
966 2142 1082 2182 esse
1101 2142 1379 2197 passuros,
1411 2135 1466 2182 et
1490 2126 1598 2182 nisi
1629 2127 1698 2183 ab
1719 2126 1910 2198 hujus-

308 2214 460 2270 modi
500 2215 1026 2286 przesumptionibus
1076 2223 1368 2272 cessarent.
1426 2233 1458 2271 a
1504 2216 1742 2289 propriis
1794 2233 1911 2271 esse

295 2304 565 2377 gradibus
611 2321 704 2361 eos
757 2306 1247 2380 recessuros.qTali
1290 2306 1442 2361 enim
1486 2304 1653 2376 hujus
1707 2314 1909 2362 sanctae

294 2395 449 2452 sedis
474 2396 767 2468 privilegio
792 2404 853 2452 tu
899 2404 953 2451 et
1001 2396 1196 2452 fratres
1223 2396 1305 2452 tui
1343 2395 1592 2468 proprias
1620 2396 1905 2468 recepistis

291 2486 573 2541 Ecclesias
604 2502 731 2540 cum
761 2485 1020 2541 omnibus
1067 2484 1174 2541 sibi
1222 2484 1646 2557 pertinentibus.
1714 2484 1812 2539 His
1856 2491 1911 2539 et

290 2574 426 2629 aliis
452 2575 880 2647 quamplurimis
908 2573 1256 2631 documentis
1286 2573 1642 2630 manifestum
1674 2581 1755 2629 est
1786 2573 1906 2629 nu]-

2024 437 2272 491 scopum,
2287 422 2382 493 qui
2412 422 2554 478 hanc
2575 430 2819 478 sanctam
2840 423 3022 478 sedem
3045 425 3500 500 interpellaverit,
3525 430 3643 489 aut'

2024 511 2129 566 sibi
2157 512 2576 569 defensatricem
2625 514 2903 583 asciverit,
2950 515 3125 572 donec
3146 515 3422 587 judicium
3462 523 3528 578 de
3556 541 3622 579 eo

2024 610 2222 658 nostrae
2253 603 2563 673 apostolicae
2590 604 2952 672 auctoritatis,
2973 605 3077 662 hoc
3105 615 3187 661 est
3216 607 3484 680 principis
3498 628 3623 682 apo-

2022 692 2287 748 stolorum
2323 693 2466 748 Petri
2498 704 2775 765 agnoscat,
2820 695 2948 767 quia
2986 697 3337 754 solummodo
3373 698 3623 757 Christus

2021 781 2175 836 Jesus
2204 781 2335 839 huic
2364 791 2564 838 sanctae
2593 783 2730 851 sedi,
2766 784 2823 838 id
2853 792 2933 839 est
2961 785 3293 856 apostolicae,
3324 788 3430 845 hoc
3445 790 3622 846 facere

2021 872 2318 927 commisit.
2358 873 2554 944 Utpote
2582 875 2842 946 quoniam
2866 876 3015 931 solus
3036 885 3197 948 atque
3228 894 3339 948 prae
3363 880 3621 936 omnibus

2021 961 2280 1030 praefatus
2328 961 2581 1033 princeps
2624 964 2995 1034 apostolorum
3035 965 3277 1021 creditus
3326 976 3427 1034 est,
3458 977 3622 1041 atque

2020 1050 2296 1123 percipere
2342 1053 2544 1107 meruit
2573 1070 2603 1107 a
2644 1054 2787 1124 Rege
2818 1072 3003 1125 regum
3038 1056 3258 1112 Christo
3288 1057 3400 1113 Deo
3439 1059 3620 1114 claves

2018 1140 2170 1210 regni
2201 1142 2487 1197 caelorum.
2522 1168 2537 1188 -
2581 1143 2689 1198 Ista
2713 1144 2898 1199 felicia
2925 1161 3051 1199 cum
3082 1143 3187 1200 isto
3213 1146 3384 1201 Felici
3416 1148 3620 1218 pariter

2018 1235 2211 1284 tonant
2231 1230 2522 1286 duodecim
2539 1230 2734 1287 mundi
2759 1232 3071 1300 luminaria,
3105 1250 3200 1304 per
3233 1250 3352 1305 quae
3380 1237 3618 1292 reclamo

2014 1334 2139 1372 cum
2178 1334 2366 1373 eorum
2418 1319 2907 1390 przedecessoribus
2961 1338 3024 1376 ac
3053 1323 3478 1391 successoribus,
3516 1341 3618 1381 nec

2015 1407 2314 1479 quidquam
2346 1408 2641 1464 habebitur
2662 1418 2861 1477 ratum,
2887 1409 3159 1483 quidquid
3179 1411 3246 1466 ab
3280 1428 3467 1467 eorum
3490 1430 3617 1470 con-

2013 1495 2400 1551 stitutionibus
2447 1497 2614 1552 fuerit
2656 1497 2959 1553 diversum.
3011 1500 3154 1570 Ergo
3186 1501 3242 1555 in
3286 1501 3393 1557 isto
3441 1511 3495 1558 et
3524 1503 3617 1558 isti

2013 1602 2154 1641 vana
2176 1588 2480 1659 loquuntur
2504 1605 2627 1643 cum
2646 1588 2861 1645 cunctis
2884 1589 3377 1660 praedecessoribus
3400 1610 3614 1663 eorum,

2012 1676 2140 1748 quia
2168 1676 2247 1731 sic
2277 1675 2712 1749 uniuscujusque
2744 1678 3074 1733 successoris
3103 1680 3402 1736 auctoritas
3433 1680 3613 1736 habe-

2017 1768 2170 1824 bitur
2196 1776 2331 1837 rata,
2364 1770 2411 1824 si
2440 1770 2853 1841 praedecessoris
2874 1771 2959 1825 sui
2988 1771 3223 1841 actibus,
3257 1779 3319 1827 ut
3346 1772 3424 1828 ait
3458 1773 3612 1845 Sym-

2019 1856 2247 1913 machus
2275 1875 2434 1931 papa,
2473 1859 2728 1915 tribuerit
2756 1859 3094 1915 ï¬rmitatem.
3126 1862 3313 1933 Itaque
3346 1862 3491 1917 unde
3518 1862 3613 1917 ille

2020 1954 2199 2001 vester
2231 1947 2464 2003 clericus
2493 1949 2760 2019 spoliatus
2790 1950 2862 2006 sit
2890 1950 3095 2018 nescio,
3130 1966 3306 2021 neque
3332 1950 3478 2005 unde
3510 1967 3616 2007 ve-

2019 2040 2182 2091 stitus
2211 2051 2327 2091 esse
2355 2035 2548 2091 debeat
2573 2037 2753 2093 adhuc
2780 2038 2993 2109 ignoro.
3027 2037 3083 2093 Si
3112 2046 3295 2093 autem
3325 2046 3419 2093 aut
3447 2039 3618 2094 recla-

2019 2124 2281 2179 mationis
2317 2132 2412 2180 aut
2455 2126 2789 2197 expiationis
2836 2143 3049 2195 vocem,
3100 2134 3195 2181 aut
3248 2127 3615 2183 accusationis

2020 2211 2280 2268 adversus
2308 2214 2547 2285 aliquem
2579 2214 2742 2270 habet
2772 2216 2831 2271 in
2856 2232 2974 2271 mea
3014 2216 3294 2287 parochia,
3334 2226 3519 2272 utrum
3546 2218 3613 2272 ad

2019 2304 2294 2375 synodum
2343 2321 2374 2358 a
2429 2304 2698 2375 parvitate
2751 2322 2870 2359 mea
2913 2304 3217 2361 habendam
3273 2305 3465 2362 debeat
3523 2324 3609 2361 ve-

2020 2392 2139 2448 nire
2184 2394 2401 2465 penitus
2437 2412 2469 2449 a
2514 2395 2670 2449 vobis
2701 2395 2902 2466 poterit
2937 2395 3163 2450 discere.
3198 2397 3338 2449 Data
3376 2396 3609 2450 Kalend.

2020 2482 2147 2539 Maii
2176 2483 2460 2554 praesentis
2489 2484 2664 2539 tertiae
2685 2482 3024 2540 indictionis.

2266 2729 2935 2742 -â€”â€”-â€”â€”â€”â€”-â€”~â€”â€”_..__â€”â€”

1878 2857 2027 2919 IV.

676 3011 1061 3072 HINCMARI
1106 3008 1537 3071 COLLEGTIO
1580 3008 1687 3067 EX
1728 3005 2133 3067 EPISTOLIS
2179 3004 2680 3067 ROMANORUM
2726 3006 3232 3069 PONTIFICUM.

1476 3177 1561 3224 AD
1605 3174 1985 3223 HINCMARUM
2030 3173 2438 3221 BHEMENSEM.

289 3473 389 3526 Ea:
418 3464 637 3540 epistola
692 3470 915 3527 Victoris
953 3484 1127 3540 papae,
1158 3464 1466 3540 _The0philo
1521 3463 1896 3540 Alexandrino
1935 3465 1977 3523 C
2008 3461 2114 3518 tari
2145 3462 2324 3528 liceat,
2359 3475 2471 3515 non
2516 3467 2699 3515 tamen
2736 3458 2978 3515 diï¬‚inire
3007 3459 3322 3515 inconsulto
3363 3460 3609 3516 Romano

366 3535 604 3612 episcopo
662 3542 882 3605 directa,
942 3535 1041 3606 qui
1084 3535 1191 3605 fuit
1240 3537 1475 3605 quintusâ€˜
1508 3536 1733 3590 decimus
1781 3540 1901 3605 post

364 3615 608 3668 Petrum.
1460 3618 1467 3625 '

320 3736 329 3741 â€™
367 3737 575 3807 (Epist.
605 3735 683 3803 l.)
717 3758 733 3781 Î¹
754 3734 1087 3789 Audivimus
1109 3748 1342 3806 namque
1364 3732 1506 3805 apud
1530 3749 1629 3789 vos
1647 3739 1900 3788 vestros-

295 3846 403 3903 que
434 3828 648 3883 diversa
677 3824 888 3895 judicia
916 3825 1034 3879 ï¬eri
1056 3832 1110 3879 et
1139 3823 1347 3881 incerta
1372 3823 1631 3895 judicari.
1662 3824 1896 3893 Incerta,

286 3917 604 3975 charissimi
628 3916 942 3970 nullatenus
959 3914 1292 3985 judicemus,
1321 3910 1498 3984 quoad
1536 3931 1697 3985 usque
1726 3915 1902 3969 veniat

285 4005 571 4072 Dominus,
594 4004 686 4075 qui
729 4003 955 4057 latentia
978 4002 1241 4075 producet
1263 4003 1319 4056 in
1343 4003 1542 4071 lucem,
1562 4008 1610 4056 et
1630 4003 1899 4060 illumina-

290 4090 368 4144 bit
410 4089 714 4144 abscondita
764 4090 1117 4157 tenebrarum,
1172 4095 1219 4144 et
1259 4089 1621 4160 manifestabit
1674 4090 1900 4146 consilia

288 4178 535 4231 sordium
558 4178 616 4247 (Î™
650 4178 772 4233 Cor.
808 4196 885 4246 IV,
914 4180 988 4250 3).
1021 4179 1161 4246 Quia
1181 4180 1434 4251 quamvis
1464 4196 1591 4236 vera
1620 4179 1755 4249 sint,
1787 4199 1899 4239 non

289 4275 481 4321 tamen
519 4266 789 4322 credenda
835 4275 983 4335 sunt,
1015 4268 1123 4324 nisi
1167 4286 1289 4341 quae
1332 4269 1641 4327 manifestis
1673 4270 1900 4329 indiciis

289 4356 744 4426 comprobantur,
778 4356 883 4411 nisi
925 4373 1045 4427 quae
1084 4358 1375 4414 manifesto
1397 4359 1613 4430 judicio
1651 4363 1898 4420 convin-

289 4451 515 4511 cuntur,
550 4445 788 4517 nisiquae
803 4444 1100 4516 judiciario
1120 4445 1314 4501 ordine
1338 4448 1710 4519 publicentur.
1735 4453 1896 4508 Simi-

294 4534 425 4589 liter
470 4550 531 4589 ea
578 4552 676 4590 vos
720 4534 969 4606 judicare
1025 4534 1094 4591 ad
1131 4536 1485 4607 apostolicam
1538 4538 1779 4597 delatum
1815 4551 1899 4599 est

289 4625 499 4692 sedem,
525 4640 644 4696 quae
664 4633 863 4696 praeter
893 4633 1136 4680 nostram
1167 4626 1327 4682 vobis
1350 4628 1592 4685 diï¬‚inire
1626 4647 1738 4687 non
1770 4633 1898 4690 licet

288 4712 700 4778 auctoritatem,
737 4713 793 4768 id
827 4722 906 4769 est
936 4713 1317 4786 episcoporum
1347 4734 1586 4775 causam.
1624 4721 1777 4778 Unde
1821 4724 1899 4780 ita

2010 3548 2270 3623 pontifice
2299 3549 2626 3620 permissum
2672 3557 2773 3616 est,
2810 3566 2935 3604 cum
2983 3549 3141 3605 beato
3168 3549 3330 3604 Petro
3361 3552 3610 3621 apostolo

2009 3655 2120 3694 non
2149 3637 2217 3693 ab
2246 3637 2356 3694 alio
2386 3654 2550 3710 quam
2583 3638 2651 3694 ab
2682 3638 2802 3711 ipso
2821 3637 3033 3694 dictum
3054 3638 3126 3693 sit
3154 3637 3427 3695 Domino:
3462 3642 3611 3707 Qua:-

2009 3748 2209 3802 cunque
2240 3732 2485 3803 ligaveris
2506 3750 2663 3804 super
2680 3739 2897 3801 terram,
2921 3737 3076 3786 erunt
3110 3730 3271 3802 ligata
3304 3737 3350 3785 et
3378 3731 3433 3786 in
3449 3731 3609 3798 cretis;

2010 3827 2059 3875 et
2084 3838 2401 3892 quaecunque
2427 3821 2646 3877 solveris
2671 3838 2829 3892 super
2861 3827 3077 3887 terram,
3110 3826 3265 3874 erunt
3292 3821 3467 3875 soluta
3487 3825 3535 3874 et
3556 3819 3614 3872 in

2010 3911 2151 3966 caelis
2183 3912 2394 3983 (Matth.
2437 3928 2556 3979 xvr,
2608 3911 2738 3981 19)Í¾
2793 3919 2847 3965 et
2876 3909 3009 3966 alibi
3044 3908 3102 3963 in
3149 3909 3371 3965 statutis
3412 3909 3615 3980 legitur

2010 4000 2327 4070 apostolicis
2352 4019 2363 4055 :
2407 4025 2425 4047 â€¹
2457 4001 2513 4056 Si
2544 4000 2668 4073 quis
2696 3999 2973 4072 putaverit
3003 4016 3058 4056 se
3087 4014 3117 4053 a
3141 3997 3362 4072 proprio
3394 4005 3611 4053 metro-

2024 4113 2042 4135 â€¹
2081 4088 2327 4160 politano
2352 4089 2586 4158 gravari,
2620 4090 2763 4160 apud
2792 4089 3158 4160 patriarcham
3197 4088 3285 4143 vel
3316 4088 3610 4159 primatem

2024 4203 2042 4225 Î¹
2081 4177 2493 4243 diuaeeseos,aut
2503 4193 2665 4247 penes
2679 4178 3007 4232 universalis
3018 4179 3331 4247 apostolica:
3343 4178 3610 4234 Ecclesiae

2023 4292 2042 4316 Î¹
2076 4267 2357 4340 judicetur
2371 4267 2575 4323 sedem.
2596 4248 2792 4321 {Nihil
2809 4266 2961 4321 aliud
2980 4275 3081 4332 est,
3096 4266 3311 4332 fratres,
3339 4268 3468 4320 talis
3482 4284 3612 4338 pra:-

2011 4357 2252 4429 sumptio
2283 4356 2391 4412 nisi
2438 4357 2811 4428 apostolorum
2854 4370 3188 4426 suorumque
3229 4370 3612 4411 successorum

2011 4438 2276 4504 terminos
2307 4445 2632 4515 transgredi,
2665 4461 2965 4517 eorumque
2994 4442 3211 4500 decreta
3231 4443 3450 4499 violari.
3486 4443 3612 4500 Cul-

2014 4545 2213 4609 pantur
2257 4538 2427 4603 enim,
2475 4544 2536 4592 ut
2573 4535 2839 4605 scriptum
2889 4541 2989 4602 est,
3042 4533 3259 4597 fratres,
3310 4533 3406 4604 qui
3448 4531 3614 4588 aliter

2012 4628 2157 4683 circa
2185 4627 2468 4699 episcopos
2496 4624 2745 4698 judicare
2782 4632 3126 4695 praesumunt
3155 4638 3318 4694 quam
3349 4621 3609 4693 apostoli-

2011 4734 2087 4773 cae
2114 4716 2259 4772 sedis
2290 4731 2441 4787 papae
2482 4713 2601 4770 ï¬eri
2633 4713 2919 4786 placuerit.
2954 4739 2970 4761 Î¹

291 4801 671 4904 Î¿Î¿Î·Îµá¿á½¶á½¶Î¹Î¾á¿Î¹Î¹Î¹á¿Î¾-
692 4802 864 4904 liquet
893 4821 923 4857 a
953 4807 1617 4904 temporeapostolorum,
1648 4817 1703 4865 et
1732 4812 1904 4869 deinâ€”
1934 4820 1984 4879 D
2014 4837 2104 4890 Ex
2127 4833 2348 4904 ÏÏá½·ÎµÎµÎ¿Î¹Î±
2382 4830 2594 4888 Callisti
2625 4846 2799 4904 papa:Z
2836 4829 2908 4904 ad
2945 4844 3117 4904 omnes
3162 4827 3468 4904 Galliarum
3504 4842 3612 4904 Ï„Î¹Î½-Ï„

289 4907 437 4962 ceps.
467 4891 680 4947 Placuit
724 4900 785 4947 ut
809 4903 1092 4950 accusatus
1130 4897 1217 4951 vel
1250 4895 1530 4967 judicatus
1571 4918 1602 4956 a
1646 4918 1898 4976 compro-

291 4980 628 5036 vincialibus
658 4982 716 5036 in
762 4982 946 5054 aliqua
972 4999 1134 5040 causa
1174 4986 1477 5058 episcopus,
1518 4990 1748 5048 licenter
1788 5012 1898 5066 apâ€”

290 5070 462 5140 pellet
497 5078 551 5125 et
578 5071 736 5127 adeat
765 5073 1075 5143 apostolicae
1115 5073 1257 5131 sedis
1300 5077 1640 5148 pontiï¬cem,
1673 5083 1769 5153 qui
1799 5093 1897 5141 aut

288 5174 389 5229 per
417 5176 472 5213 se
524 5167 618 5214 aut
652 5177 747 5231 per
788 5162 1026 5219 vicarios
1055 5180 1182 5220 suos
1220 5163 1337 5236 ejus
1378 5173 1672 5223 retractare
1716 5188 1895 5243 nego-

291 5252 431 5302 tium
464 5257 749 5319 procuret:
783 5258 836 5306 et
874 5252 1003 5308 dum
1041 5253 1236 5309 iterato
1252 5253 1465 5325 judicio
1495 5256 1748 5327 pontifex
1768 5277 1899 5316 cau-

288 5352 403 5391 sam
436 5352 592 5391 suam
616 5336 744 5408 agit,
780 5340 966 5395 nullus
994 5342 1135 5398 alius
1160 5344 1219 5399 in
1250 5343 1371 5400 loco
1391 5343 1511 5414 ejus
1539 5353 1775 5416 ponatur
1796 5358 1895 5403 aut

289 5424 580 5480 ordinetur
609 5425 929 5498 episcopus:
966 5431 1227 5501 quoniam
1266 5449 1579 5505 quanquam
1624 5451 1893 5507 compro-

289 5512 627 5569 vincialibus
652 5515 921 5588 episcopis
942 5521 1180 5577 accusati
1196 5536 1413 5577 causam
1430 5521 1710 5593 pontiï¬cis
1737 5541 1890 5581 scru-

2087 4900 2229 4960 bium
2284 4903 2566 4976 episcopos,
2626 4902 2718 4971 qui
2769 4900 2875 4970 fuit
2932 4901 3158 4955 decimus
3201 4901 3447 4971 septimus
3494 4900 3617 4965 post

2085 4980 2326 5033 Petrum.

2090 5075 2287 5146 (Epist.
2325 5074 2438 5145 11.)
2497 5100 2514 5120 Îµ
2559 5074 2755 5130 Nullus
2786 5072 2988 5143 primas
3019 5071 3106 5122 vel
3153 5065 3613 5138 metrOpolitanus

2014 5163 2309 5219 dioecesani
2340 5163 2649 5230 ecclesiam,
2700 5163 2786 5216 vel
2821 5159 3238 5232 parochianum,
3281 5157 3367 5211 vel
3400 5154 3611 5227 aliquid

2014 5252 2133 5323 ejus
2161 5252 2456 5325 parochias,
2488 5257 2781 5323 praesumat
2812 5248 3310 5313 excommunicare,
3352 5245 3439 5299 vel
3463 5242 3608 5314 judi-

2010 5357 2156 5409 care,
2173 5340 2453 5413 aliquidve
2479 5357 2633 5412 agere
2653 5340 2855 5411 absque
2876 5338 2992 5409 ejus
3018 5335 3251 5393 cbnsilio
3272 5335 3359 5389 vel
3374 5331 3608 5406 judicio.

2013 5431 2118 5487 Sed
2145 5431 2251 5486 hoc
2280 5429 2573 5485 observent
2622 5428 2769 5499 quod
2800 5427 2869 5483 ab
2898 5425 3160 5498 apostolis
3189 5442 3251 5481 ac
3280 5424 3528 5498 patribus
3557 5434 3611 5481 et

2013 5521 2504 5597 prmdcccssoribus
2534 5520 2735 5576 nostris
2763 5525 3222 5586 eststatutum,et
3252 5533 3283 5572 a
3306 5516 3465 5572 nobis
3485 5532 3613 5572 con-

3518 186 3624 243 994
3700 250 3709 255 ,
