  <div class='ocr_page' id='page_1' title='image "/cluster/home/n/w/nwhite01/storage/ocr_20150623/124/hvd.32044054759865/503.png"; bbox 0 0 4056 6190; ppageno 0'>
   <div class='ocr_carea' id='block_1_1' title="bbox 464 225 569 283">
    <p class='ocr_par' dir='ltr' id='par_1_1' title="bbox 464 225 569 283">
     <span class='ocr_line' id='line_1_1' title="bbox 464 225 569 283; baseline -0.019 0"><span class='ocrx_word' id='word_1_1' title='bbox 464 225 569 283; x_wconf 80' lang='grc'>995</span> 
     </span>
    </p>
   </div>
   <div class='ocr_carea' id='block_1_2' title="bbox 1499 213 2728 273">
    <p class='ocr_par' dir='ltr' id='par_1_2' title="bbox 1499 213 2728 273">
     <span class='ocr_line' id='line_1_2' title="bbox 1499 213 2728 273; baseline 0 -3"><span class='ocrx_word' id='word_1_2' title='bbox 1499 214 1847 273; x_wconf 81' lang='lat' dir='ltr'>HINCMABI</span> <span class='ocrx_word' id='word_1_3' title='bbox 1885 214 2374 272; x_wconf 83' lang='lat' dir='ltr'>LAUDUNENSIS</span> <span class='ocrx_word' id='word_1_4' title='bbox 2411 213 2728 273; x_wconf 85' lang='lat' dir='ltr'>EPISCOPI</span> 
     </span>
    </p>
   </div>
   <div class='ocr_carea' id='block_1_3' title="bbox 3668 213 3774 273">
    <p class='ocr_par' dir='ltr' id='par_1_3' title="bbox 3668 213 3774 273">
     <span class='ocr_line' id='line_1_3' title="bbox 3668 213 3774 273; baseline 0 -5"><span class='ocrx_word' id='word_1_5' title='bbox 3668 213 3774 273; x_wconf 77' lang='lat'>996</span> 
     </span>
    </p>
   </div>
   <div class='ocr_carea' id='block_1_4' title="bbox 465 362 3774 445">
    <p class='ocr_par' dir='ltr' id='par_1_4' title="bbox 465 362 3774 445">
     <span class='ocr_line' id='line_1_4' title="bbox 465 362 3774 445; baseline -0.002 -18"><span class='ocrx_word' id='word_1_6' title='bbox 465 371 767 437; x_wconf 88' lang='lat' dir='ltr'>ﬁrmatum,</span> <span class='ocrx_word' id='word_1_7' title='bbox 797 367 854 424; x_wconf 89' lang='lat' dir='ltr'>id</span> <span class='ocrx_word' id='word_1_8' title='bbox 880 375 962 424; x_wconf 86' lang='lat' dir='ltr'>est</span> <span class='ocrx_word' id='word_1_9' title='bbox 986 383 997 422; x_wconf 89' lang='lat'><strong>:</strong></span> <span class='ocrx_word' id='word_1_10' title='bbox 1021 365 1077 445; x_wconf 75' lang='lat' dir='ltr'>Si</span> <span class='ocrx_word' id='word_1_11' title='bbox 1110 364 1233 437; x_wconf 85' lang='lat' dir='ltr'>quis</span> <span class='ocrx_word' id='word_1_12' title='bbox 1261 367 1719 438; x_wconf 88' lang='lat' dir='ltr'>metropolitanus</span> <span class='ocrx_word' id='word_1_13' title='bbox 1746 366 2055 438; x_wconf 81' lang='lat' dir='ltr'>episcOpus,</span> <span class='ocrx_word' id='word_1_14' title='bbox 2084 369 2135 427; x_wconf 86' lang='grc' dir='ltr'><strong>Α</strong></span> <span class='ocrx_word' id='word_1_15' title='bbox 2166 366 2387 421; x_wconf 90' lang='lat' dir='ltr'>irritum</span> <span class='ocrx_word' id='word_1_16' title='bbox 2418 362 2684 423; x_wconf 84' lang='lat' dir='ltr'>habeatur</span> <span class='ocrx_word' id='word_1_17' title='bbox 2704 372 2759 420; x_wconf 89' lang='lat' dir='ltr'>et</span> <span class='ocrx_word' id='word_1_18' title='bbox 2788 380 3042 421; x_wconf 86' lang='lat' dir='ltr'>vacuum.</span> <span class='ocrx_word' id='word_1_19' title='bbox 3073 362 3345 419; x_wconf 73' lang='lat' dir='ltr'>Similiter</span> <span class='ocrx_word' id='word_1_20' title='bbox 3367 370 3555 420; x_wconf 85' lang='lat' dir='ltr'>autem</span> <span class='ocrx_word' id='word_1_21' title='bbox 3585 373 3774 422; x_wconf 84' lang='lat' dir='ltr'>aucto-</span> 
     </span>
    </p>
   </div>
   <div class='ocr_carea' id='block_1_5' title="bbox 464 462 2058 538">
    <p class='ocr_par' dir='ltr' id='par_1_5' title="bbox 464 462 2058 538">
     <span class='ocr_line' id='line_1_5' title="bbox 464 462 2058 538; baseline -0.003 -17"><span class='ocrx_word' id='word_1_22' title='bbox 464 465 573 522; x_wconf 89' lang='lat' dir='ltr'>nisi</span> <span class='ocrx_word' id='word_1_23' title='bbox 612 465 757 538; x_wconf 91' lang='lat' dir='ltr'>quod</span> <span class='ocrx_word' id='word_1_24' title='bbox 804 463 870 519; x_wconf 90' lang='lat' dir='ltr'>ad</span> <span class='ocrx_word' id='word_1_25' title='bbox 918 479 1071 519; x_wconf 87' lang='lat' dir='ltr'>suam</span> <span class='ocrx_word' id='word_1_26' title='bbox 1111 462 1461 517; x_wconf 86' lang='lat' dir='ltr'>solummodo</span> <span class='ocrx_word' id='word_1_27' title='bbox 1492 463 1768 533; x_wconf 84' lang='lat' dir='ltr'>prepriam</span> <span class='ocrx_word' id='word_1_28' title='bbox 1824 462 2058 533; x_wconf 86' lang='lat' dir='ltr'>pertinet</span> 
     </span>
    </p>
   </div>
   <div class='ocr_carea' id='block_1_6' title="bbox 464 553 2058 631">
    <p class='ocr_par' dir='ltr' id='par_1_6' title="bbox 464 553 2058 631">
     <span class='ocr_line' id='line_1_6' title="bbox 464 553 2058 631; baseline -0.004 -17"><span class='ocrx_word' id='word_1_29' title='bbox 464 557 799 631; x_wconf 83' lang='lat' dir='ltr'>parochiam,</span> <span class='ocrx_word' id='word_1_30' title='bbox 831 555 951 610; x_wconf 87' lang='lat' dir='ltr'>sine</span> <span class='ocrx_word' id='word_1_31' title='bbox 978 555 1210 610; x_wconf 88' lang='lat' dir='ltr'>consilio</span> <span class='ocrx_word' id='word_1_32' title='bbox 1231 561 1284 608; x_wconf 90' lang='lat' dir='ltr'>et</span> <span class='ocrx_word' id='word_1_33' title='bbox 1314 555 1597 608; x_wconf 74' lang='lat' dir='ltr'>voluntate</span> <span class='ocrx_word' id='word_1_34' title='bbox 1625 553 2058 624; x_wconf 87' lang='lat' dir='ltr'>comprovincia-</span> 
     </span>
    </p>
   </div>
   <div class='ocr_carea' id='block_1_7' title="bbox 466 644 2055 722">
    <p class='ocr_par' dir='ltr' id='par_1_7' title="bbox 466 644 2055 722">
     <span class='ocr_line' id='line_1_7' title="bbox 466 644 2055 722; baseline -0.005 -17"><span class='ocrx_word' id='word_1_35' title='bbox 466 651 599 705; x_wconf 89' lang='lat' dir='ltr'>lium</span> <span class='ocrx_word' id='word_1_36' title='bbox 647 649 1024 722; x_wconf 88' lang='lat' dir='ltr'>episcoporum</span> <span class='ocrx_word' id='word_1_37' title='bbox 1074 655 1230 701; x_wconf 77' lang='lat' dir='ltr'>extra</span> <span class='ocrx_word' id='word_1_38' title='bbox 1284 644 1495 717; x_wconf 85' lang='lat' dir='ltr'>aliquid</span> <span class='ocrx_word' id='word_1_39' title='bbox 1543 660 1699 713; x_wconf 83' lang='lat' dir='ltr'>agere</span> <span class='ocrx_word' id='word_1_40' title='bbox 1742 644 2055 711; x_wconf 86' lang='lat' dir='ltr'>tentaverit,</span> 
     </span>
    </p>
   </div>
   <div class='ocr_carea' id='block_1_8' title="bbox 464 733 2057 811">
    <p class='ocr_par' dir='ltr' id='par_1_8' title="bbox 464 733 2057 811">
     <span class='ocr_line' id='line_1_8' title="bbox 464 733 2057 811; baseline -0.005 -17"><span class='ocrx_word' id='word_1_41' title='bbox 464 740 660 811; x_wconf 88' lang='lat' dir='ltr'>gradus</span> <span class='ocrx_word' id='word_1_42' title='bbox 674 738 759 793; x_wconf 89' lang='lat' dir='ltr'>sui</span> <span class='ocrx_word' id='word_1_43' title='bbox 782 736 1027 809; x_wconf 86' lang='lat' dir='ltr'>periculo</span> <span class='ocrx_word' id='word_1_44' title='bbox 1055 734 1378 806; x_wconf 88' lang='lat' dir='ltr'>subjacebit,</span> <span class='ocrx_word' id='word_1_45' title='bbox 1406 743 1459 789; x_wconf 91' lang='lat' dir='ltr'>et</span> <span class='ocrx_word' id='word_1_46' title='bbox 1479 734 1625 806; x_wconf 89' lang='lat' dir='ltr'>quod</span> <span class='ocrx_word' id='word_1_47' title='bbox 1646 733 1815 800; x_wconf 73' lang='lat' dir='ltr'>egerit.</span> <span class='ocrx_word' id='word_1_48' title='bbox 1840 733 2057 787; x_wconf 89' lang='lat' dir='ltr'>irritum</span> 
     </span>
    </p>
   </div>
   <div class='ocr_carea' id='block_1_9' title="bbox 463 822 2059 897">
    <p class='ocr_par' dir='ltr' id='par_1_9' title="bbox 463 822 2059 897">
     <span class='ocr_line' id='line_1_9' title="bbox 463 822 2059 897; baseline -0.003 -16"><span class='ocrx_word' id='word_1_49' title='bbox 463 826 730 883; x_wconf 81' lang='lat' dir='ltr'>habeatur</span> <span class='ocrx_word' id='word_1_50' title='bbox 759 835 812 881; x_wconf 89' lang='lat' dir='ltr'>et</span> <span class='ocrx_word' id='word_1_51' title='bbox 841 842 1099 882; x_wconf 87' lang='lat' dir='ltr'>vacuum.</span> <span class='ocrx_word' id='word_1_52' title='bbox 1120 824 1221 879; x_wconf 89' lang='lat' dir='ltr'>Sed</span> <span class='ocrx_word' id='word_1_53' title='bbox 1254 823 1522 897; x_wconf 84' lang='lat' dir='ltr'>quidquid</span> <span class='ocrx_word' id='word_1_54' title='bbox 1548 822 1615 878; x_wconf 87' lang='lat' dir='ltr'>de</span> <span class='ocrx_word' id='word_1_55' title='bbox 1637 822 2059 891; x_wconf 79' lang='lat' dir='ltr'>provincialium</span> 
     </span>
    </p>
   </div>
   <div class='ocr_carea' id='block_1_10' title="bbox 462 912 2059 987">
    <p class='ocr_par' dir='ltr' id='par_1_10' title="bbox 462 912 2059 987">
     <span class='ocr_line' id='line_1_10' title="bbox 462 912 2059 987; baseline -0.005 -15"><span class='ocrx_word' id='word_1_56' title='bbox 462 916 906 987; x_wconf 88' lang='lat' dir='ltr'>coepiscoporum</span> <span class='ocrx_word' id='word_1_57' title='bbox 964 913 1165 982; x_wconf 84' lang='lat' dir='ltr'>causis,</span> <span class='ocrx_word' id='word_1_58' title='bbox 1226 929 1523 984; x_wconf 87' lang='lat' dir='ltr'>eorumque</span> <span class='ocrx_word' id='word_1_59' title='bbox 1585 912 1949 967; x_wconf 87' lang='lat' dir='ltr'>Ecclesiarum</span> <span class='ocrx_word' id='word_1_60' title='bbox 2006 918 2059 965; x_wconf 88' lang='lat' dir='ltr'>et</span> 
     </span>
    </p>
   </div>
   <div class='ocr_carea' id='block_1_11' title="bbox 461 1001 2059 1078">
    <p class='ocr_par' dir='ltr' id='par_1_11' title="bbox 461 1001 2059 1078">
     <span class='ocr_line' id='line_1_11' title="bbox 461 1001 2059 1078; baseline -0.003 -18"><span class='ocrx_word' id='word_1_61' title='bbox 461 1006 808 1073; x_wconf 88' lang='lat' dir='ltr'>clericorum,</span> <span class='ocrx_word' id='word_1_62' title='bbox 865 1013 1027 1078; x_wconf 87' lang='lat' dir='ltr'>atque</span> <span class='ocrx_word' id='word_1_63' title='bbox 1062 1004 1404 1059; x_wconf 67' lang='lat' dir='ltr'>saecularium</span> <span class='ocrx_word' id='word_1_64' title='bbox 1450 1001 1865 1057; x_wconf 66' lang='lat' dir='ltr'>necessitatibus</span> <span class='ocrx_word' id='word_1_65' title='bbox 1903 1017 2059 1070; x_wconf 75' lang='lat' dir='ltr'>agere</span> 
     </span>
    </p>
   </div>
   <div class='ocr_carea' id='block_1_12' title="bbox 461 1093 2056 1165">
    <p class='ocr_par' dir='ltr' id='par_1_12' title="bbox 461 1093 2056 1165">
     <span class='ocr_line' id='line_1_12' title="bbox 461 1093 2056 1165; baseline -0.001 -17"><span class='ocrx_word' id='word_1_66' title='bbox 461 1102 555 1149; x_wconf 91' lang='lat' dir='ltr'>aut</span> <span class='ocrx_word' id='word_1_67' title='bbox 584 1094 874 1165; x_wconf 86' lang='lat' dir='ltr'>disponere</span> <span class='ocrx_word' id='word_1_68' title='bbox 906 1110 1122 1149; x_wconf 76' lang='lat' dir='ltr'>necesse</span> <span class='ocrx_word' id='word_1_69' title='bbox 1155 1094 1339 1159; x_wconf 89' lang='lat' dir='ltr'>fuerit,</span> <span class='ocrx_word' id='word_1_70' title='bbox 1374 1093 1479 1147; x_wconf 91' lang='lat' dir='ltr'>hoc</span> <span class='ocrx_word' id='word_1_71' title='bbox 1507 1108 1631 1147; x_wconf 91' lang='lat' dir='ltr'>cum</span> <span class='ocrx_word' id='word_1_72' title='bbox 1656 1093 1905 1146; x_wconf 88' lang='lat' dir='ltr'>omnium</span> <span class='ocrx_word' id='word_1_73' title='bbox 1931 1108 2056 1147; x_wconf 94' lang='lat' dir='ltr'>con-</span> 
     </span>
    </p>
   </div>
   <div class='ocr_carea' id='block_1_13' title="bbox 461 1182 2056 1254">
    <p class='ocr_par' dir='ltr' id='par_1_13' title="bbox 461 1182 2056 1254">
     <span class='ocr_line' id='line_1_13' title="bbox 461 1182 2056 1254; baseline -0.001 -17"><span class='ocrx_word' id='word_1_74' title='bbox 461 1199 621 1238; x_wconf 90' lang='lat' dir='ltr'>sensu</span> <span class='ocrx_word' id='word_1_75' title='bbox 643 1183 1197 1253; x_wconf 71' lang='lat' dir='ltr'>comprovincialium</span> <span class='ocrx_word' id='word_1_76' title='bbox 1227 1191 1419 1254; x_wconf 81' lang='lat' dir='ltr'>agatur</span> <span class='ocrx_word' id='word_1_77' title='bbox 1451 1183 1795 1254; x_wconf 81' lang='lat' dir='ltr'>pontificum,</span> <span class='ocrx_word' id='word_1_78' title='bbox 1830 1199 1938 1237; x_wconf 89' lang='lat' dir='ltr'>non</span> <span class='ocrx_word' id='word_1_79' title='bbox 1960 1182 2056 1237; x_wconf 88' lang='lat' dir='ltr'>ali-</span> 
     </span>
    </p>
   </div>
   <div class='ocr_carea' id='block_1_14' title="bbox 459 1271 2058 1344">
    <p class='ocr_par' dir='ltr' id='par_1_14' title="bbox 459 1271 2058 1344">
     <span class='ocr_line' id='line_1_14' title="bbox 459 1271 2058 1344; baseline -0.001 -17"><span class='ocrx_word' id='word_1_80' title='bbox 459 1289 567 1344; x_wconf 90' lang='lat' dir='ltr'>quo</span> <span class='ocrx_word' id='word_1_81' title='bbox 606 1272 1004 1327; x_wconf 84' lang='lat' dir='ltr'>dominationis</span> <span class='ocrx_word' id='word_1_82' title='bbox 1034 1273 1199 1340; x_wconf 84' lang='lat' dir='ltr'>fastu,</span> <span class='ocrx_word' id='word_1_83' title='bbox 1241 1272 1334 1327; x_wconf 87' lang='lat' dir='ltr'>sed</span> <span class='ocrx_word' id='word_1_84' title='bbox 1365 1273 1678 1327; x_wconf 87' lang='lat' dir='ltr'>humillima</span> <span class='ocrx_word' id='word_1_85' title='bbox 1715 1281 1768 1327; x_wconf 86' lang='lat' dir='ltr'>et</span> <span class='ocrx_word' id='word_1_86' title='bbox 1797 1271 2058 1327; x_wconf 90' lang='lat' dir='ltr'>concordi</span> 
     </span>
    </p>
   </div>
   <div class='ocr_carea' id='block_1_15' title="bbox 458 1360 2059 1430">
    <p class='ocr_par' dir='ltr' id='par_1_15' title="bbox 458 1360 2059 1430">
     <span class='ocr_line' id='line_1_15' title="bbox 458 1360 2059 1430; baseline 0.001 -15"><span class='ocrx_word' id='word_1_87' title='bbox 458 1360 954 1430; x_wconf 87' lang='lat' dir='ltr'>administratione,</span> <span class='ocrx_word' id='word_1_88' title='bbox 988 1361 1130 1416; x_wconf 89' lang='lat' dir='ltr'>sicut</span> <span class='ocrx_word' id='word_1_89' title='bbox 1158 1362 1428 1416; x_wconf 88' lang='lat' dir='ltr'>Dominus</span> <span class='ocrx_word' id='word_1_90' title='bbox 1458 1361 1533 1416; x_wconf 85' lang='lat' dir='ltr'>ait</span> <span class='ocrx_word' id='word_1_91' title='bbox 1560 1380 1570 1416; x_wconf 89' lang='lat'>:</span> <span class='ocrx_word' id='word_1_92' title='bbox 1602 1362 1717 1417; x_wconf 85' lang='lat' dir='ltr'>Non</span> <span class='ocrx_word' id='word_1_93' title='bbox 1748 1362 1865 1415; x_wconf 68' lang='lat' dir='ltr'>aeni</span> <span class='ocrx_word' id='word_1_94' title='bbox 1892 1362 2059 1416; x_wconf 83' lang='lat' dir='ltr'>mini-</span> 
     </span>
    </p>
   </div>
   <div class='ocr_carea' id='block_1_16' title="bbox 457 1451 2060 1520">
    <p class='ocr_par' dir='ltr' id='par_1_16' title="bbox 457 1451 2060 1520">
     <span class='ocr_line' id='line_1_16' title="bbox 457 1451 2060 1520; baseline 0.001 -15"><span class='ocrx_word' id='word_1_95' title='bbox 457 1452 646 1520; x_wconf 84' lang='lat' dir='ltr'>strari,</span> <span class='ocrx_word' id='word_1_96' title='bbox 676 1452 762 1507; x_wconf 82' lang='lat' dir='ltr'>sed</span> <span class='ocrx_word' id='word_1_97' title='bbox 792 1453 1096 1507; x_wconf 83' lang='lat' dir='ltr'>ministrare</span> <span class='ocrx_word' id='word_1_98' title='bbox 1124 1453 1335 1519; x_wconf 84' lang='lat' dir='ltr'>(Matth.</span> <span class='ocrx_word' id='word_1_99' title='bbox 1369 1469 1469 1518; x_wconf 84' lang='lat' dir='ltr'>xx,</span> <span class='ocrx_word' id='word_1_100' title='bbox 1500 1451 1592 1519; x_wconf 78' lang='grc'>26)</span> <span class='ocrx_word' id='word_1_101' title='bbox 1618 1470 1638 1517; x_wconf 89' lang='lat'><em>;</em></span> <span class='ocrx_word' id='word_1_102' title='bbox 1666 1459 1716 1506; x_wconf 87' lang='lat' dir='ltr'>et</span> <span class='ocrx_word' id='word_1_103' title='bbox 1749 1451 1881 1506; x_wconf 82' lang='lat' dir='ltr'>alibi</span> <span class='ocrx_word' id='word_1_104' title='bbox 1907 1470 1918 1507; x_wconf 91' lang='lat'>:</span> <span class='ocrx_word' id='word_1_105' title='bbox 1957 1453 2060 1520; x_wconf 80' lang='lat' dir='ltr'>Qui</span> 
     </span>
    </p>
   </div>
   <div class='ocr_carea' id='block_1_17' title="bbox 456 1542 2058 1615">
    <p class='ocr_par' dir='ltr' id='par_1_17' title="bbox 456 1542 2058 1615">
     <span class='ocr_line' id='line_1_17' title="bbox 456 1542 2058 1615; baseline 0.001 -16"><span class='ocrx_word' id='word_1_106' title='bbox 456 1544 635 1614; x_wconf 85' lang='lat' dir='ltr'>major</span> <span class='ocrx_word' id='word_1_107' title='bbox 656 1551 735 1599; x_wconf 86' lang='lat' dir='ltr'>est</span> <span class='ocrx_word' id='word_1_108' title='bbox 750 1551 1001 1612; x_wconf 82' lang='lat' dir='ltr'>vestrum,</span> <span class='ocrx_word' id='word_1_109' title='bbox 1020 1544 1120 1599; x_wconf 85' lang='lat' dir='ltr'>erit</span> <span class='ocrx_word' id='word_1_110' title='bbox 1140 1544 1380 1598; x_wconf 76' lang='lat' dir='ltr'>minister</span> <span class='ocrx_word' id='word_1_111' title='bbox 1400 1550 1565 1598; x_wconf 79' lang='lat' dir='ltr'>vester</span> <span class='ocrx_word' id='word_1_112' title='bbox 1584 1542 1734 1614; x_wconf 82' lang='lat' dir='ltr'>(ibid.</span> <span class='ocrx_word' id='word_1_113' title='bbox 1750 1588 1761 1611; x_wconf 91' lang='lat'>,</span> <span class='ocrx_word' id='word_1_114' title='bbox 1777 1561 1914 1599; x_wconf 80' lang='lat' dir='ltr'>vers.</span> <span class='ocrx_word' id='word_1_115' title='bbox 1939 1544 2058 1615; x_wconf 77' lang='lat'>28),</span> 
     </span>
    </p>
   </div>
   <div class='ocr_carea' id='block_1_18' title="bbox 457 1633 2057 1708">
    <p class='ocr_par' dir='ltr' id='par_1_18' title="bbox 457 1633 2057 1708">
     <span class='ocr_line' id='line_1_18' title="bbox 457 1633 2057 1708; baseline -0.001 -19"><span class='ocrx_word' id='word_1_116' title='bbox 457 1642 509 1689; x_wconf 86' lang='lat' dir='ltr'>et</span> <span class='ocrx_word' id='word_1_117' title='bbox 526 1635 756 1708; x_wconf 88' lang='lat' dir='ltr'>reliqua.</span> <span class='ocrx_word' id='word_1_118' title='bbox 779 1660 797 1682; x_wconf 79' lang='grc'><strong>›</strong></span> <span class='ocrx_word' id='word_1_119' title='bbox 825 1636 955 1689; x_wconf 83' lang='lat' dir='ltr'>Item</span> <span class='ocrx_word' id='word_1_120' title='bbox 970 1633 1104 1688; x_wconf 82' lang='lat' dir='ltr'>unde</span> <span class='ocrx_word' id='word_1_121' title='bbox 1123 1650 1312 1705; x_wconf 79' lang='lat' dir='ltr'>supra,</span> <span class='ocrx_word' id='word_1_122' title='bbox 1331 1635 1391 1688; x_wconf 81' lang='lat' dir='ltr'>de</span> <span class='ocrx_word' id='word_1_123' title='bbox 1406 1633 1723 1705; x_wconf 80' lang='lat' dir='ltr'>primatibus</span> <span class='ocrx_word' id='word_1_124' title='bbox 1744 1640 1789 1687; x_wconf 88' lang='lat' dir='ltr'>et</span> <span class='ocrx_word' id='word_1_125' title='bbox 1808 1640 2057 1706; x_wconf 87' lang='lat' dir='ltr'>metropo-</span> 
     </span>
    </p>
   </div>
   <div class='ocr_carea' id='block_1_19' title="bbox 458 1721 2061 1793">
    <p class='ocr_par' dir='ltr' id='par_1_19' title="bbox 458 1721 2061 1793">
     <span class='ocr_line' id='line_1_19' title="bbox 458 1721 2061 1793; baseline 0.001 -17"><span class='ocrx_word' id='word_1_126' title='bbox 458 1722 637 1776; x_wconf 84' lang='lat' dir='ltr'>litanis</span> <span class='ocrx_word' id='word_1_127' title='bbox 661 1722 1005 1793; x_wconf 84' lang='lat' dir='ltr'>(ibidempost</span> <span class='ocrx_word' id='word_1_128' title='bbox 1032 1721 1194 1791; x_wconf 84' lang='lat' dir='ltr'>alia).</span> <span class='ocrx_word' id='word_1_129' title='bbox 1237 1745 1256 1768; x_wconf 78' lang='grc' dir='ltr'>ι</span> <span class='ocrx_word' id='word_1_130' title='bbox 1279 1722 1473 1777; x_wconf 90' lang='lat' dir='ltr'>Nullus</span> <span class='ocrx_word' id='word_1_131' title='bbox 1493 1722 1716 1793; x_wconf 90' lang='lat' dir='ltr'>primas,</span> <span class='ocrx_word' id='word_1_132' title='bbox 1743 1722 1928 1777; x_wconf 86' lang='lat' dir='ltr'>nullus</span> <span class='ocrx_word' id='word_1_133' title='bbox 1950 1739 2061 1777; x_wconf 82' lang='lat' dir='ltr'>me-</span> 
     </span>
    </p>
   </div>
   <div class='ocr_carea' id='block_1_20' title="bbox 454 1811 2043 1884">
    <p class='ocr_par' dir='ltr' id='par_1_20' title="bbox 454 1811 2043 1884">
     <span class='ocr_line' id='line_1_20' title="bbox 454 1811 2043 1884; baseline 0.001 -18"><span class='ocrx_word' id='word_1_134' title='bbox 454 1812 839 1884; x_wconf 90' lang='lat' dir='ltr'>tropolitanus,</span> <span class='ocrx_word' id='word_1_135' title='bbox 900 1812 1191 1883; x_wconf 88' lang='lat' dir='ltr'>nullusque</span> <span class='ocrx_word' id='word_1_136' title='bbox 1236 1812 1573 1883; x_wconf 89' lang='lat' dir='ltr'>reliquorum</span> <span class='ocrx_word' id='word_1_137' title='bbox 1640 1811 2043 1883; x_wconf 88' lang='lat' dir='ltr'>episcoporum,</span> 
     </span>
    </p>
   </div>
   <div class='ocr_carea' id='block_1_21' title="bbox 452 1901 2043 1978">
    <p class='ocr_par' dir='ltr' id='par_1_21' title="bbox 452 1901 2043 1978">
     <span class='ocr_line' id='line_1_21' title="bbox 452 1901 2043 1978; baseline 0.005 -24"><span class='ocrx_word' id='word_1_138' title='bbox 452 1902 678 1957; x_wconf 89' lang='lat' dir='ltr'>alterius</span> <span class='ocrx_word' id='word_1_139' title='bbox 689 1903 847 1956; x_wconf 88' lang='lat' dir='ltr'>adeat</span> <span class='ocrx_word' id='word_1_140' title='bbox 866 1902 1166 1968; x_wconf 84' lang='lat' dir='ltr'>civitatem,</span> <span class='ocrx_word' id='word_1_141' title='bbox 1192 1909 1285 1956; x_wconf 89' lang='lat' dir='ltr'>aut</span> <span class='ocrx_word' id='word_1_142' title='bbox 1304 1901 1369 1956; x_wconf 89' lang='lat' dir='ltr'>ad</span> <span class='ocrx_word' id='word_1_143' title='bbox 1393 1903 1785 1972; x_wconf 85' lang='lat' dir='ltr'>possessionem</span> <span class='ocrx_word' id='word_1_144' title='bbox 1803 1906 2043 1978; x_wconf 88' lang='lat' dir='ltr'>accedat,</span> 
     </span>
    </p>
   </div>
   <div class='ocr_carea' id='block_1_22' title="bbox 452 1990 2045 2065">
    <p class='ocr_par' dir='ltr' id='par_1_22' title="bbox 452 1990 2045 2065">
     <span class='ocr_line' id='line_1_22' title="bbox 452 1990 2045 2065; baseline 0.004 -21"><span class='ocrx_word' id='word_1_145' title='bbox 452 2005 572 2059; x_wconf 63' lang='lat' dir='ltr'>quae</span> <span class='ocrx_word' id='word_1_146' title='bbox 600 1990 663 2044; x_wconf 85' lang='lat' dir='ltr'>ad</span> <span class='ocrx_word' id='word_1_147' title='bbox 704 2007 829 2044; x_wconf 88' lang='lat' dir='ltr'>eum</span> <span class='ocrx_word' id='word_1_148' title='bbox 861 2006 972 2044; x_wconf 93' lang='lat' dir='ltr'>non</span> <span class='ocrx_word' id='word_1_149' title='bbox 1020 1991 1277 2062; x_wconf 82' lang='lat' dir='ltr'>pertinet,</span> <span class='ocrx_word' id='word_1_150' title='bbox 1323 1998 1375 2044; x_wconf 90' lang='lat' dir='ltr'>et</span> <span class='ocrx_word' id='word_1_151' title='bbox 1417 1992 1642 2047; x_wconf 87' lang='lat' dir='ltr'>alterius</span> <span class='ocrx_word' id='word_1_152' title='bbox 1681 1995 1920 2065; x_wconf 82' lang='lat' dir='ltr'>episcopi</span> <span class='ocrx_word' id='word_1_153' title='bbox 1966 2006 2045 2051; x_wconf 82' lang='lat' dir='ltr'>est.</span> 
     </span>
    </p>
   </div>
   <div class='ocr_carea' id='block_1_23' title="bbox 448 2076 2042 2150">
    <p class='ocr_par' dir='ltr' id='par_1_23' title="bbox 448 2076 2042 2150">
     <span class='ocr_line' id='line_1_23' title="bbox 448 2076 2042 2150; baseline 0.004 -19"><span class='ocrx_word' id='word_1_154' title='bbox 448 2077 743 2148; x_wconf 61' lang='lat' dir='ltr'>parochias,</span> <span class='ocrx_word' id='word_1_155' title='bbox 776 2093 938 2147; x_wconf 87' lang='lat' dir='ltr'>super</span> <span class='ocrx_word' id='word_1_156' title='bbox 967 2076 1287 2148; x_wconf 85' lang='lat' dir='ltr'>cujusquam</span> <span class='ocrx_word' id='word_1_157' title='bbox 1322 2078 1705 2150; x_wconf 88' lang='lat' dir='ltr'>dispositione,</span> <span class='ocrx_word' id='word_1_158' title='bbox 1740 2082 1845 2136; x_wconf 89' lang='lat' dir='ltr'>nisi</span> <span class='ocrx_word' id='word_1_159' title='bbox 1887 2100 2042 2139; x_wconf 88' lang='lat' dir='ltr'>voca-</span> 
     </span>
    </p>
   </div>
   <div class='ocr_carea' id='block_1_24' title="bbox 396 2165 2041 2243">
    <p class='ocr_par' dir='ltr' id='par_1_24' title="bbox 396 2165 2041 2243">
     <span class='ocr_line' id='line_1_24' title="bbox 396 2165 2041 2243; baseline 0.005 -24"><span class='ocrx_word' id='word_1_160' title='bbox 396 2212 399 2219; x_wconf 97' lang='lat'>.</span> <span class='ocrx_word' id='word_1_161' title='bbox 450 2174 537 2221; x_wconf 90' lang='lat' dir='ltr'>tus</span> <span class='ocrx_word' id='word_1_162' title='bbox 566 2165 633 2220; x_wconf 85' lang='lat' dir='ltr'>ab</span> <span class='ocrx_word' id='word_1_163' title='bbox 676 2181 739 2219; x_wconf 91' lang='lat' dir='ltr'>eo</span> <span class='ocrx_word' id='word_1_164' title='bbox 783 2165 940 2237; x_wconf 90' lang='lat' dir='ltr'>cujus</span> <span class='ocrx_word' id='word_1_165' title='bbox 961 2165 1104 2237; x_wconf 91' lang='lat' dir='ltr'>juris</span> <span class='ocrx_word' id='word_1_166' title='bbox 1136 2182 1249 2221; x_wconf 90' lang='lat' dir='ltr'>esse</span> <span class='ocrx_word' id='word_1_167' title='bbox 1293 2167 1654 2239; x_wconf 84' lang='lat' dir='ltr'>dignoscitur,</span> <span class='ocrx_word' id='word_1_168' title='bbox 1688 2179 1749 2225; x_wconf 90' lang='lat' dir='ltr'>ut</span> <span class='ocrx_word' id='word_1_169' title='bbox 1781 2172 2041 2243; x_wconf 78' lang='lat' dir='ltr'>quiddam</span> 
     </span>
    </p>
   </div>
   <div class='ocr_carea' id='block_1_25' title="bbox 451 2253 2044 2332">
    <p class='ocr_par' dir='ltr' id='par_1_25' title="bbox 451 2253 2044 2332">
     <span class='ocr_line' id='line_1_25' title="bbox 451 2253 2044 2332; baseline 0.006 -25"><span class='ocrx_word' id='word_1_170' title='bbox 451 2253 524 2308; x_wconf 87' lang='lat' dir='ltr'>ibi</span> <span class='ocrx_word' id='word_1_171' title='bbox 559 2254 813 2325; x_wconf 86' lang='lat' dir='ltr'>disponat</span> <span class='ocrx_word' id='word_1_172' title='bbox 845 2256 932 2309; x_wconf 89' lang='lat' dir='ltr'>vel</span> <span class='ocrx_word' id='word_1_173' title='bbox 980 2254 1216 2323; x_wconf 88' lang='lat' dir='ltr'>ordinet,</span> <span class='ocrx_word' id='word_1_174' title='bbox 1248 2264 1342 2311; x_wconf 89' lang='lat' dir='ltr'>aut</span> <span class='ocrx_word' id='word_1_175' title='bbox 1370 2256 1596 2326; x_wconf 83' lang='lat' dir='ltr'>judieet,</span> <span class='ocrx_word' id='word_1_176' title='bbox 1645 2261 1689 2315; x_wconf 90' lang='lat' dir='ltr'>si</span> <span class='ocrx_word' id='word_1_177' title='bbox 1733 2261 1818 2315; x_wconf 90' lang='lat' dir='ltr'>sui</span> <span class='ocrx_word' id='word_1_178' title='bbox 1846 2261 2044 2332; x_wconf 84' lang='lat' dir='ltr'>gradus</span> 
     </span>
    </p>
   </div>
   <div class='ocr_carea' id='block_1_26' title="bbox 450 2340 2038 2421">
    <p class='ocr_par' dir='ltr' id='par_1_26' title="bbox 450 2340 2038 2421">
     <span class='ocr_line' id='line_1_26' title="bbox 450 2340 2038 2421; baseline 0.008 -27"><span class='ocrx_word' id='word_1_179' title='bbox 450 2340 656 2397; x_wconf 84' lang='lat' dir='ltr'>honore</span> <span class='ocrx_word' id='word_1_180' title='bbox 713 2342 880 2414; x_wconf 89' lang='lat' dir='ltr'>potiri</span> <span class='ocrx_word' id='word_1_181' title='bbox 932 2344 1188 2399; x_wconf 89' lang='lat' dir='ltr'>voluerit.</span> <span class='ocrx_word' id='word_1_182' title='bbox 1246 2344 1341 2399; x_wconf 90' lang='lat' dir='ltr'>Sin</span> <span class='ocrx_word' id='word_1_183' title='bbox 1400 2347 1559 2401; x_wconf 84' lang='lat' dir='ltr'>aliter</span> <span class='ocrx_word' id='word_1_184' title='bbox 1611 2353 2038 2421; x_wconf 76' lang='lat' dir='ltr'>praesumpserit,</span> 
     </span>
    </p>
   </div>
   <div class='ocr_carea' id='block_1_27' title="bbox 448 2430 2044 2511">
    <p class='ocr_par' dir='ltr' id='par_1_27' title="bbox 448 2430 2044 2511">
     <span class='ocr_line' id='line_1_27' title="bbox 448 2430 2044 2511; baseline 0.007 -26"><span class='ocrx_word' id='word_1_185' title='bbox 448 2430 837 2487; x_wconf 87' lang='lat' dir='ltr'>damnabitur:</span> <span class='ocrx_word' id='word_1_186' title='bbox 896 2441 950 2487; x_wconf 90' lang='lat' dir='ltr'>et</span> <span class='ocrx_word' id='word_1_187' title='bbox 988 2449 1099 2487; x_wconf 90' lang='lat' dir='ltr'>non</span> <span class='ocrx_word' id='word_1_188' title='bbox 1153 2435 1330 2489; x_wconf 81' lang='lat' dir='ltr'>solum</span> <span class='ocrx_word' id='word_1_189' title='bbox 1379 2436 1493 2503; x_wconf 89' lang='lat' dir='ltr'>ille,</span> <span class='ocrx_word' id='word_1_190' title='bbox 1550 2437 1642 2492; x_wconf 86' lang='lat' dir='ltr'>sed</span> <span class='ocrx_word' id='word_1_191' title='bbox 1691 2449 2044 2511; x_wconf 87' lang='lat' dir='ltr'>cooperantes</span> 
     </span>
    </p>
   </div>
   <div class='ocr_carea' id='block_1_28' title="bbox 448 2518 2042 2594">
    <p class='ocr_par' dir='ltr' id='par_1_28' title="bbox 448 2518 2042 2594">
     <span class='ocr_line' id='line_1_28' title="bbox 448 2518 2042 2594; baseline 0.008 -23"><span class='ocrx_word' id='word_1_192' title='bbox 448 2518 606 2589; x_wconf 85' lang='lat' dir='ltr'>eique</span> <span class='ocrx_word' id='word_1_193' title='bbox 634 2521 1079 2589; x_wconf 87' lang='lat' dir='ltr'>consentientes;</span> <span class='ocrx_word' id='word_1_194' title='bbox 1110 2524 1239 2594; x_wconf 86' lang='lat' dir='ltr'>quia</span> <span class='ocrx_word' id='word_1_195' title='bbox 1270 2524 1412 2580; x_wconf 89' lang='lat' dir='ltr'>sicut</span> <span class='ocrx_word' id='word_1_196' title='bbox 1451 2525 1748 2593; x_wconf 88' lang='lat' dir='ltr'>ordinatio,</span> <span class='ocrx_word' id='word_1_197' title='bbox 1785 2528 1861 2582; x_wconf 91' lang='lat' dir='ltr'>ita</span> <span class='ocrx_word' id='word_1_198' title='bbox 1886 2530 1964 2584; x_wconf 90' lang='lat' dir='ltr'>eis</span> <span class='ocrx_word' id='word_1_199' title='bbox 1990 2537 2042 2584; x_wconf 90' lang='lat' dir='ltr'>et</span> 
     </span>
    </p>
   </div>
   <div class='ocr_carea' id='block_1_29' title="bbox 442 2605 2039 2685">
    <p class='ocr_par' dir='ltr' id='par_1_29' title="bbox 442 2605 2039 2685">
     <span class='ocr_line' id='line_1_29' title="bbox 442 2605 2039 2685; baseline 0.009 -27"><span class='ocrx_word' id='word_1_200' title='bbox 442 2605 710 2685; x_wconf 87' lang='lat' dir='ltr'>judicatio</span> <span class='ocrx_word' id='word_1_201' title='bbox 753 2615 804 2661; x_wconf 91' lang='lat' dir='ltr'>et</span> <span class='ocrx_word' id='word_1_202' title='bbox 840 2608 1071 2662; x_wconf 90' lang='lat' dir='ltr'>aliarum</span> <span class='ocrx_word' id='word_1_203' title='bbox 1124 2626 1303 2665; x_wconf 87' lang='lat' dir='ltr'>rerum</span> <span class='ocrx_word' id='word_1_204' title='bbox 1355 2612 1645 2683; x_wconf 87' lang='lat' dir='ltr'>dispositio</span> <span class='ocrx_word' id='word_1_205' title='bbox 1696 2616 2039 2685; x_wconf 83' lang='lat' dir='ltr'>prohibetur.</span> 
     </span>
    </p>
   </div>
   <div class='ocr_carea' id='block_1_30' title="bbox 447 2693 2043 2774">
    <p class='ocr_par' dir='ltr' id='par_1_30' title="bbox 447 2693 2043 2774">
     <span class='ocr_line' id='line_1_30' title="bbox 447 2693 2043 2774; baseline 0.009 -28"><span class='ocrx_word' id='word_1_206' title='bbox 447 2693 581 2747; x_wconf 89' lang='lat' dir='ltr'>Nam</span> <span class='ocrx_word' id='word_1_207' title='bbox 613 2695 706 2765; x_wconf 92' lang='lat' dir='ltr'>qui</span> <span class='ocrx_word' id='word_1_208' title='bbox 758 2695 1010 2751; x_wconf 87' lang='lat' dir='ltr'>ordinare</span> <span class='ocrx_word' id='word_1_209' title='bbox 1042 2715 1155 2753; x_wconf 90' lang='lat' dir='ltr'>non</span> <span class='ocrx_word' id='word_1_210' title='bbox 1200 2701 1421 2770; x_wconf 89' lang='lat' dir='ltr'>poterit,</span> <span class='ocrx_word' id='word_1_211' title='bbox 1458 2703 1696 2774; x_wconf 85' lang='lat' dir='ltr'>qualiter</span> <span class='ocrx_word' id='word_1_212' title='bbox 1718 2703 2043 2774; x_wconf 75' lang='lat' dir='ltr'>judicabit?</span> 
     </span>
    </p>
   </div>
   <div class='ocr_carea' id='block_1_31' title="bbox 445 2782 2040 2866">
    <p class='ocr_par' dir='ltr' id='par_1_31' title="bbox 445 2782 2040 2866">
     <span class='ocr_line' id='line_1_31' title="bbox 445 2782 2040 2866; baseline 0.01 -31"><span class='ocrx_word' id='word_1_213' title='bbox 445 2782 771 2838; x_wconf 81' lang='lat' dir='ltr'>Nullatenus</span> <span class='ocrx_word' id='word_1_214' title='bbox 796 2787 985 2855; x_wconf 91' lang='lat' dir='ltr'>procul</span> <span class='ocrx_word' id='word_1_215' title='bbox 1012 2786 1180 2841; x_wconf 91' lang='lat' dir='ltr'>dubio</span> <span class='ocrx_word' id='word_1_216' title='bbox 1203 2786 1468 2858; x_wconf 81' lang='lat' dir='ltr'>iudicabit</span> <span class='ocrx_word' id='word_1_217' title='bbox 1497 2802 1591 2848; x_wconf 88' lang='lat' dir='ltr'>aut</span> <span class='ocrx_word' id='word_1_218' title='bbox 1621 2792 1868 2863; x_wconf 85' lang='lat' dir='ltr'>judicare</span> <span class='ocrx_word' id='word_1_219' title='bbox 1896 2803 2040 2866; x_wconf 88' lang='lat' dir='ltr'>pote-</span> 
     </span>
    </p>
   </div>
   <div class='ocr_carea' id='block_1_32' title="bbox 446 2871 2041 2942">
    <p class='ocr_par' dir='ltr' id='par_1_32' title="bbox 446 2871 2041 2942">
     <span class='ocr_line' id='line_1_32' title="bbox 446 2871 2041 2942; baseline 0.01 -19"><span class='ocrx_word' id='word_1_220' title='bbox 446 2871 539 2938; x_wconf 90' lang='lat' dir='ltr'>rit,</span> <span class='ocrx_word' id='word_1_221' title='bbox 585 2874 843 2942; x_wconf 89' lang='lat' dir='ltr'>quoniam</span> <span class='ocrx_word' id='word_1_222' title='bbox 875 2875 1016 2929; x_wconf 88' lang='lat' dir='ltr'>sicut</span> <span class='ocrx_word' id='word_1_223' title='bbox 1051 2876 1276 2934; x_wconf 85' lang='lat' dir='ltr'>alterius</span> <span class='ocrx_word' id='word_1_224' title='bbox 1322 2897 1465 2934; x_wconf 83' lang='lat' dir='ltr'>uxor</span> <span class='ocrx_word' id='word_1_225' title='bbox 1509 2897 1608 2936; x_wconf 88' lang='lat' dir='ltr'>nec</span> <span class='ocrx_word' id='word_1_226' title='bbox 1646 2882 1941 2938; x_wconf 88' lang='lat' dir='ltr'>adulterari</span> <span class='ocrx_word' id='word_1_227' title='bbox 1975 2885 2041 2939; x_wconf 88' lang='lat' dir='ltr'>ab</span> 
     </span>
    </p>
   </div>
   <div class='ocr_carea' id='block_1_33' title="bbox 444 2959 2041 3042">
    <p class='ocr_par' dir='ltr' id='par_1_33' title="bbox 444 2959 2041 3042">
     <span class='ocr_line' id='line_1_33' title="bbox 444 2959 2041 3042; baseline 0.008 -29"><span class='ocrx_word' id='word_1_228' title='bbox 444 2959 629 3030; x_wconf 89' lang='lat' dir='ltr'>aliquo</span> <span class='ocrx_word' id='word_1_229' title='bbox 660 2962 745 3016; x_wconf 88' lang='lat' dir='ltr'>vel</span> <span class='ocrx_word' id='word_1_230' title='bbox 779 2960 1019 3031; x_wconf 86' lang='lat' dir='ltr'>judicari</span> <span class='ocrx_word' id='word_1_231' title='bbox 1049 2974 1143 3020; x_wconf 88' lang='lat' dir='ltr'>aut</span> <span class='ocrx_word' id='word_1_232' title='bbox 1180 2967 1420 3039; x_wconf 84' lang='lat' dir='ltr'>disponi,</span> <span class='ocrx_word' id='word_1_233' title='bbox 1451 2968 1557 3023; x_wconf 89' lang='lat' dir='ltr'>nisi</span> <span class='ocrx_word' id='word_1_234' title='bbox 1586 2986 1616 3023; x_wconf 90' lang='lat' dir='ltr'>a</span> <span class='ocrx_word' id='word_1_235' title='bbox 1662 2972 1883 3042; x_wconf 88' lang='lat' dir='ltr'>proprio</span> <span class='ocrx_word' id='word_1_236' title='bbox 1921 2972 2041 3026; x_wconf 89' lang='lat' dir='ltr'>viro</span> 
     </span>
    </p>
   </div>
   <div class='ocr_carea' id='block_1_34' title="bbox 443 3049 2117 3148">
    <p class='ocr_par' dir='ltr' id='par_1_34' title="bbox 443 3049 2117 3148">
     <span class='ocr_line' id='line_1_34' title="bbox 443 3049 2117 3148; baseline 0.007 -45"><span class='ocrx_word' id='word_1_237' title='bbox 443 3065 507 3103; x_wconf 92' lang='lat' dir='ltr'>eo</span> <span class='ocrx_word' id='word_1_238' title='bbox 538 3049 759 3105; x_wconf 83' lang='lat' dir='ltr'>vivente</span> <span class='ocrx_word' id='word_1_239' title='bbox 791 3054 1151 3123; x_wconf 89' lang='lat' dir='ltr'>permittitur,</span> <span class='ocrx_word' id='word_1_240' title='bbox 1183 3056 1262 3111; x_wconf 89' lang='lat' dir='ltr'>sic</span> <span class='ocrx_word' id='word_1_241' title='bbox 1292 3072 1393 3111; x_wconf 90' lang='lat' dir='ltr'>nec</span> <span class='ocrx_word' id='word_1_242' title='bbox 1438 3074 1580 3111; x_wconf 77' lang='lat' dir='ltr'>uxor</span> <span class='ocrx_word' id='word_1_243' title='bbox 1618 3058 1880 3130; x_wconf 86' lang='lat' dir='ltr'>episcopi,</span> <span class='ocrx_word' id='word_1_244' title='bbox 1921 3078 2041 3131; x_wconf 69' lang='lat' dir='ltr'>qua:</span> <span class='ocrx_word' id='word_1_245' title='bbox 2077 3091 2117 3148; x_wconf 66' lang='grc' dir='ltr'>Ο</span> 
     </span>
    </p>
   </div>
   <div class='ocr_carea' id='block_1_35' title="bbox 442 3136 2040 3220">
    <p class='ocr_par' dir='ltr' id='par_1_35' title="bbox 442 3136 2040 3220">
     <span class='ocr_line' id='line_1_35' title="bbox 442 3136 2040 3220; baseline 0.009 -28"><span class='ocrx_word' id='word_1_246' title='bbox 442 3136 560 3209; x_wconf 84' lang='lat' dir='ltr'>ejus</span> <span class='ocrx_word' id='word_1_247' title='bbox 584 3140 830 3196; x_wconf 88' lang='lat' dir='ltr'>Ecclesia</span> <span class='ocrx_word' id='word_1_248' title='bbox 867 3144 953 3198; x_wconf 89' lang='lat' dir='ltr'>vel</span> <span class='ocrx_word' id='word_1_249' title='bbox 988 3145 1247 3214; x_wconf 90' lang='lat' dir='ltr'>parochia</span> <span class='ocrx_word' id='word_1_250' title='bbox 1276 3145 1659 3202; x_wconf 87' lang='lat' dir='ltr'>indubitanter</span> <span class='ocrx_word' id='word_1_251' title='bbox 1690 3149 2040 3220; x_wconf 80' lang='lat' dir='ltr'>intelligitur,</span> 
     </span>
    </p>
   </div>
   <div class='ocr_carea' id='block_1_36' title="bbox 440 3234 2037 3308">
    <p class='ocr_par' dir='ltr' id='par_1_36' title="bbox 440 3234 2037 3308">
     <span class='ocr_line' id='line_1_36' title="bbox 440 3234 2037 3308; baseline 0.006 -22"><span class='ocrx_word' id='word_1_252' title='bbox 440 3248 505 3287; x_wconf 92' lang='lat' dir='ltr'>eo</span> <span class='ocrx_word' id='word_1_253' title='bbox 540 3234 783 3301; x_wconf 78' lang='lat' dir='ltr'>vivente,</span> <span class='ocrx_word' id='word_1_254' title='bbox 818 3235 1021 3307; x_wconf 88' lang='lat' dir='ltr'>absque</span> <span class='ocrx_word' id='word_1_255' title='bbox 1052 3236 1170 3306; x_wconf 89' lang='lat' dir='ltr'>ejus</span> <span class='ocrx_word' id='word_1_256' title='bbox 1206 3236 1421 3306; x_wconf 86' lang='lat' dir='ltr'>judicio</span> <span class='ocrx_word' id='word_1_257' title='bbox 1460 3246 1513 3293; x_wconf 90' lang='lat' dir='ltr'>et</span> <span class='ocrx_word' id='word_1_258' title='bbox 1543 3239 1846 3308; x_wconf 81' lang='lat' dir='ltr'>voluntate,</span> <span class='ocrx_word' id='word_1_259' title='bbox 1881 3244 2037 3296; x_wconf 77' lang='lat' dir='ltr'>alteri</span> 
     </span>
    </p>
   </div>
   <div class='ocr_carea' id='block_1_37' title="bbox 432 3319 2043 3398">
    <p class='ocr_par' dir='ltr' id='par_1_37' title="bbox 432 3319 2043 3398">
     <span class='ocr_line' id='line_1_37' title="bbox 432 3319 2043 3398; baseline 0.006 -22"><span class='ocrx_word' id='word_1_260' title='bbox 432 3319 683 3392; x_wconf 86' lang='lat' dir='ltr'>judicare</span> <span class='ocrx_word' id='word_1_261' title='bbox 710 3326 798 3379; x_wconf 90' lang='lat' dir='ltr'>vel</span> <span class='ocrx_word' id='word_1_262' title='bbox 843 3325 1152 3397; x_wconf 88' lang='lat' dir='ltr'>disponere,</span> <span class='ocrx_word' id='word_1_263' title='bbox 1198 3334 1291 3381; x_wconf 89' lang='lat' dir='ltr'>aut</span> <span class='ocrx_word' id='word_1_264' title='bbox 1329 3327 1446 3398; x_wconf 88' lang='lat' dir='ltr'>ejus</span> <span class='ocrx_word' id='word_1_265' title='bbox 1478 3330 1774 3385; x_wconf 88' lang='lat' dir='ltr'>concubitu</span> <span class='ocrx_word' id='word_1_266' title='bbox 1822 3330 1953 3397; x_wconf 86' lang='lat' dir='ltr'>frui,</span> <span class='ocrx_word' id='word_1_267' title='bbox 1986 3332 2043 3387; x_wconf 98' lang='lat' dir='ltr'>id</span> 
     </span>
    </p>
   </div>
   <div class='ocr_carea' id='block_1_38' title="bbox 438 3412 2040 3493">
    <p class='ocr_par' dir='ltr' id='par_1_38' title="bbox 438 3412 2040 3493">
     <span class='ocr_line' id='line_1_38' title="bbox 438 3412 2040 3493; baseline 0.007 -29"><span class='ocrx_word' id='word_1_268' title='bbox 438 3419 518 3465; x_wconf 87' lang='lat' dir='ltr'>est</span> <span class='ocrx_word' id='word_1_269' title='bbox 537 3412 913 3481; x_wconf 88' lang='lat' dir='ltr'>ordinatione,</span> <span class='ocrx_word' id='word_1_270' title='bbox 944 3415 1220 3471; x_wconf 88' lang='lat' dir='ltr'>ullatenus</span> <span class='ocrx_word' id='word_1_271' title='bbox 1241 3418 1580 3473; x_wconf 88' lang='lat' dir='ltr'>conceditur.</span> <span class='ocrx_word' id='word_1_272' title='bbox 1612 3418 1766 3474; x_wconf 87' lang='lat' dir='ltr'>Unde</span> <span class='ocrx_word' id='word_1_273' title='bbox 1794 3420 1870 3474; x_wconf 87' lang='lat' dir='ltr'>ait</span> <span class='ocrx_word' id='word_1_274' title='bbox 1900 3424 2040 3493; x_wconf 81' lang='lat' dir='ltr'>Apo-</span> 
     </span>
    </p>
   </div>
   <div class='ocr_carea' id='block_1_39' title="bbox 436 3501 2035 3578">
    <p class='ocr_par' dir='ltr' id='par_1_39' title="bbox 436 3501 2035 3578">
     <span class='ocr_line' id='line_1_39' title="bbox 436 3501 2035 3578; baseline 0.007 -25"><span class='ocrx_word' id='word_1_275' title='bbox 436 3501 609 3556; x_wconf 85' lang='lat' dir='ltr'>stolus</span> <span class='ocrx_word' id='word_1_276' title='bbox 639 3519 649 3556; x_wconf 93' lang='lat'><strong>:</strong></span> <span class='ocrx_word' id='word_1_277' title='bbox 681 3502 925 3572; x_wconf 79' lang='lat' dir='ltr'>Alligata</span> <span class='ocrx_word' id='word_1_278' title='bbox 951 3511 1024 3558; x_wconf 87' lang='lat' dir='ltr'>est</span> <span class='ocrx_word' id='word_1_279' title='bbox 1052 3521 1193 3558; x_wconf 72' lang='lat' dir='ltr'>uxor</span> <span class='ocrx_word' id='word_1_280' title='bbox 1224 3505 1339 3575; x_wconf 64' lang='lat' dir='ltr'>tegi,</span> <span class='ocrx_word' id='word_1_281' title='bbox 1376 3508 1616 3577; x_wconf 75' lang='lat' dir='ltr'>quandiu</span> <span class='ocrx_word' id='word_1_282' title='bbox 1640 3509 1726 3563; x_wconf 70' lang='grc' dir='ltr'>τίν</span> <span class='ocrx_word' id='word_1_283' title='bbox 1745 3509 1858 3578; x_wconf 87' lang='lat' dir='ltr'>ejus</span> <span class='ocrx_word' id='word_1_284' title='bbox 1888 3511 2035 3567; x_wconf 80' lang='lat' dir='ltr'>vivit.</span> 
     </span>
    </p>
   </div>
   <div class='ocr_carea' id='block_1_40' title="bbox 434 3590 2031 3670">
    <p class='ocr_par' dir='ltr' id='par_1_40' title="bbox 434 3590 2031 3670">
     <span class='ocr_line' id='line_1_40' title="bbox 434 3590 2031 3670; baseline 0.008 -26"><span class='ocrx_word' id='word_1_285' title='bbox 434 3590 517 3644; x_wconf 87' lang='lat' dir='ltr'>Eo</span> <span class='ocrx_word' id='word_1_286' title='bbox 548 3608 669 3644; x_wconf 87' lang='lat' dir='ltr'>vero</span> <span class='ocrx_word' id='word_1_287' title='bbox 682 3591 948 3660; x_wconf 77' lang='lat' dir='ltr'>defuncto,</span> <span class='ocrx_word' id='word_1_288' title='bbox 972 3596 1147 3648; x_wconf 82' lang='lat' dir='ltr'>soluta</span> <span class='ocrx_word' id='word_1_289' title='bbox 1168 3603 1243 3648; x_wconf 85' lang='lat' dir='ltr'>est</span> <span class='ocrx_word' id='word_1_290' title='bbox 1268 3614 1302 3648; x_wconf 88' lang='lat' dir='ltr'>a</span> <span class='ocrx_word' id='word_1_291' title='bbox 1326 3597 1428 3667; x_wconf 83' lang='lat' dir='ltr'>tege</span> <span class='ocrx_word' id='word_1_292' title='bbox 1452 3598 1630 3666; x_wconf 72' lang='lat' dir='ltr'>viri(I</span> <span class='ocrx_word' id='word_1_293' title='bbox 1646 3600 1769 3653; x_wconf 88' lang='lat' dir='ltr'>Cor.</span> <span class='ocrx_word' id='word_1_294' title='bbox 1796 3616 1894 3666; x_wconf 84' lang='lat' dir='ltr'>VII,</span> <span class='ocrx_word' id='word_1_295' title='bbox 1918 3601 2031 3670; x_wconf 83' lang='lat'>39).</span> 
     </span>
    </p>
   </div>
   <div class='ocr_carea' id='block_1_41' title="bbox 433 3678 2035 3758">
    <p class='ocr_par' dir='ltr' id='par_1_41' title="bbox 433 3678 2035 3758">
     <span class='ocr_line' id='line_1_41' title="bbox 433 3678 2035 3758; baseline 0.006 -26"><span class='ocrx_word' id='word_1_296' title='bbox 433 3678 703 3733; x_wconf 81' lang='lat' dir='ltr'>Similiter</span> <span class='ocrx_word' id='word_1_297' title='bbox 731 3688 784 3733; x_wconf 89' lang='lat' dir='ltr'>et</span> <span class='ocrx_word' id='word_1_298' title='bbox 823 3697 1020 3749; x_wconf 89' lang='lat' dir='ltr'>sponsa</span> <span class='ocrx_word' id='word_1_299' title='bbox 1067 3681 1329 3752; x_wconf 88' lang='lat' dir='ltr'>episcopi,</span> <span class='ocrx_word' id='word_1_300' title='bbox 1380 3684 1509 3754; x_wconf 90' lang='lat' dir='ltr'>quia</span> <span class='ocrx_word' id='word_1_301' title='bbox 1543 3702 1742 3755; x_wconf 84' lang='lat' dir='ltr'>sponsa</span> <span class='ocrx_word' id='word_1_302' title='bbox 1788 3703 2035 3758; x_wconf 81' lang='lat' dir='ltr'>uxorque</span> 
     </span>
    </p>
   </div>
   <div class='ocr_carea' id='block_1_42' title="bbox 432 3766 2033 3849">
    <p class='ocr_par' dir='ltr' id='par_1_42' title="bbox 432 3766 2033 3849">
     <span class='ocr_line' id='line_1_42' title="bbox 432 3766 2033 3849; baseline 0.008 -28"><span class='ocrx_word' id='word_1_303' title='bbox 432 3766 549 3837; x_wconf 89' lang='lat' dir='ltr'>ejus</span> <span class='ocrx_word' id='word_1_304' title='bbox 571 3768 779 3822; x_wconf 90' lang='lat' dir='ltr'>dicitur</span> <span class='ocrx_word' id='word_1_305' title='bbox 808 3770 1078 3835; x_wconf 86' lang='lat' dir='ltr'>Ecclesia,</span> <span class='ocrx_word' id='word_1_306' title='bbox 1110 3770 1205 3826; x_wconf 89' lang='lat' dir='ltr'>illo</span> <span class='ocrx_word' id='word_1_307' title='bbox 1235 3774 1459 3829; x_wconf 83' lang='lat' dir='ltr'>vivente</span> <span class='ocrx_word' id='word_1_308' title='bbox 1489 3783 1571 3830; x_wconf 90' lang='lat' dir='ltr'>est</span> <span class='ocrx_word' id='word_1_309' title='bbox 1601 3776 1649 3829; x_wconf 90' lang='lat' dir='ltr'>ei</span> <span class='ocrx_word' id='word_1_310' title='bbox 1681 3777 1921 3849; x_wconf 83' lang='lat' dir='ltr'>alligata.</span> <span class='ocrx_word' id='word_1_311' title='bbox 1952 3781 2033 3834; x_wconf 87' lang='lat' dir='ltr'>Eo</span> 
     </span>
    </p>
   </div>
   <div class='ocr_carea' id='block_1_43' title="bbox 430 3857 2031 3933">
    <p class='ocr_par' dir='ltr' id='par_1_43' title="bbox 430 3857 2031 3933">
     <span class='ocr_line' id='line_1_43' title="bbox 430 3857 2031 3933; baseline 0.007 -23"><span class='ocrx_word' id='word_1_312' title='bbox 430 3873 561 3912; x_wconf 84' lang='lat' dir='ltr'>vero</span> <span class='ocrx_word' id='word_1_313' title='bbox 592 3857 855 3914; x_wconf 87' lang='lat' dir='ltr'>defuncto</span> <span class='ocrx_word' id='word_1_314' title='bbox 884 3861 1064 3914; x_wconf 85' lang='lat' dir='ltr'>soluta</span> <span class='ocrx_word' id='word_1_315' title='bbox 1094 3869 1195 3929; x_wconf 88' lang='lat' dir='ltr'>est,</span> <span class='ocrx_word' id='word_1_316' title='bbox 1228 3863 1313 3917; x_wconf 81' lang='lat' dir='ltr'>cui</span> <span class='ocrx_word' id='word_1_317' title='bbox 1354 3866 1582 3918; x_wconf 80' lang='lat' dir='ltr'>voluerit</span> <span class='ocrx_word' id='word_1_318' title='bbox 1609 3867 1795 3933; x_wconf 80' lang='lat' dir='ltr'>nubat,</span> <span class='ocrx_word' id='word_1_319' title='bbox 1827 3873 2031 3921; x_wconf 77' lang='lat' dir='ltr'>tantum</span> 
     </span>
    </p>
   </div>
   <div class='ocr_carea' id='block_1_44' title="bbox 430 3944 2031 4017">
    <p class='ocr_par' dir='ltr' id='par_1_44' title="bbox 430 3944 2031 4017">
     <span class='ocr_line' id='line_1_44' title="bbox 430 3944 2031 4017; baseline 0.011 -20"><span class='ocrx_word' id='word_1_320' title='bbox 430 3944 487 3999; x_wconf 81' lang='lat' dir='ltr'>in</span> <span class='ocrx_word' id='word_1_321' title='bbox 513 3947 759 4013; x_wconf 81' lang='lat' dir='ltr'>Domino,</span> <span class='ocrx_word' id='word_1_322' title='bbox 806 3947 865 4001; x_wconf 93' lang='lat' dir='ltr'>id</span> <span class='ocrx_word' id='word_1_323' title='bbox 913 3956 995 4002; x_wconf 89' lang='lat' dir='ltr'>est</span> <span class='ocrx_word' id='word_1_324' title='bbox 1023 3950 1364 4017; x_wconf 84' lang='lat' dir='ltr'>regulariter.</span> <span class='ocrx_word' id='word_1_325' title='bbox 1410 3950 1465 4005; x_wconf 90' lang='lat' dir='ltr'>Si</span> <span class='ocrx_word' id='word_1_326' title='bbox 1508 3952 1654 4007; x_wconf 90' lang='lat' dir='ltr'>enim</span> <span class='ocrx_word' id='word_1_327' title='bbox 1696 3970 1758 4009; x_wconf 86' lang='lat' dir='ltr'>eo</span> <span class='ocrx_word' id='word_1_328' title='bbox 1809 3956 2031 4015; x_wconf 86' lang='lat' dir='ltr'>vivente</span> 
     </span>
    </p>
   </div>
   <div class='ocr_carea' id='block_1_45' title="bbox 428 4033 2027 4109">
    <p class='ocr_par' dir='ltr' id='par_1_45' title="bbox 428 4033 2027 4109">
     <span class='ocr_line' id='line_1_45' title="bbox 428 4033 2027 4109; baseline 0.011 -22"><span class='ocrx_word' id='word_1_329' title='bbox 428 4033 589 4088; x_wconf 87' lang='lat' dir='ltr'>alteri</span> <span class='ocrx_word' id='word_1_330' title='bbox 636 4037 907 4105; x_wconf 87' lang='lat' dir='ltr'>nupserit,</span> <span class='ocrx_word' id='word_1_331' title='bbox 941 4036 1249 4093; x_wconf 77' lang='lat' dir='ltr'>adulterata</span> <span class='ocrx_word' id='word_1_332' title='bbox 1272 4038 1630 4109; x_wconf 67' lang='lat' dir='ltr'>judi&#39;cabitur.</span> <span class='ocrx_word' id='word_1_333' title='bbox 1677 4044 1945 4101; x_wconf 87' lang='lat' dir='ltr'>Similiter</span> <span class='ocrx_word' id='word_1_334' title='bbox 1974 4056 2027 4104; x_wconf 90' lang='lat' dir='ltr'>et</span> 
     </span>
    </p>
   </div>
   <div class='ocr_carea' id='block_1_46' title="bbox 430 4120 2024 4206">
    <p class='ocr_par' dir='ltr' id='par_1_46' title="bbox 430 4120 2024 4206">
     <span class='ocr_line' id='line_1_46' title="bbox 430 4120 2024 4206; baseline 0.008 -32"><span class='ocrx_word' id='word_1_335' title='bbox 430 4120 545 4188; x_wconf 87' lang='lat' dir='ltr'>ille,</span> <span class='ocrx_word' id='word_1_336' title='bbox 580 4123 625 4175; x_wconf 90' lang='lat' dir='ltr'>si</span> <span class='ocrx_word' id='word_1_337' title='bbox 657 4123 881 4177; x_wconf 86' lang='lat' dir='ltr'>alteram</span> <span class='ocrx_word' id='word_1_338' title='bbox 910 4132 1103 4195; x_wconf 89' lang='lat' dir='ltr'>sponte</span> <span class='ocrx_word' id='word_1_339' title='bbox 1132 4127 1373 4196; x_wconf 86' lang='lat' dir='ltr'>duxerit,</span> <span class='ocrx_word' id='word_1_340' title='bbox 1402 4130 1618 4186; x_wconf 87' lang='lat' dir='ltr'>adulter</span> <span class='ocrx_word' id='word_1_341' title='bbox 1636 4134 2024 4206; x_wconf 75' lang='lat' dir='ltr'>aestimabitur,</span> 
     </span>
    </p>
   </div>
   <div class='ocr_carea' id='block_1_47' title="bbox 427 4211 2025 4293">
    <p class='ocr_par' dir='ltr' id='par_1_47' title="bbox 427 4211 2025 4293">
     <span class='ocr_line' id='line_1_47' title="bbox 427 4211 2025 4293; baseline 0.012 -31"><span class='ocrx_word' id='word_1_342' title='bbox 427 4217 479 4264; x_wconf 90' lang='lat' dir='ltr'>et</span> <span class='ocrx_word' id='word_1_343' title='bbox 505 4211 893 4269; x_wconf 88' lang='lat' dir='ltr'>communione</span> <span class='ocrx_word' id='word_1_344' title='bbox 940 4214 1269 4286; x_wconf 88' lang='lat' dir='ltr'>privabitur.</span> <span class='ocrx_word' id='word_1_345' title='bbox 1305 4217 1360 4273; x_wconf 92' lang='lat' dir='ltr'>Si</span> <span class='ocrx_word' id='word_1_346' title='bbox 1408 4227 1589 4275; x_wconf 87' lang='lat' dir='ltr'>autem</span> <span class='ocrx_word' id='word_1_347' title='bbox 1620 4234 1934 4293; x_wconf 81' lang='lat' dir='ltr'>persecutus</span> <span class='ocrx_word' id='word_1_348' title='bbox 1966 4227 2025 4281; x_wconf 93' lang='lat' dir='ltr'>in</span> 
     </span>
    </p>
   </div>
   <div class='ocr_carea' id='block_1_48' title="bbox 423 4300 2021 4383">
    <p class='ocr_par' dir='ltr' id='par_1_48' title="bbox 423 4300 2021 4383">
     <span class='ocr_line' id='line_1_48' title="bbox 423 4300 2021 4383; baseline 0.009 -27"><span class='ocrx_word' id='word_1_349' title='bbox 423 4315 521 4356; x_wconf 92' lang='lat' dir='ltr'>sua</span> <span class='ocrx_word' id='word_1_350' title='bbox 552 4300 717 4356; x_wconf 86' lang='lat' dir='ltr'>fuerit</span> <span class='ocrx_word' id='word_1_351' title='bbox 757 4304 1026 4374; x_wconf 87' lang='lat' dir='ltr'>Ecclesia,</span> <span class='ocrx_word' id='word_1_352' title='bbox 1077 4306 1400 4379; x_wconf 86' lang='lat' dir='ltr'>fugiendum</span> <span class='ocrx_word' id='word_1_353' title='bbox 1433 4320 1514 4366; x_wconf 90' lang='lat' dir='ltr'>est</span> <span class='ocrx_word' id='word_1_354' title='bbox 1563 4312 1645 4367; x_wconf 90' lang='lat' dir='ltr'>illi</span> <span class='ocrx_word' id='word_1_355' title='bbox 1677 4315 1747 4369; x_wconf 88' lang='lat' dir='ltr'>ad</span> <span class='ocrx_word' id='word_1_356' title='bbox 1776 4315 2021 4383; x_wconf 85' lang='lat' dir='ltr'>alteram,</span> 
     </span>
    </p>
   </div>
   <div class='ocr_carea' id='block_1_49' title="bbox 423 4388 2023 4474">
    <p class='ocr_par' dir='ltr' id='par_1_49' title="bbox 423 4388 2023 4474">
     <span class='ocr_line' id='line_1_49' title="bbox 423 4388 2023 4474; baseline 0.01 -31"><span class='ocrx_word' id='word_1_357' title='bbox 423 4388 579 4462; x_wconf 88' lang='lat' dir='ltr'>eique</span> <span class='ocrx_word' id='word_1_358' title='bbox 616 4398 696 4446; x_wconf 85' lang='lat' dir='ltr'>est</span> <span class='ocrx_word' id='word_1_359' title='bbox 742 4393 1052 4464; x_wconf 88' lang='lat' dir='ltr'>sociandus,</span> <span class='ocrx_word' id='word_1_360' title='bbox 1095 4396 1311 4453; x_wconf 90' lang='lat' dir='ltr'>dicente</span> <span class='ocrx_word' id='word_1_361' title='bbox 1357 4400 1626 4458; x_wconf 89' lang='lat' dir='ltr'>Domino:</span> <span class='ocrx_word' id='word_1_362' title='bbox 1670 4403 1727 4457; x_wconf 86' lang='lat' dir='ltr'>Si</span> <span class='ocrx_word' id='word_1_363' title='bbox 1757 4406 2023 4474; x_wconf 77' lang='lat' dir='ltr'>persecuti</span> 
     </span>
    </p>
   </div>
   <div class='ocr_carea' id='block_1_50' title="bbox 418 4478 2017 4562">
    <p class='ocr_par' dir='ltr' id='par_1_50' title="bbox 418 4478 2017 4562">
     <span class='ocr_line' id='line_1_50' title="bbox 418 4478 2017 4562; baseline 0.011 -30"><span class='ocrx_word' id='word_1_364' title='bbox 418 4496 509 4533; x_wconf 82' lang='lat' dir='ltr'>vos</span> <span class='ocrx_word' id='word_1_365' title='bbox 523 4478 728 4549; x_wconf 69' lang='lat' dir='ltr'>fiterint</span> <span class='ocrx_word' id='word_1_366' title='bbox 742 4481 794 4536; x_wconf 87' lang='lat' dir='ltr'>in</span> <span class='ocrx_word' id='word_1_367' title='bbox 806 4499 967 4539; x_wconf 84' lang='lat' dir='ltr'>unam</span> <span class='ocrx_word' id='word_1_368' title='bbox 978 4485 1261 4556; x_wconf 82' lang='lat' dir='ltr'>civitatem,</span> <span class='ocrx_word' id='word_1_369' title='bbox 1278 4488 1508 4560; x_wconf 78' lang='lat' dir='ltr'>fugitein</span> <span class='ocrx_word' id='word_1_370' title='bbox 1530 4492 1698 4546; x_wconf 74' lang='lat' dir='ltr'>etiam</span> <span class='ocrx_word' id='word_1_371' title='bbox 1722 4494 1937 4562; x_wconf 80' lang='lat' dir='ltr'>(Matth.</span> <span class='ocrx_word' id='word_1_372' title='bbox 1960 4513 2017 4562; x_wconf 70' lang='grc' dir='ltr'>Χ,</span> 
     </span>
    </p>
   </div>
   <div class='ocr_carea' id='block_1_51' title="bbox 419 4567 2015 4649">
    <p class='ocr_par' dir='ltr' id='par_1_51' title="bbox 419 4567 2015 4649">
     <span class='ocr_line' id='line_1_51' title="bbox 419 4567 2015 4649; baseline 0.009 -26"><span class='ocrx_word' id='word_1_373' title='bbox 419 4567 527 4638; x_wconf 78' lang='lat'>23).</span> <span class='ocrx_word' id='word_1_374' title='bbox 556 4569 612 4623; x_wconf 91' lang='lat' dir='ltr'>Si</span> <span class='ocrx_word' id='word_1_375' title='bbox 649 4578 830 4627; x_wconf 88' lang='lat' dir='ltr'>autem</span> <span class='ocrx_word' id='word_1_376' title='bbox 864 4574 1126 4630; x_wconf 88' lang='lat' dir='ltr'>utilitatis</span> <span class='ocrx_word' id='word_1_377' title='bbox 1154 4593 1317 4632; x_wconf 90' lang='lat' dir='ltr'>causa</span> <span class='ocrx_word' id='word_1_378' title='bbox 1357 4579 1522 4634; x_wconf 86' lang='lat' dir='ltr'>fuerit</span> <span class='ocrx_word' id='word_1_379' title='bbox 1556 4582 1873 4649; x_wconf 88' lang='lat' dir='ltr'>mutandus,</span> <span class='ocrx_word' id='word_1_380' title='bbox 1904 4600 2015 4639; x_wconf 90' lang='lat' dir='ltr'>non</span> 
     </span>
    </p>
   </div>
   <div class='ocr_carea' id='block_1_52' title="bbox 418 4658 2017 4737">
    <p class='ocr_par' dir='ltr' id='par_1_52' title="bbox 418 4658 2017 4737">
     <span class='ocr_line' id='line_1_52' title="bbox 418 4658 2017 4737; baseline 0.012 -28"><span class='ocrx_word' id='word_1_381' title='bbox 418 4670 515 4724; x_wconf 90' lang='lat' dir='ltr'>per</span> <span class='ocrx_word' id='word_1_382' title='bbox 542 4673 597 4712; x_wconf 86' lang='lat' dir='ltr'>se</span> <span class='ocrx_word' id='word_1_383' title='bbox 628 4658 731 4715; x_wconf 89' lang='lat' dir='ltr'>hoc</span> <span class='ocrx_word' id='word_1_384' title='bbox 758 4670 901 4731; x_wconf 86' lang='lat' dir='ltr'>agat,</span> <span class='ocrx_word' id='word_1_385' title='bbox 923 4663 1017 4718; x_wconf 90' lang='lat' dir='ltr'>sed</span> <span class='ocrx_word' id='word_1_386' title='bbox 1044 4664 1308 4723; x_wconf 85' lang='lat' dir='ltr'>fratribus</span> <span class='ocrx_word' id='word_1_387' title='bbox 1337 4667 1729 4737; x_wconf 86' lang='lat' dir='ltr'>invitantibus,</span> <span class='ocrx_word' id='word_1_388' title='bbox 1760 4679 1811 4725; x_wconf 81' lang='lat' dir='ltr'>et</span> <span class='ocrx_word' id='word_1_389' title='bbox 1832 4681 2017 4728; x_wconf 88' lang='lat' dir='ltr'>aucto-</span> 
     </span>
    </p>
   </div>
   <div class='ocr_carea' id='block_1_53' title="bbox 416 4743 2011 4831">
    <p class='ocr_par' dir='ltr' id='par_1_53' title="bbox 416 4743 2011 4831">
     <span class='ocr_line' id='line_1_53' title="bbox 416 4743 2011 4831; baseline 0.013 -34"><span class='ocrx_word' id='word_1_390' title='bbox 416 4743 578 4799; x_wconf 89' lang='lat' dir='ltr'>ritate</span> <span class='ocrx_word' id='word_1_391' title='bbox 608 4746 772 4817; x_wconf 89' lang='lat' dir='ltr'>hujus</span> <span class='ocrx_word' id='word_1_392' title='bbox 808 4759 1006 4807; x_wconf 65' lang='lat' dir='ltr'>sanctaz</span> <span class='ocrx_word' id='word_1_393' title='bbox 1044 4753 1186 4809; x_wconf 88' lang='lat' dir='ltr'>sedis</span> <span class='ocrx_word' id='word_1_394' title='bbox 1213 4755 1398 4824; x_wconf 90' lang='lat' dir='ltr'>faciat,</span> <span class='ocrx_word' id='word_1_395' title='bbox 1433 4775 1543 4812; x_wconf 92' lang='lat' dir='ltr'>non</span> <span class='ocrx_word' id='word_1_396' title='bbox 1571 4760 1811 4815; x_wconf 88' lang='lat' dir='ltr'>ambitus</span> <span class='ocrx_word' id='word_1_397' title='bbox 1831 4778 2011 4831; x_wconf 86' lang='lat' dir='ltr'>causa,</span> 
     </span>
    </p>
   </div>
   <div class='ocr_carea' id='block_1_54' title="bbox 416 4832 871 4896">
    <p class='ocr_par' dir='ltr' id='par_1_54' title="bbox 416 4832 871 4896">
     <span class='ocr_line' id='line_1_54' title="bbox 416 4832 871 4896; baseline 0.002 -8"><span class='ocrx_word' id='word_1_398' title='bbox 416 4832 511 4888; x_wconf 79' lang='lat' dir='ltr'>sed</span> <span class='ocrx_word' id='word_1_399' title='bbox 540 4833 816 4896; x_wconf 84' lang='lat' dir='ltr'>utilitatis.</span> <span class='ocrx_word' id='word_1_400' title='bbox 854 4864 871 4889; x_wconf 76' lang='grc' dir='ltr'><strong><em>ι</em></strong></span> 
     </span>
    </p>
   </div>
   <div class='ocr_carea' id='block_1_55' title="bbox 413 4986 2008 5071">
    <p class='ocr_par' dir='ltr' id='par_1_55' title="bbox 413 4986 2008 5071">
     <span class='ocr_line' id='line_1_55' title="bbox 413 4986 2008 5071; baseline 0.009 -30"><span class='ocrx_word' id='word_1_401' title='bbox 413 4986 479 5041; x_wconf 86' lang='lat' dir='ltr'>In</span> <span class='ocrx_word' id='word_1_402' title='bbox 506 4987 867 5071; x_wconf 59' lang='lat' dir='ltr'>Decretalitiits</span> <span class='ocrx_word' id='word_1_403' title='bbox 898 4989 1051 5071; x_wconf 36' lang='lat' dir='ltr'>Luc-ii</span> <span class='ocrx_word' id='word_1_404' title='bbox 1072 5007 1247 5071; x_wconf 63' lang='lat' dir='ltr'>papae,</span> <span class='ocrx_word' id='word_1_405' title='bbox 1279 4994 1340 5048; x_wconf 85' lang='lat' dir='ltr'>de</span> <span class='ocrx_word' id='word_1_406' title='bbox 1367 4997 1790 5071; x_wconf 67' lang='lat' dir='ltr'>ptetrOpolitanis</span> <span class='ocrx_word' id='word_1_407' title='bbox 1818 5000 2008 5071; x_wconf 82' lang='lat' dir='ltr'>episco-</span> 
     </span>
    </p>
   </div>
   <div class='ocr_carea' id='block_1_56' title="bbox 564 5060 1844 5140">
    <p class='ocr_par' dir='ltr' id='par_1_56' title="bbox 564 5060 1844 5140">
     <span class='ocr_line' id='line_1_56' title="bbox 564 5060 1844 5140; baseline 0.012 -26"><span class='ocrx_word' id='word_1_408' title='bbox 564 5060 677 5130; x_wconf 78' lang='lat' dir='ltr'>pis,</span> <span class='ocrx_word' id='word_1_409' title='bbox 707 5061 801 5131; x_wconf 81' lang='lat' dir='ltr'>qui</span> <span class='ocrx_word' id='word_1_410' title='bbox 827 5060 934 5132; x_wconf 82' lang='lat' dir='ltr'>fuit</span> <span class='ocrx_word' id='word_1_411' title='bbox 962 5060 1232 5120; x_wconf 69' lang='lat' dir='ltr'>vicesimus</span> <span class='ocrx_word' id='word_1_412' title='bbox 1260 5067 1442 5122; x_wconf 80' lang='lat' dir='ltr'>tertius</span> <span class='ocrx_word' id='word_1_413' title='bbox 1461 5060 1584 5140; x_wconf 67' lang='lat' dir='ltr'>post</span> <span class='ocrx_word' id='word_1_414' title='bbox 1607 5066 1844 5129; x_wconf 76' lang='lat' dir='ltr'>Petrum.</span> 
     </span>
    </p>
   </div>
   <div class='ocr_carea' id='block_1_57' title="bbox 485 5201 2003 5286">
    <p class='ocr_par' dir='ltr' id='par_1_57' title="bbox 485 5201 2003 5286">
     <span class='ocr_line' id='line_1_57' title="bbox 485 5201 2003 5286; baseline 0.011 -31"><span class='ocrx_word' id='word_1_415' title='bbox 485 5201 683 5272; x_wconf 82' lang='lat' dir='ltr'>(Epist.</span> <span class='ocrx_word' id='word_1_416' title='bbox 711 5203 910 5276; x_wconf 80' lang='lat' dir='ltr'>unica.)</span> <span class='ocrx_word' id='word_1_417' title='bbox 957 5228 974 5252; x_wconf 76' lang='grc' dir='ltr'>ι</span> <span class='ocrx_word' id='word_1_418' title='bbox 996 5204 1049 5262; x_wconf 87' lang='lat' dir='ltr'>Si</span> <span class='ocrx_word' id='word_1_419' title='bbox 1071 5205 1194 5279; x_wconf 89' lang='lat' dir='ltr'>quis</span> <span class='ocrx_word' id='word_1_420' title='bbox 1220 5211 1676 5282; x_wconf 88' lang='lat' dir='ltr'>metropolitanus</span> <span class='ocrx_word' id='word_1_421' title='bbox 1696 5214 2003 5286; x_wconf 88' lang='lat' dir='ltr'>episcopus,</span> 
     </span>
    </p>
   </div>
   <div class='ocr_carea' id='block_1_58' title="bbox 409 5287 2006 5377">
    <p class='ocr_par' dir='ltr' id='par_1_58' title="bbox 409 5287 2006 5377">
     <span class='ocr_line' id='line_1_58' title="bbox 409 5287 2006 5377; baseline 0.011 -34"><span class='ocrx_word' id='word_1_422' title='bbox 409 5287 516 5377; x_wconf 85' lang='lat' dir='ltr'>nisi</span> <span class='ocrx_word' id='word_1_423' title='bbox 546 5292 692 5365; x_wconf 92' lang='lat' dir='ltr'>quod</span> <span class='ocrx_word' id='word_1_424' title='bbox 709 5292 777 5348; x_wconf 91' lang='lat' dir='ltr'>ad</span> <span class='ocrx_word' id='word_1_425' title='bbox 799 5310 951 5349; x_wconf 89' lang='lat' dir='ltr'>suam</span> <span class='ocrx_word' id='word_1_426' title='bbox 983 5296 1329 5355; x_wconf 90' lang='lat' dir='ltr'>solummodo</span> <span class='ocrx_word' id='word_1_427' title='bbox 1352 5301 1626 5373; x_wconf 90' lang='lat' dir='ltr'>propriam</span> <span class='ocrx_word' id='word_1_428' title='bbox 1659 5304 1895 5376; x_wconf 88' lang='lat' dir='ltr'>pertinet</span> <span class='ocrx_word' id='word_1_429' title='bbox 1918 5323 2006 5377; x_wconf 88' lang='lat' dir='ltr'>pa-</span> 
     </span>
    </p>
   </div>
   <div class='ocr_carea' id='block_1_59' title="bbox 408 5376 2003 5468">
    <p class='ocr_par' dir='ltr' id='par_1_59' title="bbox 408 5376 2003 5468">
     <span class='ocr_line' id='line_1_59' title="bbox 408 5376 2003 5468; baseline 0.013 -38"><span class='ocrx_word' id='word_1_430' title='bbox 408 5376 674 5449; x_wconf 89' lang='lat' dir='ltr'>rochiam,</span> <span class='ocrx_word' id='word_1_431' title='bbox 708 5381 825 5437; x_wconf 92' lang='lat' dir='ltr'>sine</span> <span class='ocrx_word' id='word_1_432' title='bbox 853 5385 1088 5441; x_wconf 90' lang='lat' dir='ltr'>consilio</span> <span class='ocrx_word' id='word_1_433' title='bbox 1111 5396 1163 5443; x_wconf 89' lang='lat' dir='ltr'>et</span> <span class='ocrx_word' id='word_1_434' title='bbox 1184 5389 1471 5446; x_wconf 90' lang='lat' dir='ltr'>voluntate</span> <span class='ocrx_word' id='word_1_435' title='bbox 1486 5392 1735 5449; x_wconf 90' lang='lat' dir='ltr'>omnium</span> <span class='ocrx_word' id='word_1_436' title='bbox 1757 5376 2003 5468; x_wconf 83' lang='lat' dir='ltr'>compro-</span> 
     </span>
    </p>
   </div>
   <div class='ocr_carea' id='block_1_60' title="bbox 407 5466 2003 5553">
    <p class='ocr_par' dir='ltr' id='par_1_60' title="bbox 407 5466 2003 5553">
     <span class='ocr_line' id='line_1_60' title="bbox 407 5466 2003 5553; baseline 0.013 -35"><span class='ocrx_word' id='word_1_437' title='bbox 407 5466 730 5553; x_wconf 87' lang='lat' dir='ltr'>vincialium</span> <span class='ocrx_word' id='word_1_438' title='bbox 757 5472 1163 5546; x_wconf 89' lang='lat' dir='ltr'>episcoporum,</span> <span class='ocrx_word' id='word_1_439' title='bbox 1198 5488 1355 5535; x_wconf 83' lang='lat' dir='ltr'>extra</span> <span class='ocrx_word' id='word_1_440' title='bbox 1386 5481 1595 5553; x_wconf 90' lang='lat' dir='ltr'>aliquid</span> <span class='ocrx_word' id='word_1_441' title='bbox 1626 5499 1782 5553; x_wconf 83' lang='lat' dir='ltr'>agere</span> <span class='ocrx_word' id='word_1_442' title='bbox 1817 5466 2003 5539; x_wconf 84' lang='lat' dir='ltr'>tenta-</span> 
     </span>
    </p>
   </div>
   <div class='ocr_carea' id='block_1_61' title="bbox 406 5552 2001 5644">
    <p class='ocr_par' dir='ltr' id='par_1_61' title="bbox 406 5552 2001 5644">
     <span class='ocr_line' id='line_1_61' title="bbox 406 5552 2001 5644; baseline 0.014 -38"><span class='ocrx_word' id='word_1_443' title='bbox 406 5552 570 5621; x_wconf 88' lang='lat' dir='ltr'>verit,</span> <span class='ocrx_word' id='word_1_444' title='bbox 596 5558 795 5626; x_wconf 80' lang='lat' dir='ltr'>gradus</span> <span class='ocrx_word' id='word_1_445' title='bbox 819 5561 903 5615; x_wconf 87' lang='lat' dir='ltr'>sui</span> <span class='ocrx_word' id='word_1_446' title='bbox 935 5563 1179 5632; x_wconf 87' lang='lat' dir='ltr'>periculo</span> <span class='ocrx_word' id='word_1_447' title='bbox 1208 5552 1533 5640; x_wconf 87' lang='lat' dir='ltr'>subjacebit,</span> <span class='ocrx_word' id='word_1_448' title='bbox 1566 5579 1617 5626; x_wconf 93' lang='lat' dir='ltr'>et</span> <span class='ocrx_word' id='word_1_449' title='bbox 1647 5552 1793 5643; x_wconf 84' lang='lat' dir='ltr'>quod</span> <span class='ocrx_word' id='word_1_450' title='bbox 1831 5573 2001 5644; x_wconf 81' lang='lat' dir='ltr'>egerit</span> 
     </span>
    </p>
   </div>
   <div class='ocr_carea' id='block_1_62' title="bbox 2170 453 3773 528">
    <p class='ocr_par' dir='ltr' id='par_1_62' title="bbox 2170 453 3773 528">
     <span class='ocr_line' id='line_1_62' title="bbox 2170 453 3773 528; baseline -0.001 -16"><span class='ocrx_word' id='word_1_451' title='bbox 2170 458 2331 512; x_wconf 87' lang='lat' dir='ltr'>ritate</span> <span class='ocrx_word' id='word_1_452' title='bbox 2362 458 2487 512; x_wconf 88' lang='lat' dir='ltr'>fulti</span> <span class='ocrx_word' id='word_1_453' title='bbox 2520 457 2819 528; x_wconf 88' lang='lat' dir='ltr'>apostolica</span> <span class='ocrx_word' id='word_1_454' title='bbox 2852 453 3218 527; x_wconf 72' lang='lat' dir='ltr'>praacipimus,</span> <span class='ocrx_word' id='word_1_455' title='bbox 3251 463 3314 511; x_wconf 91' lang='lat' dir='ltr'>ut</span> <span class='ocrx_word' id='word_1_456' title='bbox 3342 453 3534 509; x_wconf 87' lang='lat' dir='ltr'>nullus</span> <span class='ocrx_word' id='word_1_457' title='bbox 3566 461 3773 511; x_wconf 79' lang='lat' dir='ltr'>metro-</span> 
     </span>
    </p>
   </div>
   <div class='ocr_carea' id='block_1_63' title="bbox 2169 542 3772 618">
    <p class='ocr_par' dir='ltr' id='par_1_63' title="bbox 2169 542 3772 618">
     <span class='ocr_line' id='line_1_63' title="bbox 2169 542 3772 618; baseline -0.001 -18"><span class='ocrx_word' id='word_1_458' title='bbox 2169 547 2467 617; x_wconf 85' lang='lat' dir='ltr'>politanus,</span> <span class='ocrx_word' id='word_1_459' title='bbox 2509 547 2715 618; x_wconf 86' lang='lat' dir='ltr'>absque</span> <span class='ocrx_word' id='word_1_460' title='bbox 2753 553 3075 609; x_wconf 74' lang='lat' dir='ltr'>czeterorum</span> <span class='ocrx_word' id='word_1_461' title='bbox 3128 542 3376 599; x_wconf 89' lang='lat' dir='ltr'>omnium</span> <span class='ocrx_word' id='word_1_462' title='bbox 3420 542 3772 613; x_wconf 75' lang='lat' dir='ltr'>comprovin~</span> 
     </span>
    </p>
   </div>
   <div class='ocr_carea' id='block_1_64' title="bbox 2168 631 3773 707">
    <p class='ocr_par' dir='ltr' id='par_1_64' title="bbox 2168 631 3773 707">
     <span class='ocr_line' id='line_1_64' title="bbox 2168 631 3773 707; baseline 0 -18"><span class='ocrx_word' id='word_1_463' title='bbox 2168 636 2393 690; x_wconf 88' lang='lat' dir='ltr'>cialium</span> <span class='ocrx_word' id='word_1_464' title='bbox 2450 636 2827 707; x_wconf 89' lang='lat' dir='ltr'>episcoporum</span> <span class='ocrx_word' id='word_1_465' title='bbox 2878 632 3161 699; x_wconf 84' lang='lat' dir='ltr'>instantia,</span> <span class='ocrx_word' id='word_1_466' title='bbox 3219 633 3541 703; x_wconf 85' lang='lat' dir='ltr'>aliquorum</span> <span class='ocrx_word' id='word_1_467' title='bbox 3587 631 3773 689; x_wconf 83' lang='lat' dir='ltr'>audiat</span> 
     </span>
    </p>
   </div>
   <div class='ocr_carea' id='block_1_65' title="bbox 2167 722 3770 798">
    <p class='ocr_par' dir='ltr' id='par_1_65' title="bbox 2167 722 3770 798">
     <span class='ocr_line' id='line_1_65' title="bbox 2167 722 3770 798; baseline -0.001 -17"><span class='ocrx_word' id='word_1_468' title='bbox 2167 742 2375 794; x_wconf 87' lang='lat' dir='ltr'>causas,</span> <span class='ocrx_word' id='word_1_469' title='bbox 2422 726 2551 798; x_wconf 91' lang='lat' dir='ltr'>quia</span> <span class='ocrx_word' id='word_1_470' title='bbox 2589 726 2758 781; x_wconf 66' lang='lat' dir='ltr'>irritae</span> <span class='ocrx_word' id='word_1_471' title='bbox 2805 734 2986 792; x_wconf 90' lang='lat' dir='ltr'>erunt,</span> <span class='ocrx_word' id='word_1_472' title='bbox 3017 730 3073 779; x_wconf 87' lang='lat' dir='ltr'>et</span> <span class='ocrx_word' id='word_1_473' title='bbox 3101 723 3219 795; x_wconf 78' lang='lat' dir='ltr'>ipse</span> <span class='ocrx_word' id='word_1_474' title='bbox 3242 737 3460 780; x_wconf 85' lang='lat' dir='ltr'>causam</span> <span class='ocrx_word' id='word_1_475' title='bbox 3500 737 3601 792; x_wconf 86' lang='lat' dir='ltr'>pro</span> <span class='ocrx_word' id='word_1_476' title='bbox 3632 722 3770 780; x_wconf 83' lang='lat' dir='ltr'>facta</span> 
     </span>
    </p>
   </div>
   <div class='ocr_carea' id='block_1_66' title="bbox 2167 814 2400 870">
    <p class='ocr_par' dir='ltr' id='par_1_66' title="bbox 2167 814 2400 870">
     <span class='ocr_line' id='line_1_66' title="bbox 2167 814 2400 870; baseline 0.013 -2"><span class='ocrx_word' id='word_1_477' title='bbox 2167 814 2339 870; x_wconf 89' lang='lat' dir='ltr'>dabit.</span> <span class='ocrx_word' id='word_1_478' title='bbox 2382 840 2400 863; x_wconf 75' lang='grc' dir='ltr'><strong><em>ι</em></strong></span> 
     </span>
    </p>
   </div>
   <div class='ocr_carea' id='block_1_67' title="bbox 2169 962 3764 1037">
    <p class='ocr_par' dir='ltr' id='par_1_67' title="bbox 2169 962 3764 1037">
     <span class='ocr_line' id='line_1_67' title="bbox 2169 962 3764 1037; baseline 0.001 -18"><span class='ocrx_word' id='word_1_479' title='bbox 2169 967 2232 1019; x_wconf 85' lang='grc' dir='ltr'><em>1η</em></span> <span class='ocrx_word' id='word_1_480' title='bbox 2254 965 2611 1022; x_wconf 82' lang='lat' dir='ltr'>Decretalibus</span> <span class='ocrx_word' id='word_1_481' title='bbox 2627 965 2765 1020; x_wconf 81' lang='lat' dir='ltr'>Julii</span> <span class='ocrx_word' id='word_1_482' title='bbox 2778 981 2954 1035; x_wconf 63' lang='lat' dir='ltr'>papae,</span> <span class='ocrx_word' id='word_1_483' title='bbox 2970 963 3032 1019; x_wconf 85' lang='lat' dir='ltr'>de</span> <span class='ocrx_word' id='word_1_484' title='bbox 3044 962 3465 1037; x_wconf 75' lang='lat' dir='ltr'>metropolitanis</span> <span class='ocrx_word' id='word_1_485' title='bbox 3496 964 3764 1037; x_wconf 74' lang='lat' dir='ltr'>episcopis,</span> 
     </span>
    </p>
   </div>
   <div class='ocr_carea' id='block_1_68' title="bbox 2383 1035 3552 1107">
    <p class='ocr_par' dir='ltr' id='par_1_68' title="bbox 2383 1035 3552 1107">
     <span class='ocr_line' id='line_1_68' title="bbox 2383 1035 3552 1107; baseline -0.001 -16"><span class='ocrx_word' id='word_1_486' title='bbox 2383 1038 2473 1107; x_wconf 79' lang='lat' dir='ltr'>qui</span> <span class='ocrx_word' id='word_1_487' title='bbox 2502 1037 2609 1107; x_wconf 77' lang='lat' dir='ltr'>fuit</span> <span class='ocrx_word' id='word_1_488' title='bbox 2641 1037 2934 1090; x_wconf 80' lang='lat' dir='ltr'>tricesimus</span> <span class='ocrx_word' id='word_1_489' title='bbox 2964 1042 3140 1091; x_wconf 72' lang='lat' dir='ltr'>sextus</span> <span class='ocrx_word' id='word_1_490' title='bbox 3161 1041 3281 1107; x_wconf 86' lang='lat' dir='ltr'>post</span> <span class='ocrx_word' id='word_1_491' title='bbox 3314 1035 3552 1090; x_wconf 77' lang='lat' dir='ltr'>Petrum.</span> 
     </span>
    </p>
   </div>
   <div class='ocr_carea' id='block_1_69' title="bbox 2241 1170 3766 1244">
    <p class='ocr_par' dir='ltr' id='par_1_69' title="bbox 2241 1170 3766 1244">
     <span class='ocr_line' id='line_1_69' title="bbox 2241 1170 3766 1244; baseline -0.001 -16"><span class='ocrx_word' id='word_1_492' title='bbox 2241 1174 2442 1244; x_wconf 84' lang='lat' dir='ltr'>(Epist.</span> <span class='ocrx_word' id='word_1_493' title='bbox 2480 1172 2555 1241; x_wconf 86' lang='grc'>1.)</span> <span class='ocrx_word' id='word_1_494' title='bbox 2595 1196 2613 1217; x_wconf 72' lang='grc' dir='ltr'><strong>ι</strong></span> <span class='ocrx_word' id='word_1_495' title='bbox 2642 1172 2912 1238; x_wconf 84' lang='lat' dir='ltr'>Quoniam</span> <span class='ocrx_word' id='word_1_496' title='bbox 2944 1178 3189 1228; x_wconf 85' lang='lat' dir='ltr'>sanctam</span> <span class='ocrx_word' id='word_1_497' title='bbox 3222 1170 3526 1226; x_wconf 81' lang='lat' dir='ltr'>Romanam</span> <span class='ocrx_word' id='word_1_498' title='bbox 3564 1172 3766 1228; x_wconf 88' lang='lat' dir='ltr'>Eccle-</span> 
     </span>
    </p>
   </div>
   <div class='ocr_carea' id='block_1_70' title="bbox 2166 1261 3762 1334">
    <p class='ocr_par' dir='ltr' id='par_1_70' title="bbox 2166 1261 3762 1334">
     <span class='ocr_line' id='line_1_70' title="bbox 2166 1261 3762 1334; baseline 0.003 -16"><span class='ocrx_word' id='word_1_499' title='bbox 2166 1264 2301 1319; x_wconf 89' lang='lat' dir='ltr'>siam</span> <span class='ocrx_word' id='word_1_500' title='bbox 2334 1265 2621 1334; x_wconf 86' lang='lat' dir='ltr'>primatem</span> <span class='ocrx_word' id='word_1_501' title='bbox 2646 1264 2896 1318; x_wconf 87' lang='lat' dir='ltr'>omnium</span> <span class='ocrx_word' id='word_1_502' title='bbox 2916 1261 3287 1318; x_wconf 87' lang='lat' dir='ltr'>Ecclesiarum</span> <span class='ocrx_word' id='word_1_503' title='bbox 3311 1278 3427 1317; x_wconf 87' lang='lat' dir='ltr'>esse</span> <span class='ocrx_word' id='word_1_504' title='bbox 3450 1263 3762 1334; x_wconf 88' lang='lat' dir='ltr'>voluerunt,</span> 
     </span>
    </p>
   </div>
   <div class='ocr_carea' id='block_1_71' title="bbox 2168 1354 3761 1427">
    <p class='ocr_par' dir='ltr' id='par_1_71' title="bbox 2168 1354 3761 1427">
     <span class='ocr_line' id='line_1_71' title="bbox 2168 1354 3761 1427; baseline 0.003 -16"><span class='ocrx_word' id='word_1_505' title='bbox 2168 1364 2227 1411; x_wconf 92' lang='lat' dir='ltr'>ut</span> <span class='ocrx_word' id='word_1_506' title='bbox 2254 1355 2603 1411; x_wconf 85' lang='lat' dir='ltr'>sicutbeatus</span> <span class='ocrx_word' id='word_1_507' title='bbox 2634 1357 2823 1411; x_wconf 86' lang='lat' dir='ltr'>Petrus</span> <span class='ocrx_word' id='word_1_508' title='bbox 2842 1355 3122 1427; x_wconf 88' lang='lat' dir='ltr'>apostolus</span> <span class='ocrx_word' id='word_1_509' title='bbox 3150 1354 3362 1425; x_wconf 90' lang='lat' dir='ltr'>primus</span> <span class='ocrx_word' id='word_1_510' title='bbox 3392 1355 3498 1411; x_wconf 87' lang='lat' dir='ltr'>fuit</span> <span class='ocrx_word' id='word_1_511' title='bbox 3518 1358 3761 1415; x_wconf 85' lang='lat' dir='ltr'>omnium</span> 
     </span>
    </p>
   </div>
   <div class='ocr_carea' id='block_1_72' title="bbox 2168 1443 3759 1515">
    <p class='ocr_par' dir='ltr' id='par_1_72' title="bbox 2168 1443 3759 1515">
     <span class='ocr_line' id='line_1_72' title="bbox 2168 1443 3759 1515; baseline 0.003 -16"><span class='ocrx_word' id='word_1_512' title='bbox 2168 1446 2561 1515; x_wconf 85' lang='lat' dir='ltr'>apostolorum,</span> <span class='ocrx_word' id='word_1_513' title='bbox 2610 1445 2685 1499; x_wconf 92' lang='lat' dir='ltr'>ita</span> <span class='ocrx_word' id='word_1_514' title='bbox 2736 1452 2791 1499; x_wconf 90' lang='lat' dir='ltr'>et</span> <span class='ocrx_word' id='word_1_515' title='bbox 2843 1443 2961 1500; x_wconf 67' lang='lat' dir='ltr'>haec</span> <span class='ocrx_word' id='word_1_516' title='bbox 3006 1444 3273 1510; x_wconf 86' lang='lat' dir='ltr'>Ecclesia,</span> <span class='ocrx_word' id='word_1_517' title='bbox 3321 1444 3498 1515; x_wconf 86' lang='lat' dir='ltr'>ipsius</span> <span class='ocrx_word' id='word_1_518' title='bbox 3546 1449 3759 1503; x_wconf 88' lang='lat' dir='ltr'>nomine</span> 
     </span>
    </p>
   </div>
   <div class='ocr_carea' id='block_1_73' title="bbox 2167 1534 3760 1607">
    <p class='ocr_par' dir='ltr' id='par_1_73' title="bbox 2167 1534 3760 1607">
     <span class='ocr_line' id='line_1_73' title="bbox 2167 1534 3760 1607; baseline 0.001 -16"><span class='ocrx_word' id='word_1_519' title='bbox 2167 1543 2501 1603; x_wconf 89' lang='lat' dir='ltr'>consecrata,</span> <span class='ocrx_word' id='word_1_520' title='bbox 2534 1535 2772 1590; x_wconf 90' lang='lat' dir='ltr'>Domino</span> <span class='ocrx_word' id='word_1_521' title='bbox 2818 1534 3143 1590; x_wconf 88' lang='lat' dir='ltr'>instituente</span> <span class='ocrx_word' id='word_1_522' title='bbox 3174 1534 3351 1605; x_wconf 87' lang='lat' dir='ltr'>prima</span> <span class='ocrx_word' id='word_1_523' title='bbox 3398 1544 3453 1590; x_wconf 88' lang='lat' dir='ltr'>et</span> <span class='ocrx_word' id='word_1_524' title='bbox 3492 1545 3655 1607; x_wconf 84' lang='lat' dir='ltr'>caput</span> <span class='ocrx_word' id='word_1_525' title='bbox 3692 1538 3760 1592; x_wconf 88' lang='lat' dir='ltr'>sit</span> 
     </span>
    </p>
   </div>
   <div class='ocr_carea' id='block_1_74' title="bbox 2167 1621 3759 1695">
    <p class='ocr_par' dir='ltr' id='par_1_74' title="bbox 2167 1621 3759 1695">
     <span class='ocr_line' id='line_1_74' title="bbox 2167 1621 3759 1695; baseline 0 -15"><span class='ocrx_word' id='word_1_526' title='bbox 2167 1631 2506 1690; x_wconf 62' lang='lat' dir='ltr'>caaterarum,</span> <span class='ocrx_word' id='word_1_527' title='bbox 2540 1631 2593 1678; x_wconf 89' lang='lat' dir='ltr'>et</span> <span class='ocrx_word' id='word_1_528' title='bbox 2624 1624 2691 1678; x_wconf 90' lang='lat' dir='ltr'>ad</span> <span class='ocrx_word' id='word_1_529' title='bbox 2729 1639 2846 1678; x_wconf 89' lang='lat' dir='ltr'>eam</span> <span class='ocrx_word' id='word_1_530' title='bbox 2895 1623 3047 1695; x_wconf 90' lang='lat' dir='ltr'>quasi</span> <span class='ocrx_word' id='word_1_531' title='bbox 3078 1621 3146 1677; x_wconf 88' lang='lat' dir='ltr'>ad</span> <span class='ocrx_word' id='word_1_532' title='bbox 3177 1629 3408 1678; x_wconf 87' lang='lat' dir='ltr'>matrem</span> <span class='ocrx_word' id='word_1_533' title='bbox 3455 1631 3622 1694; x_wconf 87' lang='lat' dir='ltr'>atque</span> <span class='ocrx_word' id='word_1_534' title='bbox 3657 1627 3759 1695; x_wconf 86' lang='lat' dir='ltr'>api-</span> 
     </span>
    </p>
   </div>
   <div class='ocr_carea' id='block_1_75' title="bbox 2092 1711 3758 1789">
    <p class='ocr_par' dir='ltr' id='par_1_75' title="bbox 2092 1711 3758 1789">
     <span class='ocr_line' id='line_1_75' title="bbox 2092 1711 3758 1789; baseline 0.001 -20"><span class='ocrx_word' id='word_1_535' title='bbox 2092 1730 2136 1789; x_wconf 75' lang='grc' dir='ltr'><strong>Β</strong></span> <span class='ocrx_word' id='word_1_536' title='bbox 2168 1728 2307 1780; x_wconf 81' lang='lat' dir='ltr'>cem,</span> <span class='ocrx_word' id='word_1_537' title='bbox 2340 1729 2530 1769; x_wconf 88' lang='lat' dir='ltr'>omnes</span> <span class='ocrx_word' id='word_1_538' title='bbox 2559 1711 2789 1782; x_wconf 88' lang='lat' dir='ltr'>majores</span> <span class='ocrx_word' id='word_1_539' title='bbox 2820 1711 3076 1768; x_wconf 85' lang='lat' dir='ltr'>Ecclesiae</span> <span class='ocrx_word' id='word_1_540' title='bbox 3115 1728 3290 1767; x_wconf 60' lang='lat' dir='ltr'>causa</span> <span class='ocrx_word' id='word_1_541' title='bbox 3327 1718 3381 1769; x_wconf 86' lang='lat' dir='ltr'>et</span> <span class='ocrx_word' id='word_1_542' title='bbox 3414 1711 3635 1783; x_wconf 86' lang='lat' dir='ltr'>judicia</span> <span class='ocrx_word' id='word_1_543' title='bbox 3662 1716 3758 1786; x_wconf 87' lang='lat' dir='ltr'>epi-</span> 
     </span>
    </p>
   </div>
   <div class='ocr_carea' id='block_1_76' title="bbox 2156 1801 3769 1876">
    <p class='ocr_par' dir='ltr' id='par_1_76' title="bbox 2156 1801 3769 1876">
     <span class='ocr_line' id='line_1_76' title="bbox 2156 1801 3769 1876; baseline 0.001 -16"><span class='ocrx_word' id='word_1_544' title='bbox 2156 1820 2447 1876; x_wconf 84' lang='lat' dir='ltr'>scoporum</span> <span class='ocrx_word' id='word_1_545' title='bbox 2477 1810 2775 1871; x_wconf 86' lang='lat' dir='ltr'>recurrant,</span> <span class='ocrx_word' id='word_1_546' title='bbox 2806 1802 3031 1875; x_wconf 86' lang='lat' dir='ltr'>ejusque</span> <span class='ocrx_word' id='word_1_547' title='bbox 3045 1801 3194 1873; x_wconf 87' lang='lat' dir='ltr'>justa</span> <span class='ocrx_word' id='word_1_548' title='bbox 3221 1803 3531 1859; x_wconf 86' lang='lat' dir='ltr'>terminum</span> <span class='ocrx_word' id='word_1_549' title='bbox 3552 1815 3769 1864; x_wconf 83' lang='lat' dir='ltr'>sumant</span> 
     </span>
    </p>
   </div>
   <div class='ocr_carea' id='block_1_77' title="bbox 2157 1891 3766 1964">
    <p class='ocr_par' dir='ltr' id='par_1_77' title="bbox 2157 1891 3766 1964">
     <span class='ocr_line' id='line_1_77' title="bbox 2157 1891 3766 1964; baseline 0.001 -15"><span class='ocrx_word' id='word_1_550' title='bbox 2157 1894 2445 1949; x_wconf 87' lang='lat' dir='ltr'>sententia.</span> <span class='ocrx_word' id='word_1_551' title='bbox 2478 1894 2589 1949; x_wconf 81' lang='lat' dir='ltr'>Nec</span> <span class='ocrx_word' id='word_1_552' title='bbox 2618 1902 2773 1948; x_wconf 77' lang='lat' dir='ltr'>extra</span> <span class='ocrx_word' id='word_1_553' title='bbox 2803 1895 3112 1949; x_wconf 82' lang='lat' dir='ltr'>Romanum</span> <span class='ocrx_word' id='word_1_554' title='bbox 3143 1891 3454 1964; x_wconf 88' lang='lat' dir='ltr'>quidquam</span> <span class='ocrx_word' id='word_1_555' title='bbox 3486 1909 3557 1949; x_wconf 83' lang='lat' dir='ltr'>ex</span> <span class='ocrx_word' id='word_1_556' title='bbox 3588 1894 3766 1951; x_wconf 85' lang='lat' dir='ltr'>eisde-</span> 
     </span>
    </p>
   </div>
   <div class='ocr_carea' id='block_1_78' title="bbox 2154 1971 3760 2054">
    <p class='ocr_par' dir='ltr' id='par_1_78' title="bbox 2154 1971 3760 2054">
     <span class='ocr_line' id='line_1_78' title="bbox 2154 1971 3760 2054; baseline 0.002 -17"><span class='ocrx_word' id='word_1_557' title='bbox 2154 1982 2304 2037; x_wconf 90' lang='lat' dir='ltr'>cerni</span> <span class='ocrx_word' id='word_1_558' title='bbox 2338 1981 2533 2037; x_wconf 87' lang='lat' dir='ltr'>debere</span> <span class='ocrx_word' id='word_1_559' title='bbox 2563 1982 2903 2051; x_wconf 82' lang='lat' dir='ltr'>pontiﬁcem,</span> <span class='ocrx_word' id='word_1_560' title='bbox 2937 1971 3212 2054; x_wconf 84' lang='lat' dir='ltr'>quatenus</span> <span class='ocrx_word' id='word_1_561' title='bbox 3253 1998 3366 2038; x_wconf 91' lang='lat' dir='ltr'>non</span> <span class='ocrx_word' id='word_1_562' title='bbox 3400 1982 3479 2039; x_wconf 78' lang='lat' dir='ltr'>ita</span> <span class='ocrx_word' id='word_1_563' title='bbox 3510 1991 3760 2053; x_wconf 81' lang='lat' dir='ltr'>proterve</span> 
     </span>
    </p>
   </div>
   <div class='ocr_carea' id='block_1_79' title="bbox 2154 2073 3766 2147">
    <p class='ocr_par' dir='ltr' id='par_1_79' title="bbox 2154 2073 3766 2147">
     <span class='ocr_line' id='line_1_79' title="bbox 2154 2073 3766 2147; baseline 0.002 -19"><span class='ocrx_word' id='word_1_564' title='bbox 2154 2081 2207 2128; x_wconf 89' lang='lat' dir='ltr'>et</span> <span class='ocrx_word' id='word_1_565' title='bbox 2234 2090 2331 2144; x_wconf 90' lang='lat' dir='ltr'>pro</span> <span class='ocrx_word' id='word_1_566' title='bbox 2378 2074 2538 2129; x_wconf 89' lang='lat' dir='ltr'>libitu</span> <span class='ocrx_word' id='word_1_567' title='bbox 2584 2074 2911 2145; x_wconf 85' lang='lat' dir='ltr'>cujusquam</span> <span class='ocrx_word' id='word_1_568' title='bbox 2957 2091 3056 2129; x_wconf 92' lang='lat' dir='ltr'>suo</span> <span class='ocrx_word' id='word_1_569' title='bbox 3086 2074 3312 2147; x_wconf 88' lang='lat' dir='ltr'>proprio</span> <span class='ocrx_word' id='word_1_570' title='bbox 3358 2073 3643 2137; x_wconf 86' lang='lat' dir='ltr'>arbitrio,</span> <span class='ocrx_word' id='word_1_571' title='bbox 3677 2075 3766 2147; x_wconf 86' lang='lat' dir='ltr'>qui</span> 
     </span>
    </p>
   </div>
   <div class='ocr_carea' id='block_1_80' title="bbox 2152 2165 3766 2238">
    <p class='ocr_par' dir='ltr' id='par_1_80' title="bbox 2152 2165 3766 2238">
     <span class='ocr_line' id='line_1_80' title="bbox 2152 2165 3766 2238; baseline 0.001 -18"><span class='ocrx_word' id='word_1_572' title='bbox 2152 2166 2361 2238; x_wconf 89' lang='lat' dir='ltr'>busque</span> <span class='ocrx_word' id='word_1_573' title='bbox 2409 2166 2868 2237; x_wconf 87' lang='lat' dir='ltr'>metropolitanis,</span> <span class='ocrx_word' id='word_1_574' title='bbox 2919 2167 3061 2222; x_wconf 85' lang='lat' dir='ltr'>sicut</span> <span class='ocrx_word' id='word_1_575' title='bbox 3101 2182 3256 2238; x_wconf 82' lang='lat' dir='ltr'>agere</span> <span class='ocrx_word' id='word_1_576' title='bbox 3287 2165 3569 2233; x_wconf 88' lang='lat' dir='ltr'>solebant,</span> <span class='ocrx_word' id='word_1_577' title='bbox 3616 2166 3766 2223; x_wconf 87' lang='lat' dir='ltr'>liceat</span> 
     </span>
    </p>
   </div>
   <div class='ocr_carea' id='block_1_81' title="bbox 2154 2255 3761 2328">
    <p class='ocr_par' dir='ltr' id='par_1_81' title="bbox 2154 2255 3761 2328">
     <span class='ocr_line' id='line_1_81' title="bbox 2154 2255 3761 2328; baseline 0.001 -17"><span class='ocrx_word' id='word_1_578' title='bbox 2154 2257 2465 2311; x_wconf 88' lang='lat' dir='ltr'>inconsulto</span> <span class='ocrx_word' id='word_1_579' title='bbox 2500 2258 2746 2311; x_wconf 81' lang='lat' dir='ltr'>Romano</span> <span class='ocrx_word' id='word_1_580' title='bbox 2791 2257 3053 2328; x_wconf 87' lang='lat' dir='ltr'>pontiﬁce</span> <span class='ocrx_word' id='word_1_581' title='bbox 3086 2264 3180 2312; x_wconf 86' lang='lat' dir='ltr'>aut</span> <span class='ocrx_word' id='word_1_582' title='bbox 3220 2255 3458 2327; x_wconf 85' lang='lat' dir='ltr'>majores</span> <span class='ocrx_word' id='word_1_583' title='bbox 3504 2257 3761 2313; x_wconf 68' lang='lat' dir='ltr'>Ecclesia</span> 
     </span>
    </p>
   </div>
   <div class='ocr_carea' id='block_1_82' title="bbox 2152 2345 3753 2419">
    <p class='ocr_par' dir='ltr' id='par_1_82' title="bbox 2152 2345 3753 2419">
     <span class='ocr_line' id='line_1_82' title="bbox 2152 2345 3753 2419; baseline -0.001 -17"><span class='ocrx_word' id='word_1_584' title='bbox 2152 2362 2341 2402; x_wconf 87' lang='lat' dir='ltr'>causas</span> <span class='ocrx_word' id='word_1_585' title='bbox 2368 2345 2677 2411; x_wconf 87' lang='lat' dir='ltr'>deturbare,</span> <span class='ocrx_word' id='word_1_586' title='bbox 2710 2352 2803 2400; x_wconf 88' lang='lat' dir='ltr'>aut</span> <span class='ocrx_word' id='word_1_587' title='bbox 2832 2347 3114 2419; x_wconf 88' lang='lat' dir='ltr'>episcopos</span> <span class='ocrx_word' id='word_1_588' title='bbox 3142 2347 3405 2402; x_wconf 87' lang='lat' dir='ltr'>damnare</span> <span class='ocrx_word' id='word_1_589' title='bbox 3428 2364 3440 2402; x_wconf 91' lang='lat'>:</span> <span class='ocrx_word' id='word_1_590' title='bbox 3478 2346 3576 2402; x_wconf 90' lang='lat' dir='ltr'>sed</span> <span class='ocrx_word' id='word_1_591' title='bbox 3596 2363 3753 2403; x_wconf 84' lang='lat' dir='ltr'>com-</span> 
     </span>
    </p>
   </div>
   <div class='ocr_carea' id='block_1_83' title="bbox 2156 2434 3758 2508">
    <p class='ocr_par' dir='ltr' id='par_1_83' title="bbox 2156 2434 3758 2508">
     <span class='ocr_line' id='line_1_83' title="bbox 2156 2434 3758 2508; baseline 0.003 -20"><span class='ocrx_word' id='word_1_592' title='bbox 2156 2434 2309 2489; x_wconf 90' lang='lat' dir='ltr'>muni</span> <span class='ocrx_word' id='word_1_593' title='bbox 2336 2443 2540 2489; x_wconf 72' lang='lat' dir='ltr'>sanctae</span> <span class='ocrx_word' id='word_1_594' title='bbox 2572 2436 2827 2490; x_wconf 79' lang='lat' dir='ltr'>Romanae</span> <span class='ocrx_word' id='word_1_595' title='bbox 2853 2436 2999 2491; x_wconf 88' lang='lat' dir='ltr'>sedis</span> <span class='ocrx_word' id='word_1_596' title='bbox 3019 2437 3260 2508; x_wconf 89' lang='lat' dir='ltr'>episcopi</span> <span class='ocrx_word' id='word_1_597' title='bbox 3281 2436 3541 2502; x_wconf 89' lang='lat' dir='ltr'>consilio,</span> <span class='ocrx_word' id='word_1_598' title='bbox 3565 2445 3622 2492; x_wconf 87' lang='lat' dir='ltr'>et</span> <span class='ocrx_word' id='word_1_599' title='bbox 3641 2454 3758 2493; x_wconf 85' lang='lat' dir='ltr'>con-</span> 
     </span>
    </p>
   </div>
   <div class='ocr_carea' id='block_1_84' title="bbox 2152 2527 3757 2599">
    <p class='ocr_par' dir='ltr' id='par_1_84' title="bbox 2152 2527 3757 2599">
     <span class='ocr_line' id='line_1_84' title="bbox 2152 2527 3757 2599; baseline 0 -17"><span class='ocrx_word' id='word_1_600' title='bbox 2152 2528 2302 2583; x_wconf 88' lang='lat' dir='ltr'>cordi</span> <span class='ocrx_word' id='word_1_601' title='bbox 2336 2528 2573 2594; x_wconf 89' lang='lat' dir='ltr'>actione,</span> <span class='ocrx_word' id='word_1_602' title='bbox 2610 2544 2838 2599; x_wconf 84' lang='lat' dir='ltr'>quaeque</span> <span class='ocrx_word' id='word_1_603' title='bbox 2869 2535 2996 2583; x_wconf 88' lang='lat' dir='ltr'>sunt</span> <span class='ocrx_word' id='word_1_604' title='bbox 3026 2527 3234 2583; x_wconf 86' lang='lat' dir='ltr'>Christi</span> <span class='ocrx_word' id='word_1_605' title='bbox 3266 2528 3384 2583; x_wconf 90' lang='lat' dir='ltr'>zelo</span> <span class='ocrx_word' id='word_1_606' title='bbox 3414 2527 3629 2598; x_wconf 84' lang='lat' dir='ltr'>agenda</span> <span class='ocrx_word' id='word_1_607' title='bbox 3657 2527 3757 2582; x_wconf 87' lang='lat' dir='ltr'>dis-</span> 
     </span>
    </p>
   </div>
   <div class='ocr_carea' id='block_1_85' title="bbox 2156 2618 3757 2691">
    <p class='ocr_par' dir='ltr' id='par_1_85' title="bbox 2156 2618 3757 2691">
     <span class='ocr_line' id='line_1_85' title="bbox 2156 2618 3757 2691; baseline 0.001 -20"><span class='ocrx_word' id='word_1_608' title='bbox 2156 2626 2381 2689; x_wconf 90' lang='lat' dir='ltr'>ponant,</span> <span class='ocrx_word' id='word_1_609' title='bbox 2418 2619 2864 2691; x_wconf 88' lang='lat' dir='ltr'>unanimiterque</span> <span class='ocrx_word' id='word_1_610' title='bbox 2903 2626 3049 2674; x_wconf 88' lang='lat' dir='ltr'>recte</span> <span class='ocrx_word' id='word_1_611' title='bbox 3078 2618 3338 2684; x_wconf 83' lang='lat' dir='ltr'>sentiant,</span> <span class='ocrx_word' id='word_1_612' title='bbox 3371 2624 3424 2673; x_wconf 86' lang='lat' dir='ltr'>et</span> <span class='ocrx_word' id='word_1_613' title='bbox 3462 2633 3590 2688; x_wconf 65' lang='lat' dir='ltr'>qua</span> <span class='ocrx_word' id='word_1_614' title='bbox 3632 2634 3757 2673; x_wconf 84' lang='lat' dir='ltr'>sen-</span> 
     </span>
    </p>
   </div>
   <div class='ocr_carea' id='block_1_86' title="bbox 2154 2708 3754 2780">
    <p class='ocr_par' dir='ltr' id='par_1_86' title="bbox 2154 2708 3754 2780">
     <span class='ocr_line' id='line_1_86' title="bbox 2154 2708 3754 2780; baseline 0 -19"><span class='ocrx_word' id='word_1_615' title='bbox 2154 2708 2325 2762; x_wconf 86' lang='lat' dir='ltr'>serint</span> <span class='ocrx_word' id='word_1_616' title='bbox 2346 2725 2454 2762; x_wconf 87' lang='lat' dir='ltr'>non</span> <span class='ocrx_word' id='word_1_617' title='bbox 2489 2708 2711 2764; x_wconf 86' lang='lat' dir='ltr'>sibimet</span> <span class='ocrx_word' id='word_1_618' title='bbox 2736 2708 3119 2780; x_wconf 87' lang='lat' dir='ltr'>discrepando,</span> <span class='ocrx_word' id='word_1_619' title='bbox 3154 2708 3248 2763; x_wconf 87' lang='lat' dir='ltr'>sed</span> <span class='ocrx_word' id='word_1_620' title='bbox 3273 2710 3386 2763; x_wconf 92' lang='lat' dir='ltr'>Deo</span> <span class='ocrx_word' id='word_1_621' title='bbox 3416 2708 3626 2780; x_wconf 88' lang='lat' dir='ltr'>placite</span> <span class='ocrx_word' id='word_1_622' title='bbox 3646 2723 3754 2779; x_wconf 88' lang='lat' dir='ltr'>per-</span> 
     </span>
    </p>
   </div>
   <div class='ocr_carea' id='block_1_87' title="bbox 2153 2798 3752 2872">
    <p class='ocr_par' dir='ltr' id='par_1_87' title="bbox 2153 2798 3752 2872">
     <span class='ocr_line' id='line_1_87' title="bbox 2153 2798 3752 2872; baseline 0.001 -20"><span class='ocrx_word' id='word_1_623' title='bbox 2153 2798 2359 2853; x_wconf 84' lang='lat' dir='ltr'>ﬁciant.</span> <span class='ocrx_word' id='word_1_624' title='bbox 2386 2824 2401 2843; x_wconf 81' lang='grc' dir='ltr'><strong><em>ι</em></strong></span> <span class='ocrx_word' id='word_1_625' title='bbox 2430 2802 2503 2853; x_wconf 89' lang='grc' dir='ltr'><em>Ει</em></span> <span class='ocrx_word' id='word_1_626' title='bbox 2526 2808 2643 2870; x_wconf 85' lang='lat' dir='ltr'>post</span> <span class='ocrx_word' id='word_1_627' title='bbox 2668 2816 2839 2870; x_wconf 80' lang='lat' dir='ltr'>pauca</span> <span class='ocrx_word' id='word_1_628' title='bbox 2868 2819 2878 2854; x_wconf 89' lang='lat'>:</span> <span class='ocrx_word' id='word_1_629' title='bbox 2920 2825 2936 2845; x_wconf 78' lang='grc' dir='ltr'>ι</span> <span class='ocrx_word' id='word_1_630' title='bbox 2966 2800 3023 2854; x_wconf 88' lang='lat' dir='ltr'>Si</span> <span class='ocrx_word' id='word_1_631' title='bbox 3044 2800 3165 2872; x_wconf 88' lang='lat' dir='ltr'>quis</span> <span class='ocrx_word' id='word_1_632' title='bbox 3191 2801 3258 2855; x_wconf 87' lang='lat' dir='ltr'>ab</span> <span class='ocrx_word' id='word_1_633' title='bbox 3291 2799 3563 2855; x_wconf 86' lang='lat' dir='ltr'>hodierna</span> <span class='ocrx_word' id='word_1_634' title='bbox 3586 2800 3676 2855; x_wconf 87' lang='lat' dir='ltr'>die</span> <span class='ocrx_word' id='word_1_635' title='bbox 3704 2808 3752 2854; x_wconf 84' lang='lat' dir='ltr'>et</span> 
     </span>
    </p>
   </div>
   <div class='ocr_carea' id='block_1_88' title="bbox 2153 2886 3751 2961">
    <p class='ocr_par' dir='ltr' id='par_1_88' title="bbox 2153 2886 3751 2961">
     <span class='ocr_line' id='line_1_88' title="bbox 2153 2886 3751 2961; baseline 0 -19"><span class='ocrx_word' id='word_1_636' title='bbox 2153 2886 2407 2958; x_wconf 88' lang='lat' dir='ltr'>deinceps</span> <span class='ocrx_word' id='word_1_637' title='bbox 2438 2889 2751 2960; x_wconf 87' lang='lat' dir='ltr'>episcopum</span> <span class='ocrx_word' id='word_1_638' title='bbox 2792 2897 2987 2960; x_wconf 74' lang='lat' dir='ltr'>prmter</span> <span class='ocrx_word' id='word_1_639' title='bbox 3016 2889 3182 2961; x_wconf 88' lang='lat' dir='ltr'>hujus</span> <span class='ocrx_word' id='word_1_640' title='bbox 3210 2898 3409 2944; x_wconf 65' lang='lat' dir='ltr'>sanctae</span> <span class='ocrx_word' id='word_1_641' title='bbox 3449 2889 3599 2944; x_wconf 88' lang='lat' dir='ltr'>sedis</span> <span class='ocrx_word' id='word_1_642' title='bbox 3626 2904 3751 2944; x_wconf 88' lang='lat' dir='ltr'>sen-</span> 
     </span>
    </p>
   </div>
   <div class='ocr_carea' id='block_1_89' title="bbox 2154 2975 3747 3050">
    <p class='ocr_par' dir='ltr' id='par_1_89' title="bbox 2154 2975 3747 3050">
     <span class='ocr_line' id='line_1_89' title="bbox 2154 2975 3747 3050; baseline 0.003 -23"><span class='ocrx_word' id='word_1_643' title='bbox 2154 2976 2386 3028; x_wconf 88' lang='lat' dir='ltr'>tentiam</span> <span class='ocrx_word' id='word_1_644' title='bbox 2418 2975 2698 3046; x_wconf 89' lang='lat' dir='ltr'>damnare,</span> <span class='ocrx_word' id='word_1_645' title='bbox 2729 2986 2822 3031; x_wconf 88' lang='lat' dir='ltr'>aut</span> <span class='ocrx_word' id='word_1_646' title='bbox 2852 2979 3071 3050; x_wconf 88' lang='lat' dir='ltr'>propria</span> <span class='ocrx_word' id='word_1_647' title='bbox 3102 2978 3300 3049; x_wconf 84' lang='lat' dir='ltr'>pellere</span> <span class='ocrx_word' id='word_1_648' title='bbox 3335 2976 3462 3032; x_wconf 89' lang='lat' dir='ltr'>sede</span> <span class='ocrx_word' id='word_1_649' title='bbox 3496 2995 3747 3049; x_wconf 70' lang='lat' dir='ltr'>praesum-</span> 
     </span>
    </p>
   </div>
   <div class='ocr_carea' id='block_1_90' title="bbox 2153 3064 3750 3137">
    <p class='ocr_par' dir='ltr' id='par_1_90' title="bbox 2153 3064 3750 3137">
     <span class='ocr_line' id='line_1_90' title="bbox 2153 3064 3750 3137; baseline 0.001 -18"><span class='ocrx_word' id='word_1_650' title='bbox 2153 3064 2340 3135; x_wconf 88' lang='lat' dir='ltr'>pserit,</span> <span class='ocrx_word' id='word_1_651' title='bbox 2371 3065 2507 3120; x_wconf 88' lang='lat' dir='ltr'>sciat</span> <span class='ocrx_word' id='word_1_652' title='bbox 2535 3082 2590 3120; x_wconf 90' lang='lat' dir='ltr'>se</span> <span class='ocrx_word' id='word_1_653' title='bbox 2638 3066 3140 3137; x_wconf 89' lang='lat' dir='ltr'>irrecuperabiliter</span> <span class='ocrx_word' id='word_1_654' title='bbox 3168 3084 3282 3122; x_wconf 88' lang='lat' dir='ltr'>esse</span> <span class='ocrx_word' id='word_1_655' title='bbox 3312 3066 3660 3133; x_wconf 88' lang='lat' dir='ltr'>damnatum,</span> <span class='ocrx_word' id='word_1_656' title='bbox 3699 3074 3750 3121; x_wconf 88' lang='lat' dir='ltr'>et</span> 
     </span>
    </p>
   </div>
   <div class='ocr_carea' id='block_1_91' title="bbox 2156 3153 3748 3226">
    <p class='ocr_par' dir='ltr' id='par_1_91' title="bbox 2156 3153 3748 3226">
     <span class='ocr_line' id='line_1_91' title="bbox 2156 3153 3748 3226; baseline 0.003 -20"><span class='ocrx_word' id='word_1_657' title='bbox 2156 3153 2375 3224; x_wconf 84' lang='lat' dir='ltr'>proprio</span> <span class='ocrx_word' id='word_1_658' title='bbox 2405 3170 2585 3209; x_wconf 87' lang='lat' dir='ltr'>carere</span> <span class='ocrx_word' id='word_1_659' title='bbox 2625 3156 2893 3226; x_wconf 89' lang='lat' dir='ltr'>perpetim</span> <span class='ocrx_word' id='word_1_660' title='bbox 2925 3155 3151 3212; x_wconf 89' lang='lat' dir='ltr'>honore.</span> <span class='ocrx_word' id='word_1_661' title='bbox 3186 3182 3203 3204; x_wconf 82' lang='lat'><strong><em>-</em></strong></span> <span class='ocrx_word' id='word_1_662' title='bbox 3248 3158 3377 3211; x_wconf 87' lang='lat' dir='ltr'>Item</span> <span class='ocrx_word' id='word_1_663' title='bbox 3408 3155 3662 3224; x_wconf 80' lang='lat' dir='ltr'>ejusdem,</span> <span class='ocrx_word' id='word_1_664' title='bbox 3690 3174 3748 3210; x_wconf 68' lang='lat' dir='ltr'>ea:</span> 
     </span>
    </p>
   </div>
   <div class='ocr_carea' id='block_1_92' title="bbox 2152 3242 3751 3317">
    <p class='ocr_par' dir='ltr' id='par_1_92' title="bbox 2152 3242 3751 3317">
     <span class='ocr_line' id='line_1_92' title="bbox 2152 3242 3751 3317; baseline 0.004 -23"><span class='ocrx_word' id='word_1_665' title='bbox 2152 3242 2367 3296; x_wconf 81' lang='lat' dir='ltr'>decretis</span> <span class='ocrx_word' id='word_1_666' title='bbox 2396 3260 2511 3311; x_wconf 69' lang='lat' dir='ltr'>qua:</span> <span class='ocrx_word' id='word_1_667' title='bbox 2536 3244 2757 3313; x_wconf 79' lang='lat' dir='ltr'>sumpsit</span> <span class='ocrx_word' id='word_1_668' title='bbox 2785 3262 2849 3297; x_wconf 69' lang='lat' dir='ltr'>ea:</span> <span class='ocrx_word' id='word_1_669' title='bbox 2884 3245 3097 3300; x_wconf 80' lang='lat' dir='ltr'>Nicamo</span> <span class='ocrx_word' id='word_1_670' title='bbox 3127 3245 3346 3299; x_wconf 79' lang='lat' dir='ltr'>concilio</span> <span class='ocrx_word' id='word_1_671' title='bbox 3380 3246 3568 3317; x_wconf 85' lang='lat' dir='ltr'>(epist.</span> <span class='ocrx_word' id='word_1_672' title='bbox 3602 3247 3665 3301; x_wconf 79' lang='grc'><strong>11</strong></span> <span class='ocrx_word' id='word_1_673' title='bbox 3686 3245 3751 3301; x_wconf 84' lang='lat' dir='ltr'>ad</span> 
     </span>
    </p>
   </div>
   <div class='ocr_carea' id='block_1_93' title="bbox 2153 3332 3747 3407">
    <p class='ocr_par' dir='ltr' id='par_1_93' title="bbox 2153 3332 3747 3407">
     <span class='ocr_line' id='line_1_93' title="bbox 2153 3332 3747 3407; baseline 0.001 -20"><span class='ocrx_word' id='word_1_674' title='bbox 2153 3332 2505 3399; x_wconf 83' lang='lat' dir='ltr'>Orientales).</span> <span class='ocrx_word' id='word_1_675' title='bbox 2558 3358 2574 3378; x_wconf 75' lang='grc' dir='ltr'>ι</span> <span class='ocrx_word' id='word_1_676' title='bbox 2600 3333 2667 3387; x_wconf 88' lang='lat' dir='ltr'>Ut</span> <span class='ocrx_word' id='word_1_677' title='bbox 2702 3349 2893 3388; x_wconf 88' lang='lat' dir='ltr'>omnes</span> <span class='ocrx_word' id='word_1_678' title='bbox 2931 3335 3170 3407; x_wconf 87' lang='lat' dir='ltr'>episcopi</span> <span class='ocrx_word' id='word_1_679' title='bbox 3201 3336 3293 3407; x_wconf 90' lang='lat' dir='ltr'>qui</span> <span class='ocrx_word' id='word_1_680' title='bbox 3333 3336 3389 3389; x_wconf 90' lang='lat' dir='ltr'>in</span> <span class='ocrx_word' id='word_1_681' title='bbox 3421 3336 3747 3407; x_wconf 85' lang='lat' dir='ltr'>quibusdam</span> 
     </span>
    </p>
   </div>
   <div class='ocr_carea' id='block_1_94' title="bbox 2151 3422 3748 3497">
    <p class='ocr_par' dir='ltr' id='par_1_94' title="bbox 2151 3422 3748 3497">
     <span class='ocr_line' id='line_1_94' title="bbox 2151 3422 3748 3497; baseline 0.004 -24"><span class='ocrx_word' id='word_1_682' title='bbox 2151 3422 2495 3492; x_wconf 60' lang='lat' dir='ltr'>gravim&#39;ibus</span> <span class='ocrx_word' id='word_1_683' title='bbox 2520 3423 2808 3495; x_wconf 89' lang='lat' dir='ltr'>pulsantur</span> <span class='ocrx_word' id='word_1_684' title='bbox 2832 3426 2918 3479; x_wconf 86' lang='lat' dir='ltr'>vel</span> <span class='ocrx_word' id='word_1_685' title='bbox 2942 3425 3311 3479; x_wconf 85' lang='lat' dir='ltr'>criminantur</span> <span class='ocrx_word' id='word_1_686' title='bbox 3333 3427 3515 3480; x_wconf 90' lang='lat' dir='ltr'>causis</span> <span class='ocrx_word' id='word_1_687' title='bbox 3535 3428 3748 3497; x_wconf 88' lang='lat' dir='ltr'>quoties</span> 
     </span>
    </p>
   </div>
   <div class='ocr_carea' id='block_1_95' title="bbox 2150 3512 3743 3585">
    <p class='ocr_par' dir='ltr' id='par_1_95' title="bbox 2150 3512 3743 3585">
     <span class='ocr_line' id='line_1_95' title="bbox 2150 3512 3743 3585; baseline 0.004 -23"><span class='ocrx_word' id='word_1_688' title='bbox 2150 3526 2366 3565; x_wconf 80' lang='lat' dir='ltr'>necesse</span> <span class='ocrx_word' id='word_1_689' title='bbox 2397 3512 2585 3580; x_wconf 86' lang='lat' dir='ltr'>fuerit,</span> <span class='ocrx_word' id='word_1_690' title='bbox 2632 3513 2799 3569; x_wconf 88' lang='lat' dir='ltr'>libere</span> <span class='ocrx_word' id='word_1_691' title='bbox 2838 3514 3193 3585; x_wconf 87' lang='lat' dir='ltr'>apostolicam</span> <span class='ocrx_word' id='word_1_692' title='bbox 3225 3514 3504 3585; x_wconf 88' lang='lat' dir='ltr'>appellent</span> <span class='ocrx_word' id='word_1_693' title='bbox 3542 3515 3743 3582; x_wconf 87' lang='lat' dir='ltr'>sedem,</span> 
     </span>
    </p>
   </div>
   <div class='ocr_carea' id='block_1_96' title="bbox 2147 3601 3747 3673">
    <p class='ocr_par' dir='ltr' id='par_1_96' title="bbox 2147 3601 3747 3673">
     <span class='ocr_line' id='line_1_96' title="bbox 2147 3601 3747 3673; baseline 0.004 -19"><span class='ocrx_word' id='word_1_694' title='bbox 2147 3608 2307 3671; x_wconf 88' lang='lat' dir='ltr'>atque</span> <span class='ocrx_word' id='word_1_695' title='bbox 2338 3601 2403 3656; x_wconf 88' lang='lat' dir='ltr'>ad</span> <span class='ocrx_word' id='word_1_696' title='bbox 2435 3617 2552 3655; x_wconf 89' lang='lat' dir='ltr'>eam</span> <span class='ocrx_word' id='word_1_697' title='bbox 2586 3602 2737 3672; x_wconf 88' lang='lat' dir='ltr'>quasi</span> <span class='ocrx_word' id='word_1_698' title='bbox 2778 3603 2845 3659; x_wconf 92' lang='lat' dir='ltr'>ad</span> <span class='ocrx_word' id='word_1_699' title='bbox 2870 3610 3096 3658; x_wconf 86' lang='lat' dir='ltr'>matrem</span> <span class='ocrx_word' id='word_1_700' title='bbox 3128 3602 3476 3673; x_wconf 88' lang='lat' dir='ltr'>confugiant,</span> <span class='ocrx_word' id='word_1_701' title='bbox 3512 3611 3573 3658; x_wconf 88' lang='lat' dir='ltr'>ut</span> <span class='ocrx_word' id='word_1_702' title='bbox 3603 3604 3672 3659; x_wconf 86' lang='lat' dir='ltr'>ab</span> <span class='ocrx_word' id='word_1_703' title='bbox 3688 3621 3747 3660; x_wconf 90' lang='lat' dir='ltr'>ea</span> 
     </span>
    </p>
   </div>
   <div class='ocr_carea' id='block_1_97' title="bbox 2146 3689 3741 3762">
    <p class='ocr_par' dir='ltr' id='par_1_97' title="bbox 2146 3689 3741 3762">
     <span class='ocr_line' id='line_1_97' title="bbox 2146 3689 3741 3762; baseline 0.004 -19"><span class='ocrx_word' id='word_1_704' title='bbox 2146 3689 2279 3744; x_wconf 88' lang='lat' dir='ltr'>sicut</span> <span class='ocrx_word' id='word_1_705' title='bbox 2308 3706 2518 3760; x_wconf 81' lang='lat' dir='ltr'>semper</span> <span class='ocrx_word' id='word_1_706' title='bbox 2539 3690 2748 3762; x_wconf 87' lang='lat' dir='ltr'>fuitpie</span> <span class='ocrx_word' id='word_1_707' title='bbox 2779 3692 3101 3758; x_wconf 85' lang='lat' dir='ltr'>fulciantur,</span> <span class='ocrx_word' id='word_1_708' title='bbox 3132 3691 3503 3747; x_wconf 86' lang='lat' dir='ltr'>defendantur</span> <span class='ocrx_word' id='word_1_709' title='bbox 3531 3702 3585 3747; x_wconf 90' lang='lat' dir='ltr'>et</span> <span class='ocrx_word' id='word_1_710' title='bbox 3616 3694 3741 3749; x_wconf 87' lang='lat' dir='ltr'>libe-</span> 
     </span>
    </p>
   </div>
   <div class='ocr_carea' id='block_1_98' title="bbox 2144 3777 3743 3850">
    <p class='ocr_par' dir='ltr' id='par_1_98' title="bbox 2144 3777 3743 3850">
     <span class='ocr_line' id='line_1_98' title="bbox 2144 3777 3743 3850; baseline 0.004 -20"><span class='ocrx_word' id='word_1_711' title='bbox 2144 3784 2351 3831; x_wconf 85' lang='lat' dir='ltr'>rentur.</span> <span class='ocrx_word' id='word_1_712' title='bbox 2378 3777 2547 3848; x_wconf 89' lang='lat' dir='ltr'>Cujus</span> <span class='ocrx_word' id='word_1_713' title='bbox 2567 3779 2917 3847; x_wconf 86' lang='lat' dir='ltr'>dispositioni</span> <span class='ocrx_word' id='word_1_714' title='bbox 2949 3796 3139 3835; x_wconf 85' lang='lat' dir='ltr'>omnes</span> <span class='ocrx_word' id='word_1_715' title='bbox 3160 3780 3397 3850; x_wconf 87' lang='lat' dir='ltr'>majores</span> <span class='ocrx_word' id='word_1_716' title='bbox 3415 3783 3743 3839; x_wconf 86' lang='lat' dir='ltr'>ecclesiasti-</span> 
     </span>
    </p>
   </div>
   <div class='ocr_carea' id='block_1_99' title="bbox 2142 3868 3746 3943">
    <p class='ocr_par' dir='ltr' id='par_1_99' title="bbox 2142 3868 3746 3943">
     <span class='ocr_line' id='line_1_99' title="bbox 2142 3868 3746 3943; baseline 0.004 -21"><span class='ocrx_word' id='word_1_717' title='bbox 2142 3884 2229 3922; x_wconf 85' lang='lat' dir='ltr'>cas</span> <span class='ocrx_word' id='word_1_718' title='bbox 2260 3875 2552 3935; x_wconf 86' lang='lat' dir='ltr'>causas,.et</span> <span class='ocrx_word' id='word_1_719' title='bbox 2580 3869 2958 3941; x_wconf 89' lang='lat' dir='ltr'>episcoporum</span> <span class='ocrx_word' id='word_1_720' title='bbox 2991 3868 3221 3940; x_wconf 88' lang='lat' dir='ltr'>judicia,</span> <span class='ocrx_word' id='word_1_721' title='bbox 3254 3870 3483 3943; x_wconf 86' lang='lat' dir='ltr'>antiqua</span> <span class='ocrx_word' id='word_1_722' title='bbox 3517 3882 3746 3943; x_wconf 84' lang='lat' dir='ltr'>aposto—</span> 
     </span>
    </p>
   </div>
   <div class='ocr_carea' id='block_1_100' title="bbox 2142 3958 3745 4032">
    <p class='ocr_par' dir='ltr' id='par_1_100' title="bbox 2142 3958 3745 4032">
     <span class='ocr_line' id='line_1_100' title="bbox 2142 3958 3745 4032; baseline 0.007 -22"><span class='ocrx_word' id='word_1_723' title='bbox 2142 3958 2319 4011; x_wconf 85' lang='lat' dir='ltr'>lorum</span> <span class='ocrx_word' id='word_1_724' title='bbox 2341 3974 2638 4031; x_wconf 88' lang='lat' dir='ltr'>eorumque</span> <span class='ocrx_word' id='word_1_725' title='bbox 2664 3978 3040 4017; x_wconf 89' lang='lat' dir='ltr'>successorum</span> <span class='ocrx_word' id='word_1_726' title='bbox 3064 3969 3230 4032; x_wconf 87' lang='lat' dir='ltr'>atque</span> <span class='ocrx_word' id='word_1_727' title='bbox 3258 3978 3539 4018; x_wconf 87' lang='lat' dir='ltr'>canonum</span> <span class='ocrx_word' id='word_1_728' title='bbox 3561 3973 3745 4020; x_wconf 85' lang='lat' dir='ltr'>aucto-</span> 
     </span>
    </p>
   </div>
   <div class='ocr_carea' id='block_1_101' title="bbox 2139 4047 3743 4129">
    <p class='ocr_par' dir='ltr' id='par_1_101' title="bbox 2139 4047 3743 4129">
     <span class='ocr_line' id='line_1_101' title="bbox 2139 4047 3743 4129; baseline 0.007 -29"><span class='ocrx_word' id='word_1_729' title='bbox 2139 4047 2270 4102; x_wconf 85' lang='lat' dir='ltr'>ritas</span> <span class='ocrx_word' id='word_1_730' title='bbox 2319 4051 2639 4117; x_wconf 86' lang='lat' dir='ltr'>reservavit,</span> <span class='ocrx_word' id='word_1_731' title='bbox 2696 4052 2957 4123; x_wconf 89' lang='lat' dir='ltr'>quoniam</span> <span class='ocrx_word' id='word_1_732' title='bbox 3007 4054 3300 4124; x_wconf 87' lang='lat' dir='ltr'>culpantur</span> <span class='ocrx_word' id='word_1_733' title='bbox 3357 4055 3604 4127; x_wconf 88' lang='lat' dir='ltr'>episcopi</span> <span class='ocrx_word' id='word_1_734' title='bbox 3652 4056 3743 4129; x_wconf 89' lang='lat' dir='ltr'>qui</span> 
     </span>
    </p>
   </div>
   <div class='ocr_carea' id='block_1_102' title="bbox 2136 4138 3738 4218">
    <p class='ocr_par' dir='ltr' id='par_1_102' title="bbox 2136 4138 3738 4218">
     <span class='ocr_line' id='line_1_102' title="bbox 2136 4138 3738 4218; baseline 0.006 -26"><span class='ocrx_word' id='word_1_735' title='bbox 2136 4138 2295 4193; x_wconf 87' lang='lat' dir='ltr'>aliter</span> <span class='ocrx_word' id='word_1_736' title='bbox 2324 4156 2449 4210; x_wconf 86' lang='lat' dir='ltr'>erga</span> <span class='ocrx_word' id='word_1_737' title='bbox 2488 4140 2682 4195; x_wconf 86' lang='lat' dir='ltr'>fratres</span> <span class='ocrx_word' id='word_1_738' title='bbox 2704 4142 2919 4212; x_wconf 82' lang='lat' dir='ltr'>egerint</span> <span class='ocrx_word' id='word_1_739' title='bbox 2942 4147 3107 4214; x_wconf 70' lang='lat' dir='ltr'>quani</span> <span class='ocrx_word' id='word_1_740' title='bbox 3136 4142 3379 4214; x_wconf 89' lang='lat' dir='ltr'>ejusdem</span> <span class='ocrx_word' id='word_1_741' title='bbox 3411 4144 3559 4200; x_wconf 88' lang='lat' dir='ltr'>sedis</span> <span class='ocrx_word' id='word_1_742' title='bbox 3590 4162 3738 4218; x_wconf 63' lang='lat' dir='ltr'>papa</span> 
     </span>
    </p>
   </div>
   <div class='ocr_carea' id='block_1_103' title="bbox 2136 4227 3739 4304">
    <p class='ocr_par' dir='ltr' id='par_1_103' title="bbox 2136 4227 3739 4304">
     <span class='ocr_line' id='line_1_103' title="bbox 2136 4227 3739 4304; baseline 0.006 -24"><span class='ocrx_word' id='word_1_743' title='bbox 2136 4227 2254 4281; x_wconf 84' lang='lat' dir='ltr'>ﬁeri</span> <span class='ocrx_word' id='word_1_744' title='bbox 2294 4230 2575 4299; x_wconf 81' lang='lat' dir='ltr'>placuerit.</span> <span class='ocrx_word' id='word_1_745' title='bbox 2620 4230 2833 4286; x_wconf 87' lang='lat' dir='ltr'>Placuit</span> <span class='ocrx_word' id='word_1_746' title='bbox 2870 4238 2931 4285; x_wconf 89' lang='lat' dir='ltr'>ut</span> <span class='ocrx_word' id='word_1_747' title='bbox 2964 4242 3250 4288; x_wconf 89' lang='lat' dir='ltr'>accusatus</span> <span class='ocrx_word' id='word_1_748' title='bbox 3287 4234 3373 4288; x_wconf 90' lang='lat' dir='ltr'>vel</span> <span class='ocrx_word' id='word_1_749' title='bbox 3396 4233 3682 4304; x_wconf 83' lang='lat' dir='ltr'>judicatus</span> <span class='ocrx_word' id='word_1_750' title='bbox 3710 4252 3739 4290; x_wconf 84' lang='lat' dir='ltr'>a</span> 
     </span>
    </p>
   </div>
   <div class='ocr_carea' id='block_1_104' title="bbox 2134 4320 3739 4396">
    <p class='ocr_par' dir='ltr' id='par_1_104' title="bbox 2134 4320 3739 4396">
     <span class='ocr_line' id='line_1_104' title="bbox 2134 4320 3739 4396; baseline 0.006 -26"><span class='ocrx_word' id='word_1_751' title='bbox 2134 4320 2692 4388; x_wconf 82' lang='lat' dir='ltr'>comprovincialibus</span> <span class='ocrx_word' id='word_1_752' title='bbox 2720 4320 2779 4374; x_wconf 89' lang='lat' dir='ltr'>in</span> <span class='ocrx_word' id='word_1_753' title='bbox 2812 4321 2995 4394; x_wconf 84' lang='lat' dir='ltr'>aliqua</span> <span class='ocrx_word' id='word_1_754' title='bbox 3011 4340 3171 4378; x_wconf 89' lang='lat' dir='ltr'>causa</span> <span class='ocrx_word' id='word_1_755' title='bbox 3194 4324 3482 4396; x_wconf 86' lang='lat' dir='ltr'>episcopus</span> <span class='ocrx_word' id='word_1_756' title='bbox 3507 4325 3739 4381; x_wconf 81' lang='lat' dir='ltr'>licenter</span> 
     </span>
    </p>
   </div>
   <div class='ocr_carea' id='block_1_105' title="bbox 2054 4408 3732 4503">
    <p class='ocr_par' dir='ltr' id='par_1_105' title="bbox 2054 4408 3732 4503">
     <span class='ocr_line' id='line_1_105' title="bbox 2054 4408 3732 4503; baseline 0.007 -45"><span class='ocrx_word' id='word_1_757' title='bbox 2054 4447 2098 4503; x_wconf 69' lang='grc' dir='ltr'>Ι)</span> <span class='ocrx_word' id='word_1_758' title='bbox 2130 4408 2365 4477; x_wconf 89' lang='lat' dir='ltr'>appellet</span> <span class='ocrx_word' id='word_1_759' title='bbox 2395 4415 2447 4461; x_wconf 90' lang='lat' dir='ltr'>et</span> <span class='ocrx_word' id='word_1_760' title='bbox 2464 4409 2619 4463; x_wconf 85' lang='lat' dir='ltr'>adeat</span> <span class='ocrx_word' id='word_1_761' title='bbox 2646 4411 2960 4480; x_wconf 78' lang='lat' dir='ltr'>apostolicae</span> <span class='ocrx_word' id='word_1_762' title='bbox 2987 4413 3131 4468; x_wconf 89' lang='lat' dir='ltr'>sedis</span> <span class='ocrx_word' id='word_1_763' title='bbox 3159 4413 3500 4485; x_wconf 85' lang='lat' dir='ltr'>pontiﬁcem,</span> <span class='ocrx_word' id='word_1_764' title='bbox 3526 4414 3623 4487; x_wconf 91' lang='lat' dir='ltr'>qui</span> <span class='ocrx_word' id='word_1_765' title='bbox 3640 4423 3732 4470; x_wconf 86' lang='lat' dir='ltr'>aut</span> 
     </span>
    </p>
   </div>
   <div class='ocr_carea' id='block_1_106' title="bbox 2130 4499 3731 4574">
    <p class='ocr_par' dir='ltr' id='par_1_106' title="bbox 2130 4499 3731 4574">
     <span class='ocr_line' id='line_1_106' title="bbox 2130 4499 3731 4574; baseline 0.004 -24"><span class='ocrx_word' id='word_1_766' title='bbox 2130 4512 2224 4566; x_wconf 91' lang='lat' dir='ltr'>per</span> <span class='ocrx_word' id='word_1_767' title='bbox 2269 4514 2323 4551; x_wconf 88' lang='lat' dir='ltr'>se</span> <span class='ocrx_word' id='word_1_768' title='bbox 2373 4505 2466 4552; x_wconf 90' lang='lat' dir='ltr'>aut</span> <span class='ocrx_word' id='word_1_769' title='bbox 2514 4515 2610 4570; x_wconf 88' lang='lat' dir='ltr'>per</span> <span class='ocrx_word' id='word_1_770' title='bbox 2655 4499 2891 4555; x_wconf 88' lang='lat' dir='ltr'>vicarios</span> <span class='ocrx_word' id='word_1_771' title='bbox 2935 4518 3064 4556; x_wconf 89' lang='lat' dir='ltr'>suos</span> <span class='ocrx_word' id='word_1_772' title='bbox 3110 4503 3395 4559; x_wconf 84' lang='lat' dir='ltr'>retractari</span> <span class='ocrx_word' id='word_1_773' title='bbox 3446 4503 3731 4574; x_wconf 83' lang='lat' dir='ltr'>negotium</span> 
     </span>
    </p>
   </div>
   <div class='ocr_carea' id='block_1_107' title="bbox 2127 4590 3730 4665">
    <p class='ocr_par' dir='ltr' id='par_1_107' title="bbox 2127 4590 3730 4665">
     <span class='ocr_line' id='line_1_107' title="bbox 2127 4590 3730 4665; baseline 0.006 -25"><span class='ocrx_word' id='word_1_774' title='bbox 2127 4596 2415 4658; x_wconf 87' lang='lat' dir='ltr'>procuret:</span> <span class='ocrx_word' id='word_1_775' title='bbox 2466 4598 2518 4644; x_wconf 90' lang='lat' dir='ltr'>et</span> <span class='ocrx_word' id='word_1_776' title='bbox 2557 4590 2689 4646; x_wconf 90' lang='lat' dir='ltr'>dum</span> <span class='ocrx_word' id='word_1_777' title='bbox 2734 4592 2928 4647; x_wconf 88' lang='lat' dir='ltr'>iterato</span> <span class='ocrx_word' id='word_1_778' title='bbox 2965 4592 3180 4663; x_wconf 90' lang='lat' dir='ltr'>judicio</span> <span class='ocrx_word' id='word_1_779' title='bbox 3221 4595 3476 4665; x_wconf 80' lang='lat' dir='ltr'>pontifex</span> <span class='ocrx_word' id='word_1_780' title='bbox 3510 4612 3730 4650; x_wconf 85' lang='lat' dir='ltr'>causam</span> 
     </span>
    </p>
   </div>
   <div class='ocr_carea' id='block_1_108' title="bbox 2126 4678 3729 4754">
    <p class='ocr_par' dir='ltr' id='par_1_108' title="bbox 2126 4678 3729 4754">
     <span class='ocr_line' id='line_1_108' title="bbox 2126 4678 3729 4754; baseline 0.006 -25"><span class='ocrx_word' id='word_1_781' title='bbox 2126 4692 2276 4729; x_wconf 88' lang='lat' dir='ltr'>suam</span> <span class='ocrx_word' id='word_1_782' title='bbox 2317 4678 2492 4745; x_wconf 86' lang='lat' dir='ltr'>audit,</span> <span class='ocrx_word' id='word_1_783' title='bbox 2534 4681 2722 4735; x_wconf 89' lang='lat' dir='ltr'>nullus</span> <span class='ocrx_word' id='word_1_784' title='bbox 2755 4681 2897 4736; x_wconf 88' lang='lat' dir='ltr'>alius</span> <span class='ocrx_word' id='word_1_785' title='bbox 2945 4682 3004 4738; x_wconf 90' lang='lat' dir='ltr'>in</span> <span class='ocrx_word' id='word_1_786' title='bbox 3049 4681 3167 4753; x_wconf 90' lang='lat' dir='ltr'>ejus</span> <span class='ocrx_word' id='word_1_787' title='bbox 3198 4684 3320 4738; x_wconf 89' lang='lat' dir='ltr'>loco</span> <span class='ocrx_word' id='word_1_788' title='bbox 3361 4692 3603 4754; x_wconf 81' lang='lat' dir='ltr'>ponatur</span> <span class='ocrx_word' id='word_1_789' title='bbox 3635 4692 3729 4738; x_wconf 78' lang='lat' dir='ltr'>aut</span> 
     </span>
    </p>
   </div>
   <div class='ocr_carea' id='block_1_109' title="bbox 2125 4767 3726 4847">
    <p class='ocr_par' dir='ltr' id='par_1_109' title="bbox 2125 4767 3726 4847">
     <span class='ocr_line' id='line_1_109' title="bbox 2125 4767 3726 4847; baseline 0.007 -27"><span class='ocrx_word' id='word_1_790' title='bbox 2125 4767 2411 4824; x_wconf 88' lang='lat' dir='ltr'>ordinetur</span> <span class='ocrx_word' id='word_1_791' title='bbox 2453 4772 2758 4843; x_wconf 90' lang='lat' dir='ltr'>episcopus,</span> <span class='ocrx_word' id='word_1_792' title='bbox 2802 4773 3062 4845; x_wconf 88' lang='lat' dir='ltr'>quoniam</span> <span class='ocrx_word' id='word_1_793' title='bbox 3112 4791 3425 4847; x_wconf 85' lang='lat' dir='ltr'>quanquam</span> <span class='ocrx_word' id='word_1_794' title='bbox 3478 4791 3726 4847; x_wconf 84' lang='lat' dir='ltr'>compro-</span> 
     </span>
    </p>
   </div>
   <div class='ocr_carea' id='block_1_110' title="bbox 2124 4857 3725 4937">
    <p class='ocr_par' dir='ltr' id='par_1_110' title="bbox 2124 4857 3725 4937">
     <span class='ocr_line' id='line_1_110' title="bbox 2124 4857 3725 4937; baseline 0.004 -26"><span class='ocrx_word' id='word_1_795' title='bbox 2124 4857 2455 4914; x_wconf 85' lang='lat' dir='ltr'>vincialibus</span> <span class='ocrx_word' id='word_1_796' title='bbox 2476 4862 2747 4933; x_wconf 89' lang='lat' dir='ltr'>episcopis</span> <span class='ocrx_word' id='word_1_797' title='bbox 2772 4863 3010 4919; x_wconf 89' lang='lat' dir='ltr'>accusati</span> <span class='ocrx_word' id='word_1_798' title='bbox 3032 4881 3247 4921; x_wconf 89' lang='lat' dir='ltr'>causam</span> <span class='ocrx_word' id='word_1_799' title='bbox 3272 4865 3553 4937; x_wconf 80' lang='lat' dir='ltr'>pontificis</span> <span class='ocrx_word' id='word_1_800' title='bbox 3577 4882 3725 4921; x_wconf 79' lang='lat' dir='ltr'>scru-</span> 
     </span>
    </p>
   </div>
   <div class='ocr_carea' id='block_1_111' title="bbox 2122 4950 3723 5017">
    <p class='ocr_par' dir='ltr' id='par_1_111' title="bbox 2122 4950 3723 5017">
     <span class='ocr_line' id='line_1_111' title="bbox 2122 4950 3723 5017; baseline 0.004 -15"><span class='ocrx_word' id='word_1_801' title='bbox 2122 4950 2223 5003; x_wconf 87' lang='lat' dir='ltr'>tari</span> <span class='ocrx_word' id='word_1_802' title='bbox 2255 4950 2434 5017; x_wconf 87' lang='lat' dir='ltr'>liceat,</span> <span class='ocrx_word' id='word_1_803' title='bbox 2476 4968 2589 5007; x_wconf 91' lang='lat' dir='ltr'>non</span> <span class='ocrx_word' id='word_1_804' title='bbox 2630 4960 2811 5009; x_wconf 88' lang='lat' dir='ltr'>tamen</span> <span class='ocrx_word' id='word_1_805' title='bbox 2845 4954 3086 5011; x_wconf 78' lang='lat' dir='ltr'>difﬁnire</span> <span class='ocrx_word' id='word_1_806' title='bbox 3134 4956 3446 5012; x_wconf 89' lang='lat' dir='ltr'>inconsulto</span> <span class='ocrx_word' id='word_1_807' title='bbox 3476 4957 3723 5013; x_wconf 83' lang='lat' dir='ltr'>Romano</span> 
     </span>
    </p>
   </div>
   <div class='ocr_carea' id='block_1_112' title="bbox 2121 5040 3719 5119">
    <p class='ocr_par' dir='ltr' id='par_1_112' title="bbox 2121 5040 3719 5119">
     <span class='ocr_line' id='line_1_112' title="bbox 2121 5040 3719 5119; baseline 0.005 -26"><span class='ocrx_word' id='word_1_808' title='bbox 2121 5040 2378 5111; x_wconf 82' lang='lat' dir='ltr'>pontifice</span> <span class='ocrx_word' id='word_1_809' title='bbox 2414 5042 2738 5112; x_wconf 86' lang='lat' dir='ltr'>permissum</span> <span class='ocrx_word' id='word_1_810' title='bbox 2780 5053 2888 5111; x_wconf 90' lang='lat' dir='ltr'>est;</span> <span class='ocrx_word' id='word_1_811' title='bbox 2923 5062 3048 5101; x_wconf 90' lang='lat' dir='ltr'>cum</span> <span class='ocrx_word' id='word_1_812' title='bbox 3083 5045 3241 5103; x_wconf 88' lang='lat' dir='ltr'>beato</span> <span class='ocrx_word' id='word_1_813' title='bbox 3272 5047 3434 5102; x_wconf 86' lang='lat' dir='ltr'>Petro</span> <span class='ocrx_word' id='word_1_814' title='bbox 3471 5048 3719 5119; x_wconf 87' lang='lat' dir='ltr'>apostolo</span> 
     </span>
    </p>
   </div>
   <div class='ocr_carea' id='block_1_113' title="bbox 2120 5128 3713 5203">
    <p class='ocr_par' dir='ltr' id='par_1_113' title="bbox 2120 5128 3713 5203">
     <span class='ocr_line' id='line_1_113' title="bbox 2120 5128 3713 5203; baseline 0.004 -22"><span class='ocrx_word' id='word_1_815' title='bbox 2120 5143 2229 5182; x_wconf 88' lang='lat' dir='ltr'>non</span> <span class='ocrx_word' id='word_1_816' title='bbox 2259 5128 2327 5183; x_wconf 88' lang='lat' dir='ltr'>ab</span> <span class='ocrx_word' id='word_1_817' title='bbox 2357 5129 2466 5183; x_wconf 90' lang='lat' dir='ltr'>alio</span> <span class='ocrx_word' id='word_1_818' title='bbox 2490 5146 2653 5201; x_wconf 89' lang='lat' dir='ltr'>quam</span> <span class='ocrx_word' id='word_1_819' title='bbox 2679 5131 2746 5186; x_wconf 90' lang='lat' dir='ltr'>ab</span> <span class='ocrx_word' id='word_1_820' title='bbox 2777 5133 2895 5203; x_wconf 87' lang='lat' dir='ltr'>ipso</span> <span class='ocrx_word' id='word_1_821' title='bbox 2918 5132 3130 5189; x_wconf 89' lang='lat' dir='ltr'>dictum</span> <span class='ocrx_word' id='word_1_822' title='bbox 3161 5135 3231 5190; x_wconf 90' lang='lat' dir='ltr'>sit</span> <span class='ocrx_word' id='word_1_823' title='bbox 3261 5135 3534 5189; x_wconf 83' lang='lat' dir='ltr'>Domino:</span> <span class='ocrx_word' id='word_1_824' title='bbox 3570 5135 3713 5201; x_wconf 66' lang='lat' dir='ltr'>Quie-</span> 
     </span>
    </p>
   </div>
   <div class='ocr_carea' id='block_1_114' title="bbox 2116 5221 3714 5296">
    <p class='ocr_par' dir='ltr' id='par_1_114' title="bbox 2116 5221 3714 5296">
     <span class='ocr_line' id='line_1_114' title="bbox 2116 5221 3714 5296; baseline 0.005 -26"><span class='ocrx_word' id='word_1_825' title='bbox 2116 5235 2316 5289; x_wconf 79' lang='lat' dir='ltr'>cunque</span> <span class='ocrx_word' id='word_1_826' title='bbox 2343 5221 2445 5291; x_wconf 81' lang='lat' dir='ltr'>liga</span> <span class='ocrx_word' id='word_1_827' title='bbox 2454 5222 2587 5276; x_wconf 79' lang='lat' dir='ltr'>veris</span> <span class='ocrx_word' id='word_1_828' title='bbox 2604 5240 2763 5293; x_wconf 75' lang='lat' dir='ltr'>super</span> <span class='ocrx_word' id='word_1_829' title='bbox 2788 5230 3006 5290; x_wconf 86' lang='lat' dir='ltr'>terram,</span> <span class='ocrx_word' id='word_1_830' title='bbox 3025 5232 3180 5281; x_wconf 78' lang='lat' dir='ltr'>erunt</span> <span class='ocrx_word' id='word_1_831' title='bbox 3202 5225 3364 5296; x_wconf 77' lang='lat' dir='ltr'>ligata</span> <span class='ocrx_word' id='word_1_832' title='bbox 3385 5232 3433 5279; x_wconf 86' lang='lat' dir='ltr'>et</span> <span class='ocrx_word' id='word_1_833' title='bbox 3458 5226 3514 5279; x_wconf 82' lang='lat' dir='ltr'>in</span> <span class='ocrx_word' id='word_1_834' title='bbox 3536 5225 3672 5279; x_wconf 72' lang='lat' dir='ltr'>cretis</span> <span class='ocrx_word' id='word_1_835' title='bbox 3693 5240 3714 5286; x_wconf 89' lang='lat'><em>;</em></span> 
     </span>
    </p>
   </div>
   <div class='ocr_carea' id='block_1_115' title="bbox 2115 5313 3710 5385">
    <p class='ocr_par' dir='ltr' id='par_1_115' title="bbox 2115 5313 3710 5385">
     <span class='ocr_line' id='line_1_115' title="bbox 2115 5313 3710 5385; baseline 0.003 -25"><span class='ocrx_word' id='word_1_836' title='bbox 2115 5314 2163 5360; x_wconf 87' lang='lat' dir='ltr'>et</span> <span class='ocrx_word' id='word_1_837' title='bbox 2194 5325 2512 5381; x_wconf 62' lang='lat' dir='ltr'>quaecunque</span> <span class='ocrx_word' id='word_1_838' title='bbox 2561 5313 2779 5367; x_wconf 79' lang='lat' dir='ltr'>solveris</span> <span class='ocrx_word' id='word_1_839' title='bbox 2816 5331 2975 5385; x_wconf 82' lang='lat' dir='ltr'>super</span> <span class='ocrx_word' id='word_1_840' title='bbox 3005 5321 3221 5383; x_wconf 80' lang='lat' dir='ltr'>terram,</span> <span class='ocrx_word' id='word_1_841' title='bbox 3257 5320 3415 5369; x_wconf 80' lang='lat' dir='ltr'>erunt</span> <span class='ocrx_word' id='word_1_842' title='bbox 3458 5316 3631 5369; x_wconf 84' lang='lat' dir='ltr'>soluta</span> <span class='ocrx_word' id='word_1_843' title='bbox 3666 5317 3710 5365; x_wconf 84' lang='lat' dir='ltr'>et</span> 
     </span>
    </p>
   </div>
   <div class='ocr_carea' id='block_1_116' title="bbox 2116 5395 3707 5475">
    <p class='ocr_par' dir='ltr' id='par_1_116' title="bbox 2116 5395 3707 5475">
     <span class='ocr_line' id='line_1_116' title="bbox 2116 5395 3707 5475; baseline 0.008 -28"><span class='ocrx_word' id='word_1_844' title='bbox 2116 5395 2169 5448; x_wconf 84' lang='lat' dir='ltr'>in</span> <span class='ocrx_word' id='word_1_845' title='bbox 2203 5399 2344 5453; x_wconf 70' lang='lat' dir='ltr'>caelis</span> <span class='ocrx_word' id='word_1_846' title='bbox 2373 5400 2589 5470; x_wconf 76' lang='lat' dir='ltr'>(Matth.</span> <span class='ocrx_word' id='word_1_847' title='bbox 2623 5418 2744 5470; x_wconf 76' lang='lat' dir='ltr'>xvr,</span> <span class='ocrx_word' id='word_1_848' title='bbox 2778 5402 2887 5474; x_wconf 82' lang='lat' dir='ltr'>l9).</span> <span class='ocrx_word' id='word_1_849' title='bbox 2914 5403 2971 5459; x_wconf 88' lang='lat' dir='ltr'>Si</span> <span class='ocrx_word' id='word_1_850' title='bbox 2999 5404 3121 5475; x_wconf 91' lang='lat' dir='ltr'>quis</span> <span class='ocrx_word' id='word_1_851' title='bbox 3150 5404 3427 5475; x_wconf 87' lang='lat' dir='ltr'>putaverit</span> <span class='ocrx_word' id='word_1_852' title='bbox 3458 5420 3516 5458; x_wconf 91' lang='lat' dir='ltr'>se</span> <span class='ocrx_word' id='word_1_853' title='bbox 3545 5421 3573 5458; x_wconf 86' lang='lat' dir='ltr'>a</span> <span class='ocrx_word' id='word_1_854' title='bbox 3591 5419 3707 5474; x_wconf 88' lang='lat' dir='ltr'>pro-</span> 
     </span>
    </p>
   </div>
   <div class='ocr_carea' id='block_1_117' title="bbox 2112 5485 3702 5566">
    <p class='ocr_par' dir='ltr' id='par_1_117' title="bbox 2112 5485 3702 5566">
     <span class='ocr_line' id='line_1_117' title="bbox 2112 5485 3702 5566; baseline 0.003 -24"><span class='ocrx_word' id='word_1_855' title='bbox 2112 5485 2231 5556; x_wconf 90' lang='lat' dir='ltr'>prio</span> <span class='ocrx_word' id='word_1_856' title='bbox 2272 5488 2694 5562; x_wconf 84' lang='lat' dir='ltr'>Metropolitano</span> <span class='ocrx_word' id='word_1_857' title='bbox 2738 5493 2971 5563; x_wconf 80' lang='lat' dir='ltr'>gravari,</span> <span class='ocrx_word' id='word_1_858' title='bbox 3003 5494 3147 5566; x_wconf 83' lang='lat' dir='ltr'>apud</span> <span class='ocrx_word' id='word_1_859' title='bbox 3178 5494 3476 5550; x_wconf 87' lang='lat' dir='ltr'>Primatem</span> <span class='ocrx_word' id='word_1_860' title='bbox 3504 5492 3702 5549; x_wconf 69' lang='lat' dir='ltr'>dioece-</span> 
     </span>
    </p>
   </div>
   <div class='ocr_carea' id='block_1_118' title="bbox 2111 5581 3700 5655">
    <p class='ocr_par' dir='ltr' id='par_1_118' title="bbox 2111 5581 3700 5655">
     <span class='ocr_line' id='line_1_118' title="bbox 2111 5581 3700 5655; baseline 0.003 -25"><span class='ocrx_word' id='word_1_861' title='bbox 2111 5592 2248 5645; x_wconf 89' lang='lat' dir='ltr'>seos,</span> <span class='ocrx_word' id='word_1_862' title='bbox 2301 5587 2395 5634; x_wconf 89' lang='lat' dir='ltr'>aut</span> <span class='ocrx_word' id='word_1_863' title='bbox 2460 5598 2624 5651; x_wconf 89' lang='lat' dir='ltr'>penes</span> <span class='ocrx_word' id='word_1_864' title='bbox 2682 5582 3009 5639; x_wconf 85' lang='lat' dir='ltr'>universalis</span> <span class='ocrx_word' id='word_1_865' title='bbox 3054 5584 3387 5655; x_wconf 74' lang='lat' dir='ltr'>Apostolicae</span> <span class='ocrx_word' id='word_1_866' title='bbox 3447 5581 3700 5640; x_wconf 64' lang='lat' dir='ltr'>Ecclesiae</span> 
     </span>
    </p>
   </div>
  </div>
