4056 6190
220 232 339 290 997

1420 224 1790 285 OPUSCULA
1828 229 1920 285 ET
1958 229 2340 287 EPISTOLJE.

3438 235 3547 293 998

219 396 424 455 papam
442 377 777 451 judiCetur.-
810 377 884 432 Et
904 382 1027 449 post
1048 393 1254 448 pauca:
1293 400 1314 425 ‹
1332 376 1529 433 Nullus
1545 372 1834 450 episcopus
1862 382 1913 440 A
1945 380 2220 435 Ecclesias
2250 396 2377 435 cum
2398 380 2657 435 omnibus
2677 378 2781 435 sibi
2804 380 3234 451 pertinentibus.
3266 383 3365 440 His
3393 386 3543 442 enim

220 471 460 529 alterius
489 468 891 542 parochianum
922 477 1216 541 praesumat
1262 469 1499 525 retinere
1534 479 1629 525 aut
1672 471 1837 525 ordi—

223 576 361 617 nare
402 559 607 631 absque
655 556 773 628 ejus
818 559 1057 631 episcopi
1108 559 1416 627 voluntate,
1449 561 1534 615 vel
1561 559 1831 630 judicare,

222 651 381 707 salva
413 658 597 705 tamen
631 647 689 702 in
719 648 979 704 omnibus
1004 650 1304 720 apostolica
1338 649 1682 717 auctoritate,
1707 650 1836 721 quia

220 741 372 798 sicut
418 736 580 793 irrita
615 736 724 791 erit
770 735 888 807 ejus
931 738 1229 806 ordinatio,
1282 740 1360 794 ita
1392 746 1445 793 et
1484 738 1828 809 dijudicatio.

220 827 505 897 Quoniam
536 840 825 881 censemus
858 827 1077 881 nullum
1109 827 1338 882 alterius
1371 826 1580 898 judicis
1609 829 1715 882 nisi
1747 828 1832 882 sui

220 915 508 976 sententia
536 913 733 970 teneri.
761 914 897 969 Nam
926 916 1021 987 qui
1047 932 1174 971 eum
1191 916 1451 973 ordinare
1481 933 1594 971 non
1624 916 1829 988 potuit,

226 1020 332 1065 nec
358 1006 614 1079 judicare
654 1004 934 1060 ullatenus
962 1008 1183 1077 poterit.
1215 1032 1232 1055 ι

223 1155 315 1209 Ex
367 1149 636 1221 Capitulis
686 1148 1005 1221 sanctissimi
1052 1148 1434 1221 archiepiscopi
1482 1147 1709 1213 Felicis,
1768 1162 1833 1201 ea:

684 1220 899 1277 Nicwna
928 1220 1124 1290 synodo
1145 1221 1383 1291 sumptis.

300 1332 506 1404 (Epist.
540 1331 652 1400 ll.)
702 1356 716 1375 ι
751 1326 1076 1400 Quanquam
1108 1327 1675 1400 comprovincialibus
1707 1327 1831 1399 epi-

229 1423 432 1495 scopis,
465 1436 577 1476 una
603 1433 730 1477 cum
759 1433 949 1472 eorum
982 1418 1434 1489 metropolitano,
1464 1434 1575 1473 suae
1606 1417 1827 1489 provin-

229 1512 329 1570 ciae
378 1525 571 1568 causas
613 1506 997 1580 episcoporum
1034 1506 1195 1563 liceat
1224 1505 1574 1573 charitative,
1607 1513 1661 1561 et
1687 1522 1833 1562 con-

228 1604 475 1663 corditer
488 1603 693 1675 agitare
714 1620 725 1657 :
746 1618 861 1657 non
880 1601 1239 1669 tamen,sicut
1255 1600 1313 1655 in
1340 1600 1682 1673 praedicta,te
1700 1618 1831 1672 prtB-

227 1702 407 1760 sente,
438 1698 519 1748 est
539 1690 907 1747 constitutum
938 1687 1173 1760 synodo,
1204 1688 1335 1744 licet
1363 1687 1604 1743 dilﬁnire
1625 1687 1828 1758 absque

230 1781 467 1841 Romani
496 1778 776 1854 pontiﬁcis
805 1778 1150 1835 auctoritate.
1186 1777 1345 1845 Quod
1375 1776 1421 1832 si
1461 1792 1617 1832 secus
1646 1793 1677 1830 a
1706 1776 1830 1848 qui-

227 1871 466 1930 busdam
512 1875 909 1941 praesumptum
948 1865 1136 1934 fuerit,
1191 1865 1297 1937 ipsi
1337 1866 1434 1938 qui
1462 1865 1569 1920 hoc
1598 1865 1828 1936 egerint,

229 1978 345 2020 suae
378 1956 825 2033 praesumptionis
865 1955 1168 2026 suscipiant
1207 1954 1493 2023 damnum,
1539 1962 1593 2008 et
1622 1954 1706 2008 illi
1738 1953 1833 2025 qui

228 2052 296 2108 ab
347 2054 427 2107 eis
476 2065 759 2122 perperam
795 2044 1262 2103 excommunicati
1301 2051 1398 2100 aut
1424 2043 1672 2099 damnati
1703 2042 1833 2097 fue-

229 2141 368 2209 rint,
402 2138 730 2196 auctoritate
768 2135 935 2207 hujus
981 2142 1182 2191 sanctae
1219 2133 1383 2202 sedis,
1427 2141 1481 2188 et
1510 2132 1657 2188 beati
1685 2149 1833 2203 prae-

226 2229 471 2303 ceptoris
519 2228 693 2286 nostri
740 2224 1007 2297 clavigeri
1050 2223 1198 2280 Petri
1253 2229 1517 2295 potestate
1546 2223 1835 2277 solvantur

226 2328 396 2393 atque
425 2320 810 2377 restituantur.
843 2318 964 2388 Ipse
1010 2314 1159 2371 enim
1207 2313 1284 2369 ait
1310 2313 1584 2370 Dominus
1619 2330 1630 2369 :
1668 2314 1835 2379 Quee—

232 2434 445 2487 cunque
493 2414 715 2473 solveris
770 2430 931 2486 super
982 2418 1207 2478 terram,
1263 2414 1419 2464 erunt
1470 2410 1645 2465 soluta
1687 2415 1736 2463 et
1777 2409 1836 2463 in

226 2507 392 2562 cmlis.
425 2530 444 2554 ι

306 2594 559 2665 Capitula
588 2592 658 2649 20
693 2610 705 2649 :
753 2617 771 2640 ι
801 2591 1027 2658 Quoties
1051 2588 1295 2662 episcopi
1316 2604 1372 2644 se
1392 2603 1423 2642 a
1453 2586 1567 2642 suis
1586 2600 1832 2655 compro-

232 2683 591 2751 vincialibus,
617 2683 705 2738 vel
740 2698 772 2738 a
799 2680 1223 2752 metropolitano
1252 2675 1571 2749 putaverint
1600 2689 1829 2746 praegra-

230 2775 376 2844 vari,
409 2782 504 2831 aut
541 2790 633 2829 eos
664 2779 947 2844 suspectos
991 2769 1305 2837 habuerint,
1352 2783 1484 2825 mox
1531 2767 1833 2823 Romanam

236 2863 518 2936 appellent
547 2861 750 2928 sedem,
783 2860 851 2916 ad
878 2876 1042 2932 quam
1065 2875 1157 2914 eos
1184 2857 1388 2927 absque
1418 2855 1533 2911 ulla
1559 2853 1829 2909 detentio-

230 2968 323 3016 ne,
356 2959 452 3008 aut
481 2950 702 3007 suai'um
726 2965 906 3005 rerum
938 2946 1237 3012 ablatione,
1260 2944 1431 3000 libere
1462 2944 1541 2997 ire
1571 2941 1753 3009 liceat,
1780 2948 1835 2996 et

228 3040 367 3097 dum
389 3039 706 3112 praedictam
730 3039 1030 3094 Romanam
1053 3042 1283 3090 matrem
1305 3029 1704 3103 appellaverint
1727 3029 1834 3082 Ec-

228 3129 488 3195 clesiam,
521 3135 614 3184 aut
640 3127 707 3183 ab
742 3143 804 3184 ea
831 3142 888 3183 se
926 3124 1109 3180 audiri
1149 3119 1595 3194 expoposcerint,
1645 3118 1836 3173 nullus

238 3234 341 3274 eos
370 3215 843 3272 excommunicare
874 3222 968 3271 aut
996 3229 1185 3270 eorum
1217 3210 1373 3267 sedes
1402 3207 1706 3280 subripere,
1740 3213 1835 3261 aut

228 3321 429 3363 eorum
451 3321 535 3360 res
561 3300 793 3372 auferre,
826 3311 921 3359 aut
951 3303 1192 3375 aliquam
1218 3300 1334 3356 vim
1357 3299 1436 3353 eis
1464 3296 1668 3352 inferre
1700 3311 1835 3367 prae-

229 3403 435 3463 sumat,
468 3402 758 3467 antequam
789 3394 1078 3448 amborum
1110 3406 1271 3446 causa
1290 3387 1523 3445 Romani
1555 3384 1835 3457 pontificis

229 3484 559 3542 auctoritate
590 3484 835 3539 finiatur.
868 3479 1025 3546 Quod
1052 3478 1097 3533 si
1128 3477 1288 3532 aliter
1314 3493 1345 3532 a
1376 3491 1652 3547 quoquam
1686 3491 1835 3545 prm-

234 3582 517 3645 sumptum
550 3571 740 3638 fuerit,
774 3569 852 3623 nil
885 3568 1009 3633 erit,
1061 3565 1153 3620 sed
1199 3564 1413 3619 viribus
1441 3561 1667 3618 carebit.
1698 3562 1833 3618 Nam

231 3678 333 3719 nec
361 3662 471 3718 hoc
500 3673 726 3732 perpere
756 3656 1143 3728 praesumimus
1168 3671 1180 3710 :
1212 3652 1304 3709 sed
1346 3653 1527 3724 ipsum
1559 3658 1612 3707 et
1641 3651 1699 3706 in
1730 3652 1836 3706 Ni-

232 3768 379 3810 cmna
427 3746 645 3821 synodo
689 3746 1076 3812 constitutum,
1119 3752 1171 3799 et
1210 3751 1578 3799 antecessores
1616 3747 1835 3797 nostros

234 3841 428 3913 egisse,
473 3839 635 3904 bene,
667 3834 956 3901 Athanasi,
1007 3833 1177 3901 nosti,
1226 3831 1488 3904 quoniam
1521 3830 1742 3903 quando
1772 3838 1833 3884 tu

232 3937 285 3986 et
312 3929 518 3986 Paulus
548 3922 1215 3994 Constantinopolitanus,
1266 3920 1556 3990 Asclepius
1600 3919 1753 3975 Gazae
1782 3926 1837 3975 et

233 4019 511 4076 Lucianus
538 4012 1006 4085 Adrianopolites,
1034 4010 1101 4065 ab
1132 4008 1505 4065 Orientalibus
1536 4006 1833 4079 episcopis,

236 4107 554 4164 inconsulto
582 4114 785 4162 sanctae
814 4101 1095 4158 memoriae
1124 4099 1272 4156 Julio
1312 4097 1709 4172 praedecessore
1739 4114 1833 4153 no-

236 4206 371 4264 stro,
404 4194 651 4253 damnati
676 4194 829 4261 estis,
862 4200 916 4248 et
939 4191 1007 4248 ad
1027 4206 1174 4257 eum,
1204 4187 1361 4262 quasi
1386 4186 1454 4243 ad
1485 4187 1656 4242 totius
1686 4186 1836 4242 orbis

235 4294 422 4358 caput,
456 4292 517 4341 ut
546 4299 758 4355 semper
787 4280 919 4338 huic
940 4288 1141 4338 sanctae
1172 4277 1287 4335 sedi
1312 4277 1528 4333 licitum
1552 4274 1680 4342 fuit,
1708 4290 1836 4331 con-

235 4373 480 4447 fugistis,
513 4372 733 4445 cognita
760 4387 946 4427 eorum
980 4367 1246 4441 nequitia,
1289 4374 1343 4421 et
1378 4372 1561 4421 vestra
1587 4363 1829 4435 justitia,

233 4482 333 4521 vos
363 4464 422 4518 in
451 4460 899 4522 communionem
929 4457 1190 4527 suscepit,
1219 4463 1273 4511 et
1303 4455 1554 4510 omnium
1586 4462 1834 4510 vestrum
1864 4464 1910 4521 1)

231 4568 423 4609 curam
473 4566 683 4622 gerens,
732 4554 953 4620 propter
1008 4545 1155 4602 sedis
1202 4543 1438 4617 propriae
1478 4542 1829 4613 dignitatem,

231 4640 472 4712 singulis
490 4655 616 4696 suas
636 4637 869 4693 reddens
882 4634 1177 4704 Ecclesias,
1194 4631 1571 4690 Orientalibus
1587 4630 1834 4702 scripsit,
1880 4686 1883 4687 ν

232 4729 466 4800 culpans
497 4744 589 4784 eos
618 4725 768 4799 quod
796 4742 908 4782 non
928 4733 1076 4782 recte
1104 4730 1456 4789 tractassent,
1480 4720 1630 4776 viros
1661 4719 1836 4775 incul-

232 4818 447 4892 pabiles
476 4817 544 4874 de
582 4818 696 4873 suis
735 4814 997 4872 Ecclesiis
1046 4811 1404 4885 expellentes,
1451 4817 1505 4866 et
1533 4808 1838 4867 constituta

230 4908 447 4967 Nicasni
481 4907 706 4964 concilii
738 4906 968 4961 minime
996 4909 1405 4962 conservantes.
1448 4900 1493 4954 E
1538 4898 1737 4972 quibus
1768 4897 1837 4954 ad

232 5007 453 5059 certum
483 4997 629 5053 diem
660 4994 959 5051 nonnullos
1001 4990 1226 5048 sibimet
1253 4989 1438 5045 adesse
1461 4987 1743 5060 praecepit,
1776 4993 1838 5041 ut

231 5089 302 5147 de
336 5088 545 5145 talibus
574 5092 779 5144 certam
810 5077 1334 5156 praesumptionibus
1360 5075 1651 5131 redderent
1672 5074 1836 5131 ratio-

233 5194 390 5243 nem,
435 5184 488 5230 et
528 5191 715 5231 coram
764 5172 844 5228 eis
890 5168 1203 5225 ostenderet
1229 5166 1443 5240 justum
1476 5179 1533 5218 se
1563 5178 1727 5234 super
1757 5161 1838 5217 eis

234 5264 535 5339 protulisse
564 5264 864 5320 decretum.
889 5257 1287 5315 Interminatus
1315 5261 1396 5309 est
1425 5251 1591 5308 etiam
1620 5266 1732 5305 non
1760 5258 1836 5304 ta-

234 5335 313 5410 lia
340 5352 602 5425 deinceps
633 5352 828 5408 fratres
858 5364 973 5405 esse
1003 5361 1276 5421 passuros,
1309 5349 1363 5398 et
1393 5339 1501 5395 nisi
1530 5337 1598 5393 ab
1631 5335 1837 5408 hujus-

236 5442 395 5501 modi
442 5439 973 5514 praesumptionibus
1014 5441 1307 5499 cessarent,
1357 5446 1388 5485 a
1429 5426 1666 5500 propriis
1722 5441 1837 5482 esse

236 5531 510 5604 gradibus
537 5548 631 5589 eos
652 5544 983 5588 recessuros.
1008 5523 1127 5582 Tali
1149 5522 1296 5579 enim
1328 5517 1495 5591 hujus
1511 5522 1711 5572 sanctae
1740 5529 1837 5568 se-

236 5600 325 5677 dis
360 5620 674 5693 privilegio,
706 5629 768 5677 tu
794 5626 849 5674 et
893 5617 1090 5672 fratres
1136 5612 1217 5670 tui
1268 5607 1513 5682 proprias
1553 5600 1836 5677 recepistis

1945 476 1998 523 et
2028 469 2153 524 aliis
2180 470 2441 540 plurimis
2467 471 2813 527 documentis
2839 469 3194 526 manifestum
3217 479 3299 527 est
3319 475 3541 531 nullum

1944 566 2212 628 damnari,
2260 574 2354 620 aut
2393 567 2507 621 suis
2552 567 2845 638 exspoliari
2898 567 3063 623 rebus
3098 566 3295 622 debere
3324 570 3545 640 episco-

1944 672 2097 727 pum,
2130 657 2223 729 qui
2257 657 2397 714 hanc
2443 667 2687 713 sanctam
2732 658 2916 714 sedem
2948 658 3406 730 interpellaverit,
3447 671 3547 718 aut

1942 744 2047 799 sibi
2080 744 2498 802 defensatricem
2547 746 2823 815 asciverit,
2870 747 3048 803 donec
3071 746 3348 818 judicium
3383 747 3452 804 de
3480 764 3545 804 eo

1944 844 2144 894 nostra
2192 837 2506 909 apostolicae
2560 838 2927 907 auctoritatis,
2989 839 3093 894 hoc
3141 845 3222 895 est
3276 839 3546 911 principis

1943 930 2316 999 apostolorum
2348 931 2495 985 Petri
2526 938 2801 1001 agnoscat,
2838 929 2967 1003 quia
2996 929 3348 984 solummodo
3378 929 3541 987 Chri-

1943 1028 2059 1075 stus
2087 1021 2241 1076 Jesus
2271 1021 2404 1076 huic
2435 1029 2637 1077 sanctae
2672 1020 2807 1087 sedi,
2842 1020 2897 1075 id
2949 1028 3029 1074 est
3069 1018 3406 1091 apostolicae,
3440 1020 3546 1078 hoc

1944 1109 2120 1166 facere
2150 1111 2451 1177 commisit,
2476 1118 2665 1181 utpote
2687 1110 2949 1182 quoniam
2980 1109 3130 1164 solus
3158 1108 3538 1180 praenomina-

1942 1206 2031 1254 tus
2068 1200 2322 1272 princeps
2352 1200 2726 1271 apostolorum
2763 1198 3003 1254 creditus
3045 1205 3145 1265 est,
3180 1204 3342 1269 atque
3372 1198 3544 1268 perci-

1941 1305 2067 1360 pere
2099 1290 2299 1344 meruit
2326 1305 2357 1343 a
2389 1305 2511 1362 rege
2553 1304 2742 1359 regum
2776 1287 2998 1345 Christo
3028 1289 3142 1343 Deo
3172 1287 3353 1342 claves
3382 1285 3537 1357 regni

1940 1380 2225 1435 caelorum.
2264 1406 2282 1425 ι·

1940 1510 2205 1564 Damasus
2234 1510 2525 1579 episcopus,
2547 1508 2641 1579 qui
2670 1508 2775 1578 fuit
2805 1508 2990 1562 tertius
3018 1507 3207 1563 Felicis
3230 1507 3294 1562 ΙΙ
3328 1524 3540 1563 succes-

2011 1599 2121 1649 sor,
2150 1587 2198 1635 et
2234 1578 2341 1649 fuit
2381 1580 2677 1635 tricesimus
2706 1596 2876 1633 nonus
2901 1584 3019 1649 post
3058 1580 3298 1645 Petrum,
3330 1578 3547 1649 scripsit

2010 1653 2079 1706 ad
2129 1653 2447 1722 Stephanum
2493 1651 2963 1721 archiepiscopum,
3021 1650 3081 1703 de
3134 1649 3543 1721 archiepiscopis

2010 1725 2101 1793 qui
2130 1724 2288 1791 facile
2314 1725 2571 1779 damnare
2600 1724 2782 1777 volunt
2820 1723 3105 1792 episcopos,
3138 1722 3312 1785 dicens
3338 1739 3349 1776 :

2016 1824 2217 1895 (Epist.
2258 1824 2341 1879 ll’.
2374 1825 2392 1894 )
2442 1850 2458 1871 σ
2499 1824 2781 1879 Discutere
2812 1839 2941 1877 vero
2971 1821 3275 1892 episcopos,
3307 1837 3369 1877 ac
3395 1837 3539 1876 sum-

1945 1931 2160 1968 morum
2183 1914 2682 1969 ecclesiasticorum
2710 1930 2901 1968 causas
2922 1911 3294 1982 negotiorum,
3326 1919 3543 1967 metro-

1942 2003 2225 2073 politanis,
2258 2020 2371 2057 una
2398 2020 2524 2059 cum
2556 2003 2671 2057 suis
2696 2001 3151 2073 provincialibus,
3187 2001 3345 2055 itaut
3378 2016 3541 2055 nemo

1942 2107 2011 2146 ex
2041 2091 2119 2146 eis
2148 2091 2309 2160 desit,
2340 2099 2392 2146 et
2412 2108 2603 2147 omnes
2630 2091 2687 2145 in
2714 2091 3055 2163 singulorum
3090 2088 3426 2145 concordent
3452 2105 3541 2145 ne-

1944 2182 2128 2251 gotiis,
2163 2180 2309 2235 licet.
2343 2180 2448 2235 Sed
2478 2180 2719 2236 diffinire
2750 2196 2941 2235 eorum
2977 2188 3140 2252 atque
3170 2177 3540 2235 Ecclesiarum

1943 2285 2185 2325 summas
2235 2270 2501 2342 querelas,
2557 2270 2644 2323 vel
2688 2269 2947 2322 damnare
2996 2267 3302 2337 episcopos,
3336 2267 3543 2338 absque

1944 2356 2112 2429 hujus
2140 2366 2339 2413 sanctze
2367 2357 2512 2413 sedis
2541 2356 2890 2423 auctoritate,
2911 2354 3141 2410 minime
3172 2354 3301 2410 licet
3335 2373 3347 2410 :
3378 2372 3541 2427 quam

1943 2461 2134 2501 omnes
2174 2446 2470 2517 appellare,
2523 2446 2567 2500 s’i
2604 2460 2822 2499 necesse
2870 2443 3056 2509 fuerit,
3102 2451 3155 2497 et
3203 2442 3322 2511 ejus
3353 2442 3540 2497 fulciri

1944 2535 2156 2589 auxilio
2188 2541 2423 2605 oportet.
2458 2534 2592 2588 Nam
2637 2540 2699 2587 ut
2742 2532 2936 2597 nostis,
2970 2531 3245 2603 synodum
3276 2530 3395 2586 sine
3424 2529 3541 2601 ejus

1944 2628 2269 2685 auctoritate
2290 2627 2411 2681 ﬁeri
2432 2642 2545 2681 non
2570 2632 2651 2680 est
2683 2634 2883 2693 ratum,
2909 2639 3010 2680 nec
3039 2622 3327 2694 episcopus
3352 2621 3458 2677 nisi
3483 2622 3540 2677 in

1945 2722 2190 2793 legitima
2223 2719 2458 2793 synodo,
2481 2725 2535 2773 et
2555 2734 2652 2773 suo
2673 2726 2918 2789 tempore
2936 2714 3238 2789 apostolica
3254 2713 3543 2769 vocatione

1944 2819 2287 2882 congregata,
2320 2809 2557 2864 diﬂinite
2587 2805 2839 2862 damnari
2870 2812 3067 2877 potest.
3086 2804 3274 2876 Neque
3302 2802 3417 2857 ulla
3445 2818 3544 2857 un-

1944 2917 2107 2973 quam
2137 2912 2253 2957 rata
2300 2899 2537 2958 concilia
2576 2899 2855 2968 leguntur,
2905 2911 3025 2967 quae
3072 2910 3185 2949 non
3232 2900 3361 2948 sunt
3402 2893 3544 2947 fulta

1946 2989 2246 3061 apostolica
2277 2987 2623 3043 auctoritate.
2653 3009 2669 3031 ι

1864 3097 1908 3158 C
2016 3079 2123 3133 Has
2152 3077 2465 3150 apostolicae
2494 3074 2637 3131 sedis
2667 3072 2834 3127 etiam
2868 3071 2925 3124 in
2957 3069 3082 3124 aliis
3124 3070 3321 3124 rotulis
3352 3076 3540 3125 aucto-

1947 3168 2135 3222 ritates
2164 3183 2248 3220 me
2279 3164 2507 3220 memini
2522 3164 2635 3233 jam
2666 3159 2827 3214 vobis
2858 3157 3159 3228 scripsisse.
3188 3156 3293 3210 Sed
3314 3164 3368 3211 et
3392 3172 3543 3211 nunc

1947 3257 2037 3312 ido
2060 3258 2252 3311 iterato
2282 3253 2442 3309 vobis
2471 3251 2711 3307 rescribo
2741 3256 2802 3303 ut
2835 3246 3020 3303 sciatis
3051 3245 3180 3317 quia
3210 3245 3339 3303 licet
3367 3244 3540 3300 libel-

1946 3349 2060 3403 lum
2094 3346 2151 3401 in
2176 3362 2284 3419 quo
2316 3344 2413 3399 has
2434 3350 2487 3399 et
2512 3342 2644 3396 alias
2667 3337 2939 3411 ejusmodi
2968 3335 3189 3407 collegi,
3223 3334 3381 3390 vobis
3410 3333 3537 3387 reti-
3598 3332 3605 3343 '

1944 3437 2138 3503 neatis,
2170 3452 2265 3507 per
2284 3451 2445 3508 quem
2480 3433 2534 3486 in
2567 3428 2780 3502 synodo
2801 3427 2987 3482 habita
3008 3426 3064 3480 in
3088 3424 3369 3480 Attiniaco
3398 3440 3538 3494 pro—

1945 3526 2177 3583 clamavi
2208 3524 2275 3579 ad
2306 3522 2678 3578 universalem
2709 3525 2909 3574 sancta:
2942 3518 3199 3573 Romanae
3231 3513 3375 3568 sedis
3404 3529 3537 3584 pon-

1944 3616 2151 3671 tiﬁcem
2182 3614 2451 3669 domuum
2482 3609 2818 3674 Adrianum,
2838 3623 2962 3662 cum
2992 3603 3191 3659 litteris
3219 3603 3288 3658 ab
3313 3618 3378 3657 eo
3400 3601 3538 3657 mihi

1945 3721 2055 3762 suae
2084 3701 2391 3759 vocationis
2411 3699 2666 3763 directis;
2699 3695 2845 3769 quod
2868 3702 3123 3749 neutrum
3154 3700 3287 3749 tunc
3308 3690 3535 3763 profuit,

1945 3812 2056 3851 non
2078 3804 2281 3860 tamen,
2314 3790 2562 3864 quandiu
2592 3787 2798 3842 halitus
2824 3786 2881 3840 in
2912 3800 2997 3838 me
3032 3780 3299 3848 manebit,
3347 3779 3541 3835 abistis

1945 3886 2268 3943 dissentiam
2298 3880 2679 3940 observandis.
2716 3879 2787 3933 Et
2833 3875 2963 3949 quia
3003 3888 3089 3927 me
3139 3886 3280 3941 smpe
3307 3870 3373 3925 de
3401 3868 3541 3924 sub-

1945 3978 2245 4050 scriptione
2276 3972 2622 4045 redarguitis,
2652 3984 2814 4042 quam
2836 3967 2895 4022 in
2917 3962 3103 4020 eadem
3127 3959 3339 4033 synodo
3362 3958 3541 4032 primo

1944 4046 2216 4120 violenter
2247 4081 2340 4135 per
2370 4064 2575 4133 regiam
2622 4065 2968 4131 potestatem,
3001 4060 3054 4109 et
3084 4057 3259 4123 posta,
3302 4046 3543 4103 fraudu-

1946 4158 2121 4212 lenter
2160 4171 2191 4208 a
2239 4169 2324 4208 me
2365 4149 2697 4214 extorsistis,
2740 4143 3128 4215 compendiose
3171 4141 3356 4212 aliqua
3396 4153 3544 4193 nunc

1944 4241 2305 4316 respondebo,
2340 4240 2498 4310 plura
2526 4237 2571 4291 si
2605 4249 2825 4289 necesse
2852 4231 3021 4285 fuerit
3048 4246 3147 4283 suo
3177 4243 3463 4282 reservans
3486 4226 3543 4280 in

1944 4313 2208 4407 tempore.
2248 4332 2406 4399 Nam,
2448 4328 2591 4382 sicut
2636 4322 2753 4394 jam
2784 4319 2943 4374 vobis
2977 4315 3253 4387 rescripsi,
3288 4313 3356 4367 ad
3388 4315 3541 4367 illam

1944 4402 2217 4498 synodum
2250 4435 2348 4492 pro
2378 4413 2734 4488 responsione
2760 4409 2828 4465 ad
2852 4409 3062 4463 litteras
3093 4402 3284 4459 domui
3313 4409 3544 4473 aposto—

1944 4490 2038 4573 lici
2072 4530 2155 4569 me
2173 4490 2408 4566 vocastis
2430 4525 2442 4573 ;
2468 4505 2537 4559 ad
2564 4516 2726 4575 quam
2749 4497 3001 4565 veniens,
3024 4511 3135 4550 non
3168 4495 3321 4549 illam
3356 4507 3442 4545 me
3461 4490 3541 4544 in-

1944 4606 2113 4664 troire
2131 4596 2477 4676 permisistis,
2493 4593 2587 4650 sed
2607 4599 2765 4648 extra
2778 4589 2944 4655 fores,
2960 4593 3021 4641 ut
3039 4581 3330 4657 privilegio
3349 4588 3544 4636 vestra;

1946 4698 2090 4756 sedis
2121 4671 2519 4752 subscriberem
2555 4680 2853 4741 mandastis
2880 4698 2890 4735 :
2925 4684 2980 4734 et
3005 4693 3101 4749 ego
3127 4672 3382 4748 respondi
3413 4671 3544 4745 quia

1947 4801 2227 4859 nunquam
2256 4788 2446 4838 contra
2469 4774 2823 4851 privilegium
2839 4776 3084 4826 vestrum
3101 4765 3373 4830 fecissem,
3397 4759 3544 4816 unde

1947 4894 2048 4934 nec
2068 4850 2382 4940 necessitas,
2414 4850 2515 4924 nec
2536 4865 2675 4921 ratio
2707 4869 2822 4919 erat
2840 4868 2902 4917 ut
2927 4876 2957 4914 a
2988 4874 3075 4913 me
3104 4857 3256 4912 illam
3288 4850 3545 4909 subscri—

1948 4967 2193 5041 ptionem
2228 4957 2601 5037 requireretis.
2646 4955 2790 5010 Dum
2833 4956 3016 5007 autem
3048 4964 3118 5003 ex
3147 4946 3253 5001 hoc
3283 4941 3454 5011 magis
3482 4954 3544 4993 ac

1949 5035 2122 5130 inagis
2178 5056 2238 5110 in
2284 5035 2584 5108 crastinum
2630 5045 2909 5117 fatigarer,
2966 5035 3260 5095 reclamavi
3312 5047 3402 5130 me
3448 5044 3545 5129 per

1949 5118 2238 5223 epistolam
2269 5158 2419 5215 papae
2450 5137 2649 5194 Leonis
2683 5136 2751 5191 ad
2791 5118 3544 5223 AnastasiumnThessalpni-i

1947 5205 2165 5297 censem
2194 5205 2513 5306 episcopum
2543 5227 2807 5282 directam
2864 5218 3034 5289 (epist.
3085 5213 3201 5282 88),
3234 5206 3447 5306 qua-ait
3476 5205 3544 5262 ad

1948 5330 2131 5384 locum
2167 5342 2178 5379 :
2228 5296 2245 5369 ί
2275 5296 2401 5378 Non
2418 5318 2566 5373 enim
2591 5308 2957 5369 necessarium
2987 5306 3163 5360 fuerat
3189 5306 3250 5354 ut
3280 5296 3543 5368 obligare-

1948 5428 2039 5475 tur
2070 5413 2294 5485 scripto,
2329 5408 2422 5481 qui
2454 5401 2825 5462 obedientiam
2857 5412 3012 5451 suam
3042 5392 3162 5463 ipso
3188 5387 3303 5459 jam
3332 5385 3545 5440 volun-

1948 5507 2077 5565 tarii
2108 5480 2378 5560 adventus
2406 5495 2671 5569 probabat
2701 5489 2908 5546 ollicio.
2940 5511 2958 5532 ι
3008 5480 3257 5554 Denique
3287 5493 3412 5535 cum
3444 5490 3547 5531 nec

1948 5599 2056 5654 hoc
2074 5594 2381 5665 adjuverat,
2406 5580 2741 5659 proclamavi
2766 5595 2860 5651 per
2882 5574 3133 5630 libellum
3156 5570 3224 5628 de
3253 5583 3363 5645 quo
3389 5580 3544 5636 supe.
