4056 6190
488 230 592 286 999

1513 213 1860 271 HINCMARI
1898 208 2384 267 LAUDUNENSIS
2422 204 2735 263 EPISCOPI

3658 202 3795 258 1000

489 379 608 434 rius
637 373 959 439 memoravi,
993 372 1177 442 legens
1219 368 1523 440 capitulum
1565 367 1712 423 istud
1742 368 1983 439 (FELICIS
2012 367 2085 431 II,
2114 369 2163 427 A
2193 364 2353 419 vobis
2381 378 2477 435 per
2504 362 2789 417 Hittonem
2817 357 3109 414 diaconum
3134 356 3348 423 missas,
3367 355 3438 410 de
3465 354 3670 427 quibus
3684 355 3798 425 jam

488 466 637 538 epist.
692 465 777 528 11,
827 479 943 533 cap.
995 460 1088 527 20)
1126 478 1137 514 :
1200 484 1217 503 ε
1266 456 1494 524 Quoties
1541 456 1782 527 episcopi
1827 472 1883 510 se
1912 472 1943 510 a
1971 456 2086 509 suis

487 550 1053 627 comprovincialibus
1082 549 1169 603 vel
1220 564 1252 601 a
1297 546 1729 617 metropolitano
1770 545 2088 616 putaverint

490 641 837 719 praegravari,
884 648 978 695 aut
1028 653 1121 693 eos
1159 642 1444 708 suspectos
1474 633 1789 700 habuerint,
1825 650 1956 688 mox
1985 634 2087 689 Ro-

490 749 706 788 manam
745 729 1024 803 appellent
1071 726 1254 782 sedem
1281 744 1293 791 ;
1319 751 1337 773 ρ
1382 732 1436 778 et
1482 723 1562 778 sic
1602 738 1776 794 usque
1824 722 1890 775 ad
1919 720 2084 774 finem

486 823 791 893 capitulum
840 817 1108 891 percurri,
1130 814 1277 888 quod
1307 822 1361 869 et
1395 812 1649 884 superius
1692 811 1967 881 integrum
1999 809 2088 864 de-

489 910 683 981 scripsi
715 928 727 963 :
760 907 865 977 legi
887 906 1052 960 etiam
1088 919 1220 959 111οω
1251 902 1562 958 vocationis
1581 918 1613 956 a
1641 900 1847 955 domno
1878 907 2089 970 aposto-

490 999 598 1055 lico
632 997 864 1062 litteras,
896 992 1042 1065 quod
1073 999 1329 1048 neutrum
1365 990 1503 1045 mihi
1532 989 1761 1061 profuit.
1794 989 1876 1043 Me
1905 995 2090 1043 autem

492 1087 609 1144 hazc
636 1094 849 1158 agente,
875 1083 1112 1137 domnus
1145 1097 1241 1134 rex
1278 1088 1461 1134 vestra
1490 1078 1732 1133 factione
1773 1076 2089 1147 instigatus,

490 1178 583 1248 qui
608 1175 777 1247 priori
808 1175 897 1230 die
927 1173 1143 1228 dixerat
1174 1187 1229 1225 se
1255 1170 1389 1224 mihi
1418 1169 1559 1224 nihil
1592 1184 1658 1222 ex
1681 1185 1777 1223 sua
1812 1176 1963 1238 parte
1984 1166 2092 1221 dis-

492 1264 732 1330 credere,
767 1263 1008 1316 minatus
1037 1268 1119 1314 est.
1149 1259 1275 1331 quia
1307 1266 1522 1312 tantum
1564 1273 1648 1311 me
1682 1272 1937 1328 meosque
1967 1271 2091 1310 one-

496 1361 659 1421 raret,
681 1359 948 1424 quantum
990 1351 1114 1421 plus
1152 1349 1382 1415 valeret,
1424 1346 1529 1402 nisi
1564 1347 1715 1401 illam
1737 1345 2093 1415 subscriptio-

495 1457 619 1495 nem
650 1440 904 1496 facerem.
928 1440 1006 1493 De
1026 1454 1110 1492 me
1131 1445 1313 1491 autem
1349 1436 1485 1490 mihi
1519 1452 1710 1507 parum
1743 1433 2097 1489 erat.Videns

494 1536 679 1584 autem
710 1529 838 1600 quia
869 1527 973 1583 mei
1003 1526 1255 1581 homines
1276 1533 1603 1596 cogerentur
1619 1524 1920 1579 rewadiare
1950 1522 2096 1595 quod

496 1635 581 1673 me
603 1617 661 1671 in
682 1617 873 1671 villam
905 1616 1221 1672 Pauliacum
1253 1613 1427 1672 secuti
1459 1613 1695 1680 fuerant,
1721 1628 1844 1667 cum
1871 1610 1983 1681 jam
2003 1610 2095 1665 do-

2195 452 2355 507 vobis
2386 449 2642 521 respondi
2670 446 2814 503 unde
2855 446 2948 502 hic
2993 462 3139 501 nunc
3176 461 3266 500 eas
3295 459 3575 516 apponere
3604 460 3801 514 super—

2197 559 2431 598 vacuum
2462 549 2564 607 est,
2607 538 2767 596 facile
2812 536 3015 609 poterit
3061 536 3403 608 dignoscere.
3436 534 3608 592 Scitis
3638 536 3801 591 etiam

2199 640 2252 686 et
2282 649 2380 687 vos
2407 631 2567 702 quale
2601 627 2935 698 adjutorium
2976 625 3113 680 mihi
3160 634 3280 697 post
3328 625 3472 682 hanc
3511 625 3803 696 professio-

2198 736 2324 776 nem
2342 727 2578 775 vestram
2602 715 2936 788 praebuistis,
2971 714 3103 769 dum
3134 713 3203 768 ad
3233 730 3333 769 vos
3358 713 3458 769 has
3489 712 3691 784 scripsi
3716 713 3802 768 lit-

2201 821 2363 867 teras.

2284 924 2300 946 α
2333 899 2796 957 Reverentissimo
2826 896 3165 953 Bhemorum
3196 894 3616 966 archiepiscopo
3642 894 3803 949 Hinc-

2202 1007 2369 1058 maro,
2397 998 2596 1046 sanctae
2628 989 3009 1045 Laudunensis
3037 987 3299 1044 Ecclesiae
3331 988 3665 1044 Hincmarus
3704 991 3809 1044 Deo

2202 1080 2494 1135 miserante
2523 1080 2835 1151 episcopus,
2881 1076 3128 1133 debitam
3179 1076 3237 1130 in
3270 1076 3493 1132 Christo
3541 1078 3809 1133 devotio—

2204 1187 2350 1225 nem.

2290 1284 2308 1305 ‹
2333 1259 2446 1315 Vos
2466 1258 2621 1315 scitis
2641 1258 2769 1330 quia
2790 1258 2856 1314 ab
2871 1256 3171 1312 universali
3198 1263 3400 1312 sancta
3425 1257 3686 1312 Romana:
3717 1259 3809 1314 Ec-

2204 1349 2383 1405 clesiae.
2419 1365 2578 1421 papa,
2608 1348 2765 1404 Patre
2809 1363 3025 1419 quoque
3055 1353 3246 1402 nostro
3292 1344 3559 1413 Adriano,
3597 1345 3685 1400 bis
3724 1364 3808 1402 vo-

2206 1451 2360 1498 catus
2390 1442 2592 1508 existo,
2620 1448 2673 1496 et
2703 1457 2803 1496 vos
2850 1439 2977 1512 ipsi,
3008 1439 3066 1493 in
3097 1437 3559 1510 quaternionibus
3585 1455 3615 1491 a
3645 1437 3809 1493 vobis

2207 1530 2264 1585 in
2298 1529 2579 1585 Attiniaco
2605 1526 2808 1599 palatio
2829 1543 3012 1582 coram
3044 1524 3474 1597 archiepiscopis
3508 1533 3561 1580 et
3588 1526 3810 1597 episco-

2206 1620 2293 1691 pis
2322 1618 2415 1690 qui
2466 1617 2762 1674 adfuerunt
2803 1617 2967 1684 datis,
3017 1613 3164 1687 quod
3201 1613 3269 1669 ad
3318 1613 3565 1669 eamdem
3623 1613 3807 1669 sedem

498 1725 649 1763 mum
669 1724 792 1763 cum
819 1705 1093 1761 Harduico
1122 1704 1537 1775 archiepiscopo
1573 1703 1749 1757 iturus
1769 1716 1963 1767 essein,
1997 1716 2099 1754 ac-
2128 1723 2174 1782 B
2208 1709 2400 1764 venire
2444 1707 2677 1764 totidem
2723 1714 2954 1762 vocatus
2999 1705 3321 1770 den-ecum],
3371 1718 3458 1757 me
3504 1704 3811 1775 rein-eheu-

495 1798 659 1854 cessit
678 1797 748 1852 ad
776 1812 862 1850 me
890 1794 1173 1851 Frolarius
1199 1792 1663 1863 archiepiscopus,
1687 1792 1975 1861 alloquens
1999 1804 2099 1843 cur

497 1903 607 1940 non
636 1885 1040 1956 acquiescerem
1088 1890 1149 1937 ut
1190 1881 1572 1944 suscriberem,
1606 1879 1735 1951 quia
1774 1878 1915 1933 nihil
1959 1876 2097 1931 mihi

498 1971 729 2041 periculi
762 1978 897 2024 erat.
934 1969 1035 2025 Cui
1067 1969 1324 2040 respondi
1348 1969 1474 2039 quia
1503 1968 1664 2021 aliter
1693 1966 1795 2022 hoc
1825 1981 1937 2020 non
1962 1964 2098 2018 face-

497 2078 637 2124 rem,
654 2060 762 2113 nisi
785 2068 838 2113 et
864 2075 964 2112 vos
979 2059 1167 2113 debito
1197 2059 1458 2115 Ecclesiae
1482 2074 1613 2113 mea:
1635 2056 1928 2127 privilegio
1959 2054 2099 2109 mihi

499 2146 814 2206 scriberetis
859 2145 1151 2213 servando,
1203 2146 1285 2200 uti
1342 2145 1756 2202 Antiochenum
1807 2144 2099 2202 constituit

422 2288 429 2293 .
498 2236 822 2303 concilium,
869 2251 938 2290 ne
985 2234 1206 2291 demum
1266 2235 1427 2302 mihi,
1477 2235 1629 2307 quasi
1682 2251 1781 2306 pro
1816 2234 2101 2291 occasione

502 2326 669 2397 hujus
685 2324 1360 2397 subscriptionis,aliquod
1378 2323 1763 2396 praejudicium
1781 2322 2099 2378 niteremini

500 2423 727 2478 inferre.
749 2422 855 2489 Qui
889 2420 1204 2493 respondit:
1243 2444 1261 2466 ι
1283 2421 1442 2477 Certe
1472 2420 1567 2474 ille
1598 2419 1704 2475 hoc
1731 2419 1838 2473 tibi
1871 2418 2101 2472 nullate-

499 2537 603 2576 nus
633 2518 997 2576 contradicet.
1032 2544 1048 2563 ιι
1117 2519 1187 2573 Et
1236 2516 1503 2590 spopondi
1561 2533 1623 2570 eo
1660 2524 1849 2570 tenore
1886 2530 1972 2568 me
2001 2512 2104 2569 hoc

504 2623 620 2663 esse
645 2606 944 2663 facturum.
970 2606 1041 2659 Et
1072 2604 1203 2675 petii
1239 2605 1377 2658 mihi
1420 2604 1591 2676 ipsam
1640 2602 2103 2674 subscriptionem

505 2695 742 2750 ostendi.
764 2695 938 2761 Quam
960 2693 1092 2748 dum
1126 2693 1262 2746 mihi
1296 2692 1680 2759 estenderetis,
1704 2691 1953 2763 qumdam
1985 2689 2103 2761 qui-

500 2785 604 2840 bus
624 2799 737 2837 non
765 2783 1023 2855 acquievi
1057 2782 1235 2839 deleta
1254 2790 1405 2849 sunt,
1427 2790 1481 2837 et
1508 2780 1757 2853 quadam
1788 2780 1996 2847 addita,
2020 2778 2103 2832 vi-

504 2872 705 2927 delicet
734 2880 794 2925 ut
842 2871 937 2925 ubi
991 2871 1308 2936 haberetur,
1358 2871 1661 2926 secundum
1712 2870 1931 2925 decreta
1960 2868 2105 2925 sedis

501 2958 838 3030 apostolicae.
870 2958 969 3012 Est
996 2965 1175 3012 autem
1212 2958 1327 3028 ipsa
1358 2957 1691 3027 subscriptio
1718 2958 1844 3011 talis
1882 2975 1892 3011 :
1942 2982 1959 3002 ι
1990 2958 2105 3027 Ego

502 3047 852 3113 Hincmarus,
878 3043 1258 3100 Laudunensis
1288 3043 1550 3103 Ecclesiae
1572 3044 1879 3116 episcopus,
1907 3043 2104 3099 amodo

502 3144 556 3192 et
578 3135 835 3206 deinceps
856 3134 1060 3190 domno
1083 3133 1287 3189 seniori
1318 3150 1439 3188 meo
1462 3132 1657 3189 Carolo
1681 3133 1795 3204 regi
1816 3132 1895 3191 sic
1924 3132 2104 3189 fidelis

509 3236 563 3282 et
615 3225 879 3282 obediens
940 3223 1242 3298 secundum
1299 3223 1672 3279 ministerium
1726 3213 2098 3304 meum'ero,

503 3315 649 3372 sicut
680 3314 854 3371 homo
904 3330 1003 3370 suo
1051 3313 1278 3381 seniori,
1332 3321 1385 3369 et
1432 3313 1720 3386 episcopus
1768 3330 1864 3385 per
1891 3320 2103 3370 rectum

503 3421 601 3461 suo
647 3405 759 3476 regi
791 3420 907 3460 esse
945 3402 1127 3471 debet,
1159 3420 1221 3461 ac
1264 3402 1556 3474 privilegio
1587 3401 1871 3463 Hincmari
1903 3409 2103 3458 metro-

502 3492 737 3566 politani
781 3491 1085 3565 provinciae
1114 3490 1452 3548 Rhemorum
1484 3491 1769 3559 Ecclesiae,
1799 3490 2103 3548 secundum

503 3600 688 3639 sacros
719 3598 957 3639 canones
982 3589 1035 3635 et
1069 3580 1289 3635 decreta
1316 3581 1461 3635 sedis
1491 3581 1805 3650 apostolicae
1836 3597 1905 3635 ex
1935 3580 2103 3637 sacris

503 3670 807 3727 canonibus
836 3669 1200 3739 promulgata,
1225 3685 1322 3737 pro
1351 3669 1492 3725 scire
1514 3677 1566 3721 et
1587 3684 1744 3737 posse
1769 3685 1889 3722 meo
1916 3668 2101 3723 obedi-

506 3767 692 3813 turum
726 3756 984 3827 profiteor
1004 3756 1031 3809 ‘i
1062 3780 1078 3801 ι
1139 3755 1314 3821 Quam
1352 3772 1563 3812 mecum
1594 3756 1845 3811 deferens
1874 3756 2102 3812 domum

505 3847 646 3902 hanc
693 3844 834 3900 mihi
877 3843 1036 3898 vobis
1066 3844 1520 3900 subscribendam
1552 3844 1759 3901 dictavi
1795 3863 1806 3898 :
1854 3868 1871 3889 ι
1904 3846 1973 3899 Et
2004 3861 2102 3916 ego

507 3936 855 4001 llincmarus,
894 3934 1231 3989 Bhemorum
1279 3932 1743 4005 archiepiscopus,
1784 3933 1884 3987 tibi
1922 3934 2103 3990 Hinc-

507 4042 659 4079 maro
688 4022 1070 4079 Laudunensis
1095 4021 1355 4079 Ecclesia:
1386 4023 1819 4093 coepisco,tuum
1853 4022 2101 4080 debitum

507 4113 675 4168 sacris
696 4110 1143 4182 praecipientibus
1170 4110 1473 4166 canonibus
1506 4112 1857 4183 privilegium
1886 4128 2101 4169 conser-

505 4201 726 4267 vabo,et
754 4200 813 4254 in
830 4198 1137 4271 quibusque
1166 4199 1552 4257 ecclesiasticis
1579 4202 1814 4273 negotiis
1839 4201 2103 4271 indigue-

507 4290 602 4359 ris,
625 4289 929 4348 secundum
959 4306 1139 4347 sacras
1168 4291 1380 4362 regulas
1401 4290 1650 4347 debitum
1670 4292 1773 4347 tibi
1788 4292 1913 4364 jure
1932 4292 2104 4364 adju-

505 4380 710 4435 torium
747 4379 1200 4452 archiepiscopali
1230 4381 1558 4438 auctoritate
1581 4381 1873 4439 adhibebo.
1914 4410 1930 4429 »
1951 4385 2103 4443 lianc

504 4479 685 4527 autem
716 4471 875 4528 vobis
892 4487 987 4543 per
1012 4470 1380 4542 Fredigisum,
1402 4472 1686 4539 Harduici,
1702 4473 2099 4545 archiepiscopi

506 4561 909 4632 presbyterum,
962 4562 1112 4627 misi,
1162 4570 1215 4616 et
1245 4564 1607 4620 remandastis
1642 4564 1783 4621 mihi
1816 4581 1912 4635 per
1938 4580 2106 4619 eum—

505 4649 628 4705 dem
655 4651 783 4722 quia
808 4651 1122 4705 voluntarie
1152 4651 1292 4706 illud
1315 4653 1598 4709 faciebatis
1634 4671 1644 4706 :
1670 4661 1721 4707 et
1744 4653 1822 4711 sic
1854 4654 1913 4707 in
1940 4669 2105 4724 syno-

504 4738 576 4794 do
606 4741 773 4811 relegi
803 4748 857 4795 et
886 4739 1205 4810 subscripsi.
1241 4741 1353 4797 Vos
1382 4749 1565 4796 autem
1595 4742 1816 4812 penitus
1854 4743 2106 4799 subscri—

506 4826 753 4898 ptionem
802 4843 964 4898 quam
998 4828 1373 4898 promiseratis
1411 4829 1705 4886 dimisistis
1738 4849 1747 4886 :
1798 4832 1891 4887 sed
1921 4831 2105 4887 verbis

506 4916 692 4971 fuistis
722 4917 951 4995 professi
1003 4918 1149 4989 quod
1198 4919 1255 4973 in
1293 4918 1714 4991 quibuscunque
1750 4939 1835 4977 me
1859 4921 2006 4998 juste
2042 4940 2107 4980 ac

505 5004 914 5060 rationabiliter
942 5005 1175 5077 possetis
1203 5006 1505 5063 secundum
1548 5016 1793 5063 vestrum
1844 5010 2105 5066 ministe—

507 5097 650 5152 rium
688 5095 951 5167 adjuvare
980 5097 1266 5153 fecissetis.
1314 5099 1429 5168 Ego
1458 5106 1639 5154 autem
1672 5116 1952 5174 nunquam
1975 5119 2101 5160 con-

507 5193 591 5240 tra
619 5185 977 5257 privilegium
1026 5186 1171 5251 sedis
1227 5195 1419 5243 vestrre
1464 5205 1742 5261 quoquam
1791 5192 1897 5262 egi,
1930 5209 2104 5266 neque

506 5282 698 5332 contra
727 5275 897 5331 ullius
927 5275 1167 5348 episcopi
1204 5276 1582 5349 privilegium,
1612 5281 1726 5335 Deo
1746 5282 2099 5353 propitiante,

508 5381 747 5437 unquam
778 5375 1001 5422 acturus
1032 5382 1143 5421 ero.
1187 5366 1388 5422 Utrum
1438 5377 1621 5424 autem
1654 5386 1753 5425 vos
1776 5370 1940 5442 juxta
1967 5389 2104 5443 pro-

510 5450 801 5508 fessionem
834 5465 1069 5512 vestram
1111 5472 1237 5526 erga
1287 5473 1372 5511 me
1415 5457 1473 5511 in
1522 5459 1796 5531 reliquum
1830 5460 2098 5531 egissetis,

513 5538 605 5608 qui
640 5539 828 5609 legerit
858 5544 1092 5613 litteras,
1124 5561 1189 5600 ex
1224 5545 1414 5601 eodem
1446 5548 1564 5603 loco
1589 5549 1868 5605 Attiniaco
1911 5548 2047 5602 mihi
2073 5564 2105 5603 a

2207 1798 2387 1865 distis,
2434 1796 2480 1852 si
2529 1798 2672 1853 vitio
2721 1794 3004 1867 scriptoris
3055 1810 3153 1865 pro
3202 1792 3493 1859 detrectem,
3537 1791 3695 1863 quod
3743 1801 3812 1847 est

2209 1886 2553 1942 dissimulem
2577 1886 2663 1940 vel
2689 1884 2962 1951 diﬂ'eram,
2992 1884 3291 1944 detractam,
3323 1881 3473 1952 quod
3504 1880 3667 1937 valde
3695 1890 3809 1937 tra-

2209 1983 2351 2031 ctem
2383 1990 2498 2028 non
2528 1973 2595 2027 ab
2638 1989 2695 2027 re
2738 1973 2912 2044 accipi
2938 1978 3137 2043 potest,
3169 1968 3684 2026 intercharaxatum
3710 1986 3810 2025 non

2211 2062 2338 2117 fuit.
2366 2061 2520 2117 Unde
2550 2078 2649 2117 vos
2678 2077 2829 2117 nunc
2856 2077 2956 2132 pro
2986 2076 3169 2117 amore
3198 2059 3299 2115 Dei
3329 2058 3740 2131 omnipotentis
3766 2066 3812 2114 et

2210 2153 2517 2209 reverentia
2553 2154 2608 2207 S.
2640 2153 2785 2209 Petri
2819 2168 3075 2223 exposco,
3125 2150 3268 2206 sicut
3306 2157 3358 2204 et
3398 2150 3459 2204 in
3482 2149 3677 2204 eadem
3713 2168 3805 2221 sy-

2212 2241 2359 2297 nodo
2391 2241 2449 2295 in
2497 2241 2687 2297 eodem
2734 2240 3016 2296 Attiniaco
3046 2257 3076 2295 a
3109 2238 3269 2295 vobis
3297 2246 3628 2305 convocata,
3664 2239 3805 2311 quod

2216 2330 2505 2401 impetrare
2534 2346 2646 2385 non
2676 2330 2849 2399 valui,
2873 2328 3222 2401 expostulavi
3240 2347 3253 2396 ;
3285 2345 3348 2384 ac
3370 2326 3486 2398 jam
3517 2328 3689 2383 etiam
3726 2344 3809 2399 per

2216 2419 2491 2489 integrum
2521 2419 2817 2491 eﬂlagitavi
2850 2435 3078 2487 annum,
3110 2427 3164 2474 et
3210 2418 3486 2491 praecipue
3517 2417 3579 2472 in
3602 2415 3809 2488 synodo

2215 2508 2358 2579 apud
2390 2507 2731 2564 Vermeriam
2780 2508 3047 2579 palatium
3096 2508 3232 2563 olim
3271 2508 3337 2562 ab
3384 2507 3564 2563 horno
3602 2506 3807 2571 habita,

2215 2596 2553 2654 obsecrando
2600 2596 2926 2666 declamavi,
2971 2612 3120 2653 nunc
3149 2612 3366 2669 quoque
3396 2603 3451 2651 et
3495 2594 3726 2652 obsecro
3767 2603 3812 2649 et

2215 2691 2347 2746 item
2380 2691 2650 2759 declamo,
2682 2699 2735 2746 et
2766 2698 2827 2745 ut
2854 2690 3120 2746 hactenus
3149 2690 3255 2761 egi,
3287 2705 3398 2762 quo
3419 2698 3606 2745 vestra
3634 2688 3805 2745 archi-

2215 2781 2515 2853 episcopali
2547 2780 2875 2837 auctoritate
2912 2778 3057 2851 apud
3088 2778 3279 2835 domni
3311 2778 3491 2834 nostri
3524 2778 3810 2849 gloriosis-

2215 2871 2341 2926 simi
2373 2870 2515 2942 regis
2544 2870 2727 2927 Caroli
2779 2868 3131 2926 clementiam
3160 2867 3512 2935 obtineretis,
3545 2876 3809 2939 quatenus

2214 2961 2404 3016 domni
2451 2968 2505 3014 et
2555 2959 2889 3015 universalis
2932 2974 3083 3030 papae
3132 2956 3364 3013 Adriani
3408 2956 3700 3028 praeceptis
3754 2972 3809 3010 ac

2215 3049 2663 3105 institutionibus
2681 3047 3070 3105 ecclesiasticis
3091 3046 3251 3114 mihi,
3276 3054 3338 3101 ut
3370 3062 3459 3100 om
3469 3045 3638 3101 nibus
3656 3060 3808 3116 expc.

2214 3137 2317 3205 dit,
2352 3138 2514 3194 liceat
2543 3138 2786 3205 obedire,
2809 3138 2961 3193 velut
2992 3138 3041 3193 ei
3061 3137 3153 3209 qui
3185 3136 3251 3193 de
3281 3135 3434 3191 omni
3458 3135 3713 3192 Ecclesia
3736 3135 3810 3191 fas

2218 3226 2379 3280 habet
2394 3225 2704 3296 judicandi,
2726 3225 2986 3282 videlicet
3007 3234 3067 3281 ut
3087 3225 3284 3280 limina
3310 3233 3635 3281 sanctorum
3665 3223 3802 3279 Petri

2215 3326 2269 3373 et
2297 3318 2448 3373 Pauli
2486 3334 2714 3385 merear,
2732 3325 2793 3372 ut
2820 3317 3042 3385 devovi,
3066 3317 3206 3371 etab
3235 3317 3424 3371 eodem
3462 3317 3692 3387 insuper
3722 3334 3803 3371 vo-

2213 3415 2367 3463 catus
2395 3423 2539 3475 sum,
2571 3415 2872 3478 penetrare.
2909 3407 3174 3479 Alioquin
3209 3422 3295 3460 me
3325 3406 3486 3461 vobis
3515 3406 3798 3473 abhinc,ut

2215 3495 2625 3567 archiepiscopo
2654 3495 3009 3567 coepiscopus
3024 3495 3403 3566 obtemperare
3422 3494 3609 3561 debet,
3628 3495 3801 3550 sciatis

2214 3588 2439 3658 obsequi
2468 3603 2575 3641 non
2619 3603 2811 3658 posse;
2851 3587 2997 3659 quia,
3030 3594 3091 3640 ut
3139 3586 3386 3641 decernit
3430 3586 3627 3640 beatus
3678 3602 3800 3657 papa

2213 3676 2482 3744 Gelasius,
2530 3703 2545 3722 -
2593 3678 2846 3732 nesciunt
2887 3674 3021 3748 quid
3082 3676 3387 3747 loquuntur
3431 3676 3526 3746 qui
3579 3674 3801 3731 decretis

2228 3792 2243 3809 ε
2274 3773 2477 3820 sanctae
2499 3766 2759 3821 Romana:
2794 3765 2937 3820 sedis
2968 3765 3265 3836 prazsulum
3286 3764 3442 3835 quasi
3465 3779 3703 3819 canones
3718 3778 3799 3831 op-

2225 3876 2243 3899 ι
2280 3860 2513 3924 ponunt,
2548 3852 2750 3925 quibus
2771 3853 3043 3908 contraire
3074 3860 3266 3908 contra
3294 3868 3537 3907 canones
3567 3859 3648 3905 est
3672 3853 3799 3921 ipsos

2226 3964 2243 3987 ι
2277 3958 2331 3997 se
2362 3942 2588 4013 erigere.
2616 3966 2633 3988 ι
2679 3942 2785 3997 Iste
2806 3941 3053 3996 Gelasius
3083 3957 3221 4012 papa
3252 3939 3591 3995 venerabilis
3614 3948 3665 3994 et
3693 3954 3795 3994 san-

2212 4036 2335 4085 ctus
2363 4029 2664 4085 decretales
2695 4030 2954 4101 epistolas
2993 4027 3385 4084 venerabiliter
3409 4029 3598 4082 sanxit
3629 4028 3792 4083 susci-

2216 4123 2464 4194 piendas,
2513 4138 2613 4178 nec
2661 4137 2750 4176 eas
2800 4120 3191 4176 venerabiliter
3250 4119 3503 4190 suscipit,
3566 4120 3695 4175 licet
3740 4115 3796 4171 ad

2212 4218 2423 4267 tomum
2446 4219 2607 4282 caput
2636 4210 2885 4276 inclinet,
2907 4210 2999 4281 qui
3032 4208 3112 4265 eis
3133 4225 3244 4264 non
3273 4208 3483 4276 obedit,
3504 4210 3601 4264 sed
3633 4207 3797 4279 potius

2213 4323 2375 4378 porro
2397 4307 2587 4361 obvias
2622 4321 2814 4361 manus
2847 4305 3113 4375 inferens,
3138 4305 3283 4378 quod
3304 4306 3424 4361 sine
3445 4305 3700 4376 periculo
3724 4300 3793 4372 agi

2213 4412 2321 4451 non
2356 4403 2551 4466 potest,
2587 4394 2816 4466 respuit,
2869 4403 3058 4465 utpote
3098 4394 3194 4466 qui
3239 4394 3305 4450 de
3340 4411 3396 4449 se
3419 4393 3665 4464 judicari
3698 4408 3789 4447 non

2212 4484 2495 4555 prospicit.
2524 4485 2658 4539 Nam
2683 4483 2943 4551 velimus,
2966 4484 3229 4551 nolimus,
3252 4490 3346 4538 aut
3368 4483 3449 4537 eis
3473 4483 3793 4555 parebimus,

2213 4581 2307 4627 aut
2336 4588 2525 4628 eorum
2553 4571 2766 4642 judicio
2817 4570 3199 4643 percellemur,
3246 4588 3484 4643 quorum
3530 4570 3792 4625 neminem

2215 4662 2386 4734 aliqui
2420 4662 2623 4733 quique
2652 4660 2941 4733 reprobare
2971 4661 3240 4717 valemus.
3274 4663 3351 4717 De
3380 4657 3795 4731 archiepiscOpis

2214 4758 2399 4806 autem
2433 4749 2683 4820 Remigio
2704 4766 2767 4806 ac
2798 4749 3097 4818 Harduico,
3128 4765 3237 4822 quo
3266 4749 3407 4805 mihi
3436 4765 3531 4821 per
3557 4748 3795 4804 Teutlan-

2215 4837 2346 4893 dum
2369 4838 2653 4894 diaconem
2678 4838 2998 4908 mandastis,
3016 4838 3309 4910 privilegio
3327 4847 3533 4895 sanctae
3554 4839 3796 4894 Romana:

2213 4926 2473 4982 Ecclesiae
2497 4941 2605 4979 non
2628 4924 3009 4997 przejudicant,
3034 4925 3128 4981 sed
3145 4926 3294 4998 quod
3314 4927 3393 4981 eis
3413 4926 3605 4982 eadem
3627 4930 3796 4981 sancta

2214 5014 2369 5070 sedes
2382 5014 2448 5069 de
2471 5030 2555 5070 me
2574 5014 2751 5069 voluit
2768 5032 2825 5072 ac
2844 5016 3115 5087 disposuit
3136 5016 3483 5073 committere
3503 5012 3792 5071 commisit.

2215 5104 2328 5160 Vos
2357 5119 2488 5158 vero
2536 5104 2684 5177 quod
2722 5112 2968 5160 vestrum
2998 5112 3080 5159 est
3111 5104 3273 5174 agite.
3326 5106 3389 5160 In
3414 5104 3658 5160 Domino
3686 5103 3795 5157 Jesu

2215 5192 2437 5249 Christo
2466 5191 2605 5248 bene
2634 5193 2829 5249 valete.
2863 5218 2881 5240 ι

2286 5284 2367 5337 Ac
2387 5282 2434 5337 si
2465 5283 2627 5337 etiam
2647 5282 2705 5337 in
2735 5282 3139 5353 subscriptione
3164 5281 3260 5336 illa
3279 5282 3492 5354 aliquid
3521 5282 3796 5338 haberetur

2215 5372 2360 5442 quod
2382 5372 2522 5426 forte
2544 5372 2890 5428 intolerabile
2907 5372 3072 5440 foret,
3089 5372 3281 5428 beatus
3310 5390 3450 5445 papa
3468 5370 3787 5433 Alexander,

2215 5460 2443 5531 quintus
2474 5470 2594 5533 post
2622 5461 2924 5534 principem
2956 5463 3335 5535 apostolorum
3377 5464 3618 5529 Petrum,
3668 5453 3792 5513 mihi

2216 5564 2435 5605 manum
2482 5551 2803 5623 porrigeret,
2837 5552 2929 5624 qui
2979 5550 3096 5607 suis
3135 5549 3213 5606 ita
3242 5551 3428 5624 inquit
3472 5549 3700 5606 decretis
3733 5542 3791 5598 ad
