4056 6190
244 289 383 346 1001

1445 289 1806 349 OPUSCULA
1843 294 1935 349 ET
1972 294 2358 351 EPISTOLIE.

3417 310 3557 368 1002

244 443 434 496 locum
469 438 644 510 (epist.
683 438 737 509 1)
774 457 785 494 :
831 463 849 487 ε
877 440 1148 498 Similiter
1176 442 1222 497 si
1253 441 1574 514 hujusmodi
1603 445 1850 514 personis
1877 451 1928 508 Α
1960 455 2142 503 tamen
2171 448 2421 504 eamdem
2450 450 2859 507 confessionem
2896 453 3173 510 subtilitas
3190 460 3467 518 examinis
3485 478 3558 519 ex

240 528 499 600 quaedam
522 527 828 600 scripturae,
850 531 1238 603 quoquomodo
1255 546 1351 602 per
1373 539 1576 588 metum
1600 540 1695 587 aut
1708 532 1851 588 frau-

240 618 394 685 dem,
426 622 523 672 aut
551 632 648 688 per
674 617 789 672 vim
820 626 1049 676 extortae
1077 620 1303 689 fuerint,
1337 623 1424 678 vel
1454 629 1516 677 ut
1536 639 1592 678 se
1622 623 1851 679 liberare

240 705 480 779 possint,
541 722 875 779 quocunque
902 708 970 764 ab
999 709 1078 764 eis
1101 709 1429 782 conscriptae
1466 713 1555 767 vel
1586 710 1852 768 roborata

242 796 461 852 fuerint
490 795 735 867 ingenio,
768 797 836 853 ad
865 800 1080 855 nullum
1105 799 1183 858 eis
1221 799 1607 871 praejudicium
1641 810 1736 858 aut
1755 818 1850 858 no-

240 895 570 943 cumentum
601 888 892 957 provenire
919 905 1205 946 censemus
1240 909 1250 945 :
1301 905 1480 963 neque
1539 893 1711 947 ullam
1761 909 1853 950 eos

243 975 536 1031 infamiam
567 976 653 1030 vel
679 976 1032 1046 calumniam,
1058 988 1150 1036 aut
1169 995 1200 1033 a
1220 979 1336 1036 suis
1355 982 1850 1052 sequestrationem

240 1072 430 1138 bonis,
463 1086 729 1143 unquam,
763 1077 983 1127 auctore
1012 1074 1249 1130 Domino
1269 1081 1323 1130 et
1352 1076 1557 1132 sanctis
1588 1077 1853 1148 apostolis

244 1176 549 1231 eorumque
578 1160 1283 1229 successoribus,sustinere
1308 1165 1850 1236 permittimus.Con-

244 1250 411 1305 fessio
442 1265 575 1304 vero
606 1249 663 1304 in
692 1249 897 1305 talibus
926 1267 1036 1306 non
1093 1254 1396 1324 compulsa,
1428 1255 1523 1309 sed
1552 1263 1853 1327 spontanea

246 1337 364 1394 ﬁeri
418 1338 599 1406 debet,
633 1337 752 1409 ipso
796 1346 1087 1395 attestante
1115 1341 1211 1413 qui
1241 1343 1318 1397 ait
1346 1361 1357 1397 :
1392 1344 1483 1398 Ex
1529 1344 1683 1398 corde
1714 1344 1852 1399 enim

239 1427 535 1497 procedunt
580 1426 887 1495 homicidia,
945 1428 1240 1497 adulteria,
1290 1430 1689 1500 fornicationes,
1741 1433 1849 1487 bia-

244 1515 495 1586 sphemiw
531 1516 746 1583 (Matth.
780 1532 877 1583 xv,
915 1518 1028 1589 19),
1064 1526 1118 1573 et
1144 1526 1340 1575 caetera
1361 1537 1480 1593 qua;
1493 1529 1620 1577 sunt
1639 1522 1707 1577 ad
1735 1522 1852 1577 haec

244 1605 601 1677 pertinentia.
630 1604 738 1661 Nec
764 1612 983 1661 tantum
1012 1607 1346 1664 attendenda
1372 1619 1504 1665 sunt
1533 1627 1654 1683 quae
1684 1610 1847 1679 ﬁunt,

244 1701 515 1766 quantum
549 1710 658 1766 quo
686 1695 873 1750 animo
903 1695 1061 1755 ﬁant.
1110 1723 1126 1744 ι
1147 1696 1204 1752 Si
1236 1713 1347 1753 non
1369 1707 1499 1754 sunt
1527 1707 1742 1755 tantum
1774 1708 1850 1755 at-

1960 538 2192 594 occultis
2243 538 2489 608 eliceret,
2522 549 2576 597 et
2605 557 2716 597 non
2747 541 2974 598 afﬂictio
3017 544 3315 603 vehemens
3359 558 3558 608 extor-

1961 634 2169 698 queret,
2199 643 2318 698 quae
2346 627 2659 700 frequenter
2685 629 2789 688 hoc
2815 630 2947 702 agit,
2978 640 3043 687 ut
3061 633 3261 690 noxios
3297 637 3371 691 se
3398 638 3557 695 fateri

1961 714 2125 773 etiam
2163 723 2432 787 cogantur
2478 717 2715 773 innoxii.
2769 719 2905 775 Nam
2954 728 3241 794 postquam
3302 725 3561 795 praefatus

1962 804 2265 876 episcopus,
2316 814 2379 861 ut
2422 804 2653 874 dicitur,
2681 808 2914 864 cruciari
2945 810 3193 866 custodia
3219 813 3561 887 cremarique

1962 892 2104 948 fame
2154 909 2210 949 se
2254 894 2508 962 asseruit,
2558 896 2698 951 scire
2743 895 2953 952 debetis
2997 899 3044 953 si
3106 899 3185 955 ita
3222 910 3324 970 est,
3369 911 3557 960 utrum

1961 991 2155 1039 noceat
2182 983 2228 1038 si
2258 982 2338 1039 sic
2367 984 2535 1039 fuerit
2567 992 2786 1042 extorta
2813 987 3106 1044 confessio.
3138 989 3297 1047 Certe
3342 993 3391 1048 si
3443 1010 3558 1049 non

1962 1081 2122 1128 nocet
2167 1080 2379 1128 extorta
2428 1073 2724 1143 confessio,
2782 1091 2895 1130 non
2947 1076 3102 1133 obest
3151 1088 3368 1136 extorta
3419 1080 3561 1138 sub-

1960 1162 2231 1233 scriptio»
2264 1163 2308 1218 Ο
2331 1163 2540 1217 utinam
2565 1170 2697 1219 tunc
2715 1163 2783 1220 de
2806 1182 2893 1220 me
2914 1167 3284 1240 qualicunque
3303 1170 3562 1243 episcopo

1962 1251 2101 1306 illud
2157 1251 2474 1307 voluissetis
2528 1252 2933 1308 rationabiliter
2958 1255 3260 1324 attendere,
3292 1257 3441 1328 quod
3492 1258 3561 1314 de

1962 1339 2160 1395 vestris
2186 1339 2325 1394 mihi
2353 1340 2651 1412 scripsistis
2690 1341 2894 1398 frustra
2919 1342 3167 1410 villanis,
3214 1343 3350 1399 meis
3376 1352 3560 1401 autem

1960 1430 2328 1502 parochianis,
2362 1431 2509 1504 quod
2540 1440 2593 1487 et
2608 1433 2859 1503 superius
2888 1432 3195 1505 praelibavi,
3217 1434 3311 1490 ubi
3332 1434 3560 1492 dixistis

1961 1520 2091 1591 quia
2134 1522 2473 1594 appellantes
2502 1540 2892 1597 quamcunque
2924 1525 3249 1581 violentiam
3281 1527 3393 1599 pati
3447 1543 3560 1583 non

1960 1608 2241 1679 deberent,
2274 1627 2342 1666 an
2365 1611 2506 1667 mihi
2527 1613 2823 1684 appellanti
2845 1613 2913 1671 ad
2935 1630 3207 1673 summam
3245 1616 3559 1687 apostolicae

1961 1702 2106 1757 sedis
2142 1702 2554 1770 auctoritatem,
2587 1703 2836 1776 mihique
2863 1703 2931 1759 ab
2961 1704 3149 1761 eadem
3178 1715 3393 1774 vocato,
3426 1718 3561 1778 per:-

243 1782 524 1840 tendenda
553 1800 674 1856 quae
699 1784 862 1852 ﬁunt,
897 1796 1163 1857 quantum
1193 1804 1303 1860 quo
1337 1788 1524 1843 animo
1551 1790 1705 1859 ﬁant,
1740 1806 1850 1863 quo
1883 1811 1929 1870 Β
1961 1805 2065 1861 que
2095 1789 2211 1862 ejus
2236 1791 2583 1847 auctoritatis
2604 1792 2817 1848 litteras
2862 1793 3285 1863 praesentialiter
3328 1794 3559 1866 legendo

244 1873 436 1928 animo
456 1887 553 1943 ego
568 1872 710 1929 illud
731 1874 976 1943 fecerim,
1009 1891 1186 1948 neque
1214 1893 1407 1949 parum
1435 1879 1615 1935 sciens
1644 1880 1849 1951 poterit

246 1961 521 2033 ignorare,
550 1962 644 2035 qui
665 1964 828 2019 etiam
854 1965 1030 2020 multo
1050 1966 1209 2037 plura
1228 1974 1361 2023 tunc
1374 1983 1547 2023 essem
1580 1968 1849 2038 facturus,

243 2061 306 2109 ut
337 2070 487 2110 meos
518 2055 612 2126 qui
645 2053 864 2110 innoxii
906 2062 1082 2121 erant,
1133 2062 1189 2110 et
1217 2072 1379 2112 causa
1417 2058 1525 2114 mei
1555 2059 1850 2131 opprime-

242 2143 467 2211 bantur,
520 2159 733 2215 possem
789 2142 1041 2201 liberare.
1079 2145 1149 2201 Et
1184 2160 1254 2200 ne
1282 2147 1435 2203 solus
1484 2146 1580 2203 hic
1629 2156 1849 2206 sanctus

246 2248 387 2304 papa
424 2233 741 2289 Alexander
770 2234 888 2292 haec
915 2235 1226 2293 decrevisse
1254 2237 1641 2309 putetur,quid
1660 2238 1850 2294 beatus

247 2324 569 2395 Gregorius,
619 2342 780 2398 quem
828 2327 1223 2383 venerabiliter
1278 2328 1576 2401 suscipitis,
1613 2329 1681 2384 de
1743 2328 1850 2384 hoc

250 2413 463 2469 sentiat
483 2421 711 2486 apparet
737 2413 805 2469 ad
836 2412 1220 2471 Constantium
1243 2415 1704 2473 Mediolanensem
1724 2414 1851 2489 epi-

243 2519 470 2575 scopum
502 2501 569 2558 de
591 2502 850 2575 Pompeio
869 2504 1125 2576 episcopo
1149 2503 1394 2561 scribens
1437 2503 1514 2559 ita
1562 2505 1681 2576 (lib.
1723 2520 1847 2573 vm,

242 2591 394 2661 epist.
428 2590 522 2661 30)
573 2609 585 2645 :
650 2614 669 2636 ι
713 2592 870 2648 Nunc
891 2591 1059 2662 igitur
1085 2592 1345 2665 quoniam
1377 2593 1475 2647 illa
1503 2609 1623 2665 quae
1658 2600 1850 2649 contra

243 2697 371 2736 eum
401 2681 549 2737 dicta
578 2689 726 2749 sunt,
760 2698 870 2737 non
913 2682 1015 2737 sub
1045 2683 1142 2738 illa
1170 2698 1290 2755 quae
1315 2682 1501 2739 decuit
1536 2681 1848 2738 districtio-

245 2787 315 2825 ne
346 2771 573 2844 quzesita
600 2779 752 2840 sunt,
768 2780 822 2827 et
851 2781 998 2843 gesta
1018 2788 1139 2844 quae
1170 2771 1372 2829 exinde
1396 2771 1543 2843 apud
1580 2772 1849 2827 fraterni-

246 2867 422 2915 tatem
452 2868 689 2916 vestram
718 2861 968 2918 confecta
997 2868 1147 2929 sunt,
1178 2877 1356 2933 neque
1383 2860 1453 2916 ad
1504 2861 1851 2919 condemna-

245 2948 479 3015 tionem,
514 2965 692 3021 neque
726 2949 794 3004 ad
810 2949 1215 3006 absolutionem
1238 2949 1357 3021 ejus
1373 2949 1675 3021 probantur
1694 2966 1849 3022 posse

243 3037 522 3106 sufﬁcere,
581 3054 694 3093 non
727 3038 866 3093 levis
904 3055 989 3094 res
1027 3038 1226 3109 agitur,
1259 3046 1322 3093 ut
1373 3038 1592 3095 incaute
1642 3039 1729 3094 vel
1790 3039 1849 3095 in

241 3134 570 3183 transcursu
603 3144 713 3183 non
739 3127 932 3184 debeat
962 3128 1215 3185 difﬁniri.
1245 3128 1382 3184 Nam
1415 3144 1578 3201 grave
1606 3135 1689 3183 est
1714 3127 1850 3184 satis

242 3225 303 3272 et
337 3217 597 3274 indecens
624 3228 683 3275 ut
735 3220 794 3275 in
824 3236 881 3275 re
910 3219 1081 3275 dubia
1109 3226 1258 3276 certa
1293 3218 1509 3275 dicatur
1553 3217 1844 3274 sententia.

241 3307 323 3360 Et
352 3305 470 3362 haec
498 3307 714 3379 quidem
747 3315 893 3380 gesta
921 3324 1036 3364 esse
1074 3316 1329 3380 poterant
1357 3307 1424 3362 ad
1459 3306 1847 3363 diﬂiniendum

240 3395 382 3451 satis
411 3396 629 3465 idonea,
663 3397 710 3454 si
741 3398 980 3454 accusati
1021 3414 1084 3452 ea
1110 3396 1384 3453 confessio
1414 3402 1731 3468 sequeretur
1761 3415 1772 3450 :
1803 3394 1850 3451 si

1833 3684 1941 3748 ν.

1960 1881 2300 1949 reclamanti,
2327 1882 2546 1938 deceret
2576 1883 2929 1954 privilegium
2959 1892 3155 1942 vestrae
3203 1885 3348 1942 sedis
3386 1887 3558 1942 ullam

1960 1969 2162 2025 inferre
2190 1969 2535 2025 violentiam.
2570 1972 2769 2027 Ratum
2803 1978 2886 2026 est
2905 1988 3100 2044 nempe
3121 1980 3183 2029 ut
3203 1973 3558 2046 privilegium

1957 2068 2153 2115 vestrae
2200 2058 2346 2115 sedis
2360 2058 2769 2116 obsecundetur
2788 2060 2857 2115 ad
2876 2061 3163 2117 charitatis
3183 2062 3557 2130 concordiam,

1958 2163 2070 2204 non
2100 2148 2306 2204 ofﬁciat
2338 2148 2406 2204 ad
2453 2148 2871 2221 disceptationis
2926 2150 3257 2207 socordiam.
3291 2151 3562 2208 Praeterea

1958 2236 2254 2308 scripsistis
2283 2234 2421 2290 mihi
2445 2236 2597 2292 hac:
2636 2260 2653 2282 ι
2694 2238 2768 2292 Te
2795 2239 2963 2293 latere
2992 2254 3105 2292 non
3131 2245 3313 2308 potest
3351 2247 3557 2310 quanta

1959 2326 2101 2380 mala
2128 2325 2492 2380 Karlomanni
2521 2324 2819 2395 complices
2854 2324 2914 2379 in
2945 2324 3283 2382 Rhemorum
3331 2326 3557 2383 dimcesi

1958 2414 2527 2484 fecerunt.Propterea
2546 2431 2671 2469 cum
2712 2414 2973 2469 fratribus
2994 2424 3047 2470 et
3075 2408 3558 2471 consacerdotibus

1959 2503 2162 2559 nostris
2185 2501 2278 2573 qui
2309 2500 2626 2569 adfuerunt,
2658 2509 2845 2556 tenore
2873 2501 3168 2572 subjuucto
3199 2516 3292 2556 eos
3321 2517 3557 2557 excom-

1960 2592 2324 2649 municandos
2387 2592 2751 2649 decrevimus.
2782 2594 2853 2648 Et
2881 2593 3003 2649 ideo
3053 2594 3143 2651 his
3203 2611 3323 2667 qua:
3370 2594 3558 2651 subter

1958 2688 2329 2738 annectuntur
2355 2682 2575 2740 relectis
2605 2682 3046 2754 praesentialiter,
3094 2681 3234 2739 mihi
3273 2699 3371 2755 per
3394 2700 3557 2739 com—

1960 2771 2278 2827 ministrum
2306 2778 2461 2827 tuum
2511 2771 2723 2827 litteras
2770 2772 2853 2828 tui
2886 2789 3185 2830 consensus
3236 2772 3295 2828 in
3326 2773 3431 2830 hac
3449 2789 3558 2839 ex-

1959 2861 2461 2917 communicatione
2513 2861 2780 2917 canonica
2825 2861 3002 2928 mitte,
3052 2868 3116 2916 ut
3170 2877 3267 2932 per
3310 2861 3558 2933 singulos

1959 2948 2401 3021 archiepiscopos
2429 2948 2774 3005 diversarum
2806 2948 3219 3022 provinciarum
3263 2965 3382 3006 eam
3411 2965 3559 3007 con-

1958 3053 2175 3093 curram
2204 3036 2461 3109 dirigere,
2495 3045 2788 3110 antequam
2828 3037 3036 3092 malum
3085 3036 3232 3109 quod
3272 3044 3558 3109 ceperunt

1959 3126 2180 3197 gravius
2207 3114 2460 3198 grassari,
2488 3135 2542 3181 et
2571 3126 2787 3197 longius
2807 3142 2871 3181 ac
2900 3124 3066 3180 latius
3090 3124 3357 3196 serpendo
3382 3126 3557 3196 possit

1955 3229 2285 3270 excrescere.
2310 3238 2329 3261 ι
2366 3214 2691 3284 (Epistulam
2712 3212 2773 3266 de
2796 3228 2903 3282 qua
2930 3211 3012 3266 hic
3039 3212 3220 3283 agitur
3256 3211 3374 3267 vide
3413 3213 3554 3268 inter

1959 3303 2133 3374 Opera
2161 3302 2443 3357 Hincmari
2480 3301 2802 3369 Rhemensis,
2839 3306 2974 3356 tomo
2992 3300 3242 3372 proxime
3269 3300 3549 3373 sequenti.)

3148 3556 3551 3570 .——_—-—

1276 3816 1656 3911 HINCMABI
1703 3806 2129 3877 COLLECTIO
2174 3816 2503 3877 ALTERA.

390 3969 482 4024 Ea:
505 3967 742 4039 antiquis
769 3967 1001 4038 epistolis
1027 3969 1393 4025 Romanorum
1418 3969 1748 4043 pogtiﬁcum,
1781 3969 2080 4043 Hmcuxno
2108 3968 2399 4025 RHEMENSI
2438 3970 2584 4041 apud
2627 3970 2883 4043 Gundulﬁ
2909 3971 3094 4028 villam
3123 3970 3285 4027 missa
3312 3987 3407 4042 per

1495 4039 1814 4094 Wenilonem
1846 4040 2312 4111 archiepiscopum.

1700 4199 2121 4211 ——

1700 4299 2073 4358 PRIEFATIO
2088 4343 2099 4354 .

245 4410 358 4465 Iste
386 4406 674 4481 pitatiolus
700 4408 864 4479 plane
880 4407 1157 4481 depromit
1179 4415 1233 4463 et
1261 4415 1404 4479 apte,

319 4496 515 4553 Sedem
543 4497 924 4570 appellandam
947 4496 1117 4553 libere
1143 4496 1522 4569 apostolicam.

244 4584 398 4653 Quin
425 4587 794 4658 appellantem
822 4587 970 4643 haud
992 4585 1192 4642 vinclis
1223 4586 1452 4641 artarier
1479 4585 1630 4651 ullis,

319 4677 663 4747 Responsura
693 4691 725 4730 a
754 4676 945 4732 vincto
972 4674 1075 4731 rite
1104 4690 1204 4731 nec
1232 4674 1461 4746 exigier.

244 4764 530 4837 Archique
559 4764 807 4835 pontifici
829 4763 1120 4835 distinguit
1148 4762 1366 4835 jusque,
1400 4761 1753 4833 modumque,

318 4852 460 4909 Cum
493 4852 949 4925 compraesulibus
973 4838 1079 4908 ceu
1111 4859 1293 4907 teneat
1322 4852 1557 4909 sobrius.

242 4940 439 5013 Sitque
471 4941 563 5011 pio
600 4941 711 5013 regi
741 4941 937 4999 Carolo
958 4957 1088 5013 pax,
1116 4941 1252 5009 vita,
1286 4949 1544 5013 potestas,

315 5029 426 5096 Qui
459 5028 664 5100 probus
692 5029 811 5087 haec
829 5045 1058 5088 cernens
1080 5046 1190 5102 prae
1222 5030 1491 5101 probitate
1516 5031 1727 5102 probet.

241 5117 348 5174 Cui
380 5117 427 5172 si
457 5118 758 5190 surripitur
778 5118 1036 5175 humanis
1065 5117 1280 5174 nisibus
1307 5118 1465 5185 ullis,

316 5205 597 5263 Cassando
622 5207 802 5278 reicit,
834 5223 919 5264 res
948 5206 1045 5263 ubi
1065 5216 1214 5264 certa
1243 5206 1404 5263 redit.

1874 4413 1924 4471 D
1953 4406 2043 4462 Sic
2076 4421 2174 4461 sua
2201 4420 2357 4459 mens
2384 4403 2518 4460 adeo
2548 4405 2664 4459 veri
2687 4403 2935 4459 defervet
2956 4418 3161 4469 amore,

2026 4498 2189 4552 Recte
2216 4494 2592 4550 frustrandum
2614 4508 2680 4548 ne
2712 4493 2857 4548 sinat
2885 4509 3000 4548 esse
3028 4502 3228 4548 ratum.

1954 4586 2198 4657 Namque
2216 4584 2461 4639 animum
2493 4590 2674 4638 servat
2701 4581 2853 4637 mitis
2881 4580 3150 4652 sapientia
3179 4581 3398 4648 fortem,

2026 4677 2142 4731 Prae
2171 4672 2386 4730 cunctis
2414 4671 2632 4744 proprie
2657 4686 2819 4743 quem
2851 4668 3075 4725 redimit
3102 4670 3293 4742 pietas.

1955 4766 2000 4821 Ο
2030 4780 2191 4837 quam
2225 4779 2321 4819 rex
2353 4763 2511 4829 felix,
2545 4760 2816 4816 virtutum
2843 4758 3001 4816 fortis
3018 4767 3247 4829 amator,

2024 4853 2153 4908 Tam
2185 4853 2323 4909 bene
2353 4868 2514 4925 quem
2545 4858 2768 4923 superat
2800 4851 2916 4906 sola
2942 4848 3075 4905 boni
3104 4851 3295 4921 pietas.

1956 4943 2028 4999 At
2051 4950 2124 5011 te,
2152 4942 2388 5012 Christe,
2421 4943 2595 4998 Deum
2626 4955 2856 4996 noscens
2884 4938 3016 4994 dum
3047 4937 3231 5010 diligit
3271 4939 3435 5005 ultro,

2025 5030 2156 5097 Quae
2186 5031 2398 5104 spernis
2431 5029 2660 5103 spernit,
2691 5045 2812 5102 quae
2839 5027 3038 5084 statuis
3072 5025 3286 5081 statuit.

1953 5118 2021 5174 Se
2042 5118 2145 5174 tibi
2174 5117 2528 5175 committens
2552 5118 2611 5173 in
2642 5125 2697 5173 te
2726 5124 2822 5173 tua
2850 5115 3018 5170 verba
3039 5121 3282 5180 veretur,

2021 5206 2178 5262 Nunc
2197 5214 2249 5262 et
2280 5207 2337 5262 in
2366 5214 2634 5263 aeternum
2664 5215 2834 5276 tuque
2862 5209 3017 5258 tuere
3045 5209 3225 5257 tuum.

241 5432 338 5486 Ea:
378 5429 597 5484 decretis
626 5429 930 5485 Alexandri
924 5446 1158 5555 litigari.
1175 5430 1267 5500 qui
1305 5428 1411 5498 fuit
1464 5428 1680 5498 quintus
1728 5433 1853 5499 post

973 5517 1158 5556 etrum.

321 5612 527 5683 (Epist.
558 5612 638 5685 3.)
685 5637 703 5659 ι
727 5612 1040 5669 Alexander
1066 5611 1352 5684 episcopus
1371 5610 1633 5667 omnibus
1654 5610 1848 5668 divino

536 5710 779 5769 ΡΑτιιοι.
819 5709 1075 5769 CXXIV.

1958 5426 2262 5484 sacerdotio
2294 5426 2650 5497 fungentibus
2674 5442 2781 5498 pax
2804 5433 2858 5480 et
2883 5420 3261 5479 misericordia
3286 5420 3553 5494 multipli-

1957 5531 2132 5591 cetur,
2154 5530 2209 5577 et
2238 5520 2525 5594 sapientia,
2558 5527 2722 5592 atque
2749 5520 2894 5578 bona
2921 5519 3180 5575 voluntas
3213 5519 3270 5574 in
3292 5517 3555 5575 omnibus

1956 5619 2219 5682 augeatur
2266 5617 2320 5668 et
2366 5607 2731 5666 fructiﬁcetur
2772 5609 2831 5665 in
2888 5607 3149 5664 Domino.
3202 5608 3390 5666 Gratia
3432 5606 3554 5674 Dei,

3238 5701 3311 5761 32
