4078 6182
576 271 717 333 1003

1607 275 1953 333 HINCMARI
1992 272 2475 331 LUGDUNENSIS
2509 272 2824 331 EPISCOPI

3739 274 3865 333 10οι

572 430 770 485 fratres
799 424 1135 493 cbarissimi,
1197 441 1389 482 sumus
1422 425 1481 481 id
1519 425 1668 496 quod
1708 441 1918 481 sumus.
1967 425 2181 482 Idcirco
2209 428 2257 486 A
2289 432 2549 495 tanquam
2572 423 2821 479 omnium
2842 392 3031 477 curam
3057 427 3322 493 gerentes,
3342 428 3567 494 propter
3580 422 3730 479 sedis
3755 441 3869 497 pro.

571 517 733 573 nobis
759 514 1161 587 providendum
1200 522 1303 581 est,
1335 522 1389 569 et
1426 513 1631 585 oppido
1659 513 2070 581 decertandum,
2102 531 2171 570 ne

569 607 629 664 in
659 623 721 661 ea
748 605 903 661 vacui
934 605 1307 669 inveniamur,
1329 604 1423 659 sed
1450 604 1638 659 eadem
1663 603 1822 659 nobis
1843 610 2170 674 cooperante

569 695 760 765 gratia,
782 693 1025 750 fructum
1047 694 1283 749 Domino
1304 692 1605 764 plurimum
1628 701 1987 763 reportemus.
2011 691 2167 758 Quod

566 788 727 844 aliter
773 786 891 841 ﬁeri
922 802 1033 841 non
1084 793 1281 857 potest,
1316 785 1421 840 nisi
1472 785 1797 855 sapientiam
1848 783 2167 848 scrutando,

566 874 793 949 ejusque
823 883 1089 946 praecepta
1111 873 1444 929 lectionibus
1484 883 1536 929 et
1568 873 1795 944 hymnis
1826 872 2165 939 meditando,

565 973 729 1038 atque
745 980 809 1020 eo
828 963 1263 1021 adminiculante
1286 963 1588 1035 implendo,
1610 963 1837 1031 orando,
1861 962 2163 1033 vigilando,

564 1052 905 1109 voluntatem
964 1052 1102 1123 ejus,
1134 1052 1192 1107 in
1237 1061 1505 1124 quantum
1553 1053 1667 1124 ipse
1708 1052 1936 1123 largitus
1974 1052 2163 1118 fuerit,

564 1143 824 1215 perﬁcere
871 1142 1208 1198 studeamus.
1258 1144 1367 1198 Nec
1405 1142 1554 1197 enim
1609 1142 1987 1213 negligendam
2035 1158 2166 1213 gra—

563 1233 699 1288 tiam
729 1232 889 1287 nobis
918 1232 1188 1287 Dominus
1217 1231 1387 1297 dedit,
1415 1231 1509 1286 sed
1539 1230 1776 1287 ﬁdeliter
1803 1232 2162 1287 exercendam

567 1322 779 1379 tribuit.
815 1321 1053 1377 Dilectio
1083 1320 1231 1375 enim
1252 1322 1371 1375 sine
1392 1320 1750 1377 simulatione
1779 1321 1835 1375 in
1870 1322 2029 1376 nobis
2049 1337 2164 1376 esse

561 1418 617 1467 et
643 1424 904 1482 apparere
932 1410 1112 1478 debet,
1148 1411 1277 1483 quia
1304 1410 1474 1464 omnis
1502 1410 1596 1479 qui
1624 1409 1737 1464 odit
1765 1408 1992 1478 fratrem
2010 1426 2161 1464 suum

560 1499 825 1555 homicida
857 1507 965 1567 est;
1000 1501 1095 1573 qui
1130 1516 1262 1556 vero
1289 1499 1473 1571 diligit
1503 1501 1677 1555 Deum
1725 1499 1782 1553 in
1813 1500 1926 1555 Deo
1956 1507 2159 1567 manet,

562 1599 616 1647 et
643 1592 789 1647 Deus
824 1590 883 1646 in
912 1607 977 1646 eo
1010 1589 1067 1661 (Ι
1090 1592 1249 1646 Joan.
1291 1590 1401 1661 ιιι).
1436 1590 1590 1646 Unde
1620 1598 1673 1645 et
1702 1588 1999 1659 Apostolus
2042 1586 2157 1642 ait:

560 1681 735 1736 Nolite
752 1679 1019 1750 judicare,
1047 1679 1266 1750 fratres,
1306 1681 1364 1735 in
1393 1681 1633 1746 invicem,
1674 1679 1761 1735 sed
1798 1679 1890 1734 hoc
1924 1676 2162 1746 judicate

2278 512 2412 582 prius
2432 513 2643 583 apicem
2664 511 3013 567 decernimus
3026 519 3087 566 ut
3108 526 3268 567 neruo
3291 510 3617 582 pontiﬁcum
3638 513 3871 587 aliquem

2278 604 2391 660 suis
2405 604 2566 659 rebus
2584 603 2948 673 exspoliatum
2968 602 3309 673 episcopum,
3333 610 3429 656 aut
3447 616 3479 657 a
3493 601 3619 659 sede
3637 604 3871 675 pulsum,

2278 691 2762 748 excommunicare
2782 699 2875 747 aut
2890 689 3139 761 judicare
3161 697 3476 760 praesumat,
3515 690 3645 762 quia
3667 707 3779 747 non
3799 701 3876 751 est

2277 782 2627 854 privilegium
2646 797 2754 854 quo
2769 780 3065 853 exspoliari
3088 780 3259 851 possit
3271 779 3385 851 jam
3408 779 3669 839 nudatus.
3686 780 3874 855 Siquis

2276 881 2457 928 autem
2515 872 2674 928 aliter
2729 886 2887 942 agere
2926 870 3354 941 praesumpserit,
3409 870 3548 927 sciat
3588 886 3871 928 censuram

2276 964 2441 1036 hujus
2466 973 2668 1022 sanctae
2696 964 2844 1021 sedis
2873 982 2999 1022 cum
3026 964 3286 1021 omnibus
3314 964 3579 1020 membris
3610 965 3728 1023 suis
3775 968 3873 1025 sibi

2276 1071 2390 1111 esse
2416 1062 2706 1111 venturam
2731 1072 2745 1121 ;
2778 1060 2832 1109 et
2860 1054 3003 1110 sicut
3023 1053 3215 1125 egerit,
3242 1053 3321 1109 ita
3347 1053 3608 1126 recipiet:
3634 1056 3680 1111 si
3710 1054 3870 1128 bene,

2275 1144 2447 1212 bene;
2501 1148 2549 1202 si
2592 1162 2774 1217 grave,
2821 1161 3024 1217 grave;
3055 1144 3102 1199 si
3134 1145 3389 1217 pessime,
3432 1145 3696 1217 pessime;
3730 1165 3874 1221 quo-

2273 1238 2423 1293 niam
2452 1238 2654 1307 dignus
2694 1244 2777 1292 est
2818 1236 3101 1309 operarius
3150 1236 3399 1293 mercede
3425 1254 3541 1293 sua.
3576 1238 3706 1305 Nos,
3750 1239 3870 1295 fra-

2276 1334 2405 1394 tres,
2452 1326 2667 1381 nullum
2702 1324 2927 1395 perdere
2971 1325 3250 1392 volumus,
3282 1324 3377 1379 sed
3425 1324 3539 1396 ipse
3570 1342 3627 1383 se
3674 1328 3867 1398 perdit,

2272 1417 2366 1491 qui
2409 1417 2499 1489 pia
2527 1415 2871 1472 considerata
2919 1414 3142 1480 avertit,
3174 1421 3227 1469 et
3257 1413 3352 1485 qui
3382 1414 3762 1485 apostolorum
3820 1427 3870 1477 et

2272 1507 2439 1578 hujus
2487 1516 2687 1564 sancta)
2734 1506 2880 1563 sedis
2908 1507 3128 1563 decreta
3176 1504 3411 1562 libenter
3456 1505 3651 1563 violat.
3685 1508 3792 1564 Sed
3818 1517 3869 1566 et

2271 1613 2439 1665 nunc,
2465 1598 2681 1665 fratres,
2701 1596 3150 1654 commendamus
3171 1612 3269 1651 vos
3303 1612 3495 1651 omnes
3523 1598 3790 1665 Domino,
3820 1607 3868 1657 et

2269 1688 2439 1743 verbo
2456 1688 2642 1758 gratias
2664 1686 2801 1758 ejus,
2837 1685 2930 1758 qui
2953 1692 3130 1757 potest
3160 1683 3419 1756 perﬁcere
3447 1692 3501 1740 et
3521 1684 3653 1742 dare
3684 1687 3864 1744 haere-

558 1771 746 1841 magis,
777 1788 841 1826 ne
864 1772 1077 1842 ponatis
1122 1770 1495 1841 offendiculum
1524 1768 1793 1838 fratribus
1823 1770 1903 1823 υθι
1937 1767 2159 1822 εσαηάα·
2192 1791 2238 1851 Β
2268 1776 2497 1833 ditatem
2559 1776 2717 1832 vobis
2754 1792 2881 1831 cum
2927 1773 3185 1830 omnibus
3223 1774 3445 1831 sanctis.
3505 1775 3627 1846 Ipse
3681 1785 3860 1835 autem

561 1861 671 1913 lum
698 1862 873 1929 (Rom.
905 1876 1024 1927 xrv,
1060 1860 1172 1930 13).
1206 1860 1276 1914 Ει
1306 1859 1575 1916 Dominus
1608 1858 1823 1930 inquit:
1882 1857 2035 1923 Quod
2067 1854 2163 1912 tibi

556 1963 663 2001 non
700 1948 781 2002 vis
823 1949 961 2017 fieri,
1001 1949 1161 2003 alteri
1198 1948 1472 2017 nefacias.
1496 1949 1570 2002 Et
1590 1947 1759 2003 alibi:
1787 1947 1959 2001 Inhoc
1977 1961 2159 2014 cogno-

556 2041 697 2089 scent
719 2052 894 2089 omnes
914 2036 1042 2105 quia
1063 2036 1163 2089 mei
1182 2038 1303 2090 estis
1321 2037 1592 2107 discipuli,
1633 2037 1681 2090 si
1700 2035 2025 2090 dilectionem
2050 2035 2160 2088 ha-

556 2121 864 2178 bueritisad
884 2124 1099 2179 invicem
1131 2122 1310 2195 (Joan.
1335 2141 1461 2189 xm,
1497 2124 1613 2196 35).
1646 2123 1718 2178 Et
1746 2123 2005 2179 Salomon
2039 2123 2152 2180 ait:

557 2215 890 2286 Sacrificium
917 2217 1153 2271 salutare
1181 2223 1255 2271 est
1283 2218 1547 2272 attendere
1590 2217 1880 2283 mandatis,
1911 2222 1958 2270 et
1998 2215 2156 2271 disce-

552 2306 675 2361 dere
726 2306 792 2362 ab
848 2306 993 2362 omni
1047 2305 1325 2378 iniquitate
1373 2309 1545 2379 (Eccli
1588 2324 1766 2375 xxxv,
1809 2307 1888 2375 2).
1931 2308 2158 2362 Summa

552 2394 700 2451 enim
749 2394 1017 2469 iniquitas
1045 2404 1126 2453 est
1183 2398 1378 2453 fratres
1433 2397 1719 2452 detrahere
1773 2404 1827 2452 et
1874 2412 2151 2453 accusare.

553 2484 706 2541 Unde
735 2486 1001 2559 scriptum
1024 2493 1103 2542 est
1130 2503 1140 2541 :
1169 2488 1351 2543 Omnis
1372 2487 1464 2557 qui
1492 2487 1723 2542 detrahit
1748 2486 1979 2556 fratrem
1999 2503 2157 2541 suum

548 2574 809 2629 homicida
833 2583 925 2643 est,
958 2582 1006 2629 et
1038 2578 1208 2631 omnis
1229 2577 1490 2632 homicida
1512 2594 1618 2632 non
1647 2578 1799 2632 habet
1824 2583 2033 2648 partem
2059 2583 2157 2633 aut

547 2662 904 2718 hereditatem
933 2663 991 2717 in
1020 2681 1179 2735 regno
1199 2665 1299 2720 Dei
1320 2665 1372 2735 (ι
1404 2666 1562 2721 Joan.
1594 2683 1677 2733 in,
1712 2666 1824 2737 15).
1875 2668 1947 2721 Et
1975 2665 2144 2722 alibi:

546 2748 746 2807 Cavete
777 2766 897 2819 vos,
929 2751 1122 2808 fratres
1145 2754 1478 2822 charissimi,
1510 2770 1579 2809 ne
1609 2753 1907 2826 participes
1934 2754 2151 2810 efﬁcia-

547 2838 712 2905 mini,
762 2839 908 2910 quod
940 2840 1103 2907 absit,
1137 2844 1294 2897 malis
1321 2856 1509 2898 eorum
1538 2860 1551 2897 :
1582 2852 1635 2899 et
1676 2860 1788 2899 non
1827 2845 2007 2899 solum
2048 2860 2148 2900 vos

545 2936 735 2985 cavete
782 2930 849 2986 ab
897 2930 1175 2999 omnibus,
1228 2933 1322 2989 sed
1352 2941 1404 2988 et
1455 2934 1593 2989 alios
1631 2950 1825 2992 cavere
1863 2936 1932 2991 ab
1967 2935 2047 2992 eis
2091 2943 2146 2992 et

543 3028 789 3077 avertere
816 3018 1027 3077 docete.
1057 3045 1075 3069 ι

2268 1868 2414 1922 Deus
2443 1866 2593 1937 pacis
2616 1873 2671 1921 et
2700 1863 3099 1921 consolationis
3146 1862 3239 1919 det
3269 1862 3427 1919 vobis
3458 1862 3513 1919 id
3545 1862 3729 1934 ipsum
3780 1883 3863 1922 sa-

2266 1970 2394 2026 pere
2422 1954 2726 2010 secundum
2768 1954 2953 2009 Iesum
2986 1951 3291 2019 Christum,
3339 1958 3401 2006 ut
3430 1951 3587 2008 vobis
3628 1953 3858 2012 invicem

2266 2046 2616 2112 succurratis,
2657 2054 2712 2101 et
2741 2060 2855 2100 non
2894 2043 3017 2101 sitis
3057 2043 3261 2099 divisi:
3312 2049 3374 2099 ut
3413 2044 3710 2100 unanimes
3760 2062 3858 2102 uno

2265 2137 2428 2193 corde
2457 2135 2885 2193 honoriﬁcemus
2906 2149 3031 2190 eum
3053 2133 3112 2188 in
3132 2132 3486 2190 concordiam
3526 2141 3580 2190 et
3607 2135 3858 2191 consola-

2265 2228 2472 2284 tionem
2520 2228 2772 2293 fratrum,
2805 2224 2899 2298 qui
2934 2231 3126 2296 potens
3153 2230 3236 2279 est
3279 2223 3610 2282 conﬁrmare
3640 2241 3741 2280 vos
3773 2243 3856 2283 se-

2263 2318 2504 2376 cundum
2533 2317 2892 2389 Evangelium
2938 2314 3079 2386 ejus,
3103 2313 3265 2384 juxta
3295 2315 3693 2372 revelationem
3726 2333 3854 2389 my-

2263 2409 2414 2465 sterii
2456 2408 2666 2475 aeterni,
2708 2405 3047 2477 temporibus
3096 2403 3307 2461 scilicet
3370 2405 3671 2477 perpetuis,
3734 2408 3856 2480 qui-

2261 2498 2364 2554 bus
2393 2498 2551 2554 vobis
2577 2499 2891 2554 futurorum
2914 2494 3241 2568 gaudiorum
3274 2493 3554 2566 largienda
3580 2504 3715 2552 sunt
3746 2513 3853 2553 mu-

2260 2605 2409 2645 nera.
2443 2613 2462 2636 ι

2257 2688 2324 2743 In
2354 2685 2713 2741 Decretalibus
2742 2682 2937 2754 Hygini
2973 2698 3149 2753 papa,
3197 2680 3290 2755 qui
3318 2679 3427 2755 fuit
3469 2681 3703 2755 decimus
3745 2689 3853 2755 post

2497 2758 2735 2824 Petrum,
2764 2752 3273 2825 demetropolitanis
3301 2752 3573 2825 episcopis.

2330 2848 2530 2918 (Epist.
2568 2846 2644 2916 1.)
2690 2871 2707 2894 ι
2733 2844 3029 2913 Caeterum,
3061 2844 3274 2911 fratres,
3301 2844 3454 2899 salvo
3482 2843 3544 2901 in
3591 2845 3846 2902 omnibus

2254 2939 2512 2995 Romanas
2532 2935 2795 2992 Ecclesiae
2826 2934 3141 3007 privilegio,
3165 2933 3352 2989 nullus
3370 2934 3844 3005 metropolitanus,

2253 3026 2457 3098 absque
2492 3034 2814 3082 caeterorum
2855 3024 3105 3081 omnium
3145 3022 3701 3095 comprovincialium
3743 3024 3843 3097 cpi.

538 3137 633 3193 Ea:
658 3135 877 3211 epistohz
922 3136 1064 3193 εἰπιί
1090 3155 1251 3211 papae
1297 3136 1542 3207 secunda,
1586 3120 1847 3193 universis
1893 3136 2143 3194 Ecclesiis

2253 3131 2543 3185 scoporum
2572 3114 2854 3179 instantia,
2878 3113 3192 3184 aliquorum
3213 3111 3400 3168 audiat
3422 3127 3616 3169 causas
3636 3112 3843 3184 episco-

790 3208 1005 3277 directa,
1047 3208 1140 3280 qui
1164 3208 1276 3280 fuit
1302 3217 1479 3265 sextus
1504 3216 1631 3281 post
1655 3211 1893 3266 Petrum.

614 3314 813 3386 (Epist.
837 3315 951 3387 11.)
988 3342 1006 3365 ι
1026 3318 1080 3373 Si
1104 3318 1227 3390 quis
1249 3326 1493 3373 vestrum
1517 3319 1763 3389 pulsatus
1780 3316 2017 3374 fueritin
2042 3317 2137 3372 ali-

538 3422 646 3479 qua
681 3406 1030 3477 adversitate,
1056 3409 1286 3465 licenter
1316 3410 1457 3467 hanc
1484 3418 1727 3466 sanctam
1760 3418 1814 3464 et
1865 3409 2138 3480 apostoli—

536 3511 655 3551 cam
677 3498 914 3567 appellet
934 3498 1115 3553 sedem
1141 3516 1151 3553 :
1172 3507 1226 3553 et
1244 3500 1311 3554 ad
1333 3516 1451 3555 eam
1474 3500 1627 3572 quasi
1664 3499 1731 3554 ad
1769 3507 1933 3571 caput
1955 3497 2138 3555 suffu-

534 3582 686 3654 gium
727 3584 943 3652 habeat,
986 3602 1054 3640 ne
1092 3587 1358 3642 innocens
1398 3588 1710 3653 damnetur,
1753 3595 1848 3641 aut
1890 3588 2139 3642 Ecclesia

536 3686 635 3724 sua
669 3671 1064 3726 detrimentum
1124 3674 1382 3743 patiatur.
1441 3674 1498 3729 Si
1574 3685 1754 3730 autem
1813 3675 1863 3729 ei
1918 3691 2137 3731 necesse

535 3758 800 3827 evenerit,
826 3776 1054 3831 eamque
1082 3762 1356 3832 appellare
1386 3762 1618 3817 minime
1647 3779 1811 3818 ausus
1858 3762 2049 3832 fuerit,
2082 3772 2137 3819 et

534 3854 762 3903 vocatus
782 3855 965 3903 tamen
987 3848 1053 3903 ab
1075 3848 1175 3905 hac
1194 3857 1380 3905 sancta
1401 3849 1527 3904 sede
1560 3850 1744 3915 fuerit,
1786 3866 1899 3904 non
1938 3860 2131 3906 renuat

534 3937 744 4004 venire,
771 3938 866 3993 sed
894 3938 1183 3993 confestim
1212 3945 1274 3993 ut
1302 3939 1352 3993 ei
1377 3938 1691 3995 nuntiatum
1731 3939 1899 3995 fuerit
1944 3941 2134 3997 venire

534 4025 777 4092 festinet,
812 4033 865 4079 et
894 4041 1084 4081 causas
1113 4043 1211 4097 pro
1236 4026 1437 4098 quibus
1467 4037 1695 4084 vocatus
1722 4036 1802 4084 est
1834 4029 2134 4100 prudenter

535 4113 812 4184 disponat,
860 4122 1021 4187 atque
1065 4115 1110 4171 si
1138 4133 1353 4173 necesse
1379 4117 1589 4190 aliquid
1618 4119 1891 4190 corrigere
1941 4120 2130 4190 fuerit,

533 4219 659 4260 cum
691 4204 779 4259 bis
808 4221 943 4277 quos
966 4205 1059 4262 hic
1091 4207 1297 4277 primos
1328 4207 1605 4263 invenerit
1635 4208 1896 4278 corrigat.
1916 4208 2004 4264 Ad
2026 4210 2133 4265 Ec-

530 4294 753 4351 clesiam
806 4302 987 4350 tamen
1026 4311 1180 4351 suam
1239 4312 1349 4351 non
1390 4297 1544 4368 prius
1597 4305 1906 4353 revertatur
1963 4314 2128 4371 quam

531 4382 664 4439 hinc
693 4383 893 4439 litteris
919 4384 1237 4455 apostolicis
1268 4386 1354 4439 vel
1389 4386 1640 4441 formatis
1660 4386 1899 4457 pleniter
1924 4387 2130 4445 instru-

529 4479 650 4528 ctus
669 4480 833 4545 atque
854 4480 1118 4544 purgatus
1138 4474 1231 4542 sit,
1265 4474 1311 4529 si
1342 4474 1510 4531 fuerit
1541 4474 1705 4530 unde.
1742 4476 1810 4531 Ut
1838 4484 2124 4549 postquam
2159 4513 2204 4571 Β

528 4562 753 4617 domum
786 4577 1036 4618 reversus
1064 4562 1252 4630 fuerit,
1278 4573 1609 4634 cognoscant
1640 4564 1814 4620 vicini
1835 4566 1921 4619 sui
1951 4567 2123 4638 quali-

527 4656 611 4704 ter
639 4650 731 4706 hic
761 4667 913 4705 suam
943 4650 1292 4723 aliorumque
1327 4668 1544 4707 causam
1585 4651 1813 4720 ﬁnierit,
1856 4661 2126 4725 quatenus

526 4753 647 4791 eam
681 4738 883 4808 absque
912 4741 1099 4811 aliqua
1137 4739 1496 4811 ambiguitate
1535 4742 1790 4798 nuntiare
1818 4750 1872 4798 et
1918 4743 2127 4814 praedi-

525 4840 648 4881 care
704 4826 962 4882 omnibus
1018 4829 1210 4899 possit.
1250 4828 1335 4883 Ab
1380 4830 1484 4885 hac
1512 4830 1660 4885 enim
1708 4839 1896 4887 sancta
1931 4834 2057 4888 sede
2093 4849 2124 4888 a

524 4914 728 4971 sanctis
753 4916 1015 4987 apostolis
1044 4917 1208 4985 tueri,
1242 4916 1465 4993 defendi
1512 4928 1566 4975 et
1606 4919 1828 4975 liberari
1867 4921 2120 4992 episcopi

516 5003 658 5076 jussi
686 5013 845 5073 sunt;
898 5012 959 5062 ut
986 5006 1131 5062 sicut
1176 5021 1366 5064 eorum
1399 5008 1785 5080 dispositione,
1827 5010 2119 5066 ordinante

522 5095 781 5163 Domino,
812 5094 1070 5167 primitus
1092 5104 1221 5153 sunt
1248 5098 1557 5165 constituti,
1607 5098 1688 5155 sic
1718 5099 1888 5171 hujus
1915 5108 2118 5156 sanctae

520 5184 683 5255 sedis,
715 5186 875 5258 cujus
903 5185 1252 5258 dispositioni
1282 5203 1471 5243 eorum
1491 5205 1682 5246 causas
1702 5198 1754 5246 et
1778 5191 1989 5263 judicia
2009 5209 2115 5248 ser-

519 5282 828 5343 vaverunt,
891 5276 1228 5347 protectione
1268 5276 1472 5332 futuris
1510 5279 1853 5350 temporibus
1893 5281 2006 5337 sint
2044 5282 2113 5337 ab

518 5363 776 5421 omnibus
806 5365 1259 5436 perversitatibus
1300 5382 1513 5438 semper
1565 5368 1744 5425 liberi.
1791 5370 1945 5425 Unde
1982 5372 2111 5426 cul-

516 5460 717 5522 pantur
740 5454 799 5511 hi
829 5455 924 5528 qui
953 5456 1114 5513 aliter
1142 5455 1288 5514 circa
1317 5456 1513 5512 fratres
1541 5458 1773 5529 egerint,
1815 5474 1977 5529 quam
2012 5457 2108 5512 hu-

508 5536 603 5610 jus
628 5540 774 5596 sedis
801 5546 1110 5604 rectoribus
1142 5546 1353 5618 placere
1388 5547 1765 5619 cognoverint.
1790 5546 1895 5623 His
1924 5544 2107 5602 taliter

512 5628 893 5699 consideratis,
924 5641 1085 5706 atque
1113 5650 1238 5691 cum
1269 5635 1501 5707 reliquis
1537 5634 1808 5707 episcopis
1846 5633 2100 5704 decretis,

2253 3220 2472 3276 porum,
2502 3203 2631 3276 quia
2660 3203 2833 3259 irritae
2866 3210 3043 3265 erunt
3075 3201 3236 3258 aliter
3264 3208 3397 3258 actae
3428 3218 3593 3275 quam
3624 3203 3682 3259 in
3713 3220 3845 3259 con-

2249 3303 2437 3366 spectu
2465 3310 2657 3350 eorum
2686 3292 2937 3349 omnium
2982 3292 3279 3358 ventilata,
3321 3300 3374 3347 et
3424 3290 3540 3363 ipse
3567 3292 3616 3349 si
3662 3293 3843 3350 fecerit

2245 3390 2562 3440 coerceatur
2590 3398 2621 3441 a
2648 3381 2932 3438 fratribus.
2968 3380 3394 3439 Criminationes
3426 3380 3696 3454 majorum
3721 3391 3842 3441 natu

2243 3491 2340 3547 per
2364 3474 2501 3528 alios
2532 3489 2645 3528 non
2690 3472 2843 3539 ﬁant,
2876 3471 2981 3525 nisi
3014 3487 3109 3542 per
3153 3471 3300 3541 ipsos
3338 3470 3433 3543 qui
3474 3471 3712 3526 crimina
3752 3472 3838 3526 in-

2244 3564 2499 3629 tendunt,
2531 3563 2575 3618 si
2610 3571 2790 3618 tamen
2820 3561 2925 3633 ipsi
2956 3562 3109 3631 digni
3135 3568 3188 3616 et
3216 3561 3726 3631 irreprehensibiles
3749 3578 3831 3634 ap-

2243 3662 2564 3724 paruerunt,
2593 3660 2646 3706 et
2667 3653 2802 3707 actis
2830 3651 3067 3723 publicis
3097 3650 3387 3706 docuerint
3407 3652 3562 3705 omni
3585 3667 3641 3706 se
3667 3650 3831 3722 suspi-

2244 3741 2401 3796 cione
2431 3756 2613 3797 carere
2648 3749 2701 3795 et
2731 3740 3046 3807 inimicitia,
3092 3747 3256 3811 atque
3296 3739 3831 3812 irreprebensibilem

2241 3828 2405 3885 ﬁdem
2446 3838 2500 3885 et
2537 3829 3009 3885 conversationem
3049 3828 3268 3885 ducere.
3308 3827 3537 3884 Necnon
3576 3837 3631 3884 et
3669 3846 3826 3901 pere-

2241 3922 2397 3995 grina
2423 3924 2640 3997 negotia
2669 3932 2721 3979 et
2740 3922 2951 3995 judicia
2978 3922 3357 3996 prohibemus,
3386 3924 3521 3997 quia
3552 3923 3827 3995 indignum

2241 4021 2322 4071 est
2360 4022 2422 4071 ut
2459 4012 2527 4069 ab
2565 4012 2809 4069 externis
2842 4010 3185 4084 judicentur,
3212 4012 3303 4085 qui
3333 4013 3826 4084 comprovinciales

2240 4111 2294 4158 et
2354 4118 2386 4157 a
2422 4119 2480 4158 se
2518 4104 2719 4159 electos
2775 4102 2975 4158 debent
3022 4102 3220 4158 habere
3265 4101 3503 4173 judices.
3559 4103 3664 4158 Nos
3704 4104 3828 4175 qui-

2241 4192 2363 4249 dem
2404 4210 2473 4248 ex
2511 4195 2664 4249 omni
2706 4200 2859 4264 parte
2910 4191 3226 4264 arripienda
3277 4192 3595 4249 occasiones
3647 4192 3825 4248 absci-

2238 4285 2441 4343 dimus.
2500 4286 2609 4341 Nos
2647 4300 2894 4355 supernae
2935 4300 3204 4338 memores
3244 4283 3556 4355 disciplinae
3595 4284 3822 4357 quibus-

2236 4390 2452 4445 cunque
2482 4373 2804 4429 cadentibus
2839 4372 3120 4429 dexteram
3150 4371 3504 4444 porrigimus,
3526 4383 3579 4431 et
3600 4390 3630 4428 a
3656 4374 3825 4429 ruinas

2236 4464 2541 4536 przecipitio
2571 4480 2708 4536 quos
2730 4480 3018 4536 possumus
3048 4462 3376 4529 relevemus,
3408 4468 3463 4517 et
3494 4460 3826 4519 defensionis

2235 4552 2634 4610 adminiculum
2666 4554 2798 4611 totis
2830 4553 3046 4610 viribus
3078 4551 3317 4626 praebere
3350 4552 3624 4624 cupimus.
3671 4551 3825 4610 Certe

2234 4644 2320 4697 vel
2352 4642 2397 4697 si
2421 4659 2573 4699 mens
2593 4643 2665 4700 sit
2694 4644 2824 4700 recti
2847 4643 3084 4712 conscia,
3121 4640 3369 4698 vindicta
3400 4641 3599 4715 dignus
3631 4649 3716 4697 est
3737 4640 3823 4714 qui

2232 4732 2325 4787 alii
2357 4732 2547 4790 existit
2574 4750 2733 4790 causa
2764 4734 3027 4805 periculi:
3061 4733 3157 4808 qui
3189 4750 3321 4789 vero
3353 4733 3707 4791 innocentem
3740 4731 3825 4786 vel

2232 4823 2451 4878 fratrem
2494 4838 2823 4896 quocunque
2864 4822 3083 4896 ingenio
3123 4821 3490 4894 persequitur,
3525 4822 3637 4896 ipse
3666 4821 3729 4876 in
3762 4835 3814 4875 se

2223 4911 2478 4984 jugulum
2512 4914 2705 4968 mortis
2743 4912 3025 4985 impingit,
3062 4919 3124 4969 ut
3154 4913 3231 4969 ait
3278 4911 3506 4971 divinus
3539 4920 3591 4967 et
3634 4909 3823 4966 beatus

2227 5017 2437 5072 praeco:
2472 5002 2599 5059 Noli
2627 5002 2918 5069 detrahere,
2940 5018 3003 5057 ne
3021 5001 3348 5065 eradiceris;
3388 5000 3506 5057 noli
3535 5014 3807 5063 accusare,

2226 5107 2295 5147 ne
2340 5091 2645 5161 accuseris;
2685 5092 2801 5147 noli
2832 5089 3102 5164 judicare,
3156 5106 3224 5147 ne
3257 5088 3560 5163 judiceris:
3606 5088 3737 5162 quia
3764 5088 3818 5142 in

2223 5200 2332 5256 quo
2381 5183 2594 5255 judicio
2640 5183 2995 5255 judicaveris,
3048 5181 3396 5257 judicabitur
3431 5178 3500 5237 de
3539 5191 3610 5241 te.
3650 5178 3816 5236 Nemo

2218 5274 2464 5334 Creditur
2493 5291 2592 5331 nos
2620 5274 2819 5342 odisse,
2853 5291 3087 5345 quorum
3127 5271 3396 5329 relatione
3431 5288 3544 5327 non
3575 5268 3810 5327 laeditur.

2219 5365 2367 5421 Dicit
2422 5366 2567 5420 enim
2598 5365 2892 5421 Dominus:
2956 5366 3116 5420 Omne
3146 5381 3361 5435 regnum
3408 5363 3465 5417 in
3505 5380 3557 5416 se
3591 5359 3812 5414 dirismu

2216 5474 2321 5511 non
2350 5456 2509 5510 stabit
2536 5457 2747 5527 (Matth.
2780 5473 2882 5523 xu,
2910 5455 3002 5527 25)
3026 5472 3041 5523 ;
3084 5465 3138 5513 et
3164 5456 3345 5511 omnis
3372 5452 3602 5509 scientia
3629 5457 3681 5504 et
3733 5462 3811 5503 re-

2215 5547 2341 5618 gula
2392 5546 2683 5603 adversum
2720 5562 2775 5601 se
2814 5544 2994 5602 divisa
3045 5559 3159 5600 non
3212 5543 3400 5601 stabit.
3451 5540 3677 5613 Ideoque
3720 5551 3815 5590 ne-

2212 5650 2360 5694 cesso
2406 5643 2489 5692 est
2522 5642 2585 5693 ut
2612 5633 2961 5696 concorditer
2987 5635 3232 5692 salubres
3282 5630 3595 5704 suscipiatis
3620 5627 3811 5683 horta-
