4056 6190
291 236 436 298 1006

1480 267 1839 333 OPUSCULA
1878 280 1969 336 ET
2008 284 2393 348 EPISTOL/E.

280 404 393 464 tus,
426 396 571 454 nihil
615 416 712 472 per
751 411 1160 474 contentionem
1208 431 1445 493 agentes,
1478 427 1574 484 sed
1601 431 1670 487 ad
1709 448 1872 492 omne
1901 440 1953 501 Α
1989 442 2081 496 Ex
2113 444 2309 501 Grecis
2334 455 2383 505 et
2410 452 2615 512 Latinis
2642 460 2952 535 canonibus,
2984 472 3034 523 et
3063 475 3276 543 synodi:
3304 475 3581 558 Romanis,

280 484 529 543 studium
567 489 884 554 devotionis
914 506 1204 558 unanimes
1231 510 1440 558 divinis
1482 526 1535 558 nt
1567 523 1880 558 annotn'ini-
2057 521 2213 558 η¹¹¹¹¹¹⁹
2239 519 2455 558 ¹¹¹⁰Μ¹²⁸
2475 534 2758 558 ”“·¹““”¹““⁴
2787 553 2841 558 “
2870 540 2983 558 “
3007 541 3040 558 “’
3209 549 3244 558 “

279 484 529 543 studium
567 489 884 554 devotionis
914 506 1204 564 unanimes
1231 510 1440 571 divinis
1482 526 1536 573 et
1564 523 1882 592 apostolicis

277 575 777 640 constitutionibus
807 592 1066 658 parcatis.
1109 620 1128 644 ι

275 688 343 743 In
370 689 736 789 Decreklalibus
753 700 968 789 .Arniceti
984 720 1139 789 papa:
1158 710 1671 789 demelropolilams
1700 733 1875 783 contu-

379 764 637 831 macibus,
670 769 763 837 qui
791 770 902 840 fuit
927 764 1110 833 ter-uiis
1137 764 1364 841 decimus

341 864 594 934 Epistola
610 871 787 928 unica.
810 899 828 921 ε
844 876 963 948 Ipse
977 889 1158 938 autem
1182 888 1627 966 archiepiscopus
1647 899 1789 956 nihil
1807 903 1874 958 de

265 952 725 1028 coepiscoporum
758 965 957 1033 causis,
994 979 1089 1027 aut
1113 973 1237 1030 aliis
1266 983 1673 1055 communibus,
1710 987 1872 1059 juxta

264 1048 473 1096 statuta
503 1049 902 1121 apostolorum,
926 1056 1129 1131 absque
1151 1075 1477 1124 cunctorum
1504 1048 1729 1129 illorum
1749 1086 1870 1150 agat

262 1132 540 1189 consilio:
578 1152 679 1192 nec
714 1140 821 1208 illi,
854 1144 960 1198 nisi
995 1160 1261 1219 quantum
1310 1156 1379 1211 ad
1412 1162 1664 1232 proprias
1697 1180 1868 1236 paro-

259 1219 417 1274 chias
435 1224 690 1291 pertinet,
723 1228 842 1284 sine
862 1248 980 1301 suo,
1003 1240 1261 1307 quoniam
1293 1246 1389 1300 tali
1424 1250 1620 1318 gaudet
1649 1268 1717 1308 ex
1738 1271 1865 1311 con.

257 1308 451 1363 cordia
479 1312 819 1385 Altissimus,
848 1328 902 1375 et
931 1320 1200 1392 gloriatur
1230 1331 1286 1386 in
1317 1338 1580 1394 membris
1596 1341 1728 1397 suis.
1767 1344 1862 1400 Re-

257 1396 399 1469 liqui
442 1417 593 1468 vero,
643 1406 736 1476 qui
785 1409 918 1464 alias
950 1419 1403 1488 metropolitanas
1461 1425 1616 1484 sedes
1671 1432 1855 1504 adepti

255 1496 407 1556 sunt,
442 1505 553 1544 non
584 1492 843 1563 primates
890 1501 985 1555 sed
1039 1510 1447 1580 metropolitani
1480 1519 1854 1579 nominentur.

256 1576 313 1631 Si
354 1587 536 1633 autem
567 1581 769 1653 aliquis
800 1576 1357 1661 metropolitanorum
1406 1602 1633 1661 inﬂatus
1668 1608 1855 1680 fuerit,

244 2024 509 2082 omnibus
536 2028 784 2088 districte
813 2038 1141 2110 corrigatur,
1176 2024 1245 2099 ne
1271 2047 1397 2103 talia
1427 2050 1683 2125 deinceps
1714 2024 1848 2128 prm-

243 2128 464 2171 sumere
492 2119 708 2179 audeat.
744 2124 799 2179 Si
830 2142 961 2183 vero
1000 2131 1399 2206 incorrigibilis
1442 2142 1629 2214 eisque
1661 2146 1843 2203 inobe-

238 2202 402 2259 diens
446 2213 783 2280 apparuerit,
830 2215 895 2269 ad
930 2216 1073 2275 hanc
1108 2226 1464 2294 apostolicam
1499 2232 1707 2300 sedem,
1747 2235 1842 2291 cui
1922 2237 1929 2243 ’

238 2292 430 2348 omnia
451 2297 830 2370 episcoporum
857 2304 1071 2375 judicia
1088 2292 1381 2369 terminare
1404 2330 1674 2392 przecepta
1688 2331 1838 2392 sunt,

235 2379 359 2451 ejus
386 2390 739 2448 contumacia
770 2394 1055 2466 referatur,
1089 2408 1150 2455 ut
1176 2402 1427 2461 vindicta
1457 2408 1523 2463 de
1554 2425 1617 2465 eo
1647 2411 1762 2480 ﬁat,
1788 2422 1840 2483 et

231 2474 419 2528 cmteri
453 2474 708 2534 timorem
758 2481 1016 2543 habeant.
1050 2489 1104 2544 Si
1138 2501 1318 2547 autem
1351 2505 1573 2568 propter
1603 2474 1835 2558 nimiam

231 2559 724 2638 longinquitatem,
756 2581 851 2627 aut
880 2578 1147 2648 temporis
1181 2559 1713 2660 mecm-moditatem,
1747 2595 1835 2648 vel

410 2651 451 2686 ἶ.
485 2656 827 2686 αοηι-ι-ἶοιιιΑ-..ι
883 2679 1037 2686 -..----
1075 2684 1090 2686 _
1112 2667 1135 2686 j
1169 2669 1184 2686 ι
1424 2674 1439 2686 ι
1600 2677 1610 2686 .

216 3101 527 3172 primatem
555 3105 870 3181 diieceseos,
904 3124 999 3170 aut
1028 3118 1173 3187 apud
1202 3119 1343 3177 hanc
1368 3125 1729 3194 apostolicam
1747 3142 1826 3183 se-

212 3189 357 3244 dem
405 3191 669 3253 audiatur.
721 3198 827 3265 Qui
864 3201 1042 3273 major
1084 3213 1165 3260 est
1212 3215 1478 3278 vestrum,
1519 3215 1823 3272 secundum

213 3278 570 3338 Dominicam
582 3283 910 3360 jussionem,
931 3293 1003 3348 sit
1030 3304 1209 3351 vester
1230 3298 1485 3356 minister
1507 3319 1519 3367 ;
1544 3307 1598 3356 et
1618 3312 1826 3374 quanto

214 3364 405 3436 major
431 3386 485 3424 es
514 3372 571 3427 in
602 3377 859 3435 omnibus
890 3380 1123 3438 humilia
1168 3386 1430 3456 teipsum.
1474 3388 1821 3462 Charissimi,

214 3456 395 3512 nolite
425 3459 569 3516 inter
596 3480 697 3520 vos
722 3468 1071 3539 contendere,
1106 3488 1205 3527 nec
1230 3485 1440 3545 quierat
1467 3479 1668 3549 aliquis
1695 3499 1822 3537 ma-

208 3544 305 3616 jor
322 3562 439 3603 esse
464 3568 477 3616 ;
502 3551 597 3607 sed
612 3552 775 3623 juxta
795 3556 1147 3628 Apostolum,
1181 3544 1395 3633 diligite
1426 3580 1525 3621 vos
1554 3567 1817 3641 invicem,

213 3636 476 3707 quoniam
508 3639 749 3696 charitas
769 3659 836 3697 ex
866 3646 979 3701 Deo
1007 3654 1116 3715 est;
1151 3657 1203 3706 et
1224 3652 1406 3708 omnis
1427 3655 1521 3726 qui
1545 3655 1730 3730 diligit
1751 3677 1819 3717 ex

212 3725 324 3779 Deo
354 3735 522 3782 natus
551 3737 651 3796 est,
686 3738 738 3786 et
767 3736 1047 3803 cognoscit
1076 3737 1248 3795 Deum
1282 3758 1293 3796 :
1328 3725 1566 3815 quiinon
1606 3725 1813 3822 diligit,

205 3827 323 3869 non
350 3815 512 3871 novit
539 3817 736 3888 Deum,
769 3822 1034 3893 quoniam
1062 3827 1208 3884 Deus
1236 3828 1478 3890 charitas
1513 3844 1612 3893 est.
1657 3863 1676 3887 ι

197 3929 300 3984 Ex
346 3926 566 4007 epistola
593 3927 837 4010 .Yictoris
878 3951 1071 4010 papae,
1115 3940 1399 4010 Theophila
1434 3944 1814 4005 Alexandrino

277 3997 515 4124 qipiscopo
572 3998 793 4068 directa,
851 3997 1353 4080 q'ui-fuitqui1ilus

325 4075 522 4124 etram.

325 4075 522 4127 etram.

765 4170 932 4243 (Vide
970 4190 1123 4232 num.
1164 4177 1246 4251 4.)

200 4268 299 4324 Ea:
316 4265 537 4349 epistola
561 4269 957 4360 Callistipapie,
975 4274 1046 4329 ad
1065 4293 1238 4360 omnes
1268 4280 1570 4360 Galliarum
1592 4289 1806 4346 urbium

276 4341 560 4410 episcopos,
590 4343 683 4412 qui
710 4341 1058 4413 fuitdecimus
1075 4351 1324 4419 septimus
1344 4363 1466 4425 post
1488 4341 1727 4417 Patruini

833 4435 1000 4504 (Vide
1039 4435 1204 4510 ibid.)

197 4528 268 4583 In
304 4528 680 4621 Decrelalibusp
710 4532 862 4621 {ficii
910 4537 1639 4621 papw,_de_metropol_itanis
1677 4551 1799 4621 epi-

307 4600 497 4670 scopis,
519 4602 612 4671 qui
647 4602 757 4671 fuit
784 4600 1271 4665 vicesinius'tertius
1299 4600 1422 4683 posit
1447 4600 1685 4675 Petrum.

825 4694 991 4763 (Vide
1029 4696 1194 4769 ibid.)

196 4788 263 4842 In
288 4790 645 4879 Decretaliou‘s
669 4791 809 4879 [alii
842 4809 1013 4874 papte,
1044 4797 1105 4850 de
1134 4803 1558 4879 inetropoliﬁanis
1586 4809 1794 4879 episco-

333 4860 443 4930 pis,
473 4862 567 4930 qui
592 4861 701 4931 fuit
730 4860 1019 4921 tricesimus
1048 4876 1226 4925 sextus
1254 4860 1378 4945 post
1408 4860 1644 4935 Petruui.

847 4956 986 5013 Vide
1022 4958 1159 5016 ibid.

190 5048 283 5101 Es
340 5047 605 5117 Capitulis
644 4955 975 5141 sanctissimi
1020 4961 1403 5141 archiepiscopi
1456 5067 1663 5138 Felicis,
1721 5089 1787 5127 ea:

633 5122 850 5179 Nicama
879 5128 1077 5195 synodo
1102 5122 1343 5202 sumptis.

808 5212 974 5283 (Vide
1013 5217 1179 5290 ibid.)

185 5303 459 5386 Damasus
490 5324 658 5378 papa,
693 5312 785 5379 qui
807 5310 920 5399 fuit.
942 5314 1093 5399 istius
1122 5320 1310 5375 Felicis
1329 5339 1588 5399 successor
1607 5335 1653 5382 et
1679 5329 1789 5399 fuit

258 5377 487 5431 tricesim
496 5377 578 5464 us
592 5377 762 5460 nonus
800 5377 922 5453 post
940 5388 1189 5464 .Pelrum,
1231 5377 1546 5464 scripsitad
1558 5377 1783 5464 Simili:

259 5419 295 5430 .,
316 5419 552 5432 ..νπημω
595 5419 760 5436 "vum,
800 5419 922 5453 μνον
951 5419 972 5440 ι
997 5419 1061 5442 ιω
1081 5419 1189 5458 uin,
1231 5419 1441 5464 δῦνιμὸῑι
1468 5419 1542 5453 aa
1570 5419 1654 5456 oce
1691 5419 1783 5458 na-

258 5465 385 5543 qum
423 5450 888 5543 archiepiscopum,
920 5457 982 5511 de
1030 5463 1433 5543 aqchiepiscopis
1479 5468 1572 5539 qui
1623 5419 1784 5543 fgcile

253 5518 515 5576 damnare
541 5518 1033 5601 volunt-episcopos,
1064 5518 1253 5590 dicens.

793 5612 960 5686 (Vide
1004 5616 1173 5691 ibid.)

2893 519 2952 535 γέ,
2986 519 3029 523 --
3064 519 3083 524 υ
3125 519 3273 532 --νυι-ιυ
3304 519 3435 538 ,ιιυηι
3476 519 3509 541 ιι

2057 521 2213 585 atque
2239 519 2460 629 deegialtis
2473 534 2761 629 prmpluu't
2780 553 2843 591 ac
2860 519 3167 629 principii»:
3198 519 3578 629 Humanitati:

2057 603 2092 629 η
2128 605 2267 629 "nn"
2407 614 2563 629 ,δοίην-ιι
2636 621 2718 629 ’.ξ’
2749 624 2897 629 “—““'
2920 628 2927 629 ί

2057 603 2092 639 α
2127 605 2271 667 papa
2316 595 2563 685 Adqiauo
2602 595 2935 675 Ingilram‘no

2056 673 2292 732 episcopo
2313 669 2563 734 prolatis.

2059 764 2218 838 (Cap.
2277 771 2391 844 14.)
2460 798 2479 822 ι
2536 779 2732 839 Nullus
2783 794 3239 863 metropolitanus
3292 805 3580 882 episcopus

2961 850 2979 863 ι
3104 850 3237 856 τ-ν-ντ-
3295 850 3474 876 *ιη-’νυ
3518 850 3576 869 ’⁸⁵

1983 850 2185 926 absque
2214 868 2537 923 caeterorum
2569 873 2818 932 omnium
2857 888 3410 954 comprovincialium
3448 850 3576 972 alpi-

1982 956 2272 1014 scoporum
2294 949 2576 1026 instantia,
2596 961 2907 1035 aliquorum
2934 973 3123 1031 audiat
3141 994 3333 1039 causa:
3361 949 3573 1061 eorurm,

2688 1031 2707 1035 _
3150 1031 3333 1039 ~—-—~
3363 1031 3444 1041 νυ·
3459 1031 3573 1061 -ιυν

1980 1031 2109 1103 quia
2138 1036 2295 1093 irrita
2323 1053 2505 1113 erunt,
2556 1049 2670 1106 imo
2698 1055 2865 1113 etiam
2895 1077 3113 1121 causam
3144 1067 3203 1123 in
3231 1074 3444 1141 synodo
3475 1094 3574 1148 pro

1980 1119 2119 1148 ,Μὴ
2392 1134 2437 1148 υ
2604 1141 2638 1148 ..

1979 1119 2123 1179 facto
2169 1127 2340 1186 dabit.
2389 1134 2498 1192 Nec
2542 1141 2884 1214 reliquorum
2934 1153 3138 1226 aliquis
3166 1119 3568 1237 epigcoporurm,

1975 1225 2199 1269 suorum
2231 1223 2572 1283 sacerdotum
2614 1248 2803 1290 causas
2829 1239 3036 1310 audiat,
3091 1245 3295 1320 absque
3324 1269 3569 1323 praesen-

1978 1298 2044 1323 ιζ-
2098 1303 2220 1323 -Ι-μν

3023 1298 3036 1310 ι
3096 1298 3292 1320 ~~~'1-'
3324 1298 3566 1323 ια’-’πων

1978 1298 2051 1354 tia
2091 1303 2417 1367 clericorum
2450 1328 2712 1386 suorum;
2764 1325 2893 1394 quia
2941 1329 3100 1387 irrita
3146 1337 3251 1392 erit
3293 1347 3566 1403 sententia

1972 1396 2231 1471 episcopi,
2280 1405 2385 1461 nisi
2418 1416 2706 1479 praesentia
2750 1421 3077 1483 clericorum
3109 1433 3487 1496 conﬁrmetur.
3531 1467 3550 1490 -

2374 1536 2466 1591 Ex
2489 1538 2703 1597 decretis
2730 1546 2947 1606 Eusebii
2970 1571 3143 1627 papw.

2040 1620 2240 1724 (Epist.
2269 1628 2668 1731 2,‘sub_ﬁnem.)
2715 1668 2733 1690 ε
2765 1642 2906 1704 Oves
2927 1620 3059 1725 ergo
3082 1673 3200 1728 qua
3229 1664 3431 1731 pastori
3460 1683 3558 1724 suo

1963 1719 2269 1771 commissae
2322 1719 2549 1793 fuerint,
2586 1745 2709 1786 eum
2760 1751 2858 1791 nec
2912 1742 3331 1818 reprehendere,
3375 1751 3482 1808 nisi
3527 1773 3560 1812 a

1961 1902 2079 1943 sare
2106 1901 2333 1961 possunt
2357 1914 2369 1964 ;
2394 1903 2524 1971 quia
2555 1905 2702 1963 facta
2723 1922 3003 1981 pastorum
3023 1921 3135 1977 oris
3154 1922 3335 1994 gladio
3357 1925 3557 1988 ferien-

1969 1975 2017 1994 ,Α
2301 1992 2307 1994 Α

2724 1975 2735 1981 _
3119 1975 3128 1977 -
3154 1975 3332 1994 σφων
3358 1975 3528 1988 ..,......

1960 1975 2027 2030 da
2058 1994 2169 2033 non
2187 1992 2335 2052 sunt,
2360 2003 2674 2063 quanquam
2698 2009 2844 2056 recte
2866 2008 3315 2075 reprehendenda
3330 2019 3551 2076 videan-

1957 2070 2067 2121 tur.
2102 2067 2229 2126 Ideo
2258 2073 2365 2129 ista
2397 2077 2655 2151 dicimus,
2690 2089 2819 2158 quia
2848 2092 2906 2146 in
2928 2097 3148 2169 scriptis
3175 2106 3375 2160 vestris
3404 2124 3552 2179 repe-

2706 2154 2722 2158 _
3040 2154 3056 2169 ι
3192 2154 3195 2155 ⁷
3222 2154 3373 2160 ""“’
3405 2154 3529 2179 '“R'V

1957 2154 2130 2211 rimus
2179 2163 2442 2231 quosdam
2506 2171 2789 2245 episcopos
2844 2184 3043 2240 vestris
3099 2188 3155 2242 in
3216 2194 3464 2261 partibus
3520 2215 3551 2253 a

1953 2247 2194 2316 propriis
2221 2252 2423 2310 ovibus
2458 2271 2764 2333 accusatos,
2795 2270 3010 2341 aliquos
3047 2276 3309 2337 videlicet
3348 2299 3419 2338 ex
3446 2303 3551 2342 su-

1952 2331 2218 2404 spicione,
2239 2346 2293 2393 et
2308 2340 2522 2414 aliquos
2542 2363 2611 2402 ex
2640 2360 2786 2420 certa
2807 2359 3019 2415 ratione
3044 2381 3057 2418 :
3079 2370 3132 2419 et
3146 2364 3356 2425 idcirco
3372 2388 3550 2444 quos-

2726 2418 2733 2420 .
3090 2418 3095 2419 ν
3122 2418 3125 2419 ⁷
3150 2418 3352 2425 ’—“"'"
3373 2418 3509 2444 1""

1950 2418 2077 2475 dam
2124 2426 2238 2482 suis
2278 2445 2392 2487 esse
2441 2435 2605 2492 rebus
2651 2447 3004 2516 exspoliatos,
3045 2456 3308 2522 quosdam
3354 2476 3485 2517 vero
3515 2480 3547 2519 a

1948 2512 2169 2582 propria
2215 2517 2340 2573 sede
2374 2524 2580 2593 pulsos.
2614 2512 2763 2594 Quos
2798 2534 2987 2593 sciatis
3021 2555 3122 2597 nec
3165 2543 3233 2599 ad
3265 2549 3543 2618 synodum

1946 2606 2491 2680 comprovincialem,
2540 2631 2642 2673 nec
2683 2619 2751 2674 ad
2788 2626 3095 2692 generalem
3144 2647 3301 2701 posse
3333 2641 3544 2707 vocari,

1944 2704 2045 2744 nec
2092 2690 2149 2746 in
2188 2695 2399 2769 aliquid
2439 2700 2703 2775 judicari,
2753 2690 3044 2784 antequam
3088 2730 3287 2795 cuneta
3314 2742 3435 2797 quas
3463 2729 3544 2786 eis

1944 2776 2141 2797 “UA,
2295 2788 2357 2797 _.
2434 2789 2464 2797 ..

1942 2776 2157 2835 sublata
2180 2792 2312 2840 sunt
2342 2788 2553 2860 legibus
2572 2800 2829 2865 potestati
2861 2776 3052 2859 eorum
3074 2776 3537 2884 redintegi'entur.

1941 2865 2099 2924 Prius
2128 2886 2255 2943 ergo
2303 2889 2517 2948 oportet
2546 2884 2735 2941 omnia
2766 2886 2878 2945 illis
2911 2891 3123 2963 legibus
3151 2865 3535 2975 rediritegrari,

1940 2964 1993 3011 et
2021 2959 2279 3020 ecclesias
2310 2982 2429 3038 quae
2457 2971 2563 3027 sibi
2594 2975 2823 3033 sublatae
2851 2992 3002 3049 sunt,
3018 3002 3143 3042 cum
3172 2995 3325 3047 omni
3352 2997 3541 3065 privi-

1940 3044 1983 3065 L
2365 3057 2397 3065 Α.
2474 3059 2485 3065 .
2566 3062 2607 3065 -

1938 3044 2082 3118 legio
2127 3066 2226 3107 suo
2268 3057 2509 3115 restitui.
2562 3062 2635 3117 Et
2660 3044 3013 3135 postmodum
3045 3090 3158 3130 non
3187 3078 3289 3133 sub
3315 3044 3535 3154 aiigusti

1861 3152 1905 3213 ί]
1935 3138 2199 3208 temporis
2237 3144 2436 3213 spatio,
2466 3149 2560 3203 sed
2605 3158 2821 3209 tantum
2858 3161 3124 3228 temporis
3165 3138 3417 3234 spatiuu:
3455 3174 3535 3229 eis

1936 3225 2306 3301 indulgeatur,
2326 3246 2591 3306 quantum
2613 3244 2906 3314 exspoliati
2938 3250 3025 3305 vel
3054 3253 3267 3323 expulsi
3300 3272 3415 3314 esse
3436 3262 3533 3317 vi-

1932 3316 2155 3388 dentur,
2205 3330 2496 3396 antequam
2526 3329 2593 3384 ad
2634 3334 2911 3403 synodum
2943 3316 3338 3415 convocentur,
3373 3360 3427 3407 et
3461 3353 3530 3408 ab

1932 3407 2190 3465 omnibus
2220 3411 2450 3485 quisque
2471 3433 2582 3472 suae
2612 3422 2913 3489 provincias
2943 3429 3212 3502 episcopis
3244 3436 3523 3497 audiatur.

1927 3494 2064 3551 Nam
2123 3515 2225 3557 nec
2282 3506 2465 3561 vocari
2513 3507 2581 3563 ad
2630 3526 2872 3580 causam,
2923 3533 3025 3575 nec
3063 3520 3304 3592 judicari
3349 3537 3526 3599 potest

1930 3587 2265 3657 exspoliatus
2294 3594 2381 3648 vel
2412 3596 2694 3666 expulsus,
2726 3602 2855 3673 quia
2900 3622 3009 3661 non
3057 3619 3139 3666 est
3168 3614 3520 3690 privilegium

1928 3687 2036 3743 quo
2067 3678 2365 3747 exspoliari
2396 3684 2570 3753 possit
2593 3685 2706 3757 jam
2730 3692 2987 3751 nudatus.
3019 3678 3184 3756 Unde
3199 3711 3254 3758 et
3282 3678 3523 3780 antiqui-

1926 3767 2014 3817 tus
2060 3762 2342 3824 decretum
2389 3779 2471 3827 est
2517 3783 2579 3830 ut
2608 3793 2800 3836 omnes
2832 3788 3219 3860 possessiones,
3251 3802 3306 3849 et
3333 3798 3521 3855 omnia

1923 3850 2027 3906 sibi
2049 3855 2282 3926 sublata,
2321 3867 2483 3934 atque
2508 3864 2723 3925 fructus
2751 3850 3000 3945 cunctos,
3034 3887 3161 3936 ante
3193 3850 3345 3940 litem
3374 3904 3519 3945 con-

1922 3946 2173 4001 testatam
2226 3958 2511 4024 perceptor
2550 3957 2636 4013 vel
2672 3960 2881 4031 primas
2914 3973 3208 4037 possessori
3237 3975 3511 4037 restituat.

1918 4030 1990 4086 Et
2019 4036 2150 4089 alibi
2182 4041 2448 4108 scriptum
2468 4030 2717 4104 (habetur
2739 4070 2751 4107 :
2772 4052 2870 4109 Ille
2896 4030 2991 4128 qui
3023 4030 3514 4140 violentiamper-

1916 4120 2067 4188 tulit,
2100 4125 2358 4183 universa
2385 4130 2443 4184 in
2472 4140 2622 4190 statu
2651 4152 2762 4208 quo
2790 4120 3009 4201 fuerant
3028 4149 3278 4222 recipiat,
3312 4162 3365 4211 et
3378 4120 3511 4231 limae

1913 4210 2152 4280 possedit
2209 4230 2432 4273 securus
2488 4229 2689 4279 teneat.
2745 4226 2817 4281 Et
2866 4232 3001 4287 alibi
3053 4236 3109 4289 in
3145 4210 3510 4309 synodalibus

1911 4299 2132 4357 Patrum
2166 4302 2418 4375 decretis,
2456 4317 2509 4363 et
2541 4327 2728 4383 regum
2759 4312 2955 4373 edictis
2986 4299 3195 4392 legitur:
3214 4334 3505 4395 statutum.

1907 4388 2344 4464 Redintegranda
2365 4404 2495 4452 sunt
2515 4401 2703 4456 omnia
2724 4388 3155 4475 exspoliatis'vel
3181 4413 3370 4484 ejectis
3392 4424 3504 4495 epi-

1830 4510 1879 4570 D
1909 4480 2106 4551 scopis,
2139 4485 2557 4553 praesentialiter
2600 4489 2949 4550 ordinatione
2979 4499 3329 4573 pontificum,
3361 4518 3415 4565 et
3444 4511 3503 4567 in

1906 4583 2093 4624 eorum
2139 4570 2285 4627 unde
2319 4573 2695 4633 abscesserunt
2739 4581 2856 4637 loca
2883 4583 3139 4644 funditus
3194 4599 3503 4656 revocanda

1906 4670 2229 4731 quacunque
2271 4663 2589 4721 conditione
2631 4671 2915 4742 temporis,
2948 4680 3041 4729 aut
3072 4676 3222 4748 dolo,
3268 4691 3363 4740 aut
3397 4704 3500 4743 ca-

1904 4746 2175 4817 ptivitate,
2215 4758 2309 4806 aut
2339 4752 2545 4810 virtute
2579 4756 2871 4830 majorum,
2900 4770 2995 4819 aut
3022 4782 3118 4838 per
3147 4746 3499 4850 quascunque

1904 4835 2137 4907 injustas
2166 4856 2375 4912 causas,
2408 4860 2493 4902 res
2524 4845 2803 4920 Ecclesiae,
2836 4853 2924 4909 vel
2956 4859 3204 4930 proprias
3231 4872 3326 4920 aut
3354 4862 3498 4924 sub-

1901 4927 2128 4984 stantias
2147 4946 2272 4988 suas
2282 4933 2583 5004 perdidisse
2600 4947 2907 4998 noscuntur
2920 4953 3047 5001 ante
3067 4953 3491 5024 accusationem,

1901 5024 1994 5071 aut
2042 5021 2343 5089 regularem
2373 5021 2437 5078 ad
2484 5027 2757 5096 synodum
2805 5035 3147 5091 vocationem
3177 5054 3388 5109 eorum,
3438 5050 3492 5099 et

1898 5105 2126 5180 reliqua.
2159 5111 2259 5167 Est
2287 5112 2451 5168 etiam
2493 5114 2550 5170 in
2584 5118 2826 5193 antiquis
2850 5122 3110 5180 Ecclesiai
3139 5131 3358 5187 statutis
3372 5105 3492 5189 vde-

1895 5201 2126 5265 cretum,
2165 5207 2226 5254 ut
2255 5204 2348 5273 qui
2376 5204 2555 5261 aliena
2582 5208 2797 5264 invadit
2830 5227 2942 5266 non
2969 5223 3126 5270 exeat
3156 5217 3486 5293 impunitus,

1894 5284 1986 5339 sed
2030 5302 2155 5342 cum
2209 5293 2674 5363 multiplicatione
2720 5299 2907 5355 omnia
2944 5284 3403 5366 restituat-Unde
3435 5284 3489 5367 et

1893 5373 1950 5427 in
1998 5374 2299 5449 Evangelio
2340 5382 2605 5454 scriptum
2636 5393 2735 5455 est,
2768 5390 2910 5458 quod
2935 5391 2984 5445 si
3009 5390 3220 5462 aliquid
3258 5396 3489 5467 defrau—

1891 5460 2035 5533 davi,
2066 5466 2226 5521 reddo
2256 5471 2617 5543 quadruplum
2643 5472 2796 5547 (Luc.
2830 5490 2952 5547 XIX,
2974 5481 3034 5552 8)
3052 5499 3065 5548 ;
3095 5460 3151 5539 et
3181 5483 3239 5539 in
3278 5460 3485 5559 legibus

1890 5553 2241 5612 secularibus
2260 5564 2481 5615 cautum
2504 5560 2736 5620 habetur
2759 5583 2770 5621 :
2796 5564 2903 5634 Qui
2933 5583 3048 5624 rem
3076 5570 3314 5646 subripit
3331 5553 3484 5632 alie-

1888 5654 2031 5709 nam,
2086 5643 2167 5698 illi
2213 5646 2371 5719 cujus
2417 5663 2502 5705 res
2549 5649 2763 5725 direpta
2812 5664 2894 5712 est
2939 5657 2997 5714 in
3032 5643 3327 5735 decuplum
3356 5678 3475 5737 quae
