  <div class='ocr_page' id='page_1' title='image "/cluster/home/n/w/nwhite01/storage/ocr_20150623/124/hvd.32044054759865/509.png"; bbox 0 0 4056 6190; ppageno 0'>
   <div class='ocr_carea' id='block_1_1' title="bbox 483 290 618 347">
    <p class='ocr_par' dir='ltr' id='par_1_1' title="bbox 483 290 618 347">
     <span class='ocr_line' id='line_1_1' title="bbox 483 290 618 347; baseline -0.015 0"><span class='ocrx_word' id='word_1_1' title='bbox 483 290 618 347; x_wconf 74' lang='grc'>1007</span> 
     </span>
    </p>
   </div>
   <div class='ocr_carea' id='block_1_2' title="bbox 1518 261 2733 331">
    <p class='ocr_par' dir='ltr' id='par_1_2' title="bbox 1518 261 2733 331">
     <span class='ocr_line' id='line_1_2' title="bbox 1518 261 2733 331; baseline -0.015 1"><span class='ocrx_word' id='word_1_2' title='bbox 1518 272 1865 331; x_wconf 82' lang='lat' dir='ltr'>HINCMARI</span> <span class='ocrx_word' id='word_1_3' title='bbox 1906 265 2381 325; x_wconf 87' lang='lat' dir='ltr'>LUGDUTENSIS</span> <span class='ocrx_word' id='word_1_4' title='bbox 2422 261 2733 318; x_wconf 86' lang='lat' dir='ltr'>EPISCOPI</span> 
     </span>
    </p>
   </div>
   <div class='ocr_carea' id='block_1_3' title="bbox 3647 242 3778 299">
    <p class='ocr_par' dir='ltr' id='par_1_3' title="bbox 3647 242 3778 299">
     <span class='ocr_line' id='line_1_3' title="bbox 3647 242 3778 299; baseline -0.015 0"><span class='ocrx_word' id='word_1_5' title='bbox 3647 242 3778 299; x_wconf 79' lang='lat'><strong>1008</strong></span> 
     </span>
    </p>
   </div>
   <div class='ocr_carea' id='block_1_4' title="bbox 482 395 3780 498">
    <p class='ocr_par' dir='ltr' id='par_1_4' title="bbox 482 395 3780 498">
     <span class='ocr_line' id='line_1_4' title="bbox 482 395 3780 498; baseline -0.015 -2"><span class='ocrx_word' id='word_1_6' title='bbox 482 439 696 497; x_wconf 87' lang='lat' dir='ltr'>sublata</span> <span class='ocrx_word' id='word_1_7' title='bbox 728 443 857 492; x_wconf 89' lang='lat' dir='ltr'>sunt</span> <span class='ocrx_word' id='word_1_8' title='bbox 902 432 1175 488; x_wconf 80' lang='lat' dir='ltr'>restituat.</span> <span class='ocrx_word' id='word_1_9' title='bbox 1222 430 1293 484; x_wconf 90' lang='lat' dir='ltr'>Et</span> <span class='ocrx_word' id='word_1_10' title='bbox 1343 429 1400 483; x_wconf 90' lang='lat' dir='ltr'>in</span> <span class='ocrx_word' id='word_1_11' title='bbox 1448 426 1565 498; x_wconf 88' lang='lat' dir='ltr'>lege</span> <span class='ocrx_word' id='word_1_12' title='bbox 1607 423 1799 480; x_wconf 87' lang='lat' dir='ltr'>divina</span> <span class='ocrx_word' id='word_1_13' title='bbox 1824 420 2062 491; x_wconf 77' lang='lat' dir='ltr'>legitur:</span> <span class='ocrx_word' id='word_1_14' title='bbox 2094 422 2145 479; x_wconf 84' lang='lat' dir='ltr'><strong>A</strong></span> <span class='ocrx_word' id='word_1_15' title='bbox 2172 416 2406 489; x_wconf 88' lang='lat' dir='ltr'>quadam</span> <span class='ocrx_word' id='word_1_16' title='bbox 2428 415 2769 470; x_wconf 89' lang='lat' dir='ltr'>tumultuosa</span> <span class='ocrx_word' id='word_1_17' title='bbox 2789 400 3298 475; x_wconf 88' lang='lat' dir='ltr'>indisciplinatione</span> <span class='ocrx_word' id='word_1_18' title='bbox 3336 395 3548 451; x_wconf 87' lang='lat' dir='ltr'>veritas</span> <span class='ocrx_word' id='word_1_19' title='bbox 3573 402 3661 449; x_wconf 84' lang='lat' dir='ltr'>est</span> <span class='ocrx_word' id='word_1_20' title='bbox 3692 410 3780 465; x_wconf 85' lang='lat' dir='ltr'>op-</span> 
     </span>
    </p>
   </div>
   <div class='ocr_carea' id='block_1_5' title="bbox 482 510 2073 591">
    <p class='ocr_par' dir='ltr' id='par_1_5' title="bbox 482 510 2073 591">
     <span class='ocr_line' id='line_1_5' title="bbox 482 510 2073 591; baseline -0.014 -8"><span class='ocrx_word' id='word_1_21' title='bbox 482 527 791 590; x_wconf 84' lang='lat' dir='ltr'>Maledictus</span> <span class='ocrx_word' id='word_1_22' title='bbox 820 522 989 577; x_wconf 82' lang='lat' dir='ltr'>omnis</span> <span class='ocrx_word' id='word_1_23' title='bbox 1027 520 1121 591; x_wconf 85' lang='lat' dir='ltr'>qui</span> <span class='ocrx_word' id='word_1_24' title='bbox 1148 518 1406 589; x_wconf 78' lang='lat' dir='ltr'>transfert</span> <span class='ocrx_word' id='word_1_25' title='bbox 1434 514 1681 571; x_wconf 74' lang='lat' dir='ltr'>terminos</span> <span class='ocrx_word' id='word_1_26' title='bbox 1704 510 1945 583; x_wconf 71' lang='lat' dir='ltr'>proximi</span> <span class='ocrx_word' id='word_1_27' title='bbox 1969 510 2073 588; x_wconf 59' lang='lat' dir='ltr'>sui,</span> 
     </span>
    </p>
   </div>
   <div class='ocr_carea' id='block_1_6' title="bbox 485 597 2080 683">
    <p class='ocr_par' dir='ltr' id='par_1_6' title="bbox 485 597 2080 683">
     <span class='ocr_line' id='line_1_6' title="bbox 485 597 2080 683; baseline -0.013 -11"><span class='ocrx_word' id='word_1_28' title='bbox 485 624 532 672; x_wconf 89' lang='lat' dir='ltr'>et</span> <span class='ocrx_word' id='word_1_29' title='bbox 558 616 689 670; x_wconf 85' lang='lat' dir='ltr'>dicet</span> <span class='ocrx_word' id='word_1_30' title='bbox 716 612 885 668; x_wconf 83' lang='lat' dir='ltr'>omnis</span> <span class='ocrx_word' id='word_1_31' title='bbox 909 611 1164 683; x_wconf 86' lang='lat' dir='ltr'>populus,</span> <span class='ocrx_word' id='word_1_32' title='bbox 1186 608 1353 662; x_wconf 82' lang='lat' dir='ltr'>Amen</span> <span class='ocrx_word' id='word_1_33' title='bbox 1376 606 1554 678; x_wconf 86' lang='lat' dir='ltr'>(Deut.</span> <span class='ocrx_word' id='word_1_34' title='bbox 1588 619 1768 668; x_wconf 83' lang='lat' dir='ltr'>xxvn,</span> <span class='ocrx_word' id='word_1_35' title='bbox 1788 600 1900 669; x_wconf 85' lang='grc'>17).</span> <span class='ocrx_word' id='word_1_36' title='bbox 1925 597 2080 652; x_wconf 83' lang='lat' dir='ltr'>Talia</span> 
     </span>
    </p>
   </div>
   <div class='ocr_carea' id='block_1_7' title="bbox 486 691 2080 776">
    <p class='ocr_par' dir='ltr' id='par_1_7' title="bbox 486 691 2080 776">
     <span class='ocr_line' id='line_1_7' title="bbox 486 691 2080 776; baseline -0.012 -17"><span class='ocrx_word' id='word_1_37' title='bbox 486 720 612 776; x_wconf 91' lang='lat' dir='ltr'>ergo</span> <span class='ocrx_word' id='word_1_38' title='bbox 658 718 769 757; x_wconf 90' lang='lat' dir='ltr'>non</span> <span class='ocrx_word' id='word_1_39' title='bbox 817 706 1221 771; x_wconf 68' lang='lat' dir='ltr'>praesumantur</span> <span class='ocrx_word' id='word_1_40' title='bbox 1266 696 1467 767; x_wconf 83' lang='lat' dir='ltr'>absque</span> <span class='ocrx_word' id='word_1_41' title='bbox 1497 691 1731 757; x_wconf 86' lang='lat' dir='ltr'>ultione,</span> <span class='ocrx_word' id='word_1_42' title='bbox 1767 703 1870 743; x_wconf 91' lang='lat' dir='ltr'>nec</span> <span class='ocrx_word' id='word_1_43' title='bbox 1910 703 2080 741; x_wconf 83' lang='lat' dir='ltr'>exer-</span> 
     </span>
    </p>
   </div>
   <div class='ocr_carea' id='block_1_8' title="bbox 488 780 2082 863">
    <p class='ocr_par' dir='ltr' id='par_1_8' title="bbox 488 780 2082 863">
     <span class='ocr_line' id='line_1_8' title="bbox 488 780 2082 863; baseline -0.014 -12"><span class='ocrx_word' id='word_1_44' title='bbox 488 802 714 852; x_wconf 85' lang='lat' dir='ltr'>ceantur</span> <span class='ocrx_word' id='word_1_45' title='bbox 769 790 972 863; x_wconf 85' lang='lat' dir='ltr'>absque</span> <span class='ocrx_word' id='word_1_46' title='bbox 1022 803 1119 843; x_wconf 89' lang='lat' dir='ltr'>sua</span> <span class='ocrx_word' id='word_1_47' title='bbox 1172 783 1547 841; x_wconf 82' lang='lat' dir='ltr'>damnatione.</span> <span class='ocrx_word' id='word_1_48' title='bbox 1608 780 1822 844; x_wconf 82' lang='lat' dir='ltr'>Pacem,</span> <span class='ocrx_word' id='word_1_49' title='bbox 1878 784 1931 830; x_wconf 91' lang='lat' dir='ltr'>et</span> <span class='ocrx_word' id='word_1_50' title='bbox 1970 789 2082 829; x_wconf 91' lang='lat' dir='ltr'>non</span> 
     </span>
    </p>
   </div>
   <div class='ocr_carea' id='block_1_9' title="bbox 488 862 2082 950">
    <p class='ocr_par' dir='ltr' id='par_1_9' title="bbox 488 862 2082 950">
     <span class='ocr_line' id='line_1_9' title="bbox 488 862 2082 950; baseline -0.014 -11"><span class='ocrx_word' id='word_1_51' title='bbox 488 883 752 938; x_wconf 87' lang='lat' dir='ltr'>damnum</span> <span class='ocrx_word' id='word_1_52' title='bbox 782 862 1237 950; x_wconf 84' lang='lat' dir='ltr'>autinjustitiam</span> <span class='ocrx_word' id='word_1_53' title='bbox 1271 872 1506 944; x_wconf 84' lang='lat' dir='ltr'>alicujus</span> <span class='ocrx_word' id='word_1_54' title='bbox 1535 867 1824 927; x_wconf 84' lang='lat' dir='ltr'>sectamini</span> <span class='ocrx_word' id='word_1_55' title='bbox 1859 866 1917 921; x_wconf 90' lang='lat' dir='ltr'>in</span> <span class='ocrx_word' id='word_1_56' title='bbox 1943 862 2082 919; x_wconf 89' lang='lat' dir='ltr'>invi-</span> 
     </span>
    </p>
   </div>
   <div class='ocr_carea' id='block_1_10' title="bbox 490 952 2084 1040">
    <p class='ocr_par' dir='ltr' id='par_1_10' title="bbox 490 952 2084 1040">
     <span class='ocr_line' id='line_1_10' title="bbox 490 952 2084 1040; baseline -0.015 -11"><span class='ocrx_word' id='word_1_57' title='bbox 490 987 630 1040; x_wconf 89' lang='lat' dir='ltr'>cem,</span> <span class='ocrx_word' id='word_1_58' title='bbox 658 979 711 1027; x_wconf 91' lang='lat' dir='ltr'><strong>et</strong></span> <span class='ocrx_word' id='word_1_59' title='bbox 740 970 797 1024; x_wconf 91' lang='lat' dir='ltr'>in</span> <span class='ocrx_word' id='word_1_60' title='bbox 823 982 1033 1023; x_wconf 90' lang='lat' dir='ltr'>omnes.</span> <span class='ocrx_word' id='word_1_61' title='bbox 1058 965 1362 1022; x_wconf 84' lang='lat' dir='ltr'>Veritatem</span> <span class='ocrx_word' id='word_1_62' title='bbox 1386 970 1566 1016; x_wconf 88' lang='lat' dir='ltr'>autem</span> <span class='ocrx_word' id='word_1_63' title='bbox 1589 958 1855 1015; x_wconf 85' lang='lat' dir='ltr'><strong>facientes</strong></span> <span class='ocrx_word' id='word_1_64' title='bbox 1874 954 1933 1009; x_wconf 92' lang='lat' dir='ltr'>in</span> <span class='ocrx_word' id='word_1_65' title='bbox 1959 952 2084 1009; x_wconf 87' lang='lat' dir='ltr'>cha-</span> 
     </span>
    </p>
   </div>
   <div class='ocr_carea' id='block_1_11' title="bbox 490 1047 2087 1130">
    <p class='ocr_par' dir='ltr' id='par_1_11' title="bbox 490 1047 2087 1130">
     <span class='ocr_line' id='line_1_11' title="bbox 490 1047 2087 1130; baseline -0.012 -13"><span class='ocrx_word' id='word_1_66' title='bbox 490 1062 671 1130; x_wconf 90' lang='lat' dir='ltr'>ritate,</span> <span class='ocrx_word' id='word_1_67' title='bbox 720 1073 1028 1115; x_wconf 83' lang='lat' dir='ltr'>crescamus</span> <span class='ocrx_word' id='word_1_68' title='bbox 1076 1056 1136 1110; x_wconf 92' lang='lat' dir='ltr'>in</span> <span class='ocrx_word' id='word_1_69' title='bbox 1173 1055 1273 1109; x_wconf 92' lang='lat' dir='ltr'>illo</span> <span class='ocrx_word' id='word_1_70' title='bbox 1322 1068 1417 1123; x_wconf 89' lang='lat' dir='ltr'>per</span> <span class='ocrx_word' id='word_1_71' title='bbox 1446 1049 1654 1115; x_wconf 88' lang='lat' dir='ltr'>omnia,</span> <span class='ocrx_word' id='word_1_72' title='bbox 1685 1047 1780 1119; x_wconf 90' lang='lat' dir='ltr'>qui</span> <span class='ocrx_word' id='word_1_73' title='bbox 1811 1052 1893 1101; x_wconf 91' lang='lat' dir='ltr'>est</span> <span class='ocrx_word' id='word_1_74' title='bbox 1923 1049 2087 1115; x_wconf 86' lang='lat' dir='ltr'>caput</span> 
     </span>
    </p>
   </div>
   <div class='ocr_carea' id='block_1_12' title="bbox 491 1144 2086 1219">
    <p class='ocr_par' dir='ltr' id='par_1_12' title="bbox 491 1144 2086 1219">
     <span class='ocr_line' id='line_1_12' title="bbox 491 1144 2086 1219; baseline -0.013 -11"><span class='ocrx_word' id='word_1_75' title='bbox 491 1151 762 1216; x_wconf 88' lang='lat' dir='ltr'>Christus,</span> <span class='ocrx_word' id='word_1_76' title='bbox 802 1164 872 1203; x_wconf 83' lang='lat' dir='ltr'>ex</span> <span class='ocrx_word' id='word_1_77' title='bbox 918 1162 1026 1219; x_wconf 89' lang='lat' dir='ltr'>quo</span> <span class='ocrx_word' id='word_1_78' title='bbox 1055 1153 1234 1200; x_wconf 87' lang='lat' dir='ltr'>totum</span> <span class='ocrx_word' id='word_1_79' title='bbox 1263 1157 1462 1212; x_wconf 91' lang='lat' dir='ltr'>corpus</span> <span class='ocrx_word' id='word_1_80' title='bbox 1491 1144 1839 1209; x_wconf 89' lang='lat' dir='ltr'>compactum</span> <span class='ocrx_word' id='word_1_81' title='bbox 1866 1144 1919 1190; x_wconf 91' lang='lat' dir='ltr'><strong>et</strong></span> <span class='ocrx_word' id='word_1_82' title='bbox 1957 1148 2086 1189; x_wconf 87' lang='lat' dir='ltr'>con-</span> 
     </span>
    </p>
   </div>
   <div class='ocr_carea' id='block_1_13' title="bbox 493 1224 2087 1308">
    <p class='ocr_par' dir='ltr' id='par_1_13' title="bbox 493 1224 2087 1308">
     <span class='ocr_line' id='line_1_13' title="bbox 493 1224 2087 1308; baseline -0.012 -12"><span class='ocrx_word' id='word_1_83' title='bbox 493 1255 696 1296; x_wconf 85' lang='lat' dir='ltr'>nexum</span> <span class='ocrx_word' id='word_1_84' title='bbox 748 1254 844 1308; x_wconf 91' lang='lat' dir='ltr'>per</span> <span class='ocrx_word' id='word_1_85' title='bbox 890 1250 1109 1291; x_wconf 91' lang='lat' dir='ltr'>omnem</span> <span class='ocrx_word' id='word_1_86' title='bbox 1151 1232 1472 1303; x_wconf 85' lang='lat' dir='ltr'>juncturam</span> <span class='ocrx_word' id='word_1_87' title='bbox 1528 1224 2087 1287; x_wconf 89' lang='lat' dir='ltr'>subministrationis,</span> 
     </span>
    </p>
   </div>
   <div class='ocr_carea' id='block_1_14' title="bbox 494 1311 2092 1396">
    <p class='ocr_par' dir='ltr' id='par_1_14' title="bbox 494 1311 2092 1396">
     <span class='ocr_line' id='line_1_14' title="bbox 494 1311 2092 1396; baseline -0.012 -12"><span class='ocrx_word' id='word_1_88' title='bbox 494 1326 797 1384; x_wconf 89' lang='lat' dir='ltr'>secundum</span> <span class='ocrx_word' id='word_1_89' title='bbox 826 1323 1198 1396; x_wconf 88' lang='lat' dir='ltr'>operationem</span> <span class='ocrx_word' id='word_1_90' title='bbox 1229 1320 1287 1374; x_wconf 91' lang='lat' dir='ltr'>in</span> <span class='ocrx_word' id='word_1_91' title='bbox 1314 1333 1623 1374; x_wconf 83' lang='lat' dir='ltr'>mensuram</span> <span class='ocrx_word' id='word_1_92' title='bbox 1654 1311 2092 1383; x_wconf 88' lang='lat' dir='ltr'>uniuscujusque</span> 
     </span>
    </p>
   </div>
   <div class='ocr_carea' id='block_1_15' title="bbox 498 1404 2093 1487">
    <p class='ocr_par' dir='ltr' id='par_1_15' title="bbox 498 1404 2093 1487">
     <span class='ocr_line' id='line_1_15' title="bbox 498 1404 2093 1487; baseline -0.011 -13"><span class='ocrx_word' id='word_1_93' title='bbox 498 1416 753 1485; x_wconf 83' lang='lat' dir='ltr'>membri,</span> <span class='ocrx_word' id='word_1_94' title='bbox 776 1422 1130 1487; x_wconf 79' lang='lat' dir='ltr'>augmentum</span> <span class='ocrx_word' id='word_1_95' title='bbox 1151 1411 1398 1482; x_wconf 90' lang='lat' dir='ltr'>corporis</span> <span class='ocrx_word' id='word_1_96' title='bbox 1425 1409 1557 1464; x_wconf 88' lang='lat' dir='ltr'>facit</span> <span class='ocrx_word' id='word_1_97' title='bbox 1581 1407 1637 1461; x_wconf 91' lang='lat' dir='ltr'>in</span> <span class='ocrx_word' id='word_1_98' title='bbox 1669 1404 2093 1461; x_wconf 74' lang='lat' dir='ltr'>aediﬁcationem</span> 
     </span>
    </p>
   </div>
   <div class='ocr_carea' id='block_1_16' title="bbox 497 1492 2095 1567">
    <p class='ocr_par' dir='ltr' id='par_1_16' title="bbox 497 1492 2095 1567">
     <span class='ocr_line' id='line_1_16' title="bbox 497 1492 2095 1567; baseline -0.013 -3"><span class='ocrx_word' id='word_1_99' title='bbox 497 1508 583 1564; x_wconf 90' lang='lat' dir='ltr'>sui</span> <span class='ocrx_word' id='word_1_100' title='bbox 616 1507 676 1562; x_wconf 90' lang='lat' dir='ltr'>in</span> <span class='ocrx_word' id='word_1_101' title='bbox 697 1504 984 1562; x_wconf 89' lang='lat' dir='ltr'>charitate.</span> <span class='ocrx_word' id='word_1_102' title='bbox 1016 1504 1095 1558; x_wconf 90' lang='lat' dir='ltr'>De</span> <span class='ocrx_word' id='word_1_103' title='bbox 1120 1507 1335 1567; x_wconf 62' lang='lat' dir='ltr'>caetero,</span> <span class='ocrx_word' id='word_1_104' title='bbox 1395 1494 1728 1561; x_wconf 90' lang='lat' dir='ltr'>charissimi,</span> <span class='ocrx_word' id='word_1_105' title='bbox 1761 1492 2009 1564; x_wconf 81' lang='lat' dir='ltr'>gaudete,</span> <span class='ocrx_word' id='word_1_106' title='bbox 2042 1497 2095 1545; x_wconf 87' lang='lat' dir='ltr'>et</span> 
     </span>
    </p>
   </div>
   <div class='ocr_carea' id='block_1_17' title="bbox 499 1582 2096 1669">
    <p class='ocr_par' dir='ltr' id='par_1_17' title="bbox 499 1582 2096 1669">
     <span class='ocr_line' id='line_1_17' title="bbox 499 1582 2096 1669; baseline -0.012 -17"><span class='ocrx_word' id='word_1_107' title='bbox 499 1595 725 1669; x_wconf 88' lang='lat' dir='ltr'>perfecti</span> <span class='ocrx_word' id='word_1_108' title='bbox 759 1601 968 1649; x_wconf 89' lang='lat' dir='ltr'>estote:</span> <span class='ocrx_word' id='word_1_109' title='bbox 1021 1586 1417 1654; x_wconf 85' lang='lat' dir='ltr'>exhortamini,</span> <span class='ocrx_word' id='word_1_110' title='bbox 1470 1586 1613 1641; x_wconf 91' lang='lat' dir='ltr'>idem</span> <span class='ocrx_word' id='word_1_111' title='bbox 1663 1582 1857 1654; x_wconf 89' lang='lat' dir='ltr'>sapite,</span> <span class='ocrx_word' id='word_1_112' title='bbox 1911 1594 2096 1651; x_wconf 89' lang='lat' dir='ltr'>pacem</span> 
     </span>
    </p>
   </div>
   <div class='ocr_carea' id='block_1_18' title="bbox 500 1669 2095 1752">
    <p class='ocr_par' dir='ltr' id='par_1_18' title="bbox 500 1669 2095 1752">
     <span class='ocr_line' id='line_1_18' title="bbox 500 1669 2095 1752; baseline -0.013 -11"><span class='ocrx_word' id='word_1_113' title='bbox 500 1685 718 1752; x_wconf 88' lang='lat' dir='ltr'>habete,</span> <span class='ocrx_word' id='word_1_114' title='bbox 761 1691 816 1739; x_wconf 91' lang='lat' dir='ltr'>et</span> <span class='ocrx_word' id='word_1_115' title='bbox 842 1684 989 1739; x_wconf 90' lang='lat' dir='ltr'>Deus</span> <span class='ocrx_word' id='word_1_116' title='bbox 1016 1679 1166 1751; x_wconf 89' lang='lat' dir='ltr'>pacis</span> <span class='ocrx_word' id='word_1_117' title='bbox 1194 1686 1249 1733; x_wconf 89' lang='lat' dir='ltr'>et</span> <span class='ocrx_word' id='word_1_118' title='bbox 1273 1674 1589 1733; x_wconf 85' lang='lat' dir='ltr'>dilectionis</span> <span class='ocrx_word' id='word_1_119' title='bbox 1635 1673 1741 1728; x_wconf 88' lang='lat' dir='ltr'>erit</span> <span class='ocrx_word' id='word_1_120' title='bbox 1788 1669 2095 1725; x_wconf 88' lang='lat' dir='ltr'>vobiscum.</span> 
     </span>
    </p>
   </div>
   <div class='ocr_carea' id='block_1_19' title="bbox 2189 487 3784 579">
    <p class='ocr_par' dir='ltr' id='par_1_19' title="bbox 2189 487 3784 579">
     <span class='ocr_line' id='line_1_19' title="bbox 2189 487 3784 579; baseline -0.016 -17"><span class='ocrx_word' id='word_1_121' title='bbox 2189 487 2399 579; x_wconf 85' lang='lat' dir='ltr'>pressa:</span> <span class='ocrx_word' id='word_1_122' title='bbox 2457 503 2615 560; x_wconf 81' lang='lat' dir='ltr'>vobis</span> <span class='ocrx_word' id='word_1_123' title='bbox 2662 501 2863 575; x_wconf 86' lang='lat' dir='ltr'>quippe</span> <span class='ocrx_word' id='word_1_124' title='bbox 2910 488 3454 552; x_wconf 86' lang='lat' dir='ltr'>inconsiderantibus</span> <span class='ocrx_word' id='word_1_125' title='bbox 3500 503 3628 558; x_wconf 63' lang='lat' dir='ltr'>quae</span> <span class='ocrx_word' id='word_1_126' title='bbox 3660 487 3784 557; x_wconf 87' lang='lat' dir='ltr'>pla-</span> 
     </span>
    </p>
   </div>
   <div class='ocr_carea' id='block_1_20' title="bbox 2187 576 3785 666">
    <p class='ocr_par' dir='ltr' id='par_1_20' title="bbox 2187 576 3785 666">
     <span class='ocr_line' id='line_1_20' title="bbox 2187 576 3785 666; baseline -0.016 -11"><span class='ocrx_word' id='word_1_127' title='bbox 2187 606 2311 654; x_wconf 91' lang='lat' dir='ltr'>cent</span> <span class='ocrx_word' id='word_1_128' title='bbox 2353 598 2487 663; x_wconf 91' lang='lat' dir='ltr'>Deo,</span> <span class='ocrx_word' id='word_1_129' title='bbox 2518 604 2741 666; x_wconf 81' lang='lat' dir='ltr'>propter</span> <span class='ocrx_word' id='word_1_130' title='bbox 2763 588 2945 660; x_wconf 86' lang='lat' dir='ltr'>jurgia</span> <span class='ocrx_word' id='word_1_131' title='bbox 2983 599 3104 656; x_wconf 63' lang='lat' dir='ltr'>quae</span> <span class='ocrx_word' id='word_1_132' title='bbox 3132 590 3326 637; x_wconf 89' lang='lat' dir='ltr'>contra</span> <span class='ocrx_word' id='word_1_133' title='bbox 3356 576 3651 650; x_wconf 83' lang='lat' dir='ltr'>proximos</span> <span class='ocrx_word' id='word_1_134' title='bbox 3678 591 3785 630; x_wconf 87' lang='lat' dir='ltr'>ve-</span> 
     </span>
    </p>
   </div>
   <div class='ocr_carea' id='block_1_21' title="bbox 2190 666 3787 749">
    <p class='ocr_par' dir='ltr' id='par_1_21' title="bbox 2190 666 3787 749">
     <span class='ocr_line' id='line_1_21' title="bbox 2190 666 3787 749; baseline -0.018 -6"><span class='ocrx_word' id='word_1_135' title='bbox 2190 695 2332 743; x_wconf 89' lang='lat' dir='ltr'>stros</span> <span class='ocrx_word' id='word_1_136' title='bbox 2368 684 2603 749; x_wconf 85' lang='lat' dir='ltr'>habetis,</span> <span class='ocrx_word' id='word_1_137' title='bbox 2636 689 2691 736; x_wconf 87' lang='lat' dir='ltr'>et</span> <span class='ocrx_word' id='word_1_138' title='bbox 2722 685 2850 733; x_wconf 88' lang='lat' dir='ltr'>vota</span> <span class='ocrx_word' id='word_1_139' title='bbox 2868 681 3052 730; x_wconf 88' lang='lat' dir='ltr'>vestra</span> <span class='ocrx_word' id='word_1_140' title='bbox 3082 666 3470 725; x_wconf 88' lang='lat' dir='ltr'>inevincibilia</span> <span class='ocrx_word' id='word_1_141' title='bbox 3499 681 3622 720; x_wconf 87' lang='lat' dir='ltr'>esse</span> <span class='ocrx_word' id='word_1_142' title='bbox 3648 679 3787 719; x_wconf 86' lang='lat' dir='ltr'>con-</span> 
     </span>
    </p>
   </div>
   <div class='ocr_carea' id='block_1_22' title="bbox 2191 754 3789 841">
    <p class='ocr_par' dir='ltr' id='par_1_22' title="bbox 2191 754 3789 841">
     <span class='ocr_line' id='line_1_22' title="bbox 2191 754 3789 841; baseline -0.017 -8"><span class='ocrx_word' id='word_1_143' title='bbox 2191 776 2439 834; x_wconf 85' lang='lat' dir='ltr'>tenditis.</span> <span class='ocrx_word' id='word_1_144' title='bbox 2458 773 2563 830; x_wconf 89' lang='lat' dir='ltr'>Sed</span> <span class='ocrx_word' id='word_1_145' title='bbox 2584 771 2689 827; x_wconf 90' lang='lat' dir='ltr'>erit</span> <span class='ocrx_word' id='word_1_146' title='bbox 2714 785 2852 841; x_wconf 91' lang='lat' dir='ltr'>opus</span> <span class='ocrx_word' id='word_1_147' title='bbox 2870 764 3075 821; x_wconf 77' lang='lat' dir='ltr'>divinae</span> <span class='ocrx_word' id='word_1_148' title='bbox 3106 754 3495 832; x_wconf 65' lang='lat' dir='ltr'>providentia,</span> <span class='ocrx_word' id='word_1_149' title='bbox 3522 761 3789 826; x_wconf 79' lang='lat' dir='ltr'>quatenus</span> 
     </span>
    </p>
   </div>
   <div class='ocr_carea' id='block_1_23' title="bbox 2192 840 3789 932">
    <p class='ocr_par' dir='ltr' id='par_1_23' title="bbox 2192 840 3789 932">
     <span class='ocr_line' id='line_1_23' title="bbox 2192 840 3789 932; baseline -0.017 -8"><span class='ocrx_word' id='word_1_150' title='bbox 2192 877 2245 923; x_wconf 89' lang='lat' dir='ltr'>et</span> <span class='ocrx_word' id='word_1_151' title='bbox 2274 884 2303 923; x_wconf 90' lang='lat' dir='ltr'>e</span> <span class='ocrx_word' id='word_1_152' title='bbox 2328 862 2609 922; x_wconf 88' lang='lat' dir='ltr'>contrario</span> <span class='ocrx_word' id='word_1_153' title='bbox 2636 840 2823 932; x_wconf 86' lang='lat' dir='ltr'>aperte</span> <span class='ocrx_word' id='word_1_154' title='bbox 2864 853 3078 928; x_wconf 85' lang='lat' dir='ltr'>possint</span> <span class='ocrx_word' id='word_1_155' title='bbox 3115 846 3394 913; x_wconf 87' lang='lat' dir='ltr'>evacuari,</span> <span class='ocrx_word' id='word_1_156' title='bbox 3425 853 3482 899; x_wconf 91' lang='lat' dir='ltr'>et</span> <span class='ocrx_word' id='word_1_157' title='bbox 3521 840 3789 913; x_wconf 86' lang='lat' dir='ltr'>quidquid</span> 
     </span>
    </p>
   </div>
   <div class='ocr_carea' id='block_1_24' title="bbox 2195 930 3788 1017">
    <p class='ocr_par' dir='ltr' id='par_1_24' title="bbox 2195 930 3788 1017">
     <span class='ocr_line' id='line_1_24' title="bbox 2195 930 3788 1017; baseline -0.017 -6"><span class='ocrx_word' id='word_1_158' title='bbox 2195 957 2312 1011; x_wconf 93' lang='lat' dir='ltr'>illic</span> <span class='ocrx_word' id='word_1_159' title='bbox 2340 930 2761 1017; x_wconf 81' lang='lat' dir='ltr'>convenientes,</span> <span class='ocrx_word' id='word_1_160' title='bbox 2785 947 2905 1002; x_wconf 86' lang='lat' dir='ltr'>sine</span> <span class='ocrx_word' id='word_1_161' title='bbox 2934 940 3181 1017; x_wconf 88' lang='lat' dir='ltr'>qualibet</span> <span class='ocrx_word' id='word_1_162' title='bbox 3203 936 3399 1008; x_wconf 86' lang='lat' dir='ltr'>gratia,</span> <span class='ocrx_word' id='word_1_163' title='bbox 3415 933 3551 989; x_wconf 90' lang='lat' dir='ltr'>odio</span> <span class='ocrx_word' id='word_1_164' title='bbox 3572 941 3671 987; x_wconf 89' lang='lat' dir='ltr'>aut</span> <span class='ocrx_word' id='word_1_165' title='bbox 3694 930 3788 986; x_wconf 89' lang='lat' dir='ltr'>ini-</span> 
     </span>
    </p>
   </div>
   <div class='ocr_carea' id='block_1_25' title="bbox 2196 1021 3788 1108">
    <p class='ocr_par' dir='ltr' id='par_1_25' title="bbox 2196 1021 3788 1108">
     <span class='ocr_line' id='line_1_25' title="bbox 2196 1021 3788 1108; baseline -0.018 -7"><span class='ocrx_word' id='word_1_166' title='bbox 2196 1045 2533 1101; x_wconf 89' lang='lat' dir='ltr'>micitiarum</span> <span class='ocrx_word' id='word_1_167' title='bbox 2579 1055 2745 1097; x_wconf 88' lang='lat' dir='ltr'>causa</span> <span class='ocrx_word' id='word_1_168' title='bbox 2789 1032 3057 1108; x_wconf 83' lang='lat' dir='ltr'>gessistis,</span> <span class='ocrx_word' id='word_1_169' title='bbox 3115 1027 3370 1084; x_wconf 83' lang='lat' dir='ltr'>funditus</span> <span class='ocrx_word' id='word_1_170' title='bbox 3398 1022 3619 1095; x_wconf 84' lang='lat' dir='ltr'>repelli.</span> <span class='ocrx_word' id='word_1_171' title='bbox 3659 1021 3788 1087; x_wconf 85' lang='lat' dir='ltr'>Qua-</span> 
     </span>
    </p>
   </div>
   <div class='ocr_carea' id='block_1_26' title="bbox 2196 1110 3793 1207">
    <p class='ocr_par' dir='ltr' id='par_1_26' title="bbox 2196 1110 3793 1207">
     <span class='ocr_line' id='line_1_26' title="bbox 2196 1110 3793 1207; baseline -0.018 -15"><span class='ocrx_word' id='word_1_172' title='bbox 2196 1144 2418 1207; x_wconf 89' lang='lat' dir='ltr'>propter</span> <span class='ocrx_word' id='word_1_173' title='bbox 2447 1149 2571 1188; x_wconf 92' lang='lat' dir='ltr'>cum</span> <span class='ocrx_word' id='word_1_174' title='bbox 2604 1128 2758 1185; x_wconf 90' lang='lat' dir='ltr'>omni</span> <span class='ocrx_word' id='word_1_175' title='bbox 2790 1123 3150 1182; x_wconf 84' lang='lat' dir='ltr'>festinatione</span> <span class='ocrx_word' id='word_1_176' title='bbox 3177 1135 3280 1173; x_wconf 89' lang='lat' dir='ltr'>vos</span> <span class='ocrx_word' id='word_1_177' title='bbox 3308 1130 3502 1171; x_wconf 90' lang='lat' dir='ltr'>omnes</span> <span class='ocrx_word' id='word_1_178' title='bbox 3527 1113 3596 1168; x_wconf 89' lang='lat' dir='ltr'>ad</span> <span class='ocrx_word' id='word_1_179' title='bbox 3631 1110 3793 1181; x_wconf 84' lang='lat' dir='ltr'>hujus</span> 
     </span>
    </p>
   </div>
   <div class='ocr_carea' id='block_1_27' title="bbox 2198 1209 3794 1279">
    <p class='ocr_par' dir='ltr' id='par_1_27' title="bbox 2198 1209 3794 1279">
     <span class='ocr_line' id='line_1_27' title="bbox 2198 1209 3794 1279; baseline -0.016 1"><span class='ocrx_word' id='word_1_180' title='bbox 2198 1232 2399 1279; x_wconf 78' lang='lat' dir='ltr'>sanctae</span> <span class='ocrx_word' id='word_1_181' title='bbox 2429 1221 2574 1277; x_wconf 89' lang='lat' dir='ltr'>sedis</span> <span class='ocrx_word' id='word_1_182' title='bbox 2606 1215 2973 1273; x_wconf 84' lang='lat' dir='ltr'>reverentiam</span> <span class='ocrx_word' id='word_1_183' title='bbox 2999 1211 3132 1265; x_wconf 90' lang='lat' dir='ltr'>volo</span> <span class='ocrx_word' id='word_1_184' title='bbox 3152 1220 3504 1269; x_wconf 88' lang='lat' dir='ltr'>concurrere,</span> <span class='ocrx_word' id='word_1_185' title='bbox 3529 1209 3794 1274; x_wconf 85' lang='lat' dir='ltr'>quatenus</span> 
     </span>
    </p>
   </div>
   <div class='ocr_carea' id='block_1_28' title="bbox 2202 1292 3793 1384">
    <p class='ocr_par' dir='ltr' id='par_1_28' title="bbox 2202 1292 3793 1384">
     <span class='ocr_line' id='line_1_28' title="bbox 2202 1292 3793 1384; baseline -0.016 -15"><span class='ocrx_word' id='word_1_186' title='bbox 2202 1321 2475 1384; x_wconf 89' lang='lat' dir='ltr'>gestorum</span> <span class='ocrx_word' id='word_1_187' title='bbox 2532 1308 2677 1381; x_wconf 86' lang='lat' dir='ltr'>apud</span> <span class='ocrx_word' id='word_1_188' title='bbox 2706 1322 2805 1361; x_wconf 90' lang='lat' dir='ltr'>vos</span> <span class='ocrx_word' id='word_1_189' title='bbox 2833 1300 3203 1374; x_wconf 77' lang='lat' dir='ltr'>integritatem</span> <span class='ocrx_word' id='word_1_190' title='bbox 3235 1311 3334 1367; x_wconf 87' lang='lat' dir='ltr'>per</span> <span class='ocrx_word' id='word_1_191' title='bbox 3365 1309 3463 1347; x_wconf 89' lang='lat' dir='ltr'>vos</span> <span class='ocrx_word' id='word_1_192' title='bbox 3488 1292 3638 1362; x_wconf 85' lang='lat' dir='ltr'>ipsos</span> <span class='ocrx_word' id='word_1_193' title='bbox 3668 1307 3793 1361; x_wconf 89' lang='lat' dir='ltr'>pos-</span> 
     </span>
    </p>
   </div>
   <div class='ocr_carea' id='block_1_29' title="bbox 2202 1380 3796 1459">
    <p class='ocr_par' dir='ltr' id='par_1_29' title="bbox 2202 1380 3796 1459">
     <span class='ocr_line' id='line_1_29' title="bbox 2202 1380 3796 1459; baseline -0.018 0"><span class='ocrx_word' id='word_1_194' title='bbox 2202 1380 2324 1459; x_wconf 76' lang='lat' dir='ltr'>sitis</span> <span class='ocrx_word' id='word_1_195' title='bbox 2348 1380 2654 1457; x_wconf 83' lang='lat' dir='ltr'>ostendere.</span> <span class='ocrx_word' id='word_1_196' title='bbox 2689 1395 2824 1451; x_wconf 88' lang='lat' dir='ltr'>Nam</span> <span class='ocrx_word' id='word_1_197' title='bbox 2864 1408 2964 1447; x_wconf 92' lang='lat' dir='ltr'>nec</span> <span class='ocrx_word' id='word_1_198' title='bbox 3010 1388 3267 1445; x_wconf 86' lang='lat' dir='ltr'>dubitare</span> <span class='ocrx_word' id='word_1_199' title='bbox 3296 1399 3397 1437; x_wconf 82' lang='lat' dir='ltr'>vos</span> <span class='ocrx_word' id='word_1_200' title='bbox 3423 1380 3590 1437; x_wconf 87' lang='lat' dir='ltr'>credo</span> <span class='ocrx_word' id='word_1_201' title='bbox 3620 1380 3796 1434; x_wconf 83' lang='lat' dir='ltr'>Atha-</span> 
     </span>
    </p>
   </div>
   <div class='ocr_carea' id='block_1_30' title="bbox 2206 1471 3793 1559">
    <p class='ocr_par' dir='ltr' id='par_1_30' title="bbox 2206 1471 3793 1559">
     <span class='ocr_line' id='line_1_30' title="bbox 2206 1471 3793 1559; baseline -0.017 -9"><span class='ocrx_word' id='word_1_202' title='bbox 2206 1494 2442 1559; x_wconf 84' lang='lat' dir='ltr'>nasium,</span> <span class='ocrx_word' id='word_1_203' title='bbox 2472 1507 2640 1545; x_wconf 62' lang='lat' dir='ltr'>sacrae</span> <span class='ocrx_word' id='word_1_204' title='bbox 2669 1487 2804 1558; x_wconf 85' lang='lat' dir='ltr'>legis</span> <span class='ocrx_word' id='word_1_205' title='bbox 2852 1485 3156 1547; x_wconf 89' lang='lat' dir='ltr'>doctorem,</span> <span class='ocrx_word' id='word_1_206' title='bbox 3208 1492 3324 1533; x_wconf 89' lang='lat' dir='ltr'>non</span> <span class='ocrx_word' id='word_1_207' title='bbox 3354 1474 3531 1530; x_wconf 89' lang='lat' dir='ltr'>solum</span> <span class='ocrx_word' id='word_1_208' title='bbox 3560 1489 3593 1526; x_wconf 87' lang='lat' dir='ltr'>a</span> <span class='ocrx_word' id='word_1_209' title='bbox 3622 1471 3793 1538; x_wconf 89' lang='lat' dir='ltr'>nobis,</span> 
     </span>
    </p>
   </div>
   <div class='ocr_carea' id='block_1_31' title="bbox 2208 1562 3799 1646">
    <p class='ocr_par' dir='ltr' id='par_1_31' title="bbox 2208 1562 3799 1646">
     <span class='ocr_line' id='line_1_31' title="bbox 2208 1562 3799 1646; baseline -0.018 -4"><span class='ocrx_word' id='word_1_210' title='bbox 2208 1586 2303 1642; x_wconf 90' lang='lat' dir='ltr'>sed</span> <span class='ocrx_word' id='word_1_211' title='bbox 2332 1585 2498 1639; x_wconf 88' lang='lat' dir='ltr'>etiam</span> <span class='ocrx_word' id='word_1_212' title='bbox 2521 1598 2553 1636; x_wconf 88' lang='lat' dir='ltr'>a</span> <span class='ocrx_word' id='word_1_213' title='bbox 2576 1579 2799 1635; x_wconf 72' lang='lat' dir='ltr'>Nicaana</span> <span class='ocrx_word' id='word_1_214' title='bbox 2817 1572 3033 1646; x_wconf 82' lang='lat' dir='ltr'>synodo</span> <span class='ocrx_word' id='word_1_215' title='bbox 3050 1585 3193 1625; x_wconf 70' lang='lat' dir='ltr'>verm</span> <span class='ocrx_word' id='word_1_216' title='bbox 3215 1565 3344 1621; x_wconf 89' lang='lat' dir='ltr'>ﬁdei</span> <span class='ocrx_word' id='word_1_217' title='bbox 3392 1562 3668 1619; x_wconf 89' lang='lat' dir='ltr'>cultorem</span> <span class='ocrx_word' id='word_1_218' title='bbox 3688 1576 3799 1614; x_wconf 86' lang='lat' dir='ltr'>esse</span> 
     </span>
    </p>
   </div>
   <div class='ocr_carea' id='block_1_32' title="bbox 2207 1648 3796 1745">
    <p class='ocr_par' dir='ltr' id='par_1_32' title="bbox 2207 1648 3796 1745">
     <span class='ocr_line' id='line_1_32' title="bbox 2207 1648 3796 1745; baseline -0.02 -14"><span class='ocrx_word' id='word_1_219' title='bbox 2207 1671 2625 1745; x_wconf 88' lang='lat' dir='ltr'>comprobatum</span> <span class='ocrx_word' id='word_1_220' title='bbox 2654 1685 2664 1722; x_wconf 93' lang='grc'>;</span> <span class='ocrx_word' id='word_1_221' title='bbox 2689 1664 2783 1737; x_wconf 90' lang='lat' dir='ltr'>qui</span> <span class='ocrx_word' id='word_1_222' title='bbox 2806 1661 3024 1719; x_wconf 87' lang='lat' dir='ltr'>defecto</span> <span class='ocrx_word' id='word_1_223' title='bbox 3050 1654 3369 1713; x_wconf 82' lang='lat' dir='ltr'>Alexandro</span> <span class='ocrx_word' id='word_1_224' title='bbox 3391 1648 3639 1706; x_wconf 87' lang='lat' dir='ltr'>mirabili</span> <span class='ocrx_word' id='word_1_225' title='bbox 3658 1664 3796 1715; x_wconf 88' lang='lat' dir='ltr'>sene,</span> 
     </span>
    </p>
   </div>
   <div class='ocr_carea' id='block_1_33' title="bbox 502 1740 3801 1836">
    <p class='ocr_par' dir='ltr' id='par_1_33' title="bbox 502 1740 3801 1836">
     <span class='ocr_line' id='line_1_33' title="bbox 502 1740 3801 1836; baseline -0.012 -6"><span class='ocrx_word' id='word_1_226' title='bbox 502 1773 772 1830; x_wconf 86' lang='lat' dir='ltr'>Dominus</span> <span class='ocrx_word' id='word_1_227' title='bbox 793 1740 1067 1827; x_wconf 72' lang='lat' dir='ltr'>custodiat</span> <span class='ocrx_word' id='word_1_228' title='bbox 1086 1784 1206 1835; x_wconf 90' lang='lat' dir='ltr'>vos,</span> <span class='ocrx_word' id='word_1_229' title='bbox 1226 1772 1279 1820; x_wconf 92' lang='lat' dir='ltr'>et</span> <span class='ocrx_word' id='word_1_230' title='bbox 1300 1780 1469 1830; x_wconf 90' lang='lat' dir='ltr'>nunc,</span> <span class='ocrx_word' id='word_1_231' title='bbox 1488 1769 1542 1817; x_wconf 91' lang='lat' dir='ltr'>et</span> <span class='ocrx_word' id='word_1_232' title='bbox 1562 1761 1621 1815; x_wconf 93' lang='lat' dir='ltr'>in</span> <span class='ocrx_word' id='word_1_233' title='bbox 1641 1759 1732 1815; x_wconf 90' lang='lat' dir='ltr'>die</span> <span class='ocrx_word' id='word_1_234' title='bbox 1753 1755 2097 1815; x_wconf 69' lang='lat' dir='ltr'>aiternitatis.</span> <span class='ocrx_word' id='word_1_235' title='bbox 2131 1775 2177 1835; x_wconf 82' lang='grc' dir='ltr'>Β</span> <span class='ocrx_word' id='word_1_236' title='bbox 2210 1764 2305 1836; x_wconf 74' lang='lat' dir='ltr'>qui</span> <span class='ocrx_word' id='word_1_237' title='bbox 2336 1740 2479 1817; x_wconf 54' lang='grc' dir='ltr'>-Αιθίὶ</span> <span class='ocrx_word' id='word_1_238' title='bbox 2518 1760 2891 1830; x_wconf 75' lang='lat' dir='ltr'>prostraverat</span> <span class='ocrx_word' id='word_1_239' title='bbox 2938 1744 3334 1819; x_wconf 84' lang='lat' dir='ltr'>blasphemias,</span> <span class='ocrx_word' id='word_1_240' title='bbox 3380 1749 3506 1814; x_wconf 89' lang='lat' dir='ltr'>post</span> <span class='ocrx_word' id='word_1_241' title='bbox 3564 1740 3801 1811; x_wconf 87' lang='lat' dir='ltr'>quinque</span> 
     </span>
    </p>
   </div>
   <div class='ocr_carea' id='block_1_34' title="bbox 503 1844 2098 1917">
    <p class='ocr_par' dir='ltr' id='par_1_34' title="bbox 503 1844 2098 1917">
     <span class='ocr_line' id='line_1_34' title="bbox 503 1844 2098 1917; baseline -0.011 1"><span class='ocrx_word' id='word_1_242' title='bbox 503 1864 700 1917; x_wconf 85' lang='lat' dir='ltr'>Amen.</span> <span class='ocrx_word' id='word_1_243' title='bbox 752 1862 891 1917; x_wconf 90' lang='lat' dir='ltr'>Data</span> <span class='ocrx_word' id='word_1_244' title='bbox 919 1875 981 1912; x_wconf 79' lang='lat' dir='ltr'>ix</span> <span class='ocrx_word' id='word_1_245' title='bbox 1010 1854 1243 1911; x_wconf 86' lang='lat' dir='ltr'>Kalend.</span> <span class='ocrx_word' id='word_1_246' title='bbox 1291 1850 1542 1917; x_wconf 88' lang='lat' dir='ltr'>Octobr.,</span> <span class='ocrx_word' id='word_1_247' title='bbox 1576 1846 1904 1906; x_wconf 84' lang='lat' dir='ltr'>Constantio</span> <span class='ocrx_word' id='word_1_248' title='bbox 1934 1846 2002 1903; x_wconf 67' lang='grc' dir='ltr'><strong>ν.</strong></span> <span class='ocrx_word' id='word_1_249' title='bbox 2038 1844 2098 1901; x_wconf 91' lang='lat' dir='ltr'>C.</span> 
     </span>
    </p>
   </div>
   <div class='ocr_carea' id='block_1_35' title="bbox 503 1966 713 2005">
    <p class='ocr_par' dir='ltr' id='par_1_35' title="bbox 503 1966 713 2005">
     <span class='ocr_line' id='line_1_35' title="bbox 503 1966 713 2005; baseline -0.014 0"><span class='ocrx_word' id='word_1_250' title='bbox 503 1966 653 2005; x_wconf 85' lang='lat' dir='ltr'>CONS.</span> <span class='ocrx_word' id='word_1_251' title='bbox 693 1973 713 1996; x_wconf 74' lang='grc' dir='ltr'><strong><em>ι</em></strong></span> 
     </span>
    </p>
   </div>
   <div class='ocr_carea' id='block_1_36' title="bbox 506 2071 2107 2156">
    <p class='ocr_par' dir='ltr' id='par_1_36' title="bbox 506 2071 2107 2156">
     <span class='ocr_line' id='line_1_36' title="bbox 506 2071 2107 2156; baseline -0.009 -15"><span class='ocrx_word' id='word_1_252' title='bbox 506 2088 597 2141; x_wconf 76' lang='lat' dir='ltr'>Ea:</span> <span class='ocrx_word' id='word_1_253' title='bbox 633 2084 857 2156; x_wconf 82' lang='lat' dir='ltr'>epistola</span> <span class='ocrx_word' id='word_1_254' title='bbox 886 2081 1195 2156; x_wconf 55' lang='grc' dir='ltr'>ΔΖρριιξμσὶηἰ</span> <span class='ocrx_word' id='word_1_255' title='bbox 1236 2096 1413 2150; x_wconf 69' lang='lat' dir='ltr'>papae,</span> <span class='ocrx_word' id='word_1_256' title='bbox 1467 2076 1734 2156; x_wconf 45' lang='lat' dir='ltr'>{Egi/ptas</span> <span class='ocrx_word' id='word_1_257' title='bbox 1762 2074 1985 2142; x_wconf 82' lang='lat' dir='ltr'>directa,</span> <span class='ocrx_word' id='word_1_258' title='bbox 2013 2071 2107 2142; x_wconf 83' lang='lat' dir='ltr'>qui</span> 
     </span>
    </p>
   </div>
   <div class='ocr_carea' id='block_1_37' title="bbox 812 2150 1782 2223">
    <p class='ocr_par' dir='ltr' id='par_1_37' title="bbox 812 2150 1782 2223">
     <span class='ocr_line' id='line_1_37' title="bbox 812 2150 1782 2223; baseline -0.005 -16"><span class='ocrx_word' id='word_1_259' title='bbox 812 2152 919 2223; x_wconf 84' lang='lat' dir='ltr'>fuit</span> <span class='ocrx_word' id='word_1_260' title='bbox 943 2150 1173 2206; x_wconf 67' lang='lat' dir='ltr'>decimus</span> <span class='ocrx_word' id='word_1_261' title='bbox 1201 2156 1377 2204; x_wconf 72' lang='lat' dir='ltr'>sextus</span> <span class='ocrx_word' id='word_1_262' title='bbox 1397 2156 1516 2221; x_wconf 88' lang='lat' dir='ltr'>post</span> <span class='ocrx_word' id='word_1_263' title='bbox 1543 2150 1782 2204; x_wconf 80' lang='lat' dir='ltr'>Petrum.</span> 
     </span>
    </p>
   </div>
   <div class='ocr_carea' id='block_1_38' title="bbox 581 2261 2111 2345">
    <p class='ocr_par' dir='ltr' id='par_1_38' title="bbox 581 2261 2111 2345">
     <span class='ocr_line' id='line_1_38' title="bbox 581 2261 2111 2345; baseline -0.008 -19"><span class='ocrx_word' id='word_1_264' title='bbox 581 2270 780 2345; x_wconf 84' lang='lat' dir='ltr'>(Epist.</span> <span class='ocrx_word' id='word_1_265' title='bbox 818 2268 930 2339; x_wconf 83' lang='grc'><strong>11.)</strong></span> <span class='ocrx_word' id='word_1_266' title='bbox 976 2291 993 2314; x_wconf 80' lang='grc'><strong><em>‹</em></strong></span> <span class='ocrx_word' id='word_1_267' title='bbox 1038 2267 1362 2322; x_wconf 83' lang='lat' dir='ltr'>Nuntiatum</span> <span class='ocrx_word' id='word_1_268' title='bbox 1408 2272 1491 2321; x_wconf 89' lang='lat' dir='ltr'>est</span> <span class='ocrx_word' id='word_1_269' title='bbox 1533 2264 1685 2319; x_wconf 89' lang='lat' dir='ltr'>enim</span> <span class='ocrx_word' id='word_1_270' title='bbox 1734 2261 1849 2318; x_wconf 92' lang='lat' dir='ltr'>sedi</span> <span class='ocrx_word' id='word_1_271' title='bbox 1880 2268 2111 2331; x_wconf 90' lang='lat' dir='ltr'>aposto-</span> 
     </span>
    </p>
   </div>
   <div class='ocr_carea' id='block_1_39' title="bbox 508 2352 2105 2433">
    <p class='ocr_par' dir='ltr' id='par_1_39' title="bbox 508 2352 2105 2433">
     <span class='ocr_line' id='line_1_39' title="bbox 508 2352 2105 2433; baseline -0.011 -15"><span class='ocrx_word' id='word_1_272' title='bbox 508 2363 628 2418; x_wconf 69' lang='lat' dir='ltr'>licae</span> <span class='ocrx_word' id='word_1_273' title='bbox 646 2375 742 2433; x_wconf 89' lang='lat' dir='ltr'>per</span> <span class='ocrx_word' id='word_1_274' title='bbox 767 2357 1153 2431; x_wconf 88' lang='lat' dir='ltr'>apocrisiarios</span> <span class='ocrx_word' id='word_1_275' title='bbox 1181 2362 1413 2424; x_wconf 88' lang='lat' dir='ltr'>vestros,</span> <span class='ocrx_word' id='word_1_276' title='bbox 1436 2352 1704 2426; x_wconf 88' lang='lat' dir='ltr'>quosdam</span> <span class='ocrx_word' id='word_1_277' title='bbox 1734 2352 1969 2405; x_wconf 85' lang='lat' dir='ltr'>fratrum</span> <span class='ocrx_word' id='word_1_278' title='bbox 1999 2365 2105 2402; x_wconf 89' lang='lat' dir='ltr'>no-</span> 
     </span>
    </p>
   </div>
   <div class='ocr_carea' id='block_1_40' title="bbox 509 2441 2111 2523">
    <p class='ocr_par' dir='ltr' id='par_1_40' title="bbox 509 2441 2111 2523">
     <span class='ocr_line' id='line_1_40' title="bbox 509 2441 2111 2523; baseline -0.01 -14"><span class='ocrx_word' id='word_1_279' title='bbox 509 2462 771 2520; x_wconf 88' lang='lat' dir='ltr'>strorum,</span> <span class='ocrx_word' id='word_1_280' title='bbox 794 2451 1176 2523; x_wconf 90' lang='lat' dir='ltr'>episcoporum</span> <span class='ocrx_word' id='word_1_281' title='bbox 1201 2446 1484 2514; x_wconf 87' lang='lat' dir='ltr'>videlicet,</span> <span class='ocrx_word' id='word_1_282' title='bbox 1512 2446 1578 2500; x_wconf 91' lang='lat' dir='ltr'>ab</span> <span class='ocrx_word' id='word_1_283' title='bbox 1609 2441 1875 2499; x_wconf 89' lang='lat' dir='ltr'>Ecclesiis</span> <span class='ocrx_word' id='word_1_284' title='bbox 1908 2448 1962 2495; x_wconf 90' lang='lat' dir='ltr'>et</span> <span class='ocrx_word' id='word_1_285' title='bbox 1988 2456 2111 2511; x_wconf 88' lang='lat' dir='ltr'>pro-</span> 
     </span>
    </p>
   </div>
   <div class='ocr_carea' id='block_1_41' title="bbox 511 2530 2111 2617">
    <p class='ocr_par' dir='ltr' id='par_1_41' title="bbox 511 2530 2111 2617">
     <span class='ocr_line' id='line_1_41' title="bbox 511 2530 2111 2617; baseline -0.009 -17"><span class='ocrx_word' id='word_1_286' title='bbox 511 2545 648 2617; x_wconf 89' lang='lat' dir='ltr'>priis</span> <span class='ocrx_word' id='word_1_287' title='bbox 696 2542 915 2599; x_wconf 83' lang='lat' dir='ltr'>sedibus</span> <span class='ocrx_word' id='word_1_288' title='bbox 946 2542 1101 2614; x_wconf 85' lang='lat' dir='ltr'>pelli,</span> <span class='ocrx_word' id='word_1_289' title='bbox 1130 2554 1333 2612; x_wconf 88' lang='lat' dir='ltr'>suaque</span> <span class='ocrx_word' id='word_1_290' title='bbox 1363 2539 1441 2593; x_wconf 90' lang='lat' dir='ltr'>eis</span> <span class='ocrx_word' id='word_1_291' title='bbox 1480 2534 1685 2591; x_wconf 88' lang='lat' dir='ltr'>auferri</span> <span class='ocrx_word' id='word_1_292' title='bbox 1724 2530 2111 2605; x_wconf 89' lang='lat' dir='ltr'>supellectilia,</span> 
     </span>
    </p>
   </div>
   <div class='ocr_carea' id='block_1_42' title="bbox 512 2621 2114 2702">
    <p class='ocr_par' dir='ltr' id='par_1_42' title="bbox 512 2621 2114 2702">
     <span class='ocr_line' id='line_1_42' title="bbox 512 2621 2114 2702; baseline -0.009 -12"><span class='ocrx_word' id='word_1_293' title='bbox 512 2644 567 2691; x_wconf 90' lang='lat' dir='ltr'>et</span> <span class='ocrx_word' id='word_1_294' title='bbox 616 2635 695 2688; x_wconf 90' lang='lat' dir='ltr'>sic</span> <span class='ocrx_word' id='word_1_295' title='bbox 743 2633 921 2687; x_wconf 88' lang='lat' dir='ltr'>nudos</span> <span class='ocrx_word' id='word_1_296' title='bbox 968 2631 1303 2702; x_wconf 82' lang='lat' dir='ltr'>exspoliatos</span> <span class='ocrx_word' id='word_1_297' title='bbox 1352 2629 1419 2685; x_wconf 92' lang='lat' dir='ltr'>ad</span> <span class='ocrx_word' id='word_1_298' title='bbox 1459 2627 1671 2699; x_wconf 88' lang='lat' dir='ltr'>judicia</span> <span class='ocrx_word' id='word_1_299' title='bbox 1709 2623 1916 2691; x_wconf 91' lang='lat' dir='ltr'>vocari,</span> <span class='ocrx_word' id='word_1_300' title='bbox 1968 2621 2114 2695; x_wconf 89' lang='lat' dir='ltr'>quod</span> 
     </span>
    </p>
   </div>
   <div class='ocr_carea' id='block_1_43' title="bbox 515 2712 2115 2787">
    <p class='ocr_par' dir='ltr' id='par_1_43' title="bbox 515 2712 2115 2787">
     <span class='ocr_line' id='line_1_43' title="bbox 515 2712 2115 2787; baseline -0.009 -9"><span class='ocrx_word' id='word_1_301' title='bbox 515 2721 668 2778; x_wconf 89' lang='lat' dir='ltr'>omni</span> <span class='ocrx_word' id='word_1_302' title='bbox 699 2721 911 2775; x_wconf 88' lang='lat' dir='ltr'>ratione</span> <span class='ocrx_word' id='word_1_303' title='bbox 932 2728 1099 2787; x_wconf 88' lang='lat' dir='ltr'>caret,</span> <span class='ocrx_word' id='word_1_304' title='bbox 1132 2735 1258 2775; x_wconf 91' lang='lat' dir='ltr'>cum</span> <span class='ocrx_word' id='word_1_305' title='bbox 1286 2716 1590 2773; x_wconf 87' lang='lat' dir='ltr'>constituta</span> <span class='ocrx_word' id='word_1_306' title='bbox 1622 2712 1997 2785; x_wconf 88' lang='lat' dir='ltr'>apostolorum</span> <span class='ocrx_word' id='word_1_307' title='bbox 2028 2725 2115 2764; x_wconf 92' lang='lat' dir='ltr'>eo-</span> 
     </span>
    </p>
   </div>
   <div class='ocr_carea' id='block_1_44' title="bbox 515 2804 2118 2882">
    <p class='ocr_par' dir='ltr' id='par_1_44' title="bbox 515 2804 2118 2882">
     <span class='ocr_line' id='line_1_44' title="bbox 515 2804 2118 2882; baseline -0.007 -18"><span class='ocrx_word' id='word_1_308' title='bbox 515 2825 747 2882; x_wconf 87' lang='lat' dir='ltr'>rumque</span> <span class='ocrx_word' id='word_1_309' title='bbox 774 2823 1174 2871; x_wconf 89' lang='lat' dir='ltr'>successorum,</span> <span class='ocrx_word' id='word_1_310' title='bbox 1203 2815 1257 2862; x_wconf 93' lang='lat' dir='ltr'>et</span> <span class='ocrx_word' id='word_1_311' title='bbox 1287 2813 1555 2878; x_wconf 69' lang='lat' dir='ltr'>praecepta</span> <span class='ocrx_word' id='word_1_312' title='bbox 1603 2804 2022 2874; x_wconf 87' lang='lat' dir='ltr'>imperatorum,</span> <span class='ocrx_word' id='word_1_313' title='bbox 2054 2813 2118 2852; x_wconf 87' lang='lat' dir='ltr'>ac</span> 
     </span>
    </p>
   </div>
   <div class='ocr_carea' id='block_1_45' title="bbox 516 2892 2116 2965">
    <p class='ocr_par' dir='ltr' id='par_1_45' title="bbox 516 2892 2116 2965">
     <span class='ocr_line' id='line_1_45' title="bbox 516 2892 2116 2965; baseline -0.009 -11"><span class='ocrx_word' id='word_1_314' title='bbox 516 2896 942 2955; x_wconf 87' lang='lat' dir='ltr'>constitutiones</span> <span class='ocrx_word' id='word_1_315' title='bbox 976 2896 1175 2965; x_wconf 90' lang='lat' dir='ltr'>legum,</span> <span class='ocrx_word' id='word_1_316' title='bbox 1207 2895 1264 2949; x_wconf 91' lang='lat' dir='ltr'>id</span> <span class='ocrx_word' id='word_1_317' title='bbox 1293 2894 1473 2964; x_wconf 74' lang='lat' dir='ltr'>ipSum</span> <span class='ocrx_word' id='word_1_318' title='bbox 1522 2892 1779 2957; x_wconf 85' lang='lat' dir='ltr'>habeant,</span> <span class='ocrx_word' id='word_1_319' title='bbox 1811 2899 1866 2945; x_wconf 87' lang='lat' dir='ltr'>et</span> <span class='ocrx_word' id='word_1_320' title='bbox 1898 2894 2116 2959; x_wconf 88' lang='lat' dir='ltr'>aposto-</span> 
     </span>
    </p>
   </div>
   <div class='ocr_carea' id='block_1_46' title="bbox 520 2981 2116 3054">
    <p class='ocr_par' dir='ltr' id='par_1_46' title="bbox 520 2981 2116 3054">
     <span class='ocr_line' id='line_1_46' title="bbox 520 2981 2116 3054; baseline -0.008 -10"><span class='ocrx_word' id='word_1_321' title='bbox 520 2988 639 3044; x_wconf 67' lang='lat' dir='ltr'>licae</span> <span class='ocrx_word' id='word_1_322' title='bbox 660 2984 805 3043; x_wconf 89' lang='lat' dir='ltr'>sedis</span> <span class='ocrx_word' id='word_1_323' title='bbox 826 2984 1124 3041; x_wconf 88' lang='lat' dir='ltr'>auctoritas</span> <span class='ocrx_word' id='word_1_324' title='bbox 1154 2982 1211 3038; x_wconf 92' lang='lat' dir='ltr'>id</span> <span class='ocrx_word' id='word_1_325' title='bbox 1232 2983 1412 3054; x_wconf 87' lang='lat' dir='ltr'>ipsum</span> <span class='ocrx_word' id='word_1_326' title='bbox 1446 2981 1565 3036; x_wconf 87' lang='lat' dir='ltr'>ﬁeri</span> <span class='ocrx_word' id='word_1_327' title='bbox 1596 2982 2116 3049; x_wconf 78' lang='lat' dir='ltr'>vetet.Praeceptum</span> 
     </span>
    </p>
   </div>
   <div class='ocr_carea' id='block_1_47' title="bbox 522 3068 2118 3149">
    <p class='ocr_par' dir='ltr' id='par_1_47' title="bbox 522 3068 2118 3149">
     <span class='ocr_line' id='line_1_47' title="bbox 522 3068 2118 3149; baseline -0.009 -15"><span class='ocrx_word' id='word_1_328' title='bbox 522 3087 604 3135; x_wconf 90' lang='lat' dir='ltr'>est</span> <span class='ocrx_word' id='word_1_329' title='bbox 629 3092 757 3149; x_wconf 91' lang='lat' dir='ltr'>ergo</span> <span class='ocrx_word' id='word_1_330' title='bbox 791 3075 849 3130; x_wconf 90' lang='lat' dir='ltr'>in</span> <span class='ocrx_word' id='word_1_331' title='bbox 876 3073 1118 3147; x_wconf 85' lang='lat' dir='ltr'>antiquis</span> <span class='ocrx_word' id='word_1_332' title='bbox 1148 3072 1391 3140; x_wconf 88' lang='lat' dir='ltr'>statutis,</span> <span class='ocrx_word' id='word_1_333' title='bbox 1406 3071 1690 3143; x_wconf 88' lang='lat' dir='ltr'>episcopos</span> <span class='ocrx_word' id='word_1_334' title='bbox 1710 3068 1932 3140; x_wconf 87' lang='lat' dir='ltr'>ejectos,</span> <span class='ocrx_word' id='word_1_335' title='bbox 1956 3074 2118 3138; x_wconf 88' lang='lat' dir='ltr'>atque</span> 
     </span>
    </p>
   </div>
   <div class='ocr_carea' id='block_1_48' title="bbox 521 3156 2118 3236">
    <p class='ocr_par' dir='ltr' id='par_1_48' title="bbox 521 3156 2118 3236">
     <span class='ocr_line' id='line_1_48' title="bbox 521 3156 2118 3236; baseline -0.009 -13"><span class='ocrx_word' id='word_1_336' title='bbox 521 3167 635 3223; x_wconf 90' lang='lat' dir='ltr'>suis</span> <span class='ocrx_word' id='word_1_337' title='bbox 664 3166 827 3223; x_wconf 87' lang='lat' dir='ltr'>rebus</span> <span class='ocrx_word' id='word_1_338' title='bbox 855 3163 1209 3236; x_wconf 86' lang='lat' dir='ltr'>exspoliatos,</span> <span class='ocrx_word' id='word_1_339' title='bbox 1246 3161 1521 3217; x_wconf 91' lang='lat' dir='ltr'>Ecclesias</span> <span class='ocrx_word' id='word_1_340' title='bbox 1569 3157 1817 3231; x_wconf 90' lang='lat' dir='ltr'>proprias</span> <span class='ocrx_word' id='word_1_341' title='bbox 1854 3156 2118 3226; x_wconf 86' lang='lat' dir='ltr'>recipere,</span> 
     </span>
    </p>
   </div>
   <div class='ocr_carea' id='block_1_49' title="bbox 521 3242 2119 3327">
    <p class='ocr_par' dir='ltr' id='par_1_49' title="bbox 521 3242 2119 3327">
     <span class='ocr_line' id='line_1_49' title="bbox 521 3242 2119 3327; baseline -0.009 -16"><span class='ocrx_word' id='word_1_342' title='bbox 521 3263 577 3311; x_wconf 92' lang='lat' dir='ltr'>et</span> <span class='ocrx_word' id='word_1_343' title='bbox 625 3254 805 3327; x_wconf 88' lang='lat' dir='ltr'>primo</span> <span class='ocrx_word' id='word_1_344' title='bbox 853 3269 952 3309; x_wconf 85' lang='lat' dir='ltr'>sua</span> <span class='ocrx_word' id='word_1_345' title='bbox 999 3252 1188 3308; x_wconf 90' lang='lat' dir='ltr'>omnia</span> <span class='ocrx_word' id='word_1_346' title='bbox 1226 3250 1305 3306; x_wconf 91' lang='lat' dir='ltr'>eis</span> <span class='ocrx_word' id='word_1_347' title='bbox 1348 3246 1528 3317; x_wconf 72' lang='lat' dir='ltr'>reddi,</span> <span class='ocrx_word' id='word_1_348' title='bbox 1570 3255 1625 3302; x_wconf 88' lang='lat' dir='ltr'>et</span> <span class='ocrx_word' id='word_1_349' title='bbox 1652 3255 1769 3302; x_wconf 87' lang='lat' dir='ltr'>tum</span> <span class='ocrx_word' id='word_1_350' title='bbox 1797 3245 2041 3311; x_wconf 91' lang='lat' dir='ltr'>demum,</span> <span class='ocrx_word' id='word_1_351' title='bbox 2074 3242 2119 3296; x_wconf 92' lang='lat' dir='ltr'>si</span> 
     </span>
    </p>
   </div>
   <div class='ocr_carea' id='block_1_50' title="bbox 523 3332 2123 3417">
    <p class='ocr_par' dir='ltr' id='par_1_50' title="bbox 523 3332 2123 3417">
     <span class='ocr_line' id='line_1_50' title="bbox 523 3332 2123 3417; baseline -0.009 -17"><span class='ocrx_word' id='word_1_352' title='bbox 523 3343 647 3417; x_wconf 89' lang='lat' dir='ltr'>quis</span> <span class='ocrx_word' id='word_1_353' title='bbox 672 3359 764 3399; x_wconf 89' lang='lat' dir='ltr'>eos</span> <span class='ocrx_word' id='word_1_354' title='bbox 789 3343 936 3415; x_wconf 89' lang='lat' dir='ltr'>juste</span> <span class='ocrx_word' id='word_1_355' title='bbox 965 3356 1222 3398; x_wconf 88' lang='lat' dir='ltr'>accusare</span> <span class='ocrx_word' id='word_1_356' title='bbox 1252 3339 1516 3406; x_wconf 89' lang='lat' dir='ltr'>voluerit,</span> <span class='ocrx_word' id='word_1_357' title='bbox 1562 3353 1718 3409; x_wconf 64' lang='lat' dir='ltr'>aequo</span> <span class='ocrx_word' id='word_1_358' title='bbox 1748 3334 1993 3407; x_wconf 87' lang='lat' dir='ltr'>periculo</span> <span class='ocrx_word' id='word_1_359' title='bbox 2032 3332 2123 3386; x_wconf 91' lang='lat' dir='ltr'>fa-</span> 
     </span>
    </p>
   </div>
   <div class='ocr_carea' id='block_1_51' title="bbox 524 3426 2124 3504">
    <p class='ocr_par' dir='ltr' id='par_1_51' title="bbox 524 3426 2124 3504">
     <span class='ocr_line' id='line_1_51' title="bbox 524 3426 2124 3504; baseline -0.008 -16"><span class='ocrx_word' id='word_1_360' title='bbox 524 3449 664 3502; x_wconf 88' lang='lat' dir='ltr'>cere,</span> <span class='ocrx_word' id='word_1_361' title='bbox 709 3432 926 3504; x_wconf 89' lang='lat' dir='ltr'>judices</span> <span class='ocrx_word' id='word_1_362' title='bbox 972 3446 1089 3487; x_wconf 90' lang='lat' dir='ltr'>esse</span> <span class='ocrx_word' id='word_1_363' title='bbox 1132 3429 1494 3486; x_wconf 88' lang='lat' dir='ltr'>decernentes</span> <span class='ocrx_word' id='word_1_364' title='bbox 1539 3426 1823 3498; x_wconf 89' lang='lat' dir='ltr'>episcopos</span> <span class='ocrx_word' id='word_1_365' title='bbox 1852 3430 2000 3479; x_wconf 89' lang='lat' dir='ltr'>recta</span> <span class='ocrx_word' id='word_1_366' title='bbox 2028 3438 2124 3476; x_wconf 87' lang='lat' dir='ltr'>sa-</span> 
     </span>
    </p>
   </div>
   <div class='ocr_carea' id='block_1_52' title="bbox 525 3511 2125 3592">
    <p class='ocr_par' dir='ltr' id='par_1_52' title="bbox 525 3511 2125 3592">
     <span class='ocr_line' id='line_1_52' title="bbox 525 3511 2125 3592; baseline -0.008 -15"><span class='ocrx_word' id='word_1_367' title='bbox 525 3520 759 3592; x_wconf 88' lang='lat' dir='ltr'>pientes,</span> <span class='ocrx_word' id='word_1_368' title='bbox 789 3529 842 3576; x_wconf 90' lang='lat' dir='ltr'>et</span> <span class='ocrx_word' id='word_1_369' title='bbox 870 3521 928 3576; x_wconf 92' lang='lat' dir='ltr'>in</span> <span class='ocrx_word' id='word_1_370' title='bbox 953 3519 1200 3576; x_wconf 89' lang='lat' dir='ltr'>Ecclesia</span> <span class='ocrx_word' id='word_1_371' title='bbox 1227 3516 1641 3583; x_wconf 82' lang='lat' dir='ltr'>convenientes,</span> <span class='ocrx_word' id='word_1_372' title='bbox 1694 3511 1790 3569; x_wconf 90' lang='lat' dir='ltr'>ubi</span> <span class='ocrx_word' id='word_1_373' title='bbox 1836 3518 2002 3567; x_wconf 86' lang='lat' dir='ltr'>testes</span> <span class='ocrx_word' id='word_1_374' title='bbox 2030 3526 2125 3565; x_wconf 92' lang='lat' dir='ltr'>es-</span> 
     </span>
    </p>
   </div>
   <div class='ocr_carea' id='block_1_53' title="bbox 528 3597 2126 3679">
    <p class='ocr_par' dir='ltr' id='par_1_53' title="bbox 528 3597 2126 3679">
     <span class='ocr_line' id='line_1_53' title="bbox 528 3597 2126 3679; baseline -0.009 -14"><span class='ocrx_word' id='word_1_375' title='bbox 528 3618 649 3665; x_wconf 90' lang='lat' dir='ltr'>sent</span> <span class='ocrx_word' id='word_1_376' title='bbox 670 3609 1016 3679; x_wconf 89' lang='lat' dir='ltr'>singulorum</span> <span class='ocrx_word' id='word_1_377' title='bbox 1047 3606 1143 3677; x_wconf 91' lang='lat' dir='ltr'>qui</span> <span class='ocrx_word' id='word_1_378' title='bbox 1167 3603 1411 3676; x_wconf 90' lang='lat' dir='ltr'>oppressi</span> <span class='ocrx_word' id='word_1_379' title='bbox 1442 3602 1806 3659; x_wconf 87' lang='lat' dir='ltr'>videbantur:</span> <span class='ocrx_word' id='word_1_380' title='bbox 1839 3616 1941 3654; x_wconf 90' lang='lat' dir='ltr'>nec</span> <span class='ocrx_word' id='word_1_381' title='bbox 1971 3597 2126 3670; x_wconf 89' lang='lat' dir='ltr'>prius</span> 
     </span>
    </p>
   </div>
   <div class='ocr_carea' id='block_1_54' title="bbox 528 3686 2128 3764">
    <p class='ocr_par' dir='ltr' id='par_1_54' title="bbox 528 3686 2128 3764">
     <span class='ocr_line' id='line_1_54' title="bbox 528 3686 2128 3764; baseline -0.008 -13"><span class='ocrx_word' id='word_1_382' title='bbox 528 3713 621 3752; x_wconf 90' lang='lat' dir='ltr'>eos</span> <span class='ocrx_word' id='word_1_383' title='bbox 650 3694 978 3764; x_wconf 90' lang='lat' dir='ltr'>respondere</span> <span class='ocrx_word' id='word_1_384' title='bbox 1006 3692 1224 3759; x_wconf 88' lang='lat' dir='ltr'>debere,</span> <span class='ocrx_word' id='word_1_385' title='bbox 1273 3707 1436 3762; x_wconf 90' lang='lat' dir='ltr'>quam</span> <span class='ocrx_word' id='word_1_386' title='bbox 1466 3689 1658 3744; x_wconf 90' lang='lat' dir='ltr'>omnia</span> <span class='ocrx_word' id='word_1_387' title='bbox 1685 3704 1784 3742; x_wconf 89' lang='lat' dir='ltr'>sua</span> <span class='ocrx_word' id='word_1_388' title='bbox 1810 3687 1890 3741; x_wconf 91' lang='lat' dir='ltr'>eis</span> <span class='ocrx_word' id='word_1_389' title='bbox 1929 3693 1983 3740; x_wconf 89' lang='lat' dir='ltr'>et</span> <span class='ocrx_word' id='word_1_390' title='bbox 2009 3686 2128 3740; x_wconf 93' lang='lat' dir='ltr'>Ec-</span> 
     </span>
    </p>
   </div>
   <div class='ocr_carea' id='block_1_55' title="bbox 529 3778 2041 3850">
    <p class='ocr_par' dir='ltr' id='par_1_55' title="bbox 529 3778 2041 3850">
     <span class='ocr_line' id='line_1_55' title="bbox 529 3778 2041 3850; baseline -0.005 -13"><span class='ocrx_word' id='word_1_391' title='bbox 529 3782 714 3839; x_wconf 89' lang='lat' dir='ltr'>clesiis</span> <span class='ocrx_word' id='word_1_392' title='bbox 739 3797 930 3835; x_wconf 87' lang='lat' dir='ltr'>eorum</span> <span class='ocrx_word' id='word_1_393' title='bbox 962 3780 1175 3850; x_wconf 82' lang='lat' dir='ltr'>legibus</span> <span class='ocrx_word' id='word_1_394' title='bbox 1204 3778 1555 3850; x_wconf 83' lang='lat' dir='ltr'>integerrime</span> <span class='ocrx_word' id='word_1_395' title='bbox 1587 3782 1983 3832; x_wconf 89' lang='lat' dir='ltr'>restaurentur.</span> <span class='ocrx_word' id='word_1_396' title='bbox 2024 3797 2041 3820; x_wconf 77' lang='grc' dir='ltr'><strong><em>ι</em></strong></span> 
     </span>
    </p>
   </div>
   <div class='ocr_carea' id='block_1_56' title="bbox 532 3887 2126 3968">
    <p class='ocr_par' dir='ltr' id='par_1_56' title="bbox 532 3887 2126 3968">
     <span class='ocr_line' id='line_1_56' title="bbox 532 3887 2126 3968; baseline -0.01 -12"><span class='ocrx_word' id='word_1_397' title='bbox 532 3901 623 3956; x_wconf 68' lang='lat' dir='ltr'>Ea:</span> <span class='ocrx_word' id='word_1_398' title='bbox 666 3897 888 3968; x_wconf 86' lang='lat' dir='ltr'>epistola</span> <span class='ocrx_word' id='word_1_399' title='bbox 926 3896 1062 3951; x_wconf 83' lang='lat' dir='ltr'>Julii</span> <span class='ocrx_word' id='word_1_400' title='bbox 1086 3913 1262 3966; x_wconf 67' lang='lat' dir='ltr'>papa,</span> <span class='ocrx_word' id='word_1_401' title='bbox 1297 3911 1437 3968; x_wconf 63' lang='lat' dir='ltr'>quia</span> <span class='ocrx_word' id='word_1_402' title='bbox 1458 3893 1565 3961; x_wconf 77' lang='lat' dir='ltr'>fuit</span> <span class='ocrx_word' id='word_1_403' title='bbox 1594 3890 1847 3968; x_wconf 70' lang='lat' dir='ltr'>rescripta</span> <span class='ocrx_word' id='word_1_404' title='bbox 1876 3887 2126 3968; x_wconf 61' lang='lat' dir='ltr'>Eusebio,</span> 
     </span>
    </p>
   </div>
   <div class='ocr_carea' id='block_1_57' title="bbox 611 3960 2131 4037">
    <p class='ocr_par' dir='ltr' id='par_1_57' title="bbox 611 3960 2131 4037">
     <span class='ocr_line' id='line_1_57' title="bbox 611 3960 2131 4037; baseline -0.009 -12"><span class='ocrx_word' id='word_1_405' title='bbox 611 3960 889 4037; x_wconf 60' lang='lat' dir='ltr'>Thbognio,</span> <span class='ocrx_word' id='word_1_406' title='bbox 919 3960 1208 4032; x_wconf 74' lang='lat' dir='ltr'>Theodoro,</span> <span class='ocrx_word' id='word_1_407' title='bbox 1230 3960 1291 4019; x_wconf 85' lang='lat' dir='ltr'>ac</span> <span class='ocrx_word' id='word_1_408' title='bbox 1305 3960 1549 4027; x_wconf 73' lang='lat' dir='ltr'>Beriuto,</span> <span class='ocrx_word' id='word_1_409' title='bbox 1566 3968 1613 4016; x_wconf 85' lang='lat' dir='ltr'>et</span> <span class='ocrx_word' id='word_1_410' title='bbox 1634 3961 1852 4037; x_wconf 75' lang='lat' dir='ltr'>reliquis</span> <span class='ocrx_word' id='word_1_411' title='bbox 1877 3960 2131 4037; x_wconf 10' lang='lat' dir='ltr'>Urienta—i</span> 
     </span>
    </p>
   </div>
   <div class='ocr_carea' id='block_1_58' title="bbox 609 4033 2134 4107">
    <p class='ocr_par' dir='ltr' id='par_1_58' title="bbox 609 4033 2134 4107">
     <span class='ocr_line' id='line_1_58' title="bbox 609 4033 2134 4107; baseline -0.007 -14"><span class='ocrx_word' id='word_1_412' title='bbox 609 4033 766 4094; x_wconf 52' lang='lat' dir='ltr'>libus&#39;</span> <span class='ocrx_word' id='word_1_413' title='bbox 794 4037 1068 4107; x_wconf 80' lang='lat' dir='ltr'>episcopis,</span> <span class='ocrx_word' id='word_1_414' title='bbox 1124 4039 1348 4106; x_wconf 82' lang='lat' dir='ltr'>culpans</span> <span class='ocrx_word' id='word_1_415' title='bbox 1375 4051 1458 4088; x_wconf 85' lang='lat' dir='ltr'>eos</span> <span class='ocrx_word' id='word_1_416' title='bbox 1510 4033 1653 4103; x_wconf 87' lang='lat' dir='ltr'>quod-</span> <span class='ocrx_word' id='word_1_417' title='bbox 1691 4033 2048 4107; x_wconf 80' lang='lat' dir='ltr'>Athauasimn</span> <span class='ocrx_word' id='word_1_418' title='bbox 2072 4036 2134 4107; x_wconf 59' lang='lat' dir='ltr'>et</span> 
     </span>
    </p>
   </div>
   <div class='ocr_carea' id='block_1_59' title="bbox 605 4100 2133 4186">
    <p class='ocr_par' dir='ltr' id='par_1_59' title="bbox 605 4100 2133 4186">
     <span class='ocr_line' id='line_1_59' title="bbox 605 4100 2133 4186; baseline -0.006 -23"><span class='ocrx_word' id='word_1_419' title='bbox 605 4100 861 4186; x_wconf 51' lang='lat' dir='ltr'>Paulum,</span> <span class='ocrx_word' id='word_1_420' title='bbox 907 4100 1496 4186; x_wconf 50' lang='lat' dir='ltr'>cceiei5osque&#39;_sequaces</span> <span class='ocrx_word' id='word_1_421' title='bbox 1517 4100 1743 4170; x_wconf 51' lang='lat' dir='ltr'>eorum,</span> <span class='ocrx_word' id='word_1_422' title='bbox 1774 4103 1968 4172; x_wconf 86' lang='lat' dir='ltr'>absque</span> <span class='ocrx_word' id='word_1_423' title='bbox 1995 4100 2133 4155; x_wconf 81' lang='lat' dir='ltr'>sedis</span> 
     </span>
    </p>
   </div>
   <div class='ocr_carea' id='block_1_60' title="bbox 604 4173 2131 4250">
    <p class='ocr_par' dir='ltr' id='par_1_60' title="bbox 604 4173 2131 4250">
     <span class='ocr_line' id='line_1_60' title="bbox 604 4173 2131 4250; baseline -0.006 -16"><span class='ocrx_word' id='word_1_424' title='bbox 604 4173 907 4250; x_wconf 79' lang='lat' dir='ltr'>apostolij</span> <span class='ocrx_word' id='word_1_425' title='bbox 928 4173 1171 4233; x_wconf 70' lang='lat' dir='ltr'>consultu</span> <span class='ocrx_word' id='word_1_426' title='bbox 1209 4173 1486 4250; x_wconf 78' lang='lat' dir='ltr'>daniuare,</span> <span class='ocrx_word' id='word_1_427' title='bbox 1517 4182 1565 4230; x_wconf 91' lang='lat' dir='ltr'>et</span> <span class='ocrx_word' id='word_1_428' title='bbox 1590 4193 1624 4230; x_wconf 90' lang='lat' dir='ltr'>a</span> <span class='ocrx_word' id='word_1_429' title='bbox 1652 4174 1894 4246; x_wconf 79' lang='lat' dir='ltr'>propriis</span> <span class='ocrx_word' id='word_1_430' title='bbox 1925 4173 2131 4250; x_wconf 75' lang='lat' dir='ltr'>sedibus</span> 
     </span>
    </p>
   </div>
   <div class='ocr_carea' id='block_1_61' title="bbox 599 4245 2131 4322">
    <p class='ocr_par' dir='ltr' id='par_1_61' title="bbox 599 4245 2131 4322">
     <span class='ocr_line' id='line_1_61' title="bbox 599 4245 2131 4322; baseline -0.005 -18"><span class='ocrx_word' id='word_1_431' title='bbox 599 4245 1007 4322; x_wconf 68' lang='lat' dir='ltr'>pellere,contra</span> <span class='ocrx_word' id='word_1_432' title='bbox 1027 4249 1327 4305; x_wconf 85' lang='lat' dir='ltr'>canonicam</span> <span class='ocrx_word' id='word_1_433' title='bbox 1344 4245 1727 4320; x_wconf 68' lang='lat' dir='ltr'>praesumpsere</span> <span class='ocrx_word' id='word_1_434' title='bbox 1745 4245 2131 4300; x_wconf 82' lang='lat' dir='ltr'>auctoritatem.</span> 
     </span>
    </p>
   </div>
   <div class='ocr_carea' id='block_1_62' title="bbox 608 4350 2137 4429">
    <p class='ocr_par' dir='ltr' id='par_1_62' title="bbox 608 4350 2137 4429">
     <span class='ocr_line' id='line_1_62' title="bbox 608 4350 2137 4429; baseline -0.005 -18"><span class='ocrx_word' id='word_1_435' title='bbox 608 4356 806 4429; x_wconf 83' lang='lat' dir='ltr'>(Epist.</span> <span class='ocrx_word' id='word_1_436' title='bbox 835 4355 921 4425; x_wconf 84' lang='grc'>11,</span> <span class='ocrx_word' id='word_1_437' title='bbox 954 4357 1026 4411; x_wconf 87' lang='lat' dir='ltr'>ad</span> <span class='ocrx_word' id='word_1_438' title='bbox 1048 4356 1390 4425; x_wconf 73' lang='lat' dir='ltr'>Orientales.)</span> <span class='ocrx_word' id='word_1_439' title='bbox 1426 4378 1444 4401; x_wconf 76' lang='grc' dir='ltr'>ι</span> <span class='ocrx_word' id='word_1_440' title='bbox 1466 4357 1737 4409; x_wconf 91' lang='lat' dir='ltr'>Decuerat</span> <span class='ocrx_word' id='word_1_441' title='bbox 1760 4368 1857 4407; x_wconf 88' lang='lat' dir='ltr'>vos</span> <span class='ocrx_word' id='word_1_442' title='bbox 1872 4350 2137 4405; x_wconf 89' lang='lat' dir='ltr'>adversus</span> 
     </span>
    </p>
   </div>
   <div class='ocr_carea' id='block_1_63' title="bbox 541 4438 2136 4515">
    <p class='ocr_par' dir='ltr' id='par_1_63' title="bbox 541 4438 2136 4515">
     <span class='ocr_line' id='line_1_63' title="bbox 541 4438 2136 4515; baseline -0.006 -14"><span class='ocrx_word' id='word_1_443' title='bbox 541 4451 785 4501; x_wconf 87' lang='lat' dir='ltr'>sanctam</span> <span class='ocrx_word' id='word_1_444' title='bbox 814 4445 1120 4501; x_wconf 81' lang='lat' dir='ltr'>Romanam</span> <span class='ocrx_word' id='word_1_445' title='bbox 1150 4451 1205 4498; x_wconf 92' lang='lat' dir='ltr'>et</span> <span class='ocrx_word' id='word_1_446' title='bbox 1232 4442 1591 4515; x_wconf 88' lang='lat' dir='ltr'>apostolicam</span> <span class='ocrx_word' id='word_1_447' title='bbox 1610 4441 1914 4497; x_wconf 84' lang='lat' dir='ltr'>Ecclesiam</span> <span class='ocrx_word' id='word_1_448' title='bbox 1947 4438 2136 4494; x_wconf 89' lang='lat' dir='ltr'>limate</span> 
     </span>
    </p>
   </div>
   <div class='ocr_carea' id='block_1_64' title="bbox 536 4530 2136 4605">
    <p class='ocr_par' dir='ltr' id='par_1_64' title="bbox 536 4530 2136 4605">
     <span class='ocr_line' id='line_1_64' title="bbox 536 4530 2136 4605; baseline -0.004 -16"><span class='ocrx_word' id='word_1_449' title='bbox 536 4542 590 4590; x_wconf 93' lang='lat' dir='ltr'>et</span> <span class='ocrx_word' id='word_1_450' title='bbox 618 4550 730 4589; x_wconf 87' lang='lat' dir='ltr'>non</span> <span class='ocrx_word' id='word_1_451' title='bbox 759 4534 971 4589; x_wconf 86' lang='lat' dir='ltr'>ironice</span> <span class='ocrx_word' id='word_1_452' title='bbox 1002 4533 1175 4605; x_wconf 86' lang='lat' dir='ltr'>loqui,</span> <span class='ocrx_word' id='word_1_453' title='bbox 1209 4533 1469 4605; x_wconf 88' lang='lat' dir='ltr'>quoniam</span> <span class='ocrx_word' id='word_1_454' title='bbox 1509 4542 1569 4588; x_wconf 89' lang='lat' dir='ltr'>et</span> <span class='ocrx_word' id='word_1_455' title='bbox 1597 4531 1714 4603; x_wconf 92' lang='lat' dir='ltr'>ipse</span> <span class='ocrx_word' id='word_1_456' title='bbox 1743 4530 2013 4587; x_wconf 86' lang='lat' dir='ltr'>Dominus</span> <span class='ocrx_word' id='word_1_457' title='bbox 2042 4544 2136 4583; x_wconf 86' lang='lat' dir='ltr'>no-</span> 
     </span>
    </p>
   </div>
   <div class='ocr_carea' id='block_1_65' title="bbox 538 4618 2135 4680">
    <p class='ocr_par' dir='ltr' id='par_1_65' title="bbox 538 4618 2135 4680">
     <span class='ocr_line' id='line_1_65' title="bbox 538 4618 2135 4680; baseline -0.006 0"><span class='ocrx_word' id='word_1_458' title='bbox 538 4632 648 4680; x_wconf 90' lang='lat' dir='ltr'>ster</span> <span class='ocrx_word' id='word_1_459' title='bbox 675 4622 831 4678; x_wconf 75' lang='lat' dir='ltr'>Iesus</span> <span class='ocrx_word' id='word_1_460' title='bbox 861 4623 1114 4679; x_wconf 86' lang='lat' dir='ltr'>Christus</span> <span class='ocrx_word' id='word_1_461' title='bbox 1158 4638 1275 4677; x_wconf 87' lang='lat' dir='ltr'>eam</span> <span class='ocrx_word' id='word_1_462' title='bbox 1311 4623 1568 4678; x_wconf 89' lang='lat' dir='ltr'>decenter</span> <span class='ocrx_word' id='word_1_463' title='bbox 1596 4622 1869 4676; x_wconf 88' lang='lat' dir='ltr'>allocutus</span> <span class='ocrx_word' id='word_1_464' title='bbox 1897 4618 1975 4672; x_wconf 85' lang='lat' dir='ltr'>ait</span> <span class='ocrx_word' id='word_1_465' title='bbox 2004 4633 2015 4671; x_wconf 91' lang='lat'>:</span> <span class='ocrx_word' id='word_1_466' title='bbox 2058 4618 2135 4671; x_wconf 89' lang='lat' dir='ltr'>Tu</span> 
     </span>
    </p>
   </div>
   <div class='ocr_carea' id='block_1_66' title="bbox 538 4707 2134 4783">
    <p class='ocr_par' dir='ltr' id='par_1_66' title="bbox 538 4707 2134 4783">
     <span class='ocr_line' id='line_1_66' title="bbox 538 4707 2134 4783; baseline -0.004 -15"><span class='ocrx_word' id='word_1_467' title='bbox 538 4732 611 4780; x_wconf 83' lang='lat' dir='ltr'>es,</span> <span class='ocrx_word' id='word_1_468' title='bbox 668 4713 870 4783; x_wconf 87' lang='lat' dir='ltr'>inquit,</span> <span class='ocrx_word' id='word_1_469' title='bbox 919 4715 1129 4780; x_wconf 86' lang='lat' dir='ltr'>Petrus,</span> <span class='ocrx_word' id='word_1_470' title='bbox 1172 4719 1220 4766; x_wconf 88' lang='lat' dir='ltr'>et</span> <span class='ocrx_word' id='word_1_471' title='bbox 1267 4729 1424 4783; x_wconf 87' lang='lat' dir='ltr'>super</span> <span class='ocrx_word' id='word_1_472' title='bbox 1464 4713 1598 4766; x_wconf 87' lang='lat' dir='ltr'>hanc</span> <span class='ocrx_word' id='word_1_473' title='bbox 1618 4718 1829 4782; x_wconf 85' lang='lat' dir='ltr'>petram</span> <span class='ocrx_word' id='word_1_474' title='bbox 1866 4707 2134 4779; x_wconf 67' lang='lat' dir='ltr'>aedificabo</span> 
     </span>
    </p>
   </div>
   <div class='ocr_carea' id='block_1_67' title="bbox 538 4798 2141 4870">
    <p class='ocr_par' dir='ltr' id='par_1_67' title="bbox 538 4798 2141 4870">
     <span class='ocr_line' id='line_1_67' title="bbox 538 4798 2141 4870; baseline -0.006 -12"><span class='ocrx_word' id='word_1_475' title='bbox 538 4800 828 4858; x_wconf 83' lang='lat' dir='ltr'>Ecclesium</span> <span class='ocrx_word' id='word_1_476' title='bbox 874 4816 1081 4863; x_wconf 85' lang='lat' dir='ltr'>meam;</span> <span class='ocrx_word' id='word_1_477' title='bbox 1129 4806 1175 4853; x_wconf 85' lang='lat' dir='ltr'>et</span> <span class='ocrx_word' id='word_1_478' title='bbox 1224 4806 1394 4870; x_wconf 72' lang='lat' dir='ltr'>portae</span> <span class='ocrx_word' id='word_1_479' title='bbox 1422 4798 1586 4868; x_wconf 75' lang='lat' dir='ltr'>inferi</span> <span class='ocrx_word' id='word_1_480' title='bbox 1630 4816 1736 4852; x_wconf 79' lang='lat' dir='ltr'>non</span> <span class='ocrx_word' id='word_1_481' title='bbox 1776 4798 2141 4868; x_wconf 65' lang='lat' dir='ltr'>praevalebunt</span> 
     </span>
    </p>
   </div>
   <div class='ocr_carea' id='block_1_68' title="bbox 537 4884 2139 4954">
    <p class='ocr_par' dir='ltr' id='par_1_68' title="bbox 537 4884 2139 4954">
     <span class='ocr_line' id='line_1_68' title="bbox 537 4884 2139 4954; baseline -0.005 -9"><span class='ocrx_word' id='word_1_482' title='bbox 537 4888 794 4945; x_wconf 77' lang='lat' dir='ltr'>adversus</span> <span class='ocrx_word' id='word_1_483' title='bbox 844 4904 976 4941; x_wconf 87' lang='lat' dir='ltr'>eam.</span> <span class='ocrx_word' id='word_1_484' title='bbox 1019 4888 1095 4941; x_wconf 88' lang='lat' dir='ltr'>Et</span> <span class='ocrx_word' id='word_1_485' title='bbox 1140 4887 1231 4941; x_wconf 83' lang='lat' dir='ltr'>tibi</span> <span class='ocrx_word' id='word_1_486' title='bbox 1286 4887 1420 4941; x_wconf 85' lang='lat' dir='ltr'>dabo</span> <span class='ocrx_word' id='word_1_487' title='bbox 1469 4888 1637 4939; x_wconf 84' lang='lat' dir='ltr'>claves</span> <span class='ocrx_word' id='word_1_488' title='bbox 1688 4885 1836 4954; x_wconf 83' lang='lat' dir='ltr'>regni</span> <span class='ocrx_word' id='word_1_489' title='bbox 1887 4884 2139 4938; x_wconf 80' lang='lat' dir='ltr'>cwlorum</span> 
     </span>
    </p>
   </div>
   <div class='ocr_carea' id='block_1_69' title="bbox 543 4968 2138 5049">
    <p class='ocr_par' dir='ltr' id='par_1_69' title="bbox 543 4968 2138 5049">
     <span class='ocr_line' id='line_1_69' title="bbox 543 4968 2138 5049; baseline -0.008 -15"><span class='ocrx_word' id='word_1_490' title='bbox 543 4976 759 5049; x_wconf 86' lang='lat' dir='ltr'>(Matth.</span> <span class='ocrx_word' id='word_1_491' title='bbox 793 4991 913 5040; x_wconf 79' lang='lat' dir='ltr'>xvr,</span> <span class='ocrx_word' id='word_1_492' title='bbox 948 4974 1061 5045; x_wconf 78' lang='lat' dir='ltr'>l8).</span> <span class='ocrx_word' id='word_1_493' title='bbox 1111 4973 1284 5029; x_wconf 88' lang='lat' dir='ltr'>Habet</span> <span class='ocrx_word' id='word_1_494' title='bbox 1312 4974 1462 5029; x_wconf 88' lang='lat' dir='ltr'>enim</span> <span class='ocrx_word' id='word_1_495' title='bbox 1494 4979 1838 5044; x_wconf 88' lang='lat' dir='ltr'>potestatem,</span> <span class='ocrx_word' id='word_1_496' title='bbox 1871 4968 2138 5041; x_wconf 79' lang='lat' dir='ltr'>singulari</span> 
     </span>
    </p>
   </div>
   <div class='ocr_carea' id='block_1_70' title="bbox 540 5060 2139 5139">
    <p class='ocr_par' dir='ltr' id='par_1_70' title="bbox 540 5060 2139 5139">
     <span class='ocr_line' id='line_1_70' title="bbox 540 5060 2139 5139; baseline -0.004 -18"><span class='ocrx_word' id='word_1_497' title='bbox 540 5065 836 5139; x_wconf 86' lang='lat' dir='ltr'>privilegio</span> <span class='ocrx_word' id='word_1_498' title='bbox 858 5064 964 5120; x_wconf 91' lang='lat' dir='ltr'>sibi</span> <span class='ocrx_word' id='word_1_499' title='bbox 986 5079 1322 5131; x_wconf 85' lang='lat' dir='ltr'>concessam,</span> <span class='ocrx_word' id='word_1_500' title='bbox 1352 5064 1563 5135; x_wconf 89' lang='lat' dir='ltr'>aperire</span> <span class='ocrx_word' id='word_1_501' title='bbox 1584 5071 1638 5118; x_wconf 88' lang='lat' dir='ltr'>et</span> <span class='ocrx_word' id='word_1_502' title='bbox 1660 5061 1916 5117; x_wconf 83' lang='lat' dir='ltr'>claudere</span> <span class='ocrx_word' id='word_1_503' title='bbox 1940 5060 2139 5131; x_wconf 90' lang='lat' dir='ltr'>januas</span> 
     </span>
    </p>
   </div>
   <div class='ocr_carea' id='block_1_71' title="bbox 542 5151 2142 5226">
    <p class='ocr_par' dir='ltr' id='par_1_71' title="bbox 542 5151 2142 5226">
     <span class='ocr_line' id='line_1_71' title="bbox 542 5151 2142 5226; baseline -0.005 -13"><span class='ocrx_word' id='word_1_504' title='bbox 542 5156 780 5213; x_wconf 62' lang='lat' dir='ltr'>caelestis</span> <span class='ocrx_word' id='word_1_505' title='bbox 828 5154 981 5226; x_wconf 86' lang='lat' dir='ltr'>regni</span> <span class='ocrx_word' id='word_1_506' title='bbox 1033 5154 1234 5226; x_wconf 89' lang='lat' dir='ltr'>quibus</span> <span class='ocrx_word' id='word_1_507' title='bbox 1277 5154 1533 5209; x_wconf 87' lang='lat' dir='ltr'>voluerit.</span> <span class='ocrx_word' id='word_1_508' title='bbox 1587 5154 1724 5208; x_wconf 86' lang='lat' dir='ltr'>Nam</span> <span class='ocrx_word' id='word_1_509' title='bbox 1777 5154 1822 5208; x_wconf 92' lang='lat' dir='ltr'>si</span> <span class='ocrx_word' id='word_1_510' title='bbox 1856 5152 1905 5207; x_wconf 89' lang='lat' dir='ltr'>ei</span> <span class='ocrx_word' id='word_1_511' title='bbox 1946 5151 2142 5207; x_wconf 90' lang='lat' dir='ltr'>detra-</span> 
     </span>
    </p>
   </div>
   <div class='ocr_carea' id='block_1_72' title="bbox 545 5242 2144 5318">
    <p class='ocr_par' dir='ltr' id='par_1_72' title="bbox 545 5242 2144 5318">
     <span class='ocr_line' id='line_1_72' title="bbox 545 5242 2144 5318; baseline -0.004 -16"><span class='ocrx_word' id='word_1_512' title='bbox 545 5246 696 5315; x_wconf 87' lang='lat' dir='ltr'>here,</span> <span class='ocrx_word' id='word_1_513' title='bbox 744 5263 864 5318; x_wconf 75' lang='lat' dir='ltr'>quae</span> <span class='ocrx_word' id='word_1_514' title='bbox 910 5244 1135 5300; x_wconf 86' lang='lat' dir='ltr'>Domini</span> <span class='ocrx_word' id='word_1_515' title='bbox 1170 5260 1265 5299; x_wconf 90' lang='lat' dir='ltr'>ore</span> <span class='ocrx_word' id='word_1_516' title='bbox 1305 5250 1515 5300; x_wconf 85' lang='lat' dir='ltr'>sacrata</span> <span class='ocrx_word' id='word_1_517' title='bbox 1553 5250 1715 5315; x_wconf 87' lang='lat' dir='ltr'>atque</span> <span class='ocrx_word' id='word_1_518' title='bbox 1740 5242 2144 5314; x_wconf 78' lang='lat' dir='ltr'>superexaltata</span> 
     </span>
    </p>
   </div>
   <div class='ocr_carea' id='block_1_73' title="bbox 545 5331 2144 5430">
    <p class='ocr_par' dir='ltr' id='par_1_73' title="bbox 545 5331 2144 5430">
     <span class='ocr_line' id='line_1_73' title="bbox 545 5331 2144 5430; baseline -0.004 -39"><span class='ocrx_word' id='word_1_519' title='bbox 545 5343 644 5430; x_wconf 81' lang='lat' dir='ltr'>est,</span> <span class='ocrx_word' id='word_1_520' title='bbox 679 5351 789 5389; x_wconf 92' lang='lat' dir='ltr'>non</span> <span class='ocrx_word' id='word_1_521' title='bbox 821 5334 1077 5402; x_wconf 75' lang='lat' dir='ltr'>renuitis,</span> <span class='ocrx_word' id='word_1_522' title='bbox 1129 5349 1230 5390; x_wconf 90' lang='lat' dir='ltr'>nec</span> <span class='ocrx_word' id='word_1_523' title='bbox 1278 5333 1481 5388; x_wconf 90' lang='lat' dir='ltr'>mirum</span> <span class='ocrx_word' id='word_1_524' title='bbox 1524 5333 1571 5389; x_wconf 92' lang='lat' dir='ltr'>si</span> <span class='ocrx_word' id='word_1_525' title='bbox 1606 5331 1870 5387; x_wconf 81' lang='lat' dir='ltr'>fratribus</span> <span class='ocrx_word' id='word_1_526' title='bbox 1903 5331 2144 5401; x_wconf 89' lang='lat' dir='ltr'>irrogare</span> 
     </span>
    </p>
   </div>
   <div class='ocr_carea' id='block_1_74' title="bbox 548 5420 2142 5492">
    <p class='ocr_par' dir='ltr' id='par_1_74' title="bbox 548 5420 2142 5492">
     <span class='ocr_line' id='line_1_74' title="bbox 548 5420 2142 5492; baseline -0.001 -19"><span class='ocrx_word' id='word_1_527' title='bbox 548 5421 779 5492; x_wconf 84' lang='lat' dir='ltr'>injurias</span> <span class='ocrx_word' id='word_1_528' title='bbox 809 5424 1036 5479; x_wconf 89' lang='lat' dir='ltr'>minime</span> <span class='ocrx_word' id='word_1_529' title='bbox 1063 5422 1307 5478; x_wconf 86' lang='lat' dir='ltr'>cessatis.</span> <span class='ocrx_word' id='word_1_530' title='bbox 1354 5421 1505 5477; x_wconf 87' lang='lat' dir='ltr'>Unde</span> <span class='ocrx_word' id='word_1_531' title='bbox 1528 5420 1643 5492; x_wconf 86' lang='lat' dir='ltr'>jam</span> <span class='ocrx_word' id='word_1_532' title='bbox 1674 5420 1896 5476; x_wconf 89' lang='lat' dir='ltr'>silentio</span> <span class='ocrx_word' id='word_1_533' title='bbox 1925 5433 2037 5472; x_wconf 90' lang='lat' dir='ltr'>non</span> <span class='ocrx_word' id='word_1_534' title='bbox 2069 5425 2142 5471; x_wconf 91' lang='lat' dir='ltr'>te-</span> 
     </span>
    </p>
   </div>
   <div class='ocr_carea' id='block_1_75' title="bbox 548 5509 2145 5581">
    <p class='ocr_par' dir='ltr' id='par_1_75' title="bbox 548 5509 2145 5581">
     <span class='ocr_line' id='line_1_75' title="bbox 548 5509 2145 5581; baseline -0.002 -21"><span class='ocrx_word' id='word_1_535' title='bbox 548 5516 771 5577; x_wconf 87' lang='lat' dir='ltr'>guntur,</span> <span class='ocrx_word' id='word_1_536' title='bbox 793 5527 912 5581; x_wconf 82' lang='lat' dir='ltr'>quae</span> <span class='ocrx_word' id='word_1_537' title='bbox 939 5520 1120 5568; x_wconf 88' lang='lat' dir='ltr'>vestro</span> <span class='ocrx_word' id='word_1_538' title='bbox 1141 5511 1200 5566; x_wconf 89' lang='lat' dir='ltr'>in</span> <span class='ocrx_word' id='word_1_539' title='bbox 1215 5510 1454 5568; x_wconf 90' lang='lat' dir='ltr'>concilio</span> <span class='ocrx_word' id='word_1_540' title='bbox 1478 5509 1821 5567; x_wconf 89' lang='lat' dir='ltr'>turbulenter</span> <span class='ocrx_word' id='word_1_541' title='bbox 1836 5514 2002 5578; x_wconf 89' lang='lat' dir='ltr'>atque</span> <span class='ocrx_word' id='word_1_542' title='bbox 2018 5520 2145 5560; x_wconf 90' lang='lat' dir='ltr'>cum</span> 
     </span>
    </p>
   </div>
   <div class='ocr_carea' id='block_1_76' title="bbox 548 5593 2145 5673">
    <p class='ocr_par' dir='ltr' id='par_1_76' title="bbox 548 5593 2145 5673">
     <span class='ocr_line' id='line_1_76' title="bbox 548 5593 2145 5673; baseline -0.003 -21"><span class='ocrx_word' id='word_1_543' title='bbox 548 5603 868 5668; x_wconf 81' lang='lat' dir='ltr'>tempestate</span> <span class='ocrx_word' id='word_1_544' title='bbox 919 5602 1137 5661; x_wconf 86' lang='lat' dir='ltr'>decreta</span> <span class='ocrx_word' id='word_1_545' title='bbox 1188 5609 1336 5661; x_wconf 90' lang='lat' dir='ltr'>sunt.</span> <span class='ocrx_word' id='word_1_546' title='bbox 1382 5605 1623 5673; x_wconf 87' lang='lat' dir='ltr'>Apparet</span> <span class='ocrx_word' id='word_1_547' title='bbox 1675 5599 1824 5656; x_wconf 91' lang='lat' dir='ltr'>enim</span> <span class='ocrx_word' id='word_1_548' title='bbox 1881 5593 2145 5669; x_wconf 87' lang='lat' dir='ltr'>quoniam</span> 
     </span>
    </p>
   </div>
   <div class='ocr_carea' id='block_1_77' title="bbox 2168 4475 2218 4533">
    <p class='ocr_par' dir='ltr' id='par_1_77' title="bbox 2168 4475 2218 4533">
     <span class='ocr_line' id='line_1_77' title="bbox 2168 4475 2218 4533; baseline 0 0"><span class='ocrx_word' id='word_1_549' title='bbox 2168 4475 2218 4533; x_wconf 93' lang='lat' dir='ltr'>D</span> 
     </span>
    </p>
   </div>
   <div class='ocr_carea' id='block_1_78' title="bbox 2212 1828 3801 1906">
    <p class='ocr_par' dir='ltr' id='par_1_78' title="bbox 2212 1828 3801 1906">
     <span class='ocr_line' id='line_1_78' title="bbox 2212 1828 3801 1906; baseline -0.014 1"><span class='ocrx_word' id='word_1_550' title='bbox 2212 1828 2425 1906; x_wconf 81' lang='lat' dir='ltr'>menses</span> <span class='ocrx_word' id='word_1_551' title='bbox 2474 1828 2685 1902; x_wconf 81' lang='lat' dir='ltr'>Nicami</span> <span class='ocrx_word' id='word_1_552' title='bbox 2716 1838 2965 1906; x_wconf 88' lang='lat' dir='ltr'>concilii,</span> <span class='ocrx_word' id='word_1_553' title='bbox 3001 1832 3515 1892; x_wconf 82' lang='lat' dir='ltr'>Alexandrinorum</span> <span class='ocrx_word' id='word_1_554' title='bbox 3546 1828 3801 1884; x_wconf 59' lang='lat' dir='ltr'>Ecclesiae</span> 
     </span>
    </p>
   </div>
   <div class='ocr_carea' id='block_1_79' title="bbox 2212 1916 3803 2006">
    <p class='ocr_par' dir='ltr' id='par_1_79' title="bbox 2212 1916 3803 2006">
     <span class='ocr_line' id='line_1_79' title="bbox 2212 1916 3803 2006; baseline -0.016 -12"><span class='ocrx_word' id='word_1_555' title='bbox 2212 1934 2452 2006; x_wconf 89' lang='lat' dir='ltr'>suscepit</span> <span class='ocrx_word' id='word_1_556' title='bbox 2483 1930 2859 2004; x_wconf 66' lang='lat' dir='ltr'>praesulatum.</span> <span class='ocrx_word' id='word_1_557' title='bbox 2894 1924 3178 1981; x_wconf 81' lang='lat' dir='ltr'>Adversus</span> <span class='ocrx_word' id='word_1_558' title='bbox 3197 1934 3356 1993; x_wconf 89' lang='lat' dir='ltr'>quem</span> <span class='ocrx_word' id='word_1_559' title='bbox 3385 1916 3617 1988; x_wconf 87' lang='lat' dir='ltr'>ejusque</span> <span class='ocrx_word' id='word_1_560' title='bbox 3647 1922 3803 1970; x_wconf 86' lang='lat' dir='ltr'>secta-</span> 
     </span>
    </p>
   </div>
   <div class='ocr_carea' id='block_1_80' title="bbox 2213 2004 3802 2083">
    <p class='ocr_par' dir='ltr' id='par_1_80' title="bbox 2213 2004 3802 2083">
     <span class='ocr_line' id='line_1_80' title="bbox 2213 2004 3802 2083; baseline -0.014 -2"><span class='ocrx_word' id='word_1_561' title='bbox 2213 2035 2358 2083; x_wconf 89' lang='lat' dir='ltr'>tores</span> <span class='ocrx_word' id='word_1_562' title='bbox 2372 2004 2562 2078; x_wconf 23' lang='lat' dir='ltr'>Wmulta</span> <span class='ocrx_word' id='word_1_563' title='bbox 2590 2015 2874 2073; x_wconf 90' lang='lat' dir='ltr'>mendacia</span> <span class='ocrx_word' id='word_1_564' title='bbox 2906 2020 3175 2078; x_wconf 81' lang='lat' dir='ltr'>texentes,</span> <span class='ocrx_word' id='word_1_565' title='bbox 3214 2015 3269 2064; x_wconf 89' lang='lat' dir='ltr'>et</span> <span class='ocrx_word' id='word_1_566' title='bbox 3312 2005 3490 2062; x_wconf 89' lang='lat' dir='ltr'>nudas</span> <span class='ocrx_word' id='word_1_567' title='bbox 3539 2004 3704 2059; x_wconf 88' lang='lat' dir='ltr'>valde</span> <span class='ocrx_word' id='word_1_568' title='bbox 3729 2020 3802 2059; x_wconf 81' lang='lat' dir='ltr'>ca-</span> 
     </span>
    </p>
   </div>
   <div class='ocr_carea' id='block_1_81' title="bbox 2216 2098 3801 2182">
    <p class='ocr_par' dir='ltr' id='par_1_81' title="bbox 2216 2098 3801 2182">
     <span class='ocr_line' id='line_1_81' title="bbox 2216 2098 3801 2182; baseline -0.015 -11"><span class='ocrx_word' id='word_1_569' title='bbox 2216 2113 2456 2171; x_wconf 91' lang='lat' dir='ltr'>lumnias</span> <span class='ocrx_word' id='word_1_570' title='bbox 2514 2108 2669 2182; x_wconf 85' lang='lat' dir='ltr'>quasi</span> <span class='ocrx_word' id='word_1_571' title='bbox 2735 2121 2892 2161; x_wconf 88' lang='lat' dir='ltr'>veras</span> <span class='ocrx_word' id='word_1_572' title='bbox 2953 2098 3332 2158; x_wconf 85' lang='lat' dir='ltr'>accusationes</span> <span class='ocrx_word' id='word_1_573' title='bbox 3395 2102 3801 2165; x_wconf 83' lang='lat' dir='ltr'>componentes,</span> 
     </span>
    </p>
   </div>
   <div class='ocr_carea' id='block_1_82' title="bbox 2220 2192 3805 2259">
    <p class='ocr_par' dir='ltr' id='par_1_82' title="bbox 2220 2192 3805 2259">
     <span class='ocr_line' id='line_1_82' title="bbox 2220 2192 3805 2259; baseline -0.016 0"><span class='ocrx_word' id='word_1_574' title='bbox 2220 2203 2521 2259; x_wconf 90' lang='lat' dir='ltr'>multorum</span> <span class='ocrx_word' id='word_1_575' title='bbox 2553 2198 2825 2254; x_wconf 90' lang='lat' dir='ltr'>malorum</span> <span class='ocrx_word' id='word_1_576' title='bbox 2854 2208 2978 2247; x_wconf 90' lang='lat' dir='ltr'>eum</span> <span class='ocrx_word' id='word_1_577' title='bbox 3010 2203 3231 2246; x_wconf 89' lang='lat' dir='ltr'>causam</span> <span class='ocrx_word' id='word_1_578' title='bbox 3262 2192 3317 2240; x_wconf 85' lang='lat' dir='ltr'>et</span> <span class='ocrx_word' id='word_1_579' title='bbox 3344 2192 3512 2255; x_wconf 87' lang='lat' dir='ltr'>caput</span> <span class='ocrx_word' id='word_1_580' title='bbox 3540 2198 3660 2237; x_wconf 86' lang='lat' dir='ltr'>esse</span> <span class='ocrx_word' id='word_1_581' title='bbox 3689 2198 3805 2253; x_wconf 84' lang='lat' dir='ltr'>per-</span> 
     </span>
    </p>
   </div>
   <div class='ocr_carea' id='block_1_83' title="bbox 2219 2270 3805 2350">
    <p class='ocr_par' dir='ltr' id='par_1_83' title="bbox 2219 2270 3805 2350">
     <span class='ocr_line' id='line_1_83' title="bbox 2219 2270 3805 2350; baseline -0.016 -1"><span class='ocrx_word' id='word_1_582' title='bbox 2219 2291 2513 2348; x_wconf 90' lang='lat' dir='ltr'>hibuistis:</span> <span class='ocrx_word' id='word_1_583' title='bbox 2553 2295 2606 2343; x_wconf 89' lang='lat' dir='ltr'>et</span> <span class='ocrx_word' id='word_1_584' title='bbox 2636 2302 2748 2341; x_wconf 91' lang='lat' dir='ltr'>non</span> <span class='ocrx_word' id='word_1_585' title='bbox 2797 2282 2975 2339; x_wconf 88' lang='lat' dir='ltr'>solum</span> <span class='ocrx_word' id='word_1_586' title='bbox 3002 2277 3149 2350; x_wconf 88' lang='lat' dir='ltr'>apud</span> <span class='ocrx_word' id='word_1_587' title='bbox 3186 2276 3494 2346; x_wconf 63' lang='lat' dir='ltr'>{Egyptum</span> <span class='ocrx_word' id='word_1_588' title='bbox 3521 2271 3623 2326; x_wconf 88' lang='lat' dir='ltr'>sed</span> <span class='ocrx_word' id='word_1_589' title='bbox 3652 2270 3805 2325; x_wconf 86' lang='lat' dir='ltr'>etiam</span> 
     </span>
    </p>
   </div>
   <div class='ocr_carea' id='block_1_84' title="bbox 2221 2365 3804 2454">
    <p class='ocr_par' dir='ltr' id='par_1_84' title="bbox 2221 2365 3804 2454">
     <span class='ocr_line' id='line_1_84' title="bbox 2221 2365 3804 2454; baseline -0.016 -15"><span class='ocrx_word' id='word_1_590' title='bbox 2221 2382 2364 2454; x_wconf 87' lang='lat' dir='ltr'>apud</span> <span class='ocrx_word' id='word_1_591' title='bbox 2390 2377 2758 2443; x_wconf 77' lang='lat' dir='ltr'>Palaestinam,</span> <span class='ocrx_word' id='word_1_592' title='bbox 2793 2381 2848 2427; x_wconf 89' lang='lat' dir='ltr'>et</span> <span class='ocrx_word' id='word_1_593' title='bbox 2878 2369 3220 2434; x_wconf 66' lang='lat' dir='ltr'>Phoenicem,</span> <span class='ocrx_word' id='word_1_594' title='bbox 3255 2365 3583 2435; x_wconf 87' lang='lat' dir='ltr'>vicinasque</span> <span class='ocrx_word' id='word_1_595' title='bbox 3613 2370 3804 2432; x_wconf 82' lang='lat' dir='ltr'>gentes,</span> 
     </span>
    </p>
   </div>
   <div class='ocr_carea' id='block_1_85' title="bbox 2221 2450 3806 2543">
    <p class='ocr_par' dir='ltr' id='par_1_85' title="bbox 2221 2450 3806 2543">
     <span class='ocr_line' id='line_1_85' title="bbox 2221 2450 3806 2543; baseline -0.016 -15"><span class='ocrx_word' id='word_1_596' title='bbox 2221 2450 2441 2543; x_wconf 78' lang='lat' dir='ltr'>scriptis</span> <span class='ocrx_word' id='word_1_597' title='bbox 2457 2465 2655 2523; x_wconf 80' lang='lat' dir='ltr'>vestris</span> <span class='ocrx_word' id='word_1_598' title='bbox 2671 2464 2828 2518; x_wconf 91' lang='lat' dir='ltr'>illum</span> <span class='ocrx_word' id='word_1_599' title='bbox 2855 2458 3295 2533; x_wconf 89' lang='lat' dir='ltr'>perturbatorem</span> <span class='ocrx_word' id='word_1_600' title='bbox 3313 2469 3429 2509; x_wconf 88' lang='lat' dir='ltr'>esse</span> <span class='ocrx_word' id='word_1_601' title='bbox 3442 2450 3806 2523; x_wconf 83' lang='lat' dir='ltr'>signiﬁcastis.</span> 
     </span>
    </p>
   </div>
   <div class='ocr_carea' id='block_1_86' title="bbox 2223 2541 3810 2629">
    <p class='ocr_par' dir='ltr' id='par_1_86' title="bbox 2223 2541 3810 2629">
     <span class='ocr_line' id='line_1_86' title="bbox 2223 2541 3810 2629; baseline -0.016 -11"><span class='ocrx_word' id='word_1_602' title='bbox 2223 2541 2349 2629; x_wconf 82' lang='lat' dir='ltr'>Qua</span> <span class='ocrx_word' id='word_1_603' title='bbox 2389 2561 2456 2615; x_wconf 92' lang='lat' dir='ltr'>de</span> <span class='ocrx_word' id='word_1_604' title='bbox 2506 2574 2582 2624; x_wconf 92' lang='lat' dir='ltr'>re,</span> <span class='ocrx_word' id='word_1_605' title='bbox 2625 2551 3053 2611; x_wconf 87' lang='lat' dir='ltr'>ecclesiasticam</span> <span class='ocrx_word' id='word_1_606' title='bbox 3086 2554 3374 2619; x_wconf 87' lang='lat' dir='ltr'>sequentes</span> <span class='ocrx_word' id='word_1_607' title='bbox 3404 2541 3677 2613; x_wconf 87' lang='lat' dir='ltr'>regulam,</span> <span class='ocrx_word' id='word_1_608' title='bbox 3726 2555 3810 2593; x_wconf 84' lang='lat' dir='ltr'>vos</span> 
     </span>
    </p>
   </div>
   <div class='ocr_carea' id='block_1_87' title="bbox 2224 2631 3811 2715">
    <p class='ocr_par' dir='ltr' id='par_1_87' title="bbox 2224 2631 3811 2715">
     <span class='ocr_line' id='line_1_87' title="bbox 2224 2631 3811 2715; baseline -0.016 -7"><span class='ocrx_word' id='word_1_609' title='bbox 2224 2660 2277 2709; x_wconf 92' lang='lat' dir='ltr'>et</span> <span class='ocrx_word' id='word_1_610' title='bbox 2308 2651 2436 2706; x_wconf 90' lang='lat' dir='ltr'>illos</span> <span class='ocrx_word' id='word_1_611' title='bbox 2484 2650 2671 2704; x_wconf 80' lang='lat' dir='ltr'>Romae</span> <span class='ocrx_word' id='word_1_612' title='bbox 2722 2642 3049 2715; x_wconf 86' lang='lat' dir='ltr'>regulariter</span> <span class='ocrx_word' id='word_1_613' title='bbox 3078 2638 3144 2693; x_wconf 90' lang='lat' dir='ltr'>ad</span> <span class='ocrx_word' id='word_1_614' title='bbox 3170 2633 3447 2708; x_wconf 88' lang='lat' dir='ltr'>judicium</span> <span class='ocrx_word' id='word_1_615' title='bbox 3476 2631 3569 2687; x_wconf 87' lang='lat' dir='ltr'>die</span> <span class='ocrx_word' id='word_1_616' title='bbox 3600 2636 3811 2692; x_wconf 87' lang='lat' dir='ltr'>statuta,</span> 
     </span>
    </p>
   </div>
   <div class='ocr_carea' id='block_1_88' title="bbox 2227 2720 3813 2807">
    <p class='ocr_par' dir='ltr' id='par_1_88' title="bbox 2227 2720 3813 2807">
     <span class='ocr_line' id='line_1_88' title="bbox 2227 2720 3813 2807; baseline -0.016 -10"><span class='ocrx_word' id='word_1_617' title='bbox 2227 2757 2335 2797; x_wconf 89' lang='lat' dir='ltr'>non</span> <span class='ocrx_word' id='word_1_618' title='bbox 2384 2738 2487 2795; x_wconf 91' lang='lat' dir='ltr'>sub</span> <span class='ocrx_word' id='word_1_619' title='bbox 2518 2742 2752 2807; x_wconf 89' lang='lat' dir='ltr'>angusto</span> <span class='ocrx_word' id='word_1_620' title='bbox 2784 2729 3051 2802; x_wconf 89' lang='lat' dir='ltr'>temporis</span> <span class='ocrx_word' id='word_1_621' title='bbox 3080 2727 3282 2798; x_wconf 82' lang='lat' dir='ltr'>spatio,</span> <span class='ocrx_word' id='word_1_622' title='bbox 3319 2732 3381 2777; x_wconf 89' lang='lat' dir='ltr'>ut</span> <span class='ocrx_word' id='word_1_623' title='bbox 3410 2720 3705 2777; x_wconf 80' lang='lat' dir='ltr'>excusatio</span> <span class='ocrx_word' id='word_1_624' title='bbox 3734 2720 3813 2772; x_wconf 91' lang='lat' dir='ltr'>lo-</span> 
     </span>
    </p>
   </div>
   <div class='ocr_carea' id='block_1_89' title="bbox 2226 2806 3813 2888">
    <p class='ocr_par' dir='ltr' id='par_1_89' title="bbox 2226 2806 3813 2888">
     <span class='ocr_line' id='line_1_89' title="bbox 2226 2806 3813 2888; baseline -0.015 -3"><span class='ocrx_word' id='word_1_625' title='bbox 2226 2847 2351 2887; x_wconf 87' lang='lat' dir='ltr'>cum</span> <span class='ocrx_word' id='word_1_626' title='bbox 2384 2843 2495 2883; x_wconf 89' lang='lat' dir='ltr'>non</span> <span class='ocrx_word' id='word_1_627' title='bbox 2528 2806 2820 2888; x_wconf 85' lang='lat' dir='ltr'>inveniret,</span> <span class='ocrx_word' id='word_1_628' title='bbox 2846 2818 3049 2875; x_wconf 90' lang='lat' dir='ltr'>litterIs</span> <span class='ocrx_word' id='word_1_629' title='bbox 3072 2823 3127 2872; x_wconf 90' lang='lat' dir='ltr'>et</span> <span class='ocrx_word' id='word_1_630' title='bbox 3155 2810 3534 2887; x_wconf 88' lang='lat' dir='ltr'>apocrisiariis</span> <span class='ocrx_word' id='word_1_631' title='bbox 3561 2806 3813 2867; x_wconf 82' lang='lat' dir='ltr'>evocavi-</span> 
     </span>
    </p>
   </div>
   <div class='ocr_carea' id='block_1_90' title="bbox 2228 2898 3810 2986">
    <p class='ocr_par' dir='ltr' id='par_1_90' title="bbox 2228 2898 3810 2986">
     <span class='ocr_line' id='line_1_90' title="bbox 2228 2898 3810 2986; baseline -0.013 -15"><span class='ocrx_word' id='word_1_632' title='bbox 2228 2934 2370 2983; x_wconf 89' lang='lat' dir='ltr'>mus,</span> <span class='ocrx_word' id='word_1_633' title='bbox 2391 2915 2585 2986; x_wconf 88' lang='lat' dir='ltr'>illique</span> <span class='ocrx_word' id='word_1_634' title='bbox 2611 2910 2900 2968; x_wconf 89' lang='lat' dir='ltr'>vocatione</span> <span class='ocrx_word' id='word_1_635' title='bbox 2921 2913 3174 2977; x_wconf 87' lang='lat' dir='ltr'>suscepta</span> <span class='ocrx_word' id='word_1_636' title='bbox 3192 2903 3262 2959; x_wconf 89' lang='lat' dir='ltr'>ad</span> <span class='ocrx_word' id='word_1_637' title='bbox 3282 2904 3431 2958; x_wconf 91' lang='lat' dir='ltr'>diem</span> <span class='ocrx_word' id='word_1_638' title='bbox 3452 2898 3810 2973; x_wconf 83' lang='lat' dir='ltr'>praestitutum</span> 
     </span>
    </p>
   </div>
   <div class='ocr_carea' id='block_1_91' title="bbox 2228 2986 3809 3072">
    <p class='ocr_par' dir='ltr' id='par_1_91' title="bbox 2228 2986 3809 3072">
     <span class='ocr_line' id='line_1_91' title="bbox 2228 2986 3809 3072; baseline -0.013 -10"><span class='ocrx_word' id='word_1_639' title='bbox 2228 3023 2427 3063; x_wconf 87' lang='lat' dir='ltr'>venere</span> <span class='ocrx_word' id='word_1_640' title='bbox 2456 3024 2469 3072; x_wconf 89' lang='lat'><strong>;</strong></span> <span class='ocrx_word' id='word_1_641' title='bbox 2510 3003 2605 3059; x_wconf 90' lang='lat' dir='ltr'>sed</span> <span class='ocrx_word' id='word_1_642' title='bbox 2634 3019 2752 3069; x_wconf 85' lang='lat' dir='ltr'>vos,</span> <span class='ocrx_word' id='word_1_643' title='bbox 2790 3015 2858 3054; x_wconf 89' lang='lat' dir='ltr'>ne</span> <span class='ocrx_word' id='word_1_644' title='bbox 2888 2996 3088 3053; x_wconf 89' lang='lat' dir='ltr'>vestris</span> <span class='ocrx_word' id='word_1_645' title='bbox 3121 2991 3430 3049; x_wconf 85' lang='lat' dir='ltr'>mendaciis</span> <span class='ocrx_word' id='word_1_646' title='bbox 3457 2986 3809 3061; x_wconf 88' lang='lat' dir='ltr'>caperemini,</span> 
     </span>
    </p>
   </div>
   <div class='ocr_carea' id='block_1_92' title="bbox 2147 3076 3813 3185">
    <p class='ocr_par' dir='ltr' id='par_1_92' title="bbox 2147 3076 3813 3185">
     <span class='ocr_line' id='line_1_92' title="bbox 2147 3076 3813 3185; baseline -0.014 -31"><span class='ocrx_word' id='word_1_647' title='bbox 2147 3127 2191 3185; x_wconf 66' lang='grc' dir='ltr'><strong>Ο</strong></span> <span class='ocrx_word' id='word_1_648' title='bbox 2229 3104 2531 3167; x_wconf 68' lang='lat' dir='ltr'>vestraeque</span> <span class='ocrx_word' id='word_1_649' title='bbox 2567 3090 2861 3148; x_wconf 71' lang='lat' dir='ltr'>calumniae</span> <span class='ocrx_word' id='word_1_650' title='bbox 2884 3086 3245 3150; x_wconf 85' lang='lat' dir='ltr'>nudarentur,</span> <span class='ocrx_word' id='word_1_651' title='bbox 3287 3082 3481 3136; x_wconf 87' lang='lat' dir='ltr'>venire</span> <span class='ocrx_word' id='word_1_652' title='bbox 3510 3076 3813 3134; x_wconf 83' lang='lat' dir='ltr'>distulistis.</span> 
     </span>
    </p>
   </div>
   <div class='ocr_carea' id='block_1_93' title="bbox 2228 3164 3814 3243">
    <p class='ocr_par' dir='ltr' id='par_1_93' title="bbox 2228 3164 3814 3243">
     <span class='ocr_line' id='line_1_93' title="bbox 2228 3164 3814 3243; baseline -0.015 -2"><span class='ocrx_word' id='word_1_653' title='bbox 2228 3187 2338 3243; x_wconf 90' lang='lat' dir='ltr'>Nec</span> <span class='ocrx_word' id='word_1_654' title='bbox 2367 3164 2461 3238; x_wconf 76' lang='lat' dir='ltr'>his</span> <span class='ocrx_word' id='word_1_655' title='bbox 2478 3176 2985 3236; x_wconf 88' lang='lat' dir='ltr'>machinationibus</span> <span class='ocrx_word' id='word_1_656' title='bbox 3008 3171 3358 3229; x_wconf 88' lang='lat' dir='ltr'>solummodo</span> <span class='ocrx_word' id='word_1_657' title='bbox 3380 3168 3636 3226; x_wconf 90' lang='lat' dir='ltr'>contenti</span> <span class='ocrx_word' id='word_1_658' title='bbox 3664 3164 3814 3221; x_wconf 59' lang='lat' dir='ltr'>estis:</span> 
     </span>
    </p>
   </div>
   <div class='ocr_carea' id='block_1_94' title="bbox 2231 3254 3820 3339">
    <p class='ocr_par' dir='ltr' id='par_1_94' title="bbox 2231 3254 3820 3339">
     <span class='ocr_line' id='line_1_94' title="bbox 2231 3254 3820 3339; baseline -0.015 -8"><span class='ocrx_word' id='word_1_659' title='bbox 2231 3275 2324 3332; x_wconf 89' lang='lat' dir='ltr'>sed</span> <span class='ocrx_word' id='word_1_660' title='bbox 2355 3273 2542 3339; x_wconf 89' lang='lat' dir='ltr'>etiam,</span> <span class='ocrx_word' id='word_1_661' title='bbox 2564 3269 2818 3326; x_wconf 89' lang='lat' dir='ltr'>videntes</span> <span class='ocrx_word' id='word_1_662' title='bbox 2838 3281 2972 3321; x_wconf 89' lang='lat' dir='ltr'>oves</span> <span class='ocrx_word' id='word_1_663' title='bbox 3002 3260 3318 3334; x_wconf 90' lang='lat' dir='ltr'>pastoribus</span> <span class='ocrx_word' id='word_1_664' title='bbox 3348 3258 3650 3324; x_wconf 88' lang='lat' dir='ltr'>desolatas,</span> <span class='ocrx_word' id='word_1_665' title='bbox 3675 3254 3820 3325; x_wconf 88' lang='lat' dir='ltr'>lupos</span> 
     </span>
    </p>
   </div>
   <div class='ocr_carea' id='block_1_95' title="bbox 2234 3342 3819 3438">
    <p class='ocr_par' dir='ltr' id='par_1_95' title="bbox 2234 3342 3819 3438">
     <span class='ocr_line' id='line_1_95' title="bbox 2234 3342 3819 3438; baseline -0.014 -17"><span class='ocrx_word' id='word_1_666' title='bbox 2234 3381 2332 3438; x_wconf 88' lang='lat' dir='ltr'>pro</span> <span class='ocrx_word' id='word_1_667' title='bbox 2349 3361 2658 3435; x_wconf 88' lang='lat' dir='ltr'>pastoribus</span> <span class='ocrx_word' id='word_1_668' title='bbox 2669 3373 2832 3429; x_wconf 90' lang='lat' dir='ltr'>super</span> <span class='ocrx_word' id='word_1_669' title='bbox 2849 3372 2938 3411; x_wconf 90' lang='lat' dir='ltr'>eas</span> <span class='ocrx_word' id='word_1_670' title='bbox 2958 3351 3525 3426; x_wconf 89' lang='lat' dir='ltr'>posuistis.Decuerat</span> <span class='ocrx_word' id='word_1_671' title='bbox 3545 3363 3675 3418; x_wconf 89' lang='lat' dir='ltr'>ergo</span> <span class='ocrx_word' id='word_1_672' title='bbox 3691 3342 3819 3400; x_wconf 84' lang='lat' dir='ltr'>utad</span> 
     </span>
    </p>
   </div>
   <div class='ocr_carea' id='block_1_96' title="bbox 2234 3433 3826 3526">
    <p class='ocr_par' dir='ltr' id='par_1_96' title="bbox 2234 3433 3826 3526">
     <span class='ocr_line' id='line_1_96' title="bbox 2234 3433 3826 3526; baseline -0.015 -16"><span class='ocrx_word' id='word_1_673' title='bbox 2234 3433 2533 3526; x_wconf 81' lang='lat' dir='ltr'>regularem</span> <span class='ocrx_word' id='word_1_674' title='bbox 2549 3446 2815 3505; x_wconf 85' lang='lat' dir='ltr'>veniretis</span> <span class='ocrx_word' id='word_1_675' title='bbox 2833 3437 3567 3510; x_wconf 87' lang='lat' dir='ltr'>convocationem,qualiter</span> <span class='ocrx_word' id='word_1_676' title='bbox 3585 3434 3657 3489; x_wconf 89' lang='lat' dir='ltr'>de</span> <span class='ocrx_word' id='word_1_677' title='bbox 3677 3433 3759 3488; x_wconf 89' lang='lat' dir='ltr'>bis</span> <span class='ocrx_word' id='word_1_678' title='bbox 3777 3440 3826 3487; x_wconf 87' lang='lat' dir='ltr'>et</span> 
     </span>
    </p>
   </div>
   <div class='ocr_carea' id='block_1_97' title="bbox 2235 3526 3823 3610">
    <p class='ocr_par' dir='ltr' id='par_1_97' title="bbox 2235 3526 3823 3610">
     <span class='ocr_line' id='line_1_97' title="bbox 2235 3526 3823 3610; baseline -0.014 -11"><span class='ocrx_word' id='word_1_679' title='bbox 2235 3542 2436 3599; x_wconf 90' lang='lat' dir='ltr'>dealiis</span> <span class='ocrx_word' id='word_1_680' title='bbox 2452 3538 2650 3596; x_wconf 85' lang='lat' dir='ltr'>vestris</span> <span class='ocrx_word' id='word_1_681' title='bbox 2672 3531 3199 3610; x_wconf 72' lang='lat' dir='ltr'>praesumptionibus</span> <span class='ocrx_word' id='word_1_682' title='bbox 3219 3543 3405 3582; x_wconf 86' lang='lat' dir='ltr'>veram</span> <span class='ocrx_word' id='word_1_683' title='bbox 3429 3526 3823 3581; x_wconf 84' lang='lat' dir='ltr'>redderetisra-</span> 
     </span>
    </p>
   </div>
   <div class='ocr_carea' id='block_1_98' title="bbox 2234 3611 3825 3701">
    <p class='ocr_par' dir='ltr' id='par_1_98' title="bbox 2234 3611 3825 3701">
     <span class='ocr_line' id='line_1_98' title="bbox 2234 3611 3825 3701; baseline -0.014 -13"><span class='ocrx_word' id='word_1_684' title='bbox 2234 3632 2466 3697; x_wconf 85' lang='lat' dir='ltr'>tionem,</span> <span class='ocrx_word' id='word_1_685' title='bbox 2486 3627 2747 3701; x_wconf 86' lang='lat' dir='ltr'>quoniam</span> <span class='ocrx_word' id='word_1_686' title='bbox 2768 3627 3080 3679; x_wconf 87' lang='lat' dir='ltr'>occurreret</span> <span class='ocrx_word' id='word_1_687' title='bbox 3104 3618 3307 3673; x_wconf 89' lang='lat' dir='ltr'>veritas</span> <span class='ocrx_word' id='word_1_688' title='bbox 3332 3615 3379 3671; x_wconf 93' lang='lat' dir='ltr'>si</span> <span class='ocrx_word' id='word_1_689' title='bbox 3400 3614 3621 3669; x_wconf 87' lang='lat' dir='ltr'>falsitas</span> <span class='ocrx_word' id='word_1_690' title='bbox 3649 3611 3825 3684; x_wconf 82' lang='lat' dir='ltr'>displi-</span> 
     </span>
    </p>
   </div>
   <div class='ocr_carea' id='block_1_99' title="bbox 2236 3700 3827 3788">
    <p class='ocr_par' dir='ltr' id='par_1_99' title="bbox 2236 3700 3827 3788">
     <span class='ocr_line' id='line_1_99' title="bbox 2236 3700 3827 3788; baseline -0.014 -11"><span class='ocrx_word' id='word_1_691' title='bbox 2236 3726 2462 3788; x_wconf 82' lang='lat' dir='ltr'>ceret,et</span> <span class='ocrx_word' id='word_1_692' title='bbox 2481 3700 2670 3773; x_wconf 90' lang='lat' dir='ltr'>nullus</span> <span class='ocrx_word' id='word_1_693' title='bbox 2686 3709 3077 3784; x_wconf 87' lang='lat' dir='ltr'>dubitat,quod</span> <span class='ocrx_word' id='word_1_694' title='bbox 3092 3710 3168 3763; x_wconf 88' lang='lat' dir='ltr'>ita</span> <span class='ocrx_word' id='word_1_695' title='bbox 3183 3705 3465 3778; x_wconf 88' lang='lat' dir='ltr'>judicium</span> <span class='ocrx_word' id='word_1_696' title='bbox 3490 3720 3698 3760; x_wconf 89' lang='lat' dir='ltr'>nocens</span> <span class='ocrx_word' id='word_1_697' title='bbox 3713 3700 3827 3756; x_wconf 75' lang='lat' dir='ltr'>sub~</span> 
     </span>
    </p>
   </div>
   <div class='ocr_carea' id='block_1_100' title="bbox 2236 3791 3831 3879">
    <p class='ocr_par' dir='ltr' id='par_1_100' title="bbox 2236 3791 3831 3879">
     <span class='ocr_line' id='line_1_100' title="bbox 2236 3791 3831 3879; baseline -0.014 -14"><span class='ocrx_word' id='word_1_698' title='bbox 2236 3807 2484 3879; x_wconf 90' lang='lat' dir='ltr'>terfugit,</span> <span class='ocrx_word' id='word_1_699' title='bbox 2502 3800 2969 3877; x_wconf 89' lang='lat' dir='ltr'>quemadmodum</span> <span class='ocrx_word' id='word_1_700' title='bbox 2983 3813 3105 3853; x_wconf 90' lang='lat' dir='ltr'>eum</span> <span class='ocrx_word' id='word_1_701' title='bbox 3122 3810 3327 3851; x_wconf 91' lang='lat' dir='ltr'>nocens</span> <span class='ocrx_word' id='word_1_702' title='bbox 3340 3800 3403 3846; x_wconf 89' lang='lat' dir='ltr'>ut</span> <span class='ocrx_word' id='word_1_703' title='bbox 3414 3791 3741 3847; x_wconf 83' lang='lat' dir='ltr'>absolvatur</span> <span class='ocrx_word' id='word_1_704' title='bbox 3761 3804 3831 3843; x_wconf 81' lang='lat' dir='ltr'>re-</span> 
     </span>
    </p>
   </div>
   <div class='ocr_carea' id='block_1_101' title="bbox 2238 3879 3831 3972">
    <p class='ocr_par' dir='ltr' id='par_1_101' title="bbox 2238 3879 3831 3972">
     <span class='ocr_line' id='line_1_101' title="bbox 2238 3879 3831 3972; baseline -0.013 -19"><span class='ocrx_word' id='word_1_705' title='bbox 2238 3897 2432 3972; x_wconf 88' lang='lat' dir='ltr'>quirit.</span> <span class='ocrx_word' id='word_1_706' title='bbox 2455 3896 2565 3951; x_wconf 83' lang='lat' dir='ltr'>Nec</span> <span class='ocrx_word' id='word_1_707' title='bbox 2586 3891 2899 3965; x_wconf 90' lang='lat' dir='ltr'>suspicione</span> <span class='ocrx_word' id='word_1_708' title='bbox 2919 3894 3087 3955; x_wconf 88' lang='lat' dir='ltr'>caret,</span> <span class='ocrx_word' id='word_1_709' title='bbox 3113 3884 3208 3957; x_wconf 89' lang='lat' dir='ltr'>qui</span> <span class='ocrx_word' id='word_1_710' title='bbox 3230 3883 3401 3939; x_wconf 90' lang='lat' dir='ltr'>alium</span> <span class='ocrx_word' id='word_1_711' title='bbox 3428 3880 3733 3937; x_wconf 85' lang='lat' dir='ltr'>calumniis</span> <span class='ocrx_word' id='word_1_712' title='bbox 3750 3879 3831 3934; x_wconf 54' lang='lat' dir='ltr'>de.</span> 
     </span>
    </p>
   </div>
   <div class='ocr_carea' id='block_1_102' title="bbox 2240 3971 3834 4062">
    <p class='ocr_par' dir='ltr' id='par_1_102' title="bbox 2240 3971 3834 4062">
     <span class='ocr_line' id='line_1_102' title="bbox 2240 3971 3834 4062; baseline -0.014 -15"><span class='ocrx_word' id='word_1_713' title='bbox 2240 3971 2412 4062; x_wconf 87' lang='lat' dir='ltr'>rogat,</span> <span class='ocrx_word' id='word_1_714' title='bbox 2446 3989 2583 4043; x_wconf 88' lang='lat' dir='ltr'>falsa</span> <span class='ocrx_word' id='word_1_715' title='bbox 2608 3985 2835 4052; x_wconf 87' lang='lat' dir='ltr'>dixisse,</span> <span class='ocrx_word' id='word_1_716' title='bbox 2868 3998 2994 4039; x_wconf 91' lang='lat' dir='ltr'>cum</span> <span class='ocrx_word' id='word_1_717' title='bbox 3031 3979 3147 4051; x_wconf 89' lang='lat' dir='ltr'>ipse</span> <span class='ocrx_word' id='word_1_718' title='bbox 3171 3976 3237 4031; x_wconf 87' lang='lat' dir='ltr'>ad</span> <span class='ocrx_word' id='word_1_719' title='bbox 3263 3973 3541 4047; x_wconf 89' lang='lat' dir='ltr'>judicium</span> <span class='ocrx_word' id='word_1_720' title='bbox 3566 3981 3630 4027; x_wconf 83' lang='lat' dir='ltr'>ut</span> <span class='ocrx_word' id='word_1_721' title='bbox 3651 3971 3834 4043; x_wconf 86' lang='lat' dir='ltr'>probet</span> 
     </span>
    </p>
   </div>
   <div class='ocr_carea' id='block_1_103' title="bbox 2242 4066 3832 4158">
    <p class='ocr_par' dir='ltr' id='par_1_103' title="bbox 2242 4066 3832 4158">
     <span class='ocr_line' id='line_1_103' title="bbox 2242 4066 3832 4158; baseline -0.014 -16"><span class='ocrx_word' id='word_1_722' title='bbox 2242 4102 2360 4158; x_wconf 78' lang='lat' dir='ltr'>quae</span> <span class='ocrx_word' id='word_1_723' title='bbox 2385 4080 2579 4138; x_wconf 85' lang='lat' dir='ltr'>intulit</span> <span class='ocrx_word' id='word_1_724' title='bbox 2604 4086 2862 4135; x_wconf 84' lang='lat' dir='ltr'>evocatus</span> <span class='ocrx_word' id='word_1_725' title='bbox 2890 4074 3081 4130; x_wconf 88' lang='lat' dir='ltr'>venire</span> <span class='ocrx_word' id='word_1_726' title='bbox 3109 4069 3410 4127; x_wconf 87' lang='lat' dir='ltr'>distulerit.</span> <span class='ocrx_word' id='word_1_727' title='bbox 3445 4069 3670 4124; x_wconf 87' lang='lat' dir='ltr'>Vellem</span> <span class='ocrx_word' id='word_1_728' title='bbox 3694 4066 3832 4121; x_wconf 88' lang='lat' dir='ltr'>enim</span> 
     </span>
    </p>
   </div>
   <div class='ocr_carea' id='block_1_104' title="bbox 2242 4156 3837 4241">
    <p class='ocr_par' dir='ltr' id='par_1_104' title="bbox 2242 4156 3837 4241">
     <span class='ocr_line' id='line_1_104' title="bbox 2242 4156 3837 4241; baseline -0.013 -13"><span class='ocrx_word' id='word_1_729' title='bbox 2242 4156 2340 4228; x_wconf 75' lang='lat' dir='ltr'>vos</span> <span class='ocrx_word' id='word_1_730' title='bbox 2362 4172 2537 4241; x_wconf 88' lang='lat' dir='ltr'>magis</span> <span class='ocrx_word' id='word_1_731' title='bbox 2556 4169 2623 4225; x_wconf 87' lang='lat' dir='ltr'>ad</span> <span class='ocrx_word' id='word_1_732' title='bbox 2653 4167 2766 4238; x_wconf 88' lang='lat' dir='ltr'>jam</span> <span class='ocrx_word' id='word_1_733' title='bbox 2797 4164 3003 4220; x_wconf 88' lang='lat' dir='ltr'>dictam</span> <span class='ocrx_word' id='word_1_734' title='bbox 3027 4158 3353 4218; x_wconf 87' lang='lat' dir='ltr'>canonicam</span> <span class='ocrx_word' id='word_1_735' title='bbox 3390 4156 3703 4212; x_wconf 63' lang='lat' dir='ltr'>convenire</span> <span class='ocrx_word' id='word_1_736' title='bbox 3739 4170 3837 4208; x_wconf 75' lang='lat' dir='ltr'>vo—</span> 
     </span>
    </p>
   </div>
   <div class='ocr_carea' id='block_1_105' title="bbox 2243 4245 3839 4327">
    <p class='ocr_par' dir='ltr' id='par_1_105' title="bbox 2243 4245 3839 4327">
     <span class='ocr_line' id='line_1_105' title="bbox 2243 4245 3839 4327; baseline -0.013 -10"><span class='ocrx_word' id='word_1_737' title='bbox 2243 4262 2535 4327; x_wconf 89' lang='lat' dir='ltr'>cationem,</span> <span class='ocrx_word' id='word_1_738' title='bbox 2586 4265 2649 4312; x_wconf 90' lang='lat' dir='ltr'>ut</span> <span class='ocrx_word' id='word_1_739' title='bbox 2693 4269 2877 4309; x_wconf 88' lang='lat' dir='ltr'>coram</span> <span class='ocrx_word' id='word_1_740' title='bbox 2926 4247 3233 4306; x_wconf 89' lang='lat' dir='ltr'>universali</span> <span class='ocrx_word' id='word_1_741' title='bbox 3262 4246 3508 4303; x_wconf 76' lang='lat' dir='ltr'>concilio</span> <span class='ocrx_word' id='word_1_742' title='bbox 3538 4245 3839 4301; x_wconf 85' lang='lat' dir='ltr'>redderetis</span> 
     </span>
    </p>
   </div>
   <div class='ocr_carea' id='block_1_106' title="bbox 2244 4335 3841 4416">
    <p class='ocr_par' dir='ltr' id='par_1_106' title="bbox 2244 4335 3841 4416">
     <span class='ocr_line' id='line_1_106' title="bbox 2244 4335 3841 4416; baseline -0.013 -11"><span class='ocrx_word' id='word_1_743' title='bbox 2244 4350 2535 4416; x_wconf 85' lang='lat' dir='ltr'>rationem,</span> <span class='ocrx_word' id='word_1_744' title='bbox 2581 4362 2679 4401; x_wconf 91' lang='lat' dir='ltr'>cur</span> <span class='ocrx_word' id='word_1_745' title='bbox 2705 4342 2981 4416; x_wconf 84' lang='lat' dir='ltr'>synodum</span> <span class='ocrx_word' id='word_1_746' title='bbox 3011 4338 3079 4395; x_wconf 87' lang='lat' dir='ltr'>ad</span> <span class='ocrx_word' id='word_1_747' title='bbox 3124 4344 3326 4392; x_wconf 88' lang='lat' dir='ltr'>statum</span> <span class='ocrx_word' id='word_1_748' title='bbox 3356 4335 3742 4391; x_wconf 84' lang='lat' dir='ltr'>Ecclesiarum</span> <span class='ocrx_word' id='word_1_749' title='bbox 3792 4340 3841 4386; x_wconf 87' lang='lat' dir='ltr'>et</span> 
     </span>
    </p>
   </div>
   <div class='ocr_carea' id='block_1_107' title="bbox 2245 4423 3839 4496">
    <p class='ocr_par' dir='ltr' id='par_1_107' title="bbox 2245 4423 3839 4496">
     <span class='ocr_line' id='line_1_107' title="bbox 2245 4423 3839 4496; baseline -0.014 0"><span class='ocrx_word' id='word_1_750' title='bbox 2245 4442 2477 4496; x_wconf 89' lang='lat' dir='ltr'>fratrum</span> <span class='ocrx_word' id='word_1_751' title='bbox 2500 4437 2557 4491; x_wconf 87' lang='lat' dir='ltr'>in</span> <span class='ocrx_word' id='word_1_752' title='bbox 2588 4431 2890 4490; x_wconf 88' lang='lat' dir='ltr'>Antiochia</span> <span class='ocrx_word' id='word_1_753' title='bbox 2919 4425 3377 4490; x_wconf 88' lang='lat' dir='ltr'>subvertendum,</span> <span class='ocrx_word' id='word_1_754' title='bbox 3410 4431 3464 4478; x_wconf 91' lang='lat' dir='ltr'>et</span> <span class='ocrx_word' id='word_1_755' title='bbox 3483 4423 3707 4478; x_wconf 66' lang='lat' dir='ltr'>Nicmni</span> <span class='ocrx_word' id='word_1_756' title='bbox 3740 4424 3839 4475; x_wconf 63' lang='lat' dir='ltr'>ma</span> 
     </span>
    </p>
   </div>
   <div class='ocr_carea' id='block_1_108' title="bbox 2248 4509 3844 4599">
    <p class='ocr_par' dir='ltr' id='par_1_108' title="bbox 2248 4509 3844 4599">
     <span class='ocr_line' id='line_1_108' title="bbox 2248 4509 3844 4599; baseline -0.014 -15"><span class='ocrx_word' id='word_1_757' title='bbox 2248 4528 2336 4599; x_wconf 87' lang='lat' dir='ltr'>gni</span> <span class='ocrx_word' id='word_1_758' title='bbox 2384 4523 2611 4583; x_wconf 89' lang='lat' dir='ltr'>concilii</span> <span class='ocrx_word' id='word_1_759' title='bbox 2651 4518 3083 4577; x_wconf 89' lang='lat' dir='ltr'>destructionem</span> <span class='ocrx_word' id='word_1_760' title='bbox 3132 4513 3364 4580; x_wconf 89' lang='lat' dir='ltr'>fecistis,</span> <span class='ocrx_word' id='word_1_761' title='bbox 3419 4519 3517 4566; x_wconf 90' lang='lat' dir='ltr'>aut</span> <span class='ocrx_word' id='word_1_762' title='bbox 3554 4527 3659 4566; x_wconf 90' lang='lat' dir='ltr'>cur</span> <span class='ocrx_word' id='word_1_763' title='bbox 3688 4509 3844 4564; x_wconf 85' lang='lat' dir='ltr'>nobis</span> 
     </span>
    </p>
   </div>
   <div class='ocr_carea' id='block_1_109' title="bbox 2246 4600 3841 4683">
    <p class='ocr_par' dir='ltr' id='par_1_109' title="bbox 2246 4600 3841 4683">
     <span class='ocr_line' id='line_1_109' title="bbox 2246 4600 3841 4683; baseline -0.013 -13"><span class='ocrx_word' id='word_1_764' title='bbox 2246 4615 2592 4680; x_wconf 89' lang='lat' dir='ltr'>inconsultis,</span> <span class='ocrx_word' id='word_1_765' title='bbox 2629 4611 2911 4683; x_wconf 90' lang='lat' dir='ltr'>episcopos</span> <span class='ocrx_word' id='word_1_766' title='bbox 2940 4607 2995 4661; x_wconf 89' lang='lat' dir='ltr'>in</span> <span class='ocrx_word' id='word_1_767' title='bbox 3030 4620 3150 4660; x_wconf 87' lang='lat' dir='ltr'>eam</span> <span class='ocrx_word' id='word_1_768' title='bbox 3175 4601 3551 4661; x_wconf 85' lang='lat' dir='ltr'>convocastis,</span> <span class='ocrx_word' id='word_1_769' title='bbox 3580 4600 3653 4654; x_wconf 89' lang='lat' dir='ltr'>ad</span> <span class='ocrx_word' id='word_1_770' title='bbox 3679 4614 3841 4671; x_wconf 85' lang='lat' dir='ltr'>quam</span> 
     </span>
    </p>
   </div>
   <div class='ocr_carea' id='block_1_110' title="bbox 2245 4689 3844 4767">
    <p class='ocr_par' dir='ltr' id='par_1_110' title="bbox 2245 4689 3844 4767">
     <span class='ocr_line' id='line_1_110' title="bbox 2245 4689 3844 4767; baseline -0.015 -6"><span class='ocrx_word' id='word_1_771' title='bbox 2245 4722 2345 4761; x_wconf 90' lang='lat' dir='ltr'>nec</span> <span class='ocrx_word' id='word_1_772' title='bbox 2390 4702 2665 4758; x_wconf 82' lang='lat' dir='ltr'>Maximus</span> <span class='ocrx_word' id='word_1_773' title='bbox 2714 4694 3256 4767; x_wconf 85' lang='lat' dir='ltr'>Hierosolymitanus</span> <span class='ocrx_word' id='word_1_774' title='bbox 3306 4689 3479 4755; x_wconf 86' lang='lat' dir='ltr'>venit,</span> <span class='ocrx_word' id='word_1_775' title='bbox 3517 4703 3622 4743; x_wconf 89' lang='lat' dir='ltr'>nec</span> <span class='ocrx_word' id='word_1_776' title='bbox 3658 4692 3844 4741; x_wconf 78' lang='lat' dir='ltr'>nostra</span> 
     </span>
    </p>
   </div>
   <div class='ocr_carea' id='block_1_111' title="bbox 2246 4775 3844 4860">
    <p class='ocr_par' dir='ltr' id='par_1_111' title="bbox 2246 4775 3844 4860">
     <span class='ocr_line' id='line_1_111' title="bbox 2246 4775 3844 4860; baseline -0.015 -10"><span class='ocrx_word' id='word_1_777' title='bbox 2246 4792 2500 4849; x_wconf 85' lang='lat' dir='ltr'>interfuit</span> <span class='ocrx_word' id='word_1_778' title='bbox 2549 4787 2771 4860; x_wconf 87' lang='lat' dir='ltr'>legatio,</span> <span class='ocrx_word' id='word_1_779' title='bbox 2826 4783 3132 4842; x_wconf 84' lang='lat' dir='ltr'>canonibus</span> <span class='ocrx_word' id='word_1_780' title='bbox 3178 4778 3384 4853; x_wconf 88' lang='lat' dir='ltr'>quippe</span> <span class='ocrx_word' id='word_1_781' title='bbox 3416 4778 3475 4831; x_wconf 92' lang='lat' dir='ltr'>in</span> <span class='ocrx_word' id='word_1_782' title='bbox 3507 4775 3734 4831; x_wconf 62' lang='lat' dir='ltr'>Nicena</span> <span class='ocrx_word' id='word_1_783' title='bbox 3764 4790 3844 4843; x_wconf 75' lang='lat' dir='ltr'>sy-</span> 
     </span>
    </p>
   </div>
   <div class='ocr_carea' id='block_1_112' title="bbox 2247 4866 3842 4949">
    <p class='ocr_par' dir='ltr' id='par_1_112' title="bbox 2247 4866 3842 4949">
     <span class='ocr_line' id='line_1_112' title="bbox 2247 4866 3842 4949; baseline -0.013 -12"><span class='ocrx_word' id='word_1_784' title='bbox 2247 4882 2391 4937; x_wconf 89' lang='lat' dir='ltr'>nodo</span> <span class='ocrx_word' id='word_1_785' title='bbox 2444 4876 2789 4949; x_wconf 89' lang='lat' dir='ltr'>jubentibus,</span> <span class='ocrx_word' id='word_1_786' title='bbox 2858 4886 2969 4927; x_wconf 90' lang='lat' dir='ltr'>non</span> <span class='ocrx_word' id='word_1_787' title='bbox 3024 4868 3222 4925; x_wconf 87' lang='lat' dir='ltr'>debere</span> <span class='ocrx_word' id='word_1_788' title='bbox 3271 4877 3468 4939; x_wconf 64' lang='lat' dir='ltr'>praeter</span> <span class='ocrx_word' id='word_1_789' title='bbox 3514 4866 3842 4922; x_wconf 83' lang='lat' dir='ltr'>sententiam</span> 
     </span>
    </p>
   </div>
   <div class='ocr_carea' id='block_1_113' title="bbox 2249 4954 3844 5037">
    <p class='ocr_par' dir='ltr' id='par_1_113' title="bbox 2249 4954 3844 5037">
     <span class='ocr_line' id='line_1_113' title="bbox 2249 4954 3844 5037; baseline -0.012 -12"><span class='ocrx_word' id='word_1_790' title='bbox 2249 4967 2479 5026; x_wconf 77' lang='lat' dir='ltr'>Romani</span> <span class='ocrx_word' id='word_1_791' title='bbox 2512 4962 2792 5037; x_wconf 78' lang='lat' dir='ltr'>pontificis</span> <span class='ocrx_word' id='word_1_792' title='bbox 2819 4960 2937 5015; x_wconf 90' lang='lat' dir='ltr'>ullo</span> <span class='ocrx_word' id='word_1_793' title='bbox 2964 4957 3127 5012; x_wconf 90' lang='lat' dir='ltr'>modo</span> <span class='ocrx_word' id='word_1_794' title='bbox 3155 4956 3397 5012; x_wconf 90' lang='lat' dir='ltr'>concilia</span> <span class='ocrx_word' id='word_1_795' title='bbox 3422 4954 3717 5021; x_wconf 86' lang='lat' dir='ltr'>celebrari,</span> <span class='ocrx_word' id='word_1_796' title='bbox 3754 4966 3844 5007; x_wconf 82' lang='lat' dir='ltr'>nec</span> 
     </span>
    </p>
   </div>
   <div class='ocr_carea' id='block_1_114' title="bbox 2249 5036 3843 5126">
    <p class='ocr_par' dir='ltr' id='par_1_114' title="bbox 2249 5036 3843 5126">
     <span class='ocr_line' id='line_1_114' title="bbox 2249 5036 3843 5126; baseline -0.013 -18"><span class='ocrx_word' id='word_1_797' title='bbox 2249 5036 2530 5126; x_wconf 83' lang='lat' dir='ltr'>episcopos</span> <span class='ocrx_word' id='word_1_798' title='bbox 2570 5046 2859 5113; x_wconf 85' lang='lat' dir='ltr'>damnari;</span> <span class='ocrx_word' id='word_1_799' title='bbox 2906 5051 3000 5101; x_wconf 87' lang='lat' dir='ltr'>aut</span> <span class='ocrx_word' id='word_1_800' title='bbox 3030 5058 3130 5098; x_wconf 92' lang='lat' dir='ltr'>cur</span> <span class='ocrx_word' id='word_1_801' title='bbox 3177 5041 3236 5096; x_wconf 88' lang='lat' dir='ltr'>in</span> <span class='ocrx_word' id='word_1_802' title='bbox 3274 5038 3673 5111; x_wconf 69' lang='lat' dir='ltr'>praedictorum</span> <span class='ocrx_word' id='word_1_803' title='bbox 3730 5036 3843 5088; x_wconf 78' lang='lat' dir='ltr'>loco</span> 
     </span>
    </p>
   </div>
   <div class='ocr_carea' id='block_1_115' title="bbox 2250 5130 3845 5204">
    <p class='ocr_par' dir='ltr' id='par_1_115' title="bbox 2250 5130 3845 5204">
     <span class='ocr_line' id='line_1_115' title="bbox 2250 5130 3845 5204; baseline -0.016 -5"><span class='ocrx_word' id='word_1_804' title='bbox 2250 5144 2483 5200; x_wconf 88' lang='lat' dir='ltr'>fratrum</span> <span class='ocrx_word' id='word_1_805' title='bbox 2526 5140 2664 5195; x_wconf 88' lang='lat' dir='ltr'>alios</span> <span class='ocrx_word' id='word_1_806' title='bbox 2709 5136 2989 5192; x_wconf 89' lang='lat' dir='ltr'>adulteros</span> <span class='ocrx_word' id='word_1_807' title='bbox 3030 5130 3312 5204; x_wconf 89' lang='lat' dir='ltr'>posuistis,</span> <span class='ocrx_word' id='word_1_808' title='bbox 3358 5136 3655 5198; x_wconf 86' lang='lat' dir='ltr'>antequam</span> <span class='ocrx_word' id='word_1_809' title='bbox 3685 5134 3845 5196; x_wconf 81' lang='lat' dir='ltr'>penes</span> 
     </span>
    </p>
   </div>
   <div class='ocr_carea' id='block_1_116' title="bbox 2253 5208 3842 5300">
    <p class='ocr_par' dir='ltr' id='par_1_116' title="bbox 2253 5208 3842 5300">
     <span class='ocr_line' id='line_1_116' title="bbox 2253 5208 3842 5300; baseline -0.015 -12"><span class='ocrx_word' id='word_1_810' title='bbox 2253 5250 2371 5300; x_wconf 88' lang='lat' dir='ltr'>nos,</span> <span class='ocrx_word' id='word_1_811' title='bbox 2395 5237 2490 5286; x_wconf 87' lang='lat' dir='ltr'>aut</span> <span class='ocrx_word' id='word_1_812' title='bbox 2511 5235 2726 5284; x_wconf 87' lang='lat' dir='ltr'>nostros</span> <span class='ocrx_word' id='word_1_813' title='bbox 2753 5220 3158 5296; x_wconf 86' lang='lat' dir='ltr'>apocrisiarios,</span> <span class='ocrx_word' id='word_1_814' title='bbox 3179 5232 3370 5273; x_wconf 87' lang='lat' dir='ltr'>eorum</span> <span class='ocrx_word' id='word_1_815' title='bbox 3399 5231 3563 5271; x_wconf 85' lang='lat' dir='ltr'>causa</span> <span class='ocrx_word' id='word_1_816' title='bbox 3584 5208 3842 5269; x_wconf 85' lang='lat' dir='ltr'>canonice</span> 
     </span>
    </p>
   </div>
   <div class='ocr_carea' id='block_1_117' title="bbox 2251 5294 3839 5382">
    <p class='ocr_par' dir='ltr' id='par_1_117' title="bbox 2251 5294 3839 5382">
     <span class='ocr_line' id='line_1_117' title="bbox 2251 5294 3839 5382; baseline -0.015 -6"><span class='ocrx_word' id='word_1_817' title='bbox 2251 5328 2391 5376; x_wconf 87' lang='lat' dir='ltr'>esset</span> <span class='ocrx_word' id='word_1_818' title='bbox 2437 5294 2803 5381; x_wconf 33' lang='lat' dir='ltr'>examinata;</span> <span class='ocrx_word' id='word_1_819' title='bbox 2827 5311 3104 5382; x_wconf 86' lang='lat' dir='ltr'>ﬁnemque</span> <span class='ocrx_word' id='word_1_820' title='bbox 3143 5305 3450 5379; x_wconf 89' lang='lat' dir='ltr'>perciperet</span> <span class='ocrx_word' id='word_1_821' title='bbox 3479 5311 3715 5359; x_wconf 87' lang='lat' dir='ltr'>rectum.</span> <span class='ocrx_word' id='word_1_822' title='bbox 3753 5294 3839 5352; x_wconf 79' lang='lat' dir='ltr'>lsti</span> 
     </span>
    </p>
   </div>
   <div class='ocr_carea' id='block_1_118' title="bbox 2253 5395 3841 5479">
    <p class='ocr_par' dir='ltr' id='par_1_118' title="bbox 2253 5395 3841 5479">
     <span class='ocr_line' id='line_1_118' title="bbox 2253 5395 3841 5479; baseline -0.016 -13"><span class='ocrx_word' id='word_1_823' title='bbox 2253 5410 2423 5477; x_wconf 90' lang='lat' dir='ltr'>enim,</span> <span class='ocrx_word' id='word_1_824' title='bbox 2456 5407 2551 5479; x_wconf 91' lang='lat' dir='ltr'>qui</span> <span class='ocrx_word' id='word_1_825' title='bbox 2595 5403 2662 5460; x_wconf 88' lang='lat' dir='ltr'>ad</span> <span class='ocrx_word' id='word_1_826' title='bbox 2710 5409 3069 5457; x_wconf 87' lang='lat' dir='ltr'>memoratam</span> <span class='ocrx_word' id='word_1_827' title='bbox 3101 5395 3409 5466; x_wconf 88' lang='lat' dir='ltr'>regularem</span> <span class='ocrx_word' id='word_1_828' title='bbox 3443 5407 3643 5447; x_wconf 84' lang='lat' dir='ltr'>venere</span> <span class='ocrx_word' id='word_1_829' title='bbox 3671 5402 3841 5442; x_wconf 78' lang='lat' dir='ltr'>voca-</span> 
     </span>
    </p>
   </div>
   <div class='ocr_carea' id='block_1_119' title="bbox 2254 5479 3841 5567">
    <p class='ocr_par' dir='ltr' id='par_1_119' title="bbox 2254 5479 3841 5567">
     <span class='ocr_line' id='line_1_119' title="bbox 2254 5479 3841 5567; baseline -0.018 -11"><span class='ocrx_word' id='word_1_830' title='bbox 2254 5501 2484 5567; x_wconf 89' lang='lat' dir='ltr'>tionem,</span> <span class='ocrx_word' id='word_1_831' title='bbox 2509 5480 2759 5551; x_wconf 75' lang='lat' dir='ltr'>volentes</span> <span class='ocrx_word' id='word_1_832' title='bbox 2786 5506 2885 5545; x_wconf 87' lang='lat' dir='ltr'>vos</span> <span class='ocrx_word' id='word_1_833' title='bbox 2914 5505 2946 5544; x_wconf 91' lang='lat' dir='ltr'>a</span> <span class='ocrx_word' id='word_1_834' title='bbox 2971 5484 3253 5561; x_wconf 80' lang='lat' dir='ltr'>praedictis</span> <span class='ocrx_word' id='word_1_835' title='bbox 3282 5481 3605 5539; x_wconf 87' lang='lat' dir='ltr'>subtrahere</span> <span class='ocrx_word' id='word_1_836' title='bbox 3625 5479 3841 5535; x_wconf 83' lang='lat' dir='ltr'>calum—</span> 
     </span>
    </p>
   </div>
   <div class='ocr_carea' id='block_1_120' title="bbox 2256 5564 3838 5656">
    <p class='ocr_par' dir='ltr' id='par_1_120' title="bbox 2256 5564 3838 5656">
     <span class='ocr_line' id='line_1_120' title="bbox 2256 5564 3838 5656; baseline -0.02 -11"><span class='ocrx_word' id='word_1_837' title='bbox 2256 5589 2384 5656; x_wconf 87' lang='lat' dir='ltr'>niis,</span> <span class='ocrx_word' id='word_1_838' title='bbox 2419 5564 2593 5643; x_wconf 81' lang='lat' dir='ltr'>multa</span> <span class='ocrx_word' id='word_1_839' title='bbox 2617 5583 2881 5639; x_wconf 88' lang='lat' dir='ltr'>adversus</span> <span class='ocrx_word' id='word_1_840' title='bbox 2910 5594 3009 5635; x_wconf 91' lang='lat' dir='ltr'>vos</span> <span class='ocrx_word' id='word_1_841' title='bbox 3055 5572 3440 5646; x_wconf 82' lang='lat' dir='ltr'>lacrymabilia</span> <span class='ocrx_word' id='word_1_842' title='bbox 3467 5578 3522 5625; x_wconf 89' lang='lat' dir='ltr'>et</span> <span class='ocrx_word' id='word_1_843' title='bbox 3553 5564 3838 5625; x_wconf 86' lang='lat' dir='ltr'>doloribus</span> 
     </span>
    </p>
   </div>
  </div>
