4056 6190
304 224 449 279 1009

1466 234 1826 295 OPUSCULA
1864 241 1955 296 ET
1994 242 2378 302 EPISTOLIE.

3472 261 3610 318 1010

296 378 464 476 plena
488 377 755 480 referunt,
801 391 1120 441 accusantes
1143 401 1241 441 vos
1271 394 1326 442 et
1348 388 1595 443 dicentes
1625 391 1800 446 multa
1837 407 1895 447 se
1923 399 1973 457 Α
2001 394 2157 461 tiam,
2217 403 2271 451 et
2306 398 2373 452 de
2420 407 2619 456 caetero
2673 417 2781 456 non
2836 404 2968 460 talia
3003 421 3120 462 esse
3185 414 3456 480 passuros.
3508 408 3608 469 Est

296 466 678 537 importabilia
724 486 755 524 a
806 471 963 528 vobis
1011 490 1125 531 esse
1167 492 1371 547 passos.
1436 479 1547 535 Vos
1582 495 1711 551 ergo
1755 481 1895 535 refu-

295 556 509 627 gientes
542 557 755 624 venire,
801 558 1034 634 illosque
1073 575 1482 636 perseverantes
1524 569 1584 623 in
1622 586 1750 625 vera
1797 588 1895 625 ra-

291 644 469 711 tione,
494 661 728 717 suasque
759 649 1063 708 calumnias
1091 656 1470 725 reclamantes,
1504 676 1667 730 super
1695 660 1895 731 quibus

289 742 343 788 et
377 735 771 807 {Egyptiorum
802 740 1043 813 episcopi
1078 745 1276 801 litteris
1304 746 1463 802 nobis
1491 750 1675 804 missis
1700 757 1893 821 prote-

288 833 509 881 stantur
557 826 694 894 suis,
752 828 890 884 falsa
933 847 1050 888 esse
1107 850 1227 905 quas
1273 843 1466 891 contra
1521 839 1889 894 Athanasium

285 932 527 987 suosque
571 924 867 973 sectatores
908 921 1318 992 machinantur,
1371 932 1677 997 cunctaque
1721 928 1890 982 Aria—

282 1021 489 1059 norum
550 1005 865 1061 machinata
919 1008 1297 1080 blasphemiis.
1373 1012 1594 1068 Talibus
1655 1032 1888 1087 namque

286 1093 569 1163 ﬁgmentis
601 1094 774 1166 liquet
804 1112 894 1151 eos
922 1112 1038 1151 esse
1067 1098 1453 1171 inculpabiles,
1512 1119 1716 1175 vosque
1758 1106 1888 1159 cul-

280 1188 535 1261 pabiles:
597 1190 726 1261 quia
766 1192 811 1245 si
862 1191 929 1246 de
974 1209 1102 1248 vera
1140 1196 1492 1251 conﬁderetis
1542 1198 1882 1268 innocentia,

279 1273 615 1332 nullomodo
658 1294 690 1331 a
716 1277 829 1349 jam
861 1278 1009 1335 dicta
1043 1298 1141 1337 vos
1171 1285 1437 1340 canonica
1485 1285 1885 1345 subtraheretis

278 1366 628 1432 evocatione,
652 1382 770 1438 quze
808 1384 917 1422 non
945 1368 1150 1439 subito,
1179 1372 1274 1428 sed
1302 1375 1539 1446 spatiose
1560 1377 1883 1434 denuntiata

279 1461 363 1509 est
389 1471 399 1508 :
439 1454 531 1509 sed
557 1455 707 1509 omni
740 1455 1010 1512 subducta
1039 1461 1309 1532 apologia,
1343 1462 1544 1535 absque
1574 1465 1880 1521 tardatione

276 1543 476 1598 venire
504 1552 557 1598 et
587 1560 777 1601 causas
804 1546 1034 1602 reddere
1066 1548 1419 1607 festinaretis.
1445 1552 1657 1618 Quibus
1686 1553 1765 1609 ita
1794 1570 1879 1625 ge-

274 1630 398 1699 stis,
418 1632 610 1703 scripsi
644 1633 803 1689 vobis
836 1643 891 1690 et
921 1636 1180 1693 omnibus
1211 1639 1306 1711 qui
1337 1640 1395 1694 in
1422 1640 1722 1699 Antiochia
1749 1659 1877 1699 con-

2008 483 2211 539 etenim
2263 484 2319 539 in
2354 488 2597 561 antiquis
2628 491 2889 547 Ecclesia
2938 494 3159 551 statutis
3188 497 3491 569 decretum,
3543 510 3605 557 ut

2005 571 2101 643 qui
2148 573 2329 629 aliena
2369 575 2586 634 invadit
2626 596 2737 634 non
2767 590 2926 637 exeat
2948 574 3287 655 impunitus,
3341 588 3435 643 sed
3477 606 3603 647 cum

2004 663 2472 735 multiplicatione
2530 668 2801 725 restituat.
2872 668 3030 728 Unde
3081 683 3135 730 et
3185 675 3245 731 in
3301 677 3603 747 Evangelio

2002 751 2268 823 scriptum
2324 761 2426 809 est.
2489 756 2640 821 Quod
2687 758 2734 810 si
2774 761 2985 829 aliquid
3032 762 3381 833 defraudavi,
3436 766 3601 820 reddo

2000 841 2365 911 quadruplum
2399 843 2551 912 (Luc.
2587 860 2706 911 xxx,
2738 846 2819 916 8).
2857 848 2917 901 In
2962 834 3076 920 lege
3117 867 3332 925 quoque
3378 865 3598 912 cautum

1998 935 2078 982 est
2104 946 2116 982 :
2142 929 2457 984 Maledictus
2483 932 2652 985 omnis
2686 935 2780 1003 qui
2810 935 3070 1005 transfert
3098 940 3345 994 terminos
3360 945 3601 1011 proximi

1997 1018 2103 1083 sui,
2130 1025 2178 1071 et
2202 1020 2333 1073 dicet
2363 1021 2533 1075 omnis
2558 1025 2809 1092 populus,
2842 1025 3011 1079 Amen
3028 1027 3210 1095 (Deut.
3246 1045 3428 1095 xxvu,
3475 1034 3590 1104 17).

1995 1106 2175 1171 Quare
2206 1108 2378 1164 miror
2404 1126 2503 1165 vos
2546 1119 2657 1165 tam
2688 1113 2922 1169 audaces
2952 1132 3086 1184 esse,
3140 1127 3193 1173 et
3242 1126 3350 1174 tam
3400 1122 3595 1194 impu-

1995 1193 2189 1249 denter
2216 1196 2409 1267 egisse,
2459 1206 2514 1253 et
2543 1202 2811 1256 terminos
2849 1219 2912 1257 ac
2935 1201 3063 1273 jura
3090 1203 3235 1259 beati
3266 1207 3409 1262 Petri
3450 1193 3592 1281 apo-

1993 1284 2263 1339 stolorum
2295 1286 2562 1358 principis
2594 1289 2881 1347 invasisse.
2914 1291 2969 1346 Si
3002 1294 3172 1362 enim,
3206 1303 3267 1349 ut
3299 1297 3463 1368 paulo
3486 1315 3591 1354 su-

1992 1373 2176 1442 perius
2214 1375 2561 1445 praelibatum
2592 1386 2695 1445 est,
2753 1380 2899 1450 juris
2950 1392 3065 1437 erat
3112 1392 3172 1440 ut
3219 1385 3422 1458 absque
3471 1387 3589 1459 ejus

1990 1470 2191 1517 sanctae
2222 1463 2368 1519 sedis
2397 1466 2727 1521 auctoritate
2758 1469 2947 1524 nullus
2977 1470 3199 1526 deberet
3228 1481 3324 1527 aut
3352 1475 3590 1532 concilia

1989 1548 2284 1617 celebrare,
2337 1560 2432 1606 aut
2472 1553 2759 1626 episcopos
2805 1556 2872 1611 ad
2921 1556 3207 1628 Synodum
3257 1578 3584 1632 convocare,

1988 1636 2073 1690 vel
2107 1652 2199 1692 eos
2228 1638 2508 1709 damnare,
2557 1650 2652 1697 aut
2686 1644 2926 1715 propriis
2956 1647 3159 1716 pellere
3189 1648 3432 1717 sedibus,
3491 1659 3588 1706 aut

274 1728 363 1775 ira
400 1722 756 1791 apostolicam
808 1725 1241 1798 canonicamtu
1287 1730 1531 1800 regulam
1576 1729 1736 1786 nobis
1780 1732 1877 1786 in-
1905 1745 1952 1804 B
1987 1724 2126 1781 alios
2164 1727 2221 1782 in
2255 1744 2443 1784 eorum
2488 1731 2609 1786 loco
2641 1732 2919 1801 ordinare,
2970 1737 3159 1792 omnia
3189 1755 3287 1793 vos
3318 1747 3585 1798 temerare

274 1810 548 1864 consultis
579 1810 805 1868 fueratis
845 1816 1178 1885 congregati,
1221 1832 1455 1887 arguens
1496 1835 1595 1875 vos
1634 1821 1875 1892 primum

276 1898 347 1952 de
378 1898 597 1969 injuriis
622 1901 931 1957 litterarum
957 1921 967 1958 :
994 1903 1193 1960 deinde
1221 1923 1320 1961 cur
1338 1907 1702 1964 Athanasium
1726 1927 1875 1966 suos-

273 2005 386 2060 que
416 1997 817 2046 consectatores
847 1992 915 2047 ad
946 2001 1190 2049 vestrum
1217 1995 1519 2052 concilium
1562 2015 1876 2056 convocas-

272 2080 430 2147 setis,
483 2079 788 2136 canonibus
817 2082 1033 2139 scilicet
1063 2084 1508 2155 praecipientibus
1536 2087 1680 2142 nihil
1719 2096 1876 2144 extra

271 2171 585 2226 Romanum
628 2172 849 2227 decerni
882 2173 1224 2244 pontiﬁcem,
1279 2177 1369 2230 cui
1406 2176 1524 2233 haec
1570 2186 1622 2234 et
1666 2180 1875 2250 majora

269 2259 645 2315 Ecclesiarum
668 2262 906 2332 negotia,
939 2270 1047 2316 tam
1077 2263 1291 2335 abJpso
1325 2266 1582 2333 Domino,
1609 2283 1769 2339 quam
1805 2268 1874 2325 ab

269 2350 534 2404 omnibus
554 2352 942 2406 universorum
967 2351 1340 2408 Conciliorum
1366 2355 1634 2426 patribus,
1650 2357 1873 2428 speciali

268 2450 423 2509 sunt,
448 2449 510 2496 ut
524 2441 637 2512 jam
660 2441 871 2497 dictum
892 2444 1291 2515 est,privilegio
1313 2446 1675 2502 contradicta.
1701 2447 1874 2505 Vobis

268 2546 407 2585 vero
431 2530 850 2602 refugientibus,
884 2540 936 2586 et
956 2533 1020 2589 ad
1045 2534 1345 2590 concilium
1368 2535 1530 2591 toties
1553 2536 1872 2591 convocatis

267 2619 461 2675 adesse
491 2619 827 2687 nolentibus,
880 2621 994 2676 illis
1023 2637 1238 2694 quoque
1269 2622 1327 2676 in
1357 2639 1454 2678 sua
1485 2624 1871 2680 reclamatione

266 2717 325 2763 et
376 2708 527 2779 justa
581 2708 792 2765 ratione
848 2710 1286 2781 persistentibus,
1337 2720 1625 2784 vestraque
1675 2730 1869 2784 cogno-

267 2808 486 2854 scentes
536 2800 792 2867 crimina,
847 2807 901 2853 et
953 2800 1181 2855 illorum
1225 2801 1433 2872 justam
1490 2803 1871 2858 examinantes

265 2889 566 2955 rationem,
592 2905 889 2960 omnesque
910 2905 1002 2944 eos
1023 2890 1244 2945 Niczeno
1266 2890 1506 2946 concilio
1530 2892 1868 2962 comperien-

264 2985 372 3060 tes,
416 2986 468 3032 et
500 2978 702 3032 nostris
736 2977 1054 3049 apostolicis
1079 2977 1424 3049 jussionibus
1473 2979 1869 3051 obtemperan—

264 3075 375 3134 tes,
430 3068 608 3122 visum
643 3075 723 3122 est
754 3067 912 3123 nobis
957 3083 1021 3123 ac
1052 3068 1314 3123 universo
1343 3068 1602 3134 concilio,
1643 3076 1705 3122 ut
1747 3086 1865 3135 vos,
1906 3097 1949 3157 Ο

264 3156 485 3212 divinis
528 3158 811 3229 praeceptis
844 3164 898 3212 et
925 3158 1245 3227 apostolicis
1277 3157 1507 3212 monitis
1557 3158 1866 3225 informati,

266 3245 371 3317 qui
400 3262 496 3316 pro
521 3247 769 3302 omnium
805 3247 1175 3303 Ecclesiarum
1210 3253 1353 3301 statu
1376 3245 1612 3318 impigro
1639 3246 1869 3317 vigilare

262 3333 534 3389 debemus
555 3333 773 3401 affectu,
796 3334 841 3388 si
877 3333 1175 3406 quidquam
1200 3333 1611 3402 reprehensioni
1634 3350 1868 3406 usquam

265 3426 559 3481 invenitur
617 3426 944 3493 obnoxium,
1003 3427 1166 3481 celeri
1222 3426 1599 3481 sollicitudine
1651 3436 1747 3481 aut
1800 3426 1868 3480 ab

263 3516 597 3586 ignorantiae
630 3514 931 3585 imperitia,
964 3521 1056 3566 aut
1087 3529 1117 3566 a
1147 3515 1595 3584 praesumptionis
1629 3532 1869 3586 usurpa—

262 3604 417 3658 tione
451 3617 792 3658 revocemus.
838 3600 935 3655 His
966 3600 1148 3655 taliter
1178 3599 1540 3656 consideratis
1574 3611 1735 3673 atque
1764 3600 1869 3656 de—

261 3693 452 3758 cretis,
515 3698 775 3761 tanquam
811 3690 1057 3745 omnium
1088 3706 1276 3747 curam
1310 3699 1578 3761 gerentes,
1646 3697 1870 3763 propter

261 3780 410 3836 sedis
442 3778 680 3850 propria:
710 3778 1060 3849 dignitatem,
1118 3782 1458 3850 suscepimus
1486 3795 1579 3835 eos
1619 3779 1677 3834 in
1704 3796 1867 3835 com-

261 3868 613 3933 munionem,
650 3865 992 3937 singulisque
1017 3882 1142 3920 curn
1174 3867 1308 3933 suis,
1340 3866 1667 3922 auctoritate
1700 3866 1868 3938 hujus

261 3966 466 4014 sanctae
511 3955 677 4021 sedis,
726 3954 890 4009 rebus
921 3970 1046 4008 suas
1085 3954 1335 4024 proprias
1373 3953 1716 4009 reddidimus
1752 3957 1867 4011 Ec-

263 4047 479 4112 clesias,
496 4044 755 4116 quoniam
793 4043 924 4098 huic
954 4049 1153 4097 sanctae
1180 4040 1294 4097 sedi
1327 4048 1551 4112 propter
1568 4058 1864 4112 pravorum

264 4134 556 4189 hominum
590 4130 841 4198 insidias,
865 4131 984 4202 ipso
1023 4132 1264 4186 Domino
1294 4130 1641 4197 instituente,
1664 4136 1715 4184 et
1745 4146 1864 4185 san-

263 4224 371 4279 ctis
396 4222 698 4292 Apostolis,
744 4236 1049 4292 eorumque
1081 4218 1492 4276 successoribus
1523 4235 1620 4290 per
1650 4220 1867 4289 singula

262 4311 502 4367 concilia
527 4309 938 4376 roborantibus,
974 4308 1080 4364 hoc
1110 4324 1324 4380 semper
1356 4309 1515 4364 licuit
1546 4307 1861 4381 licebitque,

262 4399 506 4455 Domino
536 4397 865 4465 auxiliante,
899 4397 955 4451 in
987 4404 1330 4467 perpetuum.
1364 4396 1520 4451 Unde
1550 4396 1645 4468 qui
1675 4412 1731 4451 se
1761 4398 1864 4452 scit

263 4488 393 4544 aliis
439 4504 554 4542 esse
600 4488 975 4559 praapositum,
1039 4500 1149 4539 non
1181 4485 1410 4540 moleste
1460 4485 1597 4539 ferat
1626 4486 1864 4557 aliquem

261 4577 372 4632 sibi
399 4592 514 4631 esse
543 4577 854 4647 praelatum,
905 4573 999 4630 sed
1028 4573 1544 4645 obtemperantium,
1595 4589 1760 4644 quam
1800 4573 1868 4628 ab

262 4665 392 4720 aliis
440 4665 692 4735 requirit,
747 4664 914 4736 gratis
943 4672 997 4719 et
1026 4663 1143 4734 ipse
1172 4660 1465 4733 dependat.
1527 4660 1870 4732 Quapropter

263 4755 603 4826 increpando
648 4754 808 4808 vobis
837 4751 1042 4820 scribo,
1096 4751 1227 4824 quia
1254 4767 1367 4806 non
1398 4758 1545 4807 recte
1592 4750 1868 4805 tractastis

262 4843 420 4899 viros
451 4844 779 4914 inculpatos,
812 4849 866 4896 et
889 4858 919 4896 a
949 4840 1108 4896 nobis
1139 4839 1367 4895 minime
1396 4840 1769 4906 examinatos,
1801 4839 1868 4895 de

262 4931 384 4986 suis
432 4931 698 4986 Ecclesiis
746 4929 1137 4986 communione
1183 4929 1429 5001 privatos
1476 4929 1763 5001 pellentes,
1815 4936 1869 4983 et

262 5022 653 5079 ecclesiasticae
681 5021 990 5094 disciplinas
1024 5019 1283 5091 injuriam
1308 5019 1634 5088 irrogantes,
1666 5016 1867 5074 consti-

259 5120 563 5183 tutumque
609 5112 816 5168 Nicaani
847 5110 1074 5167 concilii
1114 5107 1344 5163 minime
1379 5115 1682 5175 servantes,
1738 5106 1868 5161 talia

260 5200 680 5271 indisciplinate
707 5215 863 5271 agere
889 5214 1000 5254 non
1032 5195 1394 5252 formidastis.
1450 5194 1683 5262 Idcirco,
1718 5212 1867 5266 quo-

261 5290 416 5344 niam
475 5289 682 5344 dudum
740 5287 929 5343 venire
990 5285 1270 5352 renuistis,
1332 5283 1496 5339 modo
1546 5282 1613 5337 ad
1657 5291 1865 5338 certum

262 5378 437 5444 diem,
480 5378 539 5433 id
562 5385 664 5445 est,
695 5393 773 5432 xv
804 5377 927 5432 Kal.
960 5374 1308 5439 Novembris,
1343 5389 1442 5426 vos
1475 5372 1672 5426 iterum
1707 5388 1860 5439 regu-

262 5466 459 5522 lariter
490 5465 690 5522 litteris
722 5465 1013 5537 missisque
1040 5477 1353 5527 evocamus,
1404 5466 1466 5514 ut
1496 5476 1678 5515 coram
1710 5459 1870 5514 vobis

264 5554 649 5623 ostendamus,
702 5553 1029 5624 nosjustam
1071 5551 1131 5606 in
1159 5566 1251 5606 eos
1294 5548 1592 5623 protulisse
1639 5556 1868 5606 senten-

1892 4447 1942 4505 D

1987 1828 2098 1868 non
2124 1814 2409 1873 timuistis.
2435 1817 2582 1884 Quid
2607 1835 2737 1891 ergo
2762 1830 2845 1876 est
2870 1823 3022 1879 aliud
3049 1826 3176 1880 talis
3207 1829 3583 1899 praesumptio,

1986 1900 2096 1956 nisi
2127 1904 2273 1973 quod
2303 1906 2678 1975 apostolorum
2710 1925 3045 1983 suorumque
3074 1928 3449 1970 successorum
3480 1916 3587 1971 de-

1985 1996 2132 2044 creta
2179 1993 2506 2063 transgredi,
2559 2002 2613 2049 et
2652 1997 3099 2053 maledictionem
3146 2002 3398 2072 superius
3441 2019 3587 2059 com-

1984 2080 2331 2151 prehensam,
2392 2083 2449 2137 in
2492 2084 2607 2156 lege
2654 2086 2866 2142 scilicet
2897 2095 3137 2155 cautam,
3198 2106 3359 2162 quam
3405 2093 3586 2149 omnis

1985 2169 2223 2238 populus
2242 2186 2355 2224 uno
2386 2187 2478 2226 ore
2505 2187 2855 2245 consonaque
2887 2176 3240 2245 responsione
3263 2196 3359 2249 per
3379 2180 3584 2250 Amen,

1985 2256 2042 2312 id
2068 2265 2149 2312 est
2180 2257 2294 2324 ﬁat,
2337 2259 2708 2327 conﬁrmavit,
2740 2263 3017 2334 suscipere
3047 2282 3157 2320 non
3198 2268 3463 2325 timuistis
3485 2271 3513 2325 7
3551 2296 3570 2319 ι

2054 2349 2187 2402 Item
2214 2365 2281 2402 ea:
2309 2350 2485 2403 eadem
2512 2368 2523 2404 :
2582 2374 2599 2396 ι
2628 2352 2801 2406 Nemo
2828 2353 2977 2408 enim
3003 2354 3308 2411 debitorem
3341 2360 3584 2429 amplius

1984 2443 2162 2506 potest
2190 2452 2538 2513 cognoscere,
2595 2455 2756 2509 quam
2790 2440 2884 2495 ille
2932 2442 3027 2512 qui
3056 2441 3322 2512 injuriam
3352 2446 3582 2518 ejusque

1982 2525 2249 2580 sustinuit
2262 2527 2585 2597 nequitiam.
2602 2552 2619 2573 ι
2649 2531 2720 2584 Et
2726 2538 3026 2600 postpauca
3044 2550 3056 2587 :
3087 2559 3103 2579 -
3117 2531 3275 2598 Quod
3286 2534 3432 2589 enim
3447 2536 3579 2592 scri-

1982 2614 2171 2686 psistis
2200 2631 2310 2670 non
2346 2632 2501 2687 posse
2530 2633 2655 2672 eum
2686 2635 2717 2673 a
2745 2619 3002 2690 pauciore
3042 2637 3272 2676 numero
3299 2624 3579 2696 episcopo-

1981 2719 2105 2757 rum
2140 2704 2357 2760 restitui
2390 2721 2552 2776 quam
2585 2705 2866 2777 depositus
2890 2707 3086 2777 fuerat,
3115 2726 3227 2765 non
3258 2710 3334 2765 ita
3363 2721 3461 2774 est.
3480 2730 3582 2770 nec

1982 2790 2100 2847 huic
2130 2794 2317 2862 regula
2346 2792 2785 2850 orthodoxorum
2816 2805 3018 2852 sanctae
3050 2798 3312 2853 Ecclesiae
3342 2808 3424 2855 est
3453 2800 3582 2873 epi-

1980 2896 2292 2951 scoporum,
2329 2882 2421 2938 sed
2454 2884 2842 2952 Arrianorum,
2878 2885 3154 2942 sociorum
3186 2887 3445 2944 videlicet
3476 2906 3581 2945 ve-

1980 2969 2367 3037 strorum,haac
2388 2971 2638 3027 inventio
2657 2972 2727 3028 ad
2749 2973 3112 3044 perditionem
3140 2976 3579 3034 orthodoxorum

1981 3058 2363 3129 episcoporum
2386 3069 2646 3115 contexta
2666 3069 2767 3116 est.
2792 3062 2952 3128 Nam,
2976 3070 3037 3117 ut
3057 3061 3217 3117 nobis
3238 3080 3269 3117 a
3290 3065 3579 3121 veracibus

1981 3152 2062 3199 est
2096 3145 2326 3199 testibus
2357 3147 2610 3212 relatum,
2638 3147 2857 3217 quando
2887 3148 3199 3203 Antiochiae
3230 3166 3327 3220 pro
3349 3151 3573 3206 damna-

1980 3234 2131 3287 tione
2161 3232 2287 3287 fidei
2316 3233 2384 3287 de
2404 3234 2981 3289 consubstantialitate
3005 3237 3214 3307 prolata
3236 3237 3422 3295 fuistis
3448 3256 3575 3297 con-

1896 3332 1901 3335 '
1981 3323 2206 3394 gregali,
2235 3322 2364 3377 odio
2399 3322 2647 3394 praedicti
2682 3323 2973 3380 Athanasii
3006 3324 3147 3381 hanc
3176 3328 3418 3396 regulam
3451 3345 3575 3400 pro-

1982 3411 2209 3478 tulistis,
2231 3428 2355 3482 qum
2385 3411 2566 3466 nullas
2597 3411 2762 3466 habet
2794 3412 2961 3480 vires,
2994 3429 3095 3469 nec
3123 3414 3321 3469 habere
3349 3417 3574 3487 poterit,

1979 3501 2238 3579 quoniam
2263 3516 2364 3555 nec
2394 3500 2460 3554 ab
2491 3499 2817 3555 orthodoxis
2838 3501 3110 3573 episcopis
3139 3502 3245 3557 hoc
3270 3503 3573 3559 concilium

1978 3599 2160 3647 actum
2191 3599 2291 3656 est,
2340 3606 2441 3646 nec
2472 3592 2728 3648 Romanae
2760 3589 3019 3645 Ecclesia:
3051 3591 3250 3661 legatio
3288 3591 3572 3663 interfuit,

1977 3679 2282 3735 canonibus
2309 3677 2759 3751 praecipientibus
2787 3678 2905 3733 sine
2932 3677 3050 3749 ejus
3077 3680 3402 3736 auctoritate
3445 3697 3575 3737 con-

1977 3770 2108 3825 cilia
2135 3770 2253 3824 ﬁeri
2287 3786 2397 3824 non
2429 3768 2646 3836 debere,
2690 3784 2790 3825 nec
2819 3769 2997 3823 ullum
3028 3766 3207 3824 ratum
3239 3776 3320 3825 est
3347 3776 3442 3824 aut
3472 3769 3575 3826 erit

1976 3874 2221 3930 unquam
2242 3858 2568 3924 concilium,
2590 3856 2739 3929 quod
2767 3856 2885 3928 ejus
2916 3873 3025 3911 non
3058 3858 3225 3912 fuerit
3247 3858 3451 3914 fultum
3482 3874 3574 3927 au-

1975 3949 2251 4005 ctoritate.
2295 3949 2471 4020 Igitur
2501 3948 2567 4003 de
2599 3949 2726 4019 fuga
2755 3964 2917 4019 super
2943 3963 3053 4019 qua
3088 3948 3455 4004 Athanasium
3482 3966 3575 4006 re-

1974 4039 2347 4110 prehenditis;
2356 4054 2465 4092 non
2489 4046 2634 4092 recte
2651 4037 2831 4108 agitis,
2850 4053 2976 4093 cum
3000 4037 3114 4107 ipse
3135 4038 3405 4093 Dominus
3425 4054 3575 4094 man-

1975 4126 2165 4181 datum
2197 4123 2357 4178 nobis
2392 4124 2496 4178 hoc
2525 4124 2738 4179 dederit
2764 4142 2775 4178 :
2806 4125 2938 4179 Cum
2964 4127 3227 4194 persecuti
3256 4144 3349 4180 vos
3374 4125 3580 4197 fuerint

1973 4215 2033 4268 in
2070 4230 2233 4267 unam
2275 4213 2558 4276 civitatem,
2605 4211 2773 4280 fugite
2807 4212 2860 4263 in
2890 4212 3057 4265 aliam
3109 4214 3323 4281 (Matth.
3357 4232 3418 4281 x,
3455 4216 3573 4287 23).

1974 4303 2046 4359 Et
2102 4303 2216 4372 ipse
2268 4301 2538 4356 Dominus
2596 4315 2692 4371 per
2731 4299 3084 4370 semetipsum
3131 4303 3447 4371 exemplum
3485 4302 3574 4357 de-

1973 4399 2305 4458 monstrans,
2338 4389 2557 4461 quando
2579 4387 2836 4443 Pharisaei
2868 4387 3165 4443 concilium
3199 4387 3448 4443 fecerunt
3479 4389 3570 4444 ad.

1976 4496 2165 4535 versus
2194 4495 2315 4533 eum
2354 4486 2416 4532 ut
2447 4492 2571 4531 eum
2604 4475 2937 4542 occiderent,
2983 4476 3165 4530 sciens
3194 4484 3375 4531 autem
3416 4478 3574 4533 Iesus

1976 4568 2223 4624 discessit
2258 4564 2404 4621 inde.
2439 4565 2508 4619 Et
2537 4564 2706 4619 alibi:
2760 4563 3017 4618 Tulerunt
3055 4565 3258 4634 lapides
3287 4565 3480 4634 Judazi,
3514 4574 3575 4622 ut

1974 4660 2235 4713 mitterent
2262 4657 2317 4711 in
2347 4672 2481 4709 eum.
2535 4654 2686 4709 Iesus
2715 4660 2889 4707 autem
2916 4653 3190 4708 abscondit
3221 4671 3290 4721 se,
3335 4660 3383 4709 et
3410 4656 3576 4710 exi-vit

1974 4747 2039 4801 de
2064 4746 2274 4816 templo,
2297 4750 2343 4798 et
2365 4743 2625 4798 transiens
2648 4760 2743 4813 per
2770 4742 2998 4797 medium
3027 4759 3207 4797 eorum
3235 4742 3388 4812 abiit,
3414 4750 3468 4799 et
3497 4743 3574 4800 ita

1974 4834 2244 4891 discessit.
2267 4833 2401 4889 Nam
2426 4842 2480 4888 et
2499 4832 2760 4904 discipuli
2783 4840 3005 4904 propter
3028 4841 3233 4889 metum
3256 4832 3571 4889 Iudaeorum

1974 4929 2337 4989 recesserunt,
2385 4921 2625 4978 celantes
2654 4920 2995 4992 semetipsos.
3042 4920 3113 4975 Et
3145 4922 3346 4975 Paulus
3373 4921 3432 4973 in
3458 4922 3568 4974 Da-

1974 5027 2160 5067 masco
2208 5011 2298 5080 (II
2325 5009 2448 5064 Cor.
2482 5008 2584 5079 χι),
2618 5024 2649 5061 a
2676 5008 2926 5080 principe
2956 5010 3136 5079 gentis
3166 5007 3452 5077 quaesitus,
3501 5004 3571 5061 de

1974 5116 2133 5154 muro
2157 5107 2343 5168 sporta
2371 5097 2653 5168 depositus
2680 5103 2784 5163 est,
2810 5105 2862 5152 et
2886 5111 3078 5149 manus
3107 5092 3403 5166 quaerentis
3431 5091 3569 5148 eﬁ'u-

1976 5189 2071 5260 git.
2132 5187 2201 5240 Et
2233 5186 2326 5241 alii
2361 5184 2757 5257 quamplurimi
2801 5192 2855 5238 et
2885 5182 3321 5237 innumerabiles
3367 5182 3565 5249 sancti,

1974 5284 2087 5331 tam
2119 5275 2175 5328 in
2207 5275 2417 5342 Veteri,
2436 5290 2600 5346 quam
2630 5272 2687 5327 in
2708 5273 2863 5327 Novo
2885 5272 3253 5337 Testamento,
3272 5270 3475 5340 fugisse
3496 5272 3568 5327 le-

1975 5373 2195 5440 guntur.
2255 5366 2311 5419 Si
2364 5381 2491 5435 ergo
2541 5364 2725 5434 fugam
2775 5360 3158 5434 improperatis
3203 5360 3567 5432 fugientibus,

1974 5454 2277 5513 erubescite
2327 5453 2510 5525 potius
2552 5451 2825 5524 persequi,
2888 5457 2943 5506 et
2988 5449 3255 5522 quiescite
3294 5448 3565 5520 insidiari,

1975 5546 2365 5619 quiescentque
2391 5538 2658 5633 contipuo
2679 5540 2971 5613 fugientes.
2993 5538 3127 5593 Nam
3151 5537 3268 5593 sive
3288 5538 3568 5612 perimatis
