4078 6182
499 258 635 319 1011
1538 251 1885 310 HINCMARI
1924 251 2112 309 LUGD
2120 248 2408 308 UNENSIS
2446 250 2755 309 EPISCOPI
3659 251 3790 310 illi!

499 432 613 487 eos,
646 430 795 473 mors
823 431 1038 489 semper
1062 423 1253 474 contra
1282 406 1381 472 vos
1404 414 1678 471 exclamat
1708 432 1721 482 ;
1751 417 1869 471 sive
1898 432 2090 474 rursus
2124 419 2175 477 A
2223 440 2243 463 ι
2270 415 2486 473 Iudices
2512 424 2691 473 autem
2723 417 2817 473 alii
2847 432 2962 473 esse
2992 432 3103 472 non
3134 413 3358 484 debent,
3377 414 3487 471 nisi
3519 432 3659 491 quos
3689 418 3798 491 ipse

501 505 701 563 exsilia
724 505 1127 578 superponatis,
1160 505 1365 577 ubique
1398 504 1455 559 in
1483 520 1583 558 vos
1614 503 1744 558 mali
1777 506 2099 561 memoriam
2209 507 2301 580 qui
2360 507 2647 578 impetitur
2676 506 2921 578 elegerit,
2953 514 3046 561 aut
3079 522 3217 578 quos
3246 521 3345 560 suo
3376 522 3500 561 cum
3535 523 3801 566 consensu

504 600 779 657 destinare
810 597 1130 666 noscimini,
1157 606 1209 653 et
1238 597 1321 652 illi
1353 595 1613 669 patiendo
1640 595 1745 651 sibi
1780 597 2098 667 proﬁciunt.
2211 597 2327 653 hinc
2356 605 2543 653 sancta
2572 596 2742 665 sedes,
2774 604 2867 651 aut
2897 595 3014 668 ejus
3044 596 3305 667 primates
3335 596 3664 651 auctoritate
3696 598 3804 655 hu-

507 688 664 746 Unde
692 698 746 746 et
773 690 1046 746 Dominus
1078 688 1192 743 ait:
1224 687 1408 744 Nolite
1440 688 1636 743 timere
1662 702 1754 741 eos
1782 686 1876 758 qui
1907 704 2103 759 corpus
2208 684 2299 758 jus
2328 694 2529 742 sancta)
2549 687 2691 742 sedis
2717 687 3114 759 delegaveriut.
3154 686 3237 740 Ex
3269 685 3358 741 his
3396 687 3545 740 enim
3573 695 3628 742 et
3665 688 3805 758 aliis,

507 780 788 849 occidunt,
849 778 1091 833 animam
1154 784 1334 832 autem
1396 791 1508 831 non
1570 783 1799 846 possunt
1857 776 2105 831 occidere
2215 791 2338 846 quae
2368 782 2480 830 tam
2510 775 2568 830 in
2596 775 2696 831 bac
2744 784 2934 830 sancta
2962 775 3108 842 sede,
3141 790 3304 847 quam
3352 783 3407 830 et
3434 774 3501 829 ab
3532 777 3808 849 Apostolis

510 869 726 939 (Matth.
754 868 817 939 x)
846 885 859 933 ;
883 866 975 922 sed
998 865 1183 937 potius
1205 881 1331 920 eum
1353 864 1562 931 timete,
1593 864 1687 935 qui
1713 872 1889 936 potest
1914 872 1967 919 et
1991 864 2105 919 ani-
2215 878 2513 935 eorumque
2557 864 2967 920 successoribus
3014 871 3144 919 sunt
3183 866 3410 927 statuta,
3461 864 3540 918 nil
3571 864 3809 936 praefatis

507 973 655 1014 mam
686 965 741 1013 et
769 972 970 1027 corpus
997 955 1223 1027 perdere
1262 955 1322 1010 in
1360 954 1688 1025 gehennam.
1725 954 1928 1009 Multos
1956 954 2105 1009 enim
2215 952 2484 1024 episcopis
2518 954 2868 1009 concessistis
2896 971 2907 1008 :
2942 953 3034 1008 sed
3067 953 3183 1008 vim
3201 953 3280 1008 eis
3312 953 3635 1022 inferentes,
3672 955 3808 1027 inju-

509 1047 875 1118 cognovimus
906 1045 1159 1117 pessimis
1189 1042 1697 1100 machinationibus
1723 1041 1927 1114 injuste
1948 1043 2108 1115 depo-

513 1137 667 1192 sitos.
702 1135 830 1191 Ideo
855 1150 1205 1206 summepere
1229 1133 1389 1202 mihi,
1414 1133 1504 1189 cui
1529 1133 1648 1189 vice
1671 1131 1937 1204 principis
1967 1132 2110 1204 Apo-

515 1227 785 1281 stolorum
826 1224 1161 1280 universalis
1206 1223 1470 1279 Ecclesiae
1505 1238 1637 1278 cura
1684 1221 1979 1277 commissa
2008 1229 2108 1288 est,

513 1314 919 1387 providendum
950 1323 1050 1383 est,
1082 1313 1388 1369 auxiliante
1434 1314 1551 1384 ipso
1597 1327 1814 1368 summo
1842 1312 2110 1383 apostolo,

514 1421 585 1461 ne
612 1404 870 1476 deinceps
911 1404 1043 1460 talia
1090 1402 1246 1471 ﬁant,
1281 1401 1543 1475 quoniam
1595 1400 1720 1457 ideo
1751 1400 1884 1455 huic
1912 1405 2115 1454 sanctae

517 1494 633 1551 sedi
668 1496 891 1567 praefata
918 1493 1209 1566 privilegia
1230 1492 1543 1565 specialiter
1564 1500 1694 1548 sunt
1723 1499 2116 1559 concessa,tam

518 1587 587 1644 de
616 1586 1016 1659 congregandis
1045 1585 1323 1652 conciliis,
1348 1602 1410 1641 ac
1443 1584 1889 1649 restitutionibus
1910 1583 2115 1653 episco-

518 1693 739 1750 porum,
772 1692 935 1747 quam
967 1676 1035 1731 de
1082 1676 1313 1731 summis
1342 1675 1716 1732 Ecclesiarum
1747 1672 2002 1744 negotiis,
2058 1676 2119 1724 ut

2218 1046 2426 1111 steque,
2478 1051 2539 1097 ut
2588 1044 2844 1110 superius
2875 1051 3366 1099 commemoratum
3397 1052 3499 1113 est,
3529 1061 3622 1101 eos
3651 1046 3813 1103 dam—

2221 1138 2435 1198 nantes,
2457 1131 2672 1203 aliquos
2691 1133 2945 1188 absentes
2966 1133 3286 1205 expulistis,
3309 1134 3457 1205 quod
3488 1134 3641 1190 omni
3661 1135 3812 1192 Chri-

2222 1218 2414 1273 stianae
2438 1219 2543 1289 legi
2566 1227 2647 1273 est
2665 1219 2956 1276 inimicum
2970 1263 2980 1276 .
2994 1222 3054 1276 In
3074 1220 3274 1292 quibus
3301 1232 3524 1294 apparet
3551 1223 3705 1295 quod
3724 1241 3815 1282 nec

2223 1307 2462 1362 Domino
2492 1324 2589 1363 sua
2622 1310 2880 1364 servastis
2891 1310 3035 1381 jura,
3062 1327 3163 1367 nec
3191 1311 3323 1366 huic
3340 1319 3539 1367 sancta;
3574 1315 3741 1369 matri
3767 1323 3813 1369 et

2224 1397 2538 1467 apostolicae
2588 1400 2871 1467 Ecclesiae,
2905 1417 3047 1473 quae,
3076 1408 3138 1455 ut
3185 1401 3553 1473 prescriptum
3584 1411 3693 1470 est,
3733 1421 3816 1461 eos

2226 1502 2325 1543 suo
2348 1486 2562 1559 judicio
2592 1498 2686 1544 aut
2716 1491 2847 1547 huic
2880 1491 2994 1547 sedi
3023 1491 3203 1547 voluit
3234 1494 3521 1562 reservari,
3552 1510 3622 1549 ne
3649 1512 3683 1549 a
3714 1504 3817 1551 tam

2228 1582 2434 1652 pravis,
2462 1581 2605 1637 sicut
2636 1580 2786 1649 estis,
2821 1580 3143 1636 hominibus
3175 1581 3572 1636 damnarentur
3600 1588 3698 1636 aut
3734 1580 3817 1655 eji-

2228 1678 2501 1727 cerentur.
2536 1673 2595 1726 In
2630 1670 2717 1725 his
2751 1671 3011 1726 omnibus
3061 1673 3393 1735 vosstultos
3422 1680 3475 1727 et
3508 1673 3819 1749 praevarica-

520 1764 589 1822 ab
634 1782 697 1822 ea
742 1781 933 1821 omnes
964 1765 1210 1839 oppressi
1250 1764 1526 1819 auxilium
1559 1771 1612 1819 et
1641 1762 1847 1833 injuste
1872 1757 2117 1815 damnati
2147 1781 2193 1840 B
2228 1769 2373 1816 tores
2413 1760 2845 1832 Evangeliorum
2877 1768 2931 1815 et
2946 1778 3228 1845 ,canonum
3262 1778 3399 1828 esse,
3433 1763 3575 1817 nulli
3599 1778 3735 1818 sane
3756 1778 3823 1817 sa-

521 1854 931 1910 restitutionem
960 1861 1199 1919 sumant,
1234 1862 1286 1908 et
1308 1853 1441 1907 talia
1470 1852 1538 1907 ab
1569 1850 1836 1924 improbis
1866 1866 1964 1904 nec
1984 1864 2117 1919 prte-

523 1953 815 2001 sumantur
861 1944 1065 2016 absque
1098 1945 1335 2008 ultione,
1381 1960 1482 1999 nec
1526 1949 1889 1998 exerceantur
1917 1940 2120 2011 absque

525 2033 899 2089 damnatione.
925 2057 943 2080 ι
976 2035 1051 2087 Ει
1074 2040 1193 2104 post
1219 2034 1520 2101 aliquanta.
1566 2030 1790 2085 «Noluit
1812 2030 1993 2102 itaque
2016 2030 2118 2083 Do-

523 2121 709 2177 minus
734 2128 851 2176 tam
882 2120 1080 2176 leviter
1100 2137 1227 2176 suos
1257 2121 1482 2176 tractari
1512 2120 1796 2173 ministros
1827 2118 1969 2173 sicut
1991 2116 2119 2172 faci-

522 2210 616 2280 tis,
650 2218 745 2266 aut
771 2227 801 2265 a
827 2208 987 2265 vobis
1017 2210 1287 2276 damnari,
1322 2208 1416 2264 sed
1447 2208 1590 2263 sicut
1616 2216 1985 2263 memoratum
2016 2214 2117 2274 est,

523 2308 617 2357 aut
647 2302 714 2357 ab
742 2301 846 2358 hac
884 2310 1069 2357 sancta
1120 2298 1244 2356 sede
1275 2299 1366 2355 cui
1396 2298 1676 2355 commissi
1706 2305 1853 2363 sunt,
1901 2304 1993 2352 aut
2025 2314 2122 2352 suo

525 2392 793 2447 reservari
817 2390 1055 2462 judicio.
1082 2391 1178 2446 Ait
1199 2390 1347 2445 enim
1366 2408 1376 2445 :
1395 2389 1498 2456 Qui
1526 2406 1627 2443 vos
1651 2387 2019 2456 contristabit,
2038 2405 2123 2443 me

526 2483 898 2540 contristabit.
931 2481 1037 2549 Qui
1074 2482 1266 2537 fecerit
1301 2479 1561 2551 injuriam
1594 2480 1772 2547 vobis,
1812 2479 2037 2550 recipiet
2066 2479 2123 2534 id

528 2573 673 2646 quod
705 2573 895 2643 inique
932 2572 1116 2641 gessit.
1170 2572 1241 2625 Et
1287 2577 1493 2641 quanta
1524 2585 1683 2640 pinna
1710 2576 1988 2641 exspectet
2033 2585 2125 2625 eos

528 2658 622 2730 qui
644 2657 869 2712 Domini
893 2657 1609 2727 scandalizantdiscipulos,
1627 2656 1987 2726 Evangelium
2014 2656 2124 2711 suf-

528 2744 780 2804 ﬁcienter
810 2746 1061 2819 exponit,
1087 2745 1181 2801 ubi
1204 2746 1270 2801 de
1292 2743 1795 2801 scandalizantibus
1824 2744 2125 2815 discipulos

529 2835 798 2907 loquitur.
820 2835 955 2890 Nam
988 2834 1136 2907 quod
1164 2852 1194 2888 a
1224 2834 1385 2888 vobis
1412 2850 1526 2888 non
1557 2834 2011 2902 sintdamnandi,
2032 2835 2125 2889 sed

531 2931 626 2978 aut
672 2922 739 2977 ab
786 2922 889 2979 hac
937 2928 1126 2977 sancta
1157 2921 1303 2987 sede,
1338 2930 1399 2977 ut
1430 2922 1720 2993 praefatum
1756 2933 1853 2990 est,
1889 2931 1985 2976 aut
2019 2923 2123 2977 sibi

532 3011 872 3080 reservandi,
911 3010 1028 3084 ipse
1076 3009 1367 3066 manifeste
1413 3010 1507 3065 dat
1535 2998 1873 3080 exemplum,
1907 3011 2126 3083 quando

2232 1848 2500 1919 pientium
2524 1857 2605 1904 est
2633 1849 3039 1906 absconditum.
3059 1849 3168 1906 Nec
3187 1850 3274 1906 his
3294 1851 3544 1907 contenti
3571 1852 3630 1905 in
3652 1858 3823 1905 vestra

2233 1939 2365 1993 estis
2396 1941 2869 2010 praevaricatione,
2889 1941 2981 1995 sed
3011 1943 3177 1998 etiam
3209 1942 3354 2017 quod
3390 1944 3543 2016 prius
3573 1942 3822 2014 expulsos

2233 2044 2345 2096 eos,
2378 2039 2430 2085 et
2480 2032 2592 2087 suis
2621 2033 2956 2105 exspoliatos
3003 2034 3184 2100 rebus,
3219 2034 3372 2106 quasi
3398 2034 3645 2088 vocastis
3673 2042 3821 2104 atque

2234 2118 2557 2185 damnastis,
2606 2138 2731 2177 cum
2781 2123 2971 2178 nullus
3015 2125 3341 2195 regulariter
3380 2132 3472 2179 aut
3503 2124 3715 2189 vocari,
3744 2130 3821 2177 aut

2230 2209 2468 2281 judicari
2497 2212 2671 2284 possit
2697 2220 2987 2288 antequam
3014 2215 3085 2269 sit
3108 2215 3432 2286 regulariter
3455 2216 3823 2281 restitutus,et

2235 2317 2331 2355 sua
2359 2303 2545 2357 omnia
2568 2303 2617 2358 ei
2642 2303 2854 2374 legibus
2886 2306 2997 2361 sint
3023 2305 3375 2377 integerrime
3406 2305 3824 2361 reformata.Est

2235 2407 2471 2464 namque
2526 2393 2582 2448 in
2639 2395 2932 2466 saepedicta
2974 2404 3159 2452 sancta
3207 2396 3420 2469 synodo
3457 2396 3525 2451 ab
3575 2395 3825 2451 omnibus

2236 2482 2576 2537 unanimiter
2606 2483 2910 2551 decretum,
2942 2494 2995 2540 et
3037 2486 3339 2557 apostolica
3376 2485 3711 2542 auctoritate
3742 2502 3826 2539 ro—

2237 2569 2510 2637 boratum,
2561 2578 2621 2625 ut
2670 2572 2714 2626 si
2749 2574 2872 2644 quis
2903 2574 3286 2647 episcoporum
3318 2573 3434 2627 suis
3466 2570 3825 2640 {uerita-chus

2238 2660 2594 2731 exspoliatus,
2627 2668 2679 2714 et
2713 2660 2769 2715 in
2802 2663 3150 2719 accusatione
3183 2663 3450 2735 pulsatus,
3484 2660 3825 2716 ordinatione

2239 2749 2563 2821 pontiﬁcum
2595 2759 2815 2823 oportet
2842 2761 2895 2808 et.
2912 2752 3065 2807 decet
3089 2762 3336 2808 sanctum
3361 2752 3706 2825 propositum
3732 2748 3823 2822 pri-

2240 2858 2329 2896 ma
2359 2842 2539 2897 fronte
2569 2850 2799 2911 certare,
2855 2852 2915 2898 ut
2965 2843 3154 2898 omnia
3186 2858 3305 2917 quas
3333 2859 3429 2916 per
3459 2842 3824 2917 suggestiones

2239 2931 2597 2990 inimicorum
2631 2952 2855 2991 suorum
2887 2936 3165 3005 amiserat,
3206 2936 3453 3007 legaliter
3483 2936 3664 3008 primo
3691 2944 3824 3008 pote-

2240 3022 2362 3078 stati
2396 3022 2514 3094 ejus
2542 3023 2607 3079 ab
2640 3023 2955 3079 honorabili
3003 3025 3243 3081 concilio
3273 3026 3737 3097 redintegrentur,
3778 3033 3825 3079 et

530 3110 817 3176 peccantes
849 3103 1176 3168 sacerdoteS,
1205 3116 1439 3172 quorum
1466 3101 1647 3155 locum
1674 3098 1837 3155 mOdO
1857 3100 1912 3156 in
1943 3108 2129 3157 sancta
2164 3141 2207 3199 Ο
2240 3112 2440 3181 praesul
2474 3111 2796 3181 regulariter
2828 3112 2979 3185 prius
3009 3113 3176 3169 statui
3208 3114 3442 3187 pristino
3473 3114 3751 3178 reddatur,
3775 3119 3822 3167 et

531 3191 777 3248 Ecclesia
817 3191 1057 3264 episcopi
1093 3198 1303 3257 tenent,
1335 3206 1445 3246 non
1476 3207 1571 3263 per
1599 3190 1791 3258 alium,
1816 3190 1907 3246 sed
1938 3207 2031 3261 per
2051 3207 2131 3245 se-

533 3281 850 3354 metipsum,
894 3280 1195 3338 vendentes
1238 3290 1292 3337 et
1333 3288 1578 3336 ementes
1606 3279 1773 3353 ejecit
1802 3278 1867 3336 de
1898 3280 2128 3353 templo,

532 3377 587 3426 et
610 3382 824 3427 mensas
854 3369 1357 3426 nummulariorum
1377 3368 1602 3444 preprio
1615 3368 1815 3423 evertit
1829 3368 2064 3442 ﬂagello,
2079 3376 2132 3423 et

534 3460 695 3535 ejecit
718 3462 784 3518 de
816 3463 1042 3536 templo.
1066 3460 1138 3518 Et
1168 3462 1282 3535 ipse.
1308 3460 1441 3518 alibi
1473 3462 1549 3518 ait
1575 3481 1585 3517 :
1620 3462 1761 3517 Deus
1792 3463 1929 3516 stetit
1956 3461 2009 3515 in
2041 3462 2132 3532 Sy-

532 3570 736 3625 nagoga
796 3553 1036 3619 deorum,
1106 3553 1162 3605 in
1230 3552 1394 3607 medio
1452 3558 1624 3607 autem
1701 3552 1821 3605 deos
1885 3551 2136 3606 discernit

537 3640 706 3715 (Psal.
742 3656 937 3707 Lxxx1,
972 3639 1051 3709 1),
1102 3647 1155 3692 et
1186 3638 1398 3709 reliqua
1427 3640 1560 3694 talia
1592 3645 1646 3693 et
1677 3637 1765 3691 his
1796 3638 2020 3694 similia.
2062 3640 2132 3693 Et

536 3730 671 3785 alibi
727 3728 872 3782 idem
923 3728 1038 3800 ipse
1068 3726 1176 3780 ait:
1210 3728 1387 3783 Nolite
1422 3728 1692 3796 judicare,
1721 3734 1778 3780 ut
1806 3746 1912 3782 non
1927 3728 2131 3797 judice-

537 3821 712 3884 mini;
746 3820 907 3874 nolite
944 3818 1313 3885 condemnare,
1347 3824 1407 3873 ut
1447 3835 1554 3872 non
1593 3818 2025 3873 condemnemini.
2069 3821 2134 3874 In

535 3926 638 3981 quo
684 3908 818 3962 enim
856 3907 1065 3977 judicio
1085 3906 1478 3976 judicaveritis,
1500 3905 1881 3973 judicabimini
1912 3908 2127 3977 (Matth.

536 3998 665 4067 vn).
700 3996 1043 4068 Quapropter
1092 4009 1203 4047 non
1250 4001 1362 4048 tam
1413 4000 1636 4062 temere,
1689 4001 1750 4048 ut
1783 4010 1880 4051 vos
1927 3996 2132 4067 facitis,

536 4089 829 4164 quisquam
878 4102 1032 4142 suam
1081 4093 1374 4161 praesumat
1423 4102 1676 4145 evomere
1743 4089 2129 4163 iniquitatem:

538 4176 632 4235 sed
653 4174 995 4247 judicautem
1046 4182 1265 4247 oportet
1311 4184 1511 4235 cuncta
1552 4177 1762 4246 rimari,
1794 4186 1848 4234 et
1881 4180 2131 4235 ordinem

537 4279 721 4323 rerum
777 4264 937 4337 plena
989 4264 1355 4340 inquisitione
1408 4266 1704 4337 discutere,
1737 4284 1836 4324 nec
1882 4268 1948 4325 de
1998 4269 2128 4336 illis,

538 4375 657 4435 quae
688 4359 737 4415 ei
773 4358 1093 4417 inconcessa
1119 4367 1270 4429 sunt,
1300 4360 1586 4419 ullomodo
1612 4361 1885 4434 judicium
1918 4380 2131 4439 prmsu-

538 4463 705 4515 mere,
736 4447 1113 4522 interrogandi
1141 4464 1203 4507 ac
1224 4449 1591 4525 proponendi,
1616 4451 2021 4525 adjiciendique
2042 4469 2130 4525 pa-

535 4536 734 4593 tientia
766 4535 995 4609 praebita
1014 4538 1082 4593 ab
1107 4553 1192 4603 eo,
1213 4546 1276 4595 ut
1300 4538 1379 4595 ibi
1400 4538 1543 4598 actio
1574 4540 1817 4615 partium
1850 4542 2031 4599 limita
2060 4542 2132 4599 sit

536 4629 773 4704 pleniter
799 4646 809 4683 :
861 4645 962 4685 nec
994 4629 1149 4700 prius
1190 4629 1545 4702 litigantibus
1571 4648 1668 4689 sua
1698 4633 1836 4691 velit
1861 4636 2136 4692 sententia

537 4717 786 4785 obviare,
844 4718 953 4775 nisi
1000 4717 1219 4790 quando
1253 4718 1380 4791 ipsi,
1422 4722 1661 4793 peractis
1694 4724 1974 4792 omnibus,
2018 4725 2132 4798 jam

538 4809 682 4869 nihil
712 4809 952 4880 amplius
982 4808 1278 4866 habuerint
1309 4810 1365 4869 in
1405 4813 1710 4887 quaestione
1740 4815 1885 4889 quod
1921 4832 2133 4889 propo—

538 4905 693 4957 nant.
725 4896 836 4955 Nec
864 4905 1080 4968 oportet
1111 4914 1439 4971 quemquam
1466 4900 1707 4973 judicari
1737 4910 1831 4960 aut
1859 4903 2129 4974 damnari,

536 4995 832 5059 antequam
886 5003 1013 5045 suos
1065 4995 1408 5045 accusatores
1456 4996 1751 5061 praesentes
1781 4991 2001 5062 habeat,
2055 4994 2131 5051 lo-

539 5093 777 5151 cumque
804 5076 1141 5136 defendendi
1171 5077 1407 5149 accipiat
1434 5079 1735 5150 spatiosum
1767 5079 1835 5139 ad
1859 5081 2133 5142 abluenda

535 5167 790 5225 crimina.
832 5166 1102 5225 Similiter
1130 5167 1188 5223 in
1214 5166 1329 5239 jam
1358 5168 1502 5225 facta
1529 5169 1751 5226 Nicmna
1769 5173 1982 5244 synodo
2014 5184 2132 5231 sta—

535 5264 717 5315 tutum
739 5264 842 5323 est,
874 5264 936 5314 ut
965 5257 1113 5313 ultra
1143 5259 1443 5328 provinciae
1464 5260 1731 5317 terminos
1752 5263 2046 5321 accusandi
2070 5265 2131 5324 li-

533 5348 714 5404 centia
761 5362 869 5405 non
904 5346 1310 5417 progrediatur,
1348 5346 1457 5403 nisi
1489 5349 1557 5405 ad
1600 5349 1743 5406 hanc
1771 5354 2131 5425 apostolicam

534 5431 700 5490 fuerit
749 5434 934 5493 sedem
964 5441 1349 5506 provocatum,
1380 5435 1450 5494 ad
1479 5452 1643 5509 quam
1679 5456 1873 5497 omnes
1903 5442 1995 5513 qui
2041 5458 2130 5495 vo-

532 5518 921 5578 luerintlibere
933 5532 987 5579 et
1000 5524 1731 5597 absqueilloimpedimento
1752 5544 1782 5584 a
1802 5527 2130 5601 quibusdam

530 5606 759 5676 agendo,
789 5609 1063 5666 conﬂuere
1091 5611 1313 5669 debent.
1347 5638 1364 5659 ι
1410 5616 1540 5669 Item
1579 5632 1644 5669 ex
1674 5616 2128 5686 subsequentibus.

2241 3198 2378 3271 ipse,
2411 3198 2694 3271 dispositis
2743 3201 3119 3276 ordinatisque
3162 3203 3296 3271 suis,
3340 3210 3475 3258 tunc
3522 3201 3589 3258 ad
3624 3210 3825 3275 tempus

2242 3291 2427 3347 veniat
2447 3291 2513 3347 ad
2543 3309 2781 3363 causam,
2796 3302 2850 3348 et
2877 3295 2920 3349 si
2945 3296 3021 3349 ita
3036 3295 3181 3367 juste
3197 3294 3436 3364 videtur,
3461 3294 3821 3352 accusantium

2242 3381 2713 3456 propositionibus
2752 3385 3094 3458 reSpondeat.
3150 3385 3328 3452 Quare
3358 3402 3486 3457 ergo
3521 3385 3821 3457 transgressi

2242 3472 2372 3527 estis
2400 3473 2668 3529 terminos
2700 3480 2939 3545 patrum,
2970 3473 3285 3546 judicantes
3312 3484 3363 3531 et
3391 3476 3714 3531 damnantes
3741 3491 3822 3529 eos

2243 3575 2379 3635 quos
2410 3578 2521 3616 non
2551 3561 2864 3617 debuistis?
2895 3579 3059 3634 quare
3081 3562 3371 3637 judicastis
3404 3580 3498 3619 eos
3548 3580 3685 3641 quos
3722 3578 3820 3617 non

2243 3651 2566 3722 regulariter
2594 3653 2967 3725 approbastis?
2979 3654 3088 3709 Nec
3118 3654 3448 3710 observastis
3476 3655 3695 3728 quodin
3723 3654 3820 3708 lle-

2244 3738 2474 3809 gnorum
2533 3741 2676 3796 libro
2727 3742 2992 3815 scriptum
3043 3751 3162 3799 est:
3222 3745 3341 3799 Non
3392 3746 3652 3814 quomodo
3698 3744 3823 3798 ridet

2243 3829 2415 3896 homo,
2450 3830 2589 3884 uidet
2620 3836 2666 3884 et
2699 3832 2878 3886 Deus:
2903 3833 3029 3904 quia
3068 3834 3218 3887 homo
3248 3834 3383 3887 videt
3430 3834 3487 3887 in
3513 3834 3666 3906 facie,
3696 3833 3818 3888 Deus

2243 3925 2415 3972 autem
2446 3919 2501 3972 in
2526 3921 2680 3976 corde
2702 3922 2754 3993 (Ι
2774 3923 2899 3994 Reg.
2929 3940 3048 3989 xvr,
3080 3923 3158 3995 7),
3182 3930 3236 3979 et
3254 3923 3313 3978 in
3334 3923 3779 4000 Paralipomenon
3802 3939 3814 3975 :

2247 4008 2436 4063 Omnia
2466 4010 2625 4066 corda
2674 4018 2947 4069 scrutatur
2976 4013 3138 4082 Deus,
3170 4020 3217 4068 et
3244 4031 3447 4068 onmem
3478 4012 3815 4087 cogitationem

2242 4098 2457 4171 novit(I
2483 4100 2672 4155 Paral.
2707 4118 2912 4169 xxvm,
2939 4098 3020 4173 9).
3043 4103 3113 4158 Et
3144 4104 3274 4159 alibi
3298 4105 3565 4179 scriptum
3587 4112 3687 4165 est:
3710 4100 3815 4156 Non

2244 4195 2422 4256 potest
2455 4187 2697 4244 humano
2723 4191 3077 4251 condemnari
3111 4196 3554 4268 examine,quem
3580 4197 3713 4253 Deus
3731 4205 3815 4249 suo

2242 4279 2544 4335 reservavit
2562 4274 2793 4350 judicio.
2820 4282 2945 4340 Haec
2966 4283 3153 4339 omnia
3168 4300 3518 4356 summOpere
3534 4296 3814 4357 praecaven-

2240 4363 2309 4420 da
2350 4377 2497 4435 sunt,
2534 4385 2631 4426 nec
2679 4372 2956 4428 accusatio
2985 4373 3369 4446 episcoporum
3402 4374 3565 4432 facile
3592 4382 3670 4430 est
3697 4368 3812 4426 reci-

2245 4454 2463 4527 pienda,
2493 4454 2713 4514 dicente
2742 4460 2979 4517 Domino
3004 4480 3015 4517 :
3050 4462 3171 4518 Non
3199 4463 3459 4535 suscipias
3492 4480 3658 4518 vocem
3694 4474 3815 4514 men-

2246 4544 2386 4599 dacii
2414 4547 2616 4617 (Exod.
2638 4566 2803 4619 xxni,
2823 4551 2901 4620 1),
2941 4560 2993 4607 et
3020 4554 3316 4624 Apostolus
3337 4553 3546 4627 inquit:
3572 4552 3817 4611 Adversus

2238 4636 2599 4705 presbyterum
2642 4638 3033 4710 inscriptionem
3081 4658 3186 4696 non
3229 4642 3601 4714 rcipiendam,
3646 4639 3817 4711 absque

2243 4723 2444 4782 duobus
2488 4727 2567 4781 vel
2600 4726 2767 4783 tribus
2816 4730 3014 4787 idoneis
3049 4731 3257 4786 testibus
3288 4732 3344 4802 (Ι
3378 4733 3513 4788 Tim.
3548 4749 3603 4798 v,
3633 4730 3736 4797 19).
3767 4726 3813 4781 Si

2242 4815 2359 4873 hare
2388 4817 2455 4873 de
2482 4816 2818 4889 presbyteris
2848 4822 2932 4876 vel
2960 4821 3170 4877 caeteris
3202 4822 3457 4877 ﬁdelibus
3483 4829 3612 4877 sunt
3641 4831 3815 4891 praeca-

2244 4904 2440 4973 venda,
2473 4913 2679 4978 quanto
2710 4909 2882 4980 magis
2908 4910 2975 4965 de
3004 4911 3276 4984 episcopis
3299 4910 3326 4966 ‘l
3349 4909 3561 4976 Quibus
3584 4906 3813 4979 cognitis,

2244 4995 2415 5065 magis
2471 5012 2569 5051 vos
2615 4995 2890 5054 dominari
2943 5000 3087 5054 velle
3139 4999 3497 5055 manifestum
3542 5006 3643 5064 est,
3673 5011 3811 5070 quam

2241 5084 2527 5141 consulere
2573 5084 2839 5143 fratribus
2887 5096 2981 5143 aut
3012 5095 3317 5155 sustentare
3347 5103 3464 5154 eos,
3495 5103 3568 5160 qu
3594 5103 3623 5141 a
3665 5085 3815 5141 honor

2242 5170 2400 5227 inﬂat
2428 5172 2495 5228 ad
2509 5174 2917 5250 superbiam,et
2939 5176 3083 5248 quod
3105 5177 3388 5251 provisum
3420 5184 3506 5232 est
3530 5175 3599 5231 ad
3618 5182 3812 5231 concor-

2241 5262 2608 5335 diam,tendit
2634 5266 2701 5325 ad
2731 5284 2956 5324 noxam.
2982 5269 3250 5325 Decuerat
3284 5267 3522 5341 namque
3552 5266 3812 5338 vos,juxta

2243 5351 2492 5425 prmfatas
2540 5355 2771 5425 regulas,
2822 5355 2865 5411 si
2922 5355 3130 5433 aliquid
3171 5357 3412 5430 egissent
3460 5365 3651 5415 contra
3678 5365 3812 5410 suum

2242 5442 2512 5511 ordinem,
2564 5444 2821 5501 mandare
2870 5446 3048 5514 nobis,
3103 5454 3157 5502 et
3205 5455 3529 5521 exspectare
3579 5445 3707 5519 quid
3758 5436 3812 5496 ad

2241 5543 2422 5593 vestra
2480 5539 2729 5595 consulta
2786 5534 3231 5608 rescriberemus,
3270 5539 3327 5596 in
3383 5546 3623 5607 tantum,
3675 5541 3732 5591 ut
3776 5528 3813 5584 si

2236 5624 2402 5678 etiam
2451 5626 2753 5697 quidquam
2802 5643 2964 5697 grave
3014 5627 3538 5698 intolerandumque
3567 5621 3816 5681 comitte—
