4078 6182
292 241 434 299 1013

1482 240 1847 299 OPUSCULA
1882 242 1975 299 ET
2019 241 2412 299 EPISTOLE.

3456 243 3599 305 10M

284 402 435 459 rent,
465 398 654 449 nostra
683 391 1090 464 prmstolaretur
1108 401 1427 461 censura,et
1447 392 1591 448 nihil
1615 393 1770 464 prius
1785 402 1879 450 aut
1912 400 1963 459 Α
1990 393 2086 450 sed
2112 394 2288 449 laetari
2319 394 2376 449 in
2406 393 2603 451 ofﬁciis
2626 401 2682 450 et
2709 392 3061 466 dogmatibus
3091 394 3290 451 vestris
3312 395 3600 454 mereami-

283 484 440 539 aliud
472 481 866 549 decerneretis,
890 497 1054 554 quam
1079 482 1225 556 quod
1252 481 1416 538 nobis
1444 483 1659 554 placere
1676 499 1890 553 cogno-

281 573 527 638 vissctis,
561 571 638 627 ita
668 578 729 625 ut
758 586 789 625 a
832 560 1035 642 regulis
1085 571 1408 643 prmstitutis
1438 573 1610 639 nulla,
1656 579 1751 627 aut
1782 589 1888 628 ne-

283 660 571 734 gligentia,
608 665 703 714 aut
728 660 1160 731 praesumptione
1190 660 1534 717 recederetis.
1559 660 1744 718 Cesset
1772 660 1887 717 hu-

277 749 529 823 jusmodi
559 763 745 821 pressa
774 757 962 804 nostra
1003 749 1332 805 auctoritate
1380 750 1755 821 praesumptio,
1788 750 1885 806 vi—

279 850 472 899 tentur
499 838 822 911 hujusmodi
854 846 1203 905 nocumenta,
1228 840 1357 909 quia
1377 856 1721 913 nequaquam
1750 841 1884 897 talia

279 931 555 1004 patienter
599 928 743 983 ferre
790 943 1078 999 possumus
1125 928 1587 997 machinamenta,
1620 930 1881 1002 quoniam

278 1016 548 1075 convenit
579 1031 681 1072 nos
707 1022 1057 1088 paternarum
1090 1017 1437 1073 sanctionum
1457 1016 1748 1089 diligentes
1766 1032 1881 1073 esse

279 1106 557 1165 custodes.
592 1131 611 1155 ι

280 1217 373 1273 Ea:
400 1215 625 1286 epistola
670 1211 986 1286 sanctissimi
1022 1212 1402 1286 archiepiscopi
1447 1213 1638 1269 Felicis
1680 1221 1729 1269 et
1768 1213 1880 1283 ejus

352 1284 523 1341 sancti
538 1284 769 1351 concilii,
790 1284 1106 1349 Athanasio,
1129 1290 1177 1339 et
1194 1285 1457 1339 universis
1479 1286 1875 1355 zEgyptiorum,

359 1358 742 1415 Thebaidorum
782 1362 829 1410 et
880 1355 1169 1426 Libyorum
1210 1356 1462 1427 episcopis
1492 1359 1786 1427 rescripta:
1821 1357 1877 1411 in

349 1447 459 1499 qua
505 1426 974 1501 consultationibus
1012 1444 1214 1495 eorum,
1244 1426 1878 1501 quasisuper‘episcopo-

350 1498 476 1554 rum
514 1498 959 1575 persecutionibus
1003 1504 1051 1552 et
1086 1498 1506 1554 accusationibus
1542 1498 1872 1569 direxerant,

352 1570 601 1626 canonice
632 1570 999 1640 respondetur.

356 1670 557 1737 (Fsux
599 1666 667 1734 Il,
715 1665 863 1737 epist.
898 1666 978 1737 1.)
1039 1689 1057 1713 ‹
1098 1666 1220 1721 Νοη
1264 1665 1341 1721 ita
1379 1666 1437 1721 in
1476 1666 1875 1724 Ecclesiasticis

1997 486 2078 540 ni.
2111 484 2285 556 Igitur
2314 485 2643 540 erubescant
2664 483 2818 549 talia,
2848 492 2904 540 et
2924 482 3242 555 hujusmodi
3280 484 3600 559 blasphema

1995 574 2316 631 subtrahere
2347 575 2628 642 festinent,
2663 574 2708 630 si
2742 574 3025 630 noluerint
3051 589 3084 629 a
3129 575 3451 633 sacerdotali
3487 595 3600 635 no-

1995 672 2108 720 stro
2138 664 2371 735 collegio
2396 663 2688 735 segregari,
2718 669 2773 718 et
2799 678 2832 717 a
2859 662 3165 719 Christiani
3195 664 3386 735 populi
3414 668 3600 721 socie-

1996 760 2104 807 tate
2152 752 2368 807 divelli.
2400 751 2554 806 Licet
2605 766 2841 822 namque
2889 750 2955 806 de
2991 750 3079 806 his
3117 750 3275 823 plura
3304 758 3357 807 et
3392 768 3598 823 perne-

1996 841 2246 907 cessaria,
2290 857 2410 913 quae
2468 840 2525 894 in
2572 838 2807 895 decretis
2855 838 2999 894 sedis
3048 840 3401 911 Apostolicaa,
3434 851 3489 898 et
3530 843 3597 899 ab

1997 930 2278 1000 Apostolis
2307 944 2608 1001 eorumque
2630 927 3040 984 successoribus
3056 936 3279 996 statuta,
3298 930 3594 986 inveniun-

1994 1028 2105 1085 tur,
2133 1019 2318 1075 dicere
2349 1027 2403 1074 et
2431 1018 2778 1074 conscribere
2800 1017 3192 1089 potuissemus,
3224 1026 3405 1074 tamen
3433 1020 3595 1076 nobis

1991 1109 2189 1164 melius
2218 1109 2400 1165 visum
2432 1116 2535 1175 est,
2559 1116 2621 1163 ut
2648 1108 2940 1179 epistolam
2972 1106 3221 1164 oratione
3248 1108 3590 1166 claudamus.

1987 1198 2515 1269 Deus'omnipotens,
2543 1206 2597 1253 et
2625 1197 2792 1269 hujus
2822 1197 3139 1268 unigenitus
3154 1198 3330 1254 Filius
3349 1204 3404 1253 et
3417 1199 3590 1254 salva-

1986 1295 2076 1342 tor
2103 1295 2289 1342 noster
2315 1287 2470 1343 Jesus
2504 1286 2780 1354 Christus,
2826 1287 2932 1343 hoc
2961 1286 3117 1343 vobis
3148 1287 3353 1343 tribuat
3382 1287 3590 1344 incita-

1989 1384 2258 1444 mentum,
2286 1384 2348 1432 ut
2377 1377 2638 1434 omnibus
2666 1377 2950 1445 fratribus,
3002 1384 3058 1432 et
3094 1377 3431 1449 coepiscopis
3478 1394 3588 1433 no-

1987 1466 2137 1532 stris,
2195 1465 2617 1538 quibuscumque
2664 1464 3119 1522 tribulationibus
3185 1464 3583 1533 laborantibus,

1988 1555 2121 1611 totis
2148 1555 2485 1612 succurratis
2516 1554 2752 1623 viribus,
2794 1563 2848 1610 et
2898 1569 3027 1610 cum
3058 1554 3137 1609 eis
3166 1555 3585 1626 compatientes,

1984 1659 2201 1700 crucem
2235 1644 2481 1716 ejusdem
2513 1642 2737 1699 Domini
2772 1641 3062 1700 salvatoris
3082 1640 3352 1715 'portetis,
3384 1650 3446 1699 ut
3466 1643 3581 1699 veri

276 1735 552 1830 agendum
579 1764 657 1810 est
690 1735 1118 1826 negotiis,sicut
1149 1754 1207 1809 in
1239 1754 1613 1812 saecularibus.
1645 1756 1781 1812 Nam
1815 1757 1872 1811 in
1906 1772 1954 1833 Β
1983 1736 2159 1809 iimi“s
2205 1738 2462 1833 ἀίδρίρῐξῖξ
2515 1752 2699 1793 00mm
2744 1735 3004 1833 θηξηξδιιδ
3042 1737 3385 1833 ἓρβξπθδῖίεῖ
3528 1747 3581 1793 et

275 1845 653 1914 saecularibus,
683 1853 973 1919 postquam
1020 1845 1234 1917 legibus
1271 1853 1499 1902 vocatus
1550 1847 1785 1915 venerit,
1818 1856 1872 1904 et

272 1937 332 1992 in
356 1936 479 1991 foro
508 1935 782 1993 decertare
811 1936 1039 2007 cmperit
1060 1936 1283 2009 aliquis,
1312 1952 1424 1991 non
1455 1936 1583 1993 licet
1621 1944 1746 1992 ante
1767 1953 1871 2008 pe-

266 2032 479 2080 ractam
535 2040 750 2080 causam
808 2024 1090 2081 recedere:
1146 2025 1205 2080 in
1263 2025 1653 2082 ecclesiasticis
1712 2043 1866 2095 vero,

269 2114 421 2171 dicta
458 2128 620 2169 causa
647 2111 899 2169 recedere
928 2114 1078 2181 licet,
1112 2113 1184 2169 sit
1222 2130 1441 2171 necesse
1470 2114 1658 2181 fuerit,
1700 2122 1794 2171 aut
1822 2116 1866 2171 si

267 2202 597 2275 praegravari
623 2201 872 2258 viderit»
918 2203 1045 2259 Item
1072 2220 1136 2257 ea:
1164 2204 1356 2259 eodem:
1407 2204 1558 2259 «lam
1591 2204 1737 2260 enim
1760 2205 1866 2260 for-

266 2309 415 2349 mam
446 2292 719 2361 dedimus,
751 2302 805 2349 et
847 2308 878 2348 a
906 2292 1398 2365 praedecessoribus
1429 2294 1634 2349 nostris
1682 2294 1865 2351 datam

264 2398 384 2438 esse
413 2384 798 2454 cognovimus,
830 2392 892 2439 ut
920 2384 967 2440 si
999 2384 1123 2457 quis
1163 2399 1219 2438 se
1257 2383 1543 2454 agnoverit
1589 2381 1868 2439 Christia-

264 2488 425 2539 num,
460 2472 600 2527 illud
627 2481 806 2529 servet
838 2473 985 2546 quod
1014 2473 1082 2528 ab
1131 2472 1414 2544 Apostolis
1459 2472 1706 2528 noscitur
1751 2488 1866 2528 esse

263 2561 662 2630 contraditum,
686 2562 902 2619 dicente
931 2563 1197 2635 Apostolo
1223 2562 1393 2617 Paulo
1418 2582 1430 2619 :
1479 2561 1537 2618 Si
1574 2562 1692 2632 quis
1722 2561 1866 2616 robis

260 2653 667 2709 annuntiacerit
698 2658 896 2722 prceter
942 2653 1082 2723 quod
1121 2653 1409 2725 accepistis,
1459 2652 1739 2708 anathema
1796 2653 1867 2707 sit

264 2743 421 2812 (Gal.
457 2759 495 2809 ι,
524 2742 601 2811 8).
638 2741 894 2799 Christus
926 2745 1076 2799 enim
1109 2745 1206 2799 Dei
1235 2743 1432 2813 Filius,
1465 2743 1735 2799 Dominus
1769 2760 1861 2799 no-

260 2840 396 2901 ster,
428 2832 671 2888 humano
702 2833 884 2905 generi
920 2851 1016 2907 per
1055 2835 1331 2907 propriam
1363 2835 1668 2906 passionem
1706 2836 1862 2889 salu-

261 2929 375 2977 tem
401 2922 775 2994 plenissimam
800 2924 1154 2993 condonavit,
1178 2932 1238 2979 nt
1270 2941 1370 2979 nos
1405 2924 1680 2981 liberaret.
1714 2925 1782 2979 Et
1812 2926 1859 2979 si

260 3012 410 3067 Dens
433 3012 489 3067 in
520 3020 735 3069 tantum
768 3029 870 3067 nos
895 3012 1114 3080 dilexit,
1148 3020 1207 3067 ut
1238 3012 1402 3067 etiam
1449 3014 1671 3086 proprio
1717 3014 1860 3069 Filio
1945 3032 1951 3038 ·

257 3117 375 3157 non
409 3111 672 3173 parceret,
705 3101 798 3159 sed
834 3118 934 3173 pro
957 3101 1115 3156 nobis
1142 3101 1573 3157 omnibusillum
1597 3103 1855 3171 traderet,
1889 3135 1932 3195 Ο

258 3201 323 3249 ut
352 3210 452 3248 nos
476 3192 747 3259 liberaret,
780 3201 842 3247 ut
876 3192 1005 3263 quid
1035 3209 1135 3247 nos
1164 3208 1275 3247 non
1315 3192 1599 3263 diligimus
1639 3193 1855 3262 fratres,

256 3290 356 3337 aut
386 3298 475 3337 eos
500 3290 702 3338 temere
726 3281 1063 3355 judicamus,
1085 3298 1208 3337 cum
1233 3282 1526 3353 praedictus
1545 3283 1691 3338 dicat
1713 3283 1854 3353 Apo-

255 3375 433 3430 stolus
459 3394 469 3429 :
500 3375 674 3429 Nolite
693 3373 941 3443 judicare
968 3373 1204 3441 invicem,
1236 3375 1324 3428 sed
1354 3376 1443 3428 hoc
1464 3374 1702 3441 judicate
1730 3392 1856 3428 ma-

253 3465 357 3537 gis,
406 3483 468 3518 ne
520 3465 733 3539 ponatis
788 3465 1157 3535 offendiculum
1209 3464 1380 3535 fratri
1436 3467 1511 3519 rel
1546 3466 1856 3521 scandalum

257 3555 439 3625 (Rom.
474 3569 593 3621 xrv,
624 3553 711 3623 13)
736 3553 763 3608 ?
783 3554 915 3608 Nam
948 3554 993 3608 si
1024 3554 1107 3609 illi
1137 3553 1232 3625 qui
1270 3553 1465 3609 fratres
1493 3552 1754 3626 diligunt.
1785 3570 1854 3609 ex

251 3644 371 3699 Deo
400 3642 518 3697 nati
550 3649 681 3695 sunt
710 3649 762 3695 et
791 3641 979 3697 vident
1023 3644 1221 3710 Deum,
1262 3642 1395 3716 quid
1424 3658 1550 3713 ergo
1579 3643 1682 3698 erit
1718 3642 1849 3711 illis,

250 3734 347 3810 qui
383 3748 479 3787 eos
527 3739 945 3803 persequuntur,
981 3740 1034 3787 et
1076 3748 1166 3787 eos
1215 3732 1571 3800 detrahendo,
1635 3732 1853 3788 machi—

248 3822 465 3888 nando,
491 3820 816 3888 accusando,
850 3821 1181 3889 infestando,
1211 3823 1469 3877 damnare
1499 3821 1805 3877 moliuntur
1824 3821 1853 3878 ?

248 3910 310 3967 Si
344 3907 429 3964 illi
459 3908 563 3963 ﬁlii
597 3908 713 3977 Dei,
752 3910 942 3981 procul
974 3908 1144 3962 dubio
1165 3908 1225 3961 hi
1247 3909 1346 3962 ﬁlii
1372 3917 1498 3963 sunt
1519 3908 1848 3982 diaboli,qui

251 4016 471 4072 semper
500 4000 643 4055 sicut
674 4000 758 4054 leo
792 3999 1011 4069 rugiens
1040 3998 1237 4051 circuit
1267 4014 1514 4069 quaerens
1543 4016 1702 4071 quem
1745 4002 1850 4057 de-

246 4097 430 4156 voret,
463 4088 540 4143 ita
569 4089 765 4145 fratres
797 4088 1161 4159 insequuntur
1189 4095 1251 4142 ut
1280 4086 1527 4158 perdant.
1588 4087 1690 4153 Qui
1719 4106 1849 4145 vero

248 4179 514 4257 adjuvare
560 4179 758 4234 fratres
796 4178 1096 4249 refugiunt,
1131 4174 1306 4249 majus
1334 4192 1474 4230 onus
1503 4184 1847 4247 peccatorum

246 4268 546 4345 acquirunt
576 4275 630 4323 et
664 4267 1023 4323 fraternitatis
1063 4266 1261 4321 solatio
1290 4264 1366 4319 rei
1416 4265 1723 4323 existunt.»
1775 4270 1851 4323 Et

242 4366 365 4441 post
388 4375 592 4428 pauca:
640 4357 783 4412 «Non
804 4356 952 4411 enim
984 4355 1051 4411 de
1070 4353 1317 4409 fontibus
1343 4354 1663 4421 salutiferis,
1688 4355 1845 4427 spiri-

246 4455 479 4513 tualiter
506 4453 573 4509 ad
604 4453 1025 4527 acquisitionem
1071 4456 1289 4504 aeternae
1338 4449 1490 4516 vitae,
1541 4449 1846 4521 procedunt
1876 4484 1925 4542 D

245 4546 385 4600 tales
416 4543 791 4600 accusationes
827 4550 880 4598 et
906 4538 1297 4603 detractiones,
1330 4545 1491 4609 atque
1532 4538 1655 4596 ideo
1684 4557 1847 4597 com-

245 4642 499 4717 petenter
527 4649 626 4688 nos
646 4633 835 4687 beatus
864 4632 1065 4686 Paulus
1094 4626 1375 4700 apostolus
1402 4625 1705 4683 admonens
1720 4628 1798 4683 ait
1831 4647 1842 4684 :

244 4728 371 4783 Non
398 4723 578 4778 debere
602 4723 724 4795 plus
754 4738 934 4792 sapere
960 4738 1121 4792 quam
1169 4724 1374 4791 oportet
1401 4735 1604 4788 sapere,
1646 4720 1734 4772 sed
1764 4737 1846 4774 sa-

239 4833 369 4888 pere
409 4814 481 4868 ad
530 4813 857 4869 sobrietatem
909 4813 1082 4881 (Rom.
1134 4828 1239 4879 x11,
1282 4811 1362 4881 3).
1420 4810 1482 4864 In
1508 4809 1847 4879 ,difiinitione

242 4904 469 4988 pietatis
500 4901 876 4981 perduremus.
900 4900 1003 4968 Qui
1027 4902 1172 4957 enim
1200 4898 1347 4959 hanc
1376 4907 1845 4977 prietereuntmon

241 5003 464 5051 tantum
501 4993 606 5064 ipsi
640 4999 768 5049 sunt
796 4991 1109 5047 decidentes
1155 5008 1183 5045 a
1230 4990 1677 5046 corroborationc
1724 5007 1843 5058 sua,

239 5085 335 5143 sed
366 5082 706 5157 insipientia;
735 5098 847 5138 suae
877 5081 1292 5154 dereliquerunt
1320 5078 1581 5134 omnibus
1621 5097 1842 5135 memo-

238 5173 405 5238 riam,
432 5179 494 5225 ut
522 5170 579 5225 in
610 5170 696 5225 his
726 5169 783 5223 in
812 5168 1011 5240 quibus
1030 5176 1395 5240 peccaverunt
1418 5167 1646 5223 minime
1678 5169 1844 5224 latere

236 5263 575 5339 potuissent.
602 5260 789 5317 Gloria
821 5259 968 5314 enim
1000 5268 1052 5313 et
1075 5258 1410 5314 contumelia
1442 5258 1499 5312 in
1529 5258 1764 5329 loquela,
1790 5264 1843 5311 et

236 5354 297 5409 in
359 5352 550 5423 lingua
579 5349 823 5409 hominis
853 5365 1009 5405 casus
1038 5347 1190 5403 illius
1215 5356 1313 5403 est.
1350 5347 1583 5417 Ideoque
1631 5363 1843 5401 conve-

236 5442 407 5499 niens
458 5446 539 5495 est
587 5439 727 5495 hanc
773 5439 995 5513 quidem
1047 5436 1415 5491 ostensionem
1452 5433 1843 5505 reprehensio—

236 5547 377 5587 num
420 5530 647 5587 illorum
678 5528 884 5585 nostris
912 5525 1126 5583 actibus
1164 5526 1353 5591 inseri,
1382 5539 1450 5578 ne
1479 5522 1714 5578 ulterius
1727 5522 1841 5595 jam

236 5621 378 5676 talia
389 5617 707 5692 patiamini,
721 5614 1246 5675 seminantibusillis
1270 5612 1481 5669 zizania
1492 5618 1546 5668 et
1562 5611 1836 5682 scandala,

1983 1843 2101 1895 vos,
2132 1835 2185 1883 et
2214 1826 2307 1899 qui
2337 1826 2625 1883 vobiscum
2646 1833 2795 1893 sunt,
2829 1824 2923 1882 hic
2952 1834 3007 1880 et
3045 1826 3103 1881 in
3132 1825 3322 1882 futuro
3352 1827 3583 1883 meliora

1979 1917 2330 1989 possideatis,
2350 1934 2471 1989 quae
2500 1916 2696 1971 oculus
2715 1930 2828 1970 non
2850 1914 3012 1982 vidit,
3034 1930 3134 1971 nec
3162 1916 3312 1971 auris
3341 1916 3576 1984 audivit,

1982 2019 2083 2060 nec
2114 2004 2172 2059 in
2200 2021 2294 2060 cor
2320 2004 2565 2060 hominis
2591 2002 2860 2070 ascendit,
2903 2018 3024 2074 quas
3064 2004 3393 2075 praeparavit
3435 2006 3580 2060 Deus

1979 2093 2345 2166 diligentibus
2374 2110 2450 2162 se,
2484 2110 2579 2166 per
2607 2094 2909 2149 Dominum
2938 2100 3191 2147 nostrum
3211 2094 3394 2148 Iesum
3422 2093 3578 2150 Chri-

1979 2196 2148 2256 stum,
2182 2206 2279 2261 per
2306 2205 2468 2261 quem
2503 2197 2557 2244 et
2582 2205 2711 2244 cum
2754 2204 2866 2261 quo
2892 2188 3259 2260 omnipotenti
3290 2189 3404 2244 Deo
3429 2188 3577 2244 Patri

1980 2278 2154 2349 gloria
2183 2279 2239 2333 in
2263 2280 2462 2334 saecula
2483 2279 2831 2348 saeculorum.
2865 2277 3266 2332 Amen.Valere
3296 2293 3396 2331 vos
3424 2283 3574 2347 opto,

1975 2366 2287 2422 charissimi
2321 2366 2533 2422 fratres.
2567 2368 2704 2422 Data
2730 2364 2921 2421 Idibus
2949 2364 3255 2432 Februarii,
3288 2364 3491 2436 Agario
3522 2374 3577 2420 et

1976 2453 2195 2509 Iuliano
2222 2455 2289 2511 V.
2321 2455 2406 2511 Cl.
2435 2470 2615 2509 conss.
2642 2477 2661 2499 ι

2211 2579 2341 2634 Item
2367 2595 2431 2632 ea:
2464 2576 2661 2632 Graecis
2688 2583 2737 2631 et
2766 2574 2971 2631 Latinis
2998 2572 3305 2629 canonibus.

2047 2695 2208 2766 (Cap.
2242 2695 2319 2767 5.)
2385 2718 2402 2741 ι
2430 2694 2568 2751 Nam
2600 2693 2645 2749 si
2680 2692 2795 2749 suis
2822 2690 2985 2747 rebus
3015 2690 3184 2747 fuerit
3231 2687 3572 2762 exspoliatus

1972 2786 2280 2858 episcopus,
2314 2793 2408 2841 aut
2436 2784 2583 2858 quod
2619 2784 2783 2852 absit,
2826 2781 2972 2855 quod
3004 2780 3248 2837 alienum
3283 2780 3352 2836 ab
3379 2780 3573 2837 omni-

1970 2875 2074 2931 bus
2108 2876 2270 2931 debet
2289 2892 2405 2931 esse
2436 2874 2713 2943 ﬁdelibus,
2750 2889 2782 2928 a
2810 2872 2935 2929 sede
2965 2870 3188 2942 propria
3217 2870 3444 2941 ejectus,
3478 2879 3572 2927 aut

1971 2964 2031 3020 in
2059 2963 2378 3020 detentione
2407 2963 2595 3035 aliqua
2622 2979 2653 3018 a
2678 2961 2793 3017 suis
2821 2960 3021 3029 ovibus
3049 2959 3218 3016 fuerit
3256 2966 3574 3031 sequestra-

1970 3064 2080 3127 tus,
2116 3066 2248 3115 tunc
2273 3057 2560 3123 canonice,
2587 3064 2878 3129 antequam
2910 3053 2969 3108 in
3001 3051 3299 3123 pristinum
3324 3050 3573 3107 restitua-

1968 3154 2059 3204 tur
2088 3148 2379 3214 honorem,
2402 3155 2457 3201 et
2485 3162 2584 3202 sua
2603 3145 2790 3200 omnia
2819 3160 2940 3214 qum
2968 3141 3191 3197 insidiis
3215 3140 3573 3196 inimicorum

1968 3252 2196 3293 suorum
2218 3239 2268 3292 ei
2289 3237 2471 3292 ablata
2499 3234 2721 3289 fuerant
2748 3230 3213 3301 redintegrentur,
3246 3244 3348 3285 nec
3372 3245 3571 3285 convo-

1968 3326 2081 3385 cari
2110 3342 2212 3382 nec
2236 3324 2480 3396 judicari
2511 3322 2732 3395 poterit,
2775 3320 2884 3375 nisi
2934 3321 3048 3390 ipse
3077 3335 3175 3390 pro
3200 3335 3297 3375 sua
3327 3320 3573 3376 necessi—

1968 3424 2099 3482 tate,
2124 3416 2352 3471 minime
2379 3423 2560 3469 tamen
2574 3410 2930 3483 judicandus,
2953 3409 3214 3466 advenire
3241 3415 3436 3479 sponte
3448 3409 3572 3465 ele-

1969 3505 2128 3578 gerit.
2169 3506 2278 3559 Ντιο
2306 3503 2537 3558 omnino
2575 3519 2606 3557 a
2636 3516 2910 3573 quoquam
2949 3497 3277 3569 respondere
3322 3506 3566 3569 cogatur,

1966 3608 2257 3670 antequam
2290 3595 2644 3667 integerrime
2693 3594 2900 3661 omnia,
2953 3609 3074 3664 qum
3122 3606 3219 3663 per
3256 3593 3569 3663 suggestio-

1964 3703 2092 3742 nem
2128 3685 2486 3741 inimicorum
2521 3700 2745 3739 suorum
2768 3683 3048 3749 amiserat,
3079 3680 3337 3753 potestati
3365 3679 3567 3751 ejusab

1963 3774 2275 3831 honorabili
2306 3775 2545 3832 concilio
2575 3772 3037 3843 redintegrentur,
3076 3778 3131 3825 et
3161 3770 3361 3842 praesul
3412 3768 3565 3841 prius

1963 3867 2130 3922 statui
2161 3866 2398 3939 pristino
2436 3864 2717 3931 reddatur,
2763 3870 2818 3917 et
2859 3861 2972 3933 ipse
3022 3859 3307 3931 dispositis
3348 3858 3564 3915 ordina-

1963 3971 2097 4028 sque
2128 3956 2297 4011 libere
2329 3971 2392 4010 ac
2420 3969 2608 4010 secure
2636 3952 2772 4019 suis,
2815 3958 2950 4006 tunc
2988 3947 3252 4005 canonice
3299 3963 3563 4004 convoca-

1961 4052 2071 4112 tus,
2118 4045 2184 4099 ad
2216 4052 2434 4114 tempus
2464 4042 2679 4115 synodo
2709 4043 2768 4097 in
2806 4039 3052 4111 legitima
3081 4047 3137 4094 et
3182 4036 3448 4094 canonica
3474 4052 3562 4092 ve-

1962 4133 2080 4187 niat
2108 4132 2173 4186 ad
2201 4147 2442 4197 causam,
2474 4140 2530 4185 et
2566 4131 2612 4185 si
2642 4131 2718 4184 ita
2735 4129 2883 4199 justo
2911 4131 3154 4197 videtur,
3184 4126 3562 4186 accusantium

1959 4220 2429 4296 propositionibus
2461 4219 2806 4289 respondeat.
2830 4243 2848 4264 ι

2335 4346 2426 4401 Ea:
2456 4343 2672 4400 decretis
2702 4338 2967 4397 Caelestini
2986 4355 3163 4410 papae.

2036 4455 2234 4529 (Epist.
2257 4455 2317 4511 11
2342 4452 2594 4525 episcopis
2610 4447 3080 4519 Calab.etApul.)
3112 4470 3129 4491 ε
3148 4441 3559 4502 Nullisacerdo-

1954 4553 2072 4602 tum
2105 4546 2266 4602 liceat
2307 4557 2543 4599 canones
2598 4539 2869 4611 ignorare,
2903 4550 3005 4590 nec
3052 4532 3351 4608 quidquam
3383 4531 3559 4588 facere

1959 4634 2105 4710 quod
2137 4635 2357 4690 Patrum
2405 4628 2577 4703 possit
2624 4627 2829 4700 regulis
2875 4624 3119 4680 obviare.
3176 4621 3307 4691 Quae
3354 4620 3561 4697 enima

1956 4724 2118 4780 nobis
2145 4739 2230 4777 res
2256 4721 2424 4792 digna
2454 4715 2784 4786 servabitur,
2816 4715 2861 4771 si
2904 4712 3272 4771 decretalium
3305 4725 3557 4765 normam

1956 4813 2410 4877 constitutorum,
2433 4825 2531 4881 pro
2551 4807 2863 4882 aliquorum
2886 4804 3072 4873 libitu,
3097 4801 3324 4860 licentia
3340 4799 3560 4875 populis

1956 4902 2237 4981 permissa,
2288 4897 2621 4973 frangatur?
2665 4896 2942 4954 CAPITULO
2983 4911 3081 4951 in:
3124 4892 3275 4963 Quod
3300 4891 3559 4981 docendus

1956 4979 2027 5048 sit
2048 4993 2301 5065 populus,
2331 5008 2440 5044 non
2488 4987 2796 5059 sequendus.
2850 4984 3141 5041 Docendus
3178 4989 3262 5038 est
3298 4979 3554 5054 populus,

1955 5097 2066 5135 non
2106 5078 2432 5151 sequendus.
2474 5077 2710 5149 Nosque,
2766 5073 2811 5130 si
2864 5073 3136 5137 nesciunt,
3188 5085 3279 5125 eos
3318 5066 3453 5140 quid
3492 5065 3556 5121 li-

1953 5176 2071 5225 ceat
2099 5168 2303 5243 quidve
2334 5183 2445 5222 non
2475 5165 2635 5223 liceat
2664 5178 3033 5227 commonere,
3066 5175 3177 5213 non
3209 5156 3299 5211 his
3326 5171 3553 5241 consen-

1954 5275 2075 5314 sum
2125 5256 2364 5327 praebere
2409 5254 2689 5310 debemus.
2724 5249 2986 5324 Quisquis
3014 5264 3146 5303 vero
3178 5253 3411 5305 conatus
3440 5244 3555 5299 fue-

1954 5348 2027 5402 rit
2052 5353 2260 5400 tentare
2293 5343 2594 5417 prohibita,
2626 5341 2826 5396 sentiet
2854 5353 3140 5394 censuram
3166 5334 3317 5391 sedis
3342 5342 3557 5406 aposto-

1954 5434 2075 5491 licae
2107 5432 2333 5487 minime
2360 5431 2694 5485 defuturam.
2723 5429 2855 5495 Qua:
2885 5427 3032 5483 enim
3060 5425 3176 5480 sola
3224 5421 3555 5480 admonitio-

1954 5522 2041 5579 nis
2104 5519 2433 5577 auctoritate
2473 5534 2584 5573 non
2642 5517 2991 5589 corrigimus,
3042 5529 3265 5571 necesse
3319 5519 3402 5568 est
3456 5526 3556 5585 per

1962 5613 2311 5670 severitatem
2360 5616 2752 5681 congruentem
2791 5605 2995 5678 regulis
3048 5604 3417 5663 vindicemus.
3458 5603 3563 5659 Per
