4056 6190
496 246 645 309 ’1018

1551 239 1899 296 HINCMABI
1940 236 2433 295 LUGDUNENSIS
2470 233 2781 291 EPISCOPI

3674 226 3808 281 1016

507 411 651 460 totas
686 401 791 457 hoc
809 414 954 470 ergo,
1004 414 1125 470 qua
1153 394 1391 468 propriis
1429 392 1737 449 rectoribus
1764 398 1970 458 carent,
2002 391 2103 445 Ec-
2130 397 2182 454 Α
2212 389 2523 457 noluerint,
2545 387 2713 443 habes
2741 383 3174 441 consolationem
3204 397 3367 470 quam
3407 380 3465 435 in
3511 379 3811 450 Evangelia

509 492 701 551 clesias
728 490 985 544 volumus
1013 486 1340 552 innotescat,
1374 491 1436 538 ut
1450 482 1639 537 nullus
1668 481 1773 537 sibi
1799 496 1893 552 spe
1922 480 2109 552 aliqua

510 579 741 639 forsitan
779 573 1068 632 blanditiis
1105 572 1323 628 illudat.
1368 573 1506 627 Data
1541 586 1643 626 xu.
1687 569 1809 624 Kal.
1851 568 2108 639 Augusti,

512 665 792 726 Florentio
820 672 875 721 et
901 662 1173 734 Dionysio
1199 676 1381 718 conss.
1414 685 1432 707 ι

852 814 1099 886 Epistola
1125 812 1399 868 decretalis
1437 810 1577 867 Sixti
1606 825 1783 881 papa.

2217 479 2469 549 aspicias,
2503 477 2633 548 quia
2660 491 2783 530 cum
2816 473 3053 529 Domino
3072 470 3281 526 dictum
3310 469 3535 524 fuisset:
3560 470 3675 525 Scis
3693 473 3812 541 quia

2218 569 2403 624 audito
2431 566 2608 623 Judwi
2636 567 2728 619 hoc
2773 565 2929 619 verba
2953 561 3307 616 scandalizati
3336 568 3481 627 sunt,
3502 562 3809 632 respondit:

2223 657 2387 713 Sinite
2438 655 2582 721 illos,
2610 653 2732 707 caci
2789 658 2927 719 sunt,
2960 651 3111 705 duces
3157 666 3410 704 cacorum
3471 650 3688 720 (Matth.
3722 668 3810 718 xv,

2224 743 2340 814 14).
2380 744 2582 798 Paulus
2620 757 2837 813 quoque
2875 740 3153 811 apostolus
3190 738 3450 794 admonet
3487 739 3715 796 dicens:
3762 744 3814 799 Si

2222 833 2340 905 ﬁeri
2362 838 2548 903 potest,
2580 830 2721 901 quod
2739 847 2804 884 ea:
2834 829 2975 883 vobis
3012 835 3086 883 est
3113 844 3227 882 cum
3255 829 3498 882 omnibus
3526 831 3814 885 hominibus

589 944 788 1015 (Epist.
814 942 847 997 3
869 940 1019 1011 Χειεεὶ
1067 939 1205 1009 ΙΙΙ.)
1252 962 1269 983 ε
1297 938 1487 993 Sixtus
1536 934 1825 1007 episcopus
1854 932 2115 989 omnibus
2219 920 2669 1015 pacetnbabentes
2697 919 2997 1015 (Romam,
3021 916 3137 988 48).
3162 917 3426 1015 Dicturus
3584 920 3815 1015 amnibus

516 1029 890 1089 Orientalibus
918 1026 1189 1099 episcopis
1230 1025 1286 1079 in
1318 1022 1557 1079 Domino
1606 1021 1858 1075 salutem.
1903 1019 2117 1074 Gratias

516 1129 709 1177 vestra
739 1118 1029 1174 referimus
1059 1114 1362 1180 sanctitati,
1400 1111 1547 1184 quod
1588 1112 1644 1165 in
1670 1110 2038 1165 tribulatione
2065 1118 2120 1165 et

517 1206 895 1277 persecutione
934 1211 1121 1259 nostra
1157 1219 1259 1257 nos
1295 1200 1524 1256 visitare
1556 1197 1809 1263 misistis,
1843 1204 1897 1250 et
1942 1211 2118 1252 causa

522 1303 721 1352 nostrae
752 1296 917 1351 ﬁnem
945 1296 1154 1351 bonum
1180 1291 1321 1347 scire
1349 1298 1403 1345 et
1430 1306 1547 1344 esse
1586 1287 1810 1359 optatis,
1844 1283 2119 1357 precibus-

523 1402 628 1458 que
648 1386 823 1441 Deum
849 1383 1137 1449 exorastis,
1170 1388 1231 1435 ut
1262 1378 1398 1433 mihi
1424 1379 1479 1432 in
1509 1374 1870 1433 tribulatione
1905 1388 2122 1428 succur-

523 1484 666 1531 reret
690 1491 830 1542 mea,
865 1490 1059 1547 meque
1079 1473 1389 1544 adjuvaret,
1413 1478 1468 1526 et
1500 1468 1568 1524 ab
1595 1468 1811 1524 amulis
1839 1465 2125 1523 tribulan-

522 1563 674 1619 tibus
701 1571 759 1618 et
786 1560 1239 1636 persequentibus
1270 1576 1356 1614 me
1396 1557 1672 1613 liberaret.
1713 1557 1757 1613 Ο
1788 1572 1953 1629 quam
1983 1554 2128 1609 bona

523 1660 607 1708 est
633 1650 892 1718 Charitas,
920 1666 1041 1722 qua
1063 1648 1312 1704 absentes
1335 1662 1431 1719 per
1473 1646 1789 1717 imaginem,
1836 1651 2128 1715 prasentes

2225 1009 2517 1065 hominibus
2571 1024 2747 1079 pacem
2798 1009 3057 1073 habentes,
3113 1005 3243 1076 quia
3299 1004 3407 1059 hoc
3443 1004 3675 1061 difﬁcile
3710 1023 3815 1063 esse

2228 1100 2523 1172 perspexit,
2553 1099 2837 1170 pramisit,
2870 1098 2917 1153 si
2939 1098 3061 1169 ﬁeri
3076 1103 3265 1168 potest,
3293 1104 3344 1150 et
3367 1095 3659 1167 subjunxit
3677 1097 3816 1167 quod

2230 1195 2407 1260 potest
2433 1187 2575 1254 ﬁeri,
2604 1204 2730 1244 cum
2761 1187 2898 1243 dicit
2919 1186 3059 1257 quod
3088 1202 3154 1240 ex
3180 1185 3324 1240 vobis
3343 1191 3437 1239 est.
3467 1184 3607 1251 Quia
3649 1187 3697 1240 si
3727 1202 3819 1242 nos

2232 1280 2289 1334 in
2320 1286 2503 1334 mente
2531 1278 2857 1335 charitatem
2886 1293 3009 1349 erga
3030 1277 3282 1335 odientes
3309 1291 3529 1330 servare
3549 1276 3814 1348 cupimus,

2232 1377 2285 1423 et
2314 1368 2359 1422 si
2389 1368 2474 1423 illi
2523 1368 2810 1423 nobiscum
2843 1382 3026 1438 pacem
3057 1381 3168 1419 non
3225 1363 3450 1431 habent,
3498 1380 3599 1419 nos
3646 1373 3818 1421 tamen

2232 1476 2360 1516 cum
2386 1460 2501 1516 illis
2528 1459 2645 1514 sine
2674 1457 2844 1513 dubio
2874 1455 3159 1512 habemus.

2320 1575 2339 1597 ι
2368 1548 2528 1615 Quod
2556 1564 2683 1619 ergo
2698 1545 3015 1613 mandastis,
3040 1552 3102 1599 ut
3120 1542 3488 1600 scriberemus
3505 1544 3683 1612 vobis,
3703 1560 3821 1615 qua-

2239 1642 2365 1696 liter
2393 1640 2606 1696 instans
2630 1636 2874 1708 jurg’ium
2904 1642 3097 1691 contra
3129 1650 3215 1689 me
3247 1634 3574 1689 suscitatum
3617 1635 3711 1701 sit,
3749 1636 3823 1689 vel

526 1739 887 1810 sibimetipsis
933 1738 1162 1794 exhibet
1198 1753 1295 1809 per
1346 1750 1588 1791 amorem
1618 1751 1629 1789 :
1691 1733 1873 1788 divisa
1911 1745 2127 1803 quoque
2156 1740 2203 1800 Β
2235 1744 2267 1783 a
2294 1744 2423 1801 quo,
2448 1735 2510 1781 ut
2540 1734 2725 1781 vestro
2744 1723 3085 1780 adminiculo
3117 1723 3432 1794 pelleretur,
3456 1730 3511 1777 et
3530 1739 3698 1778 causa
3718 1740 3827 1779 mea

524 1826 673 1894 unit,
702 1843 767 1882 ac
794 1825 1025 1881 confusa
1051 1823 1289 1890 ordinat,
1337 1822 1630 1893 inaequalia
1677 1821 1871 1885 sociat,
1912 1819 2125 1890 imper-

526 1916 668 1970 fecta
725 1914 1036 1969 conﬁrmat.
1097 1912 1272 1979 Quam
1299 1918 1446 1966 recte
1485 1910 1812 1981 pradicator
1853 1908 2121 1979 egregius,

525 2003 805 2073 apostolus
863 2000 1123 2054 videlicet
1163 1999 1367 2053 Paulus
1390 2040 1409 2062 ,
1470 1997 1739 2050 vinculum
1784 1992 2123 2065 perfectionis

527 2088 755 2159 (Coloss.
789 2103 870 2152 ιιι,
906 2085 996 2155 14)
1028 2093 1209 2150 vocat,
1233 2084 1495 2155 quoniam
1526 2082 1997 2155 virtutesquidem
2022 2098 2121 2138 ca-

522 2185 653 2234 tera
675 2174 1068 2246 perfectionem
1099 2181 1381 2244 generant,
1414 2173 1509 2230 sed
1540 2180 1725 2228 tamen
1765 2188 1855 2228 eas
1883 2172 2124 2231 charitas

524 2266 602 2321 ita
622 2264 773 2335 ligat,
796 2270 858 2319 ut
877 2262 945 2319 ab
965 2263 1200 2317 amantis
1220 2271 1401 2318 mente
1429 2262 1659 2318 dissolvi
1685 2261 1802 2332 jam
1829 2270 2118 2333 nequeant.

525 2354 638 2409 Hac
668 2369 887 2426 quoque
938 2353 1168 2420 virtute,
1208 2351 1405 2407 fratres
1434 2396 1448 2419 ,
1489 2367 1587 2405 vos
1626 2351 1817 2422 plenos
1882 2350 2123 2421 Spiritus

524 2442 699 2499 sancti
724 2441 898 2514 gratia
933 2457 1048 2498 esse
1104 2439 1339 2513 reperio,
1394 2440 1526 2495 dum
1576 2438 1818 2493 solatiari
1880 2437 2015 2492 mihi
2066 2437 2122 2492 in

523 2532 661 2589 meis
690 2531 1065 2588 anxietatibus
1093 2530 1292 2586 sentio.
1326 2530 1439 2585 Nec
1459 2529 1683 2596 mirum,
1714 2528 2047 2593 charissimi,
2076 2527 2123 2581 si

524 2638 611 2676 me
652 2627 1056 2692 persequuntur
1089 2619 1275 2675 amuli
1310 2619 1437 2686 mei,
1484 2636 1611 2675 cum
1641 2626 1803 2690 caput
1846 2626 2119 2683 nostrum,

523 2707 671 2782 quod
691 2714 772 2762 est
793 2706 1066 2774 Christus,
1103 2707 1235 2761 olim
1259 2707 1443 2761 amuli
1470 2715 1670 2764 sancta
1698 2706 1796 2762 Dei
1838 2706 2119 2773 Ecclesia,

524 2813 918 2869 servorumque
944 2796 1081 2866 ejus,
1114 2798 1224 2852 sint
1254 2798 1543 2869 persecuti.
1581 2795 1737 2852 Unde
1776 2804 1831 2850 et
1862 2796 1976 2868 ipsa
2028 2811 2123 2867 per

523 2903 579 2941 se
610 2887 827 2942 Veritas
854 2885 1028 2939 dicit:
1075 2884 1134 2938 Si
1156 2886 1608 2954 patremfamilias
1652 2886 1935 2941 Beelzebub
1974 2904 2121 2940 voca-

520 2978 728 3040 verunt,
755 2977 953 3041 quanto
974 2971 1147 3041 magis
1169 2972 1471 3026 domesticos
1500 2972 1612 3040 ejus
1643 2974 1854 3041 (Matth.
1888 2991 1947 3040 χ,
1985 2974 2075 3043 25)
2095 2974 2122 3027 ?

2235 1816 2565 1882 firmaretur,
2605 1814 2802 1870 scitote
2842 1828 2928 1867 me
2963 1810 3250 1866 criminari
3289 1827 3320 1864 a
3365 1810 3607 1882 quodam
3650 1811 3823 1878 Basso,

2232 1914 2287 1961 et
2326 1904 2527 1974 injuste
2583 1902 2856 1975 persequi.
2915 1900 3073 1968 Quod
3125 1900 3353 1956 audiens
3408 1900 3828 1956 Valentinianus

2233 1996 2514 2065 Augustus
2535 2037 2549 2061 ,
2608 2000 2798 2047 nostra
2834 1990 3163 2046 auctoritate
3201 1990 3477 2062 synodum
3515 1992 3826 2060 congregari

2226 2082 2413 2153 jussit,
2454 2090 2509 2138 et
2547 2083 2691 2137 facto
2730 2081 2970 2136 concilio
3008 2096 3133 2135 cum
3174 2095 3371 2150 magna
3424 2080 3829 2135 examinatione

2232 2176 2574 2232 satisfaciens
2612 2174 2893 2242 omnibus,
2925 2174 3057 2231 licet
3084 2172 3316 2229 evadere
3344 2173 3508 2229 aliter
3538 2174 3677 2229 satis
3705 2191 3829 2245 pos-

2232 2282 2367 2331 sem,
2410 2263 2779 2336 suspicionem
2819 2271 3004 2318 tamen
3043 2263 3279 2334 fugiens,
3333 2278 3521 2318 coram
3580 2262 3830 2317 omnibus

2236 2370 2320 2410 me
2342 2352 2593 2425 purgavi,
2629 2368 2714 2407 me
2745 2352 2958 2409 scilicet
2987 2368 3019 2406 a
3048 2351 3366 2423 suspicione
3386 2359 3440 2406 et
3478 2351 3829 2407 aemulatione

2235 2443 2491 2509 liberans,
2516 2442 2607 2497 sed
2640 2458 2751 2498 non
2778 2441 2902 2497 aliis
2931 2441 3026 2515 qui
3048 2441 3350 2508 noluerint,
3382 2448 3480 2495 aut
3508 2450 3707 2512 sponte
3737 2442 3829 2495 hoc

2234 2548 2345 2587 non
2382 2530 2645 2603 elegerint
2707 2531 3021 2587 faciendum
3053 2574 3067 2597 ,
3137 2530 3369 2585 formam
3410 2531 3830 2602 exemplumque

2233 2620 2389 2688 dans,
2431 2637 2558 2675 cum
2598 2619 2862 2691 scriptum
2903 2620 3011 2676 sit:
3069 2619 3125 2674 Si
3165 2619 3291 2690 quis
3323 2618 3536 2675 crimen
3599 2619 3829 2690 objicere

2233 2709 2493 2778 voluerit,
2555 2709 2759 2765 scribat
2796 2725 2853 2764 se
2892 2709 3044 2780 prius
3103 2707 3506 2780 probaturum;
3577 2715 3634 2763 et
3670 2707 3825 2763 alibi:

2233 2801 2660 2858 Criminationes
2697 2800 2960 2856 adversus
2998 2800 3279 2856 doctorem
3326 2816 3490 2855 nemo
3528 2800 3825 2872 suscipiat;

2231 2898 2286 2945 et
2339 2890 2573 2946 iterum:
2610 2889 2666 2944 Si
2696 2890 2820 2961 quis
2870 2888 3176 2961 episcopus,
3219 2889 3527 2961 presbyter,
3592 2898 3687 2944 aut
3724 2889 3826 2945 dia-

2231 2996 2423 3047 conus,
2462 2981 2544 3033 vel
2566 2979 2804 3052 quilibet
2820 2980 3007 3036 clerici
3028 2980 3173 3051 apud
3193 2980 3513 3051 episcopum
3534 2996 3568 3033 a
3595 2980 3828 3051 qualibet

522 3060 656 3128 01183
686 3061 889 3116 ίῑθΐιιῐη
911 3060 1086 3158 dion“?
1117 3060 1185 3158 ,δέ
1213 3060 1275 3114 de
1304 3061 1398 3115 hoc
1426 3060 1622 3157 ωαζιάο
1651 3060 1846 3127 esset“,
1895 3061 2123 3115 τηαηάιιδ
2157 3099 2200 3158 C
2232 3086 2465 3143 persona
2494 3070 2701 3125 fuerint
2730 3069 2988 3137 accusati,
3023 3069 3337 3142 quicunque
3370 3070 3559 3135 fuerit,
3590 3070 3708 3125 sive
3742 3071 3827 3125 ille

522 3150 663 3220 quod
698 3166 853 3203 suum
873 3155 989 3203 erat
1025 3148 1268 3219 diligeret
1292 3166 1308 3207 ;
1328 3149 1418 3203 sed
1436 3147 1564 3219 quia
1584 3149 1645 3202 de
1671 3149 1765 3202 hoc
1794 3149 1988 3202 mundo
2014 3165 2121 3203 non

521 3239 661 3306 estis,
709 3238 798 3292 sed
824 3255 910 3307 ego
940 3237 1067 3307 elegi
1094 3254 1185 3291 vos
1216 3222 1523 3304 de'mundo,
1565 3244 1847 3308 propterea
1888 3238 2001 3292 odit
2031 3253 2120 3291 vos

520 3328 751 3382 mundus
782 3329 963 3398 (Joan.
999 3343 1093 3395 xv,
1134 3328 1247 3399 19).
1309 3327 1456 3394 Hac,
1508 3326 1724 3395 fratres,
1763 3342 1889 3384 cum
1933 3334 1986 3381 et
2022 3342 2121 3382 nos

522 3415 780 3483 sciamus,
837 3422 891 3470 et
918 3414 1044 3469 aliis
1074 3430 1176 3469 nos
1222 3430 1362 3486 sape
1392 3414 1771 3486 pradicemus,
1821 3429 2024 3485 vosque
2058 3430 2122 3468 ea

519 3504 758 3575 perfecte
785 3504 924 3560 scire
959 3518 1072 3558 non
1110 3502 1447 3569 dubitemus,
1481 3510 1704 3574 propter
1733 3502 2119 3557 insidiantium

520 3591 953 3663 vituperationes
979 3598 1073 3644 aut
1100 3591 1497 3655 accusationes,
1523 3591 1611 3644 vel
1634 3597 1856 3660 propter
1878 3590 2119 3645 laudau-

518 3677 659 3731 tium
677 3678 1040 3741 adulationes,
1060 3692 1161 3730 nec
1183 3677 1251 3730 ad
1273 3677 1579 3743 dexteram,
1609 3692 1710 3730 nec
1742 3676 1811 3730 ad
1838 3676 2119 3732 sinistram

518 3765 797 3820 declinare
850 3763 1149 3818 debemus:
1213 3764 1308 3818 sed
1347 3764 1492 3818 inter
1548 3764 1715 3818 verba
1770 3764 2115 3819 laudantium

518 3854 637 3909 sive
664 3854 1122 3926 vituperantium,
1179 3853 1249 3908 ad
1290 3860 1528 3908 mentem
1568 3870 1782 3924 semper
1822 3871 2120 3910 recurren-

517 3944 651 4000 dum
680 3951 781 3999 est.
810 3945 883 3998 Et
909 3942 955 3997 si
984 3942 1043 3996 in
1079 3957 1142 3995 ea
1168 3958 1277 3996 non
1309 3942 1595 3996 invenitur
1628 3941 1836 3996 bonum
1867 3943 2014 4015 quod
2052 3944 2120 4001 de

518 4030 681 4085 nobis
708 4031 935 4097 dicitur,
960 4044 1210 4098 magnam
1238 4028 1523 4083 tristitiam
1552 4045 1809 4100 generare
1833 4030 2013 4087 debet.
2048 4033 2119 4087 Et

518 4133 759 4185 rursum,
782 4118 908 4172 siin
933 4133 996 4172 ea
1020 4133 1131 4172 non
1161 4118 1445 4173 invenitur
1471 4120 1673 4174 malum
1698 4120 1843 4191 quod
1871 4120 1937 4175 de
1959 4121 2120 4178 nobis

517 4205 772 4262 homines
805 4206 1131 4278 loquuntur,
1173 4207 1229 4260 in
1264 4223 1517 4278 magnam
1562 4206 1825 4263 debemus
1865 4210 2115 4265 latitiam

516 4292 790 4365 prosilire.
816 4293 960 4360 Quid
982 4294 1129 4349 enim
1157 4295 1202 4350 si
1224 4311 1415 4350 omnes
1435 4296 1677 4364 laudent,
1700 4303 1756 4351 et
1775 4298 2114 4353 conscientia

516 4397 617 4437 nos
644 4389 861 4438 accuset
881 4381 925 4436 ?'
952 4390 1047 4437 aut
1075 4382 1121 4436 si
1152 4398 1344 4438 omnes
1372 4391 1650 4451 accusent,
1698 4393 1753 4441 et
1778 4386 2118 4443 conscientia

515 4492 616 4531 nos
631 4475 833 4531 liberos
852 4476 1235 4532 demonstret?
1251 4476 1526 4533 Habemus
1546 4478 1773 4535 Paulum
1802 4480 2074 4537 dicentem
2099 4500 2110 4536 :

516 4564 705 4620 Gloria
746 4572 934 4619 nostra
978 4566 1083 4619 hac
1110 4572 1202 4632 est,
1251 4566 1602 4621 testimonium
1638 4569 1965 4623 conscientiae
2010 4588 2118 4625 no-

513 4662 639 4710 stra
667 4656 757 4727 (II
784 4656 907 4711 Cor.
935 4673 973 4723 ι,
1000 4656 1112 4726 12).
1147 4656 1249 4711 Job
1278 4674 1494 4731 quoque
1522 4658 1688 4715 dicit:
1740 4662 1871 4716 Ecce
1906 4662 1963 4714 in
1992 4663 2116 4717 calo

516 4751 658 4805 testis
708 4768 852 4806 meus
880 4752 1021 4820 (Job.
1055 4768 1172 4822 xvr,
1219 4753 1336 4825 20).
1371 4755 1425 4810 Si
1470 4772 1598 4827 ergo
1628 4765 1709 4811 est
1743 4757 1903 4813 nobis
1953 4759 2116 4813 testis

514 4839 574 4896 in
613 4840 771 4907 coelo,
811 4842 968 4897 testis
1023 4843 1082 4897 in
1121 4844 1303 4911 corde,
1346 4844 1694 4901 dimittamus
1732 4849 1932 4903 stultos
1972 4851 2108 4905 foris

514 4928 669 5000 loqui
698 4928 845 5000 quod
871 4930 1087 4985 volunt.
1122 4930 1265 4997 Quid
1290 4932 1440 4987 enim
1470 4933 1622 4988 aliud
1650 4934 2005 4993 detrahentes
2036 4939 2114 4993 fa-

512 5015 704 5085 ciunt,
762 5016 872 5072 nisi
912 5017 971 5071 in
1018 5018 1301 5089 pulverem
1341 5019 1582 5088 sufﬂant,
1624 5030 1787 5095 atque
1825 5024 1883 5079 in
1923 5027 2113 5081 oculos

512 5122 641 5161 suos
665 5113 867 5161 terram
892 5106 1179 5162 excitant?
1198 5114 1261 5161 ut
1281 5107 1428 5163 unde
1451 5109 1573 5179 plus
1607 5110 1970 5169 detractionis
1995 5132 2111 5187 per-

512 5194 670 5263 ﬂant,
710 5195 842 5250 inde
883 5196 1054 5267 magis
1088 5195 1233 5251 nihil
1284 5197 1535 5253 veritatis
1573 5199 1817 5258 videant.
1863 5204 2110 5261 Vocandi

515 5290 696 5338 tamen
757 5291 887 5340 sunt
925 5284 1089 5340 etiam
1129 5285 1256 5356 ipsi,
1315 5293 1371 5355 et
1406 5287 1704 5358 tranquille
1757 5290 2111 5364 admonendi,

514 5373 700 5444 eisque
716 5375 967 5430 satisﬁeri
990 5375 1169 5431 modis
1195 5376 1455 5432 omnibus
1483 5377 1665 5446 debet,
1704 5381 1938 5438 scientes
1967 5385 2113 5457 quod

515 5464 583 5517 de
625 5466 825 5522 Judais
854 5469 1069 5525 Veritas
1102 5470 1259 5538 dicit,
1296 5487 1357 5524 ne
1378 5469 1517 5540 forte
1564 5473 1985 5530 scandalizemus
2029 5495 2113 5532 eos

519 5551 731 5621 (Matth.
764 5570 901 5621 xvn,
933 5557 1048 5627 26).
1075 5557 1132 5613 Si
1153 5564 1335 5613 autem
1368 5560 1622 5615 satisfieri
1648 5562 1752 5617 sibi
1775 5580 1844 5618 ex
1875 5565 2105 5621 veritate

2144 4448 2191 4506 D

2229 3158 2318 3213 vir
2363 3158 2621 3213 sublimis
2674 3159 2921 3227 honoris,
2963 3159 3081 3215 sive
3134 3160 3309 3215 ullius
3355 3160 3588 3214 alterius
3627 3161 3829 3231 generis

2230 3263 2478 3321 persona,
2527 3248 2621 3319 qui
2653 3247 2758 3303 hoc
2788 3264 2960 3318 genus
3002 3248 3343 3304 illaudabilis
3389 3249 3727 3304 intentionis
3754 3265 3825 3303 ar-

2231 3336 2481 3408 ripuerit,
2515 3336 2732 3392 noverit
2751 3336 2999 3392 docenda
3020 3336 3449 3407 probatioribus,
3476 3337 3827 3393 monstranda

2230 3425 2575 3481 documentis
2639 3441 2695 3480 se
2733 3424 2932 3480 debere
2988 3424 3210 3480 inferre.
3255 3426 3311 3481 Si
3366 3427 3492 3497 quis
3521 3443 3654 3497 ergo
3694 3427 3827 3482 circa

2230 3513 2549 3584 hujusmodi
2578 3529 2834 3585 personas
2867 3530 2979 3569 non
3010 3514 3291 3585 probanda
3307 3514 3593 3584 detulerit,
3628 3516 3825 3570 intelli-

2230 3612 2318 3674 gat
2372 3620 2427 3657 se
2452 3602 2723 3673 jacturam
2787 3601 3029 3657 infamia
3072 3603 3364 3671 sustinere,
3404 3611 3458 3659 et
3499 3603 3604 3659 sub
3648 3620 3829 3675 magna

2229 3694 2805 3748 excommunicatioue
2826 3693 3027 3749 exsilio
3040 3694 3337 3765 deportari.
3364 3697 3475 3751 Ista
3487 3698 3679 3751 omnia
3694 3704 3826 3768 post-

2229 3780 2407 3851 posui,
2440 3797 2550 3835 non
2578 3782 2724 3849 aliis,
2754 3791 2816 3838 ut
2860 3783 3021 3852 paulo
3051 3784 3304 3855 superius
3330 3784 3684 3855 pralibatum
3732 3796 3826 3850 est,

2229 3871 2544 3941 exemplum
2576 3872 2779 3942 dando,
2822 3873 2914 3928 sed
2949 3891 3035 3929 me
3065 3889 3095 3927 a
3124 3876 3348 3945 prafata
3389 3874 3627 3929 infamia
3655 3885 3710 3929 et
3750 3892 3828 3928 sn-

2228 3960 2471 4030 spicione
2510 3962 2813 4019 liberando.
2857 3963 3267 4021 Condemnatus
3292 3972 3373 4020 est
3410 3973 3598 4020 autem
3634 3981 3826 4019 memo~

2228 4056 2378 4104 ratus
2424 4050 2621 4106 Bassus
2650 4068 2681 4105 a
2727 4051 2841 4121 jam
2873 4052 3021 4108 dicta
3065 4054 3299 4125 synodo,
3332 4054 3411 4108 ita
3454 4062 3644 4109 tamen
3675 4064 3737 4109 ut
3777 4055 3827 4107 in

2227 4139 2425 4194 ultima
2460 4139 2547 4193 die
2580 4140 2845 4195 viaticum
2874 4142 2923 4195 ei
2956 4159 3066 4197 non
3098 4144 3415 4214 denegetur,
3464 4151 3693 4214 propter
3721 4142 3827 4196 bu—

2228 4226 2518 4282 militatem
2563 4228 2779 4298 pietatis
2818 4229 3100 4286 Ecclesia.
3144 4231 3572 4287 Valentinianus
3617 4246 3827 4304 quoque

2224 4323 2350 4371 ante
2388 4314 2570 4373 dictus
2609 4320 2911 4391 Imperator
2971 4322 3177 4393 scripto
3225 4338 3352 4377 eum
3408 4320 3824 4385 condemnavit,

2224 4423 2349 4463 cum
2418 4409 2662 4480 Augusta
2704 4420 2873 4467 matre
2937 4412 3218 4481 Placidia,
3287 4421 3339 4468 et
3378 4414 3568 4469 omnia
3631 4411 3826 4484 praedia

2226 4498 2551 4553 facultatum
2619 4498 2757 4569 ejus,
2798 4500 3001 4556 futuris
3050 4502 3117 4557 de
3173 4501 3374 4557 talibus
3440 4501 3579 4557 dans
3640 4502 3827 4556 homi-

2228 4585 2391 4641 nibus
2420 4588 2651 4643 formam
2685 4590 2760 4643 ita
2788 4588 3045 4657 faciendi,
3101 4591 3361 4647 Ecclesia
3410 4590 3702 4648 catholica
3748 4608 3826 4647 so~

2225 4674 2413 4731 ciavit.
2474 4677 2808 4749 Sapedictus
2864 4695 2989 4749 ergo
3028 4679 3230 4736 Bassus
3277 4689 3414 4736 nutu
3478 4680 3676 4736 divino
3719 4698 3824 4736 non

2225 4766 2403 4821 multo
2424 4776 2546 4839 post
2567 4770 2821 4824 moritur.
2851 4770 3021 4842 Cujus
3051 4785 3249 4841 corpus
3295 4771 3422 4826 licet
3453 4770 3685 4842 dignum
3716 4785 3826 4825 non

2225 4862 2364 4910 esset
2390 4858 2704 4925 sepultura,
2752 4870 2975 4931 propter
3014 4860 3449 4916 misericordiam
3508 4869 3691 4916 tamen
3749 4875 3824 4914 se-

2226 4943 2393 5013 pelivi
2415 4960 2541 4998 eum
2566 4945 2622 4999 in
2644 4946 2901 5003 cubiculo
2924 4958 3212 5020 parentum
3243 4947 3378 5020 ejus.
3407 4951 3477 5006 Et
3505 4964 3822 5021 quanquam

2226 5033 2339 5105 ipse
2367 5049 2492 5104 erga
2522 5052 2607 5091 me
2636 5038 2801 5093 stulte
2829 5046 2885 5093 et
2916 5038 3297 5110 imprudenter
3319 5034 3541 5110 egisset,
3565 5056 3665 5111 ego
3696 5053 3821 5092 vero

2224 5123 2655 5182 misericorditer
2705 5129 2849 5186 circa
2895 5146 3021 5185 eum
3078 5131 3182 5200 egi,
3225 5131 3470 5202 cogitans
3503 5131 3648 5185 illud
3677 5125 3821 5201 quod

2223 5215 2491 5270 Dominus
2519 5216 2576 5271 in
2599 5219 2898 5290 Evangelio
2920 5221 3167 5293 loquitur
3185 5221 3373 5279 dicens
3399 5239 3411 5276 :
3439 5221 3498 5277 Si
3520 5237 3625 5274 non
3655 5218 3820 5273 dimi—

2222 5303 2394 5357 seritis
2445 5305 2745 5359 hominibus
2793 5316 3007 5378 peceata
3052 5326 3253 5377 eorum,
3303 5327 3391 5364 nec
3447 5310 3612 5365 Pater
3660 5312 3820 5361 vester

2222 5394 2436 5447 calestis
2451 5395 2675 5449 dimittet
2698 5396 2843 5451 vobis
2855 5406 3248 5469 peccatavestra
3289 5400 3505 5471 (Matth.
3528 5399 3633 5469 γι).
3665 5399 3737 5452 Et
3762 5394 3815 5448 in

2223 5480 2339 5551 ipsa
2363 5483 2653 5539 Dominica
2679 5486 2949 5556 oratione,
2973 5504 3137 5560 quam
3168 5489 3422 5545 Salvator
3444 5494 3628 5543 noster
3655 5482 3816 5541 disci-

2222 5571 2380 5640 pulos
2426 5588 2554 5628 suos
2591 5591 2745 5631 orare
2782 5575 2992 5645 docuit,
3035 5577 3284 5649 quotidie
3323 5576 3680 5649 supplicando
3710 5574 3812 5628 Do-
