4056 6190
264 269 410 325 1017

1452 260 1813 319 OPUSCULA
1851 262 1942 318 ET
1979 259 2364 317 EPISTOL/E.

3428 260 3564 316 1018

266 420 425 474 mino
452 418 692 474 dicimus
726 434 737 472 :
774 416 990 472 Dimitte
1024 416 1173 471 nobis
1213 414 1383 470 debita
1422 419 1627 481 nostra,
1659 414 1794 468 sicut
1820 421 1867 468 et
1898 415 1948 472 A
1977 412 2104 484 quia
2135 411 2401 483 scriptum
2440 419 2519 466 est
2552 431 2563 467 :
2604 413 2718 468 Una
2752 416 2827 465 est
2868 409 3106 465 columba
3152 427 3287 479 mea,
3332 412 3566 483 perfecta

266 524 366 561 nos
396 507 714 561 dimittimus
758 506 1077 561 debitoribus
1104 504 1320 572 nostris,
1354 510 1407 559 et
1432 503 1608 558 multa
1637 504 1745 557 alia
1779 502 1868 558 his

262 596 498 651 similia.
531 595 629 649 His
675 595 749 648 ita
792 593 859 649 de
897 610 983 648 me
1013 593 1265 665 peractis,
1298 593 1427 665 quia
1455 600 1647 649 contra
1674 593 1868 647 volun-

261 693 438 741 tatem
489 682 741 737 omnium
790 682 1169 754 episcoporum
1218 683 1311 754 qui
1361 682 1648 737 nobiscum
1690 687 1864 747 erant,

260 780 494 845 propter
521 771 892 827 humilitatem
926 786 1114 826 sensus
1145 770 1273 837 mei,
1304 771 1515 825 nullius
1554 770 1871 841 compulsus

255 860 503 932 judicio,
549 866 644 913 aut
687 859 801 913 vim
847 875 1053 930 passus,
1101 859 1194 913 sed
1241 865 1433 929 sponte
1470 859 1696 930 eligens,
1730 858 1866 925 haec,

262 966 380 1005 non
407 949 666 1015 formam,
699 957 763 1003 ut
781 947 892 1018 jam
925 948 1138 1003 dictum
1167 956 1268 1013 est,
1293 947 1419 1001 aliis
1446 947 1647 1013 dando,
1673 946 1766 1001 sed
1785 962 1869 1001 me

261 1035 615 1109 puriﬁcando
642 1036 767 1091 feci.
792 1036 854 1090 In
884 1037 1010 1091 aliis
1038 1044 1223 1091 tamen
1252 1036 1526 1107 episcopis
1555 1045 1872 1107 competens

266 1124 587 1181 adhibenda
615 1134 698 1181 est
726 1124 929 1181 talibus
958 1125 1168 1180 medela
1200 1125 1546 1192 vulneribus,
1584 1141 1652 1179 ne
1679 1126 1869 1181 imma-

266 1225 395 1272 tura
446 1214 677 1272 curandi
725 1214 963 1271 facilitas
1010 1214 1295 1270 mortifera
1323 1215 1520 1287 capitis
1546 1222 1694 1286 peste
1727 1215 1870 1270 nihil

267 1305 463 1378 possit,
495 1303 590 1359 sed
619 1304 838 1375 segnius
866 1311 1040 1359 tracta
1087 1304 1358 1375 pernicies
1408 1312 1560 1359 reatu
1596 1319 1707 1357 non
1742 1304 1869 1374 legi-

267 1395 423 1450 timae
450 1392 755 1449 curationis
786 1392 1036 1448 involvat
1058 1394 1262 1465 pariter
1290 1393 1560 1449 sauciatos
1580 1402 1632 1448 et
1655 1392 1871 1447 meden-

265 1491 372 1539 tes.
401 1483 488 1539 Ob
526 1482 580 1537 id
601 1498 728 1554 ergo
750 1489 1050 1539 statuentes
1069 1483 1441 1551 decernimus,
1473 1492 1535 1539 ut
1557 1483 1613 1538 hi
1646 1484 1736 1555 qui
1760 1500 1872 1538 non

268 1578 405 1627 sunt
431 1571 591 1627 bonae
619 1572 1077 1639 conversationis,
1108 1580 1163 1629 et
1186 1590 1423 1645 quorum
1454 1572 1572 1628 vita
1600 1580 1681 1627 est
1704 1573 1873 1627 inex-

266 1660 552 1727 cusabilis,
589 1660 676 1715 vel
705 1678 939 1733 quorum
976 1661 1131 1728 ﬁdes,
1163 1660 1298 1727 vita,
1333 1670 1387 1716 et
1429 1661 1654 1715 libertas
1698 1661 1869 1717 nesci-

1975 520 2089 556 mea
2118 502 2350 571 (Cautio.
2385 502 2489 571 v1).
2527 502 2666 557 Hinc
2694 503 2895 557 iterum
2926 501 3198 557 Dominus
3226 501 3293 555 ad
3318 502 3566 574 ‘Moysem

1975 593 2051 648 ait
2112 611 2122 647 :
2182 593 2282 647 Est
2335 593 2474 646 locus
2524 609 2677 661 penes
2716 609 2814 657 me,
2877 598 2924 645 et
2969 590 3131 645 stabis
3173 606 3330 660 super
3361 598 3568 660 petram

1981 681 2185 752 (Exod.
2202 697 2406 747 xxxm,
2422 679 2536 737 2t).
2552 679 2686 746 Quis
2706 687 2786 734 est
2808 681 2961 734 locus
2981 679 3077 750 qui
3097 694 3209 734 non
3226 678 3298 733 sit
3321 678 3565 746 Domini,

1979 770 2110 827 dum
2142 778 2338 826 cuncta
2366 771 2424 824 in
2454 769 2572 840 ipso
2601 785 2697 841 per
2716 786 2877 841 quem
2914 777 3097 824 creata
3124 777 3255 824 sunt
3283 769 3571 825 continen-

1977 869 2071 917 tur
2090 862 2118 916 ?
2146 861 2251 916 Sed
2280 868 2463 914 tamen
2517 861 2668 915 locus
2715 858 2857 929 apud
2903 873 3049 925 eum,
3083 858 3345 914 videlicet
3372 865 3571 913 sanctae

1979 950 2239 1006 Ecclesiae
2296 949 2482 1003 unitas
2525 954 2626 1014 est,
2679 949 2736 1001 in
2785 962 2891 1018 qua
2932 963 3096 1018 super
3120 955 3325 1017 petram
3375 954 3572 1013 statur,

1979 1039 2111 1095 dum
2160 1038 2523 1094 confessionis
2570 1037 2824 1092 soliditas
2854 1037 3144 1091 humiliter
3169 1043 3407 1092 tenetur.
3463 1035 3575 1090 Vos

1980 1144 2215 1200 quoque,
2237 1136 2289 1182 et
2311 1142 2500 1181 omnes
2532 1125 2729 1179 fratres
2764 1133 3001 1191 nostros,
3034 1124 3336 1180 Ecclesiam
3366 1122 3575 1180 Christi

1979 1218 2244 1285 sanguine
2288 1216 2625 1287 redemptam
2662 1225 2931 1285 regentes,
2965 1230 3253 1269 mouemus
3300 1221 3362 1268 ut
3386 1229 3578 1268 omnes

1979 1325 2011 1363 a
2041 1308 2369 1381 praecipitio,
2402 1308 2459 1361 in
2489 1323 2598 1379 quo
2629 1307 2824 1361 fratres
2875 1314 2927 1360 et
2958 1306 3179 1361 Domini
3208 1311 3450 1376 pastores
3478 1303 3576 1358 de-

1980 1397 2250 1452 trahendo
2294 1406 2345 1452 et
2396 1396 2770 1470 persequendo
2802 1396 2990 1453 verbis
3020 1402 3073 1450 et
3104 1395 3264 1451 factis
3296 1393 3572 1458 labuntur,

1982 1489 2190 1560 laqueis
2220 1488 2421 1560 quibus
2451 1488 2681 1560 potestis
2711 1486 3025 1553 retentetis,
3044 1493 3096 1539 et
3128 1484 3235 1539 labi
3270 1500 3361 1539 eos
3382 1484 3438 1538 in
3468 1484 3579 1537 ima

1981 1592 2093 1631 non
2143 1577 2491 1648 permittatis,
2542 1576 2672 1648 quia
2698 1577 2967 1647 scriptum
2996 1583 3075 1630 est
3100 1592 3111 1629 :
3150 1576 3245 1629 Ira
3275 1575 3382 1627 viri
3401 1572 3579 1643 justi—

1984 1667 2112 1719 tiam
2143 1667 2239 1719 Dei
2266 1684 2370 1720 nun
2391 1672 2644 1736 operatur
2672 1667 2810 1735 (Jac.
2848 1683 2884 1731 1,
2917 1665 3033 1733 20).
3060 1663 3201 1718 Hinc
3230 1678 3449 1717 rursum
3482 1662 3579 1718 di-

268 1757 385 1816 tur,
435 1765 545 1804 non
598 1749 807 1819 possint
854 1749 1073 1804 Domini
1124 1749 1431 1805 sacerdotes
1476 1765 1749 1816 accusare,
1800 1764 1868 1803 ne

1999 1756 2126 1812 :itur
2151 1773 2163 1811 :
2199 1756 2278 1811 Sit
2304 1757 2472 1809 omnis
2502 1757 2653 1809 homo
2682 1757 2835 1809 velox
2863 1755 2934 1809 ad
2959 1753 3302 1819 audiendum,
3325 1758 3376 1806 et
3394 1753 3580 1807 tardus

270 1841 419 1896 viles
454 1855 698 1911 personae
726 1840 794 1895 ad
824 1840 1230 1895 accusationem
1261 1855 1449 1894 eorum
1479 1839 1865 1894 admittantur.

268 1929 546 1985 Similiter
575 1928 632 1982 hi
655 1928 748 2000 qui
774 1928 831 1982 in
852 1928 1130 2000 aliquibus
1149 1928 1479 1984 criminibus
1499 1928 1696 1983 irretiti
1722 1936 1873 1994 sunt,

270 2018 362 2072 vel
413 2018 505 2089 qui
554 2026 683 2072 sunt
729 2016 1041 2088 suspiciosi,
1082 2033 1273 2071 vocem
1324 2017 1587 2071 adversus
1640 2015 1874 2086 majores

268 2114 411 2161 natu
451 2121 564 2161 non
596 2105 798 2161 habent
828 2105 1141 2172 accusandi,
1178 2106 1309 2176 quia
1336 2105 1640 2176 suspiciosa
1680 2121 1790 2159 vox
1823 2113 1875 2159 et

271 2194 507 2249 inimica
538 2193 824 2248 veritatem
875 2195 1011 2248 solet
1060 2194 1387 2264 opprimere.
1424 2193 1715 2261 Peregrina
1746 2208 1875 2246 vero

263 2281 502 2354 judicia,
522 2283 674 2337 salva
707 2283 763 2336 in
804 2282 1064 2337 omnibus
1092 2282 1396 2353 apostolica
1416 2281 1763 2347 auctoritate,
1791 2298 1875 2351 ge-

272 2371 449 2425 nerali
477 2370 761 2425 sanctione
780 2370 1156 2442 prohibemus.
1176 2369 1328 2424 Unde
1348 2376 1586 2440 oportet,
1605 2369 1648 2423 si
1674 2368 1878 2439 aliquis

271 2458 656 2529 episcoporum
700 2475 861 2530 super
908 2458 1074 2513 certis
1116 2467 1403 2513 accusetur
1432 2457 1785 2523 criminibus,
1818 2464 1877 2511 ut

270 2548 343 2602 ab
380 2547 643 2603 omnibus
670 2547 945 2614 audiatur,
966 2535 1070 2618 'qui
1112 2553 1241 2601 sunt
1271 2546 1327 2600 in
1358 2545 1644 2616 provincia
1673 2546 1878 2616 episco-

272 2637 383 2707 pis,
412 2637 541 2708 quia
569 2652 681 2691 non
708 2642 923 2707 oportet
950 2643 1265 2691 accusatum
1296 2634 1467 2688 aliubi
1492 2650 1655 2705 quam
1679 2633 1736 2687 in
1760 2634 1878 2688 foro

280 2742 384 2779 suo
430 2724 633 2779 audiri.
680 2726 734 2780 Si
782 2726 906 2797 quis
954 2741 1085 2779 vero
1127 2722 1374 2795 judicem
1424 2721 1714 2777 adversum
1772 2721 1877 2776 sibi

275 2816 535 2883 senserit,
567 2832 757 2871 vocem
810 2814 1196 2887 appellationis
1242 2812 1520 2868 exhibeat.
1572 2812 1880 2883 Appellan-

273 2912 387 2961 tem
420 2914 600 2960 autem
632 2922 742 2961 non
771 2905 932 2960 debet
974 2904 1203 2959 afﬂictio
1231 2904 1366 2969 ulla,
1399 2909 1494 2956 aut
1545 2901 1881 2956 detentionis

274 2992 852 3064 injuriare‘custodia,
905 2993 994 3048 sed
1048 2993 1210 3047 liceat
1255 2990 1575 3063 appellatori
1629 2989 1879 3044 vitiatam

270 3100 493 3141 causam
519 3085 904 3157 appellationis
918 3083 1162 3138 remedio
1181 3081 1487 3136 sublevare.
1510 3080 1696 3135 Liceat
1712 3079 1878 3133 etiam
1911 3116 1955 3175 Ο

276 3175 338 3228 in
371 3175 547 3229 causis
574 3174 955 3230 criminalibus
980 3173 1274 3244 appellare,
1303 3186 1402 3225 nec
1424 3167 1737 3240 appellandi
1768 3184 1881 3222 vox

278 3262 577 3334 denegetur
620 3263 669 3318 ei
717 3280 876 3334 quem
922 3261 1198 3333 supplicio
1246 3259 1521 3315 sententia
1566 3256 1878 3312 destinarit.

277 3354 534 3408 Pulsatus
562 3361 687 3407 ante
726 3369 884 3407 suum
930 3350 1175 3421 judicem
1216 3364 1433 3403 causam
1465 3346 1632 3413 dicat,
1666 3354 1719 3401 et
1756 3354 1881 3400 ante

278 3458 392 3497 non
437 3459 598 3497 suum
642 3442 885 3512 judicem
917 3441 1184 3510 pulsatus,
1215 3438 1261 3492 si
1293 3435 1533 3491 voluerit
1562 3442 1738 3490 taceat
1771 3453 1782 3488 :
1826 3433 1894 3497 et,

275 3539 341 3585 ut
371 3531 602 3601 pulsatis
632 3531 846 3601 quoties
869 3528 1149 3582 voluerint
1178 3526 1414 3580 inducite
1435 3525 1655 3579 dentur.
1681 3524 1737 3578 Si
1759 3524 1884 3595 quis

275 3629 418 3691 ergo
439 3620 613 3674 iratus
642 3617 852 3671 crimen
883 3614 1107 3687 aliquod
1124 3614 1354 3670 cuilibet
1376 3622 1577 3668 temere
1599 3611 1879 3683 objecerit,

276 3708 601 3764 convicium
648 3720 757 3758 non
803 3711 883 3760 est
914 3721 1011 3775 pro
1038 3704 1386 3760 accusatione
1416 3702 1752 3770 habendum,
1784 3701 1880 3757 sed

278 3797 550 3871 permisso
582 3795 851 3851 tractandi
883 3795 1079 3866 spatio,
1112 3794 1165 3849 id
1211 3793 1359 3866 quod
1390 3794 1562 3849 iratus
1590 3792 1757 3859 dixit,
1789 3807 1884 3863 per

279 3886 614 3957 scripturam
645 3899 701 3938 se
748 3883 1106 3954 probaturum
1153 3898 1269 3937 esse
1305 3881 1561 3946 fateatur,
1591 3888 1655 3934 ut
1684 3879 1728 3935 si
1760 3879 1884 3933 for-

276 3985 423 4031 tasse
467 3974 795 4046 resipiscens
828 3989 949 4044 quae
992 3987 1102 4042 prae
1147 3969 1436 4025 iracundia
1481 3968 1647 4036 dixit,
1688 3969 1884 4024 iterare

280 4074 375 4120 aut
402 4063 640 4119 scribere
668 4061 930 4128 noluerit,
956 4075 1068 4115 non
1087 4066 1149 4113 ut
1177 4073 1303 4113 reus
1328 4056 1581 4113 criminis
1608 4064 1880 4112 teneatur.

280 4153 477 4210 Omnis
508 4168 635 4222 ergo
670 4150 763 4222 qui
795 4148 1005 4207 crimen
1037 4146 1253 4219 objicit,
1289 4145 1493 4203 scribat
1521 4161 1577 4201 se
1611 4145 1886 4217 probatu—

281 4259 426 4298 rum.
464 4242 669 4297 Revera
705 4239 784 4294 ibi
832 4253 1044 4309 semper
1087 4252 1251 4293 causa
1297 4242 1510 4306 agatur,
1550 4234 1643 4290 ubi
1675 4234 1885 4290 crimen

282 4329 647 4386 admittitur:
682 4335 736 4383 et
784 4327 876 4399 qui
929 4342 1041 4380 non
1090 4323 1408 4396 probaverit
1465 4323 1611 4395 quod
1659 4322 1881 4393 objecit,

281 4434 502 4491 pmnam
578 4434 741 4489 quam
820 4413 1074 4470 intulerit
1148 4412 1263 4484 ipse
1338 4412 1599 4483 patiatur.
1670 4410 1885 4465 Placuit

282 4512 451 4568 etiam
498 4518 559 4564 ut
609 4509 655 4564 si
706 4508 997 4579 episcopus
1039 4511 1325 4560 accusatus
1354 4503 1714 4574 appellaverit
1744 4518 1885 4572 apo-

283 4599 536 4656 stolicam
581 4598 788 4662 sedem,
824 4595 881 4651 id
928 4592 1283 4649 statuendum
1328 4591 1476 4663 quod
1525 4589 1768 4661 ejusdem
1807 4605 1884 4644 se-

283 4688 373 4743 dis
433 4688 682 4759 pontifex
744 4684 1039 4741 censuerit.
1100 4682 1226 4736 Haec
1289 4687 1471 4735 tamen
1538 4679 1767 4734 omnino
1827 4678 1886 4733 in

286 4778 636 4835 sacerdotum
677 4792 841 4833 causa
884 4774 1062 4829 forma
1108 4778 1380 4837 servetur,
1438 4784 1509 4824 ne
1553 4783 1882 4840 quemquam

284 4870 562 4926 sententia
587 4885 701 4924 non
726 4883 758 4922 a
782 4882 883 4922 suo
906 4864 1095 4936 judice
1122 4862 1273 4918 dicta
1299 4858 1663 4929 constringat.
1687 4856 1886 4912 Occur-

284 4975 405 5015 rere
435 4975 656 5031 quoque
685 4958 916 5030 quisque
941 4952 1189 5008 ﬁdelium
1219 4948 1398 5005 ruinis
1416 4947 1579 5003 debet
1608 4962 1888 5019 oppresso-

284 5064 414 5103 rum
449 5054 503 5102 et
534 5048 861 5103 miserorum
889 5041 1160 5107 subsidio,
1193 5055 1304 5112 quo
1340 5038 1561 5104 valeant
1585 5052 1652 5091 ex
1686 5036 1888 5092 releva-

283 5137 444 5192 tione
471 5136 664 5192 aliena:
695 5134 959 5191 vindictae
986 5149 1018 5187 a
1046 5146 1103 5187 se
1122 5128 1222 5185 Dei
1253 5141 1536 5182 removere
1557 5125 1885 5181 vindictam.

285 5225 453 5280 Libat
496 5224 642 5279 enim
682 5222 921 5278 Domino
953 5234 1229 5292 prospera,
1261 5214 1356 5289 qui
1386 5213 1453 5269 ab
1483 5212 1704 5268 aﬂlictis
1733 5213 1889 5283 pellit

284 5313 538 5369 adversa.
578 5311 729 5367 Unde
778 5311 1040 5381 scriptum
1080 5315 1161 5362 est
1194 5324 1206 5362 :
1242 5306 1436 5361 Frater
1473 5302 1703 5372 fratrem
1735 5301 1889 5368 adju-

284 5421 423 5459 vans
453 5402 780 5457 multabitur
802 5402 986 5473 (Prov.
1018 5415 1180 5464 xvm,
1210 5393 1325 5465 19).
1351 5391 1599 5448 Ecclesia
1620 5391 1767 5445 enim
1790 5391 1891 5445 Dei

285 5494 413 5549 sine
461 5491 677 5546 macula
723 5499 775 5545 et
814 5506 944 5561 ruga
991 5488 1151 5543 debet
1192 5485 1448 5548 existere,
1498 5487 1552 5535 et
1602 5478 1726 5534 ideo
1779 5495 1891 5534 non

286 5588 511 5653 oportet
540 5596 658 5634 eam
697 5595 728 5634 a
766 5577 1094 5651 quibusdam
1125 5570 1438 5631 conculcari
1475 5576 1571 5625 aut
1601 5570 1887 5635 maculari,

1982 1847 2054 1900 ad
2103 1846 2436 1915 loquendum,
2469 1851 2519 1898 et
2566 1845 2753 1898 tardus
2793 1845 2864 1897 ad
2894 1844 3030 1896 iram
3064 1842 3204 1911 (Jac.
3235 1859 3273 1908 ι,
3308 1843 3419 1911 19).
3454 1843 3581 1898 Haec

1983 1937 2163 1984 autem
2196 1948 2311 1998 vos,
2330 1940 2551 1988 auctore
2571 1934 2705 1999 Deo,
2728 1932 2914 1985 omnia
2935 1947 3153 1985 servare
3182 1946 3293 1985 non
3322 1928 3540 2001 ambigo
3565 1947 3577 1985 :

1985 2017 2079 2072 sed
2110 2020 2399 2074 occasione
2428 2019 2829 2074 admonitionis
2850 2027 3062 2084 exorta,
3085 2018 3247 2073 bonis
3275 2018 3473 2072 vestris
3494 2017 3582 2071 de-

1985 2106 2207 2162 sideriis
2252 2116 2305 2161 et
2335 2108 2595 2179 operibus
2628 2124 2712 2162 me
2758 2107 2967 2162 furtive
3007 2106 3305 2177 subjungo,
3341 2113 3403 2160 ut
3437 2105 3585 2177 quod

1986 2212 2100 2251 non
2134 2197 2407 2253 admoniti
2441 2199 2643 2265 facitis,
2668 2198 2890 2269 quando
2908 2198 3066 2253 vobis
3086 2206 3140 2252 et
3169 2198 3471 2253 admonens
3494 2196 3584 2251 ad-

1986 2283 2158 2351 ditur,
2197 2285 2311 2354 jam
2360 2301 2469 2338 non
2517 2286 2620 2339 soli
2666 2286 2900 2340 faciatis.
2951 2285 3313 2355 Quapropter,
3367 2284 3583 2351 fratres,

1988 2386 2201 2448 oportet
2224 2395 2323 2433 vos
2351 2387 2403 2432 et
2434 2395 2624 2433 omnes
2646 2378 2835 2433 fideles
2863 2378 3094 2448 diligere
3112 2376 3370 2440 invicem,
3389 2382 3443 2429 et
3474 2391 3584 2428 non

1987 2470 2277 2524 detrahere
2331 2478 2425 2524 aut
2482 2486 2734 2525 accusare
2788 2471 3132 2524 alterutrum.
3180 2468 3455 2538 Scriptum
3505 2472 3587 2519 est

1987 2562 2135 2615 enim
2173 2562 2364 2631 (Eccli.
2397 2579 2576 2628 xxvn,
2608 2562 2727 2631 l8):
2766 2586 2782 2606 ι
2812 2562 2991 2632 Dilige
3015 2560 3424 2632 proximum,et
3442 2574 3586 2613 con-

2003 2676 2021 2697 ε
2055 2649 2285 2721 jungere
2304 2650 2408 2705 lide
2428 2668 2549 2706 cum
2567 2652 2580 2705 i
2597 2652 2687 2705 llo.
2704 2651 2859 2717 Quod
2874 2651 2917 2705 si
2936 2648 3305 2705 denudaveris
3324 2647 3589 2702 absconsa

2004 2764 2022 2785 ε
2064 2740 2233 2807 illitis,
2257 2756 2362 2794 non
2384 2740 2724 2811 persequeris
2745 2748 2867 2811 post
2896 2756 3041 2794 eum.
3067 2739 3220 2793 Sicut
3250 2737 3396 2791 enim
3421 2735 3587 2789 homo

2006 2853 2022 2873 ι
2061 2827 2153 2899 qui
2189 2829 2366 2899 perdit
2396 2828 2635 2883 amicum
2668 2844 2850 2894 suum,
2884 2827 2963 2881 sic
2993 2834 3048 2881 et
3070 2827 3165 2897 qui
3191 2824 3370 2895 perdit
3400 2822 3587 2877 amici-

2004 2940 2021 2961 ε
2062 2917 2193 2970 tiam
2227 2917 2467 2988 proximi
2501 2918 2605 2972 sui.
2656 2918 2726 2971 Et
2755 2917 2901 2972 sicut
2946 2917 3039 2988 qui
3070 2914 3309 2969 dimittit
3338 2927 3494 2969 avem
3523 2910 3590 2965 de

2005 3030 2022 3051 ‹
2064 3022 2228 3060 manu
2259 3007 2467 3073 sua,sic
2484 3007 2831 3079 dereliquisti
2865 3006 3181 3077 proximum
3211 3011 3457 3069 tuum,et
3479 3016 3587 3055 non

2003 3117 2021 3139 ι
2061 3111 2185 3149 eum
2236 3096 2439 3166 capies,
2474 3113 2583 3151 non
2622 3096 2779 3149 illum
2830 3093 3094 3165 sequaris,
3132 3091 3392 3161 quoniam
3426 3091 3586 3159 longe

2007 3209 2024 3229 ε
2061 3184 2231 3238 abest.
2272 3184 2484 3257 Effugit
2512 3184 2656 3237 enim
2691 3184 2842 3252 quasi
2881 3197 3073 3252 caprea
3102 3179 3169 3233 de
3201 3181 3430 3251 laqueo:
3458 3194 3588 3248 quo-

2009 3296 2027 3315 ι
2066 3271 2215 3325 niam
2248 3272 2537 3324 vulnerata
2565 3278 2645 3323 est
2674 3270 2859 3324 anima
2885 3269 3182 3340 ejus,ultra
3203 3284 3325 3323 eum
3359 3282 3467 3320 non
3498 3281 3588 3336 po-

2009 3384 2027 3405 ι
2066 3360 2199 3414 teris
2219 3358 2499 3428 colligare.
2520 3359 2591 3413 Et
2613 3357 2889 3413 maledicti
2912 3365 2994 3412 est
3014 3355 3388 3412 concordatio.
3410 3356 3589 3408 Denu-

2009 3472 2029 3494 ι
2062 3449 2190 3503 dare
2217 3456 2396 3502 autem
2423 3447 2586 3502 amici
2619 3447 2901 3518 mysteria,
2935 3445 3241 3515 desperatio
3282 3451 3363 3497 est
3393 3442 3591 3497 animai

2010 3561 2028 3583 ι
2067 3536 2325 3592 infelicis.
2363 3539 2628 3591 Annuens
2655 3538 2816 3591 oculo
2848 3535 3078 3590 fabricat
3105 3533 3315 3605 iniqua.
3348 3539 3403 3587 et
3429 3548 3592 3587 nemo

2009 3648 2029 3671 ι
2065 3642 2190 3680 eum
2230 3625 2469 3696 abjiciet.
2502 3627 2561 3680 ln
2588 3633 2885 3697 conspectu
2905 3625 3187 3680 oculorum
3220 3631 3442 3678 tuorum
3463 3638 3593 3678 con-

2010 3739 2029 3761 ι
2066 3715 2307 3770 culcabit
2336 3732 2398 3770 os
2449 3732 2634 3781 suum,
2667 3722 2721 3769 et
2749 3729 2912 3784 super
2957 3726 3240 3767 sermones
3267 3718 3393 3765 tuos
3420 3708 3594 3764 admi-

2008 3826 2028 3848 ‹
2069 3802 2297 3858 rabitur.
2337 3804 2649 3858 Novissime
2690 3811 2873 3857 autem
2925 3807 3201 3873 pervertet
3229 3816 3290 3854 os
3325 3815 3511 3864 suum,
3542 3805 3595 3853 et

2011 3918 2031 3941 ι
2070 3893 2127 3948 in
2157 3893 2341 3948 verbis
2361 3894 2471 3948 tuis
2499 3892 2649 3948 dabit
2672 3890 3199 3948 scandalum.Multa
3222 3888 3378 3944 odivi
3406 3895 3594 3942 etnon

2012 4008 2029 4028 ι
2069 3982 2352 4054 coaequavi
2373 3983 2442 4049 ei,
2467 3990 2520 4036 et
2541 3982 2812 4037 Dominus
2829 3981 2979 4036 odiet
3008 3980 3189 4035 illum.
3205 3977 3311 4045 Qui
3344 3976 3401 4031 in
3421 3978 3595 4031 altum

2013 4098 2030 4119 ε
2072 4072 2244 4127 mittit
2296 4072 2554 4142 lapidem,
2598 4087 2761 4142 super
2786 4078 2951 4142 caput
2980 4069 3098 4141 ejus
3140 4068 3318 4136 cadet,
3361 4074 3414 4123 et
3444 4066 3600 4138 plaga

2011 4187 2027 4205 σ
2071 4160 2242 4214 dolosi
2276 4158 2492 4213 dividet
2523 4158 2772 4213 vulnera.
2808 4160 2911 4224 Qui
2946 4159 3088 4212 fodit
3112 4159 3350 4223 foveam,
3382 4154 3598 4211 decidet

2013 4275 2029 4295 -
2068 4250 2126 4303 in
2159 4249 2333 4313 illam,
2357 4255 2409 4303 et
2440 4246 2535 4318 qui
2567 4246 2762 4300 statuit
2789 4244 3025 4315 lapidem
3057 4245 3334 4314 proximo,
3359 4244 3599 4298 offendet

2013 4363 2030 4387 ‹
2072 4342 2129 4395 in
2161 4355 2245 4406 eo,
2287 4345 2341 4393 et
2382 4337 2477 4409 qui
2515 4338 2770 4408 laqueum
2807 4333 2904 4387 alii
2936 4334 3111 4404 ponit,
3145 4331 3346 4401 peribit
3389 4331 3446 4384 in
3474 4332 3597 4385 illo.

2011 4453 2029 4475 ι
2074 4428 2322 4485 Facienti
2354 4425 2755 4499 nequissimum
2770 4421 3067 4479 consilium
3098 4435 3263 4491 super
3291 4419 3471 4490 ipsum
3492 4418 3599 4472 de—

2012 4545 2030 4565 ‹
2069 4518 2411 4584 volvetur,et
2431 4530 2545 4569 non
2566 4512 2815 4583 agnoscit
2836 4509 2982 4565 unde
3001 4508 3261 4564 adveniat
3283 4507 3389 4562 illi.
3407 4507 3599 4561 Illusio

2016 4634 2031 4653 ε
2068 4613 2121 4660 et
2154 4603 2548 4677 improperium
2578 4599 2963 4672 superborum,
2982 4604 3037 4652 et
3066 4594 3315 4651 vindicta
3342 4594 3486 4650 sicut
3514 4595 3600 4649 leo

2015 4722 2033 4743 ι
2072 4694 2427 4750 insidiabitur
2457 4691 2562 4747 illi.
2594 4691 2811 4763 Laqueo
2839 4688 3100 4761 peribunt
3128 4685 3219 4759 qui
3252 4686 3603 4741 obiectantur

2016 4812 2032 4832 σ
2072 4801 2202 4841 casu
2226 4783 2505 4856 justorum
2532 4801 2543 4838 :
2598 4781 2760 4837 dolor
2783 4788 2967 4835 autem
2996 4784 3286 4835 consumet
3317 4792 3412 4831 eos
3438 4782 3605 4829 ante-

2018 4900 2035 4919 ‹
2074 4889 2236 4946 quam
2268 4871 2593 4927 moriantur.
2616 4872 2702 4926 Ira
2720 4876 2774 4924 et
2794 4870 2951 4924 furor
2964 4875 3196 4940 utraque
3218 4863 3600 4927 exsecrabilis,

2017 4987 2035 5008 ι
2074 4971 2126 5018 et
2191 4964 2279 5018 vir
2333 4968 2586 5034 peccator
2650 4960 2942 5016 continens
2996 4959 3102 5013 erit
3148 4957 3374 5011 illorum
3408 4951 3598 5022 (Ibid-.,

2018 5076 2036 5098 ε
2076 5068 2278 5117 xxvm,
2314 5053 2390 5119 1).
2425 5050 2531 5117 Qui
2562 5050 2836 5107 vindicari
2869 5049 3010 5113 vult,
3034 5062 3066 5100 a
3088 5044 3327 5099 Domino
3356 5038 3604 5094 inveniet

2016 5164 2035 5186 ι
2076 5140 2402 5209 vindictam,
2435 5150 2490 5196 et
2514 5148 2735 5212 peccata
2755 5139 2910 5193 illius
2941 5149 3165 5191 servans
3193 5129 3453 5187 servabit.
3488 5129 3603 5184 Be-

2018 5252 2036 5274 -
2077 5229 2264 5301 linque
2295 5230 2550 5301 proximo
2580 5237 2676 5283 tuo
2697 5226 2917 5282 nocenti
2948 5231 3021 5291 te,
3043 5230 3098 5277 et
3124 5230 3259 5275 tunc
3287 5216 3601 5290 deprecanti

2020 5342 2037 5362 ι
2080 5316 2185 5371 tibi
2215 5324 2434 5387 peccata
2460 5317 2769 5371 solventur.
2796 5313 2971 5368 Homo
3000 5308 3217 5365 homini
3238 5312 3423 5362 servat
3441 5305 3599 5369 iram,

2020 5429 2037 5450 ι
2076 5410 2129 5459 et
2159 5420 2190 5457 a
2227 5405 2339 5457 Deo
2370 5402 2566 5474 quaerit
2614 5402 2881 5457 medelam
2905 5401 2932 5455 ἒ)
2962 5401 3022 5453 In
3051 5395 3333 5452 hominem
3365 5393 3601 5449 similem

2020 5519 2038 5540 ‹
2076 5492 2182 5549 sibi
2212 5507 2324 5548 non
2355 5490 2520 5545 habet
2550 5488 3007 5553 misericordiam,
3046 5493 3100 5539 et
3125 5485 3192 5541 de
3223 5482 3458 5556 peccatis
3489 5482 3602 5537 suis

2022 5610 2038 5630 -
2076 5584 2397 5654 deprecatur
2438 5577 2784 5634 Altissimum
2808 5576 2835 5631 ?
2869 5577 2991 5647 Ipse
3046 5590 3173 5630 cum
3220 5589 3348 5629 caro
3394 5571 3469 5627 sit
3508 5585 3603 5625 re—
