4078 6182
552 216 689 279 ίο19

1584 212 1932 275 HINCMARI
1971 209 2453 275 LUGDUNENSIS
2489 210 2804 271 EPISCOPI

3701 215 3830 279 1030

560 398 581 429 ι
621 387 804 441 servat
831 380 994 449 iram,
1025 386 1082 438 et
1110 378 1556 451 propitiationem
1592 376 1731 448 petit
1761 393 1793 433 a
1822 378 1936 433 Deo
1964 375 1992 431 ‘l
2017 374 2149 448 quis
2174 374 2227 435 A
2252 382 2369 433 tum
2428 375 2577 445 ﬁdei,
2627 376 2687 433 in
2743 392 2852 448 quo
2900 375 3124 449 possitis
3164 376 3353 433 omnia
3385 376 3494 431 tela
3522 376 3832 448 nequissimi

564 500 585 535 s
618 473 872 536 exorabit
901 487 1001 543 pro
1030 469 1252 529 delictis
1286 468 1437 525 illius
1459 468 1486 524 ?
1508 468 1782 525 Memento
1812 466 2139 523 novissimo-

562 591 583 621 ι
626 581 771 633 rum,
805 570 861 621 et
891 560 1081 621 desine
1113 558 1413 618 inimicari.
1446 556 1715 613 Tabitudo
1745 556 1888 612 enim
1921 563 1976 610 et
1995 572 2141 615 mors

561 679 582 711 ι
622 654 918 714 imminent
947 650 1005 708 in
1041 648 1317 710 mandatis
1360 647 1496 718 ejus.
1554 647 1853 703 Memorare
1886 645 2139 703 timorem

563 768 583 800 ι
624 742 746 810 Dei,
777 749 831 799 et
857 756 970 799 non
998 738 1250 799 irascaris
1296 736 1575 808 proximo.
1610 735 1910 805 Memorare
1941 734 2142 791 Testa—

564 858 585 889 ε
622 838 869 891 mentum
886 828 1186 894 Altissimi,
1218 833 1274 885 et
1301 825 1522 895 despice
1554 825 1926 895 ignorantiam
1957 822 2141 894 proxi-

561 945 582 975 ι
621 924 719 981 mi.
773 919 1006 980 Abstine
1054 926 1106 975 te
1134 934 1165 974 a
1194 916 1311 982 lite,
1345 923 1397 971 et
1439 913 1657 974 minues
1685 922 1924 984 peccata.
1965 913 2142 968 Homo

559 1033 581 1067 ς
620 1010 770 1071 enim
824 1007 1123 1067 iracundus
1175 1004 1426 1065 incendit
1469 1003 1645 1072 litem,
1694 1010 1748 1058 et
1776 1002 1863 1059 vir
1890 1009 2145 1074 peccator

562 1122 583 1153 ο
620 1098 867 1159 turbabit
911 1097 1137 1162 amicos,
1183 1104 1238 1152 et
1290 1096 1344 1149 in
1392 1094 1574 1150 medio
1605 1108 1791 1165 pacem
1819 1090 2141 1148 habentium

560 1210 581 1239 σ
619 1187 886 1247 immittet
907 1182 1614 1247 inimicitiam.Secundum
1639 1181 1952 1251 enimligna
1971 1181 2143 1253 sylvas

561 1301 580 1331 s
618 1278 697 1334 sic
730 1278 874 1349 ignis
903 1276 1238 1339 exardescit:
1265 1284 1319 1331 et
1346 1273 1649 1332 secundum
1672 1273 1933 1329 virtutem
1967 1269 2142 1327 homi-

561 1391 581 1419 σ
620 1367 709 1425 nis
729 1367 809 1429 sic
835 1366 1127 1429 iracundia
1154 1366 1305 1423 illius
1332 1364 1456 1433 erit,
1480 1371 1535 1420 et
1559 1362 1862 1419 secundum
1893 1361 2144 1416 substan-

560 1484 581 1515 ι
617 1461 752 1520 tiam
784 1477 937 1519 suam
964 1460 1233 1525 exaltabit
1282 1460 1420 1516 iram
1452 1474 1626 1514 suam.
1662 1458 1953 1514 Certamen
1992 1455 2140 1510 festi-

559 1572 579 1601 ι
621 1558 814 1609 natum
833 1551 1084 1609 incendit
1106 1552 1308 1622 ignem,
1323 1557 1377 1605 et
1398 1549 1469 1605 lis
1486 1547 1756 1610 festinans
1768 1544 2005 1602 effundit
2025 1559 2145 1600 sau-

561 1664 580 1695 σ
621 1642 862 1711 guinem,
896 1650 950 1699 et
979 1642 1165 1713 lingua
1196 1639 1499 1697 testiﬁcans
1533 1638 1759 1694 adducit
1789 1643 2047 1692 mortem.
2087 1634 2142 1690 Si

2252 462 2407 534 ignea
2455 462 2822 535 exstinguere,
2872 470 2926 518 et
2972 464 3177 535 galeam
3229 463 3425 519 salutis
3469 464 3753 534 assumite,
3788 476 3833 524 et

2252 551 2494 622 gladium
2515 552 2763 624 spiritus,
2794 551 2941 623 quod
2964 559 3046 609 est
3066 550 3295 606 verbum
3318 550 3442 606 Dei.
3467 551 3613 619 Haec,
3633 552 3831 622 fratres,

2252 658 2371 714 quae
2422 642 2581 699 vobis
2628 643 2966 715 scripsimus,
3021 642 3348 714 generaliter
3398 642 3663 701 omnibus
3722 654 3836 705 nota

2252 732 2372 793 fieri
2430 734 2705 801 volumus,
2749 741 2810 793 ut
2853 750 2974 806 quae
3015 739 3241 790 caeteros
3288 739 3544 802 tangunt,
3593 735 3837 795 omnibus

2253 830 2383 881 nota
2409 822 2562 881 ﬁant.
2598 822 2963 897 Omnipotens
2989 824 3153 890 Deus,
3183 839 3280 878 vos
3308 831 3363 880 et
3382 825 3625 897 reliquos
3658 824 3838 885 fratres

2251 920 2467 968 nostros
2485 911 2694 983 ubique
2708 911 3073 968 consistentes
3094 918 3341 983 protegat
3369 928 3545 985 usque
3574 914 3635 969 in
3664 913 3835 984 ﬁnem,

2252 1000 2342 1073 qui
2374 1009 2635 1059 cunctum
2671 999 2938 1057 mundum
2972 999 3230 1071 dignatus
3261 1010 3341 1057 est
3370 1001 3668 1067 redimere,
3700 1002 3838 1063 Iesus

2254 1089 2503 1149 Christus
2531 1089 2800 1149 Dominus
2830 1098 3035 1157 noster,
3068 1090 3159 1160 qui
3192 1098 3272 1146 est
3294 1088 3618 1147 benedictus
3649 1091 3714 1151 in
3744 1108 3840 1151 su:-

2252 1177 2396 1232 cula.
2428 1178 2624 1235 Amen.
2656 1178 2795 1232 Data
2832 1177 3092 1234 Kalendis
3134 1178 3311 1250 April.
3359 1178 3759 1241 Valentiniano
3797 1189 3838 1239 et

2255 1267 2534 1327 Florentio
2566 1267 2634 1327 V.
2667 1267 2752 1324 Cl.
2785 1283 2965 1325 conss.
3010 1294 3028 1316 ι

2584 1368 2715 1422 Item
2741 1383 2808 1420 ea:
2838 1365 3217 1437 suprascrith
3254 1366 3526 1437 capitulis.

2328 1457 2484 1530 (Cap.
2520 1458 2599 1530 1.)
2637 1482 2654 1505 ι
2695 1457 2894 1515 Sancta
2922 1457 3172 1530 synodus
3202 1459 3449 1516 Romana
3473 1458 3627 1514 dixit
3660 1476 3674 1513 :
3730 1460 3837 1517 Hoc

2254 1556 2383 1603 sunt
2413 1565 2532 1620 quae
2568 1548 2845 1621 deinceps,
2879 1557 3100 1620 propter
3133 1548 3403 1604 malorum
3434 1548 3736 1604 hominum
3760 1550 3840 1605 in-

2254 1636 2444 1705 sidias,
2476 1638 2570 1710 qui
2601 1638 2660 1693 in
2690 1638 2993 1694 Ecclesiam
3023 1645 3078 1693 et
3111 1637 3168 1693 in
3198 1637 3602 1695 ecclesiasticos
3633 1639 3841 1696 indesi-

560 1748 579 1781 ι
615 1726 923 1787 suﬁlaveris
953 1728 1012 1785 in
1040 1728 1366 1795 scintillam,
1392 1727 1547 1798 quasi
1579 1726 1722 1797 ignis
1750 1722 2064 1781 exardebit:
2091 1729 2143 1777 et
2177 1734 2223 1803 Β
2253 1735 2448 1784 neuter
2476 1728 2712 1784 saeviunt
2733 1728 2902 1797 viros,
2925 1728 3240 1784 conservari
3262 1728 3579 1784 ﬁrmissime
3596 1731 3837 1786 volumus

558 1838 578 1870 s
616 1816 662 1873 si
696 1818 984 1887 exspueris
1015 1833 1180 1889 super
1204 1816 1379 1880 illam,
1400 1816 1806 1885 exstinguetur,
1827 1821 1881 1869 et
1910 1820 2143 1884 utraque

557 1927 577 1955 ι
614 1921 683 1963 ex
708 1923 803 1963 ore
826 1907 1278 1978 proficiscuntur.
1303 1905 1539 1963 Susurro
1558 1914 1612 1961 et
1627 1904 1896 1975 bilinguis
1918 1902 2142 1959 maledi-

558 2016 578 2043 ι
616 2001 769 2051 ctus:
804 1996 1011 2051 multos
1041 1996 1192 2051 enim
1223 1994 1471 2051 turbavit
1499 2009 1687 2063 pacem
1706 1992 1989 2049 habentes.
2013 1992 2140 2048 Lin-

558 2104 579 2129 ι
617 2098 720 2154 gua
766 2083 927 2140 tertia
958 2084 1164 2141 multos
1201 2082 1526 2149 commovit,
1563 2088 1618 2136 et
1648 2081 1910 2153 dispersit
1955 2081 2082 2136 illos
2111 2097 2143 2135 a

560 2195 580 2225 ς
619 2178 778 2241 gente
808 2171 867 2227 in
906 2178 1144 2242 gentem.
1197 2170 1463 2231 Civitates
1494 2179 1736 2227 muratas
1763 2170 2001 2228 divitum
2032 2170 2140 2225 de-

556 2284 575 2313 σ
612 2261 839 2330 struxit,
886 2271 939 2319 et
986 2261 1181 2319 domos
1230 2268 1610 2333 magnatorum
1641 2259 1857 2317 effodit.
1892 2258 2140 2315 Virtutes

556 2375 573 2403 ι
612 2352 943 2424 populorum
963 2352 1230 2419 concidit,
1248 2360 1301 2408 et
1317 2361 1502 2424 gentes
1517 2351 1684 2411 fortes
1699 2350 1975 2407 dissolvit.
1998 2349 2140 2404 Lin—

555 2465 573 2496 ς
611 2456 716 2512 gua
742 2443 907 2501 tertia
938 2441 1196 2503 mulieres
1236 2441 1419 2498 irritas
1449 2440 1629 2511 ejecit,
1661 2447 1714 2495 et
1744 2439 1984 2511 privavit
2017 2437 2139 2491 illas

553 2555 571 2584 ι
611 2530 678 2589 de
710 2531 993 2595 laboribus
1021 2532 1154 2591 suis.
1190 2532 1293 2599 Qui
1328 2531 1551 2603 respicit
1581 2530 1882 2597 illam,non
1913 2526 2137 2587 habebit

554 2642 573 2670 ι
612 2621 881 2690 requiem,
913 2636 1014 2679 nec
1044 2620 1318 2679 habitabit
1338 2636 1463 2681 cum
1490 2619 1698 2691 requie.
1732 2617 1958 2688 Flagelli
1982 2616 2139 2688 plaga

554 2727 574 2755 ι
614 2705 848 2770 livorem
866 2707 1024 2769 facit:
1051 2709 1205 2780 plaga
1220 2716 1401 2767 autem
1424 2709 1624 2780 linguai
1640 2706 1972 2764 comminuit
1992 2721 2132 2761 ossa.

550 2817 569 2849 ς
610 2795 768 2857 Multi
792 2796 1109 2855 ceciderunt
1125 2797 1183 2860 in
1197 2813 1289 2852 ore
1303 2797 1491 2868 gladii:
1510 2796 1603 2853 sed
1625 2813 1736 2852 non
1759 2797 1839 2852 sic
1857 2795 2134 2868 quomodo

554 2904 575 2937 ς
613 2883 708 2953 qui
728 2884 1057 2945 interierunt
1080 2886 1429 2957 perlinguam
1451 2889 1832 2945 suam.Beatus
1845 2888 1939 2960 qui
1961 2895 2133 2943 tectus

554 2993 573 3021 ι
611 2978 694 3028 est
725 2988 756 3026 a
785 2972 974 3043 lingua
1005 2989 1257 3046 nequam,
1278 2982 1331 3031 et
1355 2977 1448 3048 qui
1480 2976 1820 3035 iracundiam
1844 2979 1998 3039 illius
2020 2994 2129 3035 non

2252 1819 2310 1874 in
2342 1820 2557 1876 saecula.
2602 1819 2659 1875 Si
2704 1820 2828 1898 quis
2870 1819 3157 1892 episcopus
3186 1820 3255 1875 ab
3285 1820 3398 1874 illis
3437 1822 3839 1877 accusatoribus

2251 1904 2346 1976 qui
2378 1905 2681 1977 recipiendi
2712 1915 2843 1962 sunt
2872 1907 3042 1962 fuerit
3069 1915 3374 1973 accusatus,
3408 1913 3707 1978 postquam
3741 1909 3833 1979 ipse

2250 1993 2319 2048 ab
2347 1993 2426 2048 eis
2449 1993 2777 2049 charitative
2807 1988 3114 2051 conventus
3150 1995 3341 2062 fuerit,
3385 2004 3448 2051 ut
3504 1995 3683 2067 ipsam
3717 2013 3837 2052 cau-

2249 2097 2362 2136 sam
2411 2082 2699 2139 emendare
2738 2083 2951 2153 debeat,
2985 2091 3039 2139 et
3083 2100 3201 2140 eam
3254 2085 3529 2155 corrigere
3579 2087 3831 2155 noluerit,

2250 2187 2361 2227 non
2392 2172 2546 2240 olim,
2579 2172 2673 2227 sed
2694 2180 2828 2229 tunc
2863 2173 2933 2228 ad
2960 2189 3208 2228 summos
3238 2174 3500 2245 primates
3528 2191 3704 2231 causa
3733 2176 3830 2248 ejus

2248 2263 2511 2319 canonice
2539 2262 2835 2319 deferatur.
2871 2264 2977 2331 Qui
3003 2264 3062 2319 in
3095 2270 3341 2335 congruo
3362 2265 3484 2321 loco
3510 2265 3661 2323 infra
3680 2268 3830 2340 ipsam

2249 2352 2591 2421 provinciam
2637 2361 2883 2425 tempore
2911 2370 2943 2408 a
2980 2354 3290 2410 canonibus
3334 2353 3565 2425 praeﬁxo
3604 2355 3828 2411 Nicmnis

2248 2441 2545 2496 concilium
2578 2442 2841 2499 canonice
2877 2460 3073 2499 vocare
3103 2443 3401 2511 debebunt,
3435 2446 3511 2499 ita
3541 2454 3609 2500 nt
3638 2446 3708 2501 ab
3733 2463 3828 2501 om-

2248 2531 2410 2587 nibus
2442 2531 2684 2603 ejusdem
2718 2533 3017 2604 provinciae
3043 2534 3315 2605 episcopis
3343 2534 3401 2588 in
3452 2551 3518 2589 eo
3565 2536 3826 2592 audiatur.

2246 2621 2307 2675 In
2338 2638 2447 2692 quo
2472 2628 2525 2676 et
2555 2622 2670 2693 ipse
2698 2623 2963 2678 canonice
2982 2632 3336 2691 convocatus,
3359 2625 3405 2679 si
3429 2640 3556 2678 eum
3579 2633 3679 2680 aut
3699 2624 3830 2681 inﬁr-

2247 2710 2408 2765 mitas
2436 2720 2530 2767 aut
2559 2712 2665 2767 alia
2680 2713 2861 2783 gravis
2880 2713 3172 2769 necessitas
3193 2729 3303 2768 non
3327 2713 3829 2780 detinuerit,adesse

2244 2798 2463 2854 debebit
2497 2818 2507 2854 :
2563 2803 2690 2872 quia
2740 2801 2889 2856 ultra
2918 2801 3221 2873 provinciae
3252 2803 3520 2857 terminos
3549 2802 3828 2859 accusandi

2242 2898 2368 2944 ante
2396 2891 2619 2945 licentia
2648 2906 2758 2945 non
2789 2900 2890 2959 est,
2919 2907 3080 2962 quam
3118 2892 3400 2947 audientis
3440 2900 3686 2964 rogetur.
3707 2894 3823 2949 Nam

2241 2979 2285 3033 si
2321 2980 2434 3033 suis
2465 2979 2626 3035 rebus
2656 2980 2822 3035 fuerit
2850 2981 3207 3051 exspoliatns,
3232 2989 3326 3035 aut
3346 2981 3495 3053 quod
3511 2981 3679 3048 absit,
3697 2981 3824 3054 quod

546 3084 565 3115 ς
600 3064 876 3131 transivit,
901 3072 955 3123 et
974 3065 1070 3137 qui
1093 3082 1202 3121 non
1220 3067 1448 3121 attraxit
1456 3066 1649 3139 jugnm
1668 3066 1866 3137 ejus,et
1890 3068 2130 3126 vinculis
2165 3091 2207 3151 Ο
2239 3070 2480 3124 alienum
2513 3069 2582 3124 ab
2607 3069 2867 3124 omnibus
2894 3069 3054 3124 debet
3082 3085 3197 3124 esse
3219 3069 3494 3136 ﬁdelibus,
3519 3086 3551 3126 a
3573 3070 3700 3126 sede
3721 3087 3825 3142 pro-

547 3175 566 3208 α
604 3153 758 3213 illius
778 3171 888 3213 non
912 3162 993 3210 est
1017 3154 1228 3227 ligatus.
1252 3156 1451 3227 Jugum
1468 3156 1615 3213 enim
1640 3156 1794 3213 illius
1807 3157 1999 3230 jugum
2024 3158 2125 3214 fer-

544 3263 564 3295 ς
601 3244 2128 3313 reumest,etvinoulumilliusvinculnmaereumestMors

446 3368 453 3371 «
540 3352 560 3383 s
597 3331 753 3391 illius
771 3351 916 3393 mors
933 3334 2125 3410 nequissima,etutilispotiusinfernusquam

538 3441 559 3476 ε
600 3421 720 3480 illa.
749 3425 1160 3484 Perseverantia
1180 3425 1332 3483 illius
1354 3443 1465 3484 non
1486 3428 1852 3499 permanebit,
1869 3427 1962 3483 sed
1983 3427 2124 3483 obti-

542 3534 561 3567 ε
600 3513 756 3570 nebit
787 3516 905 3574 vias
926 3515 1284 3587 injustorum,
1308 3524 1362 3572 et
1391 3517 1447 3573 in
1479 3518 1700 3574 ﬂamma
1728 3535 1824 3574 sua
1846 3535 1956 3574 non
1979 3535 2122 3573 com-

542 3624 562 3657 ι
599 3601 761 3658 buret
782 3603 983 3674 justos.
1016 3604 1121 3670 Qui
1153 3605 1545 3677 derelinquunt
1583 3609 1757 3663 Deum
1788 3607 2036 3664 incident
2067 3609 2123 3663 in

535 3709 554 3739 ο
594 3688 772 3757 illam,
808 3699 861 3746 et
881 3692 1197 3748 exardescet
1230 3694 1285 3749 in
1318 3695 1450 3760 illis,
1489 3703 1543 3749 et
1572 3712 1681 3750 non
1713 3696 2118 3767 exstinguetur,

537 3797 557 3831 ς
593 3783 646 3831 et
676 3776 1011 3835 immittatur
1033 3781 1087 3835 in
1113 3781 1241 3837 illos
1264 3783 1420 3853 quasi
1444 3783 1611 3849 leo,et
1635 3785 1789 3854 quasi
1814 3785 2014 3855 pardus
2034 3788 2122 3841 lai-

533 3890 553 3921 σ
591 3867 683 3925 det
709 3884 819 3925 eos.
852 3869 976 3941 Sepi
1009 3885 1165 3924 aures
1195 3877 1318 3924 tuas
1350 3870 1545 3940 spinis,
1574 3878 1628 3925 et
1657 3872 1770 3925 noli
1802 3872 1992 3927 audire
2018 3874 2117 3929 lin-

534 3982 554 4010 ι
592 3976 752 4031 gnam
781 3976 1040 4032 nequam,
1071 3968 1123 4013 et
1153 3957 1233 4013 ori
1263 3966 1359 4013 tuo
1390 3958 1559 4013 facito
1590 3959 1750 4027 ostia,
1779 3970 1833 4016 et
1861 3978 2005 4017 seras
2026 3980 2118 4018 au-

534 4068 553 4098 s
591 4045 745 4101 ribus
775 4045 908 4102 tuis.
936 4049 1147 4102 Aurum
1172 4055 1329 4102 tuum
1351 4055 1403 4103 et
1424 4057 1710 4120 argentum
1737 4058 1890 4108 tuum
1916 4052 2113 4119 conﬂa,

530 4154 551 4186 ι
588 4140 643 4187 et
691 4133 873 4190 verbis
914 4134 1024 4190 tuis
1071 4134 1239 4191 facito
1288 4145 1569 4201 stateram,
1597 4145 1651 4193 et
1682 4139 1868 4195 frenos
1897 4142 1981 4196 ori
2016 4149 2116 4197 tuo

530 4246 550 4276 ι
588 4229 786 4279 rectos.
811 4223 880 4278 Et
906 4224 1127 4283 attende
1152 4242 1224 4281 ne
1246 4226 1387 4281 forte
1417 4226 1617 4283 labaris
1643 4229 1699 4283 in
1720 4231 1906 4302 lingua
1928 4238 2042 4299 tua,
2061 4240 2115 4287 et

528 4335 547 4364 ι
580 4312 743 4368 cadas
776 4314 835 4369 in
868 4322 1165 4386 conspectu
1193 4315 1548 4375 inimicorum
1580 4318 1962 4377 insidiantium
1984 4320 2107 4389 tibi,

527 4426 547 4451 ι
582 4410 637 4459 et
665 4403 735 4460 sit
764 4421 921 4463 casus
948 4413 1077 4462 tuus
1107 4407 1431 4463 insanabilis
1470 4408 1526 4463 in
1552 4417 1806 4466 mortem.
1836 4435 1853 4457 ι
1896 4412 2004 4466 Ista
2022 4430 2104 4470 ca-

509 4500 675 4547 veant
706 4509 915 4562 omnes,
952 4502 1014 4550 ut
1040 4495 1332 4552 coblbeant
1363 4498 1579 4569 linguas
1607 4516 1638 4554 a
1670 4501 1833 4567 malo,
1876 4512 1927 4558 et
1959 4503 2105 4558 labia

509 4594 699 4636 eorum
729 4597 796 4636 ne
828 4583 1126 4655 loquantur
1156 4584 1366 4641 dolum.
1411 4588 1489 4641 De
1517 4596 1736 4654 caetero,
1769 4588 2103 4660 charissimi,

508 4670 901 4753 confortamini
931 4672 988 4735 in
1009 4674 1266 4743 Domino,
1291 4683 1343 4730 et
1365 4676 1423 4730 in
1446 4678 1692 4747 potentia
1713 4680 1937 4736 virtutis
1965 4681 2102 4753 ejus.

506 4742 727 4812 Induite
754 4775 851 4813 vos
883 4767 1214 4816 armaturam
1244 4742 1365 4828 Dei,
1398 4772 1458 4819 ut
1490 4765 1711 4834 possitis
1742 4776 1884 4824 stare
1913 4742 2103 4825 adver-

505 4861 599 4903 sus
629 4845 864 4901 insidias
889 4847 1118 4915 diaboli,
1137 4851 1396 4922 quoniam
1420 4870 1529 4908 non
1552 4864 1633 4910 est
1661 4856 1820 4911 nobis
1841 4858 2100 4915 collucta-

504 4933 584 4991 tio
634 4934 900 4993 adversus
948 4954 1166 4994 carnem
1220 4949 1275 4995 et
1320 4943 1663 5013 sanguinem,
1696 4944 1790 5000 sed
1837 4946 2100 5005 adversus

508 5022 786 5096 principes
815 5034 869 5082 et
896 5034 1211 5099 potestates,
1230 5030 1491 5086 adversus
1517 5032 1710 5088 mundi
1740 5042 1977 5091 rectores
2006 5045 2098 5094 te-

503 5111 797 5169 nebrarum
830 5114 1045 5186 harum,
1061 5125 1254 5174 contra
1274 5119 1582 5191 spiritualia
1612 5123 1871 5195 nequitiae
1899 5125 1956 5179 in
1977 5142 2096 5182 cm-

502 5200 751 5263 lestibus.
786 5203 1077 5276 Propterea
1107 5209 1341 5281 accipite
1357 5223 1510 5265 arma
1530 5209 1649 5277 Dei,
1674 5218 1736 5266 nt
1759 5213 1979 5283 possitis
2000 5231 2095 5270 re-

501 5289 692 5351 sistere
745 5292 803 5348 in
834 5292 924 5349 die
951 5296 1116 5363 malo,
1148 5306 1202 5353 et
1260 5298 1317 5352 in
1350 5298 1609 5354 omnibus
1658 5301 1885 5372 perfecti
1923 5309 2088 5358 stare.

500 5374 647 5434 State
675 5397 802 5452 ergo
851 5384 1119 5442 succincti
1164 5387 1385 5443 lumbos
1414 5399 1624 5447 vestros
1654 5392 1711 5449 in
1752 5394 2005 5460 veritate,
2038 5402 2092 5450 et

499 5462 682 5555 induti
711 5468 935 5528 loricam
959 5473 1212 5545 justitiae,
1246 5484 1299 5531 et
1324 5479 1551 5537 calceati
1583 5482 1746 5554 pedes
1780 5482 1839 5537 in
1870 5499 2091 5555 praepa-

500 5551 711 5610 ratione
736 5558 1026 5631 Evangelii
1065 5564 1233 5634 pacis.
1268 5567 1329 5621 In
1359 5551 1619 5626 omnibus
1646 5551 1927 5627 sumentes
1954 5551 2089 5628 scu-

2240 3159 2357 3230 pria
2393 3157 2618 3227 ejectus,
2650 3166 2745 3212 aut
2783 3157 2841 3213 in
2871 3159 3189 3214 detentione
3221 3159 3406 3230 aliqua
3434 3175 3466 3213 a
3498 3160 3615 3214 suis
3640 3159 3823 3214 ovibus

2238 3249 2403 3304 fuerit
2432 3256 2821 3321 sequestratus,
2850 3258 2985 3305 tunc
3007 3250 3288 3317 canonice,
3321 3260 3613 3323 antequam
3646 3252 3702 3307 in
3730 3251 3824 3322 pri-

2236 3338 2443 3393 stinum
2472 3339 2792 3393 restituatur
2820 3336 3107 3405 honorem,
3138 3348 3192 3394 et
3213 3355 3309 3393 sua
3339 3339 3528 3393 omnia
3557 3356 3679 3411 quae
3705 3338 3821 3394 insi-

2236 3427 2342 3482 diis
2371 3427 2727 3482 inimicorum
2758 3442 3005 3494 suorum,
3031 3427 3079 3482 ei
3110 3426 3288 3482 ablata
3321 3427 3542 3484 fuerant
3568 3429 3618 3482 ei
3654 3428 3818 3483 redin-

2233 3525 2533 3589 tegrentur,
2566 3532 2671 3576 nec.
2698 3516 2990 3571 convocari
3032 3532 3133 3571 nec
3176 3515 3415 3587 judicari
3461 3515 3680 3588 poterit,
3724 3516 3815 3570 nisi

2234 3607 2348 3676 ipse
2374 3623 2470 3677 pro
2504 3623 2601 3661 sua
2624 3605 2966 3673 necessitate,
3001 3606 3228 3660 minime
3258 3612 3445 3660 tamen
3471 3604 3812 3677 jndicandus,

2232 3694 2492 3749 advenire
2531 3704 2724 3765 sponte
2767 3695 3009 3765 elegerit.
3042 3696 3152 3752 Nec
3199 3695 3431 3750 omnino
3478 3712 3511 3750 a
3555 3710 3812 3767 quoquam

2232 3784 2557 3855 respondere
2600 3792 2845 3855 cogatur,
2894 3791 3187 3855 antequam
3235 3782 3596 3854 integerrime
3622 3782 3810 3848 omnia,

2230 3888 2348 3944 quae
2373 3889 2467 3944 per
2497 3873 2867 3944 suggestiones
2911 3872 3263 3929 inimicorum
3294 3888 3521 3928 suorum
3550 3873 3811 3934 amiserat,

2228 3962 2482 4032 potestati
2505 3961 2621 4033 ejus
2648 3962 3048 4018 honorabiliter
3066 3962 3533 4033 redintegrentur,
3556 3971 3609 4019 et
3630 3962 3807 4034 praisnl

2226 4043 2378 4123 prius
2406 4052 2572 4107 statui
2602 4052 2837 4124 pristino
2866 4051 3144 4121 reddatur,
3182 4059 3236 4107 et
3266 4052 3381 4123 ipse
3411 4050 3695 4124 dispositis
3720 4067 3810 4105 or-

2226 4138 2537 4211 dinatisque
2567 4140 2737 4196 libere
2762 4157 2824 4197 ac
2853 4156 3043 4197 secure
3068 4141 3202 4209 suis,
3236 4149 3368 4195 tunc
3398 4142 3664 4196 canonice
3690 4154 3806 4194 con-

2225 4236 2450 4283 vocatus
2479 4227 2546 4283 ad
2590 4235 2807 4299 tempus
2854 4229 3069 4301 synodo
3114 4230 3171 4284 in
3200 4229 3448 4301 legitima
3477 4238 3533 4285 et
3559 4228 3805 4285 canonica

2222 4316 2408 4372 veniat
2450 4315 2519 4371 ad
2549 4332 2788 4384 causam,
2819 4324 2874 4371 et
2902 4316 2948 4371 si
2980 4317 3055 4372 ita
3080 4316 3228 4387 juste
3256 4316 3505 4385 videtur,
3549 4331 3806 4373 accusan-

2222 4403 2360 4460 tium
2393 4404 2861 4475 propositionibus
2884 4406 3230 4476 respondeat.
3256 4404 3391 4460 Nam
3426 4404 3534 4461 hoc
3563 4420 3805 4461 summo-.-

2218 4511 2343 4567 pere
2359 4496 2763 4567 providendum
2786 4505 2888 4565 est,
2920 4513 2988 4551 ne
3011 4504 3304 4568 antequam
3336 4496 3455 4553 haec
3473 4497 3662 4552 omnia
3680 4495 3806 4550 ﬁant

2217 4592 2435 4640 coactus
2480 4585 2824 4656 respondeat,
2859 4586 2987 4657 quia
3028 4588 3312 4642 contentio
3342 4602 3561 4658 semper
3588 4583 3803 4640 vitanda

2217 4681 2314 4728 est.
2340 4672 2526 4727 Adimi
2557 4690 2793 4746 namque
2823 4675 3078 4747 episcopo
3097 4675 3497 4746 episcopatum,
3522 4683 3801 4746 antequam

2213 4778 2389 4819 causae
2418 4762 2534 4833 ejus
2562 4764 2746 4820 exitus
2775 4772 3050 4836 appareat,
3094 4765 3236 4820 nulli
3278 4766 3602 4822 Christiano
3630 4761 3800 4817 videri

2207 4852 2331 4924 jure
2354 4859 2547 4923 potest.
2582 4876 2601 4898 ι
2628 4854 2758 4907 Item
2782 4871 2847 4908 ea)
2875 4855 3065 4909 eisdem
3096 4856 3239 4926 (cap.
3264 4855 3354 4927 M)
3391 4874 3401 4910 :
3437 4880 3456 4902 ι
3486 4857 3682 4911 Nullus
3698 4867 3802 4907 me~

2210 4940 2576 5013 tropolitanus
2606 4941 2912 5014 episcopus,
2946 4942 3150 5016 absque
3178 4953 3374 5000 cetero
3387 4961 3507 5001 rum
3556 4942 3797 5005 omnium

2206 5029 2759 5102 comprovincialium
2782 5033 3163 5104 episcoporum
3188 5035 3471 5103 instantia,
3496 5036 3795 5107 aliquorum

2207 5122 2393 5179 audiat
2422 5139 2609 5179 causas
2648 5140 2860 5191 eorum,
2907 5124 3037 5197 quia
3076 5125 3238 5180 irrita
3265 5136 3449 5195 erunt,
3486 5128 3598 5183 imo
3640 5126 3789 5181 etiam

2204 5230 2420 5269 causam
2448 5215 2507 5269 in
2542 5215 2752 5287 synodo
2781 5232 2880 5287 pro
2912 5217 3057 5273 facto
3078 5217 3305 5274 dabunt.
3334 5220 3445 5275 Nec
3467 5219 3789 5291 reliquorum

2202 5303 2402 5376 aliquis
2431 5305 2811 5377 episcoporum
2845 5323 3069 5361 suorum
3100 5308 3446 5365 sacerdotum
3478 5325 3664 5366 causas
3688 5320 3789 5360 au—

2201 5391 2337 5460 diat,
2366 5393 2568 5466 absque
2600 5395 2889 5465 prmsentia
2918 5396 3244 5453 clericorum
3277 5416 3538 5454 suorum:
3573 5397 3694 5470 quia
3721 5393 3786 5446 ir-

2200 5482 2306 5538 rita
2333 5485 2439 5539 erit
2485 5485 2757 5542 sententia
2783 5486 3045 5560 episcopi,
3085 5488 3193 5544 nisi
3232 5489 3525 5561 praesentia
3558 5485 3787 5543 clerico-

2199 5589 2323 5628 rum
2357 5572 2733 5630 conﬁrmetur.
2773 5598 2789 5620 ι
