4056 6190
238 248 383 310 ιωι

238 403 337 458 Ba:
376 399 605 470 epistola

1441 242 1803 302 OPUSCULA
1839 246 1929 301 ET
1968 244 2357 306 EPISTOLE.

3416 246 3554 313 l0”

636 413 790 468 papa:
824 397 1041 465 Galerii,
1079 397 1152 453 ad
1179 396 1524 452 Anastasius
1556 396 1850 467 principem
1878 401 1930 460 Α
1961 397 2106 469 apud
2146 398 2468 469 semetipsos
2500 406 2708 466 tenere,
2752 398 2943 468 procul
2972 397 3146 455 dubio
3189 398 3292 457 hos
3315 402 3556 461 anathe-

315 469 1453 564 ἐξξςῖδξίέξξζμίξλξξικίςδξέςζῖᾕξέδθ
1487 487 1523 525 α
1565 469 1680 525 “de
1707 487 1849 540 αΡο-
1958 487 2301 553 matiaamus,
2335 496 2389 543 et
2418 504 2516 557 ego
2544 495 2597 546 et
2621 504 2813 547 omnes
2838 486 3098 545 catholici
3124 489 3555 564 episcopi,”un

314 543 505 602 statim
540 547 885 613 competenter
910 541 940 614 f
941 542 1073 598 uisse
1101 542 1427 599 damnatum.

312 649 518 721 (Epist.
550 648 611 704 11
640 648 713 703 ad
749 648 973 718 episcop.
1005 647 1343 717 Dardaniae.)
1388 670 1407 695 ι
1430 646 1542 707 Nec
1570 647 1729 719 plane
1756 654 1848 703 ta—

232 755 484 807 ceamus,
529 736 677 809 quod
711 744 910 794 cuncta
949 752 1043 807 per
1082 736 1349 795 mundum
1391 736 1550 791 novit
1578 735 1845 801 Ecclesia,

233 829 507 906 quoniam
543 826 918 899 quorumlibet
963 826 1251 885 sententiis
1295 826 1461 895 ligata
1498 824 1844 896 pontiﬁcum,

233 921 395 977 aedes
430 917 580 974 beati
620 916 764 972 Petri
806 916 1037 985 apostoli
1063 914 1155 986 jus
1190 912 1739 978 habeatremlvendi,
1761 919 1843 971 ut-

236 1017 365 1083 pote
415 1023 538 1080 quas
583 1004 653 1062 de
692 1004 848 1060 omni
894 1003 1140 1061 Ecclesia
1171 1004 1252 1063 fas
1299 1002 1496 1059 habeat
1532 999 1842 1082 judicandi,

236 1114 417 1172 neque
454 1096 716 1168 cuiquam
759 1093 829 1150 de
858 1092 974 1163 ejus
1005 1091 1167 1150 liceat
1189 1091 1441 1163 judicare
1482 1088 1720 1162 judicio,
1760 1091 1845 1147 si—

237 1189 465 1261 quidem
504 1184 574 1240 ad
611 1184 766 1239 illam
805 1182 872 1239 de
915 1182 1161 1254 qualibet
1200 1180 1393 1239 mundi
1424 1189 1576 1251 parte
1608 1194 1845 1235 canones

237 1273 505 1349 appellari
530 1272 831 1339 voluerint,
858 1271 926 1328 ab
956 1272 1050 1328 illa
1081 1280 1264 1329 autem
1293 1285 1456 1329 nemo
1477 1269 1550 1329 sit
1572 1268 1844 1340 appellare

238 1368 558 1442 permissus.
601 1363 706 1420 Sed
744 1378 845 1420 nec
873 1363 971 1420 illa
1008 1364 1371 1434 prmterimus,
1424 1362 1570 1433 quod
1613 1367 1843 1431 aposto-

238 1463 346 1517 lica
370 1460 547 1526 sedes,
570 1467 632 1517 ut
660 1456 976 1528 frequenter
1003 1456 1217 1512 dictum
1245 1463 1346 1523 est,
1373 1470 1524 1511 more
1546 1452 1838 1523 majorum,

235 1554 404 1608 etiam
453 1550 573 1605 sine
618 1549 732 1606 ulla
765 1547 978 1619 synodo
1018 1546 1372 1618 praecedente.
1407 1555 1464 1601 et
1506 1543 1840 1601 exsolvendi

242 1660 383 1717 quos
401 1640 647 1713 synodus
664 1640 854 1712 inique
867 1638 1245 1704 damnaverat,
1267 1645 1321 1692 et
1340 1635 1663 1702 damnandi,
1688 1634 1842 1691 nulla

1956 577 2216 633 universa
2243 577 2510 644 Ecclesia,
2548 577 2677 648 quia
2710 576 2931 639 veritati
2976 579 3253 640 contraria
3285 581 3550 652 sentiunt,

1955 674 2009 724 et
2036 666 2310 723 contraria
2342 666 2661 738 loquuntur.
2702 690 2721 713 ι

1958 785 2109 851 Quod
2137 784 2183 837 si
2214 784 2331 854 quis
2360 783 2685 837 sacerdotum
2716 790 2901 838 contra
2928 785 3032 838 haec
3068 785 3349 840 interdicta
3374 784 3557 855 fecerit

2024 874 2060 910 a
2090 872 2183 936 suo
2213 856 2379 936 ofﬁcio
2426 855 2823 936 submovendus
2857 856 2944 936 sit.
2990 856 3092 917 Leo
3133 873 3232 926 per
3277 858 3554 921 universas

2024 932 2324 997 provincias
2353 932 2606 999 episcopis
2638 932 2951 987 constitutis.

2028 1024 2226 1095 (Epist.
2264 1026 2342 1093 l.)
2390 1048 2407 1071 ι
2448 1023 2562 1083 Hoc
2588 1024 2772 1095 itaque
2794 1023 3102 1085 admonitio
3130 1031 3320 1084 nostra
3344 1024 3553 1086 denum

1954 1114 2077 1181 tiat,
2104 1114 2251 1187 quod
2282 1116 2328 1175 si
2360 1114 2485 1187 quis
2517 1115 2751 1171 fratrum
2783 1124 2974 1177 contra
2996 1116 3113 1171 haec
3140 1124 3345 1177 statuta
3365 1117 3554 1179 venire

1954 1204 2268 1270 tentaverit,
2323 1213 2378 1261 et
2426 1202 2707 1275 prohibita
2754 1203 2924 1265 fuerit
2970 1220 3135 1264 ausus
3173 1203 3484 1273 admittere,
3521 1224 3553 1271 ο

1953 1307 2052 1351 suo
2081 1308 2137 1349 se
2166 1293 2383 1351 noverit
2413 1292 2599 1353 ofﬁcio
2626 1292 3089 1362 submovendum,
3123 1308 3225 1353 nec
3247 1308 3373 1355 eum
3405 1310 3551 1353 com-

1952 1380 2234 1439 munionis
2265 1389 2465 1443 nostrae
2487 1381 2731 1443 futurum
2755 1397 2870 1439 esse
2889 1390 3222 1451 consortem,
3244 1382 3339 1455 qui
3369 1383 3551 1443 socius

1951 1485 2066 1527 esse
2095 1470 2276 1529 noluit
2304 1470 2633 1542 disciplinae.
2666 1471 2743 1531 Ne
2774 1471 2908 1544 quid
2940 1488 3072 1533 vero
3100 1473 3192 1539 sit,
3226 1472 3370 1545 quod
3402 1490 3550 1544 prae-

1948 1560 2262 1619 termissum
2295 1576 2326 1617 a
2356 1561 2513 1621 nobis
2555 1560 2697 1618 forte
2729 1562 3002 1628 credatur,
3038 1561 3223 1623 omnia
3258 1561 3550 1623 decretalia

1949 1650 2284 1717 constituta,
2344 1658 2456 1709 tam
2517 1649 2686 1709 beatae
2744 1651 3142 1711 recordationis
3205 1652 3546 1718 Innocentii,

180 1743 197 1755 ’
239 1734 516 1831 existente
531 1729 1177 1831 synodo,quosoportuit
1194 1726 1828 1831 habueritfacultatem»
1874 1772 1920 1831 B
1954 1754 2117 1809 quam
2167 1738 2415 1800 omnium
2468 1741 2927 1810 praedecessorum
2958 1751 3297 1810 nostrorum,
3330 1756 3451 1813 quae
3480 1741 3548 1797 de

239 1824 317 1879 Et
339 1828 461 1893 post
486 1837 661 1891 pauca
687 1819 767 1888 (in
787 1817 989 1887 eadem)
1014 1834 1024 1873 :
1062 1841 1079 1865 ι
1106 1816 1319 1873 Sanctae
1339 1814 1616 1870 memorias
1638 1813 1840 1885 quippe

239 1909 607 1969 Athanasium
640 1906 888 1979 synodus
914 1905 1198 1961 orientalis
1228 1905 1536 1970 addixerat,
1570 1918 1729 1975 quem
1762 1909 1839 1958 ta-

240 2018 372 2057 men
419 2006 709 2071 exceptum
756 1997 908 2054 sedes
950 1995 1273 2067 apostolica,
1325 1993 1454 2065 quia
1494 1989 1836 2047 damnationi

238 2091 559 2147 Graecorum
592 2104 700 2143 non
733 2084 1032 2152 consensit,
1073 2083 1330 2139 absolvit.
1364 2082 1576 2141 Sanctae
1616 2095 1837 2136 memo-

237 2188 341 2243 rim
369 2185 736 2241 nihilominus
764 2184 1025 2239 Joannem
1054 2178 1726 2251 Constantinopolitanum
1750 2194 1836 2249 sy-

238 2275 424 2331 nodus
461 2272 624 2328 etiam
667 2271 1064 2327 catholicorum
1097 2270 1393 2342 prresulum
1425 2275 1571 2323 certe
1599 2266 1839 2322 damna-

236 2373 437 2421 verat:
484 2380 645 2436 quem
695 2362 867 2418 simili
916 2361 1081 2417 modo
1126 2360 1280 2416 sedes
1326 2358 1625 2428 apostolica
1671 2357 1835 2412 etiam

237 2457 381 2521 sola,
431 2454 561 2527 quia
607 2469 718 2507 non
765 2451 1063 2517 consensit,
1116 2450 1374 2505 absolvit.
1426 2448 1670 2518 Itemque
1716 2461 1838 2501 san~

235 2554 392 2602 ctum
441 2545 768 2600 Flavianum
814 2540 1129 2614 pontificem
1174 2540 1493 2594 Graecorum
1548 2550 1836 2605 congrega-

233 2636 393 2691 tione
439 2634 780 2699 damnatum,
831 2632 947 2703 pari
994 2639 1203 2694 tenore,
1237 2628 1498 2701 quoniam
1532 2627 1647 2681 sola
1684 2626 1837 2680 sedes

238 2725 549 2797 apostolica
595 2739 705 2778 non
752 2720 1049 2787 consensit,
1098 2720 1355 2784 absolvit,
1402 2719 1693 2789 potiusque
1740 2715 1836 2787 qui

237 2818 361 2873 illic
391 2823 644 2891 receptus
677 2813 873 2880 fuerat,
906 2811 1229 2867 Dioscorum
1261 2808 1511 2864 secundae
1542 2808 1684 2862 sedis
1706 2824 1836 2879 prino

233 2908 418 2963 sulem
448 2922 544 2961 sua
565 2905 889 2960 auctoritate
912 2900 1216 2965 damnavit,
1238 2907 1290 2953 et
1312 2897 1537 2967 impiam
1560 2897 1836 2967 synodum

232 3016 352 3055 non
384 2998 806 3055 consecutiendo
837 2995 1138 3061 submovit,
1169 3011 1231 3048 ac
1263 3008 1358 3063 pro
1382 2990 1629 3059 veritate,
1664 2997 1725 3045 ut
1754 3003 1841 3057 sy-

230 3089 422 3145 nodus
459 3086 921 3143 Chalcedonensis
962 3085 1116 3140 ﬁeret
1162 3083 1278 3137 sola
1321 3081 1584 3137 decrevit.
1628 3082 1689 3135 In
1733 3095 1841 3151 qua

230 3193 372 3247 ergo
411 3176 523 3231 sola
556 3175 647 3246 jns
687 3174 881 3230 habuit
918 3171 1241 3229 absolvendi
1282 3186 1373 3225 eos
1402 3185 1539 3241 quos
1573 3167 1837 3239 synodica

236 3275 461 3330 decreta
506 3274 871 3346 perculerant,
910 3271 989 3326 sic
1027 3270 1190 3324 etiam
1225 3268 1345 3322 sine
1383 3264 1596 3337 synodo
1638 3265 1695 3319 in
1738 3264 1837 3319 hac

238 3362 429 3421 eadem
454 3379 613 3417 causa
634 3362 903 3433 plurimos
923 3361 1087 3415 etiam
1114 3359 1401 3413 damnasse
1431 3354 1824 3423 cognoscitur»

238 3455 373 3510 Item
400 3454 459 3507 de
482 3453 656 3507 eadem
682 3470 758 3506 re.
805 3476 823 3497 ι
844 3452 972 3504 Post
999 3450 1330 3520 quingentos
1351 3462 1524 3500 annos
1538 3445 1840 3499 constituta

239 3543 451 3601 Christi
482 3559 572 3597 eos
604 3541 745 3595 velle
774 3539 1113 3601 subvertere,
1145 3552 1271 3590 cum
1303 3534 1530 3604 triginta
1568 3549 1837 3588 annorum

239 3633 330 3689 lex
362 3631 657 3686 hominum
692 3642 801 3680 non
834 3625 1004 3696 possit
1035 3621 1287 3694 abrumpi
1318 3630 1566 3678 sanctum
1598 3623 1837 3677 Athana-

239 3724 381 3783 sium
418 3723 544 3779 ideo
571 3735 680 3774 non
716 3716 881 3772 fuisse
911 3714 1230 3769 damnatum
1264 3729 1295 3767 a
1330 3712 1542 3785 synodo
1572 3712 1834 3781 Orientis,

238 3815 367 3893 quia
407 3811 562 3867 sedes
596 3810 695 3870 ista
726 3823 835 3862 non
865 3802 1203 3862 consenserit
1230 3822 1242 3871 ;
1275 3811 1523 3859 sanctum
1571 3802 1835 3858 Joannem

239 3892 937 3975 Constantinopolitanum,
980 3903 1229 3951 sanctum
1269 3894 1617 3948 Flavianum.
1676 3892 1732 3947 Si
1777 3908 1840 3947 ea

238 4008 370 4067 ergo
399 4006 508 4053 non
538 3988 917 4044 consentiente
948 3986 1083 4051 sola,
1120 3984 1213 4055 qui
1245 3982 1487 4037 damnati
1519 3988 1647 4035 sunt
1678 3999 1706 4036 a
1736 3999 1838 4052 sy-

240 4079 407 4145 nodo,
455 4078 549 4150 qui
594 4075 781 4132 eadem
824 4075 940 4131 sola
976 4073 1270 4129 damnante
1314 4070 1606 4125 damnatus
1648 4070 1835 4139 fuerit,

242 4168 535 4224 damnatus
562 4166 654 4220 sit.
688 4190 706 4213 ι

241 4283 298 4348 S.
349 4281 634 4355 Gregorius
682 4280 739 4341 in
785 4279 1007 4407 epistol?
1047 4277 1118 4401 qd
1162 4276 1500 4337 Theoctistam
1548 4276 1838 4348 patriciam

990 4366 1053 4402 t6!
1101 4366 1117 4401 .'

990 4366 1079 4402 ισιι
1101 4366 1117 4401 ,⁵

316 4452 457 4525 (Lib,
491 4467 570 4519 rx,
602 4450 749 4529 epist.
786 4447 873 4517 39,
904 4447 996 4501 sub
1031 4446 1233 4518 ﬁnem.)
1280 4467 1297 4490 ι
1334 4446 1388 4499 Si
1420 4444 1513 4517 qui
1550 4461 1681 4501 vero
1710 4453 1838 4503 sunt
1870 4489 1917 4546 Β

237 4542 336 4618 qui
368 4542 581 4609 dicunt,
610 4539 738 4621 quia
767 4539 1083 4617 compulsus
1113 4537 1386 4610 quispiam
1419 4538 1761 4603 necessitate,
1788 4537 1832 4592 si

236 4632 732 4698 anathematizatus
760 4630 947 4697 fuerit,
977 4636 1071 4687 aut
1099 4636 1290 4684 contra
1325 4642 1385 4683 ea
1414 4643 1533 4701 quze
1565 4629 1663 4683 sub
1695 4644 1834 4684 ana-

235 4723 483 4779 themate
531 4720 807 4793 prohibita
835 4726 964 4774 sunt
1003 4716 1429 4789 praesumpserit,
1472 4715 1834 4773 anathematis

236 4811 468 4875 vinculo
497 4825 607 4864 non
640 4817 875 4875 tenetur,
908 4808 1011 4880 ipsi
1035 4806 1139 4861 sibi
1173 4813 1336 4861 testes
1360 4814 1510 4873 sunt,
1530 4806 1659 4879 quia
1679 4807 1833 4863 Chri-

236 4901 407 4956 stiani
438 4915 548 4954 non
576 4905 728 4963 sunt,
761 4897 888 4969 quia
915 4897 1209 4968 ligamenta
1239 4905 1439 4951 sancta:
1468 4896 1721 4951 Ecclesiae
1744 4913 1833 4951 va-

235 4990 329 5045 nis
359 5004 415 5043 se
443 4987 716 5043 astimant
743 4985 1033 5043 conatibus
1062 4986 1294 5053 solvere,
1330 5003 1392 5041 ac
1426 5002 1520 5056 per
1548 4985 1653 5041 hoc
1681 4985 1831 5040 abso-

234 5079 508 5141 lutionem
548 5085 748 5135 sanctae
786 5077 1065 5142 Ecclesiae,
1106 5091 1268 5147 quam
1312 5082 1527 5145 praestat
1556 5074 1830 5142 ﬁdelibus,

234 5185 427 5230 veram
458 5173 673 5243 putant,
698 5168 742 5223 si
774 5168 1034 5239 ligaturas
1059 5165 1177 5237 ejus
1198 5166 1379 5220 valere
1406 5178 1515 5218 non
1537 5148 1828 5218 aestimant.

234 5258 446 5315 Contra
475 5274 611 5329 quos
638 5257 848 5313 diutius
890 5255 1282 5327 disputandum
1314 5269 1422 5308 non
1450 5260 1549 5313 est,
1581 5250 1708 5323 quia
1740 5267 1832 5322 per

232 5346 427 5403 Omnia
456 5346 794 5419 despiciendi
827 5354 880 5401 et
909 5343 1404 5400 anathematizandi
1434 5349 1579 5408 sunt,
1606 5348 1657 5395 et
1687 5340 1831 5395 unde

232 5441 431 5498 fallere
472 5438 756 5495 veritatem
783 5437 1035 5503 credunt,
1070 5435 1198 5491 inde
1230 5435 1287 5488 in
1321 5429 1556 5505 peccatis
1586 5429 1699 5485 suis
1728 5442 1832 5481 ve—

232 5530 440 5587 raciter
469 5529 728 5600 ligantur.
761 5526 817 5582 Si
848 5526 943 5599 qui
974 5532 1101 5580 sunt
1133 5523 1322 5594 igitur,
1355 5520 1447 5592 qui
1478 5518 1580 5574 sub
1611 5516 1833 5572 nomine

232 5604 557 5677 Christiano
602 5617 721 5673 haec
762 5624 857 5671 aut
899 5614 1194 5687 praedicare
1250 5609 1472 5677 audent,
1523 5617 1615 5664 aut
1676 5605 1829 5664 taciti

1952 1829 2337 1886 ecclesiasticis
2357 1829 2670 1897 ordinibus,
2688 1838 2741 1887 et
2761 1846 3033 1890 canonum
3060 1831 3399 1901 promulgata
3419 1838 3549 1893 sunt

1948 1918 2284 1988 disciplinis,
2328 1918 2407 1975 ita
2439 1936 2470 1977 a
2498 1929 2681 1977 vestra
2709 1920 3009 1977 dilectione
3050 1920 3318 1981 custodiri
3349 1920 3547 1979 debere

1948 2006 2294 2073 mandamus,
2344 2016 2406 2064 ut
2435 2008 2480 2064 si
2524 2009 2648 2079 quis
2697 2009 2753 2064 in
2799 2008 2897 2067 illa
2924 2010 3287 2076 commiserit,
3324 2010 3545 2071 veniam

1948 2096 2054 2153 sibi
2083 2096 2339 2167 deinceps
2367 2094 2586 2153 noverit
2613 2097 2888 2167 denegari.
2927 2120 2946 2149 ι

1946 2212 2038 2266 Ea:
2062 2212 2309 2280 periocha
2338 2228 2388 2282 v.
2406 2210 2615 2282 Nicolai
2640 2226 2811 2282 papae,
2837 2211 3113 2280 prwsentis
3139 2210 3373 2265 Adriani
3392 2227 3549 2282 papae

2012 2281 2430 2351 prredecessoris,
2464 2281 2711 2334 Michaeli
2748 2281 3053 2336 Gratiarum
3094 2283 3406 2352 imperatori
3449 2281 3545 2338 ἀί·-

1942 2378 1949 2387 ε
2015 2359 2177 2407 recta.

2021 2452 2221 2523 (Epist.
2252 2450 2334 2520 8.)
2378 2473 2396 2498 ι
2425 2449 2732 2512 Decretalia
2762 2457 2969 2517 autem,
3000 2466 3119 2521 quae
3140 2466 3170 2511 a
3190 2452 3392 2511 sanctis
3412 2468 3544 2522 pons

1945 2545 2195 2603 tiﬁcibus
2225 2544 2414 2616 primm
2444 2542 2590 2601 sedis
2620 2543 2877 2601 Romanis
2907 2543 3167 2601 Ecclesiae
3214 2550 3342 2601 sunt
3372 2544 3545 2603 insti-a

1945 2641 2084 2701 tuta,
2145 2632 2303 2705 cujus
2331 2632 2657 2689 auctoritate
2706 2639 2870 2704 atque
2899 2631 3184 2691 sanctione
3222 2649 3414 2693 omnes
3447 2652 3544 2706 sy.

1945 2722 2079 2779 nodi
2112 2730 2165 2778 et
2211 2729 2397 2779 sancta
2440 2721 2677 2778 concilia
2718 2722 3067 2788 roborantur,
3104 2729 3159 2780 et
3188 2722 3545 2783 stabilitatem

1945 2821 2194 2880 sumunt,
2241 2828 2342 2868 cur
2369 2827 2469 2869 vos
2512 2826 2623 2868 non
2660 2810 2863 2868 habere
2891 2811 2980 2868 vel
3013 2811 3302 2869 observare
3334 2811 3541 2881 dicitis,

1947 2903 2053 2959 nisi
2078 2903 2210 2975 quia
2226 2911 2420 2958 vestrae
2445 2900 2784 2959 ordinationi
2808 2901 3218 2969 contradicunt,
3238 2908 3293 2959 et
3313 2915 3384 2959 ex
3406 2902 3546 2959 laico

1950 2993 2137 3051 subito
2184 2993 2251 3051 ad
2287 2980 2505 3048 culmen
2565 2991 2970 3062 patriarcbatus
3026 2992 3365 3057 transvolare
3408 2993 3544 3050 rosis

1953 3091 2131 3151 stunt,
2152 3090 2344 3139 contra
2367 3083 2503 3139 illud
2529 3082 2908 3155 Apostolicum
2935 3100 2945 3136 :
2974 3082 3186 3137 Nemini
3196 3083 3309 3147 pilo
3328 3100 3547 3139 manum

1949 3173 2264 3243 imposueris
2296 3173 2351 3242 (Ι
2386 3173 2519 3226 Tim.
2553 3190 2608 3238 v,
2643 3171 2781 3239 il)?
2813 3169 2971 3236 Quod
3000 3170 3044 3224 si
3076 3185 3137 3225 ea
3168 3187 3277 3225 non
3311 3171 3543 3238 habetis,

1946 3261 2013 3316 de
2043 3262 2295 3333 neglectu
2318 3267 2481 3332 atque
2512 3260 2728 3317 incuria
2753 3260 2885 3314 estis
2915 3259 3181 3330 arguendi
3207 3278 3220 3315 :
3254 3260 3300 3314 si
3331 3259 3545 3321 habetis

1948 3366 2003 3413 et
2034 3374 2145 3413 non
2170 3357 2492 3422 observatis,
2529 3355 2597 3411 de
2628 3355 2935 3410 temeritate
2965 3356 3095 3410 estis
3123 3355 3457 3426 corripiendi
3491 3366 3546 3418 et

1948 3450 2288 3522 increpandi.
2314 3476 2332 3497 ι
2362 3451 2491 3504 Item
2512 3447 2642 3519 ipse:
2684 3470 2702 3493 ε
2723 3446 2907 3502 Sancti
2934 3445 3395 3503 Chalcedonensis
3415 3465 3544 3504 con-

1948 3541 2065 3597 cilii
2114 3541 2422 3597 sanctiones
2452 3539 2517 3595 ad
2564 3537 2885 3595 memoriam
2930 3537 3277 3607 reducamus,
3317 3556 3438 3612 qua;
3468 3541 3545 3597 lta

1947 3631 2249 3686 decernunt
2281 3630 2443 3702 (Can.
2475 3631 2534 3702 9)
2572 3649 2582 3685 :
2617 3630 2674 3686 Si
2713 3628 2945 3685 clericus
2983 3629 3147 3684 habet
3178 3645 3397 3687 causam
3437 3630 3544 3687 ad—

1947 3742 2137 3781 versus
2167 3725 2481 3796 episcopum
2513 3723 2818 3799 proprium,
2852 3720 2938 3776 vel
2972 3720 3232 3776 adversus
3280 3722 3536 3790 alterum,

1948 3814 2091 3886 apud
2119 3813 2391 3885 synodum
2426 3811 2724 3883 provinciae
2750 3809 3068 3882 judicetur;
3102 3809 3248 3882 quod
3279 3810 3324 3865 si
3356 3811 3544 3866 adver-

1946 3921 2039 3962 sus
2084 3903 2325 3977 ejusdem
2377 3901 2677 3975 provinciae
2723 3900 3208 3972 metropolitanum
3258 3899 3545 3977 episcopus

1948 3995 2035 4048 vel
2064 3993 2296 4048 clericus
2329 3992 2491 4046 habet
2535 3991 2831 4064 querelam,
2877 3996 3025 4061 petat
3072 3988 3362 4061 primatem
3394 3988 3544 4045 dice-

1947 4098 2150 4146 ceseos,
2182 4089 2276 4134 aut
2305 4080 2488 4134 sedem
2519 4081 2679 4150 regis:
2708 4079 2863 4135 urbis
2892 4077 3539 4152 Constantinopolitanw.

1948 4171 2008 4225 In
2050 4185 2157 4240 quo
2197 4167 2289 4222 hic
2326 4175 2487 4222 tenor
2522 4167 2900 4222 observandus
2937 4177 3038 4233 est,
3096 4176 3161 4222 ut
3199 4168 3245 4223 si
3282 4167 3544 4223 videlicet

1947 4258 2178 4316 clericus
2191 4263 2287 4311 aut
2303 4257 2589 4329 episcopus
2605 4254 2864 4308 adversus
2878 4254 3360 4322 metropolitanum
3381 4255 3544 4310 habet

1947 4348 2244 4422 querelam,
2292 4353 2346 4399 et
2382 4352 2535 4399 tanta
2581 4351 2808 4415 urgetur
2849 4340 3191 4407 necessitate,
3241 4342 3328 4395 vel
3360 4342 3405 4395 si
3437 4341 3543 4399 hoc

1948 4455 2108 4512 grave
2156 4452 2268 4492 non
2316 4436 2474 4504 ferat,
2527 4432 2843 4504 ubicunque
2874 4431 2945 4485 sit
2976 4428 3206 4500 positus,
3250 4429 3542 4500 primatem

1945 4528 2241 4584 dimceseos
2272 4532 2438 4605 petat.
2494 4521 2652 4589 Quod
2685 4520 2730 4575 sl
2756 4519 2924 4591 juxta
2963 4517 3542 4588 Constantinopolita-

1946 4634 2073 4672 nam
2114 4616 2304 4671 urbem
2339 4613 2626 4688 quisquam
2660 4626 2850 4667 eorum
2888 4608 3244 4675 constitutus,
3285 4613 3339 4662 et
3368 4605 3539 4661 solius

1946 4704 2195 4778 praesulis
2250 4703 2367 4775 ejus
2408 4701 2620 4774 judicio
2676 4700 2809 4755 velit
2863 4713 2976 4755 esse
3029 4704 3341 4765 contentus,
3393 4701 3541 4768 petat

1946 4796 2191 4852 eamdem
2223 4793 2427 4865 regiam
2458 4792 2671 4847 urbem.
2718 4788 2855 4847 Cum
2887 4787 3034 4844 enim
3064 4786 3297 4843 dixisset
3341 4804 3351 4842 :
3385 4785 3541 4841 Petet

1946 4885 2232 4958 primatem
2267 4882 2582 4949 dimceseos,
2611 4887 2942 4957 praeceptum
2986 4876 3171 4959 posuit
3198 4876 3384 4933 eadem
3420 4891 3539 4929 san-
3582 4948 3587 4954 ἡ

1945 4982 2033 5029 cta
2070 4973 2355 5048 synodus,
2417 4972 2767 5043 regulamque
2822 4968 3111 5026 constituit
3157 4985 3169 5022 :
3229 4982 3355 5022 cum
3406 4978 3537 5017 vero

1945 5068 2287 5145 disjunctiva
2306 5068 2698 5145 conjunctione
2718 5064 3039 5130 addidisset,
3061 5069 3154 5116 aut
3174 5060 3353 5115 sedem
3375 5056 3537 5128 regia

1944 5156 2099 5211 urbis
2129 5157 2773 5229 Constantinopolitanae,
2798 5154 2968 5225 liquet
2999 5151 3241 5222 profecto
3265 5145 3410 5221 quod
3433 5145 3537 5201 hoc

1946 5247 2246 5302 secundum
2280 5248 2697 5319 permissionem
2728 5242 2981 5299 indulsit.
3002 5243 3146 5312 Ergo
3167 5239 3357 5293 saltem
3386 5251 3537 5291 nunc
3640 5288 3645 5291 .

1945 5351 2056 5390 non
2089 5334 2290 5391 videtis
2317 5337 2385 5391 ad
2416 5335 2622 5407 majora
2654 5351 2769 5390 esse
2799 5328 3243 5406 properandum?
3269 5327 3340 5381 Et
3369 5340 3536 5398 quan-

1944 5433 2002 5481 to
2032 5423 2203 5495 magis
2232 5423 2300 5477 ad
2333 5424 2563 5494 potioris
2592 5422 2937 5478 auctoritatis
2978 5417 3250 5491 judicium
3290 5414 3537 5471 tenditur

1946 5513 2313 5588 querimonia,
2370 5519 2525 5567 tanto
2563 5512 2745 5567 adhuc
2799 5509 3036 5581 amplius
3092 5505 3268 5578 majus
3314 5505 3535 5561 culmen

1946 5602 2241 5675 petendum
2279 5608 2382 5669 est,
2439 5616 2721 5673 quousque
2766 5598 3034 5670 gradatim
3073 5595 3426 5669 perveniatur
3464 5593 3534 5649 ad
